1609 2540
299 2252 62 35 262

317 275 63 29 rein
405 275 242 30 nationalistisch
672 284 113 30 waren,
809 285 148 29 errangen
981 276 43 30 sie
1047 278 86 30 einen
1158 277 122 39 Erfolg;
1305 278 67 31 dem
1397 274 85 36 Sozia-

316 320 107 30 lismus
449 322 82 28 wäre
561 322 64 29 eine
652 321 114 39 völlige
793 322 184 38 Niederlage
1006 322 165 31 dienlicher
1199 332 151 31 gewesen,
1379 325 44 30 als
1451 325 47 30 ein

317 365 168 39 derartiger
504 366 80 39 Sieg.

398 428 57 30 Ein
490 428 128 31 anderer
642 429 74 39 Fall,
752 430 53 29 der
828 430 55 31 das
908 430 220 38 proletarische
1151 431 161 31 Gewissen
1335 431 83 31 stark
1450 431 32 30 be-

315 473 151 41 schäftigt,
486 475 39 29 ist
543 474 55 31 das
617 475 148 31 Bestehen
784 478 80 28 einer
881 475 240 31 Confederation
1139 477 150 31 Generale
1307 477 41 30 du
1367 477 131 39 Travail,

314 518 91 32 deren
426 519 126 40 Führer,
572 521 59 29 wie
649 520 155 40 Jouhaux,
823 521 67 31 ihre
908 522 247 38 Vergangenheit
1174 523 82 30 noch
1275 523 223 30 schmählicher

313 565 223 40 verleugneten,
564 567 45 30 als
636 567 48 30 die
711 567 296 40 Sozialistenföhrer,
1045 568 75 30 oder
1146 569 59 29 wie
1231 568 165 31 Merrheim
1434 568 64 30 und

316 612 192 39 Desmoulin,
529 612 48 31 die
596 614 65 30 sich
680 613 47 31 bei
748 614 201 38 Beendigung
969 614 53 30 des
1042 614 125 39 Krieges
1188 624 56 21 aus
1262 615 235 38 jämmerlichem

311 658 267 38 Opportunismus
602 668 39 20 an
666 659 145 37 Jouhaux
847 660 208 31 anschlossen.
1103 661 91 30 Diese
1219 661 140 39 Männer,
1397 661 83 38 aufge-

313 703 105 31 blasen
441 703 96 31 durch
569 705 48 30 die
647 705 192 30 zahlreichen
860 705 184 40 Mitglieder,
1094 706 49 32 die
1163 706 55 31 das
1248 706 154 32 schwerer
1421 716 57 21 wer-

316 750 97 31 dende
443 750 100 31 Leben
572 751 58 30 den
660 751 183 39 Syndikaten
873 752 150 39 zulührte,
1073 753 138 38 gehören
1240 753 89 30 heute
1369 762 39 21 zu
1439 753 58 30 den

311 796 223 30 schädlichsten
562 797 145 38 Gegnern
745 797 54 31 der
826 798 192 32 Revolution.
1068 798 48 30 Sie
1152 798 137 31 fürchten
1318 798 48 32 die
1404 809 74 28 unge-

311 842 109 30 heuere
446 842 273 39 Verantwortung,
756 843 115 30 welche
900 843 46 31 die
975 844 57 30 Tat
1059 844 91 30 ihnen
1179 844 171 31 aufbürden
1376 845 118 39 würde,

310 887 64 30 und
393 887 72 31 sind
486 897 60 21 nur
565 888 108 30 darauf
694 889 138 39 bedacht,
855 889 54 31 das
930 889 182 31 zerfallende
1133 890 193 39 bürgerliche
1346 890 148 31 Gebäude

310 933 54 30 mit
383 942 97 22 neuen
501 934 113 30 Balken
634 944 39 20 zu
693 936 129 30 stützen.
866 935 64 30 Das
951 936 39 29 ist
1009 936 104 37 gewiß
1137 936 65 30 eine
1223 936 255 31 konterrevolutio-

309 980 72 29 näre
406 979 180 39 Handlung,
622 980 166 30 außerdem
813 980 71 31 aber
911 981 76 30 auch
1013 981 121 40 töricht,
1171 981 80 31 denn
1276 992 31 20 es
1344 982 149 39 bedeutet,

307 1033 99 30 gegen
429 1025 48 30 die
499 1025 217 40 Wirklichkeit,
738 1035 99 29 gegen
861 1026 47 31 die
931 1026 179 39 Bewegung
1133 1027 53 30 des
1209 1027 117 31 Lebens
1349 1028 142 30 handeln.

308 1070 55 31 Als
388 1072 40 28 im
456 1071 64 30 Mai
547 1071 48 30 die
622 1072 247 30 revolutionären
896 1072 194 31 Erdarbeiter
1115 1073 58 30 den
1200 1073 224 31 Generalstreik
1450 1084 29 20 er-

307 1115 124 40 klärten,
454 1117 129 29 bestand
605 1117 48 30 ihr
675 1117 108 30 Fehler
805 1118 96 39 darin,
926 1118 45 30 als
993 1119 228 38 Losungswort
1244 1119 49 31 die
1315 1119 93 31 ihnen
1432 1129 60 21 von

308 1161 54 31 der
398 1162 35 30 C.
446 1162 39 31 G.
498 1162 34 32 T.
569 1163 269 38 vorgesprochene
875 1164 286 39 Nationalisierung
1198 1174 39 21 zu
1263 1165 131 33 wählen.
1444 1165 48 30 Sie

306 1207 146 37 glaubten
488 1208 64 30 sich
591 1208 137 31 dadurch
754 1218 39 21 zu
818 1209 130 40 stärken,
983 1209 195 31 schwächten
1204 1211 65 29 sich
1307 1211 80 30 aber.
1434 1211 57 30 Die

308 1253 103 31 Masse
437 1254 144 30 verstand
609 1254 48 30 ihr
684 1254 164 39 Vorgehen
877 1256 97 38 nicht;
1004 1256 49 30 die
1079 1255 149 41 Arbeiter,
1258 1256 48 31 die
1334 1258 32 29 in
1394 1258 96 29 einem

309 1299 126 31 solchen
461 1300 129 38 Kampfe
613 1301 86 30 ihren
724 1310 120 30 ganzen
869 1301 143 32 Glauben
1038 1302 188 39 benötigten,
1250 1303 134 30 koxjiten
1409 1303 83 30 nicht

306 1345 58 30 den
394 1346 215 39 egoistischen,
639 1346 267 39 disqualifizierten
936 1348 137 30 Führern
1112 1350 171 38 vertrauen,
1322 1348 49 31 die
1408 1349 83 30 nicht

305 1391 110 30 einmal
439 1391 58 31 den
520 1392 155 30 Eindruck
696 1402 39 20 zu
759 1393 153 30 erwecken
934 1393 190 40 versuchten,
1148 1394 46 31 als
1214 1395 147 38 glaubten
1385 1396 44 29 sie
1452 1404 37 21 an

305 1437 64 30 ihre
393 1437 103 30 Sache.

386 1491 157 32 Vielleicht
564 1492 80 30 wird
666 1492 98 30 dieses
787 1493 70 30 Bild
879 1494 148 30 manchen
1050 1494 80 30 allzu
1154 1494 103 31 düster
1279 1495 209 31 Vorkommen.

306 1536 89 31 Doch
418 1538 123 29 müssen
564 1538 59 29 wir
647 1537 58 30 den
729 1538 69 30 Mut
820 1538 110 40 haben,
954 1538 48 31 die
1025 1539 167 39 Wahrheit,
1215 1542 43 29 sei
1281 1541 44 30 sie
1346 1541 81 30 noch
1451 1551 37 21 so

305 1581 180 40 betrübend,
511 1592 39 21 zu
577 1583 102 30 sehen.
724 1583 89 30 Nach
840 1583 111 31 diesem
977 1585 213 38 gigantischen
1216 1586 103 41 Krieg,
1357 1587 54 31 der
1437 1597 34 21 an-

304 1628 164 30 scheinend
495 1628 54 31 mit
576 1630 96 29 einem
698 1629 193 38 glänzenden
918 1630 216 31 militärischen
1164 1631 80 39 Sieg,
1271 1633 31 29 in
1331 1632 140 31 Wirklich-

302 1674 58 31 keit
386 1673 73 31 aber
484 1674 54 30 mit
564 1675 94 30 einem
686 1675 195 31 furchtbaren
908 1676 268 31 wirtschaftlichen
1201 1677 285 32 Zusammenbruch

301 1719 129 38 geendet
447 1719 62 40 hat,
528 1719 168 40 berechtigt
713 1729 40 21 zu
772 1730 98 21 neuen
889 1721 200 39 Hoffnungen
1110 1722 48 30 die
1175 1723 158 39 Tatsache,
1354 1724 60 30 daß
1434 1724 52 31 der

301 1765 221 31 sozialistische
549 1766 283 30 Zusammenbruch
861 1767 84 30 nicht
971 1767 82 30 noch
1080 1768 116 31 stärker
1221 1778 77 29 war,
1338 1769 61 30 daß
1439 1769 47 31 die

300 1811 110 30 beiden
433 1810 112 32 Streiks
570 1811 55 31 der
647 1811 195 32 Erdarbeiter
865 1813 41 29 im
929 1813 89 30 März
1042 1814 65 30 und
1129 1815 40 29 im
1194 1814 75 39 Mai,
1302 1816 79 28 trotz
1405 1815 81 31 ihrer

299 1856 217 32 schließlichen
541 1857 193 40 Niederlage,
761 1858 140 30 dennoch
929 1868 37 21 so
991 1860 147 38 gewaltig
1162 1861 65 30 sein
1252 1861 143 30 konnten.
1444 1861 41 30 Es

299 1902 67 38 gibt
385 1903 104 38 wenig
509 1903 83 30 echte
612 1903 237 31 Revolutionäre
868 1905 32 30 in
922 1904 192 40 Frankreich,
1136 1906 65 30 ihre
1221 1906 263 38 Organisationen

299 1948 71 30 sind
395 1948 81 30 noch
502 1948 154 39 schwach,
685 1948 71 32 aber
783 1949 49 31 die
858 1950 213 31 unerbittliche
1096 1951 138 31 Reinheit
1259 1950 64 31 und
1350 1952 118 31 Ehrlich-

299 1994 68 39 keit,
389 1995 55 30 mit
465 1994 53 31 der
538 1995 44 30 sie
602 1994 58 31 den
682 1994 111 39 Kampf
813 2004 99 30 gegen
936 1995 47 31 die
1005 1996 204 38 Bourgeoisie
1230 1996 64 30 und
1314 2006 99 30 gegen
1436 1998 47 30 die

299 2039 237 31 Sozialverräter
553 2040 119 39 führen,
692 2041 40 29 ist
752 2041 64 30 eine
837 2041 115 38 Macht,
976 2041 47 31 die
1043 2042 110 31 bereits
1175 2041 186 39 Ergebnisse
1380 2044 102 30 erzielt

299 2085 52 30 hat
375 2086 63 29 und
463 2086 80 30 noch
568 2086 123 30 weitere
717 2086 127 31 erzielen
870 2087 89 32 wird.
1007 2088 59 31 Die
1089 2088 84 30 beste
1199 2087 133 32 Gewähr
1368 2089 114 32 hierfür

298 2130 48 39 ist,
369 2130 61 31 daß
451 2131 64 30 sich
537 2132 66 30 eine
623 2131 176 39 ungeheure
821 2133 223 31 sozialistische
1065 2133 153 31 Mehrheit
1239 2133 132 33 Moskau
1392 2144 72 29 ange-

298 2176 159 30 schlossen
484 2176 61 39 hat,
572 2177 64 29 und
663 2178 76 29 auch
767 2178 48 30 bei
845 2178 58 30 den
932 2178 221 40 Syndikalisten
1181 2178 112 32 konnte
1318 2190 71 21 man
1417 2190 62 21 nun
