1558 2540
1281 2258 67 35 275

970 1242 126 33 Julian
1115 1242 192 30 Gumperz

148 287 40 23 ter
206 292 52 19 von
277 285 74 26 sechs
371 283 285 31 Hohenzollernerben,
675 284 46 24 der

147 322 245 33 Oberhofprediger
435 329 24 20 v.
486 321 146 32 Dryander,
678 320 41 26 die

150 360 112 25 Prinzen
280 360 54 25 und
351 359 212 28 Prinzessinnen,
582 356 42 26 die
641 357 81 27 Ritter

148 405 60 17 vom
225 396 155 26 Schwarzen
397 396 172 30 Adlerorden,
585 394 44 26 die
643 395 59 26 Kam-

148 435 135 24 merherrn
300 435 52 24 und
368 434 214 30 Würdenträger,
598 432 42 25 die
655 431 53 26 Offi-

148 471 69 25 ziere
231 479 60 17 vom
307 470 270 33 Kürassierregiment
594 468 127 33 Königin,

148 509 47 25 der
220 508 267 33 Oberhofmarschall,
514 506 42 26 die
580 505 127 27 Fürstlich-

148 546 84 25 keiten
254 545 47 25 mit
323 546 53 24 und
399 546 68 24 ohne
489 543 217 32 Revolutionspen-

150 583 71 26 sion;
246 583 38 24 sie
307 583 48 24 alle
379 583 95 24 wollen
498 583 59 24 dem
581 581 140 24 deutschen

148 621 84 24 Volke
251 619 42 26 die
313 619 195 32 Generalprobe
530 619 43 25 für
592 618 49 25 den
662 617 45 25 Ein-

150 666 52 24 zug
225 657 135 25 Wilhelms
387 657 45 25 des
456 656 116 25 Zweiten
597 655 27 25 in
650 655 71 25 seine

148 694 127 28 Residenz
305 694 150 25 vorführen.
500 692 44 26 Sie
571 699 148 25 vergessen,

149 733 52 24 daß
220 732 66 25 auch
305 731 42 25 die
364 731 122 24 deutsche
506 729 216 28 Arbeiterklasse,

150 770 54 25 und
228 769 70 25 nicht
322 776 51 17 mir
400 768 42 25 ihr
467 767 187 32 Repräsentant
679 765 43 26 auf

150 807 57 24 dem
243 805 197 29 Kaiserthrone,
475 803 42 26 ein
551 802 170 33 gewichtiges

150 845 75 25 Wort
246 843 75 25 dabei
341 841 162 27 mitzureden
524 840 85 26 haben
628 839 77 26 wird.

185 906 46 24 DIE
258 904 133 26 MARLOHS
415 903 172 25 VERMEHREN
615 901 72 24 SICH!

181 948 83 24 Heute
284 946 136 26 bekunden
439 946 26 32 ja
484 944 81 27 leider
584 952 50 18 nur
652 944 67 25 noch

148 993 68 24 ganz
248 984 103 32 wenige
381 983 123 26 deutsche
537 982 184 25 Heidensöhne

148 1021 162 26 Geschmack
333 1028 41 17 am
397 1020 133 25 Ehrentod
552 1020 43 25 für
616 1019 104 30 GOTT,

149 1059 130 27 KAISER
307 1059 78 25 UND
413 1057 226 30 VATERLAND,
667 1056 52 25 und

149 1098 34 24 da
199 1096 62 25 muß
280 1096 75 29 doch,
373 1094 59 26 weil
451 1094 94 26 Kaiser
562 1094 53 24 und
632 1094 73 24 Vater-

149 1134 62 24 land
237 1133 96 32 gerade
360 1131 140 33 unpäßlich
528 1131 67 29 sind,
622 1129 81 33 wenig-

150 1172 70 24 stens
241 1171 47 24 der
305 1169 67 26 liebe
392 1169 63 25 Gott
474 1167 161 33 entschädigt
653 1174 50 18 wer-

150 1209 57 33 den,
225 1208 90 25 dachte
331 1206 115 31 Marloh,
465 1206 37 25 als
521 1212 27 18 er
565 1205 49 25 den
632 1204 87 25 Befehl

150 1254 48 16 zur
224 1244 180 31 Erschießung
437 1243 46 25 der
515 1243 33 24 29
582 1242 136 24 Matrosen

151 1282 51 33 gab
230 1282 53 24 und
302 1282 56 24 ihre
383 1280 87 26 Seelen
496 1280 58 24 dem
580 1278 140 25 deutschen

150 1320 125 31 Herrgott
301 1319 37 24 als
364 1316 254 33 Liebesgabenpaket
644 1323 60 25 spen-

149 1357 89 25 dierte.
287 1354 260 27 Sonderbarerweise
578 1353 51 25 ließ
664 1352 55 26 sich

150 1394 42 25 die
216 1393 123 25 deutsche
362 1392 207 26 Oeffentlichkeit
593 1392 70 25 nicht
689 1399 31 17 zu

148 1431 72 32 jener
239 1430 268 32 uneingeschränkten
528 1429 192 31 Anerkennung

150 1467 145 31 hinreißen,
314 1467 43 25 die
375 1466 107 25 Marloh
502 1466 41 25 für
562 1466 56 25 sein
637 1465 71 33 opfer-

149 1505 111 25 bereites
279 1504 106 25 Wirken
406 1503 166 26 einzuernten
590 1502 132 33 gedachte.

150 1543 66 25 Man
247 1541 110 26 stimmte
387 1541 72 24 wohl
496 1548 40 23 zu,
574 1540 62 25 aber
673 1546 50 18 nur

150 1579 129 30 heimlich,
317 1578 28 25 in
383 1578 202 33 geschlossenen
625 1576 84 26 Gesell-

151 1617 122 29 schaften,
298 1616 92 25 wurde
416 1615 116 29 Marloh,
568 1614 46 26 der
648 1614 75 30 Held,

150 1654 46 25 mit
223 1654 59 25 Sekt
309 1653 53 25 und
389 1652 194 26 Ehrenzeichen
609 1651 113 33 gefeiert.

151 1691 108 26 Marloh
287 1691 63 24 aber
375 1690 92 25 dachte
490 1689 65 24 über
580 1689 48 24 den
655 1689 56 24 deut-

151 1729 78 24 schen
247 1727 144 25 Menschen
408 1727 47 25 der
472 1726 158 32 Gegenwart
646 1725 76 30 nach;

150 1773 30 17 er
202 1765 91 25 dachte
314 1764 167 32 angestrengt
504 1763 53 25 und
580 1762 69 33 fand,
672 1762 50 25 daß

150 1811 28 17 es
202 1802 35 25 im
260 1802 141 24 deutschen
425 1800 94 27 Reiche
542 1799 72 26 nicht
637 1806 85 26 genug

152 1839 142 26 Menschen
314 1839 72 31 gebe,
406 1838 41 24 die
467 1837 53 25 ihm
541 1836 85 33 gleich
645 1835 77 26 seien.

152 1877 61 25 Und
232 1875 108 26 Marloh
361 1875 91 25 dachte
470 1873 92 26 weiter
580 1874 73 30 nach,
673 1872 50 25 wie

152 1915 57 24 dem
237 1912 160 26 abzuhelfen.
441 1912 41 25 Da
508 1912 60 25 kam
596 1912 52 25 ihm
677 1912 45 24 der

152 1952 106 24 Pfarrer
282 1950 83 32 Rump
390 1951 133 30 entgegen,
548 1950 49 24 den
622 1957 28 17 er
675 1956 46 17 aus

152 1989 47 25 der
227 1988 56 25 Zeit
312 1988 46 25 der
386 1987 269 32 Liebesgabenpakete
684 1985 37 25 als

152 2025 73 25 einen
258 2024 130 26 ehrlichen
421 2024 84 25 Mann
538 2024 99 25 kennen
670 2021 52 26 und

152 2063 121 24 schätzen
297 2063 100 31 gelernt
418 2061 77 30 hatte,
518 2061 55 25 und
595 2060 127 26 erinnerte

152 2100 45 24 ihn
217 2100 89 29 daran,
328 2100 50 24 daß
399 2099 46 25 der
463 2098 112 25 Mensch
594 2097 67 26 noch
681 2105 28 17 an-

152 2137 69 29 dere,
240 2136 117 32 weniger
376 2135 99 33 blutige
495 2135 127 25 Pflichten
641 2141 81 26 gegen

153 2174 63 25 Gott
241 2174 52 25 und
319 2173 71 26 seine
414 2173 191 25 Mitmenschen
629 2180 32 17 zu
686 2178 24 17 er-

153 2212 78 24 füllen
265 2211 55 24 hat;
355 2211 47 25 das
437 2209 139 26 Vaterland
611 2208 112 26 brauche

767 285 67 24 noch
848 284 74 25 mehr
936 283 114 25 Männer
1063 290 62 18 vom
1142 282 110 32 Schlage
1267 281 55 25 Mar-

770 322 67 29 lohs,
854 322 53 24 und
925 329 36 22 er,
978 322 46 24 der
1042 320 107 25 Pfarrer
1166 320 93 32 Rump,
1277 318 68 25 habe

769 358 56 26 eine
867 359 122 25 deutsche
1030 358 53 25 und
1125 355 217 34 gottesfürchtige

769 396 112 25 Tochter
898 415 30 9 ~
947 415 5 6 .
1003 396 60 25 Und
1098 395 108 24 Marloh
1242 393 101 25 wachte

771 433 42 25 auf
836 441 46 17 aus
905 432 87 26 seinen
1015 432 148 29 Gedanken,
1187 431 54 25 und
1263 431 81 31 folgte

771 471 45 24 der
839 470 104 26 Stimme
975 470 90 25 Gottes
1107 470 52 24 und
1200 470 44 29 tat,
1285 475 56 17 was

771 508 70 31 jeder
860 509 60 30 gute
938 508 129 24 Deutsche
1086 507 26 25 in
1131 506 83 25 einem
1233 504 108 27 solchen

771 546 54 24 Fall
849 546 48 24 tut:
924 552 28 17 er
976 544 63 32 ging
1081 544 26 25 in
1149 543 42 26 die
1234 543 108 28 Kirche,

772 582 134 32 schimpfte
925 582 43 25 auf
985 581 42 25 die
1045 581 90 31 Juden,
1154 581 42 24 die
1215 581 54 24 ihm
1288 579 53 25 und

771 619 82 32 jedem
872 618 130 26 ehrlichen
1021 619 147 24 Deutschen
1187 618 47 25 das
1255 617 86 25 Leben

773 657 101 25 schwer
892 656 114 31 machen,
1025 656 51 24 ließ
1098 655 55 25 sich
1172 663 51 17 von
1243 654 98 26 seinem

773 694 220 31 Schwiegervater
1011 694 91 24 trauen
1123 692 52 25 und
1196 692 79 25 setzte
1294 690 36 25 fol-

770 732 83 31 gende
872 730 116 32 Anzeige
1006 730 26 25 in
1049 730 41 25 die
1107 729 123 32 Zeitung:

828 793 100 31 „Heute
962 792 111 25 wurden
1109 791 52 25 wir
1197 791 28 24 in
1263 790 47 24 der

796 828 314 35 Heiligen-Geist-Kirche
1126 836 52 18 von
1195 833 121 19 unserem

796 868 79 26 Vater
897 868 108 31 getraut.

924 904 87 25 Otto
1030 903 155 29 Marloh,

795 943 106 31 Königl.
921 942 94 29 Preuß.
1033 941 187 25 Oberleutnant
1239 946 22 18 a.
1282 939 32 24 D.

852 977 260 34 Johanna-Elisabeth
1136 976 115 29 Marloh,

956 1016 58 33 geb.
1033 1016 115 30 Rump.

796 1062 86 26 Berlin
892 1062 65 24 NW.
967 1062 39 30 21,
1023 1068 40 17 am
1081 1061 37 27 14.
1135 1058 77 33 April
1228 1058 88 25 1921“.

802 1133 61 24 Nun
891 1132 68 25 wird
988 1130 107 25 Marloh
1123 1128 131 26 bestimmt
1282 1128 58 24 dem

769 1171 101 25 schwer
896 1168 134 34 geprüften
1056 1167 155 25 Vaterlande
1237 1165 104 25 diverse

769 1208 85 26 Retter
878 1213 134 25 erzeugen.

801 1308 307 30 PROLETARISCHES
1138 1306 175 26 THEATER

802 1351 51 27 Die
885 1348 190 33 Organisation
1106 1349 45 24 des
1183 1346 146 33 „Proletari-

770 1388 78 25 schen
878 1387 138 25 Theaters“
1050 1386 103 31 (dessen
1184 1385 157 32 Programm

771 1425 59 25 Heft
847 1426 16 23 4
881 1424 44 25 des
953 1424 151 31 „Gegners“
1137 1422 68 32 füllt)
1242 1421 99 32 nimmt,

770 1470 77 17 wenn
883 1462 65 24 auch
986 1461 97 31 infolge
1123 1459 218 33 Unterbrechung

772 1500 81 25 durch
868 1498 138 33 politische
1022 1498 136 29 Aktionen,
1172 1498 80 23 etwas
1267 1496 59 32 lang-

774 1544 63 23 sam,
852 1536 91 25 immer
958 1534 197 26 erfreulicheren
1171 1534 114 31 Umfang
1300 1540 41 18 an.

773 1574 53 26 Seit
840 1574 45 25 der
899 1574 85 24 Pause
997 1572 65 25 nach
1077 1572 48 24 den
1141 1571 200 31 Aufführungen

772 1620 52 16 von
843 1610 149 33 „Rußlands
1012 1610 80 31 Tag“,
1110 1608 69 31 „Der
1197 1607 143 32 Krüppel“,

774 1649 71 31 „Vor
863 1648 58 25 dem
938 1647 92 29 Tore“,
1049 1645 64 35 „Die
1131 1645 109 25 Feinde“
1260 1644 67 32 (Gor-

773 1687 46 32 ki),
836 1685 96 32 „Prinz
950 1685 107 31 Hagen“
1075 1681 130 34 (Sinclair)
1223 1681 60 25 sind
1299 1681 28 25 be-

772 1723 63 25 reits
873 1722 98 26 wieder
1008 1720 64 26 zwei
1111 1720 230 31 Uraufführungen

772 1760 221 33 herausgebracht
1019 1758 119 25 worden:
1166 1756 71 31 „Wie
1264 1756 78 31 lange

773 1797 103 25 noch?“
906 1798 53 24 und
988 1795 65 31 „Die
1074 1794 142 27 Kanaker“.
1261 1792 80 25 Beide

772 1834 168 33 Schauspiele
962 1833 107 25 wurden
1091 1840 50 17 von
1164 1831 83 24 Franz
1271 1829 70 32 Jung

772 1873 127 24 während
946 1871 84 25 seiner
1072 1867 197 33 Gefängnishaft
1315 1867 26 25 in

773 1909 138 32 Hamburg
941 1908 175 33 geschrieben.
1161 1906 72 31 „Wie
1263 1906 78 31 lange

772 1947 84 25 noch“
879 1947 91 25 wurde
991 1945 54 25 fünf
1066 1944 55 25 Mal
1143 1943 26 25 in
1192 1943 88 25 Berlin
1304 1943 37 32 (u.

772 1992 23 17 a.
823 1992 41 17 am
890 1983 219 31 Reichskongress
1136 1981 45 24 der
1209 1981 120 24 Metallar-

772 2021 102 33 beiter),
895 2021 23 32 je
937 2019 93 26 einmal
1065 2018 26 25 in
1129 2018 123 32 Spandau
1289 2018 53 24 und

773 2059 168 25 Eberswalde
961 2056 115 33 gespielt.
1114 2056 128 24 Derselbe
1262 2055 69 32 Spiel-

772 2097 61 31 plan
858 2096 32 26 ist
913 2096 42 24 für
978 2094 40 25 die
1043 2092 154 32 „Kanaker“
1223 2092 26 25 in
1276 2092 51 26 Aus-

772 2134 68 25 sicht
859 2139 150 27 genommen
1029 2132 54 24 und
1103 2139 73 17 zwar
1195 2131 61 26 sind
1277 2132 66 25 zwei

772 2170 200 32 Vorstellungen
991 2169 100 25 bestellt
1111 2176 60 17 vom
1192 2169 139 24 Internatio-

772 2209 75 24 nalen
875 2208 76 25 Bund
978 2207 46 25 der
1051 2205 293 33 Kriegsbeschädigten,
