1609 2540
306 2247 59 35 264

1033 2163 166 29 Marcel
1220 2163 223 32 Martinet

322 277 75 31 über
421 278 47 28 ein
491 277 76 37 Jahr
592 278 44 37 (in
661 278 54 30 der
738 277 73 40 „Vie
833 278 181 39 Ouvriere“)
1038 281 48 29 ein
1113 280 126 31 Streben
1262 281 77 30 nach
1364 282 136 31 Klarheit

318 322 63 30 und
403 324 86 29 einen
513 322 157 40 Schwung
693 323 53 31 der
770 324 221 39 Begeisterung
1012 325 166 40 verfolgen,
1203 326 49 31 die
1274 327 86 31 ihren
1383 327 98 31 Wider-

315 368 61 30 hall
401 369 31 30 in
459 368 59 30 den
543 369 249 38 großmütigsten
829 371 64 29 und
927 371 221 39 tatkräftigsten
1175 372 104 30 Teilen
1315 372 54 31 der
1395 373 103 31 Masse

313 413 112 32 finden.

397 462 49 30 Ich
471 462 82 31 hätte
575 463 64 30 hier
661 472 93 29 gerne
778 465 76 29 auch
879 474 62 21 von
965 465 67 30 dem
1056 466 144 39 heutigen
1224 467 96 31 Stand
1343 468 54 31 der
1419 468 64 31 fran-

313 508 163 30 zösischen
503 508 149 31 Literatur
678 510 204 40 gesprochen,
920 510 48 31 die
996 511 154 32 bestimmt
1178 513 48 30 die
1263 514 235 31 ausländischen

313 553 90 31 Leser
417 555 209 30 interessieren
643 555 113 38 dürfte;
774 556 79 30 doch
869 557 121 30 möchte
1005 557 48 30 ich
1070 558 83 31 nicht
1169 558 80 31 allzu
1266 559 232 39 weitschweifig

311 598 134 40 werden,
468 600 64 30 will
557 599 94 32 daher
672 600 76 31 bloß
773 603 31 28 in
826 602 122 38 großen
972 603 160 30 Umrissen
1156 604 98 38 einige
1277 605 204 31 charakteristi-

312 645 71 30 sche
405 645 167 31 Tatsachen
597 646 158 39 anführen,
779 647 49 30 die
849 649 54 29 mit
925 648 58 30 den
1005 649 77 30 eben
1103 649 183 31 berichteten
1308 652 41 29 im
1371 652 105 30 Zusam-

312 691 154 38 menhang
485 691 114 33 stehen.

393 739 158 32 Während
579 741 52 31 des
659 742 127 39 Krieges
815 743 108 31 wurde
950 745 126 33 äußerst
1102 745 58 31 viel
1188 746 136 39 gelesen;
1352 757 64 21 nun
1445 748 51 30 hat

312 785 64 30 dies
398 787 95 29 etwas
516 786 230 41 nachgelassen,
770 789 143 30 teilweise
935 790 96 40 wohl,
1056 792 69 29 weil
1149 792 55 29 das
1228 792 68 31 dem
1319 792 94 39 Krieg
1435 795 46 29 ent-

310 830 159 32 kommene
490 832 77 31 Volk
590 832 55 31 das
667 833 164 32 Bedürfnis
851 836 78 29 nach
951 837 184 30 materiellen
1157 837 163 32 Genüssen
1343 840 151 38 verspürt,

311 877 144 31 teilweise
480 879 88 38 auch,
594 880 70 29 weil
691 879 54 31 der
771 880 84 31 Preis
881 880 54 31 der
960 882 119 30 Bücher
1108 884 47 29 ein
1183 884 311 38 unerschwinglicher

310 922 48 31 ist.
405 923 120 30 Unsere
550 924 152 40 Verleger,
728 925 138 31 kleinlich
894 927 195 40 habsüchtig,
1125 930 60 29 wie
1221 929 58 31 alle
1314 939 109 21 unsere
1450 931 30 29 In-

311 967 185 41 dustriellen,
512 970 125 30 wehren
652 971 65 29 sich
733 971 83 31 nicht
833 981 100 29 gegen
950 972 102 32 diesen
1070 973 122 39 Angriff
1208 975 51 29 auf
1275 975 49 31 die
1339 976 155 30 nationale

310 1013 191 40 Intelligenz;
524 1025 30 21 es
574 1015 126 40 scheint,
722 1017 45 30 als
788 1019 42 28 sei
851 1018 49 31 ihr
920 1019 223 37 gemeinsamer
1162 1020 125 40 Traum,
1307 1021 109 31 immer
1435 1030 59 22 nur

309 1059 75 31 Paul
410 1061 147 38 Bourget,
583 1061 115 31 Marcel
724 1063 128 32 Prevost
877 1064 64 30 und
965 1064 141 31 ähnliche
1132 1066 60 30 alte
1215 1065 150 41 Autoren,
1402 1067 91 31 deren

307 1105 171 32 mondäner
503 1106 108 40 Erfolg
644 1108 93 30 ihnen
771 1109 100 37 große
895 1110 113 30 Profite
1042 1110 120 40 sichert,
1197 1112 294 40 herauszubringen.

308 1151 90 30 Doch
419 1152 69 38 gibt
510 1161 30 22 es
561 1153 114 37 gerade
695 1154 72 38 jetzt
788 1155 65 30 eine
873 1155 100 38 große
996 1155 121 31 Anzahl
1138 1158 111 37 junger
1271 1158 221 32 Schriftsteller.

308 1197 43 29 Im
372 1197 199 38 allgemeinen
591 1199 39 30 ist
650 1208 70 21 man
742 1200 53 30 des
817 1200 238 41 Kriegsbuches,
1077 1202 55 31 das
1153 1212 39 21 an
1214 1203 103 39 Dinge
1337 1204 154 40 gemahnt,

308 1242 48 31 die
376 1253 71 20 man
465 1253 163 29 vergessen
650 1245 129 39 möchte,
801 1246 211 40 überdrüssig,
1032 1256 71 22 man
1124 1248 81 31 zieht
1223 1249 64 30 ihm
1308 1249 166 31 Abenteuer-

306 1297 127 22 romane
456 1298 71 30 vor;
552 1289 99 31 dieser
674 1290 57 32 Art
753 1291 151 31 Literatur
925 1293 129 30 wenden
1079 1294 65 30 sich
1168 1294 78 30 auch
1271 1294 112 39 *äglich
1407 1297 86 29 mehr

308 1334 63 30 und
389 1334 87 31 mehr
493 1334 139 32 Autoren
651 1345 48 22 zu.
740 1337 65 30 Vor
823 1337 87 30 allem
930 1338 74 31 aber
1022 1338 117 33 fordert
1157 1340 55 31 der
1230 1340 89 31 Leser
1337 1341 137 31 Zerstreu-

308 1388 73 31 ung,
405 1389 32 22 er
457 1381 65 30 will
546 1382 82 31 einer
650 1381 80 31 allzu
754 1382 197 36 brennenden
974 1384 68 31 Zeit
1065 1385 170 32 entfliehen.
1280 1387 64 30 Der
1367 1387 107 31 Snobis-

306 1434 70 22 mus
392 1427 81 29 einer
489 1427 249 38 untergehenden
757 1428 66 30 Zeit
838 1428 53 32 hat
907 1430 78 30 auch
1002 1430 257 39 vorübergehend
1277 1432 67 29 dem
1363 1432 109 31 Dadais-

306 1480 69 21 mus
399 1471 64 30 und
485 1472 162 30 ähnlichen
671 1474 218 38 Bewegungen
914 1477 88 28 einen
1025 1477 153 36 gewissen
1204 1477 108 38 Erfolg
1334 1477 155 38 gebracht.

307 1517 90 30 Doch
420 1517 39 30 ist
480 1517 40 30 all
543 1517 64 31 dies
629 1519 99 29 nichts
750 1519 83 30 tiefer
854 1519 189 33 Greifendes.
1087 1521 58 31 Die
1166 1522 202 40 ungeheuere,
1392 1524 80 30 mäch-

308 1563 71 38 tige,
400 1562 86 30 harte
508 1563 124 38 Epoche
653 1564 83 30 einer
757 1564 304 41 Weltenschöpfung,
1083 1567 31 30 in
1138 1566 54 31 der
1212 1569 59 29 wir
1291 1568 97 40 leben,
1410 1570 81 30 wird

306 1608 202 38 naturgemäß
534 1609 77 30 auch
634 1608 66 32 ihre
722 1609 135 40 Dichter,
892 1610 220 41 Schriftsteller,
1148 1613 189 32 Dramatiker
1360 1614 128 32 formen.

308 1653 115 31 Etliche
447 1662 125 22 unserer
597 1654 212 32 Schriftsteller
835 1655 99 31 ahnen
960 1656 110 31 bereits
1106 1658 48 30 die
1178 1658 102 38 wilde,
1315 1660 176 31 furchtbare

306 1698 121 31 Gewalt
461 1700 83 38 jener
570 1700 75 39 Zeit,
682 1701 167 30 versuchen
875 1701 50 31 ihr
960 1702 98 31 voller
1094 1703 148 33 ehrlicher
1269 1705 220 40 Begeisterung

304 1743 164 31 Ausdruck
490 1754 40 21 zu
554 1745 161 31 verleihen.
763 1747 57 29 Die
844 1756 76 22 neue
946 1748 126 39 Epoche
1097 1748 55 32 der
1174 1750 138 31 sozialen
1338 1751 133 31 Weltord-

304 1799 87 29 nung
407 1790 81 30 wird
505 1791 167 30 zweifellos
691 1792 67 29 dem
776 1793 122 37 großen
916 1793 187 32 klassischen
1119 1795 144 32 Zeitalter
1280 1797 208 40 entsprechen,

304 1837 44 28 sie
369 1835 80 31 wird
473 1835 49 31 die
545 1836 100 31 Kunst
671 1837 64 30 und
758 1837 150 31 Literatur
932 1839 79 31 allen
1033 1841 187 38 zugänglich
1244 1843 137 38 machen,
1406 1843 82 39 jedes

303 1880 92 31 Werk
416 1882 80 30 wird
517 1891 62 21 von
603 1882 58 31 den
684 1882 269 33 Manifestationen
977 1884 53 31 des
1052 1886 117 32 Lebens
1193 1887 199 34 durchtränkt
1413 1891 74 29 sein.

305 1926 42 30 Im
365 1927 206 30 verflossenen
591 1928 211 37 Jahrhundert
819 1938 68 22 war
905 1940 30 20 es
955 1930 49 31 für
1022 1931 76 31 viele
1118 1933 49 30 ein
1185 1933 153 40 Unglück,
1359 1934 61 31 daß
1440 1935 48 31 die

304 1973 206 30 romantische
537 1973 183 31 Revolution
748 1977 59 28 erst
834 1976 116 38 vierzig
977 1976 93 37 Jahre
1106 1979 79 30 nach
1214 1979 54 31 der
1305 1980 182 37 politischen

304 2018 183 31 Revolution
508 2028 62 21 von
591 2020 119 29 89—93
734 2020 165 38 eingestezt
920 2022 61 29 hat.
1026 2023 108 32 Dieses
1156 2024 143 38 Unglück
1320 2026 81 30 wird
1421 2027 66 31 sich

305 2063 47 30 bei
380 2063 53 32 der
460 2064 136 31 sozialen
623 2065 182 31 Revolution
831 2075 63 22 von
920 2076 130 30 morgen
1077 2069 84 33 nicht
1186 2069 224 41 wiederholen;
1440 2072 47 31 die

303 2109 178 31 wahren
504 2110 145 31 Künstler
671 2110 72 31 sind
764 2112 55 30 reif
841 2112 50 31 für
912 2114 52 29 sie.
