2410 4196
853 408 89 41 UN
978 394 160 54 ABBÉ
1170 408 39 38 A
1244 395 264 52 L'OPÉRA

2036 419 26 41 9

296 562 269 54 importants
588 560 53 41 de
664 560 46 41 la
729 559 214 55 religion,
965 571 83 28 sur
1068 556 242 55 différents
1341 554 96 41 airs
1459 554 201 54 d'opéra,
1674 567 121 42 pour
1824 556 62 40 les
1905 555 155 43 dames

296 637 56 41 de
373 635 274 54 Saint-Cyr
664 653 10 26 ;
695 642 41 34 et
756 634 41 40 la
819 633 141 41 même
981 631 138 41 année
1137 630 66 42 vit
1223 630 184 54 paraître
1428 628 59 41 du
1512 628 150 41 fécond
1684 628 108 42 abbé
1823 628 115 42 deux
1960 630 104 42 forts

298 711 197 41 volumes
536 710 121 41 in-8°
689 717 132 45 ayant
864 719 114 42 pour
1019 705 98 40 titre
1152 719 8 27 :
1197 705 211 40 Histoire
1430 704 55 41 de
1507 703 193 42 Vancien
1725 710 40 33 et
1787 703 58 42 du
1863 717 199 28 nouveau

306 785 255 40 Testament
581 783 107 40 mise
708 794 52 28 en
782 780 247 54 cantiques,
1046 792 79 28 sur
1145 778 64 41 les
1223 779 97 39 airs
1340 778 54 40 de
1417 778 170 54 l'opéra
1608 785 40 35 et
1670 780 77 40 des
1765 780 297 48 vaudevilles',

298 859 98 56 puis
419 872 168 36 encore,
610 858 61 40 les
692 857 214 39 Psaumes
918 855 54 40 de
993 854 167 52 David,
1179 867 50 27 en
1249 867 102 28 vers
1360 853 240 55 français,
1613 867 81 28 sur
1717 857 64 39 les
1789 856 111 55 plus
1922 858 145 42 beaux

299 933 96 41 airs
425 932 54 41 de
517 930 139 52 Lulli,
681 928 210 41 Lambert
929 935 40 34 et
1009 928 214 54 Campra,
1247 935 101 46 etc.,
1372 938 98 44 etc.,
1492 936 100 44 etc.,
1618 929 182 42 environ
1824 944 61 27 un
1909 931 163 43 effectif

298 1006 51 41 de
371 1006 99 54 cinq
490 1013 98 33 cent
611 1002 122 43 mille
766 1016 93 28 vers
897 1003 67 54 (!),
1004 1002 39 41 le
1082 1009 99 35 tout
1214 1001 287 56 aujourd'hui
1526 1003 290 42 entièrement
1833 1005 165 53 oublié,
2023 1014 42 33 et

296 1093 101 30 avec
418 1079 112 56 juste
553 1077 165 55 raison,
744 1077 30 42 il
796 1077 93 42 faut
910 1077 38 41 le
967 1075 106 43 dire.

353 1154 72 41 Ses
449 1154 142 43 Noëls
610 1166 242 28 nouveaux
870 1159 41 35 et
931 1166 64 26 ses
1022 1152 242 55 Cantiques
1276 1165 121 42 pour
1420 1153 62 40 les
1501 1152 288 42 catéchismes
1811 1160 42 34 et
1875 1155 63 41 les
1960 1156 79 41 mis-

297 1229 120 41 sions
449 1228 232 41 devinrent
715 1227 273 56 rapidement
1022 1227 247 56 populaires
1307 1227 108 40 dans
1450 1227 59 41 les
1531 1240 262 43 campagnes
1814 1236 40 34 et
1874 1228 108 42 dans
2005 1229 60 41 les

297 1312 211 33 couvents
529 1302 53 42 de
606 1302 225 57 province,
855 1305 58 38 où
935 1315 58 28 on
1015 1301 60 42 les
1098 1302 156 42 chante
1276 1315 170 28 encore.

356 1378 127 41 Deux
503 1391 96 28 vers
621 1377 51 41 de
705 1376 197 43 Voltaire
935 1385 78 32 ont
1046 1376 201 41 consacré
1268 1375 37 43 le
1330 1375 208 42 souvenir
1557 1376 52 41 de
1632 1390 45 28 ce
1699 1378 171 51 succès;
1896 1378 172 54 parlant

296 1453 73 41 des
391 1460 185 35 travaux
598 1451 72 42 des
696 1450 272 53 laboureurs,
993 1449 32 42 il
1044 1449 63 42 dit
1131 1464 8 27 :

568 1561 55 39 Ils
645 1561 190 38 chantent
854 1561 220 51 cependant
1087 1571 9 38 ;
1123 1560 88 37 leur
1230 1560 96 39 voix
1341 1561 145 50 fausse
1508 1568 38 29 et
1564 1561 175 50 rustique

574 1624 188 36 Gaiment
779 1622 49 38 de
849 1622 212 52 Pellegrin
1084 1622 165 38 détonne
1267 1634 51 25 un
1338 1622 123 38 vieux
1482 1623 201 50 cantique.

354 1742 124 43 Voici
501 1741 115 43 deux
639 1740 194 57 strophes
854 1742 133 41 d'une
1006 1741 52 41 de
1078 1754 66 28 ces
1165 1740 164 56 poésies
1351 1740 267 56 religieuses,
1639 1740 106 42 dont
1766 1741 179 42 l'accent
1965 1756 75 41 par-

304 1815 326 42 ticulièrement
647 1815 120 42 doux
788 1814 64 43 lui
875 1828 23 27 a
915 1813 104 42 valu
1053 1814 52 41 de
1139 1813 124 42 venir
1296 1813 172 56 jusqu'à
1499 1827 112 27 nous
1629 1813 107 41 dans
1759 1813 59 42 les
1839 1814 142 41 divers
2005 1827 42 27 re-

307 1889 135 41 cueils
464 1889 51 41 de
536 1889 228 56 cantiques
786 1889 59 42 les
868 1887 99 58 plus
986 1888 240 55 justement
1248 1888 130 40 restés
1401 1886 276 57 populaires:

892 2019 70 32 AIR
985 2029 8 22 :
1020 2017 228 33 Charmante
1272 2016 199 34 Gabrielle.

862 2098 77 37 Bel
960 2105 111 33 astre
1089 2109 75 39 que
1174 2097 35 50 f
1214 2097 138 49 adore,

864 2160 126 38 Soleil
1009 2159 66 51 qui
1097 2160 76 37 luis
1191 2172 103 38 pour
1315 2160 95 49 moi,

865 2223 109 38 C'est
990 2222 53 37 toi
1058 2222 86 37 seul
1164 2234 76 37 que
1251 2222 226 51 j'implore,

862 2284 51 37 Je
934 2295 109 26 veux
1065 2283 171 37 n'aimer
1254 2295 74 38 que
1350 2283 55 37 toi
1419 2299 12 26 ;

869 2345 109 39 C'est
999 2356 69 26 ma
1082 2345 94 50 plus
1197 2345 117 37 chère
1336 2344 122 45 envie,

962 2407 117 37 Dans
1098 2418 44 26 ce
1165 2406 97 38 beau
1280 2407 101 49 jour

871 2467 60 39 Où
942 2468 49 50 je
1012 2481 49 25 ne
1082 2468 85 38 dois
1190 2468 39 38 la
1248 2469 62 38 vie

965 2531 101 46 Qu'à
1091 2537 63 31 ton
1177 2542 144 26 amour

863 2647 114 39 Sorti
995 2648 48 37 de
1067 2647 239 53 l'esclavage
2058 2667 9 27 ;

869 2709 60 39 Où
947 2709 81 50 j'ai
1050 2710 179 49 toujours
1251 2711 74 47 été,

865 2773 50 37 Je
934 2779 37 29 te
990 2784 108 26 veux
1116 2784 46 24 en
1185 2772 217 53 hommage

866 2834 132 52 Offrir
1019 2846 66 25 ma
1108 2834 153 39 liberté.

870 2953 108 38 C'est
998 2965 66 24 ma
1083 2952 90 51 plus
1195 2953 119 38 chère
1335 2951 110 39 envie

355 3076 63 41 De
440 3076 39 42 la
503 3076 142 56 poésie
668 3076 242 56 religieuse,
941 3077 217 55 Pellegrin
1181 3091 124 41 passa
1327 3090 57 28 au
1406 3076 440 55 Théâtre-Français,
1868 3082 77 49 où,
1969 3092 101 26 sous

299 3150 39 41 le
363 3164 103 28 nom
487 3151 52 41 de
565 3152 61 41 La
650 3151 138 54 Serre,
811 3151 31 42 il
863 3151 163 55 donna,
1049 3166 52 27 en
1145 3153 126 55 1705,
1294 3165 43 27 sa
1360 3151 211 55 première
1592 3151 134 56 pièce,
1750 3152 39 41 la
1808 3152 190 55 tragédie
2019 3152 51 41 de

297 3225 237 55 Polydore
537 3259 11 21 ,
585 3226 140 42 suivie
763 3227 169 41 bientôt
966 3226 52 42 de
1051 3226 41 42 la
1126 3228 128 40 Mort
1286 3226 219 54 d'Ulysse
1541 3227 173 54 (1706),
1749 3240 213 41 ouvrages
1985 3241 85 40 que

299 3313 113 29 nous
445 3315 54 27 ne
529 3301 318 42 mentionnons
881 3315 85 42 que
1001 3315 113 41 pour
1162 3300 224 43 mémoire.
1422 3301 240 55 Polydore
1701 3308 75 34 eut
1809 3300 59 42 du
1904 3304 163 50 succès,

299 3374 161 45 dit-on.

358 3449 151 56 Enfin,
548 3450 215 56 Pellegrin
799 3452 139 41 arrive
971 3454 22 38 à
1035 3449 177 57 l'Opéra
1243 3462 53 28 en
1339 3450 129 55 1713,
1505 3454 76 52 où,
1611 3464 101 28 sous
1743 3449 39 43 le
1805 3462 105 29 nom
1932 3448 51 42 de
2008 3448 61 40 La
