2410 4196
1909 403 58 55 45

976 405 194 45 VARIA

259 562 110 35 Pour
389 560 168 49 remplir
577 559 59 38 les
657 558 226 38 formalités
904 555 224 51 préalables
1147 557 22 34 à
1191 566 75 26 son
1289 553 137 37 entrée
1448 564 49 25 en
1518 550 244 50 possession,
1791 548 161 52 l'adjudi-

207 621 149 38 cataire
378 634 96 24 aura
495 634 58 24 un
575 621 107 37 délai
701 621 94 35 d'un
819 619 106 37 mois
948 620 181 46 pendant
1150 615 134 49 lequel
1306 614 28 37 il
1357 626 50 24 ne
1430 625 145 38 payera
1598 624 70 36 pas
1691 612 24 35 d
1731 611 187 37 intérêts.

260 684 54 36 Le
334 684 88 47 prix
441 682 199 51 principal
657 683 47 36 de
723 680 303 49 l'adjudication
1043 689 87 25 sera
1146 676 127 38 divisé
1292 688 49 24 en
1357 675 254 48 cinquièmes
1626 681 39 29 et
1681 672 115 50 payé,
1813 670 132 38 savoir
1964 684 7 23 :

208 745 39 36 le
269 745 178 49 premier
469 745 231 49 cinquième
723 743 99 35 dans
843 741 35 37 le
902 740 104 38 mois
1034 743 22 33 à
1076 738 127 50 partir
1226 738 53 36 du
1311 738 91 50 jour
1431 738 48 35 de
1511 736 11 36 1
1539 734 277 51 adjudication
1847 740 38 29 et
1919 732 55 35 les

208 814 143 41 quatre
372 814 136 29 autres
531 805 253 50 cinquièmes
803 802 170 37 d'année
996 813 49 25 en
1075 801 142 48 année,
1240 803 21 33 à
1280 798 126 50 partir
1426 799 47 36 de
1493 797 13 37 1
1523 796 228 50 expiration
1774 795 54 36 du
1847 802 129 28 terme

207 868 173 37 accordé
408 881 107 35 pour
543 868 37 36 le
607 873 220 42 payement
855 865 53 35 du
936 863 178 49 premier
1142 861 251 50 cinquième.

261 930 334 48 L'adjudicataire
618 939 147 38 payera
788 927 57 36 les
871 926 130 36 droits
1026 925 48 37 de
1100 924 149 37 timbre
1271 931 39 30 et
1331 922 383 50 d'enregistrement
1734 920 54 37 du
1812 919 141 50 procès-

207 992 137 36 verbal
368 990 315 49 d'adjudication
706 997 40 28 et
767 988 68 37 des
855 999 223 25 annonces.

263 1053 57 36 Le
341 1053 109 36 droit
471 1049 379 51 d'enregistrement
870 1049 104 37 n'est
995 1062 78 36 que
1097 1049 48 37 de
1172 1060 20 24 2
1219 1049 48 37 fr.
1295 1048 46 38 5o
1365 1061 37 37 p.
1433 1059 71 26 100
1526 1048 53 35 du
1602 1046 90 49 prix
1715 1045 48 37 de
1789 1041 168 52 l'adjudi-

209 1112 152 48 cation,
386 1111 175 38 décimes
585 1111 190 50 compris.

323 1250 140 48 Alard,
484 1249 35 38 le
540 1249 159 38 célèbre
718 1246 237 50 violoniste,
977 1248 113 38 vient
1111 1248 49 36 de
1180 1248 159 36 donner
1362 1258 42 24 sa
1428 1242 224 40 démission
1673 1244 48 36 de
1743 1242 234 50 professeur

209 1312 55 37 du
293 1312 340 49 Conservatoire,
666 1315 116 46 après
815 1310 251 39 trente-trois
1099 1322 73 24 ans
1203 1307 234 43 d'exercice,
1473 1307 181 49 pendant
1682 1304 177 49 lesquels
1894 1303 26 36 il
1955 1314 24 24 a

209 1373 132 38 formé
369 1387 56 24 un
454 1375 172 36 nombre
657 1372 283 39 considérable
969 1372 186 36 d'élèves.

261 1437 66 35 On
358 1448 50 24 ne
440 1437 76 36 sait
539 1448 148 25 encore
716 1436 70 48 qui
815 1435 37 36 le
881 1434 262 48 remplacera.
1174 1432 122 37 Trois
1324 1443 120 25 noms
1474 1438 141 29 seront
1645 1429 78 38 mis
1750 1440 50 25 en
1825 1434 119 31 avant
1968 1436 8 25 :

215 1510 103 25 ceux
346 1498 48 37 de
424 1499 104 36 MM.
562 1498 180 47 Mauzin,
773 1496 155 37 Chaîne
957 1503 39 29 et
1024 1496 199 36 Sarasate.

973 1592 15 13 %

333 1631 39 37 M
379 1639 40 18 me
443 1629 173 39 Viardot
643 1630 130 49 quitte
801 1629 105 38 aussi
936 1628 36 39 le
1005 1626 332 49 Conservatoire,
1362 1629 52 34 où
1443 1624 75 39 elle
1548 1623 96 39 était
1671 1623 234 49 professeur
1931 1622 50 38 de

220 1691 125 39 chant
371 1691 143 51 depuis
541 1700 142 41 quatre
712 1703 86 27 ans.

333 1830 115 37 Nous
470 1837 270 42 empruntons
762 1827 21 40 à
803 1836 119 31 notre
947 1827 182 40 confrère
1151 1828 192 52 François
1362 1824 174 50 Oswald,
1555 1824 55 37 du
1630 1822 167 39 Gaulois
1802 1853 9 19 ,
1828 1823 37 37 le
1883 1822 100 38 récit

216 1893 163 38 suivant
403 1904 7 26 :

266 1968 116 35 Nous
420 1966 235 38 traduisons
683 1966 49 37 de
764 1965 38 39 la
833 1965 229 50 Chronique
1092 1963 244 38 américaine
1363 1961 52 38 du
1453 1959 168 51 Wiekly
1647 1959 234 51 Messingcr
1896 1988 8 18 ,
1933 1958 49 37 de

219 2029 228 37 Zanesville
471 2029 158 48 (Ohio),
655 2029 37 36 le
713 2028 70 36 fait
805 2028 176 47 suivant,
1004 2026 148 49 auquel
1177 2037 79 25 une
1281 2025 68 36 des
1369 2035 163 25 œuvres
1554 2022 48 36 de
1626 2021 190 45 Gounod,
1842 2021 138 46 Faust,

215 2090 127 48 qu'on
373 2090 94 48 joue
495 2102 49 24 en
574 2101 43 25 ce
648 2097 199 40 moment,
876 2088 188 49 imprime
1093 2099 57 24 un
1179 2086 141 37 cachet
1348 2084 233 37 d'actualité
1611 2083 219 49 effrayante
1853 2089 39 29 et
1913 2079 72 50 qui

214 2151 158 37 fournit
393 2163 50 24 en
473 2152 132 36 même
632 2159 131 41 temps
790 2163 58 24 un
876 2149 254 38 échantillon
1158 2149 49 36 de
1235 2148 38 36 la
1301 2146 181 38 manière
1512 2145 101 37 dont
1640 2144 58 37 les
1731 2144 180 47 Italiens,
1934 2153 51 25 en

214 2213 239 48 Amérique,
484 2213 228 37 entendent
739 2212 38 36 la
808 2226 14 21 «
854 2211 139 49 poésie
1023 2225 15 21 »
1070 2211 55 36 du
1153 2209 109 37 duel.

265 2274 119 37 Voici
414 2282 63 29 cet
506 2271 197 53 à-propos
730 2273 188 49 tragique
948 2283 8 27 :

267 2365 18 15 «
316 2350 68 36 Un
415 2349 242 37 événement
683 2347 256 50 dramatique
962 2347 117 37 inouï
1099 2358 21 26 a
1144 2344 75 38 mis
1240 2352 105 30 cette
1368 2344 180 38 semaine
1567 2351 113 29 toute
1703 2342 37 38 Ja
1761 2341 124 51 petite
1908 2340 78 38 cité

216 2410 48 36 de
293 2410 227 37 Zanesville
549 2422 50 25 en
629 2410 121 38 émoi.

267 2486 16 21 «
316 2472 116 37 Nous
468 2473 227 49 possédons
729 2472 50 37 ici
815 2470 145 51 depuis
991 2471 176 49 quelque
1196 2478 133 40 temps
1357 2481 80 25 une
1466 2466 240 50 compagnie
1729 2465 160 50 lyrique
1912 2464 57 36 ita-

218 2533 137 37 lienne
379 2533 71 50 qui
472 2532 91 50 joue
587 2534 36 37 le
646 2533 224 50 répertoire
893 2546 152 24 connu.
1071 2532 136 37 Parmi
1228 2532 58 36 les
1306 2531 162 37 artistes
1488 2530 48 36 de
1562 2537 101 29 cette
1687 2536 161 39 troupe,
1873 2526 26 37 il
1922 2539 24 36 y
1969 2537 21 24 a

219 2596 38 37 la
279 2597 115 36 basse
417 2596 138 37 Giulio
584 2605 39 28 et
650 2596 37 36 le
709 2596 177 48 baryton
914 2594 176 47 Pacassi,
1108 2594 71 48 qui
1195 2594 186 36 s'étaient
1397 2591 83 49 pris
1496 2592 48 35 de
1567 2589 156 38 rivalité
1744 2598 245 28 amoureuse

219 2669 106 37 pour
353 2657 57 36 les
438 2657 132 36 beaux
597 2667 107 39 yeux
732 2656 49 36 de
809 2656 38 36 la
875 2655 164 49 signora
1066 2653 207 49 Arapella,
1302 2652 309 49 prima-donna.

273 2735 17 16 a
321 2718 32 36 II
375 2718 131 48 paraît
527 2730 79 36 que
629 2716 140 38 Giulio
791 2716 129 38 tenait
942 2716 36 37 la
1000 2715 123 38 corde
1146 2715 100 37 dans
1268 2714 56 37 les
1346 2714 158 37 bonnes
1532 2713 139 49 grâces
1698 2713 48 35 de
1770 2710 39 37 la
1832 2710 93 37 diva
1951 2717 41 29 et

220 2792 51 25 ne
294 2792 40 25 se
355 2780 138 49 gênait
509 2792 70 37 pas
601 2792 105 37 pour
728 2791 50 25 en
802 2777 189 50 taquiner
1009 2789 76 25 son
1104 2776 100 37 rival
1225 2776 156 48 chaque
1403 2775 78 37 fois
1503 2773 98 50 qu'il
1623 2786 50 24 en
1694 2771 179 39 trouvait
1895 2772 78 36 l'oc-

220 2841 154 39 casion.
393 2843 58 35 De
474 2841 36 37 là
531 2842 69 36 des
619 2848 108 30 mots
748 2840 92 49 vils,
862 2841 71 36 des
953 2838 204 50 querelles
1178 2846 53 41 et,
1249 2837 250 46 finalement,
1519 2847 80 26 une
1622 2834 120 38 haine
1762 2834 86 49 qui,
1865 2833 129 36 allant

219 2904 215 47 croissant,
454 2915 48 25 ne
522 2902 227 51 présageait
773 2902 88 38 rien
883 2903 48 36 de
951 2902 96 36 bon.
1069 2899 115 50 Déjà,
1203 2903 22 34 à
1247 2900 106 37 deux
1372 2911 54 25 ou
1449 2897 101 38 trois
1573 2897 188 49 reprises,
1779 2895 59 38 les
1859 2907 107 25 cama-

220 2967 114 37 rades
355 2966 162 37 avaient
538 2967 54 36 dû
616 2965 226 38 intervenir
864 2977 106 38 pour
993 2963 217 50 empêcher
1232 2963 69 36 des
1323 2967 238 31 rencontres
1584 2958 210 38 sérieuses.

274 3045 17 15 «
323 3027 216 48 Mercredi,
563 3027 244 50 cependant,
828 3026 59 38 les
908 3026 107 36 deux
1038 3024 141 38 rivaux
1202 3024 186 36 s'étaient
1409 3022 121 38 livrés
1553 3020 21 39 à
1601 3033 80 24 une
1713 3020 160 49 dispute
1902 3019 91 48 plus

220 3088 183 40 violente
433 3102 78 37 que
543 3089 250 47 d'habitude,
824 3096 39 29 et
891 3088 38 36 le
961 3088 176 49 baryton
1172 3085 161 38 Pacassi
1360 3084 106 37 avait
1496 3082 73 38 fini
1597 3095 71 37 par
1692 3092 235 39 provoquer
1957 3078 39 38 la

220 3151 117 37 basse
361 3150 140 38 Giulio
523 3154 23 33 à
568 3163 55 24 un
653 3151 95 36 duel
777 3153 20 33 à
826 3157 123 29 mort.
977 3148 69 47 Or,
1074 3147 153 47 Giulio,
1249 3146 139 37 artiste
1410 3144 190 52 jusqu'au
1621 3144 103 36 bout
1745 3142 69 37 des
1837 3140 156 50 ongles,

218 3211 129 37 tenait
377 3215 21 33 à
427 3212 159 37 donner
614 3223 51 25 au
696 3210 125 38 cartel
853 3223 57 24 un
938 3209 142 38 cachet
1108 3207 257 48 dramatique
1395 3205 163 38 inusité.
1587 3205 31 36 Il
1640 3212 165 42 accepta
1825 3203 38 37 le
1884 3202 109 47 duel,

219 3274 102 37 mais
344 3287 96 25 sous
464 3274 199 38 certaines
686 3273 250 45 conditions,
961 3269 237 50 auxquelles
1222 3268 156 38 Pacassi
1401 3266 262 40 souscrivit...

271 3351 14 20 «
319 3337 52 37 Et
397 3336 107 39 voici
534 3349 43 25 ce
605 3338 71 47 qui
706 3336 130 38 arriva
866 3349 8 23 :

271 3415 17 16 «
320 3399 55 37 Le
405 3398 248 49 lendemain,
685 3397 38 38 la
749 3406 146 41 troupe
924 3395 174 39 donnait
1125 3395 129 36 Faust
1259 3424 9 19 ,
1293 3393 48 37 de
1371 3391 193 47 Gounod,
1587 3390 154 38 traduit
1762 3401 52 27 en
1837 3388 155 38 italien.

222 3459 137 40 Giulio
382 3459 242 52 remplissait
643 3460 37 37 le
704 3458 84 39 rôle
811 3459 48 36 de
881 3455 366 53 Méphistophélès,
1265 3462 39 31 et
1328 3453 161 39 Pacassi
1512 3452 107 38 celui
1637 3452 51 38 de
1702 3450 208 40 Valentin.
1930 3450 64 37 On
