2410 4196
837 478 78 40 LA
945 475 381 50 CHRONIQUE
1359 473 314 43 MUSICALE

378 486 60 42 24

788 626 106 37 C'est
915 626 237 51 l'hommage
1172 626 50 37 du
1240 625 223 37 sentiment.

793 688 119 36 Votre
932 687 79 44 œil,
1034 699 92 25 saws
1147 687 130 45 doute,
1300 698 46 24 en
1369 697 89 24 mon
1482 694 189 40 ouvrage,

785 748 63 37 iV<?
865 759 118 26 verra
1006 747 82 37 rien
1110 759 72 38 que
1203 745 261 50 d'imparfait.

786 809 63 36 Au
868 808 134 49 séjour
1021 809 67 36 des
1110 809 99 48 neuf
1223 806 260 38 immortelles
2072 821 18 18 *

788 870 108 36 Pour
914 881 62 24 me
997 869 84 37 voir
1101 869 108 37 voler
1232 875 80 30 tout
1332 868 89 36 d'un
1444 867 109 48 trait,

832 929 38 38 //
890 942 62 24 me
959 931 99 48 faut
1072 929 140 51 prêter
1232 940 68 27 vos
1320 928 112 37 ailes.

426 1053 83 39 Les
533 1051 127 54 Clefs
688 1052 58 40 du
775 1048 161 44 Jardin
943 1083 9 20 ,
985 1065 57 26 ou
1076 1052 63 39 les
1169 1052 109 39 Pots
1307 1051 55 40 de
1380 1049 153 54 fleurs
1539 1083 10 20 ,
1572 1050 347 41 divertissement
1940 1063 53 26 en
2018 1062 95 27 vers

373 1132 40 32 et
450 1138 53 26 en
538 1124 280 53 vaudevilles,
859 1124 460 49 Comédie-Italienne,
1362 1137 111 41 pour
1505 1124 39 40 la
1579 1124 162 41 clôture
1771 1124 58 40 du
1856 1123 178 50 théâtre,
2062 1136 56 45 24

372 1209 112 27 mars
512 1198 106 53 1787
643 1194 77 56 (1).

429 1269 291 54 Compliment
740 1283 54 27 en
815 1283 93 27 vers
928 1284 52 27 en
1002 1270 277 47 vaudevilles,
1307 1270 464 54 Comédie-Italienne,
1808 1285 111 42 pour
1949 1272 40 40 la
2021 1284 72 26 ren-

371 1343 98 51 trée,
499 1343 49 40 16
572 1343 105 40 avril
705 1343 126 55 1787.

423 1416 64 39 La
508 1415 85 40 Fin
623 1416 57 40 du
710 1417 106 39 Bail
821 1449 9 19 ,
858 1431 57 27 ou
947 1420 39 38 le
1016 1418 146 54 Repas
1183 1418 75 40 des
1279 1419 224 40 Fermiers
1510 1452 9 20 ,
1547 1419 344 41 divertissement
1912 1433 53 26 en
1989 1432 122 41 prose

371 1495 40 33 et
432 1500 51 27 en
505 1487 276 54 vaudevilles,
814 1489 467 54 Comédie-Italienne,
1302 1505 109 40 pour
1439 1491 38 40 la
1509 1491 176 54 clôture,
1709 1493 24 40 8
1757 1505 115 28 mars
1901 1493 127 54 1788.

423 1562 115 39 Sans
571 1561 166 41 adieux
748 1594 10 20 ,
793 1562 284 55 compliment
1106 1564 51 40 de
1199 1564 179 54 clôture,
1416 1565 461 54 Comédie-Italienne,
1917 1580 56 41 24
2001 1580 115 28 mars

376 1635 125 54 1789.

491 1707 65 38 La
674 1706 233 42 Couronne
1196 1707 53 41 de
1347 1707 155 54 fleurs,
1049 1710 283 53 compliment
1368 1725 52 27 en
1462 1726 60 27 un
1559 1720 89 34 acte
1679 1724 39 30 et
1752 1726 52 28 en
1827 1714 283 52 vaudevilles,

371 1778 453 54 Comédie-Italienne,
848 1794 108 40 pour
975 1781 39 41 la
1045 1785 179 48 rentrée,
1247 1797 53 27 20
1323 1785 106 39 avril
1460 1786 126 55 1789.

504 1851 290 53 Compliment
1073 1852 160 53 d'ouverture,
1234 1857 121 51 prononcé
1356 1871 38 25 au
1395 1857 498 55 Théâtre-Montansier,
1926 1876 126 41 1790.

428 1924 289 54 Compliment
745 1924 282 44 d'ouverture
1032 1959 9 20 ,
1065 1931 219 51 prononcé
1304 1943 55 27 au
1384 1931 187 43 Théâtre
1587 1932 74 41 des
1685 1933 260 51 Beaujolais,
1978 1950 129 42 1790.

420 1995 194 54 Apollon
635 1997 223 40 directeur
863 2030 11 20 ,
917 1998 113 55 pièce
1053 2012 52 28 en
1128 2015 60 26 un
1216 2009 106 45 acte,
1352 2003 187 41 Théâtre
1580 2006 72 39 des
1691 2006 248 53 Beaujolais
1982 2008 130 55 (pour

364 2067 342 54 l'inauguration
725 2069 49 40 de
795 2069 95 41 leur
912 2072 199 40 nouvelle
1134 2073 103 41 salle
1255 2074 60 41 du
1341 2076 235 40 boulevard
1597 2077 60 42 du
1677 2078 215 55 Temple),
1925 2096 127 39 1790.

484 2140 260 50 Jean-Bête,
1055 2157 18 21 «
745 2142 189 40 comédie
955 2156 53 27 en
1030 2157 120 42 prose
1167 2153 42 33 et
1228 2159 52 27 en
1303 2147 100 40 trois
1426 2156 127 44 actes,
1581 2163 102 27 avec
1718 2159 234 33 ouverture
1987 2167 84 28 nou-

364 2213 117 50 velle,
506 2213 131 40 ronde
659 2223 41 32 et
730 2214 257 53 vaudeville,
1012 2232 18 23 »
1054 2219 185 52 (paroles
1261 2228 41 32 et
1324 2220 237 55 musique),
1585 2223 188 42 Théâtre
1812 2224 75 41 des
1909 2227 195 42 Grands-

366 2284 217 42 Danseurs
603 2285 58 41 du
688 2285 84 42 Roi
795 2286 221 56 (Nicolet),
1049 2289 138 52 juillet
1214 2305 124 41 1790.
1440 2293 123 42 Cette
1591 2294 135 55 pièce,
1769 2310 126 44 reçue
1929 2299 176 43 d'abord

362 2370 84 27 aux
466 2357 188 41 Variétés
674 2368 245 33 amusantes
941 2361 57 40 du
1023 2361 320 56 Palais-Royal,
1378 2365 97 55 puis
1507 2380 55 27 au
1596 2368 507 55 Théâtre-Montansier,

360 2437 41 33 et
423 2430 176 53 n'ayant
620 2444 73 40 pu,
720 2445 75 41 par
815 2432 111 41 suite
945 2432 50 41 de
1014 2434 229 43 difficultés
1263 2437 200 51 diverses,
1489 2439 88 42 être
1596 2440 123 55 jouée
1742 2457 74 27 sur
1851 2459 148 28 aucun
2033 2448 75 42 des

359 2502 127 52 deux,
509 2502 65 41 fut
594 2505 141 52 portée
754 2519 76 39 par
849 2505 185 42 l'auteur
1051 2521 55 27 au
1131 2509 162 41 théâtre
1314 2510 51 40 de
1387 2511 186 43 Nicolet.

472 2576 65 39 La
661 2576 270 42 Fédération
1260 2578 59 40 du
1177 2581 302 52 Parnasse,
1480 2582 126 46 divertissement
1607 2601 65 27 en
1673 2603 48 26 un
1763 2599 105 44 acte,
1911 2592 111 42 mêlé
2057 2595 51 41 de

362 2648 261 42 vaudevilles
644 2658 40 33 et
702 2650 128 41 d'airs
853 2665 228 30 nouveaux
1112 2655 178 56 (paroles
1317 2669 39 31 et
1390 2660 237 56 musique),
1652 2662 188 43 Théâtre
1862 2666 72 41 des
1958 2667 118 45 Beau-

362 2719 134 55 jolais,
519 2721 139 53 juillet
692 2737 126 41 1790.

423 2793 57 39 Le
513 2794 166 41 Retour
707 2797 59 39 du
800 2798 402 55 Champ-de-Mars
1208 2835 10 20 ,
1251 2803 348 46 divertissement
1619 2822 52 27 en
1695 2824 60 26 un
1778 2824 104 40 acte,
1915 2816 107 41 mêlé
2053 2818 52 40 de

363 2864 262 41 vaudevilles
645 2876 41 31 et
705 2868 125 41 d'airs
852 2883 230 31 nouveaux
1106 2873 178 55 (paroles
1305 2887 40 29 et
1368 2877 237 56 musique),
1643 2881 191 43 Théâtre
1864 2884 74 41 des
1971 2887 109 43 Beau-

363 2934 133 53 jolais,
518 2937 136 52 juillet
680 2953 125 41 1790.
903 2943 119 42 Cette
1044 2945 115 54 pièce
1182 2947 172 42 formait
1392 2949 40 41 la
1469 2952 113 40 suite
1613 2953 50 41 de
1695 2954 40 41 la
1763 2958 266 56 précédente,
2064 2973 39 31 et

364 3008 99 42 était
493 3008 119 52 jouée
633 3013 104 39 dans
758 3014 39 40 la
818 3017 139 40 même
980 3018 147 41 soirée.

480 3081 82 40 Les
682 3083 151 40 Folies
962 3085 107 56 dansantes,
1070 3092 110 53 opéra
1181 3093 133 54 comique
1335 3108 53 28 en
1408 3097 112 41 deux
1550 3107 112 34 actes
1688 3103 186 53 (paroles
1896 3114 41 32 et
1961 3108 112 42 musi-

363 3149 119 49 que),
505 3147 186 44 Théâtre
712 3151 57 41 du
795 3152 542 63 Délassement-Comique,
1369 3177 128 42 1790.

402 3304 49 42 (1)
533 3310 29 28 A
579 3313 89 28 cette
689 3309 151 46 époque,
865 3314 50 33 les
950 3315 157 36 théâtres
1140 3318 134 34 étaient
1295 3328 106 28 tenus
1422 3324 43 33 de
1496 3324 134 36 fermer
1656 3328 99 34 leurs
1788 3340 124 34 portes
1943 3338 161 36 pendant

359 3364 100 26 toute
486 3360 32 32 la
542 3361 194 43 quinzaine
755 3365 44 32 de
820 3366 151 45 Pâques.
997 3371 58 33 On
1075 3373 177 34 adressait
1279 3376 96 33 alors
1395 3389 46 22 au
1463 3380 127 42 public
1610 3392 50 22 un
1686 3387 245 41 compliment
1954 3402 94 28 pour
2069 3394 33 33 la

359 3413 147 45 clôture,
529 3422 35 26 et
584 3427 49 22 un
661 3427 19 23 a
707 3420 31 31 la
766 3430 243 29 reouverture.
1040 3427 56 34 On
1117 3436 77 27 voit
1215 3441 71 33 que
1308 3432 32 33 le
1361 3434 320 48 Cousin-Jacques
1703 3450 44 23 en
1768 3453 19 22 a
1806 3444 89 33 écrit
1915 3446 187 43 plusieurs

361 3479 92 31 pour
473 3472 31 30 la
522 3472 372 38 Comedie-Itahenne.
