2410 4196
904 496 75 40 LA
1013 495 380 50 CHRONIQUE
1426 493 315 41 MUSICALE

447 497 56 39 16

444 642 249 52 parcouriez
715 648 22 36 à
760 644 112 40 deux
892 644 58 40 les
972 643 177 41 sentiers
1167 643 138 55 pleins
1326 642 50 41 de
1392 655 153 41 gazon,
1568 654 45 28 ce
1635 640 132 41 chant
1782 639 320 54 mélancolique
2124 639 61 40 du

442 726 73 29 cor
536 715 50 40 de
607 716 159 53 chasse,
786 717 133 54 qu'on
941 717 155 40 bannit
1115 717 50 40 de
1188 729 77 28 nos
1286 716 118 53 cités,
1427 720 57 36 où
1508 715 31 40 il
1561 728 53 27 ne
1645 721 84 34 sert
1750 726 87 42 que
1867 713 318 41 d'amusement

444 787 106 42 dans
569 788 60 42 les
651 790 118 41 nuits
801 790 51 40 de
873 790 237 41 débauche.
1138 790 112 40 Rien
1290 803 53 27 ne
1377 789 77 41 fait
1476 788 222 42 tressaillir
1719 787 39 41 le
1779 800 138 40 cœur,
1942 797 38 31 et
2002 800 54 27 ne
2074 800 84 27 rem-

444 862 76 54 plit
540 861 40 42 la
605 865 82 38 tête
710 863 51 40 de
788 877 167 40 songes,
993 872 40 34 et
1067 877 52 27 ne
1152 865 176 53 prépare
1361 877 85 26 aux
1475 861 216 42 émotions
1722 861 161 41 douces
1918 872 58 29 ou
1999 860 157 41 doulou-

450 947 140 28 reuses
609 948 167 29 comme
797 950 64 27 ces
884 950 98 27 sons
1002 936 178 55 glissant
1202 950 72 28 sur
1293 936 38 42 le
1352 943 103 34 vent
1475 936 108 40 dans
1604 936 37 40 le
1663 936 171 42 silence.
1865 934 99 50 Que
1986 933 196 41 serait-ce

442 1007 110 40 donc
573 1009 52 52 si,
648 1022 55 27 au
724 1009 87 40 lieu
847 1009 105 42 d'un
990 1009 62 42 air
1081 1010 145 52 banal,
1256 1023 67 27 ces
1345 1010 160 40 mêmes
1528 1022 115 39 sons,
1667 1007 241 56 répercutés
1930 1021 76 40 par
2026 1005 152 49 l'écho,

439 1093 108 27 vous
584 1082 289 53 apportaient,
909 1082 363 41 admirablement
1304 1081 234 55 détaillées,
1573 1082 61 40 les
1654 1080 284 55 inspirations
1956 1080 59 40 du
2037 1080 142 54 génie,

438 1152 60 40 les
534 1152 177 41 rêveries
743 1154 71 40 des
846 1154 158 53 grands
1040 1157 176 38 maîtres
1232 1157 15 38 ?
1282 1154 157 50 Quelle
1470 1154 200 41 audition
1702 1154 123 41 serait
1856 1152 274 55 comparable
2156 1155 24 36 à

436 1225 156 41 celle-là
607 1229 16 37 ?
643 1227 55 40 Et
716 1240 83 40 que
815 1238 97 30 sont
930 1241 74 27 vos
1021 1235 193 33 concerts
1229 1227 51 40 de
1294 1227 214 54 chambre,
1526 1242 75 27 vos
1618 1227 351 55 interprétations
1986 1227 190 55 d'opéra,

435 1298 106 42 dans
575 1312 84 28 une
689 1300 102 40 salle
825 1300 191 41 chauffée
1046 1304 23 37 à
1102 1301 138 51 blanc,
1273 1302 138 39 semée
1432 1301 50 41 de
1505 1301 277 43 distractions
1806 1311 41 34 et
1870 1302 52 41 de
1942 1301 227 49 causeries,

434 1372 154 54 auprès
619 1371 52 41 de
704 1379 108 34 cette
844 1372 226 41 harmonie
1104 1373 211 42 lointaine
1346 1373 77 54 qui
1460 1382 183 33 traverse
1675 1374 40 41 la
1739 1383 157 34 nature
1919 1388 111 42 pour
2051 1374 127 40 venir

433 1444 167 55 expirer
621 1444 105 41 dans
747 1452 120 34 votre
886 1446 143 41 oreille
1049 1446 117 41 ravie
1181 1449 16 37 ?

491 1517 59 40 Le
572 1517 146 54 prince
749 1517 245 50 Potemkin,
1018 1533 46 26 ce
1085 1521 139 39 même
1246 1519 152 54 favori,
1430 1520 77 54 qui
1538 1521 132 40 créait
1694 1520 74 42 des
1790 1521 178 54 villages
1992 1534 101 28 sous
2114 1521 61 40 les

436 1602 75 41 pas
531 1589 71 40 des
623 1590 304 55 impératrices,
950 1592 167 40 adorait
1136 1600 106 33 cette
1262 1600 110 33 sorte
1389 1592 52 40 de
1463 1594 226 54 musique.
1732 1593 116 42 C'est
1867 1594 219 55 pourquoi
2107 1606 66 29 ces

436 1674 90 28 cors
547 1672 74 31 ont
642 1663 86 54 pris
752 1675 77 29 son
851 1676 118 29 nom.
997 1663 36 42 Il
1056 1679 42 26 se
1117 1665 141 41 faisait
1288 1674 200 45 escorter,
1512 1667 108 40 dans
1635 1675 141 34 toutes
1796 1682 63 27 ses
1881 1668 285 54 expéditions,

437 1748 76 39 par
536 1747 84 28 une
642 1735 137 41 bande
800 1737 51 39 de
872 1749 65 28 ces
957 1737 252 50 musiciens,
1245 1739 126 51 garde
1406 1738 244 42 d'honneur
1671 1740 105 40 d'un
1800 1754 200 28 nouveau
2024 1754 145 40 genre.

491 1806 222 50 Hinrichs,
736 1808 77 54 qui
843 1823 23 26 a
900 1809 226 55 beaucoup
1148 1809 103 40 écrit
1274 1824 71 26 sur
1361 1810 94 41 l'art
1476 1811 196 49 musical,
1695 1826 131 41 pense
1848 1827 85 40 que
1951 1814 60 41 les
2043 1813 104 42 Occi-

433 1879 187 41 dentaux
654 1880 246 55 pourraient
937 1881 242 41 introduire
1222 1890 104 33 cette
1366 1884 203 53 musique
1602 1898 122 27 russe
1740 1885 108 41 dans
1866 1886 114 41 leurs
2001 1886 166 54 églises.

435 1968 18 22 «
471 1952 47 40 Je
538 1965 52 29 ne
611 1954 97 54 puis
729 1954 92 40 rien
844 1968 66 27 me
926 1954 172 54 figurer,
1124 1955 132 52 dit-il,
1279 1956 51 41 de
1345 1957 98 54 plus
1460 1957 268 54 majestueux
1745 1969 38 31 et
1798 1960 52 40 de
1863 1960 97 54 plus
1980 1960 188 41 sublime

433 2037 84 42 que
546 2025 38 41 le
605 2027 157 40 Stabat
782 2027 50 40 de
854 2027 113 40 Bach
1007 2029 76 52 (ou
1112 2042 108 27 ceux
1254 2030 51 39 de
1343 2030 221 54 Pergolèse
1595 2040 40 32 et
1667 2032 51 40 de
1754 2032 209 54 Rossini),
1994 2034 176 42 exécuté

432 2098 109 41 dans
576 2112 85 27 une
693 2100 159 53 grande
887 2100 128 54 église
1051 2113 76 43 par
1163 2115 61 27 un
1261 2102 160 41 double
1440 2103 152 41 chœur
1611 2105 99 39 bien
1733 2109 214 51 composé,
1972 2105 107 42 dont
2105 2106 61 41 les

432 2171 139 41 basses
592 2172 184 41 seraient
796 2172 236 42 renforcées
1054 2181 39 33 et
1112 2175 191 40 animées
1326 2189 75 40 par
1421 2183 107 33 cette
1550 2177 202 54 musique
1773 2177 50 41 de
1844 2192 107 26 cors.
1978 2195 18 21 »

486 2243 125 42 Nous
641 2245 189 41 doutons
863 2259 84 41 que
976 2246 38 40 le
1046 2246 173 42 souhait
1251 2247 259 41 d'Hinrichs
1532 2249 83 41 soit
1634 2251 156 40 exaucé
1806 2264 9 40 ;
1840 2252 115 40 aussi
1991 2251 175 42 n'est-ce

435 2316 99 53 qu'à
555 2317 98 41 titre
672 2318 50 41 de
743 2317 201 44 curiosité
964 2332 84 41 que
1070 2330 111 31 nous
1204 2329 256 46 rapportons
1482 2335 78 28 son
1582 2323 198 53 opinion.

1623 2450 61 42 H.
1719 2451 264 44 MARET.
