2410 4196
592 448 106 42 LES
729 443 572 47 COMMENCEMENTS
1335 443 80 40 DE
1446 442 296 41 SPONTINI

1989 446 56 58 39

283 598 55 37 du
376 598 151 37 second
557 604 87 31 acte
668 607 7 27 :
701 608 54 26 on
783 595 180 38 écoutait
995 605 70 38 par
1093 593 120 49 égard
1253 603 104 39 pour
1394 590 57 37 les
1486 590 231 46 chanteurs,
1753 603 72 35 par
1847 591 191 49 politesse

282 672 105 38 pour
406 659 36 37 le
466 659 201 37 musicien
689 659 202 47 étranger,
914 657 164 47 lorsque
1100 654 36 36 la
1157 654 186 49 patience
1363 652 126 37 lassée
1512 664 26 24 n
1554 663 22 25 a
1595 664 54 36 pu
1672 651 160 37 résister
1853 650 21 38 à
1900 652 127 49 l'appa-

279 722 125 37 rition
425 721 97 37 d'un
551 722 154 36 bedeau
726 720 48 37 de
796 718 177 49 paroisse
994 728 7 26 :
1024 715 237 38 délicatesse
1293 713 306 48 inconcevable,
1638 712 219 50 puisqu'on
1894 713 153 38 souffre

282 783 95 37 bien
399 795 69 25 sur
486 784 36 36 la
546 786 117 33 scène
686 782 69 36 des
778 780 187 48 évêques,
992 778 68 37 des
1084 778 133 46 curés,
1240 777 70 37 des
1332 776 158 38 moines
1509 783 40 29 et
1570 775 69 37 des
1662 773 260 50 religieuses;
1945 774 101 37 mais

282 857 43 25 ce
346 844 71 50 qui
438 856 22 25 a
483 851 163 31 surtout
665 843 69 37 fait
766 841 148 37 éclater
937 840 161 49 l'orage,
1122 840 96 37 c'est
1239 839 35 36 le
1299 850 147 38 propos
1468 849 110 26 assez
1600 837 84 49 plat
1706 836 96 37 d'un
1836 836 107 38 valet
1971 835 76 50 qui

282 906 73 46 dit,
390 917 49 26 en
471 906 159 49 parlant
666 904 98 37 d'un
796 901 218 50 bourgeois
1042 902 127 49 qu'on
1198 908 97 31 veut
1331 899 100 39 faire
1466 911 139 39 passer
1639 911 106 38 pour
1775 910 57 25 un
1855 897 188 50 seigneur

285 967 166 50 déguisé
468 978 8 27 :

654 1059 58 38 Ce
734 1058 204 38 monsieur
959 1056 98 38 n'est
1072 1056 40 38 ni
1131 1055 192 53 seigneur
1342 1055 40 37 ni
1395 1054 143 52 prince
1550 1071 14 32 ;

654 1126 110 39 C'est
786 1132 82 31 tout
884 1137 51 25 au
950 1124 93 52 plus
1063 1123 11 53 s
1085 1123 10 53 1
1106 1123 21 53 il
1147 1131 60 31 est
1224 1123 189 39 chrétien.

331 1267 115 37 Cette
477 1264 144 39 sottise
649 1263 178 39 méritait
849 1263 91 51 plus
962 1263 49 38 de
1034 1262 151 51 mépris
1208 1270 39 31 et
1268 1263 49 36 de
1338 1261 99 51 pitié
1456 1274 79 38 que
1558 1262 48 37 de
1642 1261 133 38 colère
1793 1271 10 39 ;
1827 1267 38 31 et
1884 1259 166 40 l'affaire

286 1341 41 26 se
350 1329 122 38 serait
500 1327 203 50 peut-être
727 1326 325 45 raccommodée,
1075 1337 93 25 sans
1199 1336 81 26 une
1301 1331 114 30 autre
1437 1323 234 37 balourdise
1693 1324 54 36 du
1767 1323 107 37 valet
1896 1322 129 38 malen-

282 1399 212 38 contreux,
522 1389 71 50 qui
615 1388 129 51 prend
781 1388 37 37 le
848 1394 161 31 contrat
1044 1387 49 37 de
1127 1394 120 31 vente
1282 1386 119 37 d'une
1437 1385 160 37 maison
1629 1397 106 37 pour
1764 1397 58 24 un
1852 1383 112 38 écrin
1999 1385 49 36 de

285 1453 227 50 pierreries.

338 1515 75 36 Les
430 1513 143 37 sifflets
590 1520 90 40 trop
700 1510 234 50 longtemps
951 1517 200 31 contenus
1170 1520 41 26 se
1234 1515 94 31 sont
1349 1508 107 38 alors
1471 1506 213 48 débordés,
1700 1515 40 29 et
1757 1506 89 38 leur
1864 1506 186 38 violence

282 1577 64 36 n'a
367 1588 55 37 pu
444 1575 132 36 même
599 1574 83 37 être
718 1573 201 48 réprimée
956 1584 72 37 par
1060 1571 38 36 la
1138 1571 196 49 présence
1371 1576 171 43 auguste
1581 1569 70 37 des
1679 1569 106 37 deux
1818 1567 162 50 princes
2001 1567 50 37 de

282 1635 405 51 l'Opéra-Comique,
712 1634 189 38 Elleviou
922 1641 39 29 et
984 1632 167 48 Martin,
1186 1633 110 36 alors
1330 1644 50 25 en
1411 1635 132 34 scène.
1577 1631 78 37 Ces
1686 1630 107 38 deux
1817 1630 233 47 chanteurs,

284 1711 80 39 peu
386 1698 265 38 accoutumés
672 1700 22 34 à
716 1708 81 26 une
819 1694 168 52 pareille
1010 1694 203 49 musique,
1239 1702 92 30 sont
1353 1694 124 38 restés
1498 1693 188 38 interdits
1712 1700 39 31 et
1773 1700 151 40 muets;
1963 1691 88 38 leur

287 1760 133 51 gosier
441 1759 112 50 glacé
576 1771 21 26 a
620 1757 131 39 refusé
780 1768 168 40 passage
970 1769 79 25 aux
1071 1755 191 38 roulades
1278 1767 8 27 :

938 1882 92 38 Vox
1053 1880 193 51 faucibus
1270 1881 126 40 hœsit.

335 2014 205 47 Elleviou,
564 2014 89 47 plus
675 2012 145 37 ardent
851 2019 40 30 et
912 2013 89 48 plus
1021 2013 70 48 vif,
1124 2013 93 37 s'est
1253 2011 149 38 avancé
1434 2023 70 24 sur
1525 2009 37 38 le
1583 2010 103 37 bord
1710 2010 54 36 du
1785 2004 170 49 théâtre,
1995 2018 55 40 et,

286 2077 97 37 d'un
404 2084 73 29 ton
500 2077 54 35 où
577 2074 36 36 le
636 2074 111 49 dépit
786 2074 152 36 étouffé
960 2074 153 52 perçait
1133 2077 22 33 à
1176 2082 153 28 travers
1361 2073 37 36 le
1431 2079 171 42 respect,
1627 2083 21 25 a
1669 2070 200 38 demandé
1907 2070 32 37 si
1970 2070 81 38 l'on

284 2137 156 39 voulait
479 2143 222 43 permettre
723 2147 79 36 que
823 2134 84 37 l'on
934 2136 215 36 continuât
1171 2135 37 37 la
1228 2135 129 49 pièce.
1389 2134 55 37 Le
1466 2133 152 49 public,
1642 2145 72 36 par
1735 2145 62 24 ses
1819 2133 208 48 applaudis-

285 2206 191 40 sements,
501 2205 39 29 et
562 2197 131 36 même
725 2209 71 36 par
817 2208 57 24 un
896 2204 313 30 consentement
1245 2195 161 49 formel,
1428 2207 21 24 a
1471 2194 72 38 fait
1564 2206 109 26 assez
1704 2193 210 38 connaître
1951 2194 100 48 qu'il

284 2260 166 38 désirait
472 2270 50 26 en
543 2260 91 36 voir
653 2257 36 37 la
705 2256 78 49 fin;
809 2257 101 38 mais
933 2258 59 37 les
1013 2258 139 37 sifflets
1173 2257 223 38 succédant
1416 2256 160 37 bientôt
1599 2259 21 33 à
1643 2267 64 26 ces
1730 2267 190 37 marques
1943 2256 88 48 d'ap-

283 2322 236 50 probation,
540 2328 38 29 et
600 2320 36 37 le
657 2319 177 38 tumulte
853 2331 50 26 ne
922 2328 159 29 cessant
1102 2319 131 49 point,
1256 2319 58 38 les
1337 2326 159 29 acteurs
1522 2330 51 25 en
1594 2325 75 29 ont
1688 2317 147 38 conclu
1851 2317 126 49 qu'on
2000 2328 51 26 ne

282 2383 156 39 voulait
465 2383 90 49 plus
584 2382 59 37 les
675 2382 198 36 entendre
891 2394 9 26 :
926 2381 48 38 ils
997 2390 74 29 ont
1101 2381 84 49 pris
1207 2382 295 48 brusquement
1520 2380 89 37 leur
1629 2378 118 51 parti,
1773 2390 160 26 comme
1954 2390 98 38 gens

285 2447 71 50 qui
379 2458 39 25 se
442 2445 155 37 croient
618 2444 379 49 personnellement
1019 2444 190 38 offensés.

336 2508 77 37 Les
435 2506 219 37 musiciens
679 2514 73 28 ont
773 2506 137 37 donné
937 2506 37 37 le
990 2506 176 49 premier
1188 2503 127 51 signal
1338 2506 48 36 de
1409 2503 38 39 la
1475 2506 162 36 retraite
1653 2515 9 39 ;
1688 2516 50 26 en
1757 2516 58 25 un
1837 2504 81 36 clin
1941 2502 111 38 d'œil

286 2569 237 39 l'orchestre
542 2580 22 24 a
583 2568 63 36 été
668 2568 163 36 évacué»
860 2568 117 36 Cette
1006 2567 101 37 fuite
1128 2566 219 38 indiscrète
1373 2575 40 29 et
1434 2566 256 50 prématurée
1714 2566 96 36 était
1834 2566 218 36 l'annonce

286 2630 120 37 d'une
440 2636 169 42 rupture
639 2635 168 30 ouverte
831 2638 8 27 :
861 2627 56 38 les
939 2635 159 29 acteurs
1135 2635 74 30 ont
1246 2627 103 38 suivi
1380 2628 59 36 les
1474 2626 242 50 musiciens;
1740 2639 54 24 on
1816 2639 23 24 a
1862 2627 130 36 baissé
2015 2627 37 36 la

287 2691 121 47 toile;
442 2698 39 30 et
519 2702 106 38 pour
652 2701 79 37 que
766 2690 36 36 le
830 2689 139 49 public
1000 2702 50 24 ne
1072 2689 74 49 pût
1166 2689 149 37 douter
1337 2689 49 37 de
1414 2688 234 38 l'intention
1677 2690 124 47 qu'on
1820 2689 106 37 avait
1945 2689 49 36 de
2015 2688 38 37 le

286 2754 161 38 chasser
484 2758 320 43 promptement,
842 2763 55 25 on
934 2751 233 37 descendait
1204 2750 37 38 le
1274 2750 143 47 lustre,
1441 2762 54 25 on
1535 2749 166 38 baissait
1738 2750 37 37 la
1819 2761 156 38 rampe,
1998 2762 55 25 on

285 2813 274 52 commençait
580 2816 20 33 à
623 2813 164 38 enlever
808 2813 56 37 les
881 2813 198 49 pupitres,
1103 2820 38 29 et
1163 2813 181 49 pendant
1366 2820 91 29 tout
1478 2825 44 25 ce
1544 2813 340 47 déménagement
1899 2811 38 37 la
1955 2812 98 37 salle

286 2874 247 42 retentissait
559 2875 54 36 du
647 2874 94 50 plus
776 2874 224 51 effroyable
1029 2887 187 26 vacarme
1241 2886 8 26 :
1274 2875 57 37 les
1365 2887 78 24 uns
1465 2874 288 38 demandaient
1775 2873 38 37 la
1833 2874 128 49 pièce,
1994 2874 59 37 les

285 2947 137 30 autres
470 2938 230 37 seulement
737 2937 38 38 la
807 2936 210 51 musique;
1067 2936 160 38 ceux-ci
1262 2936 341 50 applaudissaient
1643 2935 204 49 Elleviou,
1887 2936 166 37 ceux-là

285 3000 175 47 Blasius,
493 2998 365 38 chef-d'orchestre
881 3010 6 26 :
913 3011 55 25 on
995 2998 127 48 criait,
1147 3011 54 25 on
1221 2999 150 48 sifflait,
1403 3011 53 24 on
1479 2999 106 48 riait,
1609 3006 40 30 et
1669 3010 204 39 personne
1895 3009 51 25 ne
1968 2998 84 37 s'en

282 3062 124 48 allait,
430 3060 158 38 chacun
609 3060 158 39 voulait
789 3061 90 37 voir
900 3061 38 37 le
961 3060 279 38 dénouement
1262 3061 48 36 de
1340 3067 103 30 cette
1462 3060 120 37 farce.

334 3123 122 38 Enfin
479 3121 57 39 les
559 3123 251 47 comédiens,
845 3125 81 34 très
961 3123 274 38 embarrassés
1268 3122 49 37 de
1353 3121 107 38 leurs
1495 3122 133 48 hôtes,
1652 3129 74 30 ont
1749 3120 90 51 jugé
1859 3121 121 50 qu'ils
2001 3133 51 26 ne

281 3184 224 52 pouvaient
536 3197 70 37 pas
630 3196 49 25 en
704 3184 240 38 conscience
973 3184 56 38 les
1049 3185 142 37 laisser
1218 3196 139 37 passer
1379 3184 37 36 la
1442 3184 91 36 nuit
1553 3196 51 24 au
1635 3181 180 49 théâtre;
1847 3196 55 25 on
1923 3196 21 25 a
1966 3182 86 39 levé

280 3248 38 36 la
343 3246 114 40 toile.
487 3247 56 36 Le
567 3246 218 38 semainier
816 3247 212 50 perpétuel
1049 3259 21 24 a
1092 3259 102 36 paru
1218 3258 94 25 avec
1341 3246 36 37 le
1401 3245 282 38 commissaire
1708 3257 106 37 pour
1841 3257 212 26 annoncer

282 3320 81 25 une
386 3308 289 49 indisposition
700 3309 197 36 soudaine
921 3309 48 37 de
992 3310 186 36 madame
1199 3309 93 38 Scio
1318 3319 8 26 :
1349 3316 104 29 cette
1476 3308 190 38 nouvelle
1688 3321 22 24 a
1728 3308 63 37 été
1813 3320 120 40 reçue
1956 3320 95 26 avec

282 3371 70 35 des
373 3370 149 47 huées;
543 3369 35 38 le
602 3370 280 38 commissaire
905 3382 50 25 ne
978 3378 186 42 pouvant
1183 3382 40 25 se
1245 3370 98 37 faire
1366 3371 210 48 entendre,
1601 3370 90 37 s'est
1712 3370 232 50 longtemps
1959 3382 71 38 pro-

282 3432 118 36 mené
421 3444 70 24 sur
511 3431 37 38 la
571 3434 134 44 scène,
731 3432 191 37 auditeur
942 3441 39 29 et
1002 3440 230 43 spectateur
1256 3432 69 37 des
1358 3431 93 47 cris,
1475 3440 39 29 et
1536 3432 55 37 du
1622 3432 193 37 désordre
1845 3433 71 48 qui
1938 3431 113 37 allait

282 3492 188 49 toujours
493 3493 214 40 croissant.
734 3494 187 39 Elleviou
945 3502 39 31 et
1007 3496 153 37 Martin
1183 3502 94 30 sont
1293 3506 127 27 venus
1435 3506 52 25 au
1503 3506 165 26 secours
1684 3495 54 36 du
1754 3492 292 47 commissaire,
