3233 4341
3018 4067 69 43 141

118 315 52 45 La
212 311 317 51 Méthode
568 323 69 40 est
675 318 256 45 active.
971 317 75 47 Pas
1068 317 59 48 de
1150 320 158 44 maître
1331 322 71 55 qui
1426 317 132 60 parle,

118 379 229 49 d'enfants
384 384 71 57 qui
491 386 232 50 écoutent,
764 386 105 44 mais
904 402 82 28 une
1023 383 319 47 collaboration
1380 388 180 49 étroite,

119 446 82 47 des
221 447 165 47 efforts
407 451 88 44 unis
516 449 109 46 dans
646 468 50 27 un
720 449 78 46 but
819 468 219 29 commun.
1060 452 52 44 La
1134 450 140 47 classe
1296 455 266 55 représente

120 532 50 26 un
196 513 169 54 atelier,
393 534 51 26 un
470 514 285 55 laboratoire,
783 535 82 27 non
893 536 50 26 un
971 516 233 54 auditoire,
1231 536 53 26 on
1311 537 25 39 y
1360 518 83 45 fait
1467 536 97 27 sans

120 598 130 28 cesse
280 581 135 59 appel
445 586 23 41 à
501 581 280 60 l'expression
811 587 254 55 spontanée
1094 590 49 38 et
1174 583 275 59 personnelle
1482 583 82 45 des

121 647 128 46 idées
273 653 49 40 et
346 647 82 47 des
451 651 244 43 curiosités.

120 727 42 42 A
189 724 34 46 la
254 724 110 46 base
393 725 82 46 des
501 725 164 46 études
691 745 48 27 se
765 731 159 40 trouve
952 725 499 47 I'Observation
1482 724 82 47 des

123 789 308 60 phénomènes
472 791 189 46 naturels
702 797 49 40 et
790 796 188 49 sociaux,
1023 791 110 47 base
1174 791 283 60 scientifique
1500 810 66 27 sur

123 856 186 60 laquelle
336 857 230 47 s'édifient
591 863 153 41 toutes
769 858 61 46 les
856 861 187 43 notions.
1072 858 214 53 L'enfant,
1315 856 127 61 placé
1469 875 97 28 sans

123 942 130 27 cesse
277 923 170 46 devant
470 923 61 47 les
552 925 116 53 faits,
692 924 221 46 s'habitue
935 929 23 41 à
982 924 227 53 chercher,
1234 929 23 41 à
1282 922 235 53 contrôler,
1541 927 23 41 à

124 992 346 57 expérimenter.

126 1067 130 53 Enfin,
277 1072 154 41 toutes
452 1067 60 46 les
534 1070 207 43 activités
761 1074 99 39 sont
882 1072 225 54 groupées
1129 1072 157 40 autour
1307 1065 132 47 d'une
1461 1066 105 44 idée

124 1132 214 55 centrale,
364 1133 37 46 le
424 1135 216 44 CENTRE
666 1134 280 52 D'INTERET,
972 1136 71 56 qui
1066 1136 119 42 varie
1210 1151 113 27 avec
1346 1131 115 59 l'âge
1486 1131 82 46 des

125 1200 192 53 enfants,
344 1199 89 47 leur
457 1204 99 42 état
582 1200 350 59 psychologique
959 1206 48 39 et
1032 1199 60 46 les
1117 1217 252 28 ressources
1394 1197 60 46 de
1480 1197 89 46 leur

125 1265 157 47 milieu.

127 1433 463 46 CONSTRUCTION
630 1432 165 45 D'UNE
833 1432 181 44 ECOLE
1052 1431 264 44 DECROLY

130 1566 174 46 L'Ecole
335 1566 187 59 Decroly
550 1585 22 26 a
602 1566 194 58 jusqu'ici
824 1563 209 60 employé
1062 1569 100 40 tous
1189 1582 70 27 ses
1287 1563 164 46 efforts
1479 1566 22 43 à
1533 1562 35 46 la

130 1635 259 44 rénovation
425 1631 60 47 de
520 1631 165 60 l'esprit
719 1634 147 42 même
900 1629 59 46 de
993 1628 284 54 l'éducation,
1312 1628 135 47 tâche
1482 1648 88 40 que

128 1718 75 27 son
228 1703 209 42 créateur
460 1701 195 42 estimait
679 1696 358 52 fondamentale;
1061 1695 82 46 elle
1167 1696 66 45 n'a
1263 1714 68 41 pu,
1358 1696 128 45 faute
1511 1694 59 46 de

129 1783 264 35 ressources,
419 1763 208 47 attacher
649 1782 83 27 une
757 1766 280 56 importance
1060 1762 234 46 suffisante
1318 1765 23 42 à
1366 1780 70 27 ses
1460 1761 89 46 bâti-

130 1837 143 40 ments
299 1834 84 56 qui,
411 1849 97 28 sans
532 1830 155 52 doute,
717 1828 89 61 plus
832 1828 240 47 modernes
1098 1847 54 27 ou
1182 1827 89 61 plus
1298 1827 274 47 modernisés

129 1917 88 40 que
250 1896 34 47 la
320 1896 173 61 plupart
523 1896 82 47 des
636 1899 323 43 constructions
992 1894 206 47 scolaires
1230 1897 254 49 existantes,
1517 1912 54 26 ne

129 1970 99 40 sont
248 1962 264 61 cependant
534 1981 78 41 pas
633 1981 52 27 au
707 1966 156 42 niveau
886 1961 60 47 de
967 1980 70 28 ses
1059 1960 240 47 méthodes
1320 1966 48 40 et
1390 1961 61 45 les
1474 1959 75 47 des-

130 2036 180 41 servent
332 2033 148 42 même
503 2028 298 61 quelquefois.

130 2098 246 45 Comment
403 2095 109 53 doit,
543 2100 229 42 comment
800 2095 176 45 devrait
1004 2096 99 43 être
1132 2111 173 41 conçue
1333 2111 83 27 une
1446 2091 126 46 Ecole

133 2163 187 59 Decroly
344 2164 20 44 ?
391 2164 65 44 De
480 2161 105 47 telle
611 2167 120 41 sorte
757 2161 159 59 qu'elle
941 2165 187 41 entrave
1153 2159 39 46 le
1219 2162 135 42 moins
1382 2158 191 58 possible

132 2230 178 45 enfants
335 2235 48 39 et
408 2228 272 46 éducateurs
705 2234 48 40 et
778 2226 88 46 leur
890 2226 125 46 laisse
1040 2225 38 47 le
1103 2228 226 42 maximum
1355 2223 59 47 de
1442 2227 110 56 possi-

133 2296 143 46 bilités
303 2295 60 46 de
390 2299 129 41 créer
545 2294 172 46 l'école.

134 2470 299 46 SITUATION

134 2606 188 43 Aucune
362 2601 129 47 école
531 2601 59 46 de
630 2600 170 60 grande
837 2600 93 46 ville
967 2598 190 47 actuelle
1194 2616 54 27 ne
1287 2597 171 59 répond
1500 2615 76 28 aux

136 2672 316 56 prescriptions
477 2667 235 47 officielles
737 2670 70 56 qui
833 2669 180 55 exigent
1038 2684 83 26 une
1147 2667 205 43 situation
1378 2663 199 46 centrale

136 2736 101 46 bien
264 2738 154 50 aérée,
445 2734 185 46 d'accès
653 2733 133 46 facile
813 2739 48 39 et
885 2734 79 50 sûr,
992 2730 175 59 éloigné
1193 2730 60 46 de
1277 2735 99 40 tout
1401 2728 155 47 établis-

134 2807 177 41 sement
348 2801 174 45 malsain
563 2806 49 40 et
651 2799 270 58 dangereux,
962 2801 205 42 situation
1208 2796 199 46 centrale
1447 2795 110 60 impli-

135 2874 138 55 quant
297 2870 195 57 toujours
517 2885 191 41 manque
733 2866 121 52 d'air,
880 2870 187 40 souvent
1091 2867 135 43 accès
1251 2863 256 57 dangereux
1531 2867 49 40 et

136 2938 229 55 voisinage
397 2933 190 47 malsain.
618 2935 56 43 Le
704 2932 123 46 choix
857 2931 214 58 d'étages
1100 2932 247 56 supérieurs
1378 2928 59 45 de
1468 2928 90 46 bâti-

137 3008 145 40 ments
309 3001 152 46 élevés
492 2999 211 47 réduirait
731 3018 78 26 ces
839 2999 334 44 inconvénients
1203 2998 105 43 mais
1338 2994 19 46 il
1388 2993 192 47 isolerait

136 3068 6 46 I
162 3086 206 41 egroupe
389 3066 185 47 scolaire
595 3066 56 46 du
673 3064 139 47 milieu
834 3066 233 50 extérieur,
1089 3065 309 43 circonstance
1420 3064 134 41 incom-

138 3133 170 61 patible
334 3152 113 27 avec
471 3133 60 46 les
557 3135 220 57 principes
800 3130 59 46 de
883 3129 158 46 l'école
1065 3128 111 46 dont
1198 3127 20 45 il
1243 3128 144 57 s'agit.

138 3200 175 47 L'Ecole
336 3199 188 59 Decroly
545 3218 22 26 a
591 3218 44 26 sa
660 3198 128 60 place
809 3197 179 58 logique
1009 3199 23 42 à
1054 3196 35 45 la
1111 3212 269 41 campagne,
1403 3192 59 46 de
1485 3196 72 55 pré-

137 3269 190 45 férence
353 3271 23 41 à
404 3269 229 55 proximité
660 3265 60 46 de
746 3265 35 45 la
807 3263 107 53 ville,
941 3262 172 47 celle-ci
1138 3260 50 46 lui
1212 3261 263 44 fournissant
1500 3259 82 45 des

139 3335 220 45 éléments
400 3331 352 60 indispensables
790 3334 22 42 à
857 3349 50 26 un
949 3331 344 55 enseignenr\ent
1332 3324 200 60 complet
1573 3343 10 27 :

139 3401 142 46 étude
304 3400 83 46 des
408 3398 265 60 techniques
696 3395 287 48 industrielles
1008 3394 327 51 élémentaires,
1362 3394 197 56 organisa-

138 3471 127 48 tions,
300 3465 296 53 installations,
630 3466 336 48 constructions,
997 3465 261 54 transports,
1292 3463 289 47 monuments,

142 3537 188 48 musées,
358 3537 92 41 etc.

142 3699 248 46 LOCAUX

142 3834 80 44 Les
245 3830 164 47 classes
433 3831 20 43 ?
481 3832 86 44 Des
590 3829 191 52 ateliers,
808 3827 82 47 des
912 3826 309 46 laboratoires.
1247 3823 94 45 Une
1366 3838 221 41 moyenne

144 3899 60 45 de
242 3901 47 42 15
318 3897 179 45 entants
525 3914 78 41 par
630 3895 122 53 local,
782 3914 50 26 un
863 3895 216 44 minimum
1107 3890 60 46 de
1197 3893 54 42 50
1281 3892 84 42 m2.
1394 3890 56 43 Le
1478 3887 109 46 local

146 3966 195 60 pourrait
366 3966 100 43 être
492 3966 159 56 unique
677 3961 108 46 chez
807 3961 61 45 les
892 3962 139 58 petits
1055 3963 48 42 et
1127 3957 201 46 contenir
1351 3960 153 40 toutes
1528 3954 60 45 les

1641 374 72 47 Fig.
1745 374 77 36 172.

1646 1301 73 46 Fig.
1751 1302 77 34 175.

1655 2227 72 47 Fig.
1759 2229 77 34 174.

1661 3156 72 47 Fig.
1766 3156 78 36 173.
