3233 4341
2995 4063 75 42 147

121 2852 73 47 Fig.
232 2854 77 35 183.
389 2852 88 37 VUE
509 2850 431 46 AXONOMETRIQUE
976 2850 277 37 D'ENSEMBLE

121 2953 43 35 En
193 2953 312 36 communication
536 2950 146 37 directe
713 2964 95 23 avec
837 2948 156 38 l'entrée
1024 2963 63 22 rue
1120 2949 265 41 Bonaventure,
1417 2947 29 37 la
1478 2947 86 37 salle

121 3006 244 38 d'éducation
393 3005 180 50 physique
597 3020 95 22 avec
715 3019 57 23 ses
795 3006 193 35 vestiaires
1011 3008 40 32 et
1073 3018 57 23 ses
1153 3002 167 38 douches
1343 3007 40 32 et
1407 3001 32 38 le
1463 3001 82 49 loge-

121 3068 102 32 ment
254 3061 47 37 du
332 3064 204 44 concierge
566 3060 165 37 forment
763 3075 42 22 un
835 3064 84 32 tout
950 3059 160 43 distinct,
1143 3060 183 35 aisément
1359 3056 205 39 accessible

120 3118 47 36 du
197 3116 137 38 dehors
363 3121 39 32 et
430 3116 193 50 complété
655 3130 64 35 par
749 3115 68 38 des
845 3114 126 37 locaux
999 3114 166 37 destinés
1193 3128 65 21 aux
1286 3128 149 22 oeuvres
1465 3117 80 45 post-

117 3172 186 38 scolaires.

120 3229 44 35 La
193 3229 228 47 conception
450 3226 235 38 d'ensemble
713 3241 19 22 a
761 3228 65 34 été
854 3225 212 37 influencée
1094 3239 45 23 en
1167 3228 107 32 outre
1305 3238 64 35 par
1398 3222 147 47 l'obliga-

117 3285 77 35 tion
230 3285 170 47 imposée
438 3297 65 34 par
539 3281 32 38 le
609 3295 249 36 programme,
896 3280 49 37 de
983 3281 144 48 prévoir
1164 3294 69 22 une
1270 3277 209 38 réalisation
1517 3293 45 22 en

121 3341 138 46 étapes
281 3339 227 36 successives
531 3352 43 22 au
597 3337 56 37 fur
675 3342 40 32 et
737 3338 20 36 à
784 3351 145 22 mesure
953 3335 68 37 des
1046 3334 147 37 besoins
1217 3334 50 36 de
1290 3332 30 38 la
1348 3332 216 50 population

117 3392 156 39 scolaire
302 3393 84 36 d'un
415 3394 165 47 quartier
609 3407 45 22 en
682 3393 205 46 gestation.

120 3451 47 36 Le
198 3451 160 48 premier
385 3448 111 37 stade
524 3450 184 35 constitue
738 3447 31 38 le
799 3462 118 35 noyau
946 3451 40 32 et
1016 3445 204 50 comprend
1255 3459 8 22 :

119 3506 44 36 La
186 3506 143 36 section
355 3502 153 39 Froebel
533 3518 43 23 au
601 3502 178 51 complet.
800 3526 51 4 —
873 3503 46 36 Le
942 3501 139 38 bureau
1106 3500 47 37 du
1178 3499 189 38 directeur
1390 3513 94 23 avec
1505 3513 58 23 ses

120 3574 162 23 annexes
310 3574 7 22 :
343 3561 186 41 vestiaire,
555 3558 218 50 téléphone,
802 3557 176 49 lavatory,
1007 3571 93 22 w.-c.
1125 3579 50 4 —
1200 3556 44 35 La
1271 3554 86 38 salle
1384 3554 49 37 de
1458 3556 106 35 visite

120 3614 200 39 médicale.
350 3638 50 4 —
433 3615 98 35 Deux
562 3614 135 37 classes
731 3615 188 48 primaires
953 3627 94 23 avec
1079 3610 92 38 leurs
1200 3612 206 35 vestiaires.
1435 3632 51 5 —
1517 3610 46 35 Le

119 3670 182 39 solarium.
325 3692 51 5 —
400 3670 65 36 Les
489 3684 112 23 caves
625 3671 19 35 à
671 3668 176 45 charbon,
874 3667 210 39 chaufferie
1111 3671 40 32 et
1176 3668 132 34 remise
1334 3666 20 35 à
1383 3664 181 38 matériel.

116 3750 49 5 —
198 3727 44 36 La
278 3727 121 48 partie
434 3725 49 38 de
518 3724 30 38 la
585 3724 141 48 galerie
761 3728 181 34 couverte
976 3721 299 50 correspondant
1311 3735 64 21 aux
1409 3722 152 34 travées

117 3783 233 41 construites,
383 3782 232 46 augmentée
644 3780 49 37 de
724 3779 29 38 la
783 3779 148 38 surface
962 3778 46 37 du
1040 3777 217 42 réfectoire,
1287 3775 49 37 de
1366 3775 29 37 la
1427 3777 135 35 cuisine

116 3843 41 32 et
182 3837 47 38 du
256 3836 266 47 dégagement
545 3835 116 38 futurs
686 3835 165 50 jusqu'au
880 3838 166 33 moment
1073 3834 44 35 où
1146 3831 32 38 le
1204 3830 293 39 cloisonnement
1522 3835 40 32 et

120 3892 51 38 les
205 3907 93 22 murs
331 3891 50 38 de
414 3891 244 50 remplissage
691 3892 227 36 constituant
951 3904 63 23 ces
1047 3888 166 37 derniers
1246 3886 125 37 locaux
1403 3889 162 34 seraient

122 3949 179 37 exécutés
333 3951 107 34 entre
473 3946 51 38 les
555 3951 163 45 poteaux
750 3946 49 37 de
831 3944 129 44 béton,
995 3946 120 48 points
1145 3942 153 49 d'appui
1330 3941 68 37 des
1429 3943 136 45 étages

1631 2951 207 47 supérieurs
1862 2947 209 50 (deuxième
2095 2949 134 50 stade).
2252 2972 51 5 —
2328 2950 79 37 Une
2432 2953 120 47 partie
2576 2966 44 21 ou
2646 2951 317 37 éventuellement
2985 2951 68 36 l'en-

1632 3003 143 38 semble
1799 3004 68 37 des
1889 3004 237 38 installations
2149 3008 191 35 sanitaires
2363 3006 49 37 de
2437 3006 29 37 la
2492 3022 99 22 cour.

1635 3060 44 36 La
1711 3062 248 35 construction
1989 3060 49 37 de
2067 3063 150 35 travées
2247 3060 337 50 supplémentaires
2614 3062 216 37 réaliseront
2858 3062 212 37 l'extension

1634 3116 18 35 à
1678 3114 142 38 donner
1844 3130 64 21 aux
1931 3114 134 39 classes
2089 3130 65 35 par
2178 3131 146 34 groupe
2349 3116 49 37 de
2423 3116 94 37 deux
2542 3122 39 32 et
2605 3132 45 22 en
2676 3116 153 38 nombre
2855 3132 195 34 correspon-

1634 3169 90 37 dant
1752 3185 64 22 aux
1846 3173 203 35 nécessités
2076 3172 138 48 jusqu'à
2243 3171 29 37 la
2302 3171 208 38 réalisation
2539 3172 68 38 des
2635 3172 74 38 huit
2737 3172 134 38 classes
2902 3174 167 48 prévues.

1635 3225 46 36 Le
1705 3224 292 38 cloisonnement
2023 3226 68 37 des
2115 3226 125 38 locaux
2265 3229 111 35 situés
2399 3242 82 22 sous
2505 3226 50 38 les
2580 3227 134 38 classes
2739 3242 43 22 au
2811 3229 128 35 niveau
2965 3226 50 38 de
3039 3226 29 37 la

1635 3295 87 21 cour
1750 3285 42 31 et
1818 3280 163 38 formant
2008 3281 91 37 fond
2131 3283 19 35 à
2183 3280 30 38 la
2243 3280 142 48 galerie
2414 3287 180 32 couverte
2624 3281 98 50 (salle
2752 3281 49 38 de
2833 3283 234 49 projections,

1634 3334 215 44 réfectoire,
1880 3336 88 49 etc.)
1997 3351 130 34 pourra
2155 3351 39 23 se
2220 3336 95 38 faire
2344 3339 156 35 ensuite.

1636 3389 96 37 Enfin
1759 3389 31 38 le
1818 3405 108 35 corps
1952 3391 47 37 du
2026 3391 185 38 bâtiment
2236 3394 136 47 séparé
2399 3393 45 36 où
2471 3397 81 32 sont
2579 3394 163 47 groupés
2770 3391 29 38 la
2829 3391 85 38 salle
2941 3391 109 37 d'édu-

1635 3447 123 34 cation
1791 3445 190 50 physique,
2013 3445 50 38 les
2094 3445 299 45 bains-douches,
2424 3446 50 38 les
2502 3450 203 40 vestiaires,
2737 3446 33 38 le
2800 3447 192 47 logement
3022 3445 46 37 du

1634 3502 203 46 concierge
1864 3506 40 31 et
1929 3500 50 38 les
2005 3501 126 38 locaux
2158 3501 165 38 destinés
2350 3517 64 22 aux
2443 3517 149 22 œuvres
2622 3501 259 50 postscolaires
2909 3501 139 49 complé-

1633 3560 126 32 teront
1787 3555 228 39 l'ensemble.

1635 3610 46 37 Le
1707 3614 197 34 caractère
1930 3611 259 38 architectural
2215 3628 80 22 sera
2323 3612 318 37 essentiellement
2665 3610 243 44 fonctionnel;
2937 3613 115 48 puisse-

1634 3664 51 37 t-il
1715 3665 157 50 frapper
1904 3666 289 48 agréablement
2225 3667 50 37 les
2305 3683 81 22 sens
2417 3683 45 22 en
2495 3667 92 37 éveil
2618 3667 49 37 de
2698 3666 164 44 l'enfant,
2895 3664 175 40 sensibles

1635 3735 65 21 aux
1733 3720 131 38 choses
1895 3721 157 50 simples,
2087 3721 139 44 claires,
2260 3725 117 44 gaies.
2411 3723 117 37 Puisse
2561 3737 44 23 ce
2637 3721 152 38 résultat
2820 3723 82 35 être
2935 3722 134 36 atteint

1637 3789 64 35 par
1725 3774 32 38 le
1782 3775 73 39 seul
1880 3779 58 47 jeu
1963 3777 68 37 des
2058 3777 99 50 plans
2183 3783 39 32 et
2248 3777 67 38 des
2338 3777 163 38 volumes
2527 3792 94 23 avec
2646 3776 32 38 le
2704 3791 178 23 concours
2908 3775 50 37 de
2985 3775 82 42 l'air,

1635 3829 49 37 de
1710 3829 30 38 la
1767 3829 150 40 lumière
1942 3837 40 32 et
2008 3832 47 37 du
2082 3832 110 44 soleil,
2220 3832 209 48 largement
2455 3835 140 40 invités,
2623 3838 39 31 et
2688 3847 81 22 sans
2794 3831 162 49 l'apport
2982 3830 67 37 dou-

1633 3890 84 33 teux
1743 3885 341 40 d'ornementation
2110 3887 200 50 superflue.

2963 3940 39 37 V.
3029 3939 43 37 N.
