3233 4341
3007 4072 75 43 137

111 323 231 46 BESOINS
380 322 419 46 INTELLECTUELS

212 444 213 37 SOBRIETE
467 469 12 5 -
521 443 255 37 SOUPLESSE
817 466 13 6 -
871 442 159 37 ORDRE

111 556 95 36 Dans
247 554 32 38 le
321 554 176 38 domaine
551 552 392 43 intellectuel,
997 551 33 37 le

109 615 120 32 trav
247 625 19 22 a
284 613 7 34 i
310 609 5 38 I
363 608 183 51 accompli
584 623 65 35 par
682 607 155 38 l'enfanh
872 607 50 37 de
956 609 18 35 3
1010 607 19 36 à

110 669 21 34 6
157 681 63 22 ans
245 670 57 33 est
327 665 50 38 de
405 680 71 35 peu
503 664 287 50 d'importance,
819 662 18 38 il
865 663 81 36 n'en
974 666 57 33 est

113 736 64 35 pas
209 721 50 38 de
291 723 125 35 même
448 720 47 37 du
540 718 478 49 développement

111 777 63 37 de
227 775 454 48 l'intelligence.

112 854 44 37 La
195 853 164 50 rapidité
396 853 50 37 de
485 868 45 23 ce
566 851 328 50 développement
930 852 101 34 varie

113 911 232 36 assurément
377 908 101 38 selon
513 908 50 37 les
596 906 194 38 individus.
825 907 44 36 La
903 904 127 43 classe,

113 964 69 38 dès
210 963 79 45 lors,
321 980 44 21 ne
395 962 273 51 correspondra
699 961 76 50 plus
802 962 20 36 à
854 961 98 47 l'âge
982 959 49 38 de

112 1020 156 37 l'enfant
295 1021 88 36 mais
410 1034 43 22 au
482 1018 121 48 degré
630 1017 50 37 de
706 1016 326 49 développement

113 1077 149 35 atteint.
302 1076 65 36 Les
405 1074 201 37 méthodes
643 1072 200 38 modernes
883 1072 129 49 présen-

111 1136 82 32 tant
215 1132 20 36 à
259 1135 63 33 cet
344 1130 118 48 égard
489 1131 90 35 aussi
603 1128 50 38 de
675 1126 181 50 multiples
878 1129 131 33 avanta-

113 1201 82 33 ges;
233 1188 88 35 mais
356 1185 30 37 la
422 1184 183 38 méthode
639 1183 80 37 dite
753 1198 21 20 «
808 1180 200 39 autodidac-

111 1244 106 47 tique
236 1257 20 22 »
282 1256 164 35 suppose
472 1239 258 38 évidemment
755 1253 43 22 un
826 1235 115 39 cadre
969 1249 43 35 ap-

116 1300 164 47 proprié.
311 1296 168 37 L'enfant
509 1295 80 38 doit
620 1293 189 43 observer,
840 1292 191 49 exprimer,

115 1355 119 35 créer.
266 1352 95 37 Cela
395 1350 175 51 implique
603 1364 42 23 un
678 1353 211 41 entourage
921 1345 111 38 sobre

115 1413 40 33 et
175 1405 259 52 impersonnel,
456 1405 147 39 laissant
623 1404 138 49 l'esprit
781 1404 252 36 entièrement

114 1463 104 39 libre.

118 1541 150 37 D'autre
325 1543 92 46 part,
475 1537 18 38 il
549 1552 44 22 ne
647 1536 81 37 faut
783 1536 128 36 attirer
966 1549 63 22 son

117 1597 185 35 attention
331 1609 74 34 que
433 1593 49 37 de
509 1597 125 45 temps
659 1592 19 36 à
708 1595 105 33 autre
841 1594 40 33 et
907 1604 55 22 sur
990 1603 42 22 un

115 1650 107 50 objet
248 1648 228 51 susceptible
504 1648 50 37 de
582 1647 32 37 le
640 1644 160 40 stimuler
828 1644 205 38 utilement.

116 1729 33 35 A
176 1732 106 33 cette
308 1726 61 44 fin,
396 1726 51 37 les
473 1725 123 50 objets
621 1724 155 37 doivent
800 1724 83 36 être
909 1721 104 50 dispo-

117 1785 58 35 sés
200 1782 85 38 bien
311 1797 45 22 en
382 1796 81 28 vue,
492 1779 75 51 plus
593 1795 44 21 ou
665 1780 114 36 moins
804 1777 118 44 isolés,
948 1782 40 32 et
1014 1777 19 36 à

118 1837 30 38 la
181 1839 135 48 portée
346 1836 49 38 de
426 1835 155 38 l'enfant
609 1839 40 33 et
678 1836 230 36 nécessitent
938 1832 99 37 donc

118 1909 43 22 un
184 1892 91 38 fond
301 1893 274 37 extrêmement
598 1889 143 50 simple;
768 1893 41 33 et
833 1903 147 23 comme
1005 1887 30 37 la

118 1949 222 37 décoration
374 1950 85 47 joue
492 1961 43 23 un
570 1944 76 39 rôle
679 1944 210 38 éducateur
922 1945 96 36 consi-

119 2002 168 44 dérable,
316 2002 18 38 il
361 2002 81 38 faut
469 2004 120 35 éviter
617 1999 134 51 qu'elle
779 2014 45 23 ne
852 2001 185 36 constitue

120 2074 69 23 une
216 2060 223 37 convention
467 2057 50 38 de
543 2060 130 33 nature
700 2056 19 37 à
746 2055 143 37 fausser
915 2053 32 38 le
972 2053 44 37 dé-

118 2114 273 50 veloppement
415 2110 136 40 mental
576 2111 49 38 de
647 2110 168 38 l'enfant.
837 2110 60 37 On
921 2111 117 35 aurait

119 2175 76 33 tort
223 2169 50 38 de
301 2171 118 36 croire
449 2166 182 39 d'ailleurs
659 2164 82 52 qu'il
769 2165 81 38 faut
880 2163 159 39 barioler

120 2224 51 39 les
193 2239 94 23 murs
312 2239 90 35 pour
425 2225 107 37 créer
555 2222 49 38 de
628 2221 30 38 la
683 2222 145 48 gaieté;
854 2219 70 38 elle
950 2223 90 46 peut

121 2283 82 35 être
235 2279 169 39 obtenue
435 2293 65 35 par
529 2278 165 37 d'autres
724 2290 165 36 moyens.

123 2358 80 36 Une
244 2356 175 38 dernière
461 2357 116 36 raison
621 2354 50 38 de
715 2354 193 36 maintenir
949 2351 91 38 dans

121 2411 223 39 l'ambiance
370 2426 70 22 une
465 2409 195 51 simplicité
687 2408 138 50 proche
852 2407 50 38 de
927 2407 30 37 la
983 2408 37 36 sé-

120 2469 131 42 vérité,
296 2467 93 38 c'est
429 2465 239 50 l'impression
711 2463 151 38 d'ordre
906 2462 134 50 qu'elle

125 2537 170 36 procure;
321 2521 51 38 tel
399 2521 81 38 doit
504 2523 83 35 être
612 2519 33 39 le
671 2518 117 40 cadre
815 2518 111 38 d'une
952 2519 72 36 acti-

121 2580 77 36 vité
222 2580 229 40 consciente,
476 2573 244 52 responsable
745 2580 39 32 et
809 2573 207 38 ordonnée.

125 2735 56 44 LE
219 2732 276 46 BATIMENT

122 2843 109 38 C'est
253 2841 46 38 du
323 2839 310 40 rassemblement
654 2844 40 33 et
713 2838 50 38 de
786 2836 255 39 l'articulation

122 2896 217 40 rationnelle
367 2897 50 37 de
445 2901 83 32 tous
556 2910 63 23 ces
647 2893 183 39 éléments
859 2907 74 35 que
962 2892 80 37 doit

121 2953 154 39 résulter
299 2952 33 39 le
371 2952 135 37 PLAN.

123 3031 47 37 Le
195 3034 131 34 centre
351 3027 196 40 d'activité
572 3033 57 33 est
656 3026 29 38 la
712 3025 130 44 classe;
870 3027 107 46 siège
1003 3028 41 33 et

123 3086 68 37 lieu
214 3085 50 38 de
286 3086 150 36 réunion
458 3083 50 38 de
529 3082 30 39 la
583 3081 241 44 collectivité;
847 3080 70 39 elle
941 3095 83 23 cons-

121 3144 96 35 titue
249 3139 33 39 le
313 3140 108 50 foyer
453 3144 131 33 autour
614 3136 137 51 duquel
784 3152 39 22 se
855 3139 189 47 groupent

124 3196 112 39 celles
268 3196 67 38 des
368 3194 275 51 dépendances
675 3195 59 48 qui
769 3196 83 34 sont
883 3191 51 38 les
970 3189 74 52 plus

123 3252 283 49 fréquemment
434 3250 161 38 utilisées
623 3254 41 33 et
692 3250 59 48 qui
780 3248 155 37 doivent
962 3248 83 36 être

127 3306 254 52 particulières
408 3307 20 36 à
456 3306 147 48 chaque
631 3303 117 39 classe
776 3318 8 23 :
813 3318 70 22 une
911 3304 134 36 entrée

126 3363 159 43 directe,
322 3377 43 23 un
401 3363 186 42 vestiaire,
624 3375 42 23 un
703 3359 167 46 lavatory
904 3363 40 33 et
978 3357 69 37 des

126 3434 103 28 w.-c.,
259 3433 42 22 un
327 3417 122 38 réduit
474 3421 206 33 contenant
703 3415 33 37 le
761 3412 168 40 matériel
955 3412 92 38 dont

127 3474 29 38 la
193 3473 122 48 garde
349 3477 58 34 est
442 3471 151 39 confiée
629 3473 19 35 à
685 3469 253 43 l'institutrice,
977 3483 70 22 une

127 3535 162 33 terrasse
326 3533 40 33 et
401 3543 42 22 un
480 3527 115 47 jardin
632 3525 227 51 particuliers
894 3540 21 34 y
950 3528 79 33 atte-

128 3590 87 33 nant
243 3589 50 39 et,
323 3586 25 36 si
379 3582 172 51 possible,
579 3581 31 39 la
641 3584 122 47 petite
790 3580 87 39 salle
904 3593 141 24 annexe

128 3641 50 39 de
207 3655 112 35 repos
347 3645 40 32 et
414 3638 172 38 d'étude.
616 3638 122 37 Cette
767 3636 173 39 dernière
971 3650 59 23 cor-

127 3695 163 52 respond
319 3711 65 21 aux
411 3693 177 51 périodes
612 3693 268 49 d'occupation
906 3692 126 36 stricte-

130 3756 103 35 ment
261 3749 269 44 individuelles;
561 3748 30 38 la
621 3748 117 39 classe
769 3752 57 33 est
854 3746 33 38 le
918 3749 131 35 centre

130 3808 47 38 du
199 3805 129 40 travail
349 3821 46 22 en
417 3820 183 23 commun.
624 3803 110 44 Enfin,
756 3802 31 39 la
810 3802 86 38 salle
919 3801 50 38 de
991 3803 58 47 jeu

130 3869 58 33 est
221 3862 175 39 affectée
431 3876 65 23 aux
528 3862 172 37 activités
730 3862 127 34 toutes
889 3855 145 39 collecti-

130 3934 79 27 ves;
231 3917 70 39 elle
325 3922 91 45 peut
436 3918 110 37 servir
567 3917 19 36 à
610 3914 174 51 plusieurs
804 3927 165 36 groupes
989 3911 63 51 (de

134 3974 228 51 préférence
391 3988 66 34 pas
483 3971 75 51 plus
584 3971 50 38 de
660 3970 106 43 deux,
792 3970 89 37 trois
908 3983 43 23 au
979 3981 75 24 ma-

2117 320 72 46 Fig.
2227 321 76 35 163.

2125 1780 72 46 Fig.
2235 1782 76 33 164.

2188 3080 72 46 Fig.
2298 3081 77 34 165.

1159 3113 72 46 Fig.
1269 3114 77 34 166.
