5235 7282
232 196 319 71 Umfang
596 195 177 57 acht
821 195 244 57 Seitesa

4107 191 502 77 Etnzeibfizug;|
4617 191 95 75 151
4719 195 304 73 Pfennig

257 356 1582 749 DER
2367 356 2637 749 STURM

256 1185 1673 160 WOCHENSCHRIFT
2017 1165 359 180 FÜR
2467 1192 762 156 KULTUR
3341 1196 400 152 UND
3849 1199 312 146 DIE
4259 1172 748 183 KÜNSTE

341 1494 241 44 RfidaMion
621 1495 85 41 und
744 1494 180 53 Verlag:
972 1493 142 42 Berlin
1156 1493 66 43 W.
1254 1499 27 39 9
1328 1499 13 48 /
1389 1495 420 44 Potsdamerstrasse
1861 1498 48 36 18

343 1577 395 55 Fernsprecher
798 1578 100 40 Amt
960 1577 181 44 Lützow
1173 1583 109 38 4443
1347 1582 12 45 /
1422 1579 217 53 Anzeigen
1650 1601 16 6 -
1681 1577 228 44 Annahme

348 1675 63 31 :-:
483 1662 136 43 durch
651 1661 82 43 den
767 1661 160 55 Verlag
960 1664 90 40 und
1081 1663 226 45 sämtliche
1339 1662 435 43 Annoncenbureaus
1837 1676 71 28 :-:

3353 1494 420 55 Viertöljahrsbezug
3810 1499 92 48 1,50
3931 1495 124 43 Mark
4115 1497 12 49 /
4188 1496 398 54 Halbjahresbezug
4616 1502 93 45 3,~
4742 1496 125 44 Mark
4902 1496 11 53 /

3353 1579 299 57 Jahresbezug
3681 1583 93 47 6,—
3809 1581 124 42 Mark
3980 1582 11 50 /
4039 1582 65 41 bei
4143 1581 128 43 freier
4301 1579 250 56 Zustellung
4598 1582 11 54 j
4659 1581 255 45 Insertion«-

3355 1665 112 53 preis
3523 1664 69 44 für
3647 1666 68 41 die
3764 1665 344 55 funfgespaltene
4173 1665 381 52 Nonpareillezeüe
4615 1666 55 39 60
4734 1663 180 56 Pfennig

2164 1523 373 55 Herausgeber
2569 1527 100 40 und
2700 1523 389 45 Schriftleiter:

2172 1609 474 67 HERWARTH
2719 1610 366 63 WALDEN

230 1853 459 81 JAHRGANG
743 1856 158 61 1912

2170 1854 291 68 BERLIN
2512 1854 383 69 FEBRUAR
2946 1859 156 61 1912

4519 1853 384 67 NUMMER
4944 1854 84 63 96

234 2061 277 69 Inhalt:

581 2064 278 58 TRUST:
898 2068 101 50 Die
1038 2064 236 53 Woche:
1314 2063 241 69 Vortrag
1592 2079 107 36 von
1739 2063 231 52 William
2012 2064 200 53 Wauer
2261 2069 20 56 /
2330 2064 102 51 Die
2471 2083 266 49 anonyme
2772 2068 295 50 Zeitschrift
3102 2073 24 59 /
3172 2066 100 52 Die
3311 2066 184 52 zweite
3524 2066 257 68 juryfreie
3817 2066 339 51 Kunstschau
4191 2071 24 59 /
4254 2064 293 53 ALFRED
4586 2051 293 64 DÖBLIN:
4916 2063 115 52 Der

581 2137 268 53 schwarz«
887 2135 266 71 Vorhang
1187 2137 22 61 /
1246 2134 214 52 Roman
1504 2140 20 58 /
1563 2132 202 54 HANS
1826 2134 452 67 EHRENBAUM
2313 2134 320 56 DEGELE:
2674 2135 230 53 Gedicht
2941 2137 21 69 /
3001 2137 179 53 ELSE
3218 2137 673 54 LASKER-SCHULER:
3932 2137 171 51 Briefe
4140 2135 136 53 nach
4311 2139 309 64 Norwegen
4657 2139 20 67 /
4697 2132 337 52 RICHARD

237 2203 263 56 PUCHS:
540 2205 158 52 Wien
745 2210 22 61 /
805 2203 355 53 GUNTHER
1216 2188 234 68 MÜRR:
1526 2205 281 66 Hamburg
1843 2206 22 61 /
1912 2203 244 53 CESAR
2193 2205 240 51 KLEIN:
2496 2206 556 68 Originalholzschnitt
3091 2212 20 59 /
3170 2206 181 70 JOHN
3419 2206 183 70 JACK
3659 2206 544 58 VRIESLANDER:
4266 2205 208 52 Pariser
4540 2203 417 54 Cafe-Concerta
5006 2205 23 61 /

239 2276 303 68 Zeichnung
544 2293 66 35 es

239 6665 286 117 John
601 6668 278 112 Jack
959 6665 765 102 Vrieslander:
1798 6712 273 56 Pariser
2113 6714 519 58 Café-Concerts
2671 6721 22 57 /
2738 6665 490 119 Zeichnungen
