2606 4120
1081 486 76 40 LA
1187 480 381 50 CHRONIQUE
1599 475 317 44 MUSICALE

629 495 79 40 116

625 668 60 28 un
707 666 147 42 espace
872 651 297 43 relativement
1183 647 213 54 restreint,
1418 645 73 41 des
1511 650 249 36 ouvertures
1781 653 111 43 pour
1914 637 174 43 l'entrée
2110 642 41 33 et
2171 635 40 40 la
2232 632 127 42 sortie

625 727 278 41 simultanées
923 726 51 41 de
993 725 73 41 dix
1086 724 207 42 voitures.

680 799 63 41 La
765 799 208 41 huitième
999 796 217 42 merveille
1249 795 59 41 du
1329 793 174 53 monde,
1526 799 151 33 a-t-on
1705 788 64 42 dit
1796 785 329 55 ironiquement
2149 793 54 29 au
2226 780 136 40 début

625 873 52 40 de
695 880 105 35 cette
822 871 256 55 entreprise;
1101 870 77 41 elle
1200 869 94 41 l'est
1315 868 96 55 plus
1434 867 131 55 qu'on
1585 879 53 27 ne
1659 864 38 41 le
1717 862 120 42 croit.

1364 1063 58 30 LE
1465 1062 174 29 CINTRE

683 1206 79 41 Cet
783 1204 194 54 entrepôt
1000 1202 52 40 de
1073 1200 40 42 la
1141 1200 175 54 plupart
1336 1197 73 41 des
1444 1204 192 33 moteurs
1665 1193 71 41 des
1764 1192 147 40 décors
1938 1196 61 33 est
2032 1186 198 42 terminé.
2330 1183 35 40 Il

626 1277 236 56 comprend
891 1276 100 54 cinq
1030 1276 155 50 étages.
1215 1271 71 41 On
1314 1285 28 40 y
1368 1270 92 40 voit
1484 1268 103 40 clair
1618 1279 98 28 sans
1741 1265 37 40 le
1809 1275 171 29 secours
2009 1261 72 40 des
2112 1260 176 53 lampes,
2325 1259 41 38 la

626 1351 133 56 partie
786 1348 248 56 supérieure
1055 1348 119 39 étant
1192 1345 144 54 percée
1357 1343 51 41 de
1430 1342 194 41 fenêtres.
1653 1339 72 40 Un
1744 1336 190 42 corridor
1955 1333 219 41 circulaire
2195 1338 61 33 est
2276 1331 66 39 éta-

628 1425 59 40 bli
711 1430 23 35 à
752 1425 168 52 chaque
940 1423 132 52 étage.
1107 1420 121 40 Dans
1249 1418 111 40 celui
1383 1415 76 55 qui
1490 1423 62 32 est
1574 1415 37 40 le
1632 1414 98 53 plus
1752 1408 235 57 rapproché
2008 1407 51 40 de
2080 1406 40 40 la
2143 1406 140 43 scène,
2306 1403 60 39 les

628 1491 277 41 machinistes
926 1489 92 40 font
1037 1488 40 40 la
1100 1486 187 54 majeure
1307 1483 136 56 partie
1465 1482 50 40 de
1535 1481 93 40 leur
1646 1479 177 40 service.

684 1562 84 40 Des
788 1569 220 44 traverses,
1030 1567 170 34 servant
1219 1559 51 38 de
1290 1555 268 55 garde-fous,
1578 1562 96 31 sont
1695 1550 163 55 placées
1879 1548 105 39 dans
2009 1554 120 32 toute
2150 1562 14 21 1
2182 1542 183 41 étendue

628 1634 51 41 de
699 1649 66 26 ces
785 1634 214 41 corridors
1019 1640 41 33 et
1079 1638 171 48 portent
1269 1642 62 28 un
1362 1627 167 41 arsenal
1550 1626 51 40 de
1625 1622 199 42 chevilles
1846 1620 213 54 disposées
2082 1630 100 28 avec
2206 1616 39 40 la
2269 1614 100 53 plus

627 1708 158 54 grande
805 1705 247 54 régularité.
1075 1703 77 53 Là,
1171 1701 266 52 s'attachent,
1457 1712 41 26 se
1520 1698 154 40 relient
1690 1696 58 40 les
1765 1693 212 55 plafonds,
1992 1693 59 39 les
2070 1691 218 54 poignées,
2309 1688 60 40 les

630 1794 97 40 gros
746 1779 216 53 cordages,
986 1778 61 40 les
1067 1776 167 48 fermes,
1258 1775 59 40 les
1347 1772 158 53 herses,
1528 1770 59 41 les
1613 1776 209 43 moteurs,
1844 1766 59 39 les
1935 1764 205 51 soutiens,
2164 1762 59 41 les
2245 1761 99 54 adju-

628 1860 124 33 vants
772 1851 51 40 de
844 1851 40 40 la
906 1847 261 43 machinerie
1185 1846 221 41 théâtrale»

686 1925 85 41 Dix
792 1931 128 47 ponts
940 1919 168 43 volants
1130 1925 237 36 traversent
1388 1918 40 40 la
1451 1917 120 40 scène
1591 1914 58 41 du
1673 1921 204 33 manteau
1899 1907 243 56 d'arlequin
2165 1921 55 28 au
2241 1907 109 40 corri-

632 2000 76 40 dor
729 1997 58 41 du
805 1996 100 41 fond
923 2004 38 31 et
982 1992 211 42 facilitent
1214 1991 39 41 la
1273 2002 251 29 manœuvre
1548 1986 229 42 nécessitée
1793 1998 77 41 par
1889 1983 60 40 les
1962 1995 163 41 grosses
2142 1980 135 54 pièces
2298 1979 73 40 des

635 2071 157 55 grands
819 2070 160 39 décors.
1075 2065 80 41 Les
1177 2072 126 47 ponts
1336 2070 98 33 sont
1457 2060 234 42 construits
1718 2072 51 26 en
1792 2070 165 40 grosses
1978 2056 147 40 cordes
2148 2054 193 53 goudron-

631 2147 110 45 nées,
767 2156 52 27 en
844 2142 45 40 fil
910 2142 50 39 de
981 2140 153 53 laiton,
1157 2152 52 26 en
1232 2138 71 42 fer.
1328 2145 40 31 et
1390 2143 97 32 sont
1508 2135 129 39 d'une
1662 2131 173 42 solidité
1856 2135 23 34 à
1900 2135 122 34 toute
2046 2129 196 53 épreuve,
2267 2124 102 42 bien

631 2230 84 42 que
750 2216 130 40 d'une
912 2225 238 44 apparence
1178 2211 161 53 fragile.
1364 2232 47 9 —
1411 2232 5 7 1
1440 2208 69 40 Du
1532 2212 183 35 sommet
1747 2204 58 40 du
1838 2203 137 40 cintre
2008 2200 259 40 descendent
2298 2198 73 40 des

633 2290 179 41 milliers
833 2289 51 39 de
906 2288 197 52 cordages
1125 2299 41 27 se
1181 2283 242 41 rattachant
1444 2286 23 36 à
1487 2281 72 40 des
1575 2279 182 56 poulies,
1774 2278 72 39 des
1868 2276 242 51 tambours,
2127 2273 70 40 des
2218 2271 153 42 treuils

635 2363 141 55 placés
797 2362 105 39 dans
922 2360 58 40 les
1002 2361 141 50 étages
1165 2357 242 54 supérieurs
1428 2362 40 32 et
1488 2354 107 39 dans
1617 2352 37 40 le
1675 2351 96 52 gril.

688 2427 161 51 Quand
873 2427 60 40 les
957 2423 279 43 machinistes
1266 2422 208 40 circulent
1496 2427 40 33 et
1556 2419 246 41 travaillent
1825 2430 71 27 sur
1926 2429 67 28 ces
2029 2422 125 46 ponts
2189 2423 158 42 suspen-

633 2503 95 49 dus,
747 2501 54 40 ils
824 2507 98 33 sont
942 2512 52 27 en
1010 2498 141 54 pleine
1168 2496 107 41 forêt
1289 2497 51 38 de
1362 2497 125 49 mâts,
1505 2501 40 32 et
1559 2505 110 42 pour
1686 2504 83 41 peu
1785 2491 166 53 qu'une
1973 2501 91 27 mer
2082 2485 150 41 factice
2250 2484 122 40 roule

638 2588 64 27 ses
724 2587 161 40 vagues
908 2571 261 42 au-dessous
1186 2568 142 50 d'eux,
1350 2566 211 41 l'illusion
1581 2573 63 31 est
1665 2564 210 53 complète
1898 2570 40 32 et
1960 2560 51 41 ils
2032 2567 77 33 ont
2128 2559 38 40 le
2186 2557 114 40 droit
2321 2556 52 40 de

633 2659 44 28 se
698 2648 138 39 croire
857 2658 72 28 sur
948 2644 40 40 la
1010 2645 168 38 mâture
1200 2641 107 40 d'un
1332 2638 374 43 Great-Eastern.

691 2719 81 40 Les
801 2717 101 53 cinq
921 2718 139 52 étages
1081 2728 74 26 sur
1178 2711 184 55 lesquels
1392 2724 110 28 nous
1530 2723 167 27 venons
1718 2709 51 39 de
1792 2707 102 54 jeter
1917 2719 62 28 un
2007 2703 258 56 coup-d'œil
2295 2710 78 33 ont

635 2799 97 34 tous
750 2804 83 28 vue
852 2803 74 28 sur
947 2789 40 40 la
1009 2791 134 40 scène.
1239 2786 167 50 Quatre
1424 2792 144 33 autres
1588 2789 97 35 sont
1705 2781 184 42 destinés
1912 2793 57 28 au

1444 3001 118 31 GIUL

692 3139 122 44 Cette
835 3138 136 56 partie
992 3137 59 40 du
1083 3136 137 39 cintre
1249 3140 61 34 est
1331 3145 97 27 sans
1450 3131 131 40 doute
1606 3128 110 41 ainsi
1740 3126 200 41 nommée
1961 3130 24 35 à
2006 3136 126 29 cause
2153 3123 51 40 de
2223 3122 42 41 la
2286 3123 88 40 dis»

637 3215 192 54 position
851 3213 50 40 de
924 3224 77 28 son
1020 3208 220 56 plancher,
1255 3205 133 42 formé
1409 3204 50 40 de
1481 3203 118 41 frises
1620 3201 306 41 transversales
1946 3198 215 53 éloignées
2182 3196 51 40 de
2255 3195 98 55 quel-

637 3301 106 41 ques
776 3285 270 42 centimètres
1075 3281 59 41 les
1168 3293 107 27 unes
1302 3278 71 40 des
1404 3284 157 34 autres.
1594 3275 164 40 Toutes
1793 3274 58 39 les
1879 3272 269 40 dimensions
2180 3270 50 40 de
2262 3278 86 31 tam-

639 3361 146 48 bours,
804 3359 51 40 de
877 3356 197 53 moufles,
1097 3355 49 40 de
1169 3352 181 57 poulies,
1366 3351 51 40 de
1437 3347 306 56 contre-poids,
1765 3347 51 39 de
1837 3353 216 45 cassettes,
2068 3359 28 40 y
2119 3351 97 33 sont
2237 3342 117 54 repré-

639 3434 179 39 sentées.
840 3431 63 40 De
924 3444 68 27 ces
1014 3437 192 34 moteurs
1228 3433 170 48 partent
1418 3423 59 41 les
1496 3421 65 41 fils
1583 3435 84 40 que
1689 3434 111 27 nous
1822 3433 135 27 avons
1975 3417 241 42 considérés
2237 3423 98 33 tout
2354 3417 23 37 à

638 3505 176 42 l'heure.
907 3504 133 41 Grâce
1058 3506 22 38 à
1101 3515 65 28 ces
1188 3508 207 44 moteurs,
1418 3497 52 42 ils
1496 3494 332 55 accomplissent
1848 3493 116 42 leurs
1986 3491 201 41 missions
2207 3500 168 42 respec-
