2606 4120
535 487 80 56 124

977 491 78 41 LA
1085 491 377 52 CHRONIQUE
1495 494 315 43 MUSICALE

986 637 35 38 O
1039 638 158 51 Jupiter
1218 640 15 37 !
1253 638 22 39 ô
1282 642 174 48 fureurs
1479 642 245 38 inhumaines
1744 643 17 37 !

1107 701 168 38 Eternel
1289 703 272 50 persécuteur,

985 760 64 37 De
1072 760 223 52 l'infortune
1317 763 194 48 créateur,
1537 770 72 31 etc.

525 884 39 31 et
597 890 83 25 non
708 892 68 35 pas
809 880 48 37 de
880 881 230 49 Vinfortuné
1112 913 7 18 ,
1148 896 157 25 comme
1327 897 53 24 on
1409 886 49 36 l'a
1478 886 187 48 imprimé
1688 896 8 27 :
1721 887 84 37 cela
1837 894 59 30 est
1923 889 80 35 très
2034 888 231 48 janséniste,

523 938 72 36 par
616 930 251 46 conséquent
888 934 79 32 très
986 931 225 37 orthodoxe
1236 933 98 36 dans
1353 933 36 37 le
1414 941 129 40 temps
1564 936 183 47 présent;
1774 946 64 25 ces
1861 937 173 46 bougres
2053 937 89 36 font
2163 938 102 36 Dieu

523 982 145 30 auteur
689 978 54 34 du
765 978 138 47 péché,
927 979 33 49 je
983 991 102 24 veux
1104 980 35 36 le
1159 981 84 36 dire
1261 985 21 33 à
1304 981 172 48 l'Opéra.
1496 984 55 35 Ce
1567 983 100 48 petit
1682 983 232 48 blasphème
1930 986 96 47 sied,
2046 985 216 48 d'ailleurs,

522 1023 22 36 à
571 1025 205 36 merveille
792 1026 97 37 dans
910 1026 38 37 la
964 1027 157 37 bouche
1143 1028 48 37 de
1217 1030 251 38 Prométhée.
1494 1047 18 16 »

579 1143 82 40 Pas
675 1143 51 41 de
747 1146 346 53 commentaires,
1120 1148 177 44 n'est-ce
1319 1164 73 40 pas
1415 1154 66 39 ?...

577 1216 56 40 Et
647 1216 40 40 le
709 1218 239 52 patriarche
968 1219 51 41 de
1043 1221 168 56 Ferney
1237 1224 263 53 continuait,
1525 1226 48 40 de
1597 1226 98 54 plus
1717 1226 125 54 belle,
1860 1232 22 36 à
1903 1235 252 46 rapetasser
2171 1228 14 54 (
2187 1229 77 53 sic)

521 1300 44 27 sa
586 1288 208 43 Pandore
806 1322 10 16 ,
837 1290 137 42 docile
1002 1297 23 35 à
1056 1301 140 33 toutes
1228 1295 59 41 les
1325 1296 220 54 exigences
1568 1298 51 40 de
1645 1312 77 27 son
1757 1299 232 53 musicien,
2013 1301 110 53 qu'il
2145 1315 94 26 acca-

520 1359 106 43 blait
648 1362 50 39 de
726 1362 156 51 lettres,
908 1366 250 54 auxquelles
1186 1367 30 41 il
1246 1371 141 52 paraît
1415 1384 84 41 que
1521 1383 45 28 ce
1589 1371 170 41 dernier
1788 1386 53 26 ne
1868 1373 227 54 répondait
2115 1378 145 50 guère.

522 1448 23 24 «
564 1433 48 42 Je
632 1434 38 41 le
686 1436 122 52 crois,
832 1437 134 54 dit-il,
982 1438 81 42 fort
1075 1443 160 53 occupé
1256 1446 23 36 à
1298 1443 246 51 Versailles;
1567 1446 124 51 mais,
1707 1445 120 41 fût-il
1847 1447 185 53 premier
2048 1447 213 54 ministre,

520 1505 33 41 il
580 1520 52 26 ne
659 1508 92 41 faut
772 1523 75 41 pas
873 1512 191 53 négliger
1083 1514 207 41 Pandore
1296 1547 8 9 .
1330 1532 18 20 »
1374 1516 155 42 C'était
1552 1530 78 27 son
1660 1518 123 48 dada,
1808 1533 43 26 sa
1883 1519 277 54 Rossinante,
2185 1534 77 28 son

520 1577 92 41 idée
630 1579 81 41 fixe
726 1593 10 40 ;
763 1581 31 40 il
816 1595 52 27 en
891 1585 222 41 rabâchait
1140 1599 96 26 sans
1267 1600 126 28 cesse.
1419 1590 39 37 A
1488 1590 40 38 la
1550 1588 75 51 fin,
1656 1590 296 55 l'impatience
1975 1592 136 54 prend
2138 1600 124 33 notre

518 1650 165 41 rimeur
703 1661 42 31 et
771 1653 36 40 le
837 1668 155 39 pousse
1018 1661 22 35 à
1061 1657 346 54 l'impertinence
1428 1676 7 24 :
1465 1677 17 21 «
1505 1661 49 40 Je
1583 1675 53 26 ne
1670 1663 82 39 sais
1780 1664 217 53 pourquoi
2021 1664 63 40 M.
2110 1664 51 41 de
2201 1665 60 40 La

520 1722 138 41 Borde
680 1737 40 27 m
740 1726 258 41 abandonne
1020 1729 344 42 obstinément...
1392 1732 141 39 Est-ce
1565 1747 123 38 parce
1719 1734 106 53 qu'il
1857 1748 53 26 ne
1932 1749 43 26 se
1998 1736 145 40 soucie
2165 1736 97 54 plus

517 1796 50 39 de
588 1795 213 42 Pandore
825 1799 24 38 ?
871 1806 133 33 est-ce
1023 1800 165 54 caprice
1208 1801 50 40 de
1279 1803 135 53 grand
1438 1804 212 41 musicien
1671 1820 57 27 ou
1745 1806 250 54 négligence
2009 1807 49 40 de
2075 1808 185 54 premier

516 1867 112 41 valet
648 1868 50 40 de
722 1869 201 41 chambre
946 1868 15 43 ?
983 1887 19 23 »

574 1940 72 40 Lm
673 1942 109 39 mois
809 1957 42 26 se
873 1957 118 40 passe
1013 1959 97 27 sans
1136 1948 219 41 nouvelles
1378 1949 58 40 du
1467 1951 210 41 musicien
1697 1967 9 36 ;
1731 1953 191 41 Voltaire
1941 1954 72 53 n'y
2034 1954 110 41 tient
2163 1955 98 52 plus

518 2020 42 33 et
586 2027 42 26 se
650 2022 88 32 met
759 2020 22 34 à
815 2016 217 54 déprécier
1050 2019 178 41 l'œuvre
1247 2021 51 40 de
1324 2035 75 26 son
1422 2023 332 52 collaborateur,
1780 2039 52 26 en
1862 2034 206 33 revenant
2095 2041 74 26 sur
2197 2041 62 26 ses

520 2084 277 56 impressions
820 2089 33 39 si
875 2089 236 42 favorables
1141 2093 76 52 qui
1246 2101 210 35 tournent
1474 2096 109 40 alors
1604 2100 23 36 à
1649 2098 39 40 la
1712 2098 186 54 critique
1921 2101 139 38 amère
2081 2114 56 26 ou
2159 2107 101 34 tout

515 2171 54 26 au
592 2158 142 41 moins
755 2165 23 35 à
800 2160 307 55 l'aigre-doux.
1133 2180 16 21 «
1174 2165 150 50 Quant
1346 2171 22 35 à
1399 2168 40 40 la
1461 2169 206 54 musique
1693 2171 49 38 de
1766 2171 61 40 M.
1861 2172 50 39 de
1944 2172 61 40 La
2037 2173 150 49 Borde,
2221 2174 37 53 je

515 2244 68 26 me
611 2233 202 39 souviens
846 2235 162 40 d'avoir
1036 2237 65 39 été
1133 2242 82 36 très
1251 2248 177 33 content
1452 2241 51 40 de
1531 2256 45 26 ce
1609 2256 84 40 que
1713 2244 253 53 j'entendis;
1991 2248 108 38 mais
2129 2247 30 41 il
2189 2261 67 27 me

515 2313 128 44 parut
661 2319 84 40 que
758 2314 105 33 cette
881 2309 203 53 musique
1101 2313 245 52 manquait,
1370 2328 51 25 en
1440 2315 210 53 quelques
1666 2317 209 54 endroits,
1895 2319 50 39 de
1959 2328 109 31 cette
2086 2321 169 53 énergie

514 2384 42 32 et
582 2376 51 39 de
661 2390 44 26 ce
732 2379 188 40 sublime
944 2394 84 39 que
1061 2382 119 40 Lulli
1209 2392 42 33 et
1275 2384 193 42 Rameau
1490 2396 76 31 ont
1589 2388 114 40 seuls
1731 2402 169 28 connus
1922 2400 40 32 et
1992 2406 84 40 que
2096 2392 158 55 l'opéra

513 2446 200 54 comique
734 2462 27 25 11
779 2448 206 54 inspirera
1006 2450 151 53 jamais
1180 2457 21 36 à
1223 2468 108 27 ceux
1353 2456 75 54 qui
1450 2457 164 41 aiment
1636 2460 32 38 il
1686 2467 134 47 gusto
1841 2462 191 53 grande.
2058 2479 18 20 »

568 2517 234 44 Comment
825 2522 203 40 concilier
1049 2533 106 32 cette
1177 2528 184 53 énergie
1382 2536 42 32 et
1443 2542 48 27 ce
1512 2531 184 40 sublime
1719 2545 82 39 que
1823 2533 191 40 Voltaire
2034 2537 222 38 reconnaît

512 2589 53 41 ici
588 2594 23 36 à
632 2591 133 50 Lulli,
795 2607 117 40 après
934 2597 136 51 avoir,
1095 2611 84 40 peu
1202 2610 282 43 auparavant,
1510 2603 125 40 traité
1655 2603 40 41 la
1718 2606 203 53 musique
1942 2607 50 39 de
2012 2620 44 26 ce
2079 2621 147 41 compo-

513 2663 134 41 siteur
668 2666 24 38 d
711 2680 93 26 airs
837 2668 57 39 du
920 2669 311 54 Pont-Neuf?
1251 2673 114 41 C'est
1387 2675 127 52 ainsi,
1537 2677 98 54 qu'à
1664 2686 97 32 tout
1793 2688 208 43 moment,
2027 2681 37 40 le
2090 2681 166 42 rimeur

510 2736 52 40 de
583 2738 213 40 Pandore
816 2750 59 30 est
898 2741 84 53 pris
1006 2756 52 26 en
1077 2742 186 55 flagrant
1279 2747 103 40 délit
1399 2748 51 39 de
1471 2750 317 41 contradiction
1811 2766 53 26 au
1889 2752 183 54 premier
2089 2753 107 42 chef.

565 2809 268 57 Cependant,
857 2813 37 40 le
916 2815 284 42 malheureux
1222 2820 127 52 opéra
1371 2834 52 26 en
1445 2823 202 51 question
1664 2823 184 54 risquait
1863 2825 82 40 fort
1960 2826 49 40 de
2032 2840 52 26 ne
2103 2826 152 54 jamais

510 2883 87 39 être
625 2881 121 54 joué;
785 2898 83 27 une
906 2888 199 40 occasion
1147 2900 208 42 pourtant
1389 2893 133 54 poind
1563 2899 22 36 à
1625 2896 210 41 l'horizon
1875 2898 50 40 de
1964 2898 105 40 faire
2107 2899 145 53 servir,

509 2967 53 27 ne
602 2956 137 40 fût-ce
775 2970 54 40 qu
853 2971 85 27 une
969 2959 93 51 fois,
1087 2975 94 26 vers
1211 2971 41 32 et
1543 2977 40 31 et
1618 2968 188 41 Voltaire
1847 2983 53 27 ne
1935 2970 40 40 la
2013 2971 125 40 laissa
2180 2985 73 35 pas

508 3025 232 56 échapper;
772 3028 30 40 il
826 3034 143 49 espère
999 3045 61 26 un
1088 3044 196 32 moment
1312 3050 83 40 que
1429 3051 76 27 son
1538 3052 150 27 œuvre
1712 3044 186 50 paraîtra
1927 3055 112 40 pour
2069 3043 59 39 les
2152 3042 101 42 fêtes

507 3098 58 40 du
605 3100 189 54 mariage
830 3102 57 40 du
928 3102 198 55 dauphin
1169 3105 172 56 (depuis
1384 3109 135 41 Louis
1557 3112 125 39 XVI
1686 3114 32 48 ),
1750 3121 40 31 et
1829 3113 29 41 il
1896 3114 166 40 adresse
2095 3116 124 40 immé-

507 3171 236 42 diatement
763 3187 55 26 au
840 3175 134 52 grand
994 3178 294 40 ordonnateur
1308 3180 72 40 des
1397 3194 174 42 pompes
1592 3184 50 39 de
1663 3198 103 26 cour
1783 3199 59 26 un
1858 3186 117 53 éloge
1991 3197 259 45 somptueux

506 3243 51 40 de
586 3244 41 40 la
656 3246 204 54 musique
894 3248 51 40 de
971 3248 39 41 la
1045 3250 154 48 Borde,
1296 3254 199 40 nouvelle
1517 3256 225 41 volte-face
1767 3258 108 53 qu'il
1900 3258 106 41 n'est
2032 3274 75 40 pas
2135 3261 97 41 diffi-

507 3316 79 40 cile
621 3316 128 43 sinon
786 3319 51 41 de
873 3319 201 57 justifier,
1098 3324 59 39 du
1194 3324 144 41 moins
1368 3326 267 56 d'expliquer
1669 3343 74 40 par
1775 3332 39 38 le
1844 3331 109 40 désir
1987 3334 153 41 ardent
2173 3335 78 52 qui

506 3387 37 40 le
565 3388 120 41 brûle
706 3391 49 40 de
776 3404 117 28 caser
911 3393 117 42 enfin
1050 3410 43 26 sa
1115 3397 207 41 Pandore
1327 3431 8 8 .
1353 3398 71 41 On
1447 3403 234 52 comprend
1705 3403 39 40 la
1767 3403 151 41 finesse
1940 3404 52 42 de
2011 3405 236 53 l'allusion,

507 3459 40 41 la
574 3460 221 56 dauphine
824 3474 41 32 et
894 3466 197 43 Pandore
1108 3486 10 35 ;
1148 3469 30 42 il
1200 3479 62 33 est
1284 3472 89 41 vrai
1395 3486 86 41 que
1505 3474 38 40 le
1565 3483 107 33 reste
1698 3475 50 41 de
1778 3478 40 40 la
1845 3476 150 43 fiction
2023 3481 106 40 n'est
2156 3479 92 42 rien
