2606 4120
978 486 77 41 LA
1086 483 381 50 CHRONIQUE
1499 481 318 43 MUSICALE

537 492 80 38 100

528 633 129 40 faible
677 642 41 31 et
740 633 48 39 de
809 631 246 56 Popprimé.
1084 632 82 40 Les
1187 630 110 42 idées
1319 629 175 42 sociales
1516 642 41 27 se
1576 627 305 42 transforment
1910 633 41 33 et
1972 625 234 54 s'épurent,
2227 624 40 41 le

528 706 234 41 sentiment
782 706 51 40 de
849 705 159 41 l'infini
1029 706 193 40 embrase
1240 705 58 41 les
1332 707 132 48 âmes,
1487 703 39 41 la
1548 701 222 42 fraternité
1792 713 179 41 marque
1990 699 184 41 l'aurore
2192 696 75 41 des

528 786 139 47 temps
689 792 239 31 nouveaux,
951 778 118 41 Dans
1086 793 61 27 un
1168 778 75 41 ciel
1259 779 166 40 austère
1441 777 126 55 plane
1580 777 38 41 le
1633 774 147 43 Christ
1795 773 179 41 entouré
1989 772 71 40 des
2075 778 187 46 martyrs

527 860 42 33 et
588 852 72 41 des
686 852 261 55 patriarches
973 866 8 27 :
1013 852 40 41 la
1074 851 179 54 religion
1279 851 110 41 mâle
1413 859 61 33 est
1496 851 91 40 née.

584 926 62 40 La
663 926 157 40 femme
842 926 132 53 prend
994 926 117 53 place
1131 939 85 26 aux
1234 926 111 40 côtés
1368 925 50 39 de
1438 924 206 40 l'homme
1661 930 41 33 et
1720 922 172 40 devient
1913 933 76 27 son
2011 917 132 55 égale.
2156 915 111 41 Sous

524 997 39 42 le
586 999 265 54 mysticisme
873 998 227 40 charmant
1120 997 50 40 de
1190 997 40 40 la
1244 997 155 53 Vierge
1415 997 129 50 mère,
1560 995 77 40 elle
1654 995 164 54 impose
1838 993 38 41 le
1898 999 161 48 respect
2080 998 41 33 et
2141 990 103 40 inau-

525 1084 106 40 gure
652 1072 40 40 la
713 1072 201 40 chasteté.
938 1071 59 41 Ce
1020 1070 65 40 fut
1107 1083 86 27 une
1215 1077 284 47 surprenante
1526 1077 42 31 et
1597 1067 205 55 profonde
1832 1063 354 43 transformation
2208 1070 60 44 et,

525 1157 53 29 en
615 1145 79 40 nul
731 1153 122 32 autre
887 1145 122 54 point
1048 1143 233 55 peut-être,
1321 1143 39 40 la
1393 1143 153 53 pensée
1584 1141 250 40 chrétienne
1872 1139 182 54 opposée
2088 1140 24 36 à
2144 1136 123 40 l'idée

524 1224 186 49 païenne
734 1231 51 27 ne
805 1218 121 40 brille
947 1217 51 41 de
1016 1216 148 42 lueurs
1186 1217 97 55 plus
1306 1214 302 56 personnelles.

581 1291 37 41 Il
638 1290 105 41 n'est
764 1303 75 42 pas
862 1293 22 38 à
907 1289 89 42 dire
1018 1303 77 42 par
1120 1289 85 41 cela
1227 1303 85 41 que
1332 1289 58 40 les
1413 1287 227 57 premières
1662 1286 174 42 sociétés
1858 1284 267 42 chrétiennes
2147 1282 120 42 aient

524 1364 373 42 immédiatement
938 1363 151 41 réalisé
1121 1363 140 41 l'idéal
1301 1362 58 41 du
1398 1361 121 41 divin
1561 1362 169 52 maître,
1755 1368 41 32 et
1835 1360 141 40 même
2006 1357 162 42 durant
2205 1357 62 40 les

522 1439 155 41 heures
710 1439 204 40 obscures
950 1437 60 40 du
1039 1449 158 42 moyen
1218 1439 91 50 âge,
1328 1436 38 40 le
1387 1444 89 33 sort
1509 1435 51 40 de
1580 1434 40 41 la
1641 1434 172 51 femme,
1836 1432 136 41 vouée
1995 1434 23 38 à
2036 1437 146 35 toutes
2203 1430 61 40 les

523 1510 267 54 ignorances,
820 1507 174 43 formait
1029 1522 61 28 un
1125 1508 120 41 triste
1276 1515 214 33 contraste
1517 1520 100 27 avec
1639 1506 38 40 le
1704 1505 87 40 rôle
1826 1504 179 41 brillant
2026 1502 51 41 de
2097 1501 146 42 l'Athé-

524 1583 175 53 nienne,
717 1595 75 42 par
808 1581 205 56 exemple.
1042 1581 34 40 Il
1097 1581 103 40 était
1220 1581 167 40 réservé
1412 1593 84 28 aux
1517 1587 137 47 temps
1676 1576 221 42 modernes
1923 1576 52 40 de
1995 1575 166 41 donner
2182 1588 80 28 son

522 1654 355 55 développement
914 1656 134 52 prévu
1083 1656 23 38 à
1138 1653 40 40 la
1218 1653 153 54 pensée
1410 1652 52 41 de
1502 1650 325 43 réhabilitation
1867 1649 197 41 enfantée
2112 1661 76 40 par
2222 1646 42 41 la

522 1729 162 39 morale
706 1727 295 54 évangélique.

578 1800 113 40 Mais
726 1799 57 41 les
817 1800 225 48 doctrines,
1083 1798 161 54 quelles
1272 1798 176 54 qu'elles
1482 1797 154 51 soient,
1672 1809 52 28 ne
1762 1795 219 41 sauraient
2021 1793 245 56 cependant

522 1872 197 42 anéantir
735 1872 231 41 l'éternelle
989 1879 153 33 nature
1162 1871 221 41 humaine.
1418 1871 63 40 La
1514 1871 169 50 femme,
1707 1881 237 42 compagne
1965 1867 50 41 de
2036 1867 225 48 l'homme,

522 1945 218 40 sanctifiée
775 1958 76 41 par
888 1945 38 40 le
956 1952 177 47 respect,
1161 1943 49 41 fît
1246 1945 136 40 naître
1421 1957 62 26 un
1517 1942 234 40 sentiment
1789 1954 217 37 nouveau,
2027 1953 57 27 ou
2120 1940 146 53 plutôt

523 2019 144 40 donna
689 2031 82 28 une
795 2017 197 41 nouvelle
1020 2017 136 41 forme
1187 2018 232 53 généreuse
1451 2024 40 32 et
1518 2015 139 41 élevée
1679 2027 56 27 au
1758 2013 236 41 sentiment
2014 2011 201 51 attractif,
2239 2015 23 36 à

521 2089 205 52 l'amour;
751 2100 41 32 et
830 2091 51 40 de
914 2104 46 27 ce
1000 2104 199 27 nouveau
1236 2089 248 51 sentiment,
1521 2093 21 35 à
1576 2088 150 40 l'excès
1759 2086 162 54 duquel
1951 2086 40 40 la
2026 2083 236 43 chevalerie

522 2164 143 41 devait
684 2165 165 40 donner
870 2178 77 27 son
971 2176 119 40 nom,
1115 2163 124 41 sortit
1260 2164 212 52 peut-être
1498 2169 124 34 toute
1653 2159 270 55 l'esthétique
1946 2159 217 40 moderne.
2189 2159 72 40 Du

523 2245 197 32 moment
740 2251 83 40 que
844 2236 38 41 la
906 2236 239 55 possession
1168 2237 50 39 de
1241 2235 39 41 la
1302 2234 155 41 femme
1477 2242 62 32 est
1569 2233 194 40 devenue
1785 2244 62 28 un
1871 2232 80 40 but
1974 2232 51 40 de
2055 2232 209 54 conquête

522 2310 173 40 morale
702 2342 8 21 ,
734 2316 108 34 cette
862 2308 349 55 préoccupation,
1230 2308 122 40 basée
1373 2307 130 40 d'une
1520 2313 93 48 part
1633 2318 72 27 sur
1737 2303 39 42 la
1798 2312 154 33 nature
1973 2303 225 54 humaine,
2224 2312 41 33 et

524 2382 51 41 de
606 2382 155 41 l'autre
795 2395 74 27 sur
901 2382 41 40 la
977 2380 355 42 transformation
1364 2380 72 40 des
1470 2378 252 41 sentiments
1748 2390 77 42 par
1854 2376 39 41 le
1926 2376 335 53 christianisme,

524 2455 172 40 devient
727 2454 122 41 l'idée
889 2454 345 55 prédominante.
1263 2453 93 40 Elle
1384 2453 170 40 enfante
1581 2451 41 40 la
1654 2450 248 54 galanterie,
1926 2450 233 41 sentiment
2192 2450 46 40 in-

524 2541 144 29 connu
691 2541 86 27 aux
799 2527 188 53 anciens,
1007 2537 52 38 et,
1086 2540 99 28 sous
1211 2540 45 26 ce
1279 2526 207 54 pavillon,
1501 2525 37 40 le
1556 2524 196 54 principe
1773 2522 185 41 féminin
1980 2523 205 40 s'installe
2208 2535 55 28 en

524 2600 229 42 souverain
773 2600 106 41 dans
895 2599 58 41 les
971 2608 99 43 arts,
1092 2608 56 45 et,
1164 2613 50 26 en
1239 2598 262 53 particulier,
1523 2611 54 27 au
1598 2597 180 53 théâtre,
1794 2595 76 55 qui
1889 2595 76 41 fait
1986 2596 99 54 plus
2100 2594 137 56 spécia-

523 2674 163 40 lement
700 2673 146 55 l'objet
861 2673 49 40 de
932 2681 107 33 cette
1058 2673 141 41 étude.

581 2746 82 42 Dès
678 2747 100 52 lors,
795 2747 39 40 la
851 2745 116 55 pièce
989 2745 236 54 d'intrigue
1241 2745 207 54 apparaît.
1469 2744 83 40 Des
1568 2743 188 54 origines
1773 2742 240 55 mystiques
2028 2741 60 42 du
2110 2741 149 41 drame

524 2834 42 26 se
586 2821 158 53 dégage
765 2833 61 27 un
848 2819 143 40 drame
1013 2818 96 54 plus
1129 2818 185 40 humain
1337 2833 8 36 ;
1375 2817 29 41 il
1425 2825 61 33 est
1505 2817 98 40 bien
1626 2830 149 28 encore
1795 2817 96 54 gâté
1910 2827 74 44 par
2005 2816 36 40 le
2063 2815 196 53 mélange

524 2895 70 40 des
628 2893 113 41 idées
772 2893 226 53 héroïques
1020 2900 40 33 et
1081 2891 320 40 l'intervention
1434 2891 73 40 des
1537 2903 285 42 personnages
1843 2888 285 53 surnaturels,
2152 2886 110 42 mais

523 2967 239 54 cependant
782 2965 40 41 la
842 2965 289 54 personnalité
1161 2964 210 41 féminine
1403 2964 38 40 le
1472 2963 192 54 domine,
1687 2963 38 40 le
1747 2961 144 42 vivifie
1912 2970 41 32 et
1978 2961 137 40 arrive
2135 2973 82 41 peu
2238 2963 24 36 à

525 3054 83 44 peu
628 3046 23 36 à
672 3055 54 27 en
745 3052 219 42 accaparer
978 3038 206 42 l'intérêt.

581 3116 62 40 La
677 3113 178 41 scission
893 3125 99 27 avec
1018 3111 37 40 le
1082 3111 160 40 théâtre
1270 3109 180 54 antique
1471 3118 62 32 est
1554 3107 197 42 radicale.
1780 3108 93 41 Elle
1893 3121 23 26 a
1938 3107 145 54 frappé
2104 3114 99 33 tout
2224 3105 40 42 le

524 3189 171 52 monde,
716 3187 109 40 mais
857 3199 57 27 on
942 3185 64 40 lui
1029 3198 22 26 a
1079 3183 190 41 attribué
1305 3182 240 41 différentes
1578 3195 165 29 causes.
1775 3180 266 55 Fontenelle,
2063 3180 107 40 dans
2201 3192 63 28 ses

524 3261 224 41 réflexions
766 3273 71 27 sur
858 3259 40 40 la
921 3257 219 55 poétique,
1164 3255 224 54 s'exprime
1412 3255 112 40 ainsi
1549 3270 8 26 ;

582 3351 17 22 <(
627 3335 79 39 Les
729 3333 174 41 anciens
926 3332 120 40 n'ont
1077 3343 181 42 presque
1281 3342 73 41 pas
1383 3328 82 41 mis
1488 3327 195 41 d'amour
1712 3326 105 41 dans
1851 3327 117 41 leurs
1998 3326 189 53 drames;
2221 3335 42 33 et

527 3424 17 21 «
579 3408 313 52 quelques-uns
913 3405 58 41 les
986 3404 149 41 louent
1149 3403 51 40 de
1218 3401 165 42 n'avoir
1403 3413 73 43 pas
1494 3398 102 43 avili
1615 3399 94 42 leur
1725 3400 166 41 théâtre
1912 3412 73 43 par
2006 3400 51 40 de
2075 3399 35 41 si
2134 3401 127 52 petits

529 3495 18 23 «
581 3480 268 41 sentiments.
880 3480 117 41 Pour
1018 3478 106 55 moi,
1147 3476 36 57 je
1203 3490 127 42 pense
1351 3474 106 56 qu'il
1487 3475 122 42 n'ont
1637 3488 75 42 pas
1738 3488 146 28 connu
1904 3488 45 28 ce
1970 3488 85 41 que
2076 3474 186 42 Tamour
