2606 4120
618 488 81 52 134

1073 489 75 42 LA
1181 490 383 52 CHRONIQUE
1598 495 315 42 MUSICALE

664 632 207 43 THÉÂTRE
895 634 275 45 VENTADOUR.
1272 637 59 43 Le
1363 640 161 42 théâtre
1545 642 255 42 Ventadour
1824 657 23 27 a
1877 643 134 56 repris
2038 646 45 41 la
2119 646 232 57 Traviata,

609 705 44 41 Il
679 705 247 44 Trovatore
946 717 41 34 et
1008 710 69 41 Un
1097 711 132 42 Ballo
1253 713 42 41 in
1317 715 229 42 maschera
1552 753 11 18 ,
1577 729 109 41 pour
1701 717 58 41 les
1774 717 154 43 débuts
1942 718 52 41 de
2011 720 143 40 divers
2171 720 183 44 artistes.

607 778 126 43 Nous
758 792 53 29 ne
844 781 148 43 dirons
1021 784 93 41 rien
1146 786 51 41 de
1228 800 67 28 ces
1333 789 106 42 trois
1466 790 166 56 opéras,
1656 804 75 29 sur
1753 791 185 56 lesquels
1965 805 57 29 on
2043 807 24 27 a
2092 793 65 42 dit
2189 801 97 36 tout
2310 803 41 34 et

604 852 140 44 même
764 863 122 33 autre
906 856 142 45 chose.

660 926 127 42 Nous
808 931 270 41 entendîmes
1099 932 109 42 dans
1226 934 45 42 la
1300 935 219 43 Traviata
1543 950 10 30 :

660 999 65 43 M.
747 1001 163 56 Verati,
933 1017 62 27 un
1015 1005 123 41 ténor
1156 1007 106 41 dont
1281 1007 40 42 la
1342 1009 98 41 voix
1461 1018 63 34 est
1553 1012 88 40 mal
1662 1014 124 53 posée
1806 1021 42 36 et
1868 1022 185 35 souvent
2072 1015 249 43 défaillante
2337 1031 9 37 ;

606 1071 65 42 M.
698 1073 194 55 Rinaldi,
915 1089 61 28 un
999 1078 184 54 baryton
1204 1082 77 52 qui
1303 1083 80 40 sait
1404 1097 42 27 se
1467 1084 133 41 servir
1620 1085 130 42 d'une
1765 1087 100 41 voix
1884 1088 52 41 de
1956 1096 149 35 courte
2119 1091 146 54 portée
2281 1104 10 39 ;

659 1145 202 44 Madame
895 1149 206 52 Pozzoni,
1125 1153 93 54 qui,
1253 1156 163 53 malgré
1441 1171 43 27 sa
1493 1158 139 53 furia
1666 1158 192 44 italiana
1864 1193 8 19 ,
1898 1161 96 43 s'est
2022 1162 72 42 fait
2112 1162 238 54 justement

602 1219 230 56 applaudir
851 1223 107 41 dans
977 1223 39 42 le
1037 1225 90 41 rôle
1150 1227 188 54 épineux
1359 1229 51 41 de
1431 1230 203 43 Violetta.

657 1294 126 42 Nous
806 1297 147 41 eûmes
973 1298 109 41 dans
1103 1299 48 40 II
1179 1301 261 55 Trovatore,
1456 1312 124 33 outre
1603 1305 62 43 M.
1690 1306 146 42 Verati
1864 1322 7 26 :

657 1366 63 42 M.
748 1367 183 57 Padilla,
960 1384 62 28 un
1044 1380 124 34 conte
1188 1374 48 40 di
1255 1376 127 40 Luna
1389 1409 8 19 ,
1422 1377 76 53 qui
1520 1378 127 42 serait
1676 1379 156 54 parfait
1860 1379 66 42 s'il
1947 1383 244 41 consentait
2211 1385 23 38 à
2257 1397 66 28 res-

599 1439 115 56 pirer
733 1443 23 37 à
778 1442 125 53 point
922 1450 42 34 et
990 1449 23 35 à
1034 1447 221 52 prosodier
1276 1462 80 27 son
1377 1449 156 53 chant;

656 1513 321 44 Mademoiselle
1001 1518 196 55 Lamare,
1216 1522 76 52 qui
1313 1522 104 42 âdu
1440 1524 86 54 feu,
1550 1525 50 40 de
1620 1524 204 44 Pentente
1843 1527 286 55 scénique,—
2144 1543 45 27 ce
2210 1532 135 52 qu'on

599 1586 104 42 était
741 1601 197 29 convenu
978 1591 224 55 d'appeler,
1237 1593 105 42 dans
1379 1595 39 41 le
1451 1596 181 56 langage
1664 1599 52 41 de
1752 1600 301 42 dix-huitième
2272 1604 72 40 des

599 1660 253 49 entrailles;

653 1733 327 44 Mademoiselle
1001 1737 198 54 Ormenij
1225 1743 227 54 contralto,
1473 1744 133 41 livrée
1636 1757 53 28 en
1719 1747 151 53 pâture
1888 1750 23 36 à
1931 1746 40 42 la
1991 1747 106 41 risée
2128 1748 213 55 publique

598 1818 77 41 par
696 1820 87 26 une
804 1807 210 44 direction
1036 1810 300 57 impitoyable.

654 1879 123 41 Nous
799 1882 136 41 vîmes
956 1884 170 41 ensuite
1146 1884 106 42 dans
1274 1886 70 41 Un
1367 1888 136 41 Ballo
1525 1891 43 40 in
1586 1893 227 40 maschera
1836 1907 12 27 :

654 1951 63 40 M.
741 1954 222 54 Anastasi,
986 1959 142 52 ténor,
1150 1960 77 53 qui
1249 1973 24 27 a
1295 1961 209 41 certaines
1526 1964 186 53 qualités
1733 1966 49 41 de
1804 1967 193 56 solidité;

654 2023 63 42 M.
754 2026 181 54 Padilla,
961 2029 106 43 dont
1100 2031 38 40 le
1174 2033 181 54 baryton
1389 2035 95 41 s'est
1513 2037 418 45 considérablement
1965 2041 187 57 assoupli
2187 2043 155 54 depuis

595 2096 89 41 lan
714 2098 182 52 dernier,
928 2102 51 40 de
1005 2104 95 41 telle
1134 2114 110 34 sorte
1277 2108 108 54 qu'il
1411 2123 23 26 a
1463 2110 173 42 détaillé
1668 2114 423 43 merveilleusement
2125 2117 96 40 l'air
2258 2117 84 41 fort

597 2169 176 42 difficile
795 2180 40 33 et
853 2174 83 41 fort
959 2176 108 42 beau
1088 2179 58 39 du
1168 2180 217 42 troisième
1406 2190 88 33 acte
1509 2199 8 35 ;

647 2244 193 55 M.Soto,
862 2260 60 41 qu
940 2262 57 27 on
1013 2250 205 43 s'obstine
1232 2257 22 37 à
1277 2268 111 28 nous
1404 2264 194 35 montrer
1615 2258 107 42 dans
1744 2260 73 40 des
1837 2261 110 41 rôles
1966 2263 239 54 tragiques,
2226 2263 114 42 alors

596 2330 85 40 que
702 2331 78 28 son
801 2320 133 41 talent
957 2322 143 42 bouffe
1123 2333 62 33 est
1206 2328 166 40 notoire
1392 2343 10 38 ;

652 2390 199 43 Madame
877 2395 202 56 Pozzoni,
1102 2400 76 51 qui
1213 2402 156 40 touche
1403 2417 75 41 par
1505 2405 98 53 plus
1632 2405 107 41 d'un
1774 2408 92 40 côté
1883 2411 23 38 à
1923 2409 41 40 la
1991 2411 160 52 grande
2177 2411 162 53 artiste,

597 2463 109 40 mais
728 2465 76 54 qui
821 2466 128 42 devra
970 2482 43 27 se
1033 2479 150 34 mettre
1202 2487 54 27 en
1275 2475 126 53 garde
1427 2485 148 34 contre
1594 2478 266 44 l'exaltation
1880 2482 147 41 vocale
2044 2497 11 36 ;

652 2536 325 47 Mademoiselle
1000 2531 227 70 Émiliani,
1252 2561 85 29 une
1360 2551 182 42 sorcière
1561 2553 109 53 qu'il
1690 2554 93 41 faut
1802 2555 199 41 craindre
2017 2573 10 35 ;

652 2611 56 40 Et
738 2612 133 53 enfin,
893 2616 106 40 dans
1029 2617 38 41 le
1096 2620 87 40 rôle
1212 2621 58 41 du
1309 2637 121 40 page,
1452 2625 321 43 mademoiselle
1794 2628 152 54 Varni,
1975 2642 184 41 soprano
2189 2639 148 42 acuto,

597 2683 105 42 dont
718 2685 39 41 la
777 2688 100 40 voix
896 2697 63 33 est
978 2690 153 43 hostile
1153 2698 23 37 à
1197 2693 40 42 la
1258 2696 199 55 vocalise,
1481 2706 41 33 et
1538 2699 40 40 la
1600 2706 215 36 structure
1837 2702 155 41 rebelle
2012 2717 56 26 au
2089 2704 192 43 travesti.

1440 2826 299 45 ARTHUR
1781 2829 414 43 HEULHARD.
