3220 4407
181 4089 56 44 36

186 303 37 35 2°
256 301 229 36 Pouvoir
515 298 313 38 absorbant
858 296 166 51 d'objets
1053 296 35 37 di-

185 371 92 29 vers,
303 357 32 49 (a
355 357 43 49 S),
424 355 141 38 traduit
588 370 45 22 en
658 357 140 35 mètres
821 355 136 36 carrés.

184 412 210 43 Auditoire,
426 426 65 35 par
523 425 185 36 personne
967 411 85 35 0.44

186 470 128 42 Dame,
343 467 116 38 isolée
966 467 86 35 0.54

186 525 174 42 Homme,
390 524 89 37 isolé
967 523 83 36 0.48

185 580 141 38 Chaise
349 579 129 50 simple
501 595 45 22 en
568 579 109 37 frêne
968 578 110 36 0.039

184 635 141 39 Chaise
354 635 130 50 simple
512 651 46 21 en
588 634 80 38 bois
695 634 142 38 courbé
967 634 134 36 0.0082

187 693 229 48 Banquettes
454 691 263 38 rembourrées
757 692 73 36 crin
871 695 40 32 et

236 750 74 36 cuir
975 747 77 35 1.10

188 806 229 47 Banquettes
435 802 274 44 rembourrées,
732 816 65 36 par
816 804 108 45 siège
967 802 84 35 0.28

184 859 157 37 Coussin
370 875 46 21 en
447 861 84 41 crin,
564 874 64 35 par
656 861 107 45 siège
967 859 77 35 0.21

185 915 208 39 Orchestre
418 915 60 50 (80
504 915 206 49 musiciens)
942 915 110 35 38.00

184 971 79 38 Ces
287 971 242 38 coefficients
555 975 236 46 permettent
814 969 50 38 de
888 968 159 39 calculer
1070 968 33 36 le

187 1030 153 47 pouvoir
383 1026 208 39 absorbant
634 1027 51 37 de
729 1024 217 39 l'ensemble
991 1024 112 38 d'une

184 1082 99 39 salle.

186 1140 80 36 Une
295 1140 268 48 conséquence
591 1138 51 38 de
670 1137 30 38 la
730 1136 286 39 réverbération
1045 1141 58 33 est

185 1195 224 37 l'extinction
435 1196 236 48 progressive
695 1193 85 38 d'un
803 1208 63 23 son
891 1195 111 48 après
1024 1206 60 24 ces-

183 1253 119 35 sation
337 1251 51 37 de
423 1249 208 39 l'émission.
664 1248 138 40 Sabine
836 1265 19 22 a
891 1251 146 35 mesuré
1070 1248 31 37 la

185 1307 118 38 durée
330 1305 207 39 d'audition
564 1306 48 37 du
638 1321 63 22 son
728 1304 159 38 résiduel
914 1304 93 38 dans
1032 1318 71 24 une

184 1365 96 35 série
329 1363 50 37 de
426 1361 117 39 salles.
591 1361 80 38 Ces
719 1363 247 48 expériences
1014 1360 88 37 l'ont

185 1420 136 35 amené
341 1420 20 35 à
384 1421 166 34 énoncer
570 1417 51 38 les
645 1419 251 48 propositions
917 1418 187 36 suivantes

184 1474 77 50 (lois
284 1474 50 38 de
360 1473 151 51 Sabine)
538 1489 8 22 :

192 1545 25 34 1.
250 1542 44 36 La
321 1541 118 37 durée
464 1540 208 38 d'audition
698 1540 48 38 du
771 1555 64 23 son
861 1538 159 39 résiduel
1045 1543 58 33 est

185 1596 30 38 la
238 1599 124 35 même
384 1612 47 22 en
453 1601 84 33 tous
557 1595 51 39 les
630 1598 121 48 points
772 1595 50 38 de
844 1595 259 37 l'auditorium.

184 1667 33 35 2.
249 1665 44 36 La
322 1663 118 37 durée
466 1662 208 38 d'audition
703 1662 47 38 du
778 1677 64 23 son
869 1661 159 39 résiduel
1057 1676 45 22 ne

185 1719 156 50 dépend
367 1734 66 36 pas
454 1719 50 38 de
527 1717 29 39 la
582 1721 158 48 position
763 1718 50 38 de
836 1717 31 39 la
889 1732 146 24 source.

185 1789 32 36 3.
249 1786 139 38 L'effet
407 1786 85 38 d'un
513 1785 208 39 absorbant
740 1785 92 38 dans
852 1785 30 37 la
905 1784 197 38 réduction

184 1843 49 36 de
266 1847 108 33 cette
405 1842 119 37 durée
555 1847 58 32 est
643 1843 20 36 à
697 1856 72 35 peu
805 1844 84 48 près
918 1841 162 50 indépen-

183 1898 93 37 dant
299 1898 51 37 de
374 1913 37 22 sa
438 1900 171 48 position,
635 1897 93 38 dans
751 1897 51 38 les
825 1899 278 36 circonstances

183 1954 217 38 ordinaires.

236 2012 51 35 M.
313 2011 161 48 Bosquet
495 2009 70 37 fait
588 2022 228 36 remarquer,
841 2011 20 35 à
885 2010 94 48 juste
1001 2010 100 40 titre,

184 2081 73 34 que
290 2064 30 39 la
355 2067 158 48 position
546 2065 51 37 de
628 2064 30 38 la
689 2080 132 22 source
854 2069 41 33 et
924 2064 94 38 celle
1051 2064 50 38 de

184 2120 231 39 l'absorbant
437 2123 205 47 importent
663 2121 92 37 dans
776 2119 33 39 le
834 2119 196 51 problème
1052 2119 51 37 de

184 2177 30 38 la
235 2176 235 39 distribution
490 2176 138 38 initiale
647 2177 47 37 du
713 2191 76 29 son,
811 2178 86 35 ainsi
917 2191 75 34 que
1011 2175 92 38 dans

183 2232 32 39 le
249 2232 196 51 problème
477 2232 68 38 des
575 2232 127 38 échos.
734 2232 60 37 Ce
824 2237 83 32 sont
939 2234 142 47 précisé-

183 2294 102 32 ment
308 2304 64 22 ces
397 2287 214 51 problèmes
633 2303 74 35 que
732 2290 52 35 M.
809 2288 172 37 Gustave
1006 2288 95 49 Lyon

183 2361 19 21 a
229 2344 150 38 étudiés
404 2344 93 38 dans
522 2344 29 38 la
579 2344 184 38 brochure
790 2344 93 37 dont
909 2359 88 22 nous
1023 2358 60 22 ren-

183 2401 93 37 dons
301 2405 156 45 compte
484 2399 153 39 ailleurs.

184 2458 195 35 Revenons
431 2471 65 22 aux
548 2455 226 38 recherches
826 2455 51 38 de
929 2455 171 38 Wallace

181 2512 46 38 C.
257 2512 151 38 Sabine.
439 2513 88 36 Pour
558 2511 142 38 l'étude
729 2511 69 38 des
828 2514 141 47 projets
998 2511 83 38 d'au-

182 2568 155 37 ditoires
359 2567 18 38 il
401 2570 193 47 importait
616 2567 50 38 de
692 2570 154 48 pouvoir
870 2567 232 38 déterminer

181 2624 92 38 dans
301 2623 123 50 quelle
453 2638 145 23 mesure
629 2639 43 22 un
701 2622 208 39 absorbant
938 2623 161 38 diminue

183 2679 29 38 la
235 2679 118 39 durée
376 2680 47 38 du
446 2695 63 23 son
532 2679 172 38 résiduel.
728 2680 79 37 Une
830 2681 96 36 série
949 2679 132 50 d'expé-

181 2739 144 34 riences
354 2751 19 22 a
405 2738 135 48 permis
568 2737 20 36 à
618 2735 139 38 Sabine
787 2735 51 38 de
868 2735 231 38 déterminer

182 2791 29 38 la
238 2792 44 37 loi
309 2792 50 37 de
384 2792 266 37 décroissance
675 2791 50 38 de
751 2806 46 23 ce
823 2806 64 23 son
913 2797 40 32 et
978 2791 103 38 d'éta-

181 2846 64 39 blir
275 2847 50 38 les
351 2846 176 39 formules
557 2850 59 47 qui
647 2852 237 45 permettent
911 2848 87 37 d'en
1028 2846 54 39 cal-

180 2903 99 38 culer
301 2903 29 38 la
353 2904 132 37 durée.
506 2903 79 38 Ces
604 2902 177 39 formules
800 2909 83 32 sont
903 2906 76 34 très
1000 2918 75 23 com-

181 2958 134 51 plexes,
349 2961 89 36 mais
469 2958 138 39 Sabine
639 2958 154 50 indique
824 2959 69 38 des
922 2958 176 39 formules

178 3017 229 48 empiriques
435 3018 58 47 qui
525 3020 236 46 permettent
788 3015 50 38 de
866 3015 232 38 déterminer

180 3076 107 33 cette
311 3071 131 38 durée.

180 3128 46 37 Le
249 3132 125 45 temps
398 3127 51 38 de
475 3126 285 39 réverbération
786 3130 192 47 optimum,
1007 3142 91 35 pour

179 3199 70 22 une
280 3182 87 39 salle
398 3183 164 43 donnée,
596 3183 157 50 dépend
786 3183 51 38 de
867 3198 58 23 ses
956 3182 119 39 dimen-

179 3241 94 35 sions
299 3245 40 31 et
365 3239 51 37 de
442 3254 37 22 sa
507 3239 243 38 destination.

179 3294 138 38 Sabine
355 3295 126 37 donne
518 3294 51 38 les
604 3294 144 38 valeurs
785 3298 182 34 atteintes
1005 3295 92 37 dans

179 3351 69 37 des
279 3349 105 39 salles
414 3353 203 35 existantes
649 3365 8 23 :

179 3407 144 48 Leipzig
355 3405 268 38 Gewandhaus
905 3408 85 35 2.30
1019 3421 77 23 sec.

177 3462 75 38 Old
280 3464 131 36 Boston
438 3464 119 35 Music
581 3461 80 38 Hall
905 3465 86 34 2.44
1019 3477 77 22 sec.

179 3520 91 36 New
295 3520 130 35 Boston
449 3520 118 35 Music
588 3516 81 39 Hall
905 3520 76 36 2.31
1019 3532 77 23 sec.

177 3573 98 50 Cinq
303 3576 141 47 petites
466 3572 116 45 salles,
608 3574 194 38 destinées
824 3575 21 36 à
871 3574 31 37 la
929 3575 167 47 musique

177 3629 49 38 de
258 3632 111 48 piano
396 3629 125 37 furent
548 3632 178 35 trouvées
757 3629 142 39 bonnes
931 3645 91 35 pour
1051 3645 43 22 un

176 3691 126 44 temps
345 3685 50 38 de
440 3685 285 38 réverbération
771 3685 50 38 de
866 3685 135 38 l'ordre
1045 3685 51 37 de

186 3744 44 35 1.l
259 3756 76 23 sec.
357 3742 200 49 (moyenne
579 3741 69 38 des
670 3755 163 24 mesures
857 3756 8 23 :
894 3744 77 35 1.08
995 3741 102 50 sec.).

180 3798 52 37 Un
254 3803 125 44 temps
401 3797 49 38 de
473 3796 284 39 réverbération
780 3797 50 38 de
852 3800 59 35 0.5
933 3799 20 36 à
985 3800 5 34 I
1019 3811 77 24 sec.

178 3856 175 35 convient
377 3869 90 34 pour
488 3852 30 38 la
543 3852 141 51 parole.
706 3854 96 37 Dans
822 3852 51 39 les
892 3856 77 34 très
990 3868 87 33 gran-

178 3909 69 37 des
266 3908 116 45 salles,
405 3925 45 22 on
473 3925 45 21 ne
539 3909 208 50 dépassera
772 3925 65 35 pas
859 3912 18 35 3
899 3923 77 24 sec.
998 3911 80 35 envi-

943 3966 38 37 R.
1004 3965 39 40 V.

179 3981 76 22 ron.

1209 2936 82 64 Le
1345 2936 353 65 Linoléum.

1208 3089 133 66 Son
1393 3092 249 79 emploi
1697 3095 334 63 rationnel

1205 3190 170 65 dans
1443 3191 58 64 la
1565 3201 466 56 construction

1204 3311 138 49 (suite)

1211 3431 101 37 Nous
1351 3434 239 46 poursuivons
1628 3436 164 47 ci-après
1829 3433 30 39 la
1901 3435 228 50 publication

1211 3497 50 37 de
1305 3497 274 40 i'intéressante
1625 3499 184 38 brochure
1853 3502 50 37 de
1949 3502 30 37 la
2023 3502 109 37 firme

1212 3565 248 38 Krommenie.
1489 3566 87 37 Afin
1604 3567 51 38 de
1684 3572 119 33 rester
1832 3568 92 39 dans
1952 3568 33 39 le
2014 3568 117 38 cadre

1209 3631 50 37 de
1298 3647 45 22 ce
1383 3635 162 41 numéro,
1586 3649 89 22 nous
1713 3635 265 48 reproduisons
2015 3638 43 35 ici
2098 3635 32 38 le

1209 3697 172 51 chapitre
1425 3698 125 38 relatif
1590 3702 20 35 à
1656 3699 193 38 l'isolation
1893 3704 236 47 acoustique.

1211 3765 101 38 Nous
1348 3766 252 50 reprendrons
1637 3767 99 38 donc
1773 3768 92 37 dans
1903 3773 108 32 notre
2049 3783 62 36 pro-

1209 3831 106 38 chain
1341 3835 152 36 numéro
1517 3833 29 38 la
1573 3836 94 35 suite
1693 3833 164 38 normale
1881 3835 50 38 de
1955 3850 46 23 ce
2025 3837 59 48 qui
2110 3850 19 22 a

1209 3901 66 35 été
1305 3897 125 52 publié
1458 3900 92 37 dans
1579 3905 107 33 notre
1715 3906 34 31 n°
1784 3904 24 40 I,
1839 3901 51 38 de
1918 3901 211 38 décembre

1218 3968 102 36 1932.

1716 2729 60 34 65.
1808 2726 118 37 Etude
1948 2728 262 47 comparative
2233 2726 51 38 de
2309 2729 154 47 pouvoir
2485 2725 211 39 d'isolation
2722 2729 223 46 acoustique
2969 2730 132 34 contre
3123 2725 43 37 les

1716 2783 252 36 résonnances
1998 2784 240 47 provoquées
2270 2797 65 35 par
2363 2781 30 39 la
2424 2781 164 39 marche.

2239 2945 52 60 7.
2332 2943 75 62 Le
2446 2942 301 63 Linoléum
2787 2942 270 63 élément
3093 2940 71 64 de

2243 3042 306 63 l'isolation
2589 3051 359 67 acoustique

2248 3184 45 37 Le
2326 3182 196 51 problème
2553 3182 51 38 de
2634 3182 193 38 l'isolation
2858 3185 225 47 acoustique
3112 3184 52 35 est

2246 3239 67 38 l'un
2342 3240 68 36 des
2439 3238 76 50 plus
2544 3238 216 50 complexes
2789 3241 59 47 qui
2877 3239 222 49 s'imposent
3124 3251 39 23 au

2247 3300 258 34 constructeur
2528 3294 197 38 moderne.
2749 3296 46 36 Le
2818 3294 150 45 silence,
2992 3297 25 35 si
3043 3297 102 35 néces-

2246 3354 97 35 saire
2370 3367 44 21 au
2443 3365 123 36 repos,
2597 3353 19 35 à
2646 3350 30 38 la
2705 3353 268 47 récupération
3002 3351 69 38 des
3097 3350 51 38 for-

2246 3422 74 29 ces,
2357 3423 44 22 au
2437 3406 129 38 travail
2603 3409 136 42 même,
2776 3412 58 32 est
2869 3422 71 23 une
2977 3407 186 38 condition

2248 3462 213 39 essentielle
2486 3464 50 37 de
2559 3462 162 39 confort.
2746 3464 64 37 Les
2836 3466 172 47 pouvoirs
3032 3462 133 51 publics

2246 3535 40 22 se
2322 3522 263 47 préoccupent
2617 3520 51 36 de
2701 3518 110 38 lutter
2844 3524 133 33 contre
3010 3518 33 38 le
3076 3519 88 37 bruit

2248 3576 50 38 de
2328 3575 29 38 la
2390 3591 74 28 rue,
2496 3574 32 39 le
2559 3581 258 32 constructeur
2848 3591 20 21 a
2899 3575 32 38 le
2961 3575 131 38 devoir
3121 3574 43 38 de

2249 3634 171 48 prévenir
2516 3636 132 33 autant
2671 3647 75 34 que
2773 3631 163 51 possible
3032 3631 30 38 la
3091 3645 55 36 pro-

2249 3690 183 48 pagation
2460 3688 48 37 du
2539 3687 96 38 bruit
2663 3687 94 38 dans
2785 3687 51 38 les
2865 3687 242 38 habitations.
3136 3686 27 37 Si

2247 3744 51 38 les
2328 3743 226 39 recherches
2586 3746 228 47 poursuivies
2846 3758 66 35 par
2943 3743 52 38 les
3025 3745 120 48 spécia-

2247 3800 98 38 listes
2378 3800 48 38 du
2463 3800 139 37 monde
2636 3802 123 36 entier
2794 3801 102 36 n'ont
2931 3816 66 34 pas
3030 3812 133 25 encore

2248 3859 165 48 apporté
2439 3855 30 39 la
2495 3856 156 38 solution
2677 3856 195 50 complète
2898 3857 47 37 du
2975 3856 188 50 problème

2246 3913 51 38 de
2326 3912 225 39 l'insonorité
2579 3912 69 37 des
2678 3913 194 49 planchers
2900 3918 42 32 et
2968 3913 69 37 des
3066 3924 96 27 murs,

2247 3968 89 39 elles
2364 3974 65 32 ont
2454 3968 186 39 toutefois
2667 3972 66 34 été
2760 3972 77 34 très
2865 3968 117 44 utiles,
3011 3984 46 22 en
3090 3969 73 50 pré-
