3220 4407
242 4099 55 44 32

212 309 563 65 Documentation

210 407 413 65 industrielle

210 527 304 49 Matériaux
552 525 71 49 de
661 529 314 44 correction

210 609 324 53 acoustique

217 738 96 35 Dans
344 735 32 38 le
409 734 66 38 but
506 734 50 37 de
588 732 212 50 compléter
830 731 31 37 la
895 733 159 35 matière
1085 729 48 37 du

219 794 153 47 présent
420 792 152 35 numéro
622 803 65 36 par
736 786 183 51 quelques
967 786 171 37 données

219 847 152 38 d'ordre
413 848 185 48 pratique,
641 844 174 38 relatives
854 858 44 22 au
941 840 197 52 problème

218 904 69 37 des
316 902 105 39 salles
453 902 50 38 de
534 903 146 37 cinéma
716 899 154 51 parlant,
905 913 89 23 nous
1023 911 114 23 avons

219 958 193 39 demandé
445 973 65 22 aux
543 957 162 38 bureaux
735 954 179 39 d'études
945 953 69 39 des
1047 954 74 49 prin-

222 1014 141 51 cipales
393 1014 127 37 firmes
551 1011 271 40 distributrices
854 1010 50 38 de
938 1011 202 36 matériaux

223 1075 236 35 correcteurs
489 1069 276 48 d'acoustique,
800 1067 51 38 de
885 1080 89 23 nous
1005 1066 118 36 rensei-

223 1141 92 34 gner
339 1141 56 23 sur
419 1125 93 37 leurs
538 1124 167 51 produits
729 1128 50 38 et,
807 1120 332 42 éventuellement,

223 1184 50 37 de
296 1197 87 23 nous
403 1181 171 49 indiquer
597 1180 153 49 d'après
771 1178 104 50 quels
898 1178 186 50 principes
1105 1175 37 38 ils

222 1241 223 45 envisagent
479 1236 33 38 le
548 1235 196 51 problème
778 1235 50 37 de
863 1234 30 37 la
929 1234 211 36 correction

224 1296 223 47 acoustique
471 1298 40 33 et
534 1294 143 36 suivant
701 1289 142 52 quelles
866 1288 202 39 méthodes
1092 1287 51 37 de

224 1350 144 39 calculs.

223 1407 79 37 Ces
336 1408 325 45 renseignements
697 1418 89 22 nous
821 1406 64 33 ont
922 1402 135 49 permis
1092 1399 50 36 de

224 1463 147 37 dresser
400 1461 33 38 le
463 1460 154 38 tableau
649 1461 183 36 ci-contre
862 1458 49 49 (p.
943 1457 71 49 33).

228 1519 101 37 Nous
353 1517 127 38 ferons
506 1515 191 43 observer,
727 1529 43 23 au
799 1512 205 52 préalable,
1032 1512 112 49 qu'en

226 1573 154 49 général
419 1573 52 38 les
507 1572 127 37 firmes
673 1569 212 40 consultées
924 1573 82 33 sont
1044 1567 82 38 d'ac-

227 1630 89 38 cord
348 1644 90 35 pour
465 1627 172 39 déclarer
666 1641 74 36 que
768 1625 29 38 la
826 1626 222 48 répartition
1078 1623 68 37 des

227 1688 203 35 matériaux
469 1682 225 40 absorbants
731 1682 92 37 dans
861 1696 70 23 une
970 1679 87 38 salle
1095 1679 50 36 de

227 1744 144 36 cinéma
406 1740 157 50 dépend
599 1739 50 37 de
684 1740 278 36 circonstances
996 1735 148 42 locales,

231 1803 40 32 et
294 1811 86 37 que,
408 1811 65 37 par
496 1798 247 46 conséquent,
769 1793 17 38 il
811 1809 20 35 y
856 1808 19 22 a
901 1792 70 37 lieu
995 1791 50 38 de
1069 1805 61 23 sou-

230 1858 139 33 mettre
392 1853 149 49 chaque
563 1866 63 23 cas
649 1848 210 53 particulier
880 1851 20 35 à
926 1863 43 22 un
991 1860 157 25 examen

229 1910 253 47 d'ingénieurs
506 1905 245 53 spécialistes.

231 2042 178 50 Ci-après
447 2055 70 24 une
556 2045 89 32 note
684 2040 289 48 communiquée
1013 2051 66 36 par
1118 2035 32 37 le

235 2101 137 35 Bureau
397 2096 177 39 d'Etudes
598 2096 47 38 du
672 2111 21 22 «
717 2095 168 37 TenTesT
910 2110 32 27 »,
969 2096 183 46 exposant

233 2161 40 31 et
302 2154 178 50 justifiant
509 2152 93 38 leurs
630 2152 111 38 bases
770 2151 50 37 de
849 2149 114 38 calcul
993 2150 140 37 acousti-

234 2225 74 36 que
336 2225 8 23 :

236 2301 101 36 Nous
363 2297 219 51 employons
608 2295 279 43 actuellement,
917 2308 91 36 pour
1033 2292 100 39 calcu-

234 2355 50 37 ler
311 2354 30 38 la
372 2354 159 50 période
558 2355 143 47 optima
729 2352 50 37 de
809 2353 243 39 résonnance,
1082 2362 71 23 une

237 2410 157 38 formule
423 2410 74 37 due
527 2411 19 35 à
575 2408 147 37 Walter
751 2409 46 36 A.
826 2406 116 38 MAC
973 2406 115 36 NAIR
1117 2409 40 32 et

238 2469 59 48 qui
322 2481 40 22 se
386 2467 171 36 transcrit
581 2479 148 23 comme
755 2465 70 35 suit
851 2477 7 23 :

893 2528 66 29 6,61

397 2566 47 31 log
466 2564 21 25 V
507 2567 33 15 =
559 2563 72 31 8,82
655 2567 23 25 +
704 2562 48 32 log
774 2562 14 25 T
810 2579 29 3 —
920 2572 72 5 ——

883 2594 59 42 Vr

241 2671 40 32 et
313 2666 92 37 dans
438 2663 159 51 laquelle
628 2665 23 35 T
684 2668 58 32 est
774 2662 237 49 l'expression
1045 2660 50 38 de
1129 2660 29 36 la

243 2721 160 51 période
434 2723 154 47 optima,
623 2735 45 22 en
699 2717 199 44 secondes,
930 2716 124 39 tandis
1086 2729 74 37 que

242 2778 26 37 V
294 2779 235 48 représente,
558 2790 46 23 en
633 2778 139 34 mètres
798 2773 128 44 cubes,
955 2773 33 38 le
1014 2771 146 38 volume

242 2834 50 37 de
322 2832 31 38 la
381 2832 100 38 salle.
508 2832 123 37 Cette
658 2829 158 39 formule
844 2835 58 32 est
929 2829 100 38 donc
1057 2830 20 35 à
1106 2830 38 35 ré-

240 2889 136 38 soudre
400 2903 63 35 par
485 2892 157 46 rapport
663 2888 20 36 à
705 2888 34 37 T.

239 2946 131 46 Quant
399 2960 45 22 au
475 2943 114 39 calcul
620 2943 50 37 de
699 2942 31 38 la
763 2942 159 50 période
954 2941 50 37 de
1034 2943 104 34 réson-

241 3016 119 23 nance
386 3003 159 35 existant
568 2999 93 38 dans
685 3014 44 22 un
755 2997 92 38 local
874 2999 20 36 à
922 3012 43 22 un
992 3000 167 33 moment

240 3057 137 43 donné,
404 3055 18 38 il
449 3070 138 35 repose
612 3070 56 23 sur
694 3053 51 38 les
771 3053 298 38 considérations
1093 3054 51 35 sui-

238 3117 132 33 vantes
397 3127 7 23 :

1244 301 32 37 Si
1302 299 69 37 l'on
1396 297 199 40 considère
1623 311 42 22 un
1690 299 122 33 mètre
1836 293 98 39 cube
1959 292 91 38 d'air
2075 291 72 38 déli-

1244 358 89 35 mité
1368 355 92 37 dans
1495 353 33 38 le
1564 352 103 43 local,
1703 367 46 21 on
1786 354 175 34 constate
1997 364 47 34 qu
2063 363 19 23 a
2119 363 43 22 un

1244 416 167 33 moment
1442 411 138 41 donné,
1613 410 111 48 après
1755 406 194 38 l'émission
1982 405 21 37 d
2023 420 43 22 un
2099 419 64 23 son

1244 482 46 23 en
1313 466 137 39 dehors
1472 466 50 37 de
1545 480 46 23 ce
1614 466 121 35 mètre
1757 461 110 44 cube,
1891 460 200 38 l'intensité
2115 459 50 37 de

1245 522 190 38 l'audition
1458 524 139 35 atteint
1618 535 43 22 un
1682 519 123 48 degré
1827 519 191 36 maximum
2041 531 20 22 a
2086 531 60 34 par-

1243 582 45 34 tir
1313 577 138 51 duquel
1477 577 18 37 il
1519 593 21 34 y
1564 592 19 22 a
1609 576 280 38 décroissance.
1914 574 57 36 Au
1997 572 92 38 bout
2114 572 51 37 de

1244 634 184 50 quelques
1472 633 179 38 dixièmes
1693 632 50 37 de
1783 629 199 43 secondes,
2027 628 31 37 le
2100 642 64 24 son

1246 692 95 36 n'est
1366 689 76 50 plus
1468 687 241 52 perceptible
1734 689 20 36 à
1781 684 161 45 l'oreille,
1970 685 86 37 bien
2082 684 83 50 qu'il

1246 750 52 35 ait
1322 762 141 23 encore
1489 760 71 23 une
1587 746 169 37 certaine
1782 743 189 36 intensité.

1246 824 197 44 D'ailleurs,
1481 823 200 37 l'intensité
1716 835 146 28 sonore,
1901 822 86 35 ainsi
2024 821 122 36 envisa-

1248 883 87 46 gée,
1359 885 57 32 est
1435 880 170 37 fonction
1627 879 48 37 du
1696 877 147 38 volume
1867 881 40 32 et
1928 875 50 38 de
1999 875 31 37 la
2054 889 92 35 capa-

1247 939 75 36 cité
1352 936 263 49 d'absorption
1645 934 50 38 de
1726 933 30 38 la
1787 932 88 38 salle
1905 934 19 35 à
1956 947 43 22 un
2030 934 137 34 instant

1247 993 126 37 donné
1396 997 26 38 t,
1446 1007 64 22 son
1536 992 213 48 expression
1775 994 58 32 est
1856 988 30 37 la
1912 990 168 35 suivante
2108 1002 8 21 :

1625 1094 29 2 —
1674 1077 42 26 CS
1736 1078 48 32 log
1807 1076 15 32 (I
1844 1091 24 3 -
1895 1079 34 29 a)
1950 1080 8 20 *

1411 1155 17 22 p
1447 1161 33 12 =
1498 1153 35 24 po
1552 1154 16 16 e
1767 1146 15 21 4
1805 1143 20 24 V

1249 1228 75 34 que
1349 1228 88 22 nous
1462 1227 45 22 ne
1534 1227 166 34 pouvons
1724 1223 138 35 songer
1885 1211 20 36 à
1931 1209 239 49 développer

1249 1272 44 36 ici
1324 1274 40 33 et
1395 1269 92 37 dans
1517 1267 159 50 laquelle
1707 1267 34 37 C
1773 1268 165 48 exprime
1970 1265 30 38 la
2031 1268 139 34 vitesse

1249 1326 49 38 du
1321 1340 78 29 son;
1440 1332 23 23 et
1510 1324 31 38 la
1566 1326 179 48 capacité
1768 1336 186 36 moyenne
1979 1320 175 50 d'absorp-

1254 1384 77 36 tion
1364 1381 51 37 de
1449 1380 30 38 la
1514 1379 87 39 salle
1637 1395 65 35 par
1735 1394 33 22 m
1773 1383 12 18 2
1818 1378 51 38 de
1902 1378 148 38 surface
2083 1380 76 34 inté-

1255 1441 120 34 rieure
1396 1442 41 33 et
1458 1437 21 38 S
1501 1441 108 34 cette
1630 1435 148 39 surface
1799 1436 216 36 intérieure.

1256 1517 216 49 Supposons
1495 1529 85 35 que,
1604 1514 93 38 dans
1719 1513 33 37 le
1775 1528 31 22 m
1822 1512 2 54 :
1848 1513 92 37 d'air
1963 1512 142 43 étudié,
2130 1526 45 22 on

1253 1575 51 35 ait
1328 1574 89 35 noté
1441 1571 200 37 l'intensité
1665 1572 154 35 maxima
1844 1584 44 22 au
1911 1573 126 44 temps
2058 1573 23 37 t,
2131 1573 40 31 et

1254 1628 225 38 l'extinction
1502 1642 43 23 au
1566 1632 127 44 temps
1712 1631 16 32 t
1731 1656 12 17 2
1749 1656 8 8 .
1778 1625 79 38 Ces
1879 1626 195 35 intensités
2094 1628 83 33 sont

1254 1684 132 49 égales
1409 1686 325 47 respectivement
1757 1684 19 35 à
1806 1697 7 22 :

1625 1786 10 4 —
1675 1770 40 25 CS
1736 1773 47 28 log
1806 1769 15 30 (I
1843 1784 27 3 —
1893 1770 35 27 CX)
1947 1771 20 26 h

1414 1848 30 22 pi
1466 1865 32 2 _
1519 1847 33 23 Po
1572 1847 17 16 e
1760 1838 17 23 4
1799 1836 21 24 V

1255 1889 41 32 et

1630 1961 26 3 —
1679 1945 40 26 CS
1739 1947 48 29 log
1809 1945 16 27 (I
1849 1959 26 3 —
1898 1946 37 28 a)
1955 1947 23 26 t-2

1413 2023 33 25 pi
1463 2029 32 2 —
1515 2023 32 24 po
1568 2023 16 16 e
1762 2013 18 24 4
1801 2012 21 24 V

1258 2082 32 39 le
1320 2087 157 45 rapport
1505 2082 50 37 de
1584 2095 64 24 ces
1676 2080 95 37 deux
1799 2080 195 36 intensités
2023 2091 155 35 marque

1261 2139 258 37 évidemment
1540 2137 29 38 la
1592 2137 266 37 décroissance
1880 2136 59 47 qui
1961 2135 89 36 s'est
2070 2134 90 35 mani-

1258 2196 129 36 festée
1411 2199 108 32 entre
1543 2193 51 37 les
1616 2197 126 45 temps
1762 2197 16 32 t
1783 2225 9 16 1
1819 2196 41 32 et
1881 2196 15 32 t
1900 2220 12 17 2
1917 2220 9 8 .

1263 2275 89 35 Pour
1380 2272 50 38 les
1456 2271 106 39 salles
1589 2271 50 38 de
1668 2274 184 39 concerts,
1880 2269 182 42 théâtres,
2093 2272 87 38 etc.,

1260 2345 44 21 on
1335 2344 19 22 a
1385 2330 175 36 constaté
1588 2341 74 34 que
1692 2331 107 33 cette
1828 2325 267 37 décroissance
2124 2328 58 31 est

1263 2386 49 37 de
1338 2385 134 37 l'ordre
1498 2384 50 37 de
1581 2384 194 36 1.000.000
1799 2383 70 36 soit
1902 2384 69 39 10';
2000 2382 89 35 mais
2114 2379 70 36 elle

1263 2446 58 33 est
1342 2443 218 47 supérieure
1585 2454 91 35 pour
1696 2437 51 39 les
1768 2439 165 37 cinémas
1956 2436 162 50 pariants
2139 2450 46 22 en

1261 2512 46 23 ce
1346 2511 82 23 sens
1467 2511 74 34 que
1581 2495 199 37 l'intensité
1820 2495 191 35 maximum
2054 2507 22 35 p
2086 2524 7 16 L
2128 2495 58 33 est

1266 2553 75 50 plus
1372 2553 114 37 forte.

1265 2632 43 37 La
1338 2631 125 38 valeur
1491 2632 20 36 à
1542 2630 165 49 adopter
1736 2629 157 50 dépend
1924 2629 50 36 de
2003 2628 31 37 la
2063 2628 123 36 forme

1265 2688 50 37 de
1340 2687 29 38 la
1395 2686 98 44 salle,
1521 2687 50 37 de
1597 2686 30 37 la
1655 2688 179 47 capacité
1859 2684 263 50 d'absorption
2148 2688 40 33 et

1265 2744 50 38 de
1339 2742 300 51 l'appareillage;
1665 2742 70 38 elle
1760 2744 188 35 nécessite
1973 2756 70 22 une
2069 2740 120 37 étude

1267 2799 248 51 particulière,
1550 2799 86 37 bien
1670 2798 136 50 qu'elle
1837 2799 163 37 s'écarte
2034 2811 72 36 peu
2138 2796 50 37 de

1275 2860 40 34 I0
1319 2860 12 18 8
1338 2887 7 8 .
1368 2857 31 37 Si
1423 2871 88 22 nous
1533 2855 192 50 adoptons
1747 2869 45 24 ce
1815 2855 149 36 dernier
1986 2853 147 43 chiffre,
2159 2853 31 36 le

1268 2918 156 45 rapport
1448 2912 68 38 des
1540 2914 195 35 intensités
1760 2926 36 35 pi
1821 2916 41 32 et
1888 2926 21 34 p
1914 2940 12 18 2
1950 2910 157 37 devient
2133 2925 7 21 :

1481 3018 30 3 —
1531 3000 40 25 CS
1592 3000 49 32 log
1662 3008 17 16 e
1699 2999 18 28 (I
1738 3013 27 3 —
1788 3002 34 25 CX)
1843 3001 32 28 (*i
1897 3014 29 3 —

1342 3071 30 22 Pi

1439 3104 16 16 e
1706 3095 18 23 4
1744 3094 21 23 V
2002 3108 32 2 —
2057 3093 52 26 10»

1342 3137 33 23 P2

2273 290 65 42 Or,
2366 289 30 37 la
2422 288 217 37 différence
2663 286 27 50 (t
2730 308 50 5 —
2803 289 15 32 f
2822 315 12 17 2
2839 284 9 50 )
2873 284 95 36 n'est
2992 286 106 33 autre
3123 298 61 35 que

2273 349 30 38 la
2331 349 160 50 période
2516 348 51 38 de
2591 350 210 35 résonance
2825 346 35 36 T.
2886 345 104 36 Donc
3016 358 8 22 :

2512 463 26 3 —
2563 448 41 26 CS
2625 448 49 31 log
2695 456 17 15 e
2731 445 19 29 (I
2771 460 28 3 —
2822 446 36 30 ûO
2880 447 9 22 t

2469 525 15 16 e
2657 516 17 22 4
2696 513 21 25 V
2903 515 34 14 =
2953 510 34 26 10
2991 522 13 19 8

2271 598 102 35 Nous
2403 610 45 22 en
2478 597 113 34 tirons
2622 609 8 22 :

2655 696 15 21 4
2692 692 23 25 V
2737 693 47 31 log
2806 701 16 16 e
2844 691 6 23 1
2858 691 34 29 Os

2498 730 9 22 t
2524 736 33 14 =:

2597 775 32 2 —
2648 768 13 16 c
2681 759 16 25 S
2718 760 49 31 log
2789 767 16 16 e
2826 758 18 28 (I
2865 772 29 3 —
2916 763 35 24 (Xi

2277 842 44 35 La
2349 842 139 35 vitesse
2517 839 33 37 C
2578 839 47 37 du
2653 853 64 23 son
2746 840 109 34 étant
2881 836 52 37 de
2963 837 71 36 340
3062 850 45 23 m.
3135 850 52 35 par

2276 899 180 44 seconde,
2486 904 108 32 cette
2621 897 159 39 formule
2810 897 167 43 devient,
3007 911 46 22 en
3081 896 90 39 effec-

2274 966 108 32 tuant
2409 960 51 38 les
2490 962 220 47 opérations
2737 958 200 49 indiquées
2967 972 8 23 :

2698 1057 99 30 0,093
2820 1057 21 25 V

2525 1092 14 25 T
2557 1102 32 13 =

2634 1140 29 3 —
2684 1125 17 25 S
2723 1127 45 30 log
2789 1125 19 29 (I
2829 1139 29 2 —
2880 1129 34 24 a)

2280 1207 32 38 le
2343 1206 224 48 logarithme
2596 1206 51 36 de
2675 1204 19 50 (I
2721 1228 49 4 —
2806 1204 39 50 a)
2871 1205 109 35 étant
3006 1207 108 32 cette
3137 1202 55 38 fois

2280 1261 175 40 décimal.

2286 1342 17 38 Il
2329 1347 59 33 est
2413 1341 85 39 clair
2524 1356 86 35 que,
2636 1343 25 35 si
2688 1339 69 38 l'on
2783 1339 127 38 donne
2936 1340 20 36 à
2981 1339 22 35 T
3028 1337 30 38 la
3084 1338 108 37 valeur

2280 1400 22 36 T
2336 1398 50 38 de
2422 1397 30 38 la
2491 1397 160 50 période
2688 1398 144 48 optima
2868 1394 171 38 obtenue
3076 1408 64 35 par
3170 1393 21 38 la

2281 1454 158 38 formule
2467 1454 50 37 de
2546 1453 116 38 MAC
2693 1452 127 43 NAIR,
2850 1466 46 23 on
2928 1465 133 36 pourra
3090 1449 85 38 calcu-

2281 1510 50 38 ler
2363 1529 36 25 a,
2438 1510 227 38 coefficient
2699 1508 264 49 d'absorption
3001 1520 133 37 moyen
3165 1512 27 32 et

2285 1568 71 43 Sa,
2401 1569 153 48 pouvoir
2580 1564 210 39 absorbant
2829 1563 95 39 total
2963 1563 50 38 de
3054 1562 30 38 la
3125 1562 69 38 salle

2284 1622 302 51 correspondant
2611 1624 19 35 à
2658 1626 109 33 cette
2796 1619 161 52 période
2982 1621 157 48 optima.

2285 1701 165 37 Comme
2481 1716 45 21 on
2561 1715 99 28 aura,
2694 1714 44 22 au
2773 1697 207 51 préalable,
3015 1697 131 37 évalué
3173 1696 19 37 la

2285 1759 179 48 capacité
2496 1755 264 50 d'absorption
2792 1759 114 33 avant
2937 1753 29 38 la
2999 1754 194 38 correction

2287 1815 234 47 acoustique,
2563 1811 19 38 il
2622 1811 141 43 suffira,
2810 1826 91 35 pour
2942 1811 195 36 connaître
3174 1809 20 36 le

2286 1869 157 38 nombre
2472 1870 30 36 N
2530 1868 162 38 d'unités
2718 1866 264 51 d'absorption
3011 1880 161 35 manquan-

2286 1932 70 37 tes,
2385 1926 51 37 de
2463 1927 200 35 soustraire
2692 1928 109 34 cette
2829 1925 181 48 capacité
3038 1922 50 37 de
3117 1922 53 42 Sa,

2288 2007 108 35 Avec
2416 2006 164 40 Tentest,
2602 2004 95 36 dont
2716 2002 33 37 le
2770 2001 229 39 coefficient
3019 2000 158 48 d'absorp-

2288 2063 76 35 tion
2389 2065 58 33 est
2471 2059 86 48 égal
2581 2061 20 35 à
2627 2061 96 41 0,30,
2749 2058 29 37 la
2804 2060 174 47 quantité
3003 2057 193 37 nécessaire

2289 2132 91 35 pour
2406 2116 139 37 fournir
2571 2130 65 24 ces
2666 2116 30 36 N
2726 2117 120 35 unités
2873 2113 323 50 supplémentaires

2402 2230 10 11 ,
2476 2226 6 25 ,
2540 2228 10 11 s
2647 2204 23 24 n

2285 2243 81 22 sera
2396 2234 113 37 eqale
2536 2242 20 22 a
2728 2256 7 7 .

2620 2270 76 30 0,30

2293 2377 31 37 Si
2363 2391 88 22 nous
2486 2390 226 35 comparons
2747 2374 51 39 les
2831 2374 179 38 formules
3044 2374 50 38 de
3131 2376 68 35 Mac

2295 2434 88 36 Nair
2404 2448 66 21 aux
2491 2431 177 38 formules
2690 2431 87 37 bien
2800 2446 166 22 connues
2987 2430 51 38 de
3059 2431 139 37 Waston

2293 2494 40 32 et
2357 2489 51 37 de
2434 2487 138 39 Sabine
2599 2503 89 22 nous
2712 2492 220 33 constatons
2958 2502 75 35 que
3060 2488 139 38 certains

2291 2545 169 37 facteurs
2503 2543 343 51 supplémentaires
2888 2543 198 38 introduits
3129 2543 70 37 dans

2295 2601 52 38 les
2368 2600 177 38 formules
2567 2601 50 37 de
2642 2602 89 36 Mac
2756 2601 88 36 Nair
2867 2606 84 31 sont
2972 2599 51 38 de
3048 2604 123 32 nature
3189 2611 10 22 a

2295 2656 144 38 donner
2465 2672 71 22 une
2564 2658 183 48 précision
2777 2655 76 51 plus
2878 2656 147 48 grande
3053 2656 91 38 dans
3167 2654 34 37 les

2297 2712 172 38 résultats
2491 2728 75 34 que
2590 2712 69 38 l'on
2683 2728 47 22 en
2756 2717 92 45 peut
2871 2712 194 38 attendre.
3092 2712 18 37 Il
3135 2722 66 26 nous

2296 2768 144 39 semble
2467 2774 235 32 notamment
2728 2783 75 35 que
2828 2768 277 38 l'introduction
3131 2768 70 37 dans

2296 2840 65 23 ces
2384 2824 177 39 formules
2585 2825 51 37 de
2661 2824 192 38 l'élément
2878 2825 150 38 surface
3055 2825 47 37 du
3130 2824 70 36 local

2298 2887 41 32 et
2369 2881 51 38 de
2451 2881 295 49 l'amplification
2778 2882 19 37 à
2831 2880 29 38 la
2894 2895 133 24 source
3060 2886 82 33 sont
3168 2878 33 38 de

2299 2942 142 38 nature,
2474 2952 64 35 par
2568 2936 29 39 la
2629 2936 75 51 plus
2731 2936 147 49 grande
2909 2939 184 48 précision
3122 2933 80 53 qu'ils

2298 2999 209 44 apportent
2537 3009 44 22 au
2616 2992 208 51 problème,
2857 2995 20 35 à
2911 2997 211 46 permettre
3151 3003 50 26 une

2298 3049 219 38 exactitude
2554 3049 75 51 plus
2663 3051 218 45 rigoureuse
2916 3049 52 38 de
3003 3049 29 38 la
3067 3049 134 38 solution

2300 3105 246 39 recherchée.

244 3244 80 26 Suite
345 3245 38 24 de
404 3244 27 25 la
453 3252 83 24 page
557 3244 197 32 précédente)

242 3312 216 47 homogène
478 3310 48 37 du
547 3314 168 33 moment
733 3323 75 36 que
827 3310 72 36 200
917 3310 127 44 sièges
1062 3308 80 35 envi-

240 3383 63 22 ron
331 3371 83 33 sont
441 3368 167 47 occupés
635 3380 56 23 sur
719 3364 51 38 les
800 3367 72 35 850
900 3378 74 35 que
1002 3367 157 45 compte

240 3424 30 37 la
301 3422 98 45 salle,
432 3427 40 33 et
504 3437 91 35 pour
625 3422 198 48 n'importe
856 3420 85 50 quel
973 3419 186 38 auditoire

243 3479 76 51 plus
351 3477 214 39 nombreux.
597 3477 157 37 L'étude
787 3479 222 47 acoustique
1042 3491 19 21 a
1092 3477 68 35 été

240 3536 96 37 faite
355 3551 46 21 en
421 3533 271 39 collaboration
713 3547 95 23 avec
826 3531 32 38 le
878 3533 151 37 Service
1049 3530 90 38 Tech-

243 3594 109 47 nique
381 3591 50 37 de
458 3589 30 38 la
517 3590 154 37 Société
700 3587 111 49 Belge
838 3588 48 37 du
913 3587 179 43 TenTesT,
1121 3591 40 32 et

243 3647 51 38 les
325 3645 171 39 résultats
530 3648 132 47 prévus
694 3659 65 35 par
790 3643 33 38 le
854 3643 114 38 calcul
1000 3648 64 32 ont
1095 3644 66 35 été

242 3705 256 35 entièrement
529 3700 224 39 corroborés
786 3700 93 37 dans
909 3699 31 38 la
974 3700 187 49 pratique.

245 3844 59 35 58.
333 3841 160 37 Cinéma
522 3838 262 51 «Capitol»,
812 3840 19 35 à
860 3840 155 34 Anvers.

243 3907 224 39 Architecte
497 3923 6 22 :
532 3908 32 37 L.
590 3907 151 50 Stynen.

245 3976 116 49 Epure
391 3975 69 37 des
489 3977 126 34 tracés
647 3975 242 47 acoustiques
918 3972 51 36 de
1000 3970 30 38 la
1062 3969 100 38 salle.
