3182 4405
180 4096 55 44 38

239 2799 50 38 les
325 2797 233 51 remplissant
591 2797 47 37 du
675 2799 116 34 mieux
828 2794 161 50 possible
1027 2809 65 34 par

241 2855 68 37 des
333 2857 149 40 scories,
508 2854 49 37 de
582 2852 30 38 la
639 2855 122 47 pierre
788 2866 122 35 ponce
937 2851 155 48 broyée,

241 2911 49 37 de
315 2910 29 37 la
370 2909 148 44 tourbe,
544 2909 47 38 du
617 2908 112 48 liège,
755 2913 76 32 etc.

177 2966 35 51 b)
244 2968 66 36 De
354 2981 121 23 sens
520 2963 352 40 horizontal:

179 3026 37 34 5°
247 3025 56 35 Au
328 3027 176 45 pourtour
525 3022 50 36 de
597 3020 149 50 chaque
769 3022 111 47 pièce
902 3034 46 22 on
971 3021 100 35 ména-

242 3093 91 33 gera
356 3093 42 23 un
420 3082 251 45 espacement
691 3077 50 37 de
771 3079 5 33 I
805 3076 41 49 '/2
870 3090 19 22 a
911 3078 20 33 2
955 3089 69 23 cm.
1045 3074 50 37 de

243 3134 146 48 largeur
409 3138 108 33 entre
536 3132 29 38 la
584 3133 122 37 forme
725 3132 47 38 du
793 3131 49 38 sol
862 3137 40 31 et
921 3131 51 37 les
992 3145 104 22 murs.

240 3190 78 37 Cet
343 3189 220 38 évidement
589 3191 202 47 pénétrera
815 3192 110 33 toute
950 3187 128 49 l'épais-

240 3261 82 22 seur
355 3246 50 37 de
438 3245 30 37 la
501 3245 122 37 forme
655 3250 40 31 et
727 3245 70 36 des
828 3243 266 38 sous-couches

242 3302 301 49 d'interposition
569 3305 222 32 recouvrant
816 3299 29 38 la
873 3299 148 38 surface
1047 3298 47 37 du

243 3357 176 50 plancher
450 3356 201 38 lui-même.
686 3355 17 37 Il
738 3356 80 37 doit
851 3358 82 34 être
965 3355 128 48 rempli

241 3415 145 35 ensuite
417 3427 96 23 avec
544 3412 70 37 des
644 3412 146 37 bandes
819 3412 51 37 de
901 3410 100 49 liège
1032 3413 42 34 im-

244 3471 200 47 prégnées,
475 3483 45 22 ou
551 3483 44 22 au
624 3482 134 34 moyen
788 3467 50 37 de
865 3466 149 43 tourbe,
1045 3466 50 36 de

241 3524 104 38 sable
381 3524 158 50 pilonné,
575 3529 102 32 etc...
710 3523 121 38 Cette
866 3523 129 37 bande
1027 3525 52 34 iso-

243 3580 100 38 lante
366 3580 71 37 fait
462 3594 166 35 coupure
653 3582 19 34 à
699 3579 30 37 la
753 3580 249 36 transmission
1028 3578 68 37 des

243 3636 120 38 ondes
384 3650 153 24 sonores
560 3639 107 34 entre
692 3634 51 38 les
767 3634 193 51 planchers
983 3639 40 32 et
1047 3634 50 36 les

245 3707 102 28 murs,
370 3708 44 22 ou
435 3694 266 40 inversement;
722 3690 69 38 elle
812 3690 132 37 réalise
964 3705 43 21 un
1028 3689 53 37 dis-

247 3748 127 50 positif
391 3751 77 34 très
488 3747 168 38 efficace
677 3762 46 22 en
744 3747 119 47 égard
885 3748 20 36 à
926 3761 63 22 son
1011 3748 66 34 éco-

245 3806 134 36 nomie.

179 3864 38 33 6°
250 3862 65 35 Les
336 3859 203 50 planchers,
561 3874 46 22 en
628 3858 74 37 leur
724 3864 186 44 pourtour,
934 3873 45 22 ne
999 3860 80 34 vien-

244 3916 109 37 dront
378 3931 65 34 pas
466 3917 204 45 s'engager
692 3915 256 37 directement
969 3930 56 21 sur
1047 3913 51 38 les

245 3975 132 46 appuis
404 3972 68 37 des
501 3987 92 21 murs
622 3976 178 45 portants,
830 3974 89 34 mais
947 3986 55 22 sur
1031 3970 68 37 des

578 884 59 36 67.
670 881 172 38 Plancher
871 879 229 38 «Pfeîfer».

573 938 180 48 Légende
793 952 7 22 :
847 941 25 33 I.
912 934 316 49 Linoléum-liège.
1298 936 33 35 2.
1371 934 128 36 Forme
1538 947 44 22 en
1625 930 131 50 plâtre.

572 997 31 35 3.
629 993 159 39 Couche
812 993 51 38 de
888 992 116 38 sable.
1060 995 33 33 4.
1121 990 128 38 Enduit
1272 990 50 38 de
1350 988 167 50 plafond.

569 1618 59 35 69.
661 1614 173 39 Plancher
861 1616 216 47 «Roger».

571 1672 180 47 Légende
778 1687 7 22 :
818 1675 25 35 I.
869 1671 195 39 Linoléum.
1121 1675 33 35 2.
1181 1674 127 37 Forme
1333 1689 45 22 en
1403 1675 150 37 ciment.
1613 1676 31 34 3.
1673 1671 74 48 Panneaux

568 1671 276 38 «Celotex».
872 1671 55 38 4.
955 1671 221 38 Panneaux
1204 1671 275 38 «Celotex».
1507 1671 55 38 5.
1590 1671 166 38 Enduit

570 1783 50 38 de
651 1782 168 50 plafond.

579 2493 58 35 71.
669 2490 173 39 Plancher
867 2490 250 39 «Censier».

575 2548 180 47 Légende
780 2563 8 22 :
820 2551 24 34 I.
870 2547 195 38 Linoléum.
1122 2550 32 36 2.
1181 2549 128 37 Forme
1332 2564 45 22 en
1403 2550 150 36 ciment.
1612 2550 31 35 3.
1668 2547 79 48 Carton

572 2547 177 38 bitumé.
774 2547 51 38 4.
850 2547 202 38 Carreaux
1077 2547 152 38 liège.
1254 2547 51 38 5.
1330 2547 177 38 Couches
1532 2547 51 38 de
1608 2547 152 38 sable.

574 2663 31 34 6.
633 2660 126 37 Enduit
783 2660 50 38 de
859 2658 167 50 plafond.

1272 2792 156 51 plaques
1472 2793 205 38 isolatrices
1722 2794 51 37 de
1818 2793 99 49 liège
1961 2794 165 38 formant

1270 2852 172 35 sommier
1472 2852 173 35 résistant
1674 2852 19 35 à
1726 2850 29 38 la
1787 2853 266 47 compression,
2086 2857 40 31 et

1269 2906 149 38 surface
1444 2906 156 50 d'appui
1627 2909 306 47 ininterrompue.

1270 2964 56 35 Au
1357 2977 62 22 cas
1448 2962 50 37 de
1527 2964 263 48 juxtaposition
1820 2962 226 39 d'éléments
2075 2963 50 37 de

1272 3017 193 50 planchers
1502 3020 19 35 à
1561 3034 43 21 un
1646 3021 103 48 point
1787 3019 336 43 d'encastrement,

1270 3073 75 38 leur
1374 3076 217 47 séparation
1622 3089 82 23 sera
1735 3078 151 34 assurée
1916 3091 44 21 au
1991 3090 135 35 moyen

1275 3130 50 36 de
1357 3129 116 39 dalles
1504 3130 176 38 isolantes
1710 3130 79 50 (fîg.
1823 3131 70 50 77).

1270 3185 57 37 Tel
1364 3186 188 50 dispositif
1586 3187 47 37 du
1671 3187 114 37 mode
1821 3187 211 38 d'isolation
2069 3193 57 32 est

1270 3241 347 45 recommandable,
1654 3243 126 49 quand
1817 3243 225 38 l'insonorité
2076 3245 50 36 de

1271 3297 30 38 la
1332 3301 252 34 construction
1614 3304 58 32 est
1701 3301 327 45 rigoureusement
2057 3303 54 34 exi-

1272 3352 114 49 gible.

1209 3432 51 37 Un
1298 3432 101 37 effet
1436 3432 211 38 d'isolation
1687 3433 138 50 parfait
1864 3434 94 38 n'est
1995 3435 131 37 réalisé

1207 3503 73 34 que
1308 3503 65 34 par
1398 3489 68 37 des
1491 3489 206 50 dispositifs
1722 3489 341 50 supplémentaires
2088 3495 40 33 et

1207 3543 206 48 analogues
1437 3545 92 37 dans
1553 3545 50 37 les
1628 3560 105 23 murs.

1209 3611 33 36 11.
1276 3610 208 50 Dispositifs
1512 3612 223 49 s'opposant
1761 3613 20 37 à
1811 3612 29 38 la
1872 3617 256 46 propagation

1209 3666 50 37 de
1279 3681 83 23 sons
1381 3668 145 37 aériens
1545 3668 53 50 (et
1618 3668 68 38 des
1706 3668 126 51 bruits)
1853 3685 65 34 par
1936 3669 51 38 les
2008 3685 93 22 murs
2123 3685 7 22 :

1209 3733 33 49 a)
1275 3734 66 36 De
1381 3734 129 38 Sens
1548 3735 278 44 Vertical,
1867 3737 50 37 de
1957 3737 87 38 haut
2084 3752 45 21 en

1209 3787 66 39 bas
1303 3789 174 49 (d'étage
1506 3793 192 47 supérieur
1726 3794 19 34 à
1776 3791 188 52 inférieur)
1995 3808 7 23 :

1218 3856 4 53 I
1279 3856 163 50 Chaque
1465 3857 71 38 fois
1559 3858 83 49 qu'il
1665 3860 113 37 serait
1802 3860 162 49 possible
1987 3867 41 32 et
2051 3878 81 21 sans

1273 3928 75 33 que
1383 3912 28 38 la
1445 3914 166 37 stabilité
1644 3916 49 36 de
1727 3915 167 39 l'édifice
1929 3921 121 46 puisse
2084 3933 45 23 en

1275 3971 82 35 être
1378 3969 156 45 altérée,
1558 3986 45 22 on
1625 3974 247 46 interrompra
1893 3972 30 38 la
1945 3979 167 33 construc-

1975 879 59 36 68.
2067 876 174 38 Plancher
2268 873 242 52 «Surplex».

1977 932 181 49 Légende
2191 947 7 23 :
2236 936 26 35 I.
2293 931 196 38 Linoléum.
2547 934 32 35 2.
2611 932 129 37 Forme
2770 946 45 21 en
2846 932 141 36 ciment
3017 931 119 50 magnésien.

1974 931 51 39 3.
2051 931 204 39 Panneaux
2281 931 306 39 «Héraclite».
2613 931 51 39 4.
2689 931 153 39 Enduit
2868 931 51 39 de
2944 931 204 39 plafond.

1982 1641 58 35 70.
2073 1637 173 38 Plancher
2275 1637 179 37 «Alsa».

1981 1694 181 48 Légende
2187 1709 8 22 :
2227 1698 24 34 I.
2277 1693 196 38 Linoléum.
2518 1696 32 35 2.
2576 1694 129 37 Forme
2729 1708 46 22 en
2799 1695 152 35 ciment.
2997 1694 32 35 3.
3057 1691 93 39 Dalles

1980 1750 257 38 d'aérocrète.
2269 1754 34 34 4.
2325 1748 160 39 Couche
2505 1748 51 39 de
2575 1748 118 39 sable.
2728 1752 32 35 5.
2783 1748 129 38 Enduit
2932 1748 50 38 de
3004 1747 145 49 plafond.

1974 2496 58 35 72.
2064 2492 174 39 Plancher
2262 2492 254 38 «Christin».

1974 2550 181 48 Légende
2191 2564 7 23 :
2239 2553 26 34 I.
2298 2549 197 38 Linoléum.
2552 2551 33 36 2.
2622 2549 210 38 Korkment.
2891 2550 32 35 3.
2958 2549 126 36 Forme
3114 2561 31 23 en

1972 2608 150 35 ciment.
2192 2609 34 34 4.
2272 2607 190 36 Panneaux
2505 2604 320 39 multicellulaires.
2898 2607 32 35 5.
2975 2606 170 35 Panneaux

1973 2661 318 38 multicellulaires.
2348 2665 34 35 6.
2419 2660 128 38 Enduit
2582 2660 50 38 de
2669 2659 170 51 plafond.

2302 2797 77 34 tion
2406 2796 19 35 à
2452 2794 149 49 chaque
2627 2796 132 45 étage,
2788 2808 65 35 par
2880 2792 265 51 l'interposition

2304 2850 112 38 d'une
2441 2850 146 38 couche
2613 2850 50 37 de
2690 2852 180 36 matières
2894 2849 176 38 isolantes
3093 2848 40 38 dis-

2305 2909 138 47 posées
2479 2906 336 37 horizontalement
2848 2906 93 38 dans
2975 2905 50 39 les
3059 2917 85 27 murs,

2307 2962 130 50 piliers,
2463 2968 164 44 poteaux
2649 2967 40 32 et
2710 2964 146 48 appuis.

2305 3021 34 34 A
2361 3019 149 50 chaque
2533 3022 132 44 étage,
2689 3034 46 22 on
2758 3024 220 32 encastrera
3002 3018 89 38 dans
3111 3015 34 38 les

2306 3090 93 22 murs
2422 3091 70 21 une
2515 3078 170 35 ceinture
2708 3077 296 48 ininterrompue
3027 3074 49 38 de
3098 3072 32 38 bé-

2306 3136 64 32 ton
2394 3133 116 36 armé.

2241 3187 36 51 b)
2310 3189 61 36 De
2412 3188 115 37 Sens
2568 3187 289 37 Horizontal
2900 3187 127 50 (d'une
3055 3188 90 48 pièce

2242 3259 65 22 aux
2333 3248 124 33 autres
2483 3246 59 46 qui
2569 3242 42 38 lui
2637 3249 84 32 sont
2746 3246 200 45 contiguës
2971 3249 40 32 et
3039 3241 92 39 avoisi-

2242 3300 145 49 nantes)
2414 3314 8 23 :

2245 3359 28 34 3'
2310 3357 88 37 Pour
2430 3354 30 38 la
2495 3358 253 36 construction
2782 3356 69 37 des
2885 3372 94 22 murs
3011 3361 39 33 et
3083 3353 50 39 cloi-

2307 3427 92 28 sons,
2435 3427 46 22 on
2518 3411 198 39 n'utilisera
2752 3427 74 35 que
2860 3413 70 37 des
2964 3413 181 36 matériaux

2307 3467 161 39 isolants.
2498 3469 47 37 Le
2575 3469 190 49 dispositif
2792 3469 69 37 des
2890 3468 157 39 cloisons
3076 3466 52 38 dou-

2308 3524 88 43 bles,
2434 3526 132 36 créant
2603 3540 43 21 un
2683 3525 159 37 matelas
2877 3525 104 43 d'air,
3022 3525 107 36 n'inter-

2308 3586 118 44 cepte
2451 3579 52 39 les
2526 3596 82 22 sons
2634 3584 147 35 aériens
2804 3596 75 34 que
2903 3583 25 36 sî
2953 3577 192 41 l'intervalle

2308 3641 107 33 entre
2442 3636 51 38 les
2517 3637 96 37 deux
2641 3639 123 47 parois
2790 3643 58 31 est
2874 3636 129 50 rempli
3034 3651 61 35 par
3117 3645 27 24 un

2307 3692 132 38 isolant
2470 3708 7 22 :
2509 3692 111 48 liège,
2651 3693 128 38 feutre
2811 3696 219 47 comprimé,
3062 3688 82 42 sable

2307 3749 61 44 fin,
2395 3754 77 34 etc.

2242 3810 23 33 4
2309 3805 164 38 Comme
2496 3806 180 49 adjuvant
2698 3822 45 21 on
2770 3822 132 34 pourra
2928 3806 181 37 recouvrir
3126 3799 18 37 la

2308 3861 148 38 surface
2488 3862 69 37 des
2588 3878 93 22 murs
2712 3863 85 37 d'un
2829 3864 242 35 revêtement
3100 3857 30 38 ab-

2308 3918 154 38 sorbant
2487 3934 44 22 ou
2557 3918 261 38 réfléchissant
2841 3918 52 38 les
2917 3918 120 38 ondes
3062 3927 66 28 sono-

2309 3989 57 23 res
2391 3974 51 37 tel
2471 3990 74 33 que
2573 3974 32 37 le
2633 3974 184 39 linoléum.
