<?xml version="1.0" encoding="UTF-8"?>
<alto xmlns:xsi="http://www.w3.org/2001/XMLSchema-instance" xmlns="http://www.loc.gov/standards/alto/ns-v2#" xsi:schemaLocation="http://www.loc.gov/standards/alto/ns-v2# http://www.loc.gov/standards/alto/alto-v2.0.xsd" xmlns:xlink="http://www.w3.org/1999/xlink">
	<Description>
		<MeasurementUnit>mm10</MeasurementUnit>
		<sourceImageInformation>
			<fileName>//fileserver7/IN2/Princeton/Batch5/bmtnabi/1865/02/04_01/00000042.tif</fileName>
		</sourceImageInformation>
		<OCRProcessing ID="OCRPROCESSING_1">
			<preProcessingStep>
				<processingSoftware>
					<softwareCreator>CCS Content Conversion Specialists GmbH, Germany</softwareCreator>
					<softwareName>CCS docWORKS</softwareName>
					<softwareVersion>6.6-1.18</softwareVersion>
				</processingSoftware>
			</preProcessingStep>
			<ocrProcessingStep>
				<processingSoftware>
					<softwareCreator>ABBYY (BIT Software), Russia</softwareCreator>
					<softwareName>FineReader</softwareName>
					<softwareVersion>10.0</softwareVersion>
				</processingSoftware>
			</ocrProcessingStep>
		</OCRProcessing>
	</Description>
	<Styles>
		<TextStyle ID="TXT_0" FONTSIZE="15" FONTFAMILY="Times New Roman"/>
		<TextStyle ID="TXT_1" FONTSIZE="17" FONTFAMILY="Times New Roman" FONTSTYLE="italics"/>
		<ParagraphStyle ID="PAR_CENTER" ALIGN="Center"/>
		<ParagraphStyle ID="PAR_BLOCK" ALIGN="Block"/>
		<ParagraphStyle ID="PAR_LEFT" ALIGN="Left"/>
	</Styles>
	<Layout>
		<Page ID="P2" PHYSICAL_IMG_NR="2" HEIGHT="4366" WIDTH="3492" PRINTED_IMG_NR="34" PC="0.940">
			<TopMargin ID="P2_TM00001" HPOS="0" VPOS="0" WIDTH="3492" HEIGHT="186">
				<TextBlock ID="P2_TB00001" HPOS="1718" VPOS="133" WIDTH="71" HEIGHT="51" STYLEREFS="TXT_0 PAR_CENTER">
					<TextLine ID="P2_TL00001" HPOS="1719" VPOS="134" WIDTH="70" HEIGHT="50">
						<String ID="P2_ST00001" HPOS="1719" VPOS="134" WIDTH="70" HEIGHT="50" CONTENT="34" WC="0.67" CC="60"/>
					</TextLine>
				</TextBlock>
			</TopMargin>
			<LeftMargin ID="P2_LM00001" HPOS="0" VPOS="186" WIDTH="171" HEIGHT="3945"/>
			<RightMargin ID="P2_RM00001" HPOS="3339" VPOS="186" WIDTH="153" HEIGHT="3945"/>
			<BottomMargin ID="P2_BM00001" HPOS="0" VPOS="4131" WIDTH="3492" HEIGHT="235"/>
			<PrintSpace ID="P2_PS00001" HPOS="171" VPOS="186" WIDTH="3168" HEIGHT="3945">
				<TextBlock ID="P2_TB00002" HPOS="171" VPOS="276" WIDTH="1533" HEIGHT="3852" STYLEREFS="TXT_0 PAR_BLOCK">
					<TextLine ID="P2_TL00002" HPOS="189" VPOS="277" WIDTH="1511" HEIGHT="68">
						<String ID="P2_ST00002" HPOS="189" VPOS="283" WIDTH="156" HEIGHT="46" CONTENT="reister" WC="0.80" CC="4010303"/>
						<SP ID="P2_SP00001" HPOS="345" VPOS="329" WIDTH="48"/>
						<String ID="P2_ST00003" HPOS="393" VPOS="288" WIDTH="143" HEIGHT="57" CONTENT="sagte," WC="0.98" CC="340405"/>
						<SP ID="P2_SP00002" HPOS="536" VPOS="345" WIDTH="44"/>
						<String ID="P2_ST00004" HPOS="580" VPOS="279" WIDTH="118" HEIGHT="49" CONTENT="solch" WC="0.96" CC="53376"/>
						<SP ID="P2_SP00003" HPOS="698" VPOS="345" WIDTH="42"/>
						<String ID="P2_ST00005" HPOS="740" VPOS="294" WIDTH="83" HEIGHT="32" CONTENT="von" WC="0.96" CC="325"/>
						<SP ID="P2_SP00004" HPOS="823" VPOS="345" WIDTH="45"/>
						<String ID="P2_ST00006" HPOS="868" VPOS="279" WIDTH="174" HEIGHT="47" CONTENT="Herzen" WC="0.98" CC="304707"/>
						<SP ID="P2_SP00005" HPOS="1042" VPOS="345" WIDTH="40"/>
						<String ID="P2_ST00007" HPOS="1082" VPOS="278" WIDTH="185" HEIGHT="62" CONTENT="Singen," WC="0.98" CC="4197001"/>
						<SP ID="P2_SP00006" HPOS="1267" VPOS="345" WIDTH="40"/>
						<String ID="P2_ST00008" HPOS="1307" VPOS="277" WIDTH="78" HEIGHT="48" CONTENT="das" WC="0.96" CC="603"/>
						<SP ID="P2_SP00007" HPOS="1385" VPOS="345" WIDTH="42"/>
						<String ID="P2_ST00009" HPOS="1427" VPOS="294" WIDTH="51" HEIGHT="30" CONTENT="zu" WC="0.48" CC="72"/>
						<SP ID="P2_SP00008" HPOS="1478" VPOS="345" WIDTH="46"/>
						<String ID="P2_ST00010" HPOS="1524" VPOS="277" WIDTH="176" HEIGHT="45" CONTENT="Herzen" WC="0.98" CC="430700"/>
					</TextLine>
					<TextLine ID="P2_TL00003" HPOS="188" VPOS="352" WIDTH="1511" HEIGHT="71">
						<String ID="P2_ST00011" HPOS="188" VPOS="359" WIDTH="132" HEIGHT="64" CONTENT="gehe," WC="0.98" CC="03335"/>
						<SP ID="P2_SP00009" HPOS="320" VPOS="423" WIDTH="34"/>
						<String ID="P2_ST00012" HPOS="354" VPOS="358" WIDTH="117" HEIGHT="47" CONTENT="habe" WC="0.98" CC="0520"/>
						<SP ID="P2_SP00010" HPOS="471" VPOS="423" WIDTH="29"/>
						<String ID="P2_ST00013" HPOS="500" VPOS="373" WIDTH="48" HEIGHT="31" CONTENT="er" WC="0.98" CC="00"/>
						<SP ID="P2_SP00011" HPOS="548" VPOS="423" WIDTH="30"/>
						<String ID="P2_ST00014" HPOS="578" VPOS="355" WIDTH="113" HEIGHT="47" CONTENT="noch" WC="0.98" CC="3400"/>
						<SP ID="P2_SP00012" HPOS="691" VPOS="423" WIDTH="30"/>
						<String ID="P2_ST00015" HPOS="721" VPOS="357" WIDTH="139" HEIGHT="45" CONTENT="selten" WC="0.98" CC="001707"/>
						<SP ID="P2_SP00013" HPOS="860" VPOS="423" WIDTH="31"/>
						<String ID="P2_ST00016" HPOS="891" VPOS="355" WIDTH="195" HEIGHT="64" CONTENT="gehört?" WC="0.99" CC="0000374"/>
						<SP ID="P2_SP00014" HPOS="1086" VPOS="423" WIDTH="40"/>
						<String ID="P2_ST00017" HPOS="1126" VPOS="354" WIDTH="126" HEIGHT="47" CONTENT="Aber" WC="0.98" CC="6500"/>
						<SP ID="P2_SP00015" HPOS="1252" VPOS="423" WIDTH="32"/>
						<String ID="P2_ST00018" HPOS="1284" VPOS="355" WIDTH="80" HEIGHT="45" CONTENT="wir" WC="0.96" CC="406"/>
						<SP ID="P2_SP00016" HPOS="1364" VPOS="423" WIDTH="31"/>
						<String ID="P2_ST00019" HPOS="1395" VPOS="371" WIDTH="152" HEIGHT="30" CONTENT="waren" WC="0.99" CC="53000"/>
						<SP ID="P2_SP00017" HPOS="1547" VPOS="423" WIDTH="34"/>
						<String ID="P2_ST00020" HPOS="1581" VPOS="352" WIDTH="118" HEIGHT="47" CONTENT="frech" WC="0.97" CC="71046"/>
					</TextLine>
					<TextLine ID="P2_TL00004" HPOS="186" VPOS="429" WIDTH="1516" HEIGHT="65">
						<String ID="P2_ST00021" HPOS="186" VPOS="435" WIDTH="92" HEIGHT="47" CONTENT="und" WC="1.00" CC="001"/>
						<SP ID="P2_SP00018" HPOS="278" VPOS="482" WIDTH="33"/>
						<String ID="P2_ST00022" HPOS="311" VPOS="435" WIDTH="283" HEIGHT="47" CONTENT="kümmerten" WC="0.99" CC="405401406"/>
						<SP ID="P2_SP00019" HPOS="594" VPOS="482" WIDTH="46"/>
						<String ID="P2_ST00023" HPOS="640" VPOS="448" WIDTH="80" HEIGHT="31" CONTENT="uns" WC="0.95" CC="705"/>
						<SP ID="P2_SP00020" HPOS="720" VPOS="482" WIDTH="39"/>
						<String ID="P2_ST00024" HPOS="759" VPOS="432" WIDTH="147" HEIGHT="62" CONTENT="wenig" WC="0.98" CC="80009"/>
						<SP ID="P2_SP00021" HPOS="906" VPOS="494" WIDTH="40"/>
						<String ID="P2_ST00025" HPOS="946" VPOS="448" WIDTH="72" HEIGHT="31" CONTENT="um" WC="0.79" CC="40"/>
						<SP ID="P2_SP00022" HPOS="1018" VPOS="494" WIDTH="41"/>
						<String ID="P2_ST00026" HPOS="1059" VPOS="430" WIDTH="79" HEIGHT="47" CONTENT="das" WC="0.96" CC="036"/>
						<SP ID="P2_SP00023" HPOS="1138" VPOS="494" WIDTH="42"/>
						<String ID="P2_ST00027" HPOS="1180" VPOS="430" WIDTH="171" HEIGHT="47" CONTENT="Urlheil" WC="0.98" CC="7306034"/>
						<SP ID="P2_SP00024" HPOS="1351" VPOS="494" WIDTH="39"/>
						<String ID="P2_ST00028" HPOS="1390" VPOS="429" WIDTH="80" HEIGHT="47" CONTENT="der" WC="0.99" CC="003"/>
						<SP ID="P2_SP00025" HPOS="1470" VPOS="494" WIDTH="33"/>
						<String ID="P2_ST00029" HPOS="1503" VPOS="429" WIDTH="199" HEIGHT="46" CONTENT="Kritiker" WC="0.99" CC="24060504"/>
					</TextLine>
					<TextLine ID="P2_TL00005" HPOS="183" VPOS="505" WIDTH="1519" HEIGHT="65">
						<String ID="P2_ST00030" HPOS="183" VPOS="524" WIDTH="100" HEIGHT="36" CONTENT="vom" WC="0.98" CC="050"/>
						<SP ID="P2_SP00026" HPOS="283" VPOS="560" WIDTH="28"/>
						<String ID="P2_ST00031" HPOS="311" VPOS="513" WIDTH="136" HEIGHT="53" CONTENT="Fach," WC="0.98" CC="33070"/>
						<SP ID="P2_SP00027" HPOS="447" VPOS="566" WIDTH="30"/>
						<String ID="P2_ST00032" HPOS="477" VPOS="510" WIDTH="125" HEIGHT="47" CONTENT="desto" WC="0.99" CC="00051"/>
						<SP ID="P2_SP00028" HPOS="602" VPOS="566" WIDTH="33"/>
						<String ID="P2_ST00033" HPOS="635" VPOS="512" WIDTH="127" HEIGHT="44" CONTENT="mehr" WC="0.99" CC="0220"/>
						<SP ID="P2_SP00029" HPOS="762" VPOS="566" WIDTH="31"/>
						<String ID="P2_ST00034" HPOS="793" VPOS="527" WIDTH="73" HEIGHT="28" CONTENT="um" WC="0.59" CC="80"/>
						<SP ID="P2_SP00030" HPOS="866" VPOS="566" WIDTH="33"/>
						<String ID="P2_ST00035" HPOS="899" VPOS="509" WIDTH="70" HEIGHT="47" CONTENT="die" WC="1.00" CC="000"/>
						<SP ID="P2_SP00031" HPOS="969" VPOS="566" WIDTH="21"/>
						<String ID="P2_ST00036" HPOS="990" VPOS="508" WIDTH="405" HEIGHT="62" CONTENT="stillschweigende" WC="1.00" CC="5610260603000700"/>
						<SP ID="P2_SP00032" HPOS="1395" VPOS="570" WIDTH="26"/>
						<String ID="P2_ST00037" HPOS="1421" VPOS="505" WIDTH="281" HEIGHT="65" CONTENT="Hingebung" WC="0.98" CC="437906680"/>
					</TextLine>
					<TextLine ID="P2_TL00006" HPOS="184" VPOS="585" WIDTH="1135" HEIGHT="51">
						<String ID="P2_ST00038" HPOS="184" VPOS="590" WIDTH="90" HEIGHT="46" CONTENT="und" WC="0.98" CC="060"/>
						<SP ID="P2_SP00033" HPOS="274" VPOS="636" WIDTH="32"/>
						<String ID="P2_ST00039" HPOS="306" VPOS="597" WIDTH="193" HEIGHT="38" CONTENT="stumme" WC="0.98" CC="273400"/>
						<SP ID="P2_SP00034" HPOS="499" VPOS="636" WIDTH="32"/>
						<String ID="P2_ST00040" HPOS="531" VPOS="585" WIDTH="209" HEIGHT="47" CONTENT="Andacht" WC="0.99" CC="6004006"/>
						<SP ID="P2_SP00035" HPOS="740" VPOS="636" WIDTH="31"/>
						<String ID="P2_ST00041" HPOS="771" VPOS="602" WIDTH="182" HEIGHT="30" CONTENT="unseres" WC="0.99" CC="6600600"/>
						<SP ID="P2_SP00036" HPOS="953" VPOS="636" WIDTH="32"/>
						<String ID="P2_ST00042" HPOS="985" VPOS="585" WIDTH="334" HEIGHT="47" CONTENT="Hörerkreises." WC="1.00" CC="6050101005140"/>
					</TextLine>
					<TextLine ID="P2_TL00007" HPOS="195" VPOS="658" WIDTH="1505" HEIGHT="70">
						<String ID="P2_ST00043" HPOS="195" VPOS="665" WIDTH="57" HEIGHT="50" CONTENT="de" WC="1.00" CC="00" STYLEREFS="TXT_1"/>
						<SP ID="P2_SP00037" HPOS="252" VPOS="715" WIDTH="107"/>
						<String ID="P2_ST00044" HPOS="359" VPOS="681" WIDTH="78" HEIGHT="31" CONTENT="ma" WC="0.52" CC="54" STYLEREFS="TXT_1"/>
						<SP ID="P2_SP00038" HPOS="437" VPOS="715" WIDTH="14"/>
						<String ID="P2_ST00045" HPOS="451" VPOS="665" WIDTH="224" HEIGHT="63" CONTENT="jeunesse!" WC="0.73" CC="101640540" STYLEREFS="TXT_1"/>
						<String ID="P2_ST00046" HPOS="676" VPOS="662" WIDTH="67" HEIGHT="47" CONTENT="riefst" WC="0.98" CC="300772"/>
						<SP ID="P2_SP00039" HPOS="743" VPOS="728" WIDTH="30"/>
						<String ID="P2_ST00047" HPOS="773" VPOS="664" WIDTH="73" HEIGHT="45" CONTENT="Du" WC="0.31" CC="67"/>
						<SP ID="P2_SP00040" HPOS="846" VPOS="728" WIDTH="30"/>
						<String ID="P2_ST00048" HPOS="876" VPOS="663" WIDTH="174" HEIGHT="62" CONTENT="voriges" WC="0.99" CC="0350015"/>
						<SP ID="P2_SP00041" HPOS="1050" VPOS="728" WIDTH="22"/>
						<String ID="P2_ST00049" HPOS="1072" VPOS="662" WIDTH="129" HEIGHT="54" CONTENT="Jahr," WC="0.98" CC="63701"/>
						<SP ID="P2_SP00042" HPOS="1201" VPOS="728" WIDTH="24"/>
						<String ID="P2_ST00050" HPOS="1225" VPOS="660" WIDTH="56" HEIGHT="47" CONTENT="da" WC="0.73" CC="05"/>
						<SP ID="P2_SP00043" HPOS="1281" VPOS="728" WIDTH="26"/>
						<String ID="P2_ST00051" HPOS="1307" VPOS="663" WIDTH="69" HEIGHT="43" CONTENT="Du" WC="0.40" CC="74"/>
						<SP ID="P2_SP00044" HPOS="1376" VPOS="728" WIDTH="32"/>
						<String ID="P2_ST00052" HPOS="1408" VPOS="662" WIDTH="57" HEIGHT="45" CONTENT="im" WC="0.95" CC="00"/>
						<SP ID="P2_SP00045" HPOS="1465" VPOS="728" WIDTH="26"/>
						<String ID="P2_ST00053" HPOS="1491" VPOS="658" WIDTH="209" HEIGHT="49" CONTENT="Seebade" WC="0.99" CC="3404700"/>
					</TextLine>
					<TextLine ID="P2_TL00008" HPOS="181" VPOS="738" WIDTH="1517" HEIGHT="66">
						<String ID="P2_ST00054" HPOS="181" VPOS="743" WIDTH="71" HEIGHT="47" CONTENT="die" WC="0.99" CC="010"/>
						<SP ID="P2_SP00046" HPOS="252" VPOS="790" WIDTH="41"/>
						<String ID="P2_ST00055" HPOS="293" VPOS="740" WIDTH="207" HEIGHT="64" CONTENT="staubige" WC="0.98" CC="16056090"/>
						<SP ID="P2_SP00047" HPOS="500" VPOS="804" WIDTH="45"/>
						<String ID="P2_ST00056" HPOS="545" VPOS="739" WIDTH="301" HEIGHT="63" CONTENT="Atmosphäre" WC="0.99" CC="4640353500"/>
						<SP ID="P2_SP00048" HPOS="846" VPOS="804" WIDTH="47"/>
						<String ID="P2_ST00057" HPOS="893" VPOS="740" WIDTH="166" HEIGHT="46" CONTENT="Deiner" WC="0.98" CC="701710"/>
						<SP ID="P2_SP00049" HPOS="1059" VPOS="804" WIDTH="57"/>
						<String ID="P2_ST00058" HPOS="1116" VPOS="738" WIDTH="252" HEIGHT="63" CONTENT="Metropole" WC="0.98" CC="906355400"/>
						<SP ID="P2_SP00050" HPOS="1368" VPOS="804" WIDTH="54"/>
						<String ID="P2_ST00059" HPOS="1422" VPOS="738" WIDTH="276" HEIGHT="62" CONTENT="abzuspülen" WC="0.99" CC="4064701258"/>
					</TextLine>
					<TextLine ID="P2_TL00009" HPOS="180" VPOS="814" WIDTH="1519" HEIGHT="62">
						<String ID="P2_ST00060" HPOS="180" VPOS="818" WIDTH="231" HEIGHT="54" CONTENT="lechztest;" WC="0.99" CC="4007680000"/>
						<String ID="P2_ST00061" HPOS="423" VPOS="833" WIDTH="120" HEIGHT="37" CONTENT="—o," WC="0.97" CC="800"/>
						<SP ID="P2_SP00051" HPOS="543" VPOS="872" WIDTH="31"/>
						<String ID="P2_ST00062" HPOS="574" VPOS="832" WIDTH="172" HEIGHT="30" CONTENT="warum" WC="0.98" CC="00624"/>
						<SP ID="P2_SP00052" HPOS="746" VPOS="872" WIDTH="35"/>
						<String ID="P2_ST00063" HPOS="781" VPOS="816" WIDTH="178" HEIGHT="47" CONTENT="können" WC="1.00" CC="000000"/>
						<SP ID="P2_SP00053" HPOS="959" VPOS="872" WIDTH="30"/>
						<String ID="P2_ST00064" HPOS="989" VPOS="815" WIDTH="84" HEIGHT="47" CONTENT="wir" WC="0.99" CC="003"/>
						<SP ID="P2_SP00054" HPOS="1073" VPOS="872" WIDTH="28"/>
						<String ID="P2_ST00065" HPOS="1101" VPOS="814" WIDTH="122" HEIGHT="47" CONTENT="nicht" WC="0.97" CC="70075"/>
						<SP ID="P2_SP00055" HPOS="1223" VPOS="872" WIDTH="30"/>
						<String ID="P2_ST00066" HPOS="1253" VPOS="814" WIDTH="128" HEIGHT="47" CONTENT="mehr" WC="0.98" CC="0350"/>
						<SP ID="P2_SP00056" HPOS="1381" VPOS="872" WIDTH="28"/>
						<String ID="P2_ST00067" HPOS="1409" VPOS="814" WIDTH="176" HEIGHT="62" CONTENT="singen," WC="0.98" CC="6189040"/>
						<SP ID="P2_SP00057" HPOS="1585" VPOS="876" WIDTH="30"/>
						<String ID="P2_ST00068" HPOS="1615" VPOS="814" WIDTH="84" HEIGHT="46" CONTENT="wie" WC="1.00" CC="000"/>
					</TextLine>
					<TextLine ID="P2_TL00010" HPOS="183" VPOS="890" WIDTH="1515" HEIGHT="65">
						<String ID="P2_ST00069" HPOS="183" VPOS="894" WIDTH="188" HEIGHT="55" CONTENT="damals," WC="0.99" CC="9002001"/>
						<SP ID="P2_SP00058" HPOS="371" VPOS="949" WIDTH="31"/>
						<String ID="P2_ST00070" HPOS="402" VPOS="910" WIDTH="70" HEIGHT="31" CONTENT="wo" WC="1.00" CC="00"/>
						<SP ID="P2_SP00059" HPOS="472" VPOS="949" WIDTH="31"/>
						<String ID="P2_ST00071" HPOS="503" VPOS="894" WIDTH="73" HEIGHT="46" CONTENT="Du" WC="0.76" CC="04"/>
						<SP ID="P2_SP00060" HPOS="576" VPOS="949" WIDTH="32"/>
						<String ID="P2_ST00072" HPOS="608" VPOS="891" WIDTH="83" HEIGHT="49" CONTENT="den" WC="0.96" CC="036"/>
						<SP ID="P2_SP00061" HPOS="691" VPOS="949" WIDTH="31"/>
						<String ID="P2_ST00073" HPOS="722" VPOS="893" WIDTH="112" HEIGHT="47" CONTENT="Stab" WC="0.97" CC="0362"/>
						<SP ID="P2_SP00062" HPOS="834" VPOS="949" WIDTH="29"/>
						<String ID="P2_ST00074" HPOS="863" VPOS="893" WIDTH="273" HEIGHT="62" CONTENT="schwangst," WC="0.99" CC="0040380051"/>
						<SP ID="P2_SP00063" HPOS="1136" VPOS="955" WIDTH="31"/>
						<String ID="P2_ST00075" HPOS="1167" VPOS="891" WIDTH="67" HEIGHT="46" CONTENT="ich" WC="0.99" CC="003"/>
						<SP ID="P2_SP00064" HPOS="1234" VPOS="955" WIDTH="32"/>
						<String ID="P2_ST00076" HPOS="1266" VPOS="907" WIDTH="112" HEIGHT="45" CONTENT="sang" WC="0.96" CC="1680"/>
						<SP ID="P2_SP00065" HPOS="1378" VPOS="955" WIDTH="31"/>
						<String ID="P2_ST00077" HPOS="1409" VPOS="890" WIDTH="88" HEIGHT="47" CONTENT="und" WC="0.95" CC="570"/>
						<SP ID="P2_SP00066" HPOS="1497" VPOS="955" WIDTH="33"/>
						<String ID="P2_ST00078" HPOS="1530" VPOS="890" WIDTH="168" HEIGHT="64" CONTENT="geigte," WC="0.99" CC="0040601"/>
					</TextLine>
					<TextLine ID="P2_TL00011" HPOS="185" VPOS="966" WIDTH="1513" HEIGHT="59">
						<String ID="P2_ST00079" HPOS="185" VPOS="971" WIDTH="89" HEIGHT="47" CONTENT="und" WC="0.98" CC="060"/>
						<SP ID="P2_SP00067" HPOS="274" VPOS="1018" WIDTH="33"/>
						<String ID="P2_ST00080" HPOS="307" VPOS="971" WIDTH="121" HEIGHT="46" CONTENT="Alles" WC="0.99" CC="00323"/>
						<SP ID="P2_SP00068" HPOS="428" VPOS="1018" WIDTH="30"/>
						<String ID="P2_ST00081" HPOS="458" VPOS="969" WIDTH="98" HEIGHT="47" CONTENT="froh" WC="0.97" CC="0435"/>
						<SP ID="P2_SP00069" HPOS="556" VPOS="1018" WIDTH="33"/>
						<String ID="P2_ST00082" HPOS="589" VPOS="985" WIDTH="110" HEIGHT="40" CONTENT="war," WC="0.99" CC="0300"/>
						<SP ID="P2_SP00070" HPOS="699" VPOS="1025" WIDTH="32"/>
						<String ID="P2_ST00083" HPOS="731" VPOS="968" WIDTH="222" HEIGHT="48" CONTENT="Niemand" WC="0.99" CC="9000080"/>
						<SP ID="P2_SP00071" HPOS="953" VPOS="1025" WIDTH="31"/>
						<String ID="P2_ST00084" HPOS="984" VPOS="985" WIDTH="51" HEIGHT="31" CONTENT="zu" WC="0.36" CC="65"/>
						<SP ID="P2_SP00072" HPOS="1035" VPOS="1025" WIDTH="32"/>
						<String ID="P2_ST00085" HPOS="1067" VPOS="968" WIDTH="177" HEIGHT="47" CONTENT="rechter" WC="0.99" CC="0005700"/>
						<SP ID="P2_SP00073" HPOS="1244" VPOS="1025" WIDTH="23"/>
						<String ID="P2_ST00086" HPOS="1267" VPOS="966" WIDTH="173" HEIGHT="49" CONTENT="Stunde" WC="0.99" CC="170000"/>
						<SP ID="P2_SP00074" HPOS="1440" VPOS="1025" WIDTH="30"/>
						<String ID="P2_ST00087" HPOS="1470" VPOS="968" WIDTH="122" HEIGHT="45" CONTENT="dicht" WC="0.98" CC="05052"/>
						<SP ID="P2_SP00075" HPOS="1592" VPOS="1025" WIDTH="28"/>
						<String ID="P2_ST00088" HPOS="1620" VPOS="983" WIDTH="78" HEIGHT="30" CONTENT="vor" WC="0.99" CC="020"/>
					</TextLine>
					<TextLine ID="P2_TL00012" HPOS="180" VPOS="1043" WIDTH="1515" HEIGHT="66">
						<String ID="P2_ST00089" HPOS="180" VPOS="1049" WIDTH="79" HEIGHT="47" CONTENT="der" WC="1.00" CC="000"/>
						<SP ID="P2_SP00076" HPOS="259" VPOS="1096" WIDTH="39"/>
						<String ID="P2_ST00090" HPOS="298" VPOS="1046" WIDTH="299" HEIGHT="61" CONTENT="Aufführung" WC="0.99" CC="1408073670"/>
						<SP ID="P2_SP00077" HPOS="597" VPOS="1107" WIDTH="39"/>
						<String ID="P2_ST00091" HPOS="636" VPOS="1045" WIDTH="143" HEIGHT="47" CONTENT="krank" WC="0.98" CC="00580"/>
						<SP ID="P2_SP00078" HPOS="779" VPOS="1107" WIDTH="41"/>
						<String ID="P2_ST00092" HPOS="820" VPOS="1045" WIDTH="142" HEIGHT="53" CONTENT="ward," WC="0.99" CC="05002"/>
						<SP ID="P2_SP00079" HPOS="962" VPOS="1107" WIDTH="45"/>
						<String ID="P2_ST00093" HPOS="1007" VPOS="1045" WIDTH="89" HEIGHT="47" CONTENT="und" WC="0.95" CC="580"/>
						<SP ID="P2_SP00080" HPOS="1096" VPOS="1107" WIDTH="49"/>
						<String ID="P2_ST00094" HPOS="1145" VPOS="1062" WIDTH="134" HEIGHT="30" CONTENT="unser" WC="0.99" CC="11400"/>
						<SP ID="P2_SP00081" HPOS="1279" VPOS="1107" WIDTH="47"/>
						<String ID="P2_ST00095" HPOS="1326" VPOS="1043" WIDTH="369" HEIGHT="66" CONTENT="Sängervölklein" WC="0.99" CC="28800503402106"/>
					</TextLine>
					<TextLine ID="P2_TL00013" HPOS="278" VPOS="1120" WIDTH="1418" HEIGHT="65">
						<String ID="P2_ST00096" HPOS="278" VPOS="1125" WIDTH="133" HEIGHT="46" CONTENT="Mann" WC="0.96" CC="7461"/>
						<SP ID="P2_SP00082" HPOS="411" VPOS="1171" WIDTH="43"/>
						<String ID="P2_ST00097" HPOS="454" VPOS="1123" WIDTH="89" HEIGHT="47" CONTENT="und" WC="0.95" CC="570"/>
						<SP ID="P2_SP00083" HPOS="543" VPOS="1171" WIDTH="36"/>
						<String ID="P2_ST00098" HPOS="579" VPOS="1121" WIDTH="140" HEIGHT="49" CONTENT="Weib" WC="0.99" CC="0005"/>
						<SP ID="P2_SP00084" HPOS="719" VPOS="1171" WIDTH="127"/>
						<String ID="P2_ST00099" HPOS="846" VPOS="1123" WIDTH="312" HEIGHT="47" CONTENT="unermüdlich" WC="1.00" CC="73000801000"/>
						<SP ID="P2_SP00085" HPOS="1158" VPOS="1171" WIDTH="42"/>
						<String ID="P2_ST00100" HPOS="1200" VPOS="1138" WIDTH="110" HEIGHT="38" CONTENT="war," WC="0.98" CC="0052"/>
						<SP ID="P2_SP00086" HPOS="1310" VPOS="1176" WIDTH="41"/>
						<String ID="P2_ST00101" HPOS="1351" VPOS="1138" WIDTH="70" HEIGHT="30" CONTENT="wo" WC="0.77" CC="04"/>
						<SP ID="P2_SP00087" HPOS="1421" VPOS="1176" WIDTH="39"/>
						<String ID="P2_ST00102" HPOS="1460" VPOS="1138" WIDTH="136" HEIGHT="47" CONTENT="sogar" WC="0.99" CC="03040"/>
						<SP ID="P2_SP00088" HPOS="1596" VPOS="1185" WIDTH="29"/>
						<String ID="P2_ST00103" HPOS="1625" VPOS="1120" WIDTH="71" HEIGHT="48" CONTENT="die" WC="0.99" CC="020"/>
					</TextLine>
					<TextLine ID="P2_TL00014" HPOS="179" VPOS="1197" WIDTH="1516" HEIGHT="65">
						<String ID="P2_ST00104" HPOS="179" VPOS="1203" WIDTH="209" HEIGHT="52" CONTENT="Solisien," WC="0.99" CC="040000362"/>
						<SP ID="P2_SP00089" HPOS="388" VPOS="1255" WIDTH="30"/>
						<String ID="P2_ST00105" HPOS="418" VPOS="1200" WIDTH="119" HEIGHT="48" CONTENT="diese" WC="0.99" CC="02060"/>
						<SP ID="P2_SP00090" HPOS="537" VPOS="1255" WIDTH="30"/>
						<String ID="P2_ST00106" HPOS="567" VPOS="1200" WIDTH="144" HEIGHT="47" CONTENT="allzeit" WC="0.98" CC="3068046"/>
						<SP ID="P2_SP00091" HPOS="711" VPOS="1255" WIDTH="29"/>
						<String ID="P2_ST00107" HPOS="740" VPOS="1200" WIDTH="281" HEIGHT="62" CONTENT="gefährliche" WC="0.99" CC="90003500030"/>
						<SP ID="P2_SP00092" HPOS="1021" VPOS="1262" WIDTH="30"/>
						<String ID="P2_ST00108" HPOS="1051" VPOS="1201" WIDTH="183" HEIGHT="52" CONTENT="Nation," WC="0.98" CC="6450403"/>
						<SP ID="P2_SP00093" HPOS="1234" VPOS="1262" WIDTH="38"/>
						<String ID="P2_ST00109" HPOS="1272" VPOS="1200" WIDTH="57" HEIGHT="46" CONTENT="im" WC="1.00" CC="00"/>
						<SP ID="P2_SP00094" HPOS="1329" VPOS="1262" WIDTH="37"/>
						<String ID="P2_ST00110" HPOS="1366" VPOS="1197" WIDTH="329" HEIGHT="50" CONTENT="Uebermaasse" WC="0.79" CC="70406000220"/>
					</TextLine>
					<TextLine ID="P2_TL00015" HPOS="178" VPOS="1276" WIDTH="1516" HEIGHT="55">
						<String ID="P2_ST00111" HPOS="178" VPOS="1279" WIDTH="82" HEIGHT="47" CONTENT="der" WC="0.99" CC="001"/>
						<SP ID="P2_SP00095" HPOS="260" VPOS="1326" WIDTH="34"/>
						<String ID="P2_ST00112" HPOS="294" VPOS="1277" WIDTH="140" HEIGHT="49" CONTENT="Liebe" WC="0.99" CC="00040"/>
						<SP ID="P2_SP00096" HPOS="434" VPOS="1326" WIDTH="38"/>
						<String ID="P2_ST00113" HPOS="472" VPOS="1277" WIDTH="90" HEIGHT="47" CONTENT="sich" WC="0.98" CC="0315"/>
						<SP ID="P2_SP00097" HPOS="562" VPOS="1326" WIDTH="42"/>
						<String ID="P2_ST00114" HPOS="604" VPOS="1294" WIDTH="301" HEIGHT="37" CONTENT="vermaassen," WC="0.74" CC="00060352261"/>
						<SP ID="P2_SP00098" HPOS="905" VPOS="1331" WIDTH="42"/>
						<String ID="P2_ST00115" HPOS="947" VPOS="1279" WIDTH="57" HEIGHT="45" CONTENT="im" WC="0.84" CC="20"/>
						<SP ID="P2_SP00099" HPOS="1004" VPOS="1331" WIDTH="43"/>
						<String ID="P2_ST00116" HPOS="1047" VPOS="1276" WIDTH="331" HEIGHT="48" CONTENT="Händel'schen" WC="0.65" CC="608036050506"/>
						<SP ID="P2_SP00100" HPOS="1378" VPOS="1331" WIDTH="48"/>
						<String ID="P2_ST00117" HPOS="1426" VPOS="1277" WIDTH="268" HEIGHT="46" CONTENT="Oratorium" WC="0.98" CC="543454550"/>
					</TextLine>
					<TextLine ID="P2_TL00016" HPOS="178" VPOS="1354" WIDTH="1516" HEIGHT="63">
						<String ID="P2_ST00118" HPOS="178" VPOS="1356" WIDTH="106" HEIGHT="47" CONTENT="Solo" WC="0.97" CC="0353"/>
						<SP ID="P2_SP00101" HPOS="284" VPOS="1403" WIDTH="32"/>
						<String ID="P2_ST00119" HPOS="316" VPOS="1354" WIDTH="104" HEIGHT="48" CONTENT="und" WC="0.94" CC="258"/>
						<SP ID="P2_SP00102" HPOS="420" VPOS="1403" WIDTH="33"/>
						<String ID="P2_ST00120" HPOS="453" VPOS="1354" WIDTH="122" HEIGHT="47" CONTENT="Chor" WC="0.97" CC="5106"/>
						<SP ID="P2_SP00103" HPOS="575" VPOS="1403" WIDTH="31"/>
						<String ID="P2_ST00121" HPOS="606" VPOS="1354" WIDTH="166" HEIGHT="47" CONTENT="redlich" WC="0.99" CC="2104304"/>
						<SP ID="P2_SP00104" HPOS="772" VPOS="1403" WIDTH="32"/>
						<String ID="P2_ST00122" HPOS="804" VPOS="1354" WIDTH="378" HEIGHT="63" CONTENT="durchzusingen," WC="0.99" CC="02401706060060"/>
						<SP ID="P2_SP00105" HPOS="1182" VPOS="1417" WIDTH="39"/>
						<String ID="P2_ST00123" HPOS="1221" VPOS="1354" WIDTH="119" HEIGHT="47" CONTENT="ohne" WC="0.95" CC="4765"/>
						<SP ID="P2_SP00106" HPOS="1340" VPOS="1417" WIDTH="30"/>
						<String ID="P2_ST00124" HPOS="1370" VPOS="1354" WIDTH="98" HEIGHT="45" CONTENT="eine" WC="0.98" CC="0063"/>
						<SP ID="P2_SP00107" HPOS="1468" VPOS="1417" WIDTH="29"/>
						<String ID="P2_ST00125" HPOS="1497" VPOS="1354" WIDTH="118" HEIGHT="45" CONTENT="Note" WC="0.98" CC="0460"/>
						<SP ID="P2_SP00108" HPOS="1615" VPOS="1417" WIDTH="28"/>
						<String ID="P2_ST00126" HPOS="1643" VPOS="1369" WIDTH="51" HEIGHT="30" CONTENT="zu" WC="0.32" CC="75"/>
					</TextLine>
					<TextLine ID="P2_TL00017" HPOS="178" VPOS="1430" WIDTH="1518" HEIGHT="65">
						<String ID="P2_ST00127" HPOS="178" VPOS="1431" WIDTH="369" HEIGHT="62" CONTENT="unterschlagen!" WC="0.99" CC="05506605000273"/>
						<SP ID="P2_SP00109" HPOS="547" VPOS="1493" WIDTH="28"/>
						<String ID="P2_ST00128" HPOS="575" VPOS="1430" WIDTH="116" HEIGHT="48" CONTENT="denn" WC="0.97" CC="0048"/>
						<SP ID="P2_SP00110" HPOS="691" VPOS="1493" WIDTH="29"/>
						<String ID="P2_ST00129" HPOS="720" VPOS="1431" WIDTH="62" HEIGHT="47" CONTENT="sie" WC="0.97" CC="304"/>
						<SP ID="P2_SP00111" HPOS="782" VPOS="1493" WIDTH="31"/>
						<String ID="P2_ST00130" HPOS="813" VPOS="1431" WIDTH="151" HEIGHT="47" CONTENT="hatten" WC="0.99" CC="005500"/>
						<SP ID="P2_SP00112" HPOS="964" VPOS="1493" WIDTH="33"/>
						<String ID="P2_ST00131" HPOS="997" VPOS="1432" WIDTH="113" HEIGHT="46" CONTENT="noch" WC="0.97" CC="8500"/>
						<SP ID="P2_SP00113" HPOS="1110" VPOS="1493" WIDTH="33"/>
						<String ID="P2_ST00132" HPOS="1143" VPOS="1431" WIDTH="142" HEIGHT="47" CONTENT="nichts" WC="0.99" CC="000154"/>
						<SP ID="P2_SP00114" HPOS="1285" VPOS="1493" WIDTH="23"/>
						<String ID="P2_ST00133" HPOS="1308" VPOS="1431" WIDTH="166" HEIGHT="64" CONTENT="gehört" WC="0.98" CC="005654"/>
						<SP ID="P2_SP00115" HPOS="1474" VPOS="1495" WIDTH="28"/>
						<String ID="P2_ST00134" HPOS="1502" VPOS="1446" WIDTH="83" HEIGHT="31" CONTENT="von" WC="0.96" CC="036"/>
						<SP ID="P2_SP00116" HPOS="1585" VPOS="1495" WIDTH="31"/>
						<String ID="P2_ST00135" HPOS="1616" VPOS="1430" WIDTH="80" HEIGHT="46" CONTENT="der" WC="1.00" CC="000"/>
					</TextLine>
					<TextLine ID="P2_TL00018" HPOS="178" VPOS="1507" WIDTH="1517" HEIGHT="65">
						<String ID="P2_ST00136" HPOS="178" VPOS="1526" WIDTH="148" HEIGHT="31" CONTENT="neuen" WC="0.98" CC="50108"/>
						<SP ID="P2_SP00117" HPOS="326" VPOS="1557" WIDTH="33"/>
						<String ID="P2_ST00137" HPOS="359" VPOS="1509" WIDTH="260" HEIGHT="47" CONTENT="hektischen" WC="0.99" CC="6106260716"/>
						<SP ID="P2_SP00118" HPOS="619" VPOS="1557" WIDTH="32"/>
						<String ID="P2_ST00138" HPOS="651" VPOS="1509" WIDTH="356" HEIGHT="63" CONTENT="Sangmethode," WC="1.00" CC="046020006002"/>
						<SP ID="P2_SP00119" HPOS="1007" VPOS="1572" WIDTH="37"/>
						<String ID="P2_ST00139" HPOS="1044" VPOS="1509" WIDTH="70" HEIGHT="48" CONTENT="die" WC="1.00" CC="000"/>
						<SP ID="P2_SP00120" HPOS="1114" VPOS="1572" WIDTH="29"/>
						<String ID="P2_ST00140" HPOS="1143" VPOS="1509" WIDTH="91" HEIGHT="47" CONTENT="sich" WC="0.98" CC="6000"/>
						<SP ID="P2_SP00121" HPOS="1234" VPOS="1572" WIDTH="32"/>
						<String ID="P2_ST00141" HPOS="1266" VPOS="1525" WIDTH="82" HEIGHT="31" CONTENT="von" WC="0.96" CC="046"/>
						<SP ID="P2_SP00122" HPOS="1348" VPOS="1572" WIDTH="31"/>
						<String ID="P2_ST00142" HPOS="1379" VPOS="1507" WIDTH="80" HEIGHT="49" CONTENT="der" WC="0.98" CC="006"/>
						<SP ID="P2_SP00123" HPOS="1459" VPOS="1572" WIDTH="32"/>
						<String ID="P2_ST00143" HPOS="1491" VPOS="1507" WIDTH="184" HEIGHT="47" CONTENT="altitaliä" SUBS_TYPE="HypPart1" SUBS_CONTENT="altitaliänischen" WC="0.68" CC="006461009"/>
						<HYP HPOS="1675" VPOS="1507" WIDTH="20" CONTENT="-"/>
					</TextLine>
					<TextLine ID="P2_TL00019" HPOS="178" VPOS="1584" WIDTH="1517" HEIGHT="66">
						<String ID="P2_ST00144" HPOS="178" VPOS="1586" WIDTH="182" HEIGHT="48" CONTENT="nischen" SUBS_TYPE="HypPart2" SUBS_CONTENT="altitaliänischen" WC="0.76" CC="0030607"/>
						<SP ID="P2_SP00124" HPOS="360" VPOS="1634" WIDTH="52"/>
						<String ID="P2_ST00145" HPOS="412" VPOS="1585" WIDTH="119" HEIGHT="48" CONTENT="bloss" WC="0.97" CC="35036"/>
						<SP ID="P2_SP00125" HPOS="531" VPOS="1634" WIDTH="48"/>
						<String ID="P2_ST00146" HPOS="579" VPOS="1585" WIDTH="202" HEIGHT="48" CONTENT="dadurch" WC="0.99" CC="0506300"/>
						<SP ID="P2_SP00126" HPOS="781" VPOS="1634" WIDTH="53"/>
						<String ID="P2_ST00147" HPOS="834" VPOS="1586" WIDTH="348" HEIGHT="53" CONTENT="unterscheidet," WC="1.00" CC="77100537000000"/>
						<SP ID="P2_SP00127" HPOS="1182" VPOS="1639" WIDTH="56"/>
						<String ID="P2_ST00148" HPOS="1238" VPOS="1585" WIDTH="102" HEIGHT="48" CONTENT="dass" WC="0.67" CC="0453"/>
						<SP ID="P2_SP00128" HPOS="1340" VPOS="1639" WIDTH="49"/>
						<String ID="P2_ST00149" HPOS="1389" VPOS="1586" WIDTH="107" HEIGHT="64" CONTENT="jene" WC="0.98" CC="7030"/>
						<SP ID="P2_SP00129" HPOS="1496" VPOS="1650" WIDTH="54"/>
						<String ID="P2_ST00150" HPOS="1550" VPOS="1584" WIDTH="145" HEIGHT="48" CONTENT="krank" WC="0.99" CC="05000"/>
					</TextLine>
					<TextLine ID="P2_TL00020" HPOS="179" VPOS="1662" WIDTH="1515" HEIGHT="66">
						<String ID="P2_ST00151" HPOS="179" VPOS="1664" WIDTH="167" HEIGHT="53" CONTENT="macht," WC="0.98" CC="010671"/>
						<SP ID="P2_SP00130" HPOS="346" VPOS="1717" WIDTH="31"/>
						<String ID="P2_ST00152" HPOS="377" VPOS="1662" WIDTH="119" HEIGHT="47" CONTENT="diese" WC="0.99" CC="00140"/>
						<SP ID="P2_SP00131" HPOS="496" VPOS="1717" WIDTH="29"/>
						<String ID="P2_ST00153" HPOS="525" VPOS="1664" WIDTH="191" HEIGHT="62" CONTENT="gesund," WC="0.99" CC="0013700"/>
						<SP ID="P2_SP00132" HPOS="716" VPOS="1726" WIDTH="44"/>
						<String ID="P2_ST00154" HPOS="760" VPOS="1665" WIDTH="101" HEIGHT="46" CONTENT="weil" WC="1.00" CC="0000"/>
						<SP ID="P2_SP00133" HPOS="861" VPOS="1726" WIDTH="35"/>
						<String ID="P2_ST00155" HPOS="896" VPOS="1664" WIDTH="106" HEIGHT="64" CONTENT="jene" WC="0.96" CC="4429"/>
						<SP ID="P2_SP00134" HPOS="1002" VPOS="1728" WIDTH="354"/>
						<String ID="P2_ST00156" HPOS="1356" VPOS="1662" WIDTH="196" HEIGHT="49" CONTENT="trachtet" WC="0.99" CC="60003805"/>
						<SP ID="P2_SP00135" HPOS="1552" VPOS="1728" WIDTH="29"/>
						<String ID="P2_ST00157" HPOS="1581" VPOS="1662" WIDTH="113" HEIGHT="47" CONTENT="nach" WC="0.95" CC="6675"/>
					</TextLine>
					<TextLine ID="P2_TL00021" HPOS="176" VPOS="1740" WIDTH="1523" HEIGHT="56">
						<String ID="P2_ST00158" HPOS="176" VPOS="1740" WIDTH="240" HEIGHT="48" CONTENT="Ausdruck" WC="0.99" CC="20600200"/>
						<SP ID="P2_SP00136" HPOS="416" VPOS="1788" WIDTH="26"/>
						<String ID="P2_ST00159" HPOS="442" VPOS="1740" WIDTH="119" HEIGHT="47" CONTENT="eines" WC="0.98" CC="00804"/>
						<SP ID="P2_SP00137" HPOS="561" VPOS="1788" WIDTH="25"/>
						<String ID="P2_ST00160" HPOS="586" VPOS="1740" WIDTH="210" HEIGHT="54" CONTENT="Gefühls," WC="0.99" CC="00803600"/>
						<SP ID="P2_SP00138" HPOS="796" VPOS="1794" WIDTH="41"/>
						<String ID="P2_ST00161" HPOS="837" VPOS="1740" WIDTH="106" HEIGHT="56" CONTENT="„das" WC="0.97" CC="5044"/>
						<SP ID="P2_SP00139" HPOS="943" VPOS="1796" WIDTH="30"/>
						<String ID="P2_ST00162" HPOS="973" VPOS="1741" WIDTH="120" HEIGHT="47" CONTENT="nicht" WC="0.98" CC="40074"/>
						<SP ID="P2_SP00140" HPOS="1093" VPOS="1796" WIDTH="31"/>
						<String ID="P2_ST00163" HPOS="1124" VPOS="1741" WIDTH="106" HEIGHT="53" CONTENT='ist",' WC="0.98" CC="02361"/>
						<SP ID="P2_SP00141" HPOS="1230" VPOS="1796" WIDTH="30"/>
						<String ID="P2_ST00164" HPOS="1260" VPOS="1741" WIDTH="120" HEIGHT="46" CONTENT="diese" WC="0.99" CC="02050"/>
						<SP ID="P2_SP00142" HPOS="1380" VPOS="1796" WIDTH="29"/>
						<String ID="P2_ST00165" HPOS="1409" VPOS="1740" WIDTH="112" HEIGHT="47" CONTENT="aber" WC="0.98" CC="3205"/>
						<SP ID="P2_SP00143" HPOS="1521" VPOS="1796" WIDTH="28"/>
						<String ID="P2_ST00166" HPOS="1549" VPOS="1746" WIDTH="150" HEIGHT="41" CONTENT="zuerst" WC="0.98" CC="650323"/>
					</TextLine>
					<TextLine ID="P2_TL00022" HPOS="178" VPOS="1817" WIDTH="1190" HEIGHT="64">
						<String ID="P2_ST00167" HPOS="178" VPOS="1817" WIDTH="120" HEIGHT="48" CONTENT="rein" WC="0.98" CC="6200"/>
						<SP ID="P2_SP00144" HPOS="298" VPOS="1865" WIDTH="29"/>
						<String ID="P2_ST00168" HPOS="327" VPOS="1817" WIDTH="120" HEIGHT="64" CONTENT="singt" WC="0.97" CC="00696"/>
						<SP ID="P2_SP00145" HPOS="447" VPOS="1881" WIDTH="29"/>
						<String ID="P2_ST00169" HPOS="476" VPOS="1817" WIDTH="89" HEIGHT="46" CONTENT="und" WC="1.00" CC="000"/>
						<SP ID="P2_SP00146" HPOS="565" VPOS="1881" WIDTH="32"/>
						<String ID="P2_ST00170" HPOS="597" VPOS="1817" WIDTH="157" HEIGHT="64" CONTENT="präcis," WC="0.91" CC="0500000"/>
						<SP ID="P2_SP00147" HPOS="754" VPOS="1881" WIDTH="31"/>
						<String ID="P2_ST00171" HPOS="785" VPOS="1818" WIDTH="200" HEIGHT="46" CONTENT="nachher" WC="0.99" CC="5202701"/>
						<SP ID="P2_SP00148" HPOS="985" VPOS="1881" WIDTH="31"/>
						<String ID="P2_ST00172" HPOS="1016" VPOS="1818" WIDTH="106" HEIGHT="47" CONTENT="alles" WC="0.98" CC="25500"/>
						<SP ID="P2_SP00149" HPOS="1122" VPOS="1881" WIDTH="32"/>
						<String ID="P2_ST00173" HPOS="1154" VPOS="1817" WIDTH="214" HEIGHT="64" CONTENT="Uebrige." WC="0.79" CC="20450004"/>
					</TextLine>
					<TextLine ID="P2_TL00023" HPOS="292" VPOS="1893" WIDTH="1404" HEIGHT="66">
						<String ID="P2_ST00174" HPOS="292" VPOS="1895" WIDTH="60" HEIGHT="47" CONTENT="So" WC="0.79" CC="12"/>
						<SP ID="P2_SP00150" HPOS="352" VPOS="1942" WIDTH="41"/>
						<String ID="P2_ST00175" HPOS="393" VPOS="1901" WIDTH="171" HEIGHT="56" CONTENT="sagtest" WC="0.99" CC="0204065"/>
						<SP ID="P2_SP00151" HPOS="564" VPOS="1957" WIDTH="43"/>
						<String ID="P2_ST00176" HPOS="607" VPOS="1896" WIDTH="90" HEIGHT="52" CONTENT="Du," WC="0.97" CC="043"/>
						<SP ID="P2_SP00152" HPOS="697" VPOS="1957" WIDTH="42"/>
						<String ID="P2_ST00177" HPOS="739" VPOS="1895" WIDTH="291" HEIGHT="64" CONTENT="sehnsüchtig" WC="0.99" CC="63061007009"/>
						<SP ID="P2_SP00153" HPOS="1030" VPOS="1959" WIDTH="45"/>
						<String ID="P2_ST00178" HPOS="1075" VPOS="1893" WIDTH="341" HEIGHT="52" CONTENT="rückblickend," WC="1.00" CC="3050300100801"/>
						<SP ID="P2_SP00154" HPOS="1416" VPOS="1959" WIDTH="52"/>
						<String ID="P2_ST00179" HPOS="1468" VPOS="1895" WIDTH="63" HEIGHT="47" CONTENT="als" WC="0.94" CC="761"/>
						<SP ID="P2_SP00155" HPOS="1531" VPOS="1959" WIDTH="44"/>
						<String ID="P2_ST00180" HPOS="1575" VPOS="1897" WIDTH="121" HEIGHT="43" CONTENT="wäre" WC="0.97" CC="7050"/>
					</TextLine>
					<TextLine ID="P2_TL00024" HPOS="178" VPOS="1971" WIDTH="1517" HEIGHT="66">
						<String ID="P2_ST00181" HPOS="178" VPOS="1987" WIDTH="161" HEIGHT="32" CONTENT="unsere" WC="0.98" CC="085020"/>
						<SP ID="P2_SP00156" HPOS="339" VPOS="2019" WIDTH="20"/>
						<String ID="P2_ST00182" HPOS="359" VPOS="1971" WIDTH="180" HEIGHT="63" CONTENT="Jugend" WC="0.98" CC="660220"/>
						<SP ID="P2_SP00157" HPOS="539" VPOS="2034" WIDTH="26"/>
						<String ID="P2_ST00183" HPOS="565" VPOS="1989" WIDTH="84" HEIGHT="29" CONTENT="nur" WC="0.99" CC="101"/>
						<SP ID="P2_SP00158" HPOS="649" VPOS="2034" WIDTH="23"/>
						<String ID="P2_ST00184" HPOS="672" VPOS="1972" WIDTH="81" HEIGHT="47" CONTENT="auf" WC="0.97" CC="440"/>
						<SP ID="P2_SP00159" HPOS="753" VPOS="2034" WIDTH="19"/>
						<String ID="P2_ST00185" HPOS="772" VPOS="1973" WIDTH="147" HEIGHT="49" CONTENT="Hosen" WC="0.97" CC="70406"/>
						<SP ID="P2_SP00160" HPOS="919" VPOS="2034" WIDTH="24"/>
						<String ID="P2_ST00186" HPOS="943" VPOS="1975" WIDTH="205" HEIGHT="62" CONTENT="gebettet" WC="0.99" CC="00508503"/>
						<SP ID="P2_SP00161" HPOS="1148" VPOS="2037" WIDTH="23"/>
						<String ID="P2_ST00187" HPOS="1171" VPOS="1989" WIDTH="235" HEIGHT="48" CONTENT="gewesen;" WC="1.00" CC="03003040"/>
						<SP ID="P2_SP00162" HPOS="1406" VPOS="2037" WIDTH="24"/>
						<String ID="P2_ST00188" HPOS="1430" VPOS="1973" WIDTH="68" HEIGHT="46" CONTENT="ein" WC="0.98" CC="022"/>
						<SP ID="P2_SP00163" HPOS="1498" VPOS="2037" WIDTH="23"/>
						<String ID="P2_ST00189" HPOS="1521" VPOS="1972" WIDTH="140" HEIGHT="47" CONTENT="Wahr" SUBS_TYPE="HypPart1" SUBS_CONTENT="Wahrzeichen" WC="0.98" CC="3165"/>
						<HYP HPOS="1661" VPOS="1972" WIDTH="34" CONTENT="-"/>
					</TextLine>
					<TextLine ID="P2_TL00025" HPOS="175" VPOS="2048" WIDTH="1521" HEIGHT="66">
						<String ID="P2_ST00190" HPOS="175" VPOS="2050" WIDTH="180" HEIGHT="47" CONTENT="zeichen" SUBS_TYPE="HypPart2" SUBS_CONTENT="Wahrzeichen" WC="0.99" CC="5000508"/>
						<SP ID="P2_SP00164" HPOS="355" VPOS="2097" WIDTH="47"/>
						<String ID="P2_ST00191" HPOS="402" VPOS="2050" WIDTH="77" HEIGHT="47" CONTENT="des" WC="1.00" CC="001"/>
						<SP ID="P2_SP00165" HPOS="479" VPOS="2097" WIDTH="41"/>
						<String ID="P2_ST00192" HPOS="520" VPOS="2050" WIDTH="167" HEIGHT="53" CONTENT="Alters," WC="0.99" CC="0060310"/>
						<SP ID="P2_SP00166" HPOS="687" VPOS="2103" WIDTH="44"/>
						<String ID="P2_ST00193" HPOS="731" VPOS="2050" WIDTH="79" HEIGHT="48" CONTENT="das" WC="0.98" CC="005"/>
						<SP ID="P2_SP00167" HPOS="810" VPOS="2103" WIDTH="43"/>
						<String ID="P2_ST00194" HPOS="853" VPOS="2050" WIDTH="78" HEIGHT="48" CONTENT="des" WC="1.00" CC="001"/>
						<SP ID="P2_SP00168" HPOS="931" VPOS="2103" WIDTH="42"/>
						<String ID="P2_ST00195" HPOS="973" VPOS="2067" WIDTH="268" HEIGHT="45" CONTENT="gewesenen" WC="0.99" CC="900020805"/>
						<SP ID="P2_SP00169" HPOS="1241" VPOS="2112" WIDTH="43"/>
						<String ID="P2_ST00196" HPOS="1284" VPOS="2050" WIDTH="162" HEIGHT="48" CONTENT="Leides" WC="0.99" CC="000006"/>
						<SP ID="P2_SP00170" HPOS="1446" VPOS="2112" WIDTH="42"/>
						<String ID="P2_ST00197" HPOS="1488" VPOS="2048" WIDTH="208" HEIGHT="66" CONTENT="vergisst!" WC="0.68" CC="000915650"/>
					</TextLine>
					<TextLine ID="P2_TL00026" HPOS="176" VPOS="2126" WIDTH="1519" HEIGHT="66">
						<String ID="P2_ST00198" HPOS="176" VPOS="2126" WIDTH="111" HEIGHT="47" CONTENT="oder" WC="0.99" CC="3000"/>
						<SP ID="P2_SP00171" HPOS="287" VPOS="2173" WIDTH="42"/>
						<String ID="P2_ST00199" HPOS="329" VPOS="2127" WIDTH="62" HEIGHT="46" CONTENT="als" WC="0.95" CC="535"/>
						<SP ID="P2_SP00172" HPOS="391" VPOS="2173" WIDTH="44"/>
						<String ID="P2_ST00200" HPOS="435" VPOS="2130" WIDTH="122" HEIGHT="43" CONTENT="wäre" WC="1.00" CC="0000"/>
						<SP ID="P2_SP00173" HPOS="557" VPOS="2173" WIDTH="42"/>
						<String ID="P2_ST00201" HPOS="599" VPOS="2126" WIDTH="173" HEIGHT="48" CONTENT="damals" WC="0.98" CC="000739"/>
						<SP ID="P2_SP00174" HPOS="772" VPOS="2174" WIDTH="43"/>
						<String ID="P2_ST00202" HPOS="815" VPOS="2128" WIDTH="122" HEIGHT="54" CONTENT="alles," WC="0.98" CC="550031"/>
						<SP ID="P2_SP00175" HPOS="937" VPOS="2182" WIDTH="46"/>
						<String ID="P2_ST00203" HPOS="983" VPOS="2145" WIDTH="91" HEIGHT="30" CONTENT="was" WC="0.96" CC="063"/>
						<SP ID="P2_SP00176" HPOS="1074" VPOS="2182" WIDTH="37"/>
						<String ID="P2_ST00204" HPOS="1111" VPOS="2128" WIDTH="168" HEIGHT="64" CONTENT="gleisst," WC="0.74" CC="90005050"/>
						<SP ID="P2_SP00177" HPOS="1279" VPOS="2192" WIDTH="44"/>
						<String ID="P2_ST00205" HPOS="1323" VPOS="2127" WIDTH="113" HEIGHT="48" CONTENT="Gold" WC="1.00" CC="0000"/>
						<SP ID="P2_SP00178" HPOS="1436" VPOS="2192" WIDTH="33"/>
						<String ID="P2_ST00206" HPOS="1469" VPOS="2144" WIDTH="226" HEIGHT="45" CONTENT="gewesen." WC="0.99" CC="00800004"/>
					</TextLine>
					<TextLine ID="P2_TL00027" HPOS="174" VPOS="2203" WIDTH="1521" HEIGHT="65">
						<String ID="P2_ST00207" HPOS="174" VPOS="2205" WIDTH="123" HEIGHT="53" CONTENT="Nun," WC="0.96" CC="0583"/>
						<SP ID="P2_SP00179" HPOS="297" VPOS="2258" WIDTH="32"/>
						<String ID="P2_ST00208" HPOS="329" VPOS="2203" WIDTH="114" HEIGHT="47" CONTENT="Dein" WC="0.99" CC="0005"/>
						<SP ID="P2_SP00180" HPOS="443" VPOS="2258" WIDTH="25"/>
						<String ID="P2_ST00209" HPOS="468" VPOS="2205" WIDTH="493" HEIGHT="48" CONTENT="Pensieroso-Gemüth" WC="0.69" CC="20907003550302047"/>
						<SP ID="P2_SP00181" HPOS="961" VPOS="2258" WIDTH="34"/>
						<String ID="P2_ST00210" HPOS="995" VPOS="2206" WIDTH="78" HEIGHT="47" CONTENT="hat" WC="0.96" CC="505"/>
						<SP ID="P2_SP00182" HPOS="1073" VPOS="2258" WIDTH="23"/>
						<String ID="P2_ST00211" HPOS="1096" VPOS="2205" WIDTH="82" HEIGHT="47" CONTENT="Dir" WC="0.98" CC="400"/>
						<SP ID="P2_SP00183" HPOS="1178" VPOS="2258" WIDTH="29"/>
						<String ID="P2_ST00212" HPOS="1207" VPOS="2206" WIDTH="145" HEIGHT="47" CONTENT="allzeit" WC="0.98" CC="5604006"/>
						<SP ID="P2_SP00184" HPOS="1352" VPOS="2258" WIDTH="29"/>
						<String ID="P2_ST00213" HPOS="1381" VPOS="2205" WIDTH="206" HEIGHT="47" CONTENT="Streiche" WC="0.99" CC="36010060"/>
						<SP ID="P2_SP00185" HPOS="1587" VPOS="2258" WIDTH="31"/>
						<String ID="P2_ST00214" HPOS="1618" VPOS="2221" WIDTH="52" HEIGHT="47" CONTENT="ge" SUBS_TYPE="HypPart1" SUBS_CONTENT="gespielt." WC="0.99" CC="00"/>
						<HYP HPOS="1670" VPOS="2221" WIDTH="25" CONTENT="-"/>
					</TextLine>
					<TextLine ID="P2_TL00028" HPOS="174" VPOS="2281" WIDTH="1522" HEIGHT="65">
						<String ID="P2_ST00215" HPOS="174" VPOS="2281" WIDTH="142" HEIGHT="63" CONTENT="spielt." SUBS_TYPE="HypPart2" SUBS_CONTENT="gespielt." WC="0.99" CC="3000440"/>
						<SP ID="P2_SP00186" HPOS="316" VPOS="2344" WIDTH="36"/>
						<String ID="P2_ST00216" HPOS="352" VPOS="2281" WIDTH="167" HEIGHT="47" CONTENT="Hatten" WC="0.97" CC="746503"/>
						<SP ID="P2_SP00187" HPOS="519" VPOS="2344" WIDTH="32"/>
						<String ID="P2_ST00217" HPOS="551" VPOS="2281" WIDTH="80" HEIGHT="47" CONTENT="wir" WC="1.00" CC="000"/>
						<SP ID="P2_SP00188" HPOS="631" VPOS="2344" WIDTH="32"/>
						<String ID="P2_ST00218" HPOS="663" VPOS="2281" WIDTH="160" HEIGHT="48" CONTENT="keinen" WC="1.00" CC="001200"/>
						<SP ID="P2_SP00189" HPOS="823" VPOS="2344" WIDTH="33"/>
						<String ID="P2_ST00219" HPOS="856" VPOS="2282" WIDTH="263" HEIGHT="48" CONTENT="Ueberfluss" WC="0.69" CC="8060033053"/>
						<SP ID="P2_SP00190" HPOS="1119" VPOS="2344" WIDTH="30"/>
						<String ID="P2_ST00220" HPOS="1149" VPOS="2299" WIDTH="56" HEIGHT="31" CONTENT="an" WC="0.47" CC="36"/>
						<SP ID="P2_SP00191" HPOS="1205" VPOS="2344" WIDTH="32"/>
						<String ID="P2_ST00221" HPOS="1237" VPOS="2281" WIDTH="459" HEIGHT="65" CONTENT="zwanzigfingerigen" WC="0.69" CC="70136007778000010"/>
					</TextLine>
					<TextLine ID="P2_TL00029" HPOS="176" VPOS="2358" WIDTH="1522" HEIGHT="54">
						<String ID="P2_ST00222" HPOS="176" VPOS="2358" WIDTH="259" HEIGHT="54" CONTENT="Virtuosen," WC="0.99" CC="5016000073"/>
						<SP ID="P2_SP00192" HPOS="435" VPOS="2412" WIDTH="42"/>
						<String ID="P2_ST00223" HPOS="477" VPOS="2373" WIDTH="48" HEIGHT="32" CONTENT="so" WC="0.73" CC="40"/>
						<SP ID="P2_SP00193" HPOS="525" VPOS="2412" WIDTH="46"/>
						<String ID="P2_ST00224" HPOS="571" VPOS="2375" WIDTH="94" HEIGHT="31" CONTENT="war" WC="0.96" CC="055"/>
						<SP ID="P2_SP00194" HPOS="665" VPOS="2412" WIDTH="43"/>
						<String ID="P2_ST00225" HPOS="708" VPOS="2358" WIDTH="140" HEIGHT="48" CONTENT="dafür" WC="0.98" CC="03704"/>
						<SP ID="P2_SP00195" HPOS="848" VPOS="2412" WIDTH="41"/>
						<String ID="P2_ST00226" HPOS="889" VPOS="2360" WIDTH="77" HEIGHT="48" CONTENT="das" WC="1.00" CC="000"/>
						<SP ID="P2_SP00196" HPOS="966" VPOS="2412" WIDTH="43"/>
						<String ID="P2_ST00227" HPOS="1009" VPOS="2360" WIDTH="393" HEIGHT="48" CONTENT="Zurechtmachen" WC="1.00" CC="0243003200705"/>
						<SP ID="P2_SP00197" HPOS="1402" VPOS="2412" WIDTH="57"/>
						<String ID="P2_ST00228" HPOS="1459" VPOS="2360" WIDTH="116" HEIGHT="46" CONTENT="auch" WC="0.96" CC="3246"/>
						<SP ID="P2_SP00198" HPOS="1575" VPOS="2412" WIDTH="45"/>
						<String ID="P2_ST00229" HPOS="1620" VPOS="2360" WIDTH="78" HEIGHT="46" CONTENT="des" WC="0.98" CC="005"/>
					</TextLine>
					<TextLine ID="P2_TL00030" HPOS="175" VPOS="2434" WIDTH="1523" HEIGHT="68">
						<String ID="P2_ST00230" HPOS="175" VPOS="2434" WIDTH="218" HEIGHT="49" CONTENT="kleinsten" WC="0.99" CC="040080507"/>
						<SP ID="P2_SP00199" HPOS="393" VPOS="2483" WIDTH="46"/>
						<String ID="P2_ST00231" HPOS="439" VPOS="2436" WIDTH="436" HEIGHT="66" CONTENT="Kunstvergnügens" WC="0.99" CC="647560010389023"/>
						<SP ID="P2_SP00200" HPOS="875" VPOS="2502" WIDTH="42"/>
						<String ID="P2_ST00232" HPOS="917" VPOS="2437" WIDTH="99" HEIGHT="47" CONTENT="eine" WC="0.99" CC="0060"/>
						<SP ID="P2_SP00201" HPOS="1016" VPOS="2502" WIDTH="30"/>
						<String ID="P2_ST00233" HPOS="1046" VPOS="2437" WIDTH="429" HEIGHT="56" CONTENT="Hercules-Arbeit," WC="0.71" CC="4010760403160323"/>
						<SP ID="P2_SP00202" HPOS="1475" VPOS="2502" WIDTH="37"/>
						<String ID="P2_ST00234" HPOS="1512" VPOS="2437" WIDTH="64" HEIGHT="63" CONTENT="ja," WC="0.98" CC="320"/>
						<SP ID="P2_SP00203" HPOS="1576" VPOS="2502" WIDTH="46"/>
						<String ID="P2_ST00235" HPOS="1622" VPOS="2437" WIDTH="76" HEIGHT="47" CONTENT="für" WC="0.96" CC="605"/>
					</TextLine>
					<TextLine ID="P2_TL00031" HPOS="174" VPOS="2512" WIDTH="1522" HEIGHT="67">
						<String ID="P2_ST00236" HPOS="174" VPOS="2512" WIDTH="71" HEIGHT="47" CONTENT="die" WC="0.98" CC="040"/>
						<SP ID="P2_SP00204" HPOS="245" VPOS="2559" WIDTH="29"/>
						<String ID="P2_ST00237" HPOS="274" VPOS="2513" WIDTH="159" HEIGHT="47" CONTENT="Dauer" WC="0.98" CC="04502"/>
						<SP ID="P2_SP00205" HPOS="433" VPOS="2560" WIDTH="44"/>
						<String ID="P2_ST00238" HPOS="477" VPOS="2512" WIDTH="150" HEIGHT="48" CONTENT="hätten" WC="0.98" CC="600748"/>
						<SP ID="P2_SP00206" HPOS="627" VPOS="2560" WIDTH="46"/>
						<String ID="P2_ST00239" HPOS="673" VPOS="2516" WIDTH="81" HEIGHT="44" CONTENT="wir" WC="0.99" CC="002"/>
						<SP ID="P2_SP00207" HPOS="754" VPOS="2560" WIDTH="42"/>
						<String ID="P2_ST00240" HPOS="796" VPOS="2532" WIDTH="46" HEIGHT="29" CONTENT="es" WC="0.69" CC="06"/>
						<SP ID="P2_SP00208" HPOS="842" VPOS="2561" WIDTH="40"/>
						<String ID="P2_ST00241" HPOS="882" VPOS="2514" WIDTH="139" HEIGHT="49" CONTENT="selbst" WC="0.98" CC="204705"/>
						<SP ID="P2_SP00209" HPOS="1021" VPOS="2563" WIDTH="40"/>
						<String ID="P2_ST00242" HPOS="1061" VPOS="2514" WIDTH="122" HEIGHT="49" CONTENT="nicht" WC="0.98" CC="40065"/>
						<SP ID="P2_SP00210" HPOS="1183" VPOS="2563" WIDTH="44"/>
						<String ID="P2_ST00243" HPOS="1227" VPOS="2514" WIDTH="379" HEIGHT="65" CONTENT="durchgehalten," WC="0.99" CC="03406902305040"/>
						<SP ID="P2_SP00211" HPOS="1606" VPOS="2579" WIDTH="42"/>
						<String ID="P2_ST00244" HPOS="1648" VPOS="2531" WIDTH="48" HEIGHT="30" CONTENT="so" WC="0.80" CC="03"/>
					</TextLine>
					<TextLine ID="P2_TL00032" HPOS="174" VPOS="2589" WIDTH="1525" HEIGHT="64">
						<String ID="P2_ST00245" HPOS="174" VPOS="2589" WIDTH="176" HEIGHT="64" CONTENT="wüthig" WC="0.72" CC="005208"/>
						<SP ID="P2_SP00212" HPOS="350" VPOS="2653" WIDTH="33"/>
						<String ID="P2_ST00246" HPOS="383" VPOS="2606" WIDTH="52" HEIGHT="30" CONTENT="zu" WC="0.28" CC="68"/>
						<SP ID="P2_SP00213" HPOS="435" VPOS="2653" WIDTH="41"/>
						<String ID="P2_ST00247" HPOS="476" VPOS="2589" WIDTH="221" HEIGHT="54" CONTENT="arbeiten," WC="0.99" CC="325006050"/>
						<SP ID="P2_SP00214" HPOS="697" VPOS="2653" WIDTH="39"/>
						<String ID="P2_ST00248" HPOS="736" VPOS="2592" WIDTH="84" HEIGHT="46" CONTENT="wie" WC="1.00" CC="000"/>
						<SP ID="P2_SP00215" HPOS="820" VPOS="2653" WIDTH="40"/>
						<String ID="P2_ST00249" HPOS="860" VPOS="2592" WIDTH="81" HEIGHT="46" CONTENT="wir" WC="0.99" CC="002"/>
						<SP ID="P2_SP00216" HPOS="941" VPOS="2653" WIDTH="40"/>
						<String ID="P2_ST00250" HPOS="981" VPOS="2591" WIDTH="176" HEIGHT="48" CONTENT="damals" WC="0.99" CC="000540"/>
						<SP ID="P2_SP00217" HPOS="1157" VPOS="2653" WIDTH="42"/>
						<String ID="P2_ST00251" HPOS="1199" VPOS="2592" WIDTH="172" HEIGHT="56" CONTENT="thaten," WC="0.62" CC="7546020"/>
						<SP ID="P2_SP00218" HPOS="1371" VPOS="2653" WIDTH="46"/>
						<String ID="P2_ST00252" HPOS="1417" VPOS="2608" WIDTH="75" HEIGHT="31" CONTENT="um" WC="0.58" CC="62"/>
						<SP ID="P2_SP00219" HPOS="1492" VPOS="2653" WIDTH="42"/>
						<String ID="P2_ST00253" HPOS="1534" VPOS="2607" WIDTH="165" HEIGHT="32" CONTENT="unsere" WC="0.99" CC="064310"/>
					</TextLine>
					<TextLine ID="P2_TL00033" HPOS="172" VPOS="2667" WIDTH="1524" HEIGHT="62">
						<String ID="P2_ST00254" HPOS="172" VPOS="2667" WIDTH="200" HEIGHT="62" CONTENT="Häiyiel-" WC="0.57" CC="70177611"/>
						<SP ID="P2_SP00220" HPOS="372" VPOS="2729" WIDTH="40"/>
						<String ID="P2_ST00255" HPOS="412" VPOS="2668" WIDTH="91" HEIGHT="46" CONTENT="und" WC="0.97" CC="530"/>
						<SP ID="P2_SP00221" HPOS="503" VPOS="2729" WIDTH="39"/>
						<String ID="P2_ST00256" HPOS="542" VPOS="2668" WIDTH="409" HEIGHT="48" CONTENT="Bach-Partituren" WC="0.99" CC="600747355050407"/>
						<SP ID="P2_SP00222" HPOS="951" VPOS="2729" WIDTH="39"/>
						<String ID="P2_ST00257" HPOS="990" VPOS="2669" WIDTH="80" HEIGHT="49" CONTENT="mit" WC="0.97" CC="403"/>
						<SP ID="P2_SP00223" HPOS="1070" VPOS="2729" WIDTH="30"/>
						<String ID="P2_ST00258" HPOS="1100" VPOS="2669" WIDTH="250" HEIGHT="49" CONTENT="Orchester" WC="1.00" CC="530000400"/>
						<SP ID="P2_SP00224" HPOS="1350" VPOS="2729" WIDTH="37"/>
						<String ID="P2_ST00259" HPOS="1387" VPOS="2687" WIDTH="52" HEIGHT="29" CONTENT="zu" WC="0.71" CC="40"/>
						<SP ID="P2_SP00225" HPOS="1439" VPOS="2729" WIDTH="39"/>
						<String ID="P2_ST00260" HPOS="1478" VPOS="2669" WIDTH="218" HEIGHT="49" CONTENT="versehen" WC="0.99" CC="03570206"/>
					</TextLine>
					<TextLine ID="P2_TL00034" HPOS="263" VPOS="2743" WIDTH="1433" HEIGHT="60">
						<String ID="P2_ST00261" HPOS="263" VPOS="2744" WIDTH="205" HEIGHT="55" CONTENT="„Thaten" WC="0.76" CC="2060600"/>
						<SP ID="P2_SP00226" HPOS="468" VPOS="2799" WIDTH="23"/>
						<String ID="P2_ST00262" HPOS="491" VPOS="2743" WIDTH="78" HEIGHT="48" CONTENT="des" WC="1.00" CC="000"/>
						<SP ID="P2_SP00227" HPOS="569" VPOS="2799" WIDTH="25"/>
						<String ID="P2_ST00263" HPOS="594" VPOS="2744" WIDTH="225" HEIGHT="59" CONTENT='Genius",' WC="0.99" CC="00706071"/>
						<SP ID="P2_SP00228" HPOS="819" VPOS="2803" WIDTH="24"/>
						<String ID="P2_ST00264" HPOS="843" VPOS="2746" WIDTH="70" HEIGHT="48" CONTENT="die" WC="1.00" CC="000"/>
						<SP ID="P2_SP00229" HPOS="913" VPOS="2803" WIDTH="24"/>
						<String ID="P2_ST00265" HPOS="937" VPOS="2746" WIDTH="173" HEIGHT="48" CONTENT="damals" WC="1.00" CC="010200"/>
						<SP ID="P2_SP00230" HPOS="1110" VPOS="2803" WIDTH="29"/>
						<String ID="P2_ST00266" HPOS="1139" VPOS="2747" WIDTH="115" HEIGHT="48" CONTENT="noch" WC="0.98" CC="7300"/>
						<SP ID="P2_SP00231" HPOS="1254" VPOS="2803" WIDTH="32"/>
						<String ID="P2_ST00267" HPOS="1286" VPOS="2747" WIDTH="125" HEIGHT="47" CONTENT="nicht" WC="0.98" CC="40046"/>
						<SP ID="P2_SP00232" HPOS="1411" VPOS="2803" WIDTH="23"/>
						<String ID="P2_ST00268" HPOS="1434" VPOS="2747" WIDTH="40" HEIGHT="47" CONTENT="in" WC="0.75" CC="04"/>
						<SP ID="P2_SP00233" HPOS="1474" VPOS="2803" WIDTH="28"/>
						<String ID="P2_ST00269" HPOS="1502" VPOS="2747" WIDTH="170" HEIGHT="47" CONTENT="Feuille" SUBS_TYPE="HypPart1" SUBS_CONTENT="Feuilletons" WC="0.99" CC="2300630"/>
						<HYP HPOS="1672" VPOS="2747" WIDTH="24" CONTENT="-"/>
					</TextLine>
					<TextLine ID="P2_TL00035" HPOS="174" VPOS="2822" WIDTH="1525" HEIGHT="63">
						<String ID="P2_ST00270" HPOS="174" VPOS="2828" WIDTH="101" HEIGHT="41" CONTENT="tons" SUBS_TYPE="HypPart2" SUBS_CONTENT="Feuilletons" WC="0.99" CC="0400"/>
						<SP ID="P2_SP00234" HPOS="275" VPOS="2869" WIDTH="30"/>
						<String ID="P2_ST00271" HPOS="305" VPOS="2822" WIDTH="273" HEIGHT="63" CONTENT="erglänzten," WC="0.99" CC="05900774060"/>
						<SP ID="P2_SP00235" HPOS="578" VPOS="2885" WIDTH="31"/>
						<String ID="P2_ST00272" HPOS="609" VPOS="2823" WIDTH="85" HEIGHT="47" CONTENT="wie" WC="0.99" CC="020"/>
						<SP ID="P2_SP00236" HPOS="694" VPOS="2885" WIDTH="31"/>
						<String ID="P2_ST00273" HPOS="725" VPOS="2824" WIDTH="68" HEIGHT="46" CONTENT="ein" WC="0.97" CC="016"/>
						<SP ID="P2_SP00237" HPOS="793" VPOS="2885" WIDTH="31"/>
						<String ID="P2_ST00274" HPOS="824" VPOS="2823" WIDTH="287" HEIGHT="48" CONTENT="Jahrzehend" WC="0.99" CC="0665303000"/>
						<SP ID="P2_SP00238" HPOS="1111" VPOS="2885" WIDTH="32"/>
						<String ID="P2_ST00275" HPOS="1143" VPOS="2824" WIDTH="195" HEIGHT="55" CONTENT="danach," WC="0.98" CC="0680552"/>
						<SP ID="P2_SP00239" HPOS="1338" VPOS="2885" WIDTH="30"/>
						<String ID="P2_ST00276" HPOS="1368" VPOS="2841" WIDTH="72" HEIGHT="32" CONTENT="wo" WC="0.90" CC="02"/>
						<SP ID="P2_SP00240" HPOS="1440" VPOS="2885" WIDTH="30"/>
						<String ID="P2_ST00277" HPOS="1470" VPOS="2824" WIDTH="73" HEIGHT="47" CONTENT="die" WC="1.00" CC="000"/>
						<SP ID="P2_SP00241" HPOS="1543" VPOS="2885" WIDTH="26"/>
						<String ID="P2_ST00278" HPOS="1569" VPOS="2824" WIDTH="130" HEIGHT="47" CONTENT="Welt" WC="0.98" CC="0056"/>
					</TextLine>
					<TextLine ID="P2_TL00036" HPOS="174" VPOS="2897" WIDTH="1522" HEIGHT="70">
						<String ID="P2_ST00279" HPOS="174" VPOS="2897" WIDTH="230" HEIGHT="49" CONTENT="durchaus" WC="0.99" CC="66000041"/>
						<SP ID="P2_SP00242" HPOS="404" VPOS="2946" WIDTH="30"/>
						<String ID="P2_ST00280" HPOS="434" VPOS="2899" WIDTH="156" HEIGHT="49" CONTENT="wissen" WC="0.98" CC="002572"/>
						<SP ID="P2_SP00243" HPOS="590" VPOS="2948" WIDTH="33"/>
						<String ID="P2_ST00281" HPOS="623" VPOS="2909" WIDTH="183" HEIGHT="46" CONTENT="musste," WC="0.81" CC="0044400"/>
						<SP ID="P2_SP00244" HPOS="806" VPOS="2955" WIDTH="42"/>
						<String ID="P2_ST00282" HPOS="848" VPOS="2918" WIDTH="130" HEIGHT="31" CONTENT="wenn" WC="0.97" CC="0185"/>
						<SP ID="P2_SP00245" HPOS="978" VPOS="2955" WIDTH="33"/>
						<String ID="P2_ST00283" HPOS="1011" VPOS="2903" WIDTH="132" HEIGHT="47" CONTENT="Peter" WC="0.99" CC="00620"/>
						<SP ID="P2_SP00246" HPOS="1143" VPOS="2955" WIDTH="29"/>
						<String ID="P2_ST00284" HPOS="1172" VPOS="2903" WIDTH="156" HEIGHT="64" CONTENT="Meyer" WC="0.98" CC="10640"/>
						<SP ID="P2_SP00247" HPOS="1328" VPOS="2967" WIDTH="34"/>
						<String ID="P2_ST00285" HPOS="1362" VPOS="2920" WIDTH="101" HEIGHT="29" CONTENT="zum" WC="0.95" CC="354"/>
						<SP ID="P2_SP00248" HPOS="1463" VPOS="2967" WIDTH="32"/>
						<String ID="P2_ST00286" HPOS="1495" VPOS="2903" WIDTH="201" HEIGHT="64" CONTENT="Bürger-" WC="0.73" CC="7009010"/>
					</TextLine>
					<TextLine ID="P2_TL00037" HPOS="176" VPOS="2975" WIDTH="1520" HEIGHT="70">
						<String ID="P2_ST00287" HPOS="176" VPOS="2975" WIDTH="165" HEIGHT="49" CONTENT="Casino" WC="0.73" CC="700053"/>
						<SP ID="P2_SP00249" HPOS="341" VPOS="3024" WIDTH="31"/>
						<String ID="P2_ST00288" HPOS="372" VPOS="2977" WIDTH="128" HEIGHT="47" CONTENT="einen" WC="0.99" CC="00600"/>
						<SP ID="P2_SP00250" HPOS="500" VPOS="3024" WIDTH="31"/>
						<String ID="P2_ST00289" HPOS="531" VPOS="2978" WIDTH="115" HEIGHT="47" CONTENT="alten" WC="0.98" CC="30008"/>
						<SP ID="P2_SP00251" HPOS="646" VPOS="3025" WIDTH="26"/>
						<String ID="P2_ST00290" HPOS="672" VPOS="2979" WIDTH="176" HEIGHT="49" CONTENT="Marsch" WC="0.99" CC="001006"/>
						<SP ID="P2_SP00252" HPOS="848" VPOS="3028" WIDTH="32"/>
						<String ID="P2_ST00291" HPOS="880" VPOS="2979" WIDTH="162" HEIGHT="65" CONTENT="richtig" WC="0.99" CC="0005600"/>
						<SP ID="P2_SP00253" HPOS="1042" VPOS="3044" WIDTH="27"/>
						<String ID="P2_ST00292" HPOS="1069" VPOS="2981" WIDTH="76" HEIGHT="48" CONTENT="für" WC="0.99" CC="003"/>
						<SP ID="P2_SP00254" HPOS="1145" VPOS="3044" WIDTH="24"/>
						<String ID="P2_ST00293" HPOS="1169" VPOS="2981" WIDTH="89" HEIGHT="47" CONTENT="vier" WC="0.97" CC="9003"/>
						<SP ID="P2_SP00255" HPOS="1258" VPOS="3044" WIDTH="23"/>
						<String ID="P2_ST00294" HPOS="1281" VPOS="2982" WIDTH="280" HEIGHT="63" CONTENT="Trompeten" WC="0.99" CC="006500508"/>
						<SP ID="P2_SP00256" HPOS="1561" VPOS="3045" WIDTH="41"/>
						<String ID="P2_ST00295" HPOS="1602" VPOS="2981" WIDTH="71" HEIGHT="55" CONTENT="„in" SUBS_TYPE="HypPart1" SUBS_CONTENT='„instrumentirt"' WC="0.68" CC="306"/>
						<HYP HPOS="1673" VPOS="2981" WIDTH="23" CONTENT="-"/>
					</TextLine>
					<TextLine ID="P2_TL00038" HPOS="172" VPOS="3054" WIDTH="1526" HEIGHT="60">
						<String ID="P2_ST00296" HPOS="172" VPOS="3054" WIDTH="310" HEIGHT="47" CONTENT='strumentirt"' SUBS_TYPE="HypPart2" SUBS_CONTENT='„instrumentirt"' WC="0.71" CC="630000850334"/>
						<SP ID="P2_SP00257" HPOS="482" VPOS="3101" WIDTH="43"/>
						<String ID="P2_ST00297" HPOS="525" VPOS="3054" WIDTH="135" HEIGHT="48" CONTENT="hatte." WC="0.98" CC="505500"/>
						<SP ID="P2_SP00258" HPOS="660" VPOS="3102" WIDTH="118"/>
						<String ID="P2_ST00298" HPOS="778" VPOS="3058" WIDTH="73" HEIGHT="52" CONTENT="Ja," WC="0.97" CC="043"/>
						<SP ID="P2_SP00259" HPOS="851" VPOS="3110" WIDTH="40"/>
						<String ID="P2_ST00299" HPOS="891" VPOS="3057" WIDTH="139" HEIGHT="49" CONTENT="schön" WC="0.97" CC="50707"/>
						<SP ID="P2_SP00260" HPOS="1030" VPOS="3110" WIDTH="33"/>
						<String ID="P2_ST00300" HPOS="1063" VPOS="3075" WIDTH="95" HEIGHT="31" CONTENT="war" WC="0.97" CC="071"/>
						<SP ID="P2_SP00261" HPOS="1158" VPOS="3110" WIDTH="29"/>
						<String ID="P2_ST00301" HPOS="1187" VPOS="3075" WIDTH="62" HEIGHT="39" CONTENT="es," WC="0.99" CC="020"/>
						<SP ID="P2_SP00262" HPOS="1249" VPOS="3114" WIDTH="46"/>
						<String ID="P2_ST00302" HPOS="1295" VPOS="3058" WIDTH="84" HEIGHT="47" CONTENT="wie" WC="1.00" CC="000"/>
						<SP ID="P2_SP00263" HPOS="1379" VPOS="3114" WIDTH="32"/>
						<String ID="P2_ST00303" HPOS="1411" VPOS="3059" WIDTH="82" HEIGHT="47" CONTENT="wir" WC="1.00" CC="000"/>
						<SP ID="P2_SP00264" HPOS="1493" VPOS="3114" WIDTH="29"/>
						<String ID="P2_ST00304" HPOS="1522" VPOS="3057" WIDTH="176" HEIGHT="49" CONTENT="damals" WC="0.99" CC="303020"/>
					</TextLine>
					<TextLine ID="P2_TL00039" HPOS="174" VPOS="3129" WIDTH="1522" HEIGHT="65">
						<String ID="P2_ST00305" HPOS="174" VPOS="3129" WIDTH="208" HEIGHT="65" CONTENT="lediglich" WC="0.99" CC="000097006"/>
						<SP ID="P2_SP00265" HPOS="382" VPOS="3194" WIDTH="30"/>
						<String ID="P2_ST00306" HPOS="412" VPOS="3130" WIDTH="44" HEIGHT="47" CONTENT="in" WC="0.77" CC="04"/>
						<SP ID="P2_SP00266" HPOS="456" VPOS="3194" WIDTH="30"/>
						<String ID="P2_ST00307" HPOS="486" VPOS="3130" WIDTH="196" HEIGHT="56" CONTENT="Händel," WC="0.99" CC="6060060"/>
						<SP ID="P2_SP00267" HPOS="682" VPOS="3194" WIDTH="44"/>
						<String ID="P2_ST00308" HPOS="726" VPOS="3133" WIDTH="120" HEIGHT="47" CONTENT="Bach" WC="0.96" CC="7507"/>
						<SP ID="P2_SP00268" HPOS="846" VPOS="3194" WIDTH="41"/>
						<String ID="P2_ST00309" HPOS="887" VPOS="3134" WIDTH="91" HEIGHT="47" CONTENT="und" WC="0.97" CC="430"/>
						<SP ID="P2_SP00269" HPOS="978" VPOS="3194" WIDTH="43"/>
						<String ID="P2_ST00310" HPOS="1021" VPOS="3135" WIDTH="255" HEIGHT="47" CONTENT="Beethoven" WC="1.00" CC="400050020"/>
						<SP ID="P2_SP00270" HPOS="1276" VPOS="3194" WIDTH="37"/>
						<String ID="P2_ST00311" HPOS="1313" VPOS="3135" WIDTH="251" HEIGHT="49" CONTENT="arbeiteten" WC="0.99" CC="5020050605"/>
						<SP ID="P2_SP00271" HPOS="1564" VPOS="3194" WIDTH="41"/>
						<String ID="P2_ST00312" HPOS="1605" VPOS="3134" WIDTH="91" HEIGHT="48" CONTENT="und" WC="0.98" CC="060"/>
					</TextLine>
					<TextLine ID="P2_TL00040" HPOS="175" VPOS="3208" WIDTH="1521" HEIGHT="70">
						<String ID="P2_ST00313" HPOS="175" VPOS="3208" WIDTH="193" HEIGHT="48" CONTENT="wirkten" WC="0.98" CC="8020407"/>
						<SP ID="P2_SP00272" HPOS="368" VPOS="3256" WIDTH="32"/>
						<String ID="P2_ST00314" HPOS="400" VPOS="3209" WIDTH="79" HEIGHT="47" CONTENT="mit" WC="0.97" CC="205"/>
						<SP ID="P2_SP00273" HPOS="479" VPOS="3256" WIDTH="26"/>
						<String ID="P2_ST00315" HPOS="505" VPOS="3209" WIDTH="163" HEIGHT="65" CONTENT="vierzig" WC="0.98" CC="9005610"/>
						<SP ID="P2_SP00274" HPOS="668" VPOS="3274" WIDTH="23"/>
						<String ID="P2_ST00316" HPOS="691" VPOS="3210" WIDTH="222" HEIGHT="65" CONTENT="Sängern," WC="0.99" CC="00600041"/>
						<SP ID="P2_SP00275" HPOS="913" VPOS="3275" WIDTH="27"/>
						<String ID="P2_ST00317" HPOS="940" VPOS="3213" WIDTH="199" HEIGHT="65" CONTENT="zwanzig" WC="0.98" CC="1037709"/>
						<SP ID="P2_SP00276" HPOS="1139" VPOS="3278" WIDTH="23"/>
						<String ID="P2_ST00318" HPOS="1162" VPOS="3213" WIDTH="198" HEIGHT="65" CONTENT="Geigern" WC="1.00" CC="0000013"/>
						<SP ID="P2_SP00277" HPOS="1360" VPOS="3278" WIDTH="24"/>
						<String ID="P2_ST00319" HPOS="1384" VPOS="3213" WIDTH="90" HEIGHT="48" CONTENT="und" WC="0.99" CC="030"/>
						<SP ID="P2_SP00278" HPOS="1474" VPOS="3278" WIDTH="27"/>
						<String ID="P2_ST00320" HPOS="1501" VPOS="3213" WIDTH="195" HEIGHT="48" CONTENT="Pfeifern" WC="0.99" CC="50000024"/>
					</TextLine>
					<TextLine ID="P2_TL00041" HPOS="176" VPOS="3284" WIDTH="1523" HEIGHT="71">
						<String ID="P2_ST00321" HPOS="176" VPOS="3284" WIDTH="92" HEIGHT="48" CONTENT="und" WC="0.98" CC="060"/>
						<SP ID="P2_SP00279" HPOS="268" VPOS="3332" WIDTH="30"/>
						<String ID="P2_ST00322" HPOS="298" VPOS="3285" WIDTH="145" HEIGHT="49" CONTENT="einem" WC="0.99" CC="00006"/>
						<SP ID="P2_SP00280" HPOS="443" VPOS="3334" WIDTH="34"/>
						<String ID="P2_ST00323" HPOS="477" VPOS="3287" WIDTH="173" HEIGHT="48" CONTENT="allezeit" WC="0.99" CC="33700000"/>
						<SP ID="P2_SP00281" HPOS="650" VPOS="3335" WIDTH="23"/>
						<String ID="P2_ST00324" HPOS="673" VPOS="3288" WIDTH="194" HEIGHT="63" CONTENT="willigen" WC="0.99" CC="01102006"/>
						<SP ID="P2_SP00282" HPOS="867" VPOS="3351" WIDTH="28"/>
						<String ID="P2_ST00325" HPOS="895" VPOS="3289" WIDTH="236" HEIGHT="48" CONTENT="Publicum" WC="0.99" CC="60600026"/>
						<SP ID="P2_SP00283" HPOS="1131" VPOS="3351" WIDTH="32"/>
						<String ID="P2_ST00326" HPOS="1163" VPOS="3306" WIDTH="84" HEIGHT="31" CONTENT="von" WC="0.96" CC="036"/>
						<SP ID="P2_SP00284" HPOS="1247" VPOS="3351" WIDTH="32"/>
						<String ID="P2_ST00327" HPOS="1279" VPOS="3290" WIDTH="177" HEIGHT="65" CONTENT="einigen" WC="0.98" CC="0080708"/>
						<SP ID="P2_SP00285" HPOS="1456" VPOS="3355" WIDTH="27"/>
						<String ID="P2_ST00328" HPOS="1483" VPOS="3290" WIDTH="216" HEIGHT="49" CONTENT="Hundert" WC="0.98" CC="5140064"/>
					</TextLine>
					<TextLine ID="P2_TL00042" HPOS="176" VPOS="3362" WIDTH="1519" HEIGHT="71">
						<String ID="P2_ST00329" HPOS="176" VPOS="3362" WIDTH="268" HEIGHT="49" CONTENT="dankbaren" WC="0.99" CC="006040007"/>
						<SP ID="P2_SP00286" HPOS="444" VPOS="3411" WIDTH="42"/>
						<String ID="P2_ST00330" HPOS="486" VPOS="3365" WIDTH="177" HEIGHT="49" CONTENT="Seelen." WC="0.98" CC="6005046"/>
						<SP ID="P2_SP00287" HPOS="663" VPOS="3414" WIDTH="58"/>
						<String ID="P2_ST00331" HPOS="721" VPOS="3367" WIDTH="107" HEIGHT="47" CONTENT="Wir" WC="0.99" CC="002"/>
						<SP ID="P2_SP00288" HPOS="828" VPOS="3414" WIDTH="28"/>
						<String ID="P2_ST00332" HPOS="856" VPOS="3367" WIDTH="214" HEIGHT="48" CONTENT="rühmten" WC="0.99" CC="3050501"/>
						<SP ID="P2_SP00289" HPOS="1070" VPOS="3415" WIDTH="33"/>
						<String ID="P2_ST00333" HPOS="1103" VPOS="3384" WIDTH="97" HEIGHT="41" CONTENT="uns," WC="0.99" CC="0400"/>
						<SP ID="P2_SP00290" HPOS="1200" VPOS="3425" WIDTH="41"/>
						<String ID="P2_ST00334" HPOS="1241" VPOS="3369" WIDTH="214" HEIGHT="64" CONTENT="Achtung" WC="0.98" CC="3467080"/>
						<SP ID="P2_SP00291" HPOS="1455" VPOS="3433" WIDTH="28"/>
						<String ID="P2_ST00335" HPOS="1483" VPOS="3386" WIDTH="80" HEIGHT="30" CONTENT="vor" WC="0.98" CC="050"/>
						<SP ID="P2_SP00292" HPOS="1563" VPOS="3433" WIDTH="31"/>
						<String ID="P2_ST00336" HPOS="1594" VPOS="3369" WIDTH="101" HEIGHT="47" CONTENT="dem" WC="0.98" CC="005"/>
					</TextLine>
					<TextLine ID="P2_TL00043" HPOS="175" VPOS="3439" WIDTH="1524" HEIGHT="61">
						<String ID="P2_ST00337" HPOS="175" VPOS="3439" WIDTH="239" HEIGHT="50" CONTENT="Publicum" WC="1.00" CC="06000000"/>
						<SP ID="P2_SP00293" HPOS="414" VPOS="3489" WIDTH="56"/>
						<String ID="P2_ST00338" HPOS="470" VPOS="3458" WIDTH="52" HEIGHT="32" CONTENT="zu" WC="0.69" CC="60"/>
						<SP ID="P2_SP00294" HPOS="522" VPOS="3490" WIDTH="52"/>
						<String ID="P2_ST00339" HPOS="574" VPOS="3442" WIDTH="167" HEIGHT="58" CONTENT="haben," WC="0.98" CC="514070"/>
						<SP ID="P2_SP00295" HPOS="741" VPOS="3500" WIDTH="50"/>
						<String ID="P2_ST00340" HPOS="791" VPOS="3444" WIDTH="149" HEIGHT="48" CONTENT="indem" WC="0.99" CC="06000"/>
						<SP ID="P2_SP00296" HPOS="940" VPOS="3500" WIDTH="53"/>
						<String ID="P2_ST00341" HPOS="993" VPOS="3445" WIDTH="81" HEIGHT="47" CONTENT="wir" WC="0.95" CC="904"/>
						<SP ID="P2_SP00297" HPOS="1074" VPOS="3500" WIDTH="48"/>
						<String ID="P2_ST00342" HPOS="1122" VPOS="3445" WIDTH="124" HEIGHT="49" CONTENT="nicht" WC="0.98" CC="70050"/>
						<SP ID="P2_SP00298" HPOS="1246" VPOS="3500" WIDTH="52"/>
						<String ID="P2_ST00343" HPOS="1298" VPOS="3447" WIDTH="153" HEIGHT="48" CONTENT="seinen" WC="1.00" CC="000000"/>
						<SP ID="P2_SP00299" HPOS="1451" VPOS="3500" WIDTH="56"/>
						<String ID="P2_ST00344" HPOS="1507" VPOS="3448" WIDTH="192" HEIGHT="47" CONTENT="Launen" WC="0.99" CC="025002"/>
					</TextLine>
					<TextLine ID="P2_TL00044" HPOS="175" VPOS="3518" WIDTH="1524" HEIGHT="61">
						<String ID="P2_ST00345" HPOS="175" VPOS="3518" WIDTH="368" HEIGHT="58" CONTENT="schmeichelten," WC="1.00" CC="00700006006052"/>
						<SP ID="P2_SP00300" HPOS="543" VPOS="3576" WIDTH="43"/>
						<String ID="P2_ST00346" HPOS="586" VPOS="3519" WIDTH="195" HEIGHT="50" CONTENT="sondern" WC="0.99" CC="3060004"/>
						<SP ID="P2_SP00301" HPOS="781" VPOS="3576" WIDTH="30"/>
						<String ID="P2_ST00347" HPOS="811" VPOS="3520" WIDTH="70" HEIGHT="50" CONTENT="die" WC="1.00" CC="000"/>
						<SP ID="P2_SP00302" HPOS="881" VPOS="3576" WIDTH="27"/>
						<String ID="P2_ST00348" HPOS="908" VPOS="3523" WIDTH="147" HEIGHT="48" CONTENT="Sache" WC="0.98" CC="54030"/>
						<SP ID="P2_SP00303" HPOS="1055" VPOS="3576" WIDTH="37"/>
						<String ID="P2_ST00349" HPOS="1092" VPOS="3524" WIDTH="138" HEIGHT="47" CONTENT="selbst" WC="0.98" CC="005646"/>
						<SP ID="P2_SP00304" HPOS="1230" VPOS="3576" WIDTH="28"/>
						<String ID="P2_ST00350" HPOS="1258" VPOS="3523" WIDTH="137" HEIGHT="48" CONTENT="reden" WC="0.99" CC="20006"/>
						<SP ID="P2_SP00305" HPOS="1395" VPOS="3576" WIDTH="33"/>
						<String ID="P2_ST00351" HPOS="1428" VPOS="3524" WIDTH="176" HEIGHT="55" CONTENT="Hessen," WC="0.99" CC="8030000"/>
						<SP ID="P2_SP00306" HPOS="1604" VPOS="3579" WIDTH="38"/>
						<String ID="P2_ST00352" HPOS="1642" VPOS="3524" WIDTH="57" HEIGHT="48" CONTENT="da" WC="0.91" CC="01"/>
					</TextLine>
					<TextLine ID="P2_TL00045" HPOS="176" VPOS="3594" WIDTH="1523" HEIGHT="63">
						<String ID="P2_ST00353" HPOS="176" VPOS="3594" WIDTH="84" HEIGHT="47" CONTENT="wir" WC="0.97" CC="800"/>
						<SP ID="P2_SP00307" HPOS="260" VPOS="3641" WIDTH="29"/>
						<String ID="P2_ST00354" HPOS="289" VPOS="3595" WIDTH="233" HEIGHT="48" CONTENT="entweder" WC="0.99" CC="06500002"/>
						<SP ID="P2_SP00308" HPOS="522" VPOS="3643" WIDTH="28"/>
						<String ID="P2_ST00355" HPOS="550" VPOS="3613" WIDTH="105" HEIGHT="30" CONTENT="nur" WC="1.00" CC="010"/>
						<SP ID="P2_SP00309" HPOS="655" VPOS="3643" WIDTH="31"/>
						<String ID="P2_ST00356" HPOS="686" VPOS="3598" WIDTH="186" HEIGHT="48" CONTENT="Ganze" WC="0.98" CC="00550"/>
						<SP ID="P2_SP00310" HPOS="872" VPOS="3646" WIDTH="31"/>
						<String ID="P2_ST00357" HPOS="903" VPOS="3600" WIDTH="285" HEIGHT="57" CONTENT="aufführten," WC="0.99" CC="03400055020"/>
						<SP ID="P2_SP00311" HPOS="1188" VPOS="3657" WIDTH="31"/>
						<String ID="P2_ST00358" HPOS="1219" VPOS="3600" WIDTH="112" HEIGHT="49" CONTENT="oder" WC="0.98" CC="3006"/>
						<SP ID="P2_SP00312" HPOS="1331" VPOS="3657" WIDTH="28"/>
						<String ID="P2_ST00359" HPOS="1359" VPOS="3602" WIDTH="43" HEIGHT="47" CONTENT="in" WC="1.00" CC="00"/>
						<SP ID="P2_SP00313" HPOS="1402" VPOS="3657" WIDTH="32"/>
						<String ID="P2_ST00360" HPOS="1434" VPOS="3600" WIDTH="85" HEIGHT="49" CONTENT="den" WC="1.00" CC="001"/>
						<SP ID="P2_SP00314" HPOS="1519" VPOS="3657" WIDTH="28"/>
						<String ID="P2_ST00361" HPOS="1547" VPOS="3602" WIDTH="152" HEIGHT="48" CONTENT="Theil-" WC="0.91" CC="000022"/>
					</TextLine>
					<TextLine ID="P2_TL00046" HPOS="176" VPOS="3671" WIDTH="1522" HEIGHT="73">
						<String ID="P2_ST00362" HPOS="176" VPOS="3671" WIDTH="254" HEIGHT="50" CONTENT="Concerten" WC="0.77" CC="700003504"/>
						<SP ID="P2_SP00315" HPOS="430" VPOS="3721" WIDTH="33"/>
						<String ID="P2_ST00363" HPOS="463" VPOS="3673" WIDTH="121" HEIGHT="48" CONTENT="nicht" WC="0.98" CC="60055"/>
						<SP ID="P2_SP00316" HPOS="584" VPOS="3721" WIDTH="29"/>
						<String ID="P2_ST00364" HPOS="613" VPOS="3675" WIDTH="130" HEIGHT="47" CONTENT="mehr" WC="0.98" CC="6003"/>
						<SP ID="P2_SP00317" HPOS="743" VPOS="3722" WIDTH="29"/>
						<String ID="P2_ST00365" HPOS="772" VPOS="3676" WIDTH="63" HEIGHT="47" CONTENT="als" WC="0.99" CC="030"/>
						<SP ID="P2_SP00318" HPOS="835" VPOS="3723" WIDTH="32"/>
						<String ID="P2_ST00366" HPOS="867" VPOS="3676" WIDTH="31" HEIGHT="49" CONTENT="5" WC="0.45" CC="5"/>
						<SP ID="P2_SP00319" HPOS="898" VPOS="3725" WIDTH="86"/>
						<String ID="P2_ST00367" HPOS="984" VPOS="3676" WIDTH="29" HEIGHT="49" CONTENT="6" WC="0.24" CC="7"/>
						<SP ID="P2_SP00320" HPOS="1013" VPOS="3725" WIDTH="34"/>
						<String ID="P2_ST00368" HPOS="1047" VPOS="3678" WIDTH="127" HEIGHT="48" CONTENT="Sätze" WC="0.99" CC="00700"/>
						<SP ID="P2_SP00321" HPOS="1174" VPOS="3726" WIDTH="30"/>
						<String ID="P2_ST00369" HPOS="1204" VPOS="3679" WIDTH="42" HEIGHT="47" CONTENT="in" WC="0.66" CC="06"/>
						<SP ID="P2_SP00322" HPOS="1246" VPOS="3726" WIDTH="33"/>
						<String ID="P2_ST00370" HPOS="1279" VPOS="3678" WIDTH="419" HEIGHT="66" CONTENT="wohlerwogenem" WC="0.99" CC="0553010090705"/>
					</TextLine>
					<TextLine ID="P2_TL00047" HPOS="175" VPOS="3749" WIDTH="1525" HEIGHT="57">
						<String ID="P2_ST00371" HPOS="175" VPOS="3749" WIDTH="310" HEIGHT="49" CONTENT="Verhältnisse" WC="0.99" CC="002606702060"/>
						<SP ID="P2_SP00323" HPOS="485" VPOS="3798" WIDTH="29"/>
						<String ID="P2_ST00372" HPOS="514" VPOS="3750" WIDTH="81" HEIGHT="48" CONTENT="der" WC="0.98" CC="006"/>
						<SP ID="P2_SP00324" HPOS="595" VPOS="3798" WIDTH="28"/>
						<String ID="P2_ST00373" HPOS="623" VPOS="3751" WIDTH="135" HEIGHT="49" CONTENT="Ideen" WC="0.99" CC="30006"/>
						<SP ID="P2_SP00325" HPOS="758" VPOS="3800" WIDTH="33"/>
						<String ID="P2_ST00374" HPOS="791" VPOS="3753" WIDTH="90" HEIGHT="48" CONTENT="und" WC="0.98" CC="140"/>
						<SP ID="P2_SP00326" HPOS="881" VPOS="3801" WIDTH="25"/>
						<String ID="P2_ST00375" HPOS="906" VPOS="3755" WIDTH="233" HEIGHT="48" CONTENT="Tonarten" WC="0.99" CC="03403502"/>
						<SP ID="P2_SP00327" HPOS="1139" VPOS="3803" WIDTH="32"/>
						<String ID="P2_ST00376" HPOS="1171" VPOS="3755" WIDTH="235" HEIGHT="50" CONTENT="brachten." WC="0.99" CC="023046062"/>
						<SP ID="P2_SP00328" HPOS="1406" VPOS="3805" WIDTH="30"/>
						<String ID="P2_ST00377" HPOS="1436" VPOS="3758" WIDTH="48" HEIGHT="47" CONTENT="In" WC="0.53" CC="62"/>
						<SP ID="P2_SP00329" HPOS="1484" VPOS="3805" WIDTH="32"/>
						<String ID="P2_ST00378" HPOS="1516" VPOS="3757" WIDTH="184" HEIGHT="49" CONTENT="solchen" WC="1.00" CC="0000600"/>
					</TextLine>
					<TextLine ID="P2_TL00048" HPOS="174" VPOS="3828" WIDTH="1526" HEIGHT="62">
						<String ID="P2_ST00379" HPOS="174" VPOS="3828" WIDTH="426" HEIGHT="49" CONTENT="Stück-Concerten" WC="0.77" CC="360000707006001"/>
						<SP ID="P2_SP00330" HPOS="600" VPOS="3877" WIDTH="27"/>
						<String ID="P2_ST00380" HPOS="627" VPOS="3831" WIDTH="178" HEIGHT="47" CONTENT="waltete" WC="1.00" CC="0000060"/>
						<SP ID="P2_SP00331" HPOS="805" VPOS="3878" WIDTH="23"/>
						<String ID="P2_ST00381" HPOS="828" VPOS="3833" WIDTH="258" HEIGHT="48" CONTENT="Beethoven" WC="0.99" CC="600062706"/>
						<SP ID="P2_SP00332" HPOS="1086" VPOS="3881" WIDTH="25"/>
						<String ID="P2_ST00382" HPOS="1111" VPOS="3849" WIDTH="102" HEIGHT="41" CONTENT="vor;" WC="0.97" CC="4043"/>
						<SP ID="P2_SP00333" HPOS="1213" VPOS="3890" WIDTH="31"/>
						<String ID="P2_ST00383" HPOS="1244" VPOS="3850" WIDTH="49" HEIGHT="32" CONTENT="er" WC="0.85" CC="02"/>
						<SP ID="P2_SP00334" HPOS="1293" VPOS="3890" WIDTH="31"/>
						<String ID="P2_ST00384" HPOS="1324" VPOS="3834" WIDTH="92" HEIGHT="48" CONTENT="und" WC="0.97" CC="520"/>
						<SP ID="P2_SP00335" HPOS="1416" VPOS="3890" WIDTH="30"/>
						<String ID="P2_ST00385" HPOS="1446" VPOS="3835" WIDTH="122" HEIGHT="49" CONTENT="Bach" WC="0.97" CC="6504"/>
						<SP ID="P2_SP00336" HPOS="1568" VPOS="3890" WIDTH="32"/>
						<String ID="P2_ST00386" HPOS="1600" VPOS="3835" WIDTH="75" HEIGHT="49" CONTENT="hat" SUBS_TYPE="HypPart1" SUBS_CONTENT="hatten" WC="1.00" CC="200"/>
						<HYP HPOS="1675" VPOS="3835" WIDTH="25" CONTENT="-"/>
					</TextLine>
					<TextLine ID="P2_TL00049" HPOS="174" VPOS="3908" WIDTH="1528" HEIGHT="64">
						<String ID="P2_ST00387" HPOS="174" VPOS="3911" WIDTH="75" HEIGHT="41" CONTENT="ten" SUBS_TYPE="HypPart2" SUBS_CONTENT="hatten" WC="0.99" CC="003"/>
						<SP ID="P2_SP00337" HPOS="249" VPOS="3952" WIDTH="31"/>
						<String ID="P2_ST00388" HPOS="280" VPOS="3922" WIDTH="82" HEIGHT="31" CONTENT="uns" WC="0.99" CC="200"/>
						<SP ID="P2_SP00338" HPOS="362" VPOS="3953" WIDTH="38"/>
						<String ID="P2_ST00389" HPOS="400" VPOS="3923" WIDTH="49" HEIGHT="32" CONTENT="so" WC="0.90" CC="10"/>
						<SP ID="P2_SP00339" HPOS="449" VPOS="3955" WIDTH="38"/>
						<String ID="P2_ST00390" HPOS="487" VPOS="3908" WIDTH="246" HEIGHT="64" CONTENT="gefangen," WC="0.99" CC="000519000"/>
						<SP ID="P2_SP00340" HPOS="733" VPOS="3972" WIDTH="40"/>
						<String ID="P2_ST00391" HPOS="773" VPOS="3908" WIDTH="100" HEIGHT="49" CONTENT="dass" WC="1.00" CC="0000"/>
						<SP ID="P2_SP00341" HPOS="873" VPOS="3972" WIDTH="32"/>
						<String ID="P2_ST00392" HPOS="905" VPOS="3910" WIDTH="82" HEIGHT="47" CONTENT="wir" WC="0.99" CC="002"/>
						<SP ID="P2_SP00342" HPOS="987" VPOS="3972" WIDTH="29"/>
						<String ID="P2_ST00393" HPOS="1016" VPOS="3911" WIDTH="172" HEIGHT="49" CONTENT="Mozart" WC="0.99" CC="007042"/>
						<SP ID="P2_SP00343" HPOS="1188" VPOS="3972" WIDTH="28"/>
						<String ID="P2_ST00394" HPOS="1216" VPOS="3911" WIDTH="210" HEIGHT="49" CONTENT="daneben" WC="1.00" CC="0200100"/>
						<SP ID="P2_SP00344" HPOS="1426" VPOS="3972" WIDTH="32"/>
						<String ID="P2_ST00395" HPOS="1458" VPOS="3913" WIDTH="117" HEIGHT="48" CONTENT="klein" WC="0.99" CC="02005"/>
						<SP ID="P2_SP00345" HPOS="1575" VPOS="3972" WIDTH="33"/>
						<String ID="P2_ST00396" HPOS="1608" VPOS="3913" WIDTH="71" HEIGHT="48" CONTENT="fan" SUBS_TYPE="HypPart1" SUBS_CONTENT="fanden," WC="0.98" CC="005"/>
						<HYP HPOS="1679" VPOS="3913" WIDTH="23" CONTENT="-"/>
					</TextLine>
					<TextLine ID="P2_TL00050" HPOS="176" VPOS="3981" WIDTH="1527" HEIGHT="69">
						<String ID="P2_ST00397" HPOS="176" VPOS="3981" WIDTH="104" HEIGHT="57" CONTENT="den," SUBS_TYPE="HypPart2" SUBS_CONTENT="fanden," WC="0.98" CC="9002"/>
						<SP ID="P2_SP00346" HPOS="280" VPOS="4038" WIDTH="32"/>
						<String ID="P2_ST00398" HPOS="312" VPOS="3984" WIDTH="163" HEIGHT="65" CONTENT="Haydn" WC="0.65" CC="40705"/>
						<SP ID="P2_SP00347" HPOS="475" VPOS="4049" WIDTH="30"/>
						<String ID="P2_ST00399" HPOS="505" VPOS="4002" WIDTH="84" HEIGHT="48" CONTENT="gar" WC="0.98" CC="006"/>
						<SP ID="P2_SP00348" HPOS="589" VPOS="4050" WIDTH="28"/>
						<String ID="P2_ST00400" HPOS="617" VPOS="3985" WIDTH="309" HEIGHT="51" CONTENT="verachteten." WC="0.99" CC="800332005041"/>
						<SP ID="P2_SP00349" HPOS="926" VPOS="4050" WIDTH="33"/>
						<String ID="P2_ST00401" HPOS="959" VPOS="3988" WIDTH="237" HEIGHT="49" CONTENT="Vorboten" WC="0.99" CC="00560003"/>
						<SP ID="P2_SP00350" HPOS="1196" VPOS="4050" WIDTH="29"/>
						<String ID="P2_ST00402" HPOS="1225" VPOS="3989" WIDTH="80" HEIGHT="48" CONTENT="der" WC="1.00" CC="001"/>
						<SP ID="P2_SP00351" HPOS="1305" VPOS="4050" WIDTH="28"/>
						<String ID="P2_ST00403" HPOS="1333" VPOS="3990" WIDTH="212" HEIGHT="48" CONTENT="Neuzeit!" WC="0.99" CC="50060060"/>
						<SP ID="P2_SP00352" HPOS="1545" VPOS="4050" WIDTH="31"/>
						<String ID="P2_ST00404" HPOS="1576" VPOS="3990" WIDTH="127" HEIGHT="50" CONTENT="Aber" WC="0.98" CC="1500"/>
					</TextLine>
					<TextLine ID="P2_TL00051" HPOS="176" VPOS="4057" WIDTH="1528" HEIGHT="71">
						<String ID="P2_ST00405" HPOS="176" VPOS="4057" WIDTH="79" HEIGHT="50" CONTENT="das" WC="0.94" CC="663"/>
						<SP ID="P2_SP00353" HPOS="255" VPOS="4107" WIDTH="32"/>
						<String ID="P2_ST00406" HPOS="287" VPOS="4061" WIDTH="205" HEIGHT="49" CONTENT="merkten" WC="0.99" CC="5040700"/>
						<SP ID="P2_SP00354" HPOS="492" VPOS="4110" WIDTH="32"/>
						<String ID="P2_ST00407" HPOS="524" VPOS="4063" WIDTH="83" HEIGHT="48" CONTENT="wir" WC="0.97" CC="700"/>
						<SP ID="P2_SP00355" HPOS="607" VPOS="4111" WIDTH="28"/>
						<String ID="P2_ST00408" HPOS="635" VPOS="4063" WIDTH="147" HEIGHT="57" CONTENT="nicht;" WC="0.99" CC="000750"/>
						<SP ID="P2_SP00356" HPOS="782" VPOS="4120" WIDTH="23"/>
						<String ID="P2_ST00409" HPOS="805" VPOS="4064" WIDTH="109" HEIGHT="64" CONTENT="jene" WC="1.00" CC="0000"/>
						<SP ID="P2_SP00357" HPOS="914" VPOS="4128" WIDTH="29"/>
						<String ID="P2_ST00410" HPOS="943" VPOS="4065" WIDTH="178" HEIGHT="63" CONTENT="ewigen" WC="0.99" CC="030900"/>
						<SP ID="P2_SP00358" HPOS="1121" VPOS="4128" WIDTH="28"/>
						<String ID="P2_ST00411" HPOS="1149" VPOS="4066" WIDTH="175" HEIGHT="49" CONTENT="Werke" WC="0.99" CC="00500"/>
						<SP ID="P2_SP00359" HPOS="1324" VPOS="4128" WIDTH="31"/>
						<String ID="P2_ST00412" HPOS="1355" VPOS="4083" WIDTH="156" HEIGHT="33" CONTENT="waren" WC="0.99" CC="01102"/>
						<SP ID="P2_SP00360" HPOS="1511" VPOS="4128" WIDTH="29"/>
						<String ID="P2_ST00413" HPOS="1540" VPOS="4084" WIDTH="164" HEIGHT="33" CONTENT="unsere" WC="1.00" CC="000000"/>
					</TextLine>
				</TextBlock>
				<TextBlock ID="P2_TB00003" HPOS="1788" VPOS="273" WIDTH="1551" HEIGHT="3858" STYLEREFS="TXT_0 PAR_LEFT">
					<TextLine ID="P2_TL00052" HPOS="1802" VPOS="274" WIDTH="1533" HEIGHT="55">
						<String ID="P2_ST00414" HPOS="1802" VPOS="274" WIDTH="114" HEIGHT="47" CONTENT="Lust" WC="0.98" CC="0420"/>
						<SP ID="P2_SP00361" HPOS="1916" VPOS="321" WIDTH="51"/>
						<String ID="P2_ST00415" HPOS="1967" VPOS="275" WIDTH="88" HEIGHT="46" CONTENT="und" WC="0.98" CC="060"/>
						<SP ID="P2_SP00362" HPOS="2055" VPOS="321" WIDTH="55"/>
						<String ID="P2_ST00416" HPOS="2110" VPOS="275" WIDTH="177" HEIGHT="54" CONTENT="Arbeit," WC="0.99" CC="0031052"/>
						<SP ID="P2_SP00363" HPOS="2287" VPOS="329" WIDTH="50"/>
						<String ID="P2_ST00417" HPOS="2337" VPOS="275" WIDTH="78" HEIGHT="47" CONTENT="des" WC="1.00" CC="000"/>
						<SP ID="P2_SP00364" HPOS="2415" VPOS="329" WIDTH="50"/>
						<String ID="P2_ST00418" HPOS="2465" VPOS="278" WIDTH="263" HEIGHT="48" CONTENT="Publicums" WC="0.66" CC="053540190"/>
						<SP ID="P2_SP00365" HPOS="2728" VPOS="329" WIDTH="50"/>
						<String ID="P2_ST00419" HPOS="2778" VPOS="281" WIDTH="176" HEIGHT="47" CONTENT="Genuss" WC="0.70" CC="006054"/>
						<SP ID="P2_SP00366" HPOS="2954" VPOS="329" WIDTH="52"/>
						<String ID="P2_ST00420" HPOS="3006" VPOS="278" WIDTH="90" HEIGHT="47" CONTENT="und" WC="0.97" CC="160"/>
						<SP ID="P2_SP00367" HPOS="3096" VPOS="329" WIDTH="50"/>
						<String ID="P2_ST00421" HPOS="3146" VPOS="279" WIDTH="189" HEIGHT="47" CONTENT="Schule." WC="0.98" CC="6075507"/>
					</TextLine>
					<TextLine ID="P2_TL00053" HPOS="1802" VPOS="350" WIDTH="1528" HEIGHT="64">
						<String ID="P2_ST00422" HPOS="1802" VPOS="350" WIDTH="319" HEIGHT="64" CONTENT="Standpunkte" WC="0.99" CC="54160044064"/>
						<SP ID="P2_SP00368" HPOS="2121" VPOS="414" WIDTH="30"/>
						<String ID="P2_ST00423" HPOS="2151" VPOS="354" WIDTH="152" HEIGHT="46" CONTENT="hatten" WC="0.98" CC="060604"/>
						<SP ID="P2_SP00369" HPOS="2303" VPOS="414" WIDTH="32"/>
						<String ID="P2_ST00424" HPOS="2335" VPOS="353" WIDTH="83" HEIGHT="46" CONTENT="wir" WC="0.99" CC="300"/>
						<SP ID="P2_SP00370" HPOS="2418" VPOS="414" WIDTH="28"/>
						<String ID="P2_ST00425" HPOS="2446" VPOS="354" WIDTH="141" HEIGHT="48" CONTENT="nicht:" WC="0.99" CC="800500"/>
						<SP ID="P2_SP00371" HPOS="2587" VPOS="414" WIDTH="44"/>
						<String ID="P2_ST00426" HPOS="2631" VPOS="357" WIDTH="81" HEIGHT="45" CONTENT="wir" WC="1.00" CC="000"/>
						<SP ID="P2_SP00372" HPOS="2712" VPOS="414" WIDTH="30"/>
						<String ID="P2_ST00427" HPOS="2742" VPOS="357" WIDTH="181" HEIGHT="47" CONTENT="wollten" WC="0.98" CC="0402608"/>
						<SP ID="P2_SP00373" HPOS="2923" VPOS="414" WIDTH="33"/>
						<String ID="P2_ST00428" HPOS="2956" VPOS="372" WIDTH="87" HEIGHT="30" CONTENT="nur" WC="0.97" CC="051"/>
						<SP ID="P2_SP00374" HPOS="3043" VPOS="414" WIDTH="29"/>
						<String ID="P2_ST00429" HPOS="3072" VPOS="354" WIDTH="132" HEIGHT="47" CONTENT="leben" WC="0.97" CC="60507"/>
						<SP ID="P2_SP00375" HPOS="3204" VPOS="414" WIDTH="35"/>
						<String ID="P2_ST00430" HPOS="3239" VPOS="355" WIDTH="91" HEIGHT="46" CONTENT="und" WC="0.96" CC="009"/>
					</TextLine>
					<TextLine ID="P2_TL00054" HPOS="1802" VPOS="428" WIDTH="188" HEIGHT="47">
						<String ID="P2_ST00431" HPOS="1802" VPOS="428" WIDTH="188" HEIGHT="47" CONTENT="wirken." WC="0.99" CC="0060064"/>
					</TextLine>
					<TextLine ID="P2_TL00055" HPOS="1919" VPOS="504" WIDTH="1411" HEIGHT="58">
						<String ID="P2_ST00432" HPOS="1919" VPOS="504" WIDTH="127" HEIGHT="48" CONTENT="Aber" WC="0.97" CC="3704"/>
						<SP ID="P2_SP00376" HPOS="2046" VPOS="552" WIDTH="23"/>
						<String ID="P2_ST00433" HPOS="2069" VPOS="507" WIDTH="77" HEIGHT="47" CONTENT="das" WC="0.96" CC="045"/>
						<SP ID="P2_SP00377" HPOS="2146" VPOS="554" WIDTH="27"/>
						<String ID="P2_ST00434" HPOS="2173" VPOS="522" WIDTH="94" HEIGHT="30" CONTENT="war" WC="0.96" CC="063"/>
						<SP ID="P2_SP00378" HPOS="2267" VPOS="554" WIDTH="23"/>
						<String ID="P2_ST00435" HPOS="2290" VPOS="505" WIDTH="114" HEIGHT="47" CONTENT="eben" WC="0.99" CC="0005"/>
						<SP ID="P2_SP00379" HPOS="2404" VPOS="554" WIDTH="26"/>
						<String ID="P2_ST00436" HPOS="2430" VPOS="505" WIDTH="82" HEIGHT="47" CONTENT="der" WC="0.99" CC="010"/>
						<SP ID="P2_SP00380" HPOS="2512" VPOS="554" WIDTH="23"/>
						<String ID="P2_ST00437" HPOS="2535" VPOS="508" WIDTH="180" HEIGHT="54" CONTENT="Fehler," WC="0.99" CC="0072030"/>
						<SP ID="P2_SP00381" HPOS="2715" VPOS="562" WIDTH="30"/>
						<String ID="P2_ST00438" HPOS="2745" VPOS="508" WIDTH="101" HEIGHT="47" CONTENT="dass" WC="0.51" CC="0657"/>
						<SP ID="P2_SP00382" HPOS="2846" VPOS="562" WIDTH="25"/>
						<String ID="P2_ST00439" HPOS="2871" VPOS="509" WIDTH="81" HEIGHT="46" CONTENT="wir" WC="1.00" CC="001"/>
						<SP ID="P2_SP00383" HPOS="2952" VPOS="562" WIDTH="26"/>
						<String ID="P2_ST00440" HPOS="2978" VPOS="508" WIDTH="160" HEIGHT="47" CONTENT="keinen" WC="0.99" CC="030005"/>
						<SP ID="P2_SP00384" HPOS="3138" VPOS="562" WIDTH="24"/>
						<String ID="P2_ST00441" HPOS="3162" VPOS="507" WIDTH="140" HEIGHT="48" CONTENT="Stand" SUBS_TYPE="HypPart1" SUBS_CONTENT="Standpunkt" WC="1.00" CC="00010"/>
						<HYP HPOS="3302" VPOS="507" WIDTH="28" CONTENT="-"/>
					</TextLine>
					<TextLine ID="P2_TL00056" HPOS="1801" VPOS="583" WIDTH="1526" HEIGHT="66">
						<String ID="P2_ST00442" HPOS="1801" VPOS="583" WIDTH="144" HEIGHT="63" CONTENT="punkt" SUBS_TYPE="HypPart2" SUBS_CONTENT="Standpunkt" WC="0.99" CC="00701"/>
						<SP ID="P2_SP00385" HPOS="1945" VPOS="646" WIDTH="31"/>
						<String ID="P2_ST00443" HPOS="1976" VPOS="584" WIDTH="166" HEIGHT="47" CONTENT="hallen." WC="0.99" CC="7300270"/>
						<SP ID="P2_SP00386" HPOS="2142" VPOS="646" WIDTH="61"/>
						<String ID="P2_ST00444" HPOS="2203" VPOS="584" WIDTH="108" HEIGHT="46" CONTENT="Bald" WC="0.96" CC="7450"/>
						<SP ID="P2_SP00387" HPOS="2311" VPOS="646" WIDTH="33"/>
						<String ID="P2_ST00445" HPOS="2344" VPOS="584" WIDTH="189" HEIGHT="46" CONTENT="wurden" WC="0.99" CC="002007"/>
						<SP ID="P2_SP00388" HPOS="2533" VPOS="646" WIDTH="42"/>
						<String ID="P2_ST00446" HPOS="2575" VPOS="584" WIDTH="118" HEIGHT="47" CONTENT="wir's" WC="0.83" CC="03500"/>
						<SP ID="P2_SP00389" HPOS="2693" VPOS="646" WIDTH="40"/>
						<String ID="P2_ST00447" HPOS="2733" VPOS="587" WIDTH="190" HEIGHT="62" CONTENT="gewahr" WC="0.99" CC="000522"/>
						<SP ID="P2_SP00390" HPOS="2923" VPOS="649" WIDTH="38"/>
						<String ID="P2_ST00448" HPOS="2961" VPOS="602" WIDTH="55" HEIGHT="30" CONTENT="an" WC="0.57" CC="08"/>
						<SP ID="P2_SP00391" HPOS="3016" VPOS="649" WIDTH="30"/>
						<String ID="P2_ST00449" HPOS="3046" VPOS="585" WIDTH="101" HEIGHT="47" CONTENT="dem" WC="1.00" CC="000"/>
						<SP ID="P2_SP00392" HPOS="3147" VPOS="649" WIDTH="34"/>
						<String ID="P2_ST00450" HPOS="3181" VPOS="601" WIDTH="146" HEIGHT="30" CONTENT="neuen" WC="0.98" CC="60403"/>
					</TextLine>
					<TextLine ID="P2_TL00057" HPOS="1799" VPOS="659" WIDTH="1528" HEIGHT="65">
						<String ID="P2_ST00451" HPOS="1799" VPOS="660" WIDTH="183" HEIGHT="47" CONTENT="Strome" WC="0.98" CC="554400"/>
						<SP ID="P2_SP00393" HPOS="1982" VPOS="707" WIDTH="37"/>
						<String ID="P2_ST00452" HPOS="2019" VPOS="660" WIDTH="220" HEIGHT="46" CONTENT="zwischen" WC="0.99" CC="60065008"/>
						<SP ID="P2_SP00394" HPOS="2239" VPOS="707" WIDTH="33"/>
						<String ID="P2_ST00453" HPOS="2272" VPOS="659" WIDTH="80" HEIGHT="47" CONTENT="der" WC="0.98" CC="004"/>
						<SP ID="P2_SP00395" HPOS="2352" VPOS="707" WIDTH="28"/>
						<String ID="P2_ST00454" HPOS="2380" VPOS="660" WIDTH="390" HEIGHT="47" CONTENT="Juli-Revolution" WC="0.99" CC="520325074635035"/>
						<SP ID="P2_SP00396" HPOS="2770" VPOS="707" WIDTH="41"/>
						<String ID="P2_ST00455" HPOS="2811" VPOS="662" WIDTH="89" HEIGHT="45" CONTENT="und" WC="0.95" CC="650"/>
						<SP ID="P2_SP00397" HPOS="2900" VPOS="707" WIDTH="31"/>
						<String ID="P2_ST00456" HPOS="2931" VPOS="662" WIDTH="85" HEIGHT="47" CONTENT="den" WC="0.97" CC="017"/>
						<SP ID="P2_SP00398" HPOS="3016" VPOS="709" WIDTH="33"/>
						<String ID="P2_ST00457" HPOS="3049" VPOS="662" WIDTH="278" HEIGHT="62" CONTENT="Märztagen." WC="1.00" CC="0006500030"/>
					</TextLine>
					<TextLine ID="P2_TL00058" HPOS="1797" VPOS="738" WIDTH="1530" HEIGHT="62">
						<String ID="P2_ST00458" HPOS="1797" VPOS="739" WIDTH="114" HEIGHT="46" CONTENT="Jene" WC="0.98" CC="0080"/>
						<SP ID="P2_SP00399" HPOS="1911" VPOS="785" WIDTH="31"/>
						<String ID="P2_ST00459" HPOS="1942" VPOS="738" WIDTH="113" HEIGHT="47" CONTENT="Insel" WC="0.98" CC="03034"/>
						<SP ID="P2_SP00400" HPOS="2055" VPOS="785" WIDTH="33"/>
						<String ID="P2_ST00460" HPOS="2088" VPOS="738" WIDTH="80" HEIGHT="45" CONTENT="der" WC="1.00" CC="000"/>
						<SP ID="P2_SP00401" HPOS="2168" VPOS="785" WIDTH="28"/>
						<String ID="P2_ST00461" HPOS="2196" VPOS="738" WIDTH="181" HEIGHT="62" CONTENT="Seligen" WC="0.99" CC="2050003"/>
						<SP ID="P2_SP00402" HPOS="2377" VPOS="800" WIDTH="31"/>
						<String ID="P2_ST00462" HPOS="2408" VPOS="738" WIDTH="208" HEIGHT="53" CONTENT="versank," WC="0.99" CC="00025703"/>
						<SP ID="P2_SP00403" HPOS="2616" VPOS="800" WIDTH="44"/>
						<String ID="P2_ST00463" HPOS="2660" VPOS="739" WIDTH="88" HEIGHT="46" CONTENT="alte" WC="0.97" CC="7240"/>
						<SP ID="P2_SP00404" HPOS="2748" VPOS="800" WIDTH="32"/>
						<String ID="P2_ST00464" HPOS="2780" VPOS="738" WIDTH="212" HEIGHT="47" CONTENT="Freunde" WC="0.98" CC="0462800"/>
						<SP ID="P2_SP00405" HPOS="2992" VPOS="800" WIDTH="38"/>
						<String ID="P2_ST00465" HPOS="3030" VPOS="738" WIDTH="185" HEIGHT="47" CONTENT="starben" WC="0.98" CC="4455507"/>
						<SP ID="P2_SP00406" HPOS="3215" VPOS="800" WIDTH="32"/>
						<String ID="P2_ST00466" HPOS="3247" VPOS="738" WIDTH="54" HEIGHT="48" CONTENT="da" SUBS_TYPE="HypPart1" SUBS_CONTENT="dahin," WC="0.98" CC="01"/>
						<HYP HPOS="3301" VPOS="738" WIDTH="26" CONTENT="-"/>
					</TextLine>
					<TextLine ID="P2_TL00059" HPOS="1801" VPOS="813" WIDTH="1529" HEIGHT="63">
						<String ID="P2_ST00467" HPOS="1801" VPOS="814" WIDTH="91" HEIGHT="55" CONTENT="hin," SUBS_TYPE="HypPart2" SUBS_CONTENT="dahin," WC="0.98" CC="4200"/>
						<SP ID="P2_SP00407" HPOS="1892" VPOS="869" WIDTH="44"/>
						<String ID="P2_ST00468" HPOS="1936" VPOS="815" WIDTH="82" HEIGHT="46" CONTENT="wir" WC="0.99" CC="001"/>
						<SP ID="P2_SP00408" HPOS="2018" VPOS="869" WIDTH="31"/>
						<String ID="P2_ST00469" HPOS="2049" VPOS="813" WIDTH="129" HEIGHT="48" CONTENT="beide" WC="0.98" CC="60004"/>
						<SP ID="P2_SP00409" HPOS="2178" VPOS="869" WIDTH="33"/>
						<String ID="P2_ST00470" HPOS="2211" VPOS="814" WIDTH="207" HEIGHT="52" CONTENT="wurden," WC="0.99" CC="0030070"/>
						<SP ID="P2_SP00410" HPOS="2418" VPOS="869" WIDTH="42"/>
						<String ID="P2_ST00471" HPOS="2460" VPOS="815" WIDTH="157" HEIGHT="46" CONTENT="sobald" WC="0.98" CC="607300"/>
						<SP ID="P2_SP00411" HPOS="2617" VPOS="869" WIDTH="33"/>
						<String ID="P2_ST00472" HPOS="2650" VPOS="814" WIDTH="71" HEIGHT="48" CONTENT="die" WC="1.00" CC="000"/>
						<SP ID="P2_SP00412" HPOS="2721" VPOS="869" WIDTH="32"/>
						<String ID="P2_ST00473" HPOS="2753" VPOS="832" WIDTH="114" HEIGHT="30" CONTENT="neue" WC="0.97" CC="8040"/>
						<SP ID="P2_SP00413" HPOS="2867" VPOS="869" WIDTH="33"/>
						<String ID="P2_ST00474" HPOS="2900" VPOS="816" WIDTH="121" HEIGHT="45" CONTENT="Aera" WC="0.85" CC="4100"/>
						<SP ID="P2_SP00414" HPOS="3021" VPOS="869" WIDTH="31"/>
						<String ID="P2_ST00475" HPOS="3052" VPOS="815" WIDTH="278" HEIGHT="61" CONTENT="eingeläutet" WC="1.00" CC="30700006002"/>
					</TextLine>
					<TextLine ID="P2_TL00060" HPOS="1801" VPOS="891" WIDTH="1526" HEIGHT="64">
						<String ID="P2_ST00476" HPOS="1801" VPOS="908" WIDTH="111" HEIGHT="37" CONTENT="war," WC="0.99" CC="0031"/>
						<SP ID="P2_SP00415" HPOS="1912" VPOS="945" WIDTH="40"/>
						<String ID="P2_ST00477" HPOS="1952" VPOS="899" WIDTH="223" HEIGHT="55" CONTENT="getrennt." WC="0.99" CC="005107144"/>
						<SP ID="P2_SP00416" HPOS="2175" VPOS="954" WIDTH="59"/>
						<String ID="P2_ST00478" HPOS="2234" VPOS="891" WIDTH="113" HEIGHT="46" CONTENT="Eine" WC="0.98" CC="0150"/>
						<SP ID="P2_SP00417" HPOS="2347" VPOS="954" WIDTH="34"/>
						<String ID="P2_ST00479" HPOS="2381" VPOS="891" WIDTH="151" HEIGHT="46" CONTENT="Weile" WC="0.99" CC="00161"/>
						<SP ID="P2_SP00418" HPOS="2532" VPOS="954" WIDTH="41"/>
						<String ID="P2_ST00480" HPOS="2573" VPOS="893" WIDTH="172" HEIGHT="62" CONTENT="zeigten" WC="0.99" CC="7000620"/>
						<SP ID="P2_SP00419" HPOS="2745" VPOS="955" WIDTH="47"/>
						<String ID="P2_ST00481" HPOS="2792" VPOS="908" WIDTH="163" HEIGHT="30" CONTENT="unsere" WC="0.98" CC="562030"/>
						<SP ID="P2_SP00420" HPOS="2955" VPOS="955" WIDTH="33"/>
						<String ID="P2_ST00482" HPOS="2988" VPOS="891" WIDTH="147" HEIGHT="47" CONTENT="Briefe" WC="0.98" CC="750106"/>
						<SP ID="P2_SP00421" HPOS="3135" VPOS="955" WIDTH="31"/>
						<String ID="P2_ST00483" HPOS="3166" VPOS="891" WIDTH="161" HEIGHT="64" CONTENT="völlige" WC="0.99" CC="0205090"/>
					</TextLine>
					<TextLine ID="P2_TL00061" HPOS="1799" VPOS="968" WIDTH="1527" HEIGHT="64">
						<String ID="P2_ST00484" HPOS="1799" VPOS="968" WIDTH="385" HEIGHT="63" CONTENT="Einstimmigkeit" WC="1.00" CC="00845000000008"/>
						<SP ID="P2_SP00422" HPOS="2184" VPOS="1031" WIDTH="37"/>
						<String ID="P2_ST00485" HPOS="2221" VPOS="969" WIDTH="42" HEIGHT="46" CONTENT="in" WC="0.80" CC="03"/>
						<SP ID="P2_SP00423" HPOS="2263" VPOS="1031" WIDTH="39"/>
						<String ID="P2_ST00486" HPOS="2302" VPOS="969" WIDTH="153" HEIGHT="54" CONTENT="allem," WC="0.99" CC="600060"/>
						<SP ID="P2_SP00424" HPOS="2455" VPOS="1031" WIDTH="44"/>
						<String ID="P2_ST00487" HPOS="2499" VPOS="985" WIDTH="92" HEIGHT="31" CONTENT="was" WC="0.96" CC="064"/>
						<SP ID="P2_SP00425" HPOS="2591" VPOS="1031" WIDTH="33"/>
						<String ID="P2_ST00488" HPOS="2624" VPOS="971" WIDTH="81" HEIGHT="45" CONTENT="wir" WC="0.98" CC="004"/>
						<SP ID="P2_SP00426" HPOS="2705" VPOS="1031" WIDTH="38"/>
						<String ID="P2_ST00489" HPOS="2743" VPOS="978" WIDTH="81" HEIGHT="54" CONTENT="gut" WC="0.98" CC="031"/>
						<SP ID="P2_SP00427" HPOS="2824" VPOS="1032" WIDTH="29"/>
						<String ID="P2_ST00490" HPOS="2853" VPOS="969" WIDTH="89" HEIGHT="47" CONTENT="und" WC="0.97" CC="070"/>
						<SP ID="P2_SP00428" HPOS="2942" VPOS="1032" WIDTH="32"/>
						<String ID="P2_ST00491" HPOS="2974" VPOS="970" WIDTH="140" HEIGHT="46" CONTENT="schön" WC="0.98" CC="60206"/>
						<SP ID="P2_SP00429" HPOS="3114" VPOS="1032" WIDTH="33"/>
						<String ID="P2_ST00492" HPOS="3147" VPOS="968" WIDTH="179" HEIGHT="48" CONTENT="fanden." WC="0.99" CC="5600060"/>
					</TextLine>
					<TextLine ID="P2_TL00062" HPOS="1798" VPOS="1044" WIDTH="1527" HEIGHT="63">
						<String ID="P2_ST00493" HPOS="1798" VPOS="1045" WIDTH="135" HEIGHT="47" CONTENT="Nicht" WC="0.98" CC="02276"/>
						<SP ID="P2_SP00430" HPOS="1933" VPOS="1092" WIDTH="29"/>
						<String ID="P2_ST00494" HPOS="1962" VPOS="1046" WIDTH="112" HEIGHT="46" CONTENT="allzu" WC="0.97" CC="67070"/>
						<SP ID="P2_SP00431" HPOS="2074" VPOS="1092" WIDTH="33"/>
						<String ID="P2_ST00495" HPOS="2107" VPOS="1044" WIDTH="155" HEIGHT="63" CONTENT="lange!" WC="0.99" CC="436000"/>
						<SP ID="P2_SP00432" HPOS="2262" VPOS="1107" WIDTH="58"/>
						<String ID="P2_ST00496" HPOS="2320" VPOS="1044" WIDTH="109" HEIGHT="48" CONTENT="Bald" WC="0.97" CC="6060"/>
						<SP ID="P2_SP00433" HPOS="2429" VPOS="1107" WIDTH="38"/>
						<String ID="P2_ST00497" HPOS="2467" VPOS="1051" WIDTH="149" HEIGHT="41" CONTENT="traten" WC="0.98" CC="603506"/>
						<SP ID="P2_SP00434" HPOS="2616" VPOS="1107" WIDTH="41"/>
						<String ID="P2_ST00498" HPOS="2657" VPOS="1046" WIDTH="115" HEIGHT="46" CONTENT="auch" WC="0.98" CC="3004"/>
						<SP ID="P2_SP00435" HPOS="2772" VPOS="1107" WIDTH="43"/>
						<String ID="P2_ST00499" HPOS="2815" VPOS="1063" WIDTH="163" HEIGHT="30" CONTENT="unsere" WC="0.99" CC="550050"/>
						<SP ID="P2_SP00436" HPOS="2978" VPOS="1107" WIDTH="32"/>
						<String ID="P2_ST00500" HPOS="3010" VPOS="1048" WIDTH="228" HEIGHT="44" CONTENT="Personen" WC="1.00" CC="00000108"/>
						<SP ID="P2_SP00437" HPOS="3238" VPOS="1107" WIDTH="43"/>
						<String ID="P2_ST00501" HPOS="3281" VPOS="1045" WIDTH="44" HEIGHT="47" CONTENT="in" WC="0.69" CC="06"/>
					</TextLine>
					<TextLine ID="P2_TL00063" HPOS="1795" VPOS="1121" WIDTH="1532" HEIGHT="57">
						<String ID="P2_ST00502" HPOS="1795" VPOS="1124" WIDTH="73" HEIGHT="46" CONTENT="die" WC="1.00" CC="000"/>
						<SP ID="P2_SP00438" HPOS="1868" VPOS="1170" WIDTH="28"/>
						<String ID="P2_ST00503" HPOS="1896" VPOS="1123" WIDTH="390" HEIGHT="48" CONTENT="Schumann'sche" WC="0.70" CC="4025346004070"/>
						<SP ID="P2_SP00439" HPOS="2286" VPOS="1171" WIDTH="37"/>
						<String ID="P2_ST00504" HPOS="2323" VPOS="1123" WIDTH="226" HEIGHT="47" CONTENT="Dialektik" WC="1.00" CC="023000000"/>
						<SP ID="P2_SP00440" HPOS="2549" VPOS="1171" WIDTH="45"/>
						<String ID="P2_ST00505" HPOS="2594" VPOS="1123" WIDTH="88" HEIGHT="55" CONTENT="ein," WC="0.98" CC="0051"/>
						<SP ID="P2_SP00441" HPOS="2682" VPOS="1178" WIDTH="43"/>
						<String ID="P2_ST00506" HPOS="2725" VPOS="1140" WIDTH="75" HEIGHT="30" CONTENT="um" WC="0.52" CC="09"/>
						<SP ID="P2_SP00442" HPOS="2800" VPOS="1178" WIDTH="41"/>
						<String ID="P2_ST00507" HPOS="2841" VPOS="1124" WIDTH="63" HEIGHT="46" CONTENT="als" WC="0.97" CC="430"/>
						<SP ID="P2_SP00443" HPOS="2904" VPOS="1178" WIDTH="41"/>
						<String ID="P2_ST00508" HPOS="2945" VPOS="1124" WIDTH="235" HEIGHT="46" CONTENT="Florestan" WC="0.64" CC="520307606"/>
						<SP ID="P2_SP00444" HPOS="3180" VPOS="1178" WIDTH="56"/>
						<String ID="P2_ST00509" HPOS="3236" VPOS="1121" WIDTH="91" HEIGHT="49" CONTENT="und" WC="1.00" CC="000"/>
					</TextLine>
					<TextLine ID="P2_TL00064" HPOS="1795" VPOS="1199" WIDTH="1531" HEIGHT="64">
						<String ID="P2_ST00510" HPOS="1795" VPOS="1200" WIDTH="228" HEIGHT="47" CONTENT="Eusebius" WC="0.99" CC="03306006"/>
						<SP ID="P2_SP00445" HPOS="2023" VPOS="1247" WIDTH="42"/>
						<String ID="P2_ST00511" HPOS="2065" VPOS="1200" WIDTH="218" HEIGHT="47" CONTENT="einander" WC="0.99" CC="00747003"/>
						<SP ID="P2_SP00446" HPOS="2283" VPOS="1247" WIDTH="42"/>
						<String ID="P2_ST00512" HPOS="2325" VPOS="1200" WIDTH="213" HEIGHT="47" CONTENT="liebreich" WC="1.00" CC="003700003"/>
						<SP ID="P2_SP00447" HPOS="2538" VPOS="1247" WIDTH="44"/>
						<String ID="P2_ST00513" HPOS="2582" VPOS="1218" WIDTH="52" HEIGHT="29" CONTENT="zu" WC="0.40" CC="55"/>
						<SP ID="P2_SP00448" HPOS="2634" VPOS="1247" WIDTH="43"/>
						<String ID="P2_ST00514" HPOS="2677" VPOS="1200" WIDTH="288" HEIGHT="63" CONTENT="bekämpfen," WC="1.00" CC="4000000000"/>
						<SP ID="P2_SP00449" HPOS="2965" VPOS="1263" WIDTH="45"/>
						<String ID="P2_ST00515" HPOS="3010" VPOS="1199" WIDTH="90" HEIGHT="47" CONTENT="und" WC="0.98" CC="320"/>
						<SP ID="P2_SP00450" HPOS="3100" VPOS="1263" WIDTH="33"/>
						<String ID="P2_ST00516" HPOS="3133" VPOS="1199" WIDTH="84" HEIGHT="47" CONTENT="wie" WC="1.00" CC="000"/>
						<SP ID="P2_SP00451" HPOS="3217" VPOS="1263" WIDTH="39"/>
						<String ID="P2_ST00517" HPOS="3256" VPOS="1199" WIDTH="70" HEIGHT="47" CONTENT="bei" WC="1.00" CC="000"/>
					</TextLine>
					<TextLine ID="P2_TL00065" HPOS="1795" VPOS="1275" WIDTH="1533" HEIGHT="67">
						<String ID="P2_ST00518" HPOS="1795" VPOS="1277" WIDTH="263" HEIGHT="47" CONTENT="Schumann" WC="0.98" CC="50640435"/>
						<SP ID="P2_SP00452" HPOS="2058" VPOS="1324" WIDTH="45"/>
						<String ID="P2_ST00519" HPOS="2103" VPOS="1277" WIDTH="217" HEIGHT="63" CONTENT="schlugen" WC="0.99" CC="01530005"/>
						<SP ID="P2_SP00453" HPOS="2320" VPOS="1340" WIDTH="44"/>
						<String ID="P2_ST00520" HPOS="2364" VPOS="1276" WIDTH="72" HEIGHT="47" CONTENT="die" WC="1.00" CC="000"/>
						<SP ID="P2_SP00454" HPOS="2436" VPOS="1340" WIDTH="44"/>
						<String ID="P2_ST00521" HPOS="2480" VPOS="1277" WIDTH="107" HEIGHT="47" CONTENT="Pole" WC="0.99" CC="3000"/>
						<SP ID="P2_SP00455" HPOS="2587" VPOS="1340" WIDTH="48"/>
						<String ID="P2_ST00522" HPOS="2635" VPOS="1279" WIDTH="43" HEIGHT="45" CONTENT="in" WC="0.66" CC="06"/>
						<SP ID="P2_SP00456" HPOS="2678" VPOS="1340" WIDTH="45"/>
						<String ID="P2_ST00523" HPOS="2723" VPOS="1277" WIDTH="69" HEIGHT="47" CONTENT="ihr" WC="0.98" CC="050"/>
						<SP ID="P2_SP00457" HPOS="2792" VPOS="1340" WIDTH="45"/>
						<String ID="P2_ST00524" HPOS="2837" VPOS="1275" WIDTH="269" HEIGHT="67" CONTENT="Gegentheil" WC="0.59" CC="0090887033"/>
						<SP ID="P2_SP00458" HPOS="3106" VPOS="1342" WIDTH="43"/>
						<String ID="P2_ST00525" HPOS="3149" VPOS="1293" WIDTH="94" HEIGHT="38" CONTENT="um," WC="1.00" CC="000"/>
						<SP ID="P2_SP00459" HPOS="3243" VPOS="1342" WIDTH="38"/>
						<String ID="P2_ST00526" HPOS="3281" VPOS="1276" WIDTH="47" HEIGHT="64" CONTENT="je" WC="0.78" CC="40"/>
					</TextLine>
					<TextLine ID="P2_TL00066" HPOS="1797" VPOS="1352" WIDTH="1529" HEIGHT="65">
						<String ID="P2_ST00527" HPOS="1797" VPOS="1354" WIDTH="221" HEIGHT="47" CONTENT="nachdem" WC="0.99" CC="4906000"/>
						<SP ID="P2_SP00460" HPOS="2018" VPOS="1401" WIDTH="35"/>
						<String ID="P2_ST00528" HPOS="2053" VPOS="1355" WIDTH="71" HEIGHT="44" CONTENT="Du" WC="1.00" CC="00"/>
						<SP ID="P2_SP00461" HPOS="2124" VPOS="1401" WIDTH="46"/>
						<String ID="P2_ST00529" HPOS="2170" VPOS="1354" WIDTH="112" HEIGHT="47" CONTENT="oder" WC="0.98" CC="3006"/>
						<SP ID="P2_SP00462" HPOS="2282" VPOS="1401" WIDTH="34"/>
						<String ID="P2_ST00530" HPOS="2316" VPOS="1354" WIDTH="70" HEIGHT="45" CONTENT="ich" WC="0.99" CC="200"/>
						<SP ID="P2_SP00463" HPOS="2386" VPOS="1401" WIDTH="44"/>
						<String ID="P2_ST00531" HPOS="2430" VPOS="1355" WIDTH="133" HEIGHT="46" CONTENT="mehr" WC="0.95" CC="8870"/>
						<SP ID="P2_SP00464" HPOS="2563" VPOS="1401" WIDTH="36"/>
						<String ID="P2_ST00532" HPOS="2599" VPOS="1355" WIDTH="148" HEIGHT="47" CONTENT="rechts" WC="0.99" CC="000603"/>
						<SP ID="P2_SP00465" HPOS="2747" VPOS="1402" WIDTH="37"/>
						<String ID="P2_ST00533" HPOS="2784" VPOS="1354" WIDTH="113" HEIGHT="48" CONTENT="oder" WC="0.97" CC="6005"/>
						<SP ID="P2_SP00466" HPOS="2897" VPOS="1402" WIDTH="41"/>
						<String ID="P2_ST00534" HPOS="2938" VPOS="1354" WIDTH="114" HEIGHT="47" CONTENT="links" WC="0.98" CC="24700"/>
						<SP ID="P2_SP00467" HPOS="3052" VPOS="1402" WIDTH="43"/>
						<String ID="P2_ST00535" HPOS="3095" VPOS="1352" WIDTH="231" HEIGHT="65" CONTENT="abbogen." WC="0.98" CC="44579032"/>
					</TextLine>
					<TextLine ID="P2_TL00067" HPOS="1795" VPOS="1430" WIDTH="1533" HEIGHT="54">
						<String ID="P2_ST00536" HPOS="1795" VPOS="1431" WIDTH="152" HEIGHT="53" CONTENT="Siehe," WC="0.98" CC="513600"/>
						<SP ID="P2_SP00468" HPOS="1947" VPOS="1484" WIDTH="31"/>
						<String ID="P2_ST00537" HPOS="1978" VPOS="1431" WIDTH="55" HEIGHT="46" CONTENT="da" WC="0.67" CC="06"/>
						<SP ID="P2_SP00469" HPOS="2033" VPOS="1484" WIDTH="30"/>
						<String ID="P2_ST00538" HPOS="2063" VPOS="1446" WIDTH="152" HEIGHT="32" CONTENT="sassen" WC="0.59" CC="443605"/>
						<SP ID="P2_SP00470" HPOS="2215" VPOS="1484" WIDTH="39"/>
						<String ID="P2_ST00539" HPOS="2254" VPOS="1430" WIDTH="84" HEIGHT="47" CONTENT="wir" WC="0.98" CC="004"/>
						<SP ID="P2_SP00471" HPOS="2338" VPOS="1484" WIDTH="39"/>
						<String ID="P2_ST00540" HPOS="2377" VPOS="1431" WIDTH="155" HEIGHT="47" CONTENT="mitten" WC="0.98" CC="008503"/>
						<SP ID="P2_SP00472" HPOS="2532" VPOS="1484" WIDTH="42"/>
						<String ID="P2_ST00541" HPOS="2574" VPOS="1432" WIDTH="42" HEIGHT="46" CONTENT="in" WC="0.67" CC="06"/>
						<SP ID="P2_SP00473" HPOS="2616" VPOS="1484" WIDTH="39"/>
						<String ID="P2_ST00542" HPOS="2655" VPOS="1431" WIDTH="80" HEIGHT="47" CONTENT="der" WC="0.99" CC="002"/>
						<SP ID="P2_SP00474" HPOS="2735" VPOS="1484" WIDTH="30"/>
						<String ID="P2_ST00543" HPOS="2765" VPOS="1432" WIDTH="190" HEIGHT="47" CONTENT="Neuzeit" WC="0.99" CC="9046000"/>
						<SP ID="P2_SP00475" HPOS="2955" VPOS="1484" WIDTH="43"/>
						<String ID="P2_ST00544" HPOS="2998" VPOS="1430" WIDTH="90" HEIGHT="48" CONTENT="und" WC="0.97" CC="070"/>
						<SP ID="P2_SP00476" HPOS="3088" VPOS="1484" WIDTH="41"/>
						<String ID="P2_ST00545" HPOS="3129" VPOS="1437" WIDTH="199" HEIGHT="41" CONTENT="musslen" WC="0.70" CC="0346006"/>
					</TextLine>
					<TextLine ID="P2_TL00068" HPOS="1801" VPOS="1509" WIDTH="1529" HEIGHT="64">
						<String ID="P2_ST00546" HPOS="1801" VPOS="1510" WIDTH="137" HEIGHT="46" CONTENT="Fleiss" WC="0.63" CC="440065"/>
						<SP ID="P2_SP00477" HPOS="1938" VPOS="1556" WIDTH="30"/>
						<String ID="P2_ST00547" HPOS="1968" VPOS="1510" WIDTH="131" HEIGHT="56" CONTENT="thun," WC="0.63" CC="63061"/>
						<SP ID="P2_SP00478" HPOS="2099" VPOS="1566" WIDTH="46"/>
						<String ID="P2_ST00548" HPOS="2145" VPOS="1525" WIDTH="82" HEIGHT="31" CONTENT="uns" WC="0.99" CC="100"/>
						<SP ID="P2_SP00479" HPOS="2227" VPOS="1566" WIDTH="32"/>
						<String ID="P2_ST00549" HPOS="2259" VPOS="1509" WIDTH="262" HEIGHT="63" CONTENT="rechtzeitig" WC="0.99" CC="40047370500"/>
						<SP ID="P2_SP00480" HPOS="2521" VPOS="1572" WIDTH="30"/>
						<String ID="P2_ST00550" HPOS="2551" VPOS="1510" WIDTH="80" HEIGHT="46" CONTENT="mit" WC="0.97" CC="403"/>
						<SP ID="P2_SP00481" HPOS="2631" VPOS="1572" WIDTH="31"/>
						<String ID="P2_ST00551" HPOS="2662" VPOS="1510" WIDTH="144" HEIGHT="46" CONTENT="einem" WC="0.99" CC="00700"/>
						<SP ID="P2_SP00482" HPOS="2806" VPOS="1572" WIDTH="33"/>
						<String ID="P2_ST00552" HPOS="2839" VPOS="1517" WIDTH="139" HEIGHT="56" CONTENT="guten" WC="0.97" CC="90406"/>
						<SP ID="P2_SP00483" HPOS="2978" VPOS="1573" WIDTH="32"/>
						<String ID="P2_ST00553" HPOS="3010" VPOS="1509" WIDTH="320" HEIGHT="64" CONTENT="Standpunkte" WC="1.00" CC="40070007000"/>
					</TextLine>
					<TextLine ID="P2_TL00069" HPOS="1795" VPOS="1585" WIDTH="1532" HEIGHT="65">
						<String ID="P2_ST00554" HPOS="1795" VPOS="1604" WIDTH="53" HEIGHT="29" CONTENT="zu" WC="0.64" CC="60"/>
						<SP ID="P2_SP00484" HPOS="1848" VPOS="1633" WIDTH="31"/>
						<String ID="P2_ST00555" HPOS="1879" VPOS="1586" WIDTH="235" HEIGHT="55" CONTENT="versehen," WC="0.99" CC="004007082"/>
						<SP ID="P2_SP00485" HPOS="2114" VPOS="1641" WIDTH="40"/>
						<String ID="P2_ST00556" HPOS="2154" VPOS="1586" WIDTH="236" HEIGHT="64" CONTENT="gleichwie" WC="1.00" CC="020006001"/>
						<SP ID="P2_SP00486" HPOS="2390" VPOS="1650" WIDTH="30"/>
						<String ID="P2_ST00557" HPOS="2420" VPOS="1586" WIDTH="303" HEIGHT="47" CONTENT="Schumann's" WC="0.63" CC="3661064600"/>
						<SP ID="P2_SP00487" HPOS="2723" VPOS="1650" WIDTH="33"/>
						<String ID="P2_ST00558" HPOS="2756" VPOS="1585" WIDTH="381" HEIGHT="48" CONTENT="Davidsbündler." WC="0.85" CC="06000740001000"/>
						<SP ID="P2_SP00488" HPOS="3137" VPOS="1650" WIDTH="57"/>
						<String ID="P2_ST00559" HPOS="3194" VPOS="1586" WIDTH="133" HEIGHT="46" CONTENT="Denn" WC="0.98" CC="0054"/>
					</TextLine>
					<TextLine ID="P2_TL00070" HPOS="1795" VPOS="1662" WIDTH="1535" HEIGHT="65">
						<String ID="P2_ST00560" HPOS="1795" VPOS="1664" WIDTH="159" HEIGHT="48" CONTENT="sobald" WC="0.99" CC="831100"/>
						<SP ID="P2_SP00489" HPOS="1954" VPOS="1712" WIDTH="37"/>
						<String ID="P2_ST00561" HPOS="1991" VPOS="1664" WIDTH="234" HEIGHT="48" CONTENT="Florestan" WC="0.69" CC="770103007"/>
						<SP ID="P2_SP00490" HPOS="2225" VPOS="1712" WIDTH="32"/>
						<String ID="P2_ST00562" HPOS="2257" VPOS="1664" WIDTH="85" HEIGHT="47" CONTENT="den" WC="0.98" CC="006"/>
						<SP ID="P2_SP00491" HPOS="2342" VPOS="1712" WIDTH="45"/>
						<String ID="P2_ST00563" HPOS="2387" VPOS="1664" WIDTH="264" HEIGHT="63" CONTENT="gräulichen" WC="0.99" CC="0475620305"/>
						<SP ID="P2_SP00492" HPOS="2651" VPOS="1727" WIDTH="31"/>
						<String ID="P2_ST00564" HPOS="2682" VPOS="1664" WIDTH="241" HEIGHT="47" CONTENT="Philistern" WC="0.99" CC="4506060006"/>
						<SP ID="P2_SP00493" HPOS="2923" VPOS="1727" WIDTH="40"/>
						<String ID="P2_ST00565" HPOS="2963" VPOS="1664" WIDTH="99" HEIGHT="47" CONTENT="eine" WC="0.98" CC="0070"/>
						<SP ID="P2_SP00494" HPOS="3062" VPOS="1727" WIDTH="34"/>
						<String ID="P2_ST00566" HPOS="3096" VPOS="1662" WIDTH="160" HEIGHT="47" CONTENT="Wette" WC="0.99" CC="00340"/>
						<SP ID="P2_SP00495" HPOS="3256" VPOS="1727" WIDTH="28"/>
						<String ID="P2_ST00567" HPOS="3284" VPOS="1662" WIDTH="46" HEIGHT="47" CONTENT="in" WC="0.89" CC="10"/>
					</TextLine>
					<TextLine ID="P2_TL00071" HPOS="1797" VPOS="1738" WIDTH="1534" HEIGHT="67">
						<String ID="P2_ST00568" HPOS="1797" VPOS="1741" WIDTH="86" HEIGHT="48" CONTENT="den" WC="0.98" CC="004"/>
						<SP ID="P2_SP00496" HPOS="1883" VPOS="1789" WIDTH="27"/>
						<String ID="P2_ST00569" HPOS="1910" VPOS="1742" WIDTH="108" HEIGHT="47" CONTENT="Bart" WC="0.97" CC="7005"/>
						<SP ID="P2_SP00497" HPOS="2018" VPOS="1789" WIDTH="33"/>
						<String ID="P2_ST00570" HPOS="2051" VPOS="1741" WIDTH="129" HEIGHT="56" CONTENT="warf," WC="0.99" CC="02503"/>
						<SP ID="P2_SP00498" HPOS="2180" VPOS="1797" WIDTH="31"/>
						<String ID="P2_ST00571" HPOS="2211" VPOS="1741" WIDTH="57" HEIGHT="48" CONTENT="da" WC="1.00" CC="00"/>
						<SP ID="P2_SP00499" HPOS="2268" VPOS="1797" WIDTH="32"/>
						<String ID="P2_ST00572" HPOS="2300" VPOS="1740" WIDTH="123" HEIGHT="48" CONTENT="riefst" WC="0.98" CC="500066"/>
						<SP ID="P2_SP00500" HPOS="2423" VPOS="1797" WIDTH="29"/>
						<String ID="P2_ST00573" HPOS="2452" VPOS="1742" WIDTH="72" HEIGHT="46" CONTENT="Du" WC="0.77" CC="31"/>
						<SP ID="P2_SP00501" HPOS="2524" VPOS="1797" WIDTH="32"/>
						<String ID="P2_ST00574" HPOS="2556" VPOS="1741" WIDTH="240" HEIGHT="64" CONTENT="grimmig:" WC="0.99" CC="92029002"/>
						<SP ID="P2_SP00502" HPOS="2796" VPOS="1805" WIDTH="33"/>
						<String ID="P2_ST00575" HPOS="2829" VPOS="1741" WIDTH="122" HEIGHT="47" CONTENT="Wir" WC="0.98" CC="004"/>
						<SP ID="P2_SP00503" HPOS="2951" VPOS="1805" WIDTH="29"/>
						<String ID="P2_ST00576" HPOS="2980" VPOS="1740" WIDTH="96" HEIGHT="48" CONTENT="sind" WC="0.98" CC="1060"/>
						<SP ID="P2_SP00504" HPOS="3076" VPOS="1805" WIDTH="33"/>
						<String ID="P2_ST00577" HPOS="3109" VPOS="1738" WIDTH="222" HEIGHT="67" CONTENT="gemeint!" WC="0.99" CC="01300173"/>
					</TextLine>
					<TextLine ID="P2_TL00072" HPOS="1795" VPOS="1816" WIDTH="1535" HEIGHT="66">
						<String ID="P2_ST00578" HPOS="1795" VPOS="1818" WIDTH="215" HEIGHT="64" CONTENT="gerirtest" WC="0.86" CC="001005130"/>
						<SP ID="P2_SP00505" HPOS="2010" VPOS="1882" WIDTH="31"/>
						<String ID="P2_ST00579" HPOS="2041" VPOS="1818" WIDTH="111" HEIGHT="47" CONTENT="Dich" WC="0.98" CC="5002"/>
						<SP ID="P2_SP00506" HPOS="2152" VPOS="1882" WIDTH="35"/>
						<String ID="P2_ST00580" HPOS="2187" VPOS="1817" WIDTH="166" HEIGHT="65" CONTENT="jedoch" WC="1.00" CC="100000"/>
						<SP ID="P2_SP00507" HPOS="2353" VPOS="1882" WIDTH="34"/>
						<String ID="P2_ST00581" HPOS="2387" VPOS="1817" WIDTH="103" HEIGHT="48" CONTENT="bald" WC="0.98" CC="7210"/>
						<SP ID="P2_SP00508" HPOS="2490" VPOS="1882" WIDTH="41"/>
						<String ID="P2_ST00582" HPOS="2531" VPOS="1818" WIDTH="63" HEIGHT="47" CONTENT="als" WC="0.95" CC="325"/>
						<SP ID="P2_SP00509" HPOS="2594" VPOS="1882" WIDTH="30"/>
						<String ID="P2_ST00583" HPOS="2624" VPOS="1818" WIDTH="245" HEIGHT="54" CONTENT="Eusebius," WC="0.99" CC="032000601"/>
						<SP ID="P2_SP00510" HPOS="2869" VPOS="1882" WIDTH="43"/>
						<String ID="P2_ST00584" HPOS="2912" VPOS="1816" WIDTH="90" HEIGHT="48" CONTENT="und" WC="0.97" CC="070"/>
						<SP ID="P2_SP00511" HPOS="3002" VPOS="1882" WIDTH="33"/>
						<String ID="P2_ST00585" HPOS="3035" VPOS="1818" WIDTH="69" HEIGHT="46" CONTENT="ein" WC="0.98" CC="005"/>
						<SP ID="P2_SP00512" HPOS="3104" VPOS="1882" WIDTH="33"/>
						<String ID="P2_ST00586" HPOS="3137" VPOS="1816" WIDTH="169" HEIGHT="47" CONTENT="Viertel" SUBS_TYPE="HypPart1" SUBS_CONTENT="Vierteljahr" WC="0.99" CC="0004700"/>
						<HYP HPOS="3306" VPOS="1816" WIDTH="24" CONTENT="-"/>
					</TextLine>
					<TextLine ID="P2_TL00073" HPOS="1789" VPOS="1895" WIDTH="1330" HEIGHT="64">
						<String ID="P2_ST00587" HPOS="1789" VPOS="1896" WIDTH="108" HEIGHT="63" CONTENT="jahr" SUBS_TYPE="HypPart2" SUBS_CONTENT="Vierteljahr" WC="0.97" CC="3065"/>
						<SP ID="P2_SP00513" HPOS="1897" VPOS="1959" WIDTH="28"/>
						<String ID="P2_ST00588" HPOS="1925" VPOS="1900" WIDTH="151" HEIGHT="59" CONTENT="später" WC="0.98" CC="408602"/>
						<SP ID="P2_SP00514" HPOS="2076" VPOS="1959" WIDTH="31"/>
						<String ID="P2_ST00589" HPOS="2107" VPOS="1896" WIDTH="101" HEIGHT="47" CONTENT="fand" WC="0.99" CC="0300"/>
						<SP ID="P2_SP00515" HPOS="2208" VPOS="1959" WIDTH="33"/>
						<String ID="P2_ST00590" HPOS="2241" VPOS="1896" WIDTH="69" HEIGHT="47" CONTENT="ich" WC="0.99" CC="000"/>
						<SP ID="P2_SP00516" HPOS="2310" VPOS="1959" WIDTH="32"/>
						<String ID="P2_ST00591" HPOS="2342" VPOS="1896" WIDTH="115" HEIGHT="47" CONTENT="Dich" WC="0.96" CC="6316"/>
						<SP ID="P2_SP00517" HPOS="2457" VPOS="1959" WIDTH="43"/>
						<String ID="P2_ST00592" HPOS="2500" VPOS="1904" WIDTH="132" HEIGHT="39" CONTENT="unter" WC="0.97" CC="58302"/>
						<SP ID="P2_SP00518" HPOS="2632" VPOS="1959" WIDTH="30"/>
						<String ID="P2_ST00593" HPOS="2662" VPOS="1895" WIDTH="85" HEIGHT="48" CONTENT="den" WC="0.98" CC="006"/>
						<SP ID="P2_SP00519" HPOS="2747" VPOS="1959" WIDTH="33"/>
						<String ID="P2_ST00594" HPOS="2780" VPOS="1895" WIDTH="339" HEIGHT="48" CONTENT="Mitarbeitern!" WC="1.00" CC="0062570000010"/>
					</TextLine>
					<TextLine ID="P2_TL00074" HPOS="1795" VPOS="1970" WIDTH="1537" HEIGHT="69">
						<String ID="P2_ST00595" HPOS="1795" VPOS="1971" WIDTH="194" HEIGHT="68" CONTENT="Signore" WC="0.74" CC="6050600" STYLEREFS="TXT_1"/>
						<SP ID="P2_SP00520" HPOS="1989" VPOS="2039" WIDTH="26"/>
						<String ID="P2_ST00596" HPOS="2015" VPOS="1970" WIDTH="311" HEIGHT="52" CONTENT="Pensieroso?" WC="0.60" CC="71660027433" STYLEREFS="TXT_1"/>
						<SP ID="P2_SP00521" HPOS="2326" VPOS="2039" WIDTH="32"/>
						<String ID="P2_ST00597" HPOS="2358" VPOS="1973" WIDTH="128" HEIGHT="49" CONTENT="Auch" WC="0.97" CC="5406"/>
						<SP ID="P2_SP00522" HPOS="2486" VPOS="2039" WIDTH="33"/>
						<String ID="P2_ST00598" HPOS="2519" VPOS="1975" WIDTH="94" HEIGHT="54" CONTENT="Du," WC="0.96" CC="263"/>
						<SP ID="P2_SP00523" HPOS="2613" VPOS="2039" WIDTH="33"/>
						<String ID="P2_ST00599" HPOS="2646" VPOS="1972" WIDTH="191" HEIGHT="48" CONTENT="Brutus!" WC="0.99" CC="0653050"/>
						<SP ID="P2_SP00524" HPOS="2837" VPOS="2039" WIDTH="30"/>
						<String ID="P2_ST00600" HPOS="2867" VPOS="1972" WIDTH="84" HEIGHT="48" CONTENT="rief" WC="1.00" CC="0001"/>
						<SP ID="P2_SP00525" HPOS="2951" VPOS="2039" WIDTH="26"/>
						<String ID="P2_ST00601" HPOS="2977" VPOS="1973" WIDTH="68" HEIGHT="46" CONTENT="ich" WC="0.98" CC="005"/>
						<SP ID="P2_SP00526" HPOS="3045" VPOS="2039" WIDTH="32"/>
						<String ID="P2_ST00602" HPOS="3077" VPOS="1987" WIDTH="94" HEIGHT="33" CONTENT="aus." WC="0.98" CC="0170"/>
						<SP ID="P2_SP00527" HPOS="3171" VPOS="2039" WIDTH="33"/>
						<String ID="P2_ST00603" HPOS="3204" VPOS="1971" WIDTH="128" HEIGHT="48" CONTENT="Aber" WC="0.99" CC="0204"/>
					</TextLine>
					<TextLine ID="P2_TL00075" HPOS="1797" VPOS="2048" WIDTH="1534" HEIGHT="66">
						<String ID="P2_ST00604" HPOS="1797" VPOS="2051" WIDTH="68" HEIGHT="47" CONTENT="ich" WC="0.99" CC="003"/>
						<SP ID="P2_SP00528" HPOS="1865" VPOS="2098" WIDTH="42"/>
						<String ID="P2_ST00605" HPOS="1907" VPOS="2051" WIDTH="177" HEIGHT="47" CONTENT="merkte" WC="1.00" CC="000050"/>
						<SP ID="P2_SP00529" HPOS="2084" VPOS="2098" WIDTH="38"/>
						<String ID="P2_ST00606" HPOS="2122" VPOS="2052" WIDTH="157" HEIGHT="54" CONTENT="schon," WC="0.98" CC="500550"/>
						<SP ID="P2_SP00530" HPOS="2279" VPOS="2106" WIDTH="41"/>
						<String ID="P2_ST00607" HPOS="2320" VPOS="2052" WIDTH="85" HEIGHT="47" CONTENT="wie" WC="1.00" CC="000"/>
						<SP ID="P2_SP00531" HPOS="2405" VPOS="2106" WIDTH="38"/>
						<String ID="P2_ST00608" HPOS="2443" VPOS="2052" WIDTH="107" HEIGHT="47" CONTENT="weit" WC="1.00" CC="0000"/>
						<SP ID="P2_SP00532" HPOS="2550" VPOS="2106" WIDTH="38"/>
						<String ID="P2_ST00609" HPOS="2588" VPOS="2051" WIDTH="70" HEIGHT="47" CONTENT="die" WC="1.00" CC="000"/>
						<SP ID="P2_SP00533" HPOS="2658" VPOS="2106" WIDTH="39"/>
						<String ID="P2_ST00610" HPOS="2697" VPOS="2051" WIDTH="254" HEIGHT="63" CONTENT="Zeitungen" WC="1.00" CC="000164002"/>
						<SP ID="P2_SP00534" HPOS="2951" VPOS="2114" WIDTH="42"/>
						<String ID="P2_ST00611" HPOS="2993" VPOS="2051" WIDTH="70" HEIGHT="47" CONTENT="ein" WC="0.98" CC="006"/>
						<SP ID="P2_SP00535" HPOS="3063" VPOS="2114" WIDTH="34"/>
						<String ID="P2_ST00612" HPOS="3097" VPOS="2048" WIDTH="234" HEIGHT="50" CONTENT="Wörtlein" WC="1.00" CC="00100000"/>
					</TextLine>
					<TextLine ID="P2_TL00076" HPOS="1798" VPOS="2127" WIDTH="1532" HEIGHT="64">
						<String ID="P2_ST00613" HPOS="1798" VPOS="2128" WIDTH="80" HEIGHT="47" CONTENT="mit" WC="1.00" CC="000"/>
						<SP ID="P2_SP00536" HPOS="1878" VPOS="2175" WIDTH="34"/>
						<String ID="P2_ST00614" HPOS="1912" VPOS="2146" WIDTH="51" HEIGHT="29" CONTENT="zu" WC="0.51" CC="62"/>
						<SP ID="P2_SP00537" HPOS="1963" VPOS="2175" WIDTH="40"/>
						<String ID="P2_ST00615" HPOS="2003" VPOS="2127" WIDTH="138" HEIGHT="50" CONTENT="reden" WC="0.98" CC="60006"/>
						<SP ID="P2_SP00538" HPOS="2141" VPOS="2177" WIDTH="33"/>
						<String ID="P2_ST00616" HPOS="2174" VPOS="2128" WIDTH="173" HEIGHT="55" CONTENT="hatten," WC="0.98" CC="6466060"/>
						<SP ID="P2_SP00539" HPOS="2347" VPOS="2183" WIDTH="42"/>
						<String ID="P2_ST00617" HPOS="2389" VPOS="2128" WIDTH="189" HEIGHT="47" CONTENT="seitdem" WC="0.99" CC="6006000"/>
						<SP ID="P2_SP00540" HPOS="2578" VPOS="2183" WIDTH="40"/>
						<String ID="P2_ST00618" HPOS="2618" VPOS="2128" WIDTH="72" HEIGHT="47" CONTENT="die" WC="1.00" CC="000"/>
						<SP ID="P2_SP00541" HPOS="2690" VPOS="2183" WIDTH="43"/>
						<String ID="P2_ST00619" HPOS="2733" VPOS="2128" WIDTH="235" HEIGHT="55" CONTENT='„Thaten"' WC="0.67" CC="30404067"/>
						<SP ID="P2_SP00542" HPOS="2968" VPOS="2183" WIDTH="43"/>
						<String ID="P2_ST00620" HPOS="3011" VPOS="2127" WIDTH="77" HEIGHT="47" CONTENT="des" WC="1.00" CC="000"/>
						<SP ID="P2_SP00543" HPOS="3088" VPOS="2183" WIDTH="30"/>
						<String ID="P2_ST00621" HPOS="3118" VPOS="2127" WIDTH="212" HEIGHT="64" CONTENT="genialen" WC="1.00" CC="00501300"/>
					</TextLine>
					<TextLine ID="P2_TL00077" HPOS="1798" VPOS="2205" WIDTH="1534" HEIGHT="63">
						<String ID="P2_ST00622" HPOS="1798" VPOS="2206" WIDTH="436" HEIGHT="48" CONTENT="Volks-Orientalen" WC="1.00" CC="0110430400702007"/>
						<SP ID="P2_SP00544" HPOS="2234" VPOS="2254" WIDTH="29"/>
						<String ID="P2_ST00623" HPOS="2263" VPOS="2207" WIDTH="152" HEIGHT="47" CONTENT="Jakob" WC="1.00" CC="00000"/>
						<SP ID="P2_SP00545" HPOS="2415" VPOS="2254" WIDTH="31"/>
						<String ID="P2_ST00624" HPOS="2446" VPOS="2207" WIDTH="143" HEIGHT="46" CONTENT="Meier" WC="0.99" CC="00021"/>
						<SP ID="P2_SP00546" HPOS="2589" VPOS="2254" WIDTH="29"/>
						<String ID="P2_ST00625" HPOS="2618" VPOS="2207" WIDTH="147" HEIGHT="46" CONTENT="Beer" WC="0.99" CC="6000"/>
						<SP ID="P2_SP00547" HPOS="2765" VPOS="2254" WIDTH="38"/>
						<String ID="P2_ST00626" HPOS="2803" VPOS="2205" WIDTH="71" HEIGHT="47" CONTENT="die" WC="0.98" CC="004"/>
						<SP ID="P2_SP00548" HPOS="2874" VPOS="2254" WIDTH="33"/>
						<String ID="P2_ST00627" HPOS="2907" VPOS="2206" WIDTH="129" HEIGHT="46" CONTENT="Welt" WC="0.97" CC="0074"/>
						<SP ID="P2_SP00549" HPOS="3036" VPOS="2254" WIDTH="40"/>
						<String ID="P2_ST00628" HPOS="3076" VPOS="2205" WIDTH="256" HEIGHT="63" CONTENT="bewegten." WC="0.99" CC="400005004"/>
					</TextLine>
					<TextLine ID="P2_TL00078" HPOS="1799" VPOS="2282" WIDTH="1533" HEIGHT="66">
						<String ID="P2_ST00629" HPOS="1799" VPOS="2285" WIDTH="158" HEIGHT="62" CONTENT="Gegen" WC="0.99" CC="00004"/>
						<SP ID="P2_SP00550" HPOS="1957" VPOS="2347" WIDTH="44"/>
						<String ID="P2_ST00630" HPOS="2001" VPOS="2283" WIDTH="75" HEIGHT="47" CONTENT="ihn" WC="0.95" CC="057"/>
						<SP ID="P2_SP00551" HPOS="2076" VPOS="2347" WIDTH="45"/>
						<String ID="P2_ST00631" HPOS="2121" VPOS="2300" WIDTH="155" HEIGHT="32" CONTENT="waren" WC="0.99" CC="02005"/>
						<SP ID="P2_SP00552" HPOS="2276" VPOS="2347" WIDTH="38"/>
						<String ID="P2_ST00632" HPOS="2314" VPOS="2283" WIDTH="47" HEIGHT="65" CONTENT="ja" WC="0.93" CC="01"/>
						<SP ID="P2_SP00553" HPOS="2361" VPOS="2348" WIDTH="43"/>
						<String ID="P2_ST00633" HPOS="2404" VPOS="2283" WIDTH="72" HEIGHT="47" CONTENT="die" WC="1.00" CC="000"/>
						<SP ID="P2_SP00554" HPOS="2476" VPOS="2348" WIDTH="29"/>
						<String ID="P2_ST00634" HPOS="2505" VPOS="2283" WIDTH="252" HEIGHT="49" CONTENT="Geschosse" WC="1.00" CC="103050000"/>
						<SP ID="P2_SP00555" HPOS="2757" VPOS="2348" WIDTH="43"/>
						<String ID="P2_ST00635" HPOS="2800" VPOS="2282" WIDTH="81" HEIGHT="48" CONTENT="der" WC="0.98" CC="005"/>
						<SP ID="P2_SP00556" HPOS="2881" VPOS="2348" WIDTH="30"/>
						<String ID="P2_ST00636" HPOS="2911" VPOS="2282" WIDTH="421" HEIGHT="48" CONTENT="Schumann'schen" WC="0.82" CC="10020305300600"/>
					</TextLine>
					<TextLine ID="P2_TL00079" HPOS="1797" VPOS="2360" WIDTH="1535" HEIGHT="64">
						<String ID="P2_ST00637" HPOS="1797" VPOS="2362" WIDTH="161" HEIGHT="46" CONTENT="Neuen" WC="0.99" CC="70000"/>
						<SP ID="P2_SP00557" HPOS="1958" VPOS="2408" WIDTH="31"/>
						<String ID="P2_ST00638" HPOS="1989" VPOS="2360" WIDTH="257" HEIGHT="48" CONTENT="Zeitschrift" WC="0.99" CC="00050063006"/>
						<SP ID="P2_SP00558" HPOS="2246" VPOS="2408" WIDTH="30"/>
						<String ID="P2_ST00639" HPOS="2276" VPOS="2361" WIDTH="250" HEIGHT="63" CONTENT="gerichtet:" WC="0.99" CC="0020654060"/>
						<SP ID="P2_SP00559" HPOS="2526" VPOS="2424" WIDTH="49"/>
						<String ID="P2_ST00640" HPOS="2575" VPOS="2376" WIDTH="94" HEIGHT="32" CONTENT="was" WC="0.98" CC="050"/>
						<SP ID="P2_SP00560" HPOS="2669" VPOS="2424" WIDTH="38"/>
						<String ID="P2_ST00641" HPOS="2707" VPOS="2376" WIDTH="46" HEIGHT="32" CONTENT="es" WC="0.65" CC="07"/>
						<SP ID="P2_SP00561" HPOS="2753" VPOS="2424" WIDTH="41"/>
						<String ID="P2_ST00642" HPOS="2794" VPOS="2360" WIDTH="231" HEIGHT="63" CONTENT="geholfen," WC="1.00" CC="005120300"/>
						<SP ID="P2_SP00562" HPOS="3025" VPOS="2424" WIDTH="42"/>
						<String ID="P2_ST00643" HPOS="3067" VPOS="2360" WIDTH="150" HEIGHT="45" CONTENT="weisst" WC="0.80" CC="000505"/>
						<SP ID="P2_SP00563" HPOS="3217" VPOS="2424" WIDTH="39"/>
						<String ID="P2_ST00644" HPOS="3256" VPOS="2360" WIDTH="76" HEIGHT="45" CONTENT="Du" WC="0.63" CC="34"/>
					</TextLine>
					<TextLine ID="P2_TL00080" HPOS="1799" VPOS="2437" WIDTH="1534" HEIGHT="65">
						<String ID="P2_ST00645" HPOS="1799" VPOS="2438" WIDTH="170" HEIGHT="55" CONTENT="besser," WC="0.99" CC="2065130"/>
						<SP ID="P2_SP00564" HPOS="1969" VPOS="2493" WIDTH="40"/>
						<String ID="P2_ST00646" HPOS="2009" VPOS="2440" WIDTH="63" HEIGHT="45" CONTENT="als" WC="0.95" CC="436"/>
						<SP ID="P2_SP00565" HPOS="2072" VPOS="2493" WIDTH="37"/>
						<String ID="P2_ST00647" HPOS="2109" VPOS="2440" WIDTH="88" HEIGHT="55" CONTENT="ich," WC="0.99" CC="0003"/>
						<SP ID="P2_SP00566" HPOS="2197" VPOS="2495" WIDTH="38"/>
						<String ID="P2_ST00648" HPOS="2235" VPOS="2455" WIDTH="81" HEIGHT="32" CONTENT="aus" WC="0.95" CC="443"/>
						<SP ID="P2_SP00567" HPOS="2316" VPOS="2495" WIDTH="40"/>
						<String ID="P2_ST00649" HPOS="2356" VPOS="2440" WIDTH="170" HEIGHT="47" CONTENT="Deiner" WC="0.98" CC="001708"/>
						<SP ID="P2_SP00568" HPOS="2526" VPOS="2495" WIDTH="38"/>
						<String ID="P2_ST00650" HPOS="2564" VPOS="2438" WIDTH="415" HEIGHT="47" CONTENT="residentialischen" WC="0.82" CC="10400070006060003"/>
						<SP ID="P2_SP00569" HPOS="2979" VPOS="2495" WIDTH="32"/>
						<String ID="P2_ST00651" HPOS="3011" VPOS="2437" WIDTH="322" HEIGHT="65" CONTENT="Atmosphäre." WC="1.00" CC="22055020100"/>
					</TextLine>
					<TextLine ID="P2_TL00081" HPOS="1797" VPOS="2513" WIDTH="1538" HEIGHT="67">
						<String ID="P2_ST00652" HPOS="1797" VPOS="2516" WIDTH="256" HEIGHT="63" CONTENT="Uebrigens" WC="0.72" CC="405400044"/>
						<SP ID="P2_SP00570" HPOS="2053" VPOS="2579" WIDTH="43"/>
						<String ID="P2_ST00653" HPOS="2096" VPOS="2523" WIDTH="149" HEIGHT="41" CONTENT="traten" WC="0.97" CC="069605"/>
						<SP ID="P2_SP00571" HPOS="2245" VPOS="2579" WIDTH="45"/>
						<String ID="P2_ST00654" HPOS="2290" VPOS="2517" WIDTH="115" HEIGHT="47" CONTENT="auch" WC="0.97" CC="4502"/>
						<SP ID="P2_SP00572" HPOS="2405" VPOS="2579" WIDTH="47"/>
						<String ID="P2_ST00655" HPOS="2452" VPOS="2516" WIDTH="201" HEIGHT="64" CONTENT="positive," WC="0.99" CC="912030001"/>
						<SP ID="P2_SP00573" HPOS="2653" VPOS="2580" WIDTH="52"/>
						<String ID="P2_ST00656" HPOS="2705" VPOS="2514" WIDTH="123" HEIGHT="49" CONTENT="nicht" WC="0.99" CC="00052"/>
						<SP ID="P2_SP00574" HPOS="2828" VPOS="2580" WIDTH="56"/>
						<String ID="P2_ST00657" HPOS="2884" VPOS="2514" WIDTH="119" HEIGHT="49" CONTENT="bloss" WC="0.99" CC="00350"/>
						<SP ID="P2_SP00575" HPOS="3003" VPOS="2580" WIDTH="56"/>
						<String ID="P2_ST00658" HPOS="3059" VPOS="2513" WIDTH="276" HEIGHT="65" CONTENT="polemische" WC="0.99" CC="0140533050"/>
					</TextLine>
					<TextLine ID="P2_TL00082" HPOS="1799" VPOS="2593" WIDTH="1534" HEIGHT="65">
						<String ID="P2_ST00659" HPOS="1799" VPOS="2594" WIDTH="158" HEIGHT="47" CONTENT="Kräfte" WC="0.98" CC="046060"/>
						<SP ID="P2_SP00576" HPOS="1957" VPOS="2641" WIDTH="29"/>
						<String ID="P2_ST00660" HPOS="1986" VPOS="2593" WIDTH="102" HEIGHT="48" CONTENT="dem" WC="1.00" CC="000"/>
						<SP ID="P2_SP00577" HPOS="2088" VPOS="2641" WIDTH="26"/>
						<String ID="P2_ST00661" HPOS="2114" VPOS="2593" WIDTH="239" HEIGHT="65" CONTENT="jüdischen" WC="0.99" CC="490020007"/>
						<SP ID="P2_SP00578" HPOS="2353" VPOS="2658" WIDTH="33"/>
						<String ID="P2_ST00662" HPOS="2386" VPOS="2594" WIDTH="217" HEIGHT="47" CONTENT="Getreibe" WC="0.99" CC="14241060"/>
						<SP ID="P2_SP00579" HPOS="2603" VPOS="2658" WIDTH="42"/>
						<String ID="P2_ST00663" HPOS="2645" VPOS="2601" WIDTH="252" HEIGHT="56" CONTENT="entgegen;" WC="0.99" CC="056000060"/>
						<SP ID="P2_SP00580" HPOS="2897" VPOS="2658" WIDTH="43"/>
						<String ID="P2_ST00664" HPOS="2940" VPOS="2608" WIDTH="47" HEIGHT="32" CONTENT="es" WC="0.84" CC="03"/>
						<SP ID="P2_SP00581" HPOS="2987" VPOS="2658" WIDTH="30"/>
						<String ID="P2_ST00665" HPOS="3017" VPOS="2593" WIDTH="168" HEIGHT="64" CONTENT="gingen" WC="0.99" CC="027001"/>
						<SP ID="P2_SP00582" HPOS="3185" VPOS="2658" WIDTH="30"/>
						<String ID="P2_ST00666" HPOS="3215" VPOS="2608" WIDTH="118" HEIGHT="32" CONTENT="neue" WC="0.98" CC="4040"/>
					</TextLine>
					<TextLine ID="P2_TL00083" HPOS="1798" VPOS="2669" WIDTH="1539" HEIGHT="50">
						<String ID="P2_ST00667" HPOS="1798" VPOS="2672" WIDTH="163" HEIGHT="47" CONTENT="Sterne" WC="0.98" CC="260660"/>
						<SP ID="P2_SP00583" HPOS="1961" VPOS="2719" WIDTH="38"/>
						<String ID="P2_ST00668" HPOS="1999" VPOS="2672" WIDTH="81" HEIGHT="47" CONTENT="auf" WC="0.98" CC="060"/>
						<SP ID="P2_SP00584" HPOS="2080" VPOS="2719" WIDTH="33"/>
						<String ID="P2_ST00669" HPOS="2113" VPOS="2673" WIDTH="79" HEIGHT="46" CONTENT="mit" WC="0.98" CC="005"/>
						<SP ID="P2_SP00585" HPOS="2192" VPOS="2719" WIDTH="31"/>
						<String ID="P2_ST00670" HPOS="2223" VPOS="2672" WIDTH="303" HEIGHT="47" CONTENT="Schumann's" WC="0.58" CC="4066057622"/>
						<SP ID="P2_SP00586" HPOS="2526" VPOS="2719" WIDTH="44"/>
						<String ID="P2_ST00671" HPOS="2570" VPOS="2671" WIDTH="90" HEIGHT="48" CONTENT="und" WC="1.00" CC="000"/>
						<SP ID="P2_SP00587" HPOS="2660" VPOS="2719" WIDTH="33"/>
						<String ID="P2_ST00672" HPOS="2693" VPOS="2671" WIDTH="360" HEIGHT="48" CONTENT="Mendelssohn's" WC="0.79" CC="0130006530006"/>
						<SP ID="P2_SP00588" HPOS="3053" VPOS="2719" WIDTH="32"/>
						<String ID="P2_ST00673" HPOS="3085" VPOS="2669" WIDTH="252" HEIGHT="49" CONTENT="Blüthezeit" WC="0.71" CC="6207506001"/>
					</TextLine>
					<TextLine ID="P2_TL00084" HPOS="1877" VPOS="2747" WIDTH="1453" HEIGHT="67">
						<String ID="P2_ST00674" HPOS="1877" VPOS="2749" WIDTH="90" HEIGHT="47" CONTENT="und" WC="0.96" CC="530"/>
						<SP ID="P2_SP00589" HPOS="1967" VPOS="2796" WIDTH="33"/>
						<String ID="P2_ST00675" HPOS="2000" VPOS="2767" WIDTH="91" HEIGHT="29" CONTENT="nun" WC="0.94" CC="844"/>
						<SP ID="P2_SP00590" HPOS="2091" VPOS="2796" WIDTH="32"/>
						<String ID="P2_ST00676" HPOS="2123" VPOS="2749" WIDTH="154" HEIGHT="65" CONTENT="fingen" WC="0.99" CC="000007"/>
						<SP ID="P2_SP00591" HPOS="2277" VPOS="2814" WIDTH="34"/>
						<String ID="P2_ST00677" HPOS="2311" VPOS="2751" WIDTH="81" HEIGHT="45" CONTENT="wir" WC="0.99" CC="003"/>
						<SP ID="P2_SP00592" HPOS="2392" VPOS="2814" WIDTH="32"/>
						<String ID="P2_ST00678" HPOS="2424" VPOS="2749" WIDTH="131" HEIGHT="47" CONTENT="beide" WC="0.99" CC="50001"/>
						<SP ID="P2_SP00593" HPOS="2555" VPOS="2814" WIDTH="33"/>
						<String ID="P2_ST00679" HPOS="2588" VPOS="2749" WIDTH="202" HEIGHT="47" CONTENT="wirklich" WC="1.00" CC="00500005"/>
						<SP ID="P2_SP00594" HPOS="2790" VPOS="2814" WIDTH="32"/>
						<String ID="P2_ST00680" HPOS="2822" VPOS="2766" WIDTH="73" HEIGHT="42" CONTENT="an," WC="0.96" CC="074"/>
						<SP ID="P2_SP00595" HPOS="2895" VPOS="2814" WIDTH="31"/>
						<String ID="P2_ST00681" HPOS="2926" VPOS="2747" WIDTH="322" HEIGHT="66" CONTENT="Standpunkte" WC="1.00" CC="20080035010"/>
						<SP ID="P2_SP00596" HPOS="3248" VPOS="2814" WIDTH="30"/>
						<String ID="P2_ST00682" HPOS="3278" VPOS="2763" WIDTH="52" HEIGHT="32" CONTENT="zu" WC="0.65" CC="70"/>
					</TextLine>
					<TextLine ID="P2_TL00085" HPOS="1799" VPOS="2824" WIDTH="1533" HEIGHT="65">
						<String ID="P2_ST00683" HPOS="1799" VPOS="2826" WIDTH="163" HEIGHT="63" CONTENT="haben," WC="0.98" CC="600073"/>
						<SP ID="P2_SP00597" HPOS="1962" VPOS="2889" WIDTH="44"/>
						<String ID="P2_ST00684" HPOS="2006" VPOS="2827" WIDTH="104" HEIGHT="47" CONTENT="bald" WC="0.98" CC="1060"/>
						<SP ID="P2_SP00598" HPOS="2110" VPOS="2889" WIDTH="44"/>
						<String ID="P2_ST00685" HPOS="2154" VPOS="2827" WIDTH="214" HEIGHT="48" CONTENT="streitend" WC="0.99" CC="430004060"/>
						<SP ID="P2_SP00599" HPOS="2368" VPOS="2889" WIDTH="46"/>
						<String ID="P2_ST00686" HPOS="2414" VPOS="2843" WIDTH="76" HEIGHT="31" CONTENT="um" WC="1.00" CC="00"/>
						<SP ID="P2_SP00600" HPOS="2490" VPOS="2889" WIDTH="47"/>
						<String ID="P2_ST00687" HPOS="2537" VPOS="2827" WIDTH="142" HEIGHT="47" CONTENT="Felix'" WC="0.99" CC="610042"/>
						<SP ID="P2_SP00601" HPOS="2679" VPOS="2889" WIDTH="44"/>
						<String ID="P2_ST00688" HPOS="2723" VPOS="2826" WIDTH="113" HEIGHT="48" CONTENT="oder" WC="0.98" CC="2006"/>
						<SP ID="P2_SP00602" HPOS="2836" VPOS="2889" WIDTH="42"/>
						<String ID="P2_ST00689" HPOS="2878" VPOS="2826" WIDTH="213" HEIGHT="48" CONTENT="Robert's" WC="0.78" CC="33000612"/>
						<SP ID="P2_SP00603" HPOS="3091" VPOS="2889" WIDTH="38"/>
						<String ID="P2_ST00690" HPOS="3129" VPOS="2824" WIDTH="203" HEIGHT="65" CONTENT="Vorzug," WC="0.99" CC="0050502"/>
					</TextLine>
					<TextLine ID="P2_TL00086" HPOS="1797" VPOS="2903" WIDTH="1534" HEIGHT="66">
						<String ID="P2_ST00691" HPOS="1797" VPOS="2903" WIDTH="119" HEIGHT="48" CONTENT="dann" WC="0.98" CC="0062"/>
						<SP ID="P2_SP00604" HPOS="1916" VPOS="2951" WIDTH="32"/>
						<String ID="P2_ST00692" HPOS="1948" VPOS="2904" WIDTH="171" HEIGHT="47" CONTENT="wieder" WC="0.99" CC="600004"/>
						<SP ID="P2_SP00605" HPOS="2119" VPOS="2951" WIDTH="30"/>
						<String ID="P2_ST00693" HPOS="2149" VPOS="2921" WIDTH="55" HEIGHT="32" CONTENT="an" WC="0.68" CC="06"/>
						<SP ID="P2_SP00606" HPOS="2204" VPOS="2953" WIDTH="25"/>
						<String ID="P2_ST00694" HPOS="2229" VPOS="2903" WIDTH="229" HEIGHT="52" CONTENT="Schubert" WC="0.98" CC="57700035"/>
						<SP ID="P2_SP00607" HPOS="2458" VPOS="2955" WIDTH="32"/>
						<String ID="P2_ST00695" HPOS="2490" VPOS="2904" WIDTH="90" HEIGHT="47" CONTENT="und" WC="0.99" CC="030"/>
						<SP ID="P2_SP00608" HPOS="2580" VPOS="2955" WIDTH="27"/>
						<String ID="P2_ST00696" HPOS="2607" VPOS="2903" WIDTH="178" HEIGHT="66" CONTENT="Chopin" WC="0.97" CC="765007"/>
						<SP ID="P2_SP00609" HPOS="2785" VPOS="2969" WIDTH="30"/>
						<String ID="P2_ST00697" HPOS="2815" VPOS="2920" WIDTH="136" HEIGHT="31" CONTENT="unser" WC="0.99" CC="07102"/>
						<SP ID="P2_SP00610" HPOS="2951" VPOS="2969" WIDTH="32"/>
						<String ID="P2_ST00698" HPOS="2983" VPOS="2903" WIDTH="235" HEIGHT="47" CONTENT="kritisches" WC="1.00" CC="0306000400"/>
						<SP ID="P2_SP00611" HPOS="3218" VPOS="2969" WIDTH="24"/>
						<String ID="P2_ST00699" HPOS="3242" VPOS="2903" WIDTH="60" HEIGHT="47" CONTENT="Ge" SUBS_TYPE="HypPart1" SUBS_CONTENT="Gelüste" WC="1.00" CC="00"/>
						<HYP HPOS="3302" VPOS="2903" WIDTH="29" CONTENT="-"/>
					</TextLine>
					<TextLine ID="P2_TL00087" HPOS="1798" VPOS="2982" WIDTH="1534" HEIGHT="65">
						<String ID="P2_ST00700" HPOS="1798" VPOS="2983" WIDTH="113" HEIGHT="47" CONTENT="lüste" SUBS_TYPE="HypPart2" SUBS_CONTENT="Gelüste" WC="0.99" CC="00250"/>
						<SP ID="P2_SP00612" HPOS="1911" VPOS="3030" WIDTH="29"/>
						<String ID="P2_ST00701" HPOS="1940" VPOS="2983" WIDTH="221" HEIGHT="55" CONTENT="wetzend," WC="0.99" CC="00650600"/>
						<SP ID="P2_SP00613" HPOS="2161" VPOS="3038" WIDTH="32"/>
						<String ID="P2_ST00702" HPOS="2193" VPOS="2983" WIDTH="177" HEIGHT="48" CONTENT="endlich" WC="0.98" CC="0606046"/>
						<SP ID="P2_SP00614" HPOS="2370" VPOS="3038" WIDTH="33"/>
						<String ID="P2_ST00703" HPOS="2403" VPOS="3000" WIDTH="74" HEIGHT="30" CONTENT="um" WC="0.97" CC="00"/>
						<SP ID="P2_SP00615" HPOS="2477" VPOS="3038" WIDTH="32"/>
						<String ID="P2_ST00704" HPOS="2509" VPOS="2982" WIDTH="71" HEIGHT="48" CONTENT="die" WC="1.00" CC="000"/>
						<SP ID="P2_SP00616" HPOS="2580" VPOS="3038" WIDTH="30"/>
						<String ID="P2_ST00705" HPOS="2610" VPOS="2983" WIDTH="177" HEIGHT="64" CONTENT="ewigen" WC="0.98" CC="000906"/>
						<SP ID="P2_SP00617" HPOS="2787" VPOS="3047" WIDTH="33"/>
						<String ID="P2_ST00706" HPOS="2820" VPOS="2982" WIDTH="91" HEIGHT="47" CONTENT="und" WC="1.00" CC="000"/>
						<SP ID="P2_SP00618" HPOS="2911" VPOS="3047" WIDTH="30"/>
						<String ID="P2_ST00707" HPOS="2941" VPOS="2982" WIDTH="234" HEIGHT="47" CONTENT="zeitlichen" WC="0.99" CC="5006410401"/>
						<SP ID="P2_SP00619" HPOS="3175" VPOS="3047" WIDTH="28"/>
						<String ID="P2_ST00708" HPOS="3203" VPOS="2982" WIDTH="104" HEIGHT="47" CONTENT="Prin" SUBS_TYPE="HypPart1" SUBS_CONTENT="Principien" WC="0.98" CC="0000"/>
						<HYP HPOS="3307" VPOS="2982" WIDTH="25" CONTENT="-"/>
					</TextLine>
					<TextLine ID="P2_TL00088" HPOS="1797" VPOS="3057" WIDTH="1535" HEIGHT="67">
						<String ID="P2_ST00709" HPOS="1797" VPOS="3059" WIDTH="143" HEIGHT="65" CONTENT="cipien" SUBS_TYPE="HypPart2" SUBS_CONTENT="Principien" WC="0.88" CC="010005"/>
						<SP ID="P2_SP00620" HPOS="1940" VPOS="3124" WIDTH="32"/>
						<String ID="P2_ST00710" HPOS="1972" VPOS="3059" WIDTH="81" HEIGHT="49" CONTENT="der" WC="0.98" CC="003"/>
						<SP ID="P2_SP00621" HPOS="2053" VPOS="3124" WIDTH="30"/>
						<String ID="P2_ST00711" HPOS="2083" VPOS="3061" WIDTH="152" HEIGHT="48" CONTENT="Kunst" WC="0.97" CC="52254"/>
						<SP ID="P2_SP00622" HPOS="2235" VPOS="3124" WIDTH="28"/>
						<String ID="P2_ST00712" HPOS="2263" VPOS="3061" WIDTH="211" HEIGHT="47" CONTENT="ernstlich" WC="0.99" CC="056560005"/>
						<SP ID="P2_SP00623" HPOS="2474" VPOS="3124" WIDTH="40"/>
						<String ID="P2_ST00713" HPOS="2514" VPOS="3061" WIDTH="226" HEIGHT="55" CONTENT="entzweit," WC="1.00" CC="330400000"/>
						<SP ID="P2_SP00624" HPOS="2740" VPOS="3124" WIDTH="44"/>
						<String ID="P2_ST00714" HPOS="2784" VPOS="3061" WIDTH="63" HEIGHT="47" CONTENT="als" WC="0.98" CC="400"/>
						<SP ID="P2_SP00625" HPOS="2847" VPOS="3124" WIDTH="46"/>
						<String ID="P2_ST00715" HPOS="2893" VPOS="3076" WIDTH="105" HEIGHT="32" CONTENT="man" WC="1.00" CC="000"/>
						<SP ID="P2_SP00626" HPOS="2998" VPOS="3124" WIDTH="45"/>
						<String ID="P2_ST00716" HPOS="3043" VPOS="3058" WIDTH="174" HEIGHT="65" CONTENT="anfing," WC="0.99" CC="2600502"/>
						<SP ID="P2_SP00627" HPOS="3217" VPOS="3124" WIDTH="43"/>
						<String ID="P2_ST00717" HPOS="3260" VPOS="3057" WIDTH="72" HEIGHT="49" CONTENT="die" WC="1.00" CC="000"/>
					</TextLine>
					<TextLine ID="P2_TL00089" HPOS="1797" VPOS="3135" WIDTH="1535" HEIGHT="59">
						<String ID="P2_ST00718" HPOS="1797" VPOS="3138" WIDTH="249" HEIGHT="48" CONTENT="Schönheit" WC="0.99" CC="006064104"/>
						<SP ID="P2_SP00628" HPOS="2046" VPOS="3186" WIDTH="29"/>
						<String ID="P2_ST00719" HPOS="2075" VPOS="3139" WIDTH="114" HEIGHT="47" CONTENT="nach" WC="1.00" CC="0000"/>
						<SP ID="P2_SP00629" HPOS="2189" VPOS="3186" WIDTH="29"/>
						<String ID="P2_ST00720" HPOS="2218" VPOS="3138" WIDTH="326" HEIGHT="48" CONTENT="Jahreszahlen" WC="1.00" CC="000005530008"/>
						<SP ID="P2_SP00630" HPOS="2544" VPOS="3186" WIDTH="31"/>
						<String ID="P2_ST00721" HPOS="2575" VPOS="3155" WIDTH="51" HEIGHT="30" CONTENT="zu" WC="0.47" CC="73"/>
						<SP ID="P2_SP00631" HPOS="2626" VPOS="3186" WIDTH="33"/>
						<String ID="P2_ST00722" HPOS="2659" VPOS="3153" WIDTH="193" HEIGHT="41" CONTENT="messen," WC="1.00" CC="0051000"/>
						<SP ID="P2_SP00632" HPOS="2852" VPOS="3194" WIDTH="32"/>
						<String ID="P2_ST00723" HPOS="2884" VPOS="3137" WIDTH="91" HEIGHT="48" CONTENT="und" WC="0.98" CC="400"/>
						<SP ID="P2_SP00633" HPOS="2975" VPOS="3194" WIDTH="38"/>
						<String ID="P2_ST00724" HPOS="3013" VPOS="3135" WIDTH="80" HEIGHT="50" CONTENT="das" WC="0.97" CC="700"/>
						<SP ID="P2_SP00634" HPOS="3093" VPOS="3194" WIDTH="32"/>
						<String ID="P2_ST00725" HPOS="3125" VPOS="3138" WIDTH="78" HEIGHT="47" CONTENT="Alt" WC="0.97" CC="205"/>
						<SP ID="P2_SP00635" HPOS="3203" VPOS="3194" WIDTH="38"/>
						<String ID="P2_ST00726" HPOS="3241" VPOS="3135" WIDTH="91" HEIGHT="49" CONTENT="und" WC="0.96" CC="550"/>
					</TextLine>
					<TextLine ID="P2_TL00090" HPOS="1797" VPOS="3215" WIDTH="1535" HEIGHT="65">
						<String ID="P2_ST00727" HPOS="1797" VPOS="3217" WIDTH="118" HEIGHT="56" CONTENT="Neu," WC="1.00" CC="0010"/>
						<SP ID="P2_SP00636" HPOS="1915" VPOS="3273" WIDTH="29"/>
						<String ID="P2_ST00728" HPOS="1944" VPOS="3215" WIDTH="111" HEIGHT="49" CONTENT="oder" WC="1.00" CC="2000"/>
						<SP ID="P2_SP00637" HPOS="2055" VPOS="3273" WIDTH="29"/>
						<String ID="P2_ST00729" HPOS="2084" VPOS="3218" WIDTH="317" HEIGHT="62" CONTENT="zeitgemässer" WC="0.72" CC="600490003701"/>
						<SP ID="P2_SP00638" HPOS="2401" VPOS="3280" WIDTH="29"/>
						<String ID="P2_ST00730" HPOS="2430" VPOS="3224" WIDTH="183" HEIGHT="56" CONTENT="gesagt:" WC="0.98" CC="9024960"/>
						<SP ID="P2_SP00639" HPOS="2613" VPOS="3280" WIDTH="31"/>
						<String ID="P2_ST00731" HPOS="2644" VPOS="3215" WIDTH="217" HEIGHT="65" CONTENT="Zopfzeit," WC="1.00" CC="000070000"/>
						<SP ID="P2_SP00640" HPOS="2861" VPOS="3280" WIDTH="28"/>
						<String ID="P2_ST00732" HPOS="2889" VPOS="3215" WIDTH="190" HEIGHT="49" CONTENT="Neuzeit" WC="1.00" CC="0006000"/>
						<SP ID="P2_SP00641" HPOS="3079" VPOS="3280" WIDTH="124"/>
						<String ID="P2_ST00733" HPOS="3203" VPOS="3215" WIDTH="104" HEIGHT="47" CONTENT="Fort" SUBS_TYPE="HypPart1" SUBS_CONTENT=" Fortschritt," WC="0.98" CC="6040"/>
						<HYP HPOS="3307" VPOS="3215" WIDTH="25" CONTENT="-"/>
					</TextLine>
					<TextLine ID="P2_TL00091" HPOS="1797" VPOS="3293" WIDTH="1536" HEIGHT="65">
						<String ID="P2_ST00734" HPOS="1797" VPOS="3294" WIDTH="174" HEIGHT="56" CONTENT="schritt," SUBS_TYPE="HypPart2" SUBS_CONTENT=" Fortschritt," WC="0.99" CC="10031650"/>
						<SP ID="P2_SP00642" HPOS="1971" VPOS="3350" WIDTH="35"/>
						<String ID="P2_ST00735" HPOS="2006" VPOS="3294" WIDTH="205" HEIGHT="48" CONTENT="Zukunft" WC="0.99" CC="0400600"/>
						<SP ID="P2_SP00643" HPOS="2211" VPOS="3350" WIDTH="43"/>
						<String ID="P2_ST00736" HPOS="2254" VPOS="3293" WIDTH="93" HEIGHT="48" CONTENT="und" WC="0.98" CC="004"/>
						<SP ID="P2_SP00644" HPOS="2347" VPOS="3350" WIDTH="43"/>
						<String ID="P2_ST00737" HPOS="2390" VPOS="3293" WIDTH="291" HEIGHT="65" CONTENT="dergleichen" WC="1.00" CC="00074000003"/>
						<SP ID="P2_SP00645" HPOS="2681" VPOS="3358" WIDTH="122"/>
						<String ID="P2_ST00738" HPOS="2803" VPOS="3293" WIDTH="71" HEIGHT="48" CONTENT="die" WC="1.00" CC="000"/>
						<SP ID="P2_SP00646" HPOS="2874" VPOS="3358" WIDTH="30"/>
						<String ID="P2_ST00739" HPOS="2904" VPOS="3293" WIDTH="150" HEIGHT="65" CONTENT="Köpfe" WC="0.99" CC="70000"/>
						<SP ID="P2_SP00647" HPOS="3054" VPOS="3358" WIDTH="43"/>
						<String ID="P2_ST00740" HPOS="3097" VPOS="3293" WIDTH="236" HEIGHT="47" CONTENT="erhitzten." WC="0.99" CC="0060650054"/>
					</TextLine>
					<TextLine ID="P2_TL00092" HPOS="1797" VPOS="3370" WIDTH="1535" HEIGHT="65">
						<String ID="P2_ST00741" HPOS="1797" VPOS="3372" WIDTH="103" HEIGHT="48" CONTENT="Und" WC="0.98" CC="240"/>
						<SP ID="P2_SP00648" HPOS="1900" VPOS="3420" WIDTH="52"/>
						<String ID="P2_ST00742" HPOS="1952" VPOS="3372" WIDTH="250" HEIGHT="48" CONTENT="wiederum" WC="1.00" CC="00000500"/>
						<SP ID="P2_SP00649" HPOS="2202" VPOS="3420" WIDTH="52"/>
						<String ID="P2_ST00743" HPOS="2254" VPOS="3372" WIDTH="164" HEIGHT="48" CONTENT="kamen" WC="0.99" CC="00005"/>
						<SP ID="P2_SP00650" HPOS="2418" VPOS="3420" WIDTH="52"/>
						<String ID="P2_ST00744" HPOS="2470" VPOS="3372" WIDTH="72" HEIGHT="47" CONTENT="die" WC="1.00" CC="000"/>
						<SP ID="P2_SP00651" HPOS="2542" VPOS="3420" WIDTH="37"/>
						<String ID="P2_ST00745" HPOS="2579" VPOS="3372" WIDTH="283" HEIGHT="63" CONTENT="Gegensätze" WC="0.99" CC="0190170450"/>
						<SP ID="P2_SP00652" HPOS="2862" VPOS="3435" WIDTH="40"/>
						<String ID="P2_ST00746" HPOS="2902" VPOS="3370" WIDTH="67" HEIGHT="49" CONTENT="ins" WC="0.99" CC="020"/>
						<SP ID="P2_SP00653" HPOS="2969" VPOS="3435" WIDTH="42"/>
						<String ID="P2_ST00747" HPOS="3011" VPOS="3370" WIDTH="321" HEIGHT="65" CONTENT="Radschlagen" WC="0.99" CC="20000500906"/>
					</TextLine>
					<TextLine ID="P2_TL00093" HPOS="1799" VPOS="3448" WIDTH="1540" HEIGHT="65">
						<String ID="P2_ST00748" HPOS="1799" VPOS="3449" WIDTH="112" HEIGHT="47" CONTENT="nach" WC="0.98" CC="3304"/>
						<SP ID="P2_SP00654" HPOS="1911" VPOS="3496" WIDTH="32"/>
						<String ID="P2_ST00749" HPOS="1943" VPOS="3448" WIDTH="81" HEIGHT="48" CONTENT="der" WC="0.98" CC="005"/>
						<SP ID="P2_SP00655" HPOS="2024" VPOS="3496" WIDTH="37"/>
						<String ID="P2_ST00750" HPOS="2061" VPOS="3449" WIDTH="328" HEIGHT="48" CONTENT="dialektischen" WC="1.00" CC="0030001000201"/>
						<SP ID="P2_SP00656" HPOS="2389" VPOS="3497" WIDTH="30"/>
						<String ID="P2_ST00751" HPOS="2419" VPOS="3449" WIDTH="161" HEIGHT="64" CONTENT="Regel," WC="1.00" CC="010000"/>
						<SP ID="P2_SP00657" HPOS="2580" VPOS="3513" WIDTH="40"/>
						<String ID="P2_ST00752" HPOS="2620" VPOS="3448" WIDTH="153" HEIGHT="48" CONTENT="indem" WC="1.00" CC="03000"/>
						<SP ID="P2_SP00658" HPOS="2773" VPOS="3513" WIDTH="41"/>
						<String ID="P2_ST00753" HPOS="2814" VPOS="3448" WIDTH="137" HEIGHT="48" CONTENT="heute" WC="0.99" CC="00600"/>
						<SP ID="P2_SP00659" HPOS="2951" VPOS="3513" WIDTH="40"/>
						<String ID="P2_ST00754" HPOS="2991" VPOS="3448" WIDTH="69" HEIGHT="47" CONTENT="ich" WC="1.00" CC="000"/>
						<SP ID="P2_SP00660" HPOS="3060" VPOS="3513" WIDTH="42"/>
						<String ID="P2_ST00755" HPOS="3102" VPOS="3448" WIDTH="82" HEIGHT="48" CONTENT="der" WC="0.98" CC="004"/>
						<SP ID="P2_SP00661" HPOS="3184" VPOS="3513" WIDTH="35"/>
						<String ID="P2_ST00756" HPOS="3219" VPOS="3448" WIDTH="120" HEIGHT="65" CONTENT="Zopf" WC="1.00" CC="0000"/>
					</TextLine>
					<TextLine ID="P2_TL00094" HPOS="1798" VPOS="3527" WIDTH="1535" HEIGHT="64">
						<String ID="P2_ST00757" HPOS="1798" VPOS="3528" WIDTH="93" HEIGHT="47" CONTENT="sein" WC="1.00" CC="0000"/>
						<SP ID="P2_SP00662" HPOS="1891" VPOS="3575" WIDTH="30"/>
						<String ID="P2_ST00758" HPOS="1921" VPOS="3528" WIDTH="128" HEIGHT="48" CONTENT="sollte" WC="1.00" CC="400000"/>
						<SP ID="P2_SP00663" HPOS="2049" VPOS="3576" WIDTH="31"/>
						<String ID="P2_ST00759" HPOS="2080" VPOS="3527" WIDTH="93" HEIGHT="49" CONTENT="und" WC="1.00" CC="000"/>
						<SP ID="P2_SP00664" HPOS="2173" VPOS="3576" WIDTH="31"/>
						<String ID="P2_ST00760" HPOS="2204" VPOS="3544" WIDTH="191" HEIGHT="47" CONTENT="morgen" WC="0.99" CC="030005"/>
						<SP ID="P2_SP00665" HPOS="2395" VPOS="3591" WIDTH="33"/>
						<String ID="P2_ST00761" HPOS="2428" VPOS="3528" WIDTH="90" HEIGHT="48" CONTENT="Du." WC="0.96" CC="521"/>
						<SP ID="P2_SP00666" HPOS="2518" VPOS="3591" WIDTH="52"/>
						<String ID="P2_ST00762" HPOS="2570" VPOS="3528" WIDTH="93" HEIGHT="47" CONTENT="Das" WC="0.98" CC="040"/>
						<SP ID="P2_SP00667" HPOS="2663" VPOS="3591" WIDTH="32"/>
						<String ID="P2_ST00763" HPOS="2695" VPOS="3527" WIDTH="104" HEIGHT="48" CONTENT="fand" WC="0.98" CC="0360"/>
						<SP ID="P2_SP00668" HPOS="2799" VPOS="3591" WIDTH="29"/>
						<String ID="P2_ST00764" HPOS="2828" VPOS="3527" WIDTH="91" HEIGHT="48" CONTENT="sich" WC="0.98" CC="0007"/>
						<SP ID="P2_SP00669" HPOS="2919" VPOS="3591" WIDTH="33"/>
						<String ID="P2_ST00765" HPOS="2952" VPOS="3527" WIDTH="277" HEIGHT="48" CONTENT="namentlich" WC="0.99" CC="5440602000"/>
						<SP ID="P2_SP00670" HPOS="3229" VPOS="3591" WIDTH="32"/>
						<String ID="P2_ST00766" HPOS="3261" VPOS="3527" WIDTH="72" HEIGHT="48" CONTENT="bei" WC="0.97" CC="700"/>
					</TextLine>
					<TextLine ID="P2_TL00095" HPOS="1798" VPOS="3603" WIDTH="1534" HEIGHT="67">
						<String ID="P2_ST00767" HPOS="1798" VPOS="3605" WIDTH="269" HEIGHT="64" CONTENT="Erwägung" WC="1.00" CC="00000060"/>
						<SP ID="P2_SP00671" HPOS="2067" VPOS="3669" WIDTH="42"/>
						<String ID="P2_ST00768" HPOS="2109" VPOS="3604" WIDTH="304" HEIGHT="48" CONTENT="Schumann's" WC="0.71" CC="1041406602"/>
						<SP ID="P2_SP00672" HPOS="2413" VPOS="3669" WIDTH="120"/>
						<String ID="P2_ST00769" HPOS="2533" VPOS="3604" WIDTH="85" HEIGHT="48" CONTENT="ehe" WC="0.97" CC="060"/>
						<SP ID="P2_SP00673" HPOS="2618" VPOS="3669" WIDTH="39"/>
						<String ID="P2_ST00770" HPOS="2657" VPOS="3603" WIDTH="72" HEIGHT="48" CONTENT="die" WC="0.97" CC="800"/>
						<SP ID="P2_SP00674" HPOS="2729" VPOS="3669" WIDTH="41"/>
						<String ID="P2_ST00771" HPOS="2770" VPOS="3604" WIDTH="449" HEIGHT="66" CONTENT='„Wagner-Frage"' WC="1.00" CC="40500010005004"/>
						<SP ID="P2_SP00675" HPOS="3219" VPOS="3670" WIDTH="42"/>
						<String ID="P2_ST00772" HPOS="3261" VPOS="3621" WIDTH="48" HEIGHT="31" CONTENT="er" SUBS_TYPE="HypPart1" SUBS_CONTENT="erfunden" WC="0.98" CC="00"/>
						<HYP HPOS="3309" VPOS="3621" WIDTH="23" CONTENT="-"/>
					</TextLine>
					<TextLine ID="P2_TL00096" HPOS="1801" VPOS="3682" WIDTH="1532" HEIGHT="66">
						<String ID="P2_ST00773" HPOS="1801" VPOS="3683" WIDTH="167" HEIGHT="48" CONTENT="funden" SUBS_TYPE="HypPart2" SUBS_CONTENT="erfunden" WC="0.99" CC="041001"/>
						<SP ID="P2_SP00676" HPOS="1968" VPOS="3731" WIDTH="37"/>
						<String ID="P2_ST00774" HPOS="2005" VPOS="3699" WIDTH="98" HEIGHT="32" CONTENT="war" WC="0.95" CC="902"/>
						<SP ID="P2_SP00677" HPOS="2103" VPOS="3731" WIDTH="47"/>
						<String ID="P2_ST00775" HPOS="2150" VPOS="3683" WIDTH="91" HEIGHT="48" CONTENT="und" WC="0.98" CC="060"/>
						<SP ID="P2_SP00678" HPOS="2241" VPOS="3731" WIDTH="41"/>
						<String ID="P2_ST00776" HPOS="2282" VPOS="3683" WIDTH="237" HEIGHT="63" CONTENT="Napoleon" WC="0.99" CC="05006050"/>
						<SP ID="P2_SP00679" HPOS="2519" VPOS="3746" WIDTH="41"/>
						<String ID="P2_ST00777" HPOS="2560" VPOS="3682" WIDTH="72" HEIGHT="49" CONTENT="die" WC="1.00" CC="000"/>
						<SP ID="P2_SP00680" HPOS="2632" VPOS="3746" WIDTH="39"/>
						<String ID="P2_ST00778" HPOS="2671" VPOS="3683" WIDTH="217" HEIGHT="48" CONTENT="deutsche" WC="0.99" CC="00640000"/>
						<SP ID="P2_SP00681" HPOS="2888" VPOS="3746" WIDTH="42"/>
						<String ID="P2_ST00779" HPOS="2930" VPOS="3684" WIDTH="149" HEIGHT="64" CONTENT="Frage" WC="0.97" CC="22590"/>
						<SP ID="P2_SP00682" HPOS="3079" VPOS="3748" WIDTH="46"/>
						<String ID="P2_ST00780" HPOS="3125" VPOS="3683" WIDTH="208" HEIGHT="49" CONTENT="studirte." WC="0.95" CC="000001002"/>
					</TextLine>
					<TextLine ID="P2_TL00097" HPOS="1803" VPOS="3760" WIDTH="1533" HEIGHT="65">
						<String ID="P2_ST00781" HPOS="1803" VPOS="3760" WIDTH="155" HEIGHT="49" CONTENT="Wenn" WC="0.98" CC="0065"/>
						<SP ID="P2_SP00683" HPOS="1958" VPOS="3809" WIDTH="29"/>
						<String ID="P2_ST00782" HPOS="1987" VPOS="3760" WIDTH="70" HEIGHT="49" CONTENT="ich" WC="1.00" CC="001"/>
						<SP ID="P2_SP00684" HPOS="2057" VPOS="3809" WIDTH="33"/>
						<String ID="P2_ST00783" HPOS="2090" VPOS="3768" WIDTH="133" HEIGHT="41" CONTENT="unter" WC="0.98" CC="06501"/>
						<SP ID="P2_SP00685" HPOS="2223" VPOS="3809" WIDTH="28"/>
						<String ID="P2_ST00784" HPOS="2251" VPOS="3760" WIDTH="304" HEIGHT="49" CONTENT="Schumann's" WC="0.58" CC="4225754520"/>
						<SP ID="P2_SP00686" HPOS="2555" VPOS="3809" WIDTH="32"/>
						<String ID="P2_ST00785" HPOS="2587" VPOS="3762" WIDTH="54" HEIGHT="47" CONTENT="W" WC="1.00" CC="9"/>
						<String ID="P2_ST00786" HPOS="2642" VPOS="3760" WIDTH="11" HEIGHT="14" CONTENT="T" STYLE="superscript" WC="0.24" CC="7"/>
						<String ID="P2_ST00787" HPOS="2658" VPOS="3760" WIDTH="138" HEIGHT="49" CONTENT="erken" WC="0.81" CC="03005"/>
						<SP ID="P2_SP00687" HPOS="2796" VPOS="3809" WIDTH="32"/>
						<String ID="P2_ST00788" HPOS="2828" VPOS="3760" WIDTH="70" HEIGHT="49" CONTENT="die" WC="1.00" CC="000"/>
						<SP ID="P2_SP00688" HPOS="2898" VPOS="3809" WIDTH="42"/>
						<String ID="P2_ST00789" HPOS="2940" VPOS="3762" WIDTH="171" HEIGHT="48" CONTENT="älteren" WC="0.99" CC="0510004"/>
						<SP ID="P2_SP00689" HPOS="3111" VPOS="3810" WIDTH="41"/>
						<String ID="P2_ST00790" HPOS="3152" VPOS="3778" WIDTH="184" HEIGHT="47" CONTENT="vorzog," WC="0.97" CC="9354093"/>
					</TextLine>
					<TextLine ID="P2_TL00098" HPOS="1803" VPOS="3838" WIDTH="1533" HEIGHT="67">
						<String ID="P2_ST00791" HPOS="1803" VPOS="3838" WIDTH="116" HEIGHT="65" CONTENT="flugs" WC="0.97" CC="44580"/>
						<SP ID="P2_SP00690" HPOS="1919" VPOS="3903" WIDTH="28"/>
						<String ID="P2_ST00792" HPOS="1947" VPOS="3839" WIDTH="204" HEIGHT="48" CONTENT="standest" WC="1.00" CC="40400000"/>
						<SP ID="P2_SP00691" HPOS="2151" VPOS="3903" WIDTH="31"/>
						<String ID="P2_ST00793" HPOS="2182" VPOS="3840" WIDTH="73" HEIGHT="46" CONTENT="Du" WC="1.00" CC="00"/>
						<SP ID="P2_SP00692" HPOS="2255" VPOS="3903" WIDTH="31"/>
						<String ID="P2_ST00794" HPOS="2286" VPOS="3840" WIDTH="81" HEIGHT="47" CONTENT="auf" WC="0.95" CC="660"/>
						<SP ID="P2_SP00693" HPOS="2367" VPOS="3903" WIDTH="24"/>
						<String ID="P2_ST00795" HPOS="2391" VPOS="3839" WIDTH="153" HEIGHT="48" CONTENT="Seiten" WC="0.99" CC="400500"/>
						<SP ID="P2_SP00694" HPOS="2544" VPOS="3903" WIDTH="38"/>
						<String ID="P2_ST00796" HPOS="2582" VPOS="3838" WIDTH="81" HEIGHT="48" CONTENT="der" WC="0.95" CC="805"/>
						<SP ID="P2_SP00695" HPOS="2663" VPOS="3903" WIDTH="23"/>
						<String ID="P2_ST00797" HPOS="2686" VPOS="3839" WIDTH="252" HEIGHT="66" CONTENT="jüngeren;" WC="0.99" CC="080953000"/>
						<SP ID="P2_SP00696" HPOS="2938" VPOS="3905" WIDTH="46"/>
						<String ID="P2_ST00798" HPOS="2984" VPOS="3840" WIDTH="109" HEIGHT="49" CONTENT="kurz" WC="0.98" CC="0504"/>
						<SP ID="P2_SP00697" HPOS="3093" VPOS="3905" WIDTH="39"/>
						<String ID="P2_ST00799" HPOS="3132" VPOS="3839" WIDTH="204" HEIGHT="50" CONTENT="nachher" WC="1.00" CC="0000500"/>
					</TextLine>
					<TextLine ID="P2_TL00099" HPOS="1801" VPOS="3915" WIDTH="1536" HEIGHT="69">
						<String ID="P2_ST00800" HPOS="1801" VPOS="3918" WIDTH="195" HEIGHT="47" CONTENT="wolltest" WC="0.99" CC="23036000"/>
						<SP ID="P2_SP00698" HPOS="1996" VPOS="3965" WIDTH="31"/>
						<String ID="P2_ST00801" HPOS="2027" VPOS="3918" WIDTH="73" HEIGHT="46" CONTENT="Du" WC="0.82" CC="30"/>
						<SP ID="P2_SP00699" HPOS="2100" VPOS="3965" WIDTH="32"/>
						<String ID="P2_ST00802" HPOS="2132" VPOS="3915" WIDTH="359" HEIGHT="50" CONTENT="Mendelssohn's" WC="0.84" CC="0000026007400"/>
						<SP ID="P2_SP00700" HPOS="2491" VPOS="3965" WIDTH="28"/>
						<String ID="P2_ST00803" HPOS="2519" VPOS="3917" WIDTH="249" HEIGHT="49" CONTENT="Oratorien" WC="0.99" CC="505503000"/>
						<SP ID="P2_SP00701" HPOS="2768" VPOS="3966" WIDTH="40"/>
						<String ID="P2_ST00804" HPOS="2808" VPOS="3918" WIDTH="130" HEIGHT="48" CONTENT="einen" WC="1.00" CC="00000"/>
						<SP ID="P2_SP00702" HPOS="2938" VPOS="3966" WIDTH="31"/>
						<String ID="P2_ST00805" HPOS="2969" VPOS="3917" WIDTH="236" HEIGHT="49" CONTENT="alternden" WC="0.99" CC="260040000"/>
						<SP ID="P2_SP00703" HPOS="3205" VPOS="3966" WIDTH="29"/>
						<String ID="P2_ST00806" HPOS="3234" VPOS="3919" WIDTH="103" HEIGHT="65" CONTENT="Zug" WC="0.96" CC="019"/>
					</TextLine>
					<TextLine ID="P2_TL00100" HPOS="1802" VPOS="3994" WIDTH="1533" HEIGHT="67">
						<String ID="P2_ST00807" HPOS="1802" VPOS="3994" WIDTH="278" HEIGHT="56" CONTENT="abmerken;" WC="1.00" CC="040050011"/>
						<SP ID="P2_SP00704" HPOS="2080" VPOS="4050" WIDTH="50"/>
						<String ID="P2_ST00808" HPOS="2130" VPOS="4003" WIDTH="334" HEIGHT="58" CONTENT="consequenter" WC="0.83" CC="035104003001"/>
						<SP ID="P2_SP00705" HPOS="2464" VPOS="4061" WIDTH="44"/>
						<String ID="P2_ST00809" HPOS="2508" VPOS="3995" WIDTH="159" HEIGHT="49" CONTENT="Weise" WC="0.99" CC="00340"/>
						<SP ID="P2_SP00706" HPOS="2667" VPOS="4061" WIDTH="43"/>
						<String ID="P2_ST00810" HPOS="2710" VPOS="3997" WIDTH="259" HEIGHT="48" CONTENT="schmissest" WC="0.99" CC="1045204005"/>
						<SP ID="P2_SP00707" HPOS="2969" VPOS="4061" WIDTH="37"/>
						<String ID="P2_ST00811" HPOS="3006" VPOS="3998" WIDTH="75" HEIGHT="47" CONTENT="Du" WC="0.66" CC="60"/>
						<SP ID="P2_SP00708" HPOS="3081" VPOS="4061" WIDTH="44"/>
						<String ID="P2_ST00812" HPOS="3125" VPOS="3995" WIDTH="87" HEIGHT="50" CONTENT="den" WC="1.00" CC="000"/>
						<SP ID="P2_SP00709" HPOS="3212" VPOS="4061" WIDTH="44"/>
						<String ID="P2_ST00813" HPOS="3256" VPOS="4014" WIDTH="53" HEIGHT="47" CONTENT="ge" SUBS_TYPE="HypPart1" SUBS_CONTENT="gesammten" WC="0.93" CC="00"/>
						<HYP HPOS="3309" VPOS="4014" WIDTH="26" CONTENT="-"/>
					</TextLine>
					<TextLine ID="P2_TL00101" HPOS="1801" VPOS="4073" WIDTH="1534" HEIGHT="58">
						<String ID="P2_ST00814" HPOS="1801" VPOS="4080" WIDTH="223" HEIGHT="41" CONTENT="sammten" SUBS_TYPE="HypPart2" SUBS_CONTENT="gesammten" WC="0.70" CC="0064503"/>
						<SP ID="P2_SP00710" HPOS="2024" VPOS="4121" WIDTH="15"/>
						<String ID="P2_ST00815" HPOS="2039" VPOS="4073" WIDTH="309" HEIGHT="58" CONTENT="Nachwuchs," WC="1.00" CC="1003010500"/>
						<SP ID="P2_SP00711" HPOS="2348" VPOS="4131" WIDTH="24"/>
						<String ID="P2_ST00816" HPOS="2372" VPOS="4073" WIDTH="194" HEIGHT="49" CONTENT="nämlich" WC="0.99" CC="3700000"/>
						<SP ID="P2_SP00712" HPOS="2566" VPOS="4131" WIDTH="26"/>
						<String ID="P2_ST00817" HPOS="2592" VPOS="4074" WIDTH="71" HEIGHT="48" CONTENT="die" WC="1.00" CC="000"/>
						<SP ID="P2_SP00713" HPOS="2663" VPOS="4131" WIDTH="24"/>
						<String ID="P2_ST00818" HPOS="2687" VPOS="4074" WIDTH="179" HEIGHT="50" CONTENT="kleinen" WC="1.00" CC="0000000"/>
						<SP ID="P2_SP00714" HPOS="2866" VPOS="4131" WIDTH="26"/>
						<String ID="P2_ST00819" HPOS="2892" VPOS="4074" WIDTH="443" HEIGHT="50" CONTENT="Mendelssöhnchen" WC="0.89" CC="000005000300600"/>
					</TextLine>
				</TextBlock>
			</PrintSpace>
		</Page>
	</Layout>
</alto>
