3492 4366
1732 213 69 49 40

201 354 162 46 Sphäre;
412 350 220 44 hoheitvoll,
661 349 328 36 hochdramatisch
1033 350 77 34 und
1152 362 73 23 von
1254 352 75 33 fast
1356 348 362 47 überwältigendem

196 412 204 35 Ausdruck
423 423 72 24 war
515 413 63 33 das
598 410 115 46 Spiel,
744 410 163 35 welches
936 411 70 33 den
1028 411 226 34 wirksamen
1277 411 155 45 Gesang
1455 410 264 34 unterstützte.

197 473 84 33 Wir
306 473 167 34 besitzen
500 472 37 33 in
567 471 99 32 Frau
688 468 284 47 Palm-Spatzer
995 470 83 33 eine
1099 470 185 45 Sängerin
1315 481 76 23 von
1420 467 299 36 künstlerischer

193 531 236 44 Bedeutung,
473 529 58 34 die
570 538 154 24 unserer
761 527 134 34 Bühne
934 528 202 45 jahrelang
1174 528 145 46 gefehlt
1359 529 76 44 hat,
1480 526 78 35 und
1602 536 39 23 es
1670 526 49 33 ist

196 590 60 35 ein
285 589 212 36 schlechtes
512 587 185 45 Zeugniss
717 587 59 33 für
796 586 68 34 den
894 587 223 46 gerühmten
1139 587 182 47 leipziger
1345 584 370 49 Kunstgeschmack,

196 649 85 35 dass
309 649 100 34 diese
438 646 223 36 Künstlerin
699 657 135 23 unsere
863 647 134 34 Bühne
1026 647 138 35 wieder
1190 647 192 35 verlassen
1414 646 92 47 will,
1537 645 84 34 weil
1649 646 67 44 sie,

193 708 147 35 freilich
369 708 106 34 nicht
501 707 107 34 mehr
635 708 38 32 in
704 707 64 33 der
796 707 288 45 Jugendblüthe
1113 707 168 44 stehend,
1319 707 174 34 desshalb
1522 706 106 34 nicht
1656 705 60 35 die

196 767 247 35 Theilnahme
473 767 129 45 findet,
646 778 46 22 an
722 766 144 35 welche
893 769 54 32 sie
975 768 178 45 gewöhnt
1202 768 49 33 ist
1291 769 76 33 und
1409 768 59 34 die
1510 767 82 35 hier
1626 766 89 45 jede

195 828 182 46 Sängerin
406 828 130 43 findet,
581 839 109 23 wenn
733 827 54 34 sie
828 839 72 22 nur
944 828 82 34 eine
1067 828 141 34 frische
1238 828 156 35 Stimme
1424 828 64 35 hat
1515 827 78 34 und
1614 828 101 44 jung

191 887 78 34 und
297 886 144 35 hübsch
471 888 59 44 ist,
574 896 85 35 mag
701 886 53 33 sie
795 884 256 36 künstlerisch
1091 886 97 35 noch
1233 898 40 23 so
1316 886 267 35 unbedeutend
1618 887 95 33 sein.

193 947 82 32 Wir
301 945 169 34 könnten
499 945 174 34 hierüber
702 946 60 32 ein
790 956 141 34 ganzes
962 945 147 46 Capitel
1138 947 213 45 schreiben,
1381 946 230 35 bescheiden
1640 957 73 23 uns

185 1004 140 44 jedoch
354 1006 67 31 mit
448 1005 64 33 der
539 1003 257 46 Bemerkung,
837 1004 87 35 dass
967 1004 59 35 die
1070 1004 185 47 leipziger
1294 1006 418 34 Kunst-Enthusiasten

191 1063 59 34 die
277 1064 158 33 Materie
463 1062 136 43 lieben,
630 1063 158 33 Materie
816 1074 64 22 um
904 1063 114 44 jeden
1042 1064 119 36 Preis.
1190 1065 94 33 Eine
1306 1065 121 45 junge
1455 1065 142 45 üppige
1620 1063 71 35 Sän-

188 1123 105 45 gerin
323 1122 93 34 wird
443 1123 91 33 über
562 1122 60 34 die
652 1121 221 35 erhabenste
902 1123 196 33 Meisterin
1134 1124 51 32 im
1228 1123 278 35 dramatischen
1538 1124 176 45 Gesänge

188 1182 71 34 den
287 1182 106 34 Preis
420 1183 185 44 erringen,
641 1182 76 33 und
746 1182 59 33 ein
835 1182 287 35 tenoristischer
1150 1182 218 36 Schreihals
1397 1183 94 35 wird
1517 1183 94 35 über
1641 1183 72 34 den

186 1242 252 46 gebildetsten
465 1240 182 35 Künstler
685 1240 80 35 voll
793 1240 97 35 Adel
929 1243 38 31 in
998 1242 161 46 Vortrag
1201 1242 74 34 und
1307 1243 104 45 Spiel
1447 1243 264 46 triumphiren,

186 1302 132 34 stände
359 1314 39 22 er
437 1302 97 34 auch
577 1302 210 45 stockartig
824 1303 68 33 auf
919 1303 64 33 der
1009 1303 148 45 Bühne,
1200 1315 110 23 wenn
1341 1315 39 23 er
1408 1305 65 33 ihn
1503 1315 72 22 nur
1602 1303 88 33 über-

186 1362 151 34 schreit.
1487 1364 39 34 J.
1557 1363 49 33 M.

293 1496 323 37 Frankfurt
645 1507 49 26 a.
725 1497 74 38 M#
842 1501 101 33 Frau
972 1500 436 48 Haase-Capitain,
1440 1502 143 35 welche
1613 1502 98 34 nach

184 1561 124 34 einem
337 1559 146 47 Cyklus
524 1560 197 46 günstiger
765 1559 214 47 Gastspiele
1025 1561 81 34 sich
1148 1561 308 46 augenblicklich
1484 1563 37 33 in
1553 1562 133 35 Heidel-

185 1620 92 46 berg
308 1620 159 43 aufhält,
499 1619 71 35 soll
598 1620 319 35 voraussichtlich
946 1621 138 34 wieder
1112 1622 81 33 hier
1221 1625 174 44 engagirt
1423 1624 165 34 werden.

285 1768 21 21 *
335 1767 319 45 Hamburg,
684 1765 34 36 2.
748 1767 179 36 Februar.
979 1770 73 33 Die
1082 1768 101 46 Oper
1494 1782 75 22 von
1600 1771 84 35 Gei-

179 1829 81 36 bel
286 1829 77 35 und
390 1829 107 33 Max
524 1827 161 34 Bruch
712 1827 64 34 hat
802 1825 83 48 (mit
913 1829 65 33 der
1004 1829 209 46 gestrigen)
1242 1831 137 34 sechs
1408 1831 299 45 Vorstellungen

179 1890 142 35 binnen
351 1887 115 35 zwölf
491 1888 130 45 Tagen
650 1886 81 35 hier
770 1886 118 35 erlebt
932 1887 87 46 (den
1050 1886 72 47 18.,
1152 1886 76 45 22.,
1259 1886 75 50 24.,
1365 1888 75 45 26.,
1470 1888 60 40 29.
1561 1891 149 34 Januar

180 1949 78 34 und
287 1949 69 33 den
388 1945 33 38 1.
448 1946 205 46 Februar);
701 1947 66 33 das
795 1947 106 35 Haus
932 1959 78 23 war
1037 1953 92 30 stets
1156 1947 139 47 gefüllt
1321 1950 78 33 und
1426 1951 62 33 bei
1517 1951 65 34 der
1608 1951 80 34 fünf-

179 2015 63 28 ten
285 2009 79 34 und
405 2008 174 34 sechsten
621 2006 169 46 (Benefiz
831 2009 60 32 für
931 2008 181 35 Fräulein
1140 2010 170 45 Spohr,
1355 2011 251 34 Darstellerin
1645 2011 65 35 der

178 2068 188 48 Leonore)
403 2067 177 45 gänzlich
623 2068 259 37 ausverkauft.
937 2070 79 34 Der
1042 2070 141 34 Beifall
1218 2071 178 45 steigerte
1419 2071 81 34 sich
1529 2083 74 22 von
1634 2073 76 33 Act

179 2141 47 22 zu
254 2129 92 34 Act:
390 2130 38 31 in
472 2127 64 34 der
576 2128 149 34 fünften
765 2128 247 47 Vorstellung
1057 2130 128 33 wurde
1232 2130 119 34 nach
1390 2130 157 45 jedem
1595 2131 85 35 Act-

180 2188 222 35 schlusse
449 2187 81 34 das
578 2187 302 35 sämmtliche
925 2189 236 35 Personal
1205 2191 225 44 gerufen,
1487 2191 219 34 ausserdem

177 2250 99 34 noch
320 2249 204 34 besonders
569 2248 179 35 Fräulein
795 2250 152 45 Spohr
987 2251 78 34 und
1106 2251 101 34 Herr
1250 2251 163 33 Brunn
1425 2262 45 23 er
1498 2249 213 48 (Pfalzgraf

178 2309 105 45 Otto)
314 2311 95 33 zwei
436 2309 78 33 Mal
542 2309 61 35 bei
633 2309 141 36 offener
802 2311 132 35 Scene.
983 2312 81 34 Wir
1091 2312 125 34 haben
1244 2311 113 47 lange
1386 2312 108 34 nicht
1523 2314 111 32 einen
1663 2323 41 24 so

177 2369 237 46 glänzenden
443 2368 132 47 Erfolg
604 2369 133 44 erlebt,
783 2382 109 23 wozu
931 2383 88 22 man
1067 2371 82 34 dem
1186 2372 273 45 Componisten
1502 2372 78 34 und
1621 2371 84 35 dem

176 2431 172 46 Dichter,
379 2431 63 34 der
470 2432 111 33 einen
609 2430 155 36 solchen
795 2433 208 34 Tonsetzer
1041 2434 62 33 für
1142 2434 81 34 sein
1259 2435 216 33 verwaistes
1504 2435 108 34 Buch
1641 2445 43 35 ge-

174 2491 144 35 funden
346 2492 74 43 hat,
450 2492 205 45 aufrichtig
684 2492 124 34 Glück
837 2494 207 34 wünschen
1071 2494 116 35 kann.

281 2653 270 35 Bremen.
583 2653 74 33 Vor
686 2652 121 33 einem
836 2651 239 35 zahlreichen
1101 2652 203 42 Publicum
1341 2653 91 34 fand
1460 2665 59 22 am
1549 2652 61 36 21.
1640 2664 44 23 vo-

177 2715 105 46 rigen
311 2714 150 32 Monats
501 2713 65 33 das
596 2711 164 35 Concert
788 2712 64 34 des
887 2713 245 45 geschätzten
1162 2714 197 33 Pianisten
1387 2714 79 34 und
1494 2713 189 34 Musikleh-

177 2786 79 24 rers
283 2775 123 33 Herrn
435 2772 258 34 Biermann
722 2773 52 32 im
804 2772 109 35 Saale
944 2773 64 34 der
1035 2773 128 35 Union
1186 2775 108 33 Statt.
1327 2773 155 35 Sowohl
1512 2773 59 34 die
1593 2773 113 35 Wahl

179 2837 63 34 des
271 2835 238 45 Programms
535 2833 70 33 wie
635 2831 97 35 auch
762 2832 59 34 die
850 2833 253 46 Ausführung
1131 2833 64 34 der
1225 2833 198 35 einzelnen
1444 2834 141 34 Piecen
1614 2834 90 33 liess

176 2894 126 35 nichts
332 2904 47 23 zu
407 2893 204 32 wünschen
640 2892 122 45 übrig.
800 2892 83 34 Den
913 2892 178 47 Eingang
1120 2893 64 34 des
1214 2893 207 35 Concertes
1449 2893 142 35 bildete
1621 2895 85 32 eine

176 2966 87 23 vom
285 2951 279 47 Concertgeber
592 2953 76 33 und
695 2952 125 34 Herrn
850 2952 230 36 Cabisius
1109 2953 159 35 trefflich
1298 2954 248 45 ausgeführte
1575 2953 130 47 (neue)

177 3014 237 37 Serenade
443 3023 75 24 von
546 3012 271 35 Ferdinand
853 3014 172 34 Hiller.
1087 3015 99 35 Herr
1217 3015 322 36 Concertmeister
1567 3016 111 33 Bött-

170 3078 73 45 jer
284 3075 139 35 bewies
464 3074 40 33 in
547 3073 123 33 einem
713 3073 146 46 Adagio
898 3074 76 34 und
1002 3076 134 34 Rondo
1182 3088 75 23 von
1287 3076 157 35 David
1472 3076 233 46 neuerdings

177 3137 103 35 seine
308 3133 292 36 Meisterschaft.
641 3133 97 34 Herr
776 3134 138 34 Riese
954 3134 148 36 leistete
1143 3136 54 35 als
1225 3137 278 45 Liedersänger
1532 3137 147 45 Vorzüg-

173 3196 133 35 liches.
416 3193 104 35 Ganz
548 3192 228 35 besonderes
804 3193 186 35 Interesse
1034 3195 160 35 nehmen
1237 3197 58 34 die
1322 3196 286 35 Productionen
1639 3196 64 34 des

174 3257 124 34 Herrn
334 3255 206 33 Biermann
582 3254 67 33 mit
690 3255 131 33 seinen
863 3254 186 36 Schülern
1089 3257 38 33 in
1170 3258 215 45 Anspruch.
1443 3257 155 35 Sowohl
1639 3258 65 34 der

174 3313 376 38 Mendelssohn'sche
578 3314 363 36 Hochzeitsmarsch
982 3328 67 23 aus
1092 3318 84 34 dem

172 3389 78 23 von
278 3377 79 33 vier
384 3377 148 32 Damen
561 3375 77 33 und
667 3376 79 32 vier
774 3375 145 35 Herren
949 3384 261 40 vorgetragen,
1258 3379 71 33 wie
1367 3379 97 34 auch
1494 3379 59 34 die
1583 3379 96 35 Semi-

174 3437 358 41 ramis-Ouverture,
570 3436 68 33 auf
663 3436 88 34 acht
779 3437 239 36 Pianofortes
1060 3450 75 23 von
1167 3436 46 39 16
1244 3440 146 33 Damen
1436 3445 266 42 vorgetragen,

172 3497 271 35 überraschten
472 3495 107 35 nicht
606 3508 71 22 nur
706 3496 117 35 durch
854 3497 59 35 die
941 3498 177 48 Neuheit,
1164 3500 161 34 sondern
1366 3501 97 33 auch
1495 3501 117 34 durch
1641 3501 60 34 die

173 3556 144 36 seltene
358 3557 198 34 Präcision
597 3556 78 34 und
715 3557 220 46 Fertigkeit,
985 3558 146 36 welche
1174 3558 74 36 alle
1292 3560 294 35 Mitwirkenden
1623 3567 60 28 ent-

172 3618 221 36 wickelten.

279 3786 315 39 Ifliilielieil«
643 3788 55 34 Im
726 3788 120 34 Laufe
892 3789 65 34 der
997 3789 140 35 letzten
1168 3791 145 35 Woche
1341 3791 134 34 hörten
1505 3793 69 32 wir
1605 3793 96 45 „Die

628 3850 117 32 worin
775 3848 182 35 Fräulein
985 3849 169 36 Stehle
1185 3852 136 35 wieder
1350 3854 69 33 mit
1446 3853 254 46 glänzendem

169 3911 154 47 Erfolge
352 3908 145 40 wirkte.
527 3910 42 34 In
602 3910 64 34 der
695 3910 246 47 Vorstellung
970 3911 63 35 des
1359 3915 85 35 sind
1474 3916 59 34 die
1554 3915 122 35 Erwar-

169 3977 142 42 tungen
342 3972 63 34 des
433 3971 224 36 Publicums
684 3971 108 34 nicht
819 3970 237 50 vollständig
1082 3974 203 47 befriedigt
1313 3977 165 36 worden.
1526 3979 80 34 Nur
1634 3980 66 36 der

169 4032 288 35 instrumentale
487 4032 110 35 Theil
638 4043 78 23 war
744 4033 87 33 sehr
858 4037 81 43 gut,
983 4034 64 34 der
1075 4035 133 35 vocale
1239 4036 111 35 Theil
1377 4037 89 36 liess
1495 4039 127 36 Vieles
1651 4053 48 23 zu

171 4094 219 33 wünschen.
420 4094 98 34 Herr
544 4094 206 34 Richard
777 4093 56 35 als
852 4094 155 35 Johann
1026 4107 76 22 von
1122 4097 155 46 Leyden
1306 4097 60 35 litt
1395 4110 46 22 an
1470 4099 229 37 merklicher

169 4153 271 46 Indisposition
469 4154 62 36 der
560 4155 176 44 Stimme;
778 4156 59 35 die
865 4157 219 35 Intonation
1127 4169 77 23 war
1245 4160 107 34 nicht
1393 4160 135 35 immer
1570 4162 126 35 sicher

1816 350 78 34 und
1922 351 221 35 schwankte
2171 352 180 35 mitunter
2379 353 86 34 sehr
2491 353 225 44 bedeutend,
2760 366 77 23 was
2871 357 70 32 mit
2970 355 64 34 der
3062 355 186 35 hörbaren
3277 357 44 33 Er-

1816 411 171 47 müdung
2009 413 64 33 des
2093 413 146 45 Organs
2264 413 65 34 der
2345 414 264 46 Vermuthung
2631 416 121 33 Raum
2776 416 182 45 gewährt,
2990 416 84 33 dass
3103 416 60 33 die
3187 416 156 34 Stimme

1816 471 106 33 nicht
1951 472 97 33 ohne
2077 473 273 46 Anstrengung
2380 474 64 34 der
2463 474 272 34 Halsmuskeln
2766 475 192 34 dienstbar
2987 475 105 46 wird,
3121 475 79 35 also
3230 476 113 35 keine

1814 529 202 36 Ausdauer
2044 532 105 33 mehr
2176 531 121 35 haben
2328 533 137 36 dürfte.
2496 535 145 33 Zudem
2671 545 76 23 war
2776 534 64 35 der
2862 535 160 45 Vortrag
3049 534 294 46 geschmacklos

1814 589 77 34 und
1920 590 97 35 ohne
2047 590 120 44 Seele,
2209 591 66 35 das
2303 592 103 46 Spiel
2443 593 98 34 ohne
2571 594 267 34 Gewandtheit
2865 594 78 34 und
2971 594 180 47 Eleganz.
3207 597 136 33 Besser

1813 649 139 48 gelang
1992 651 57 34 die
2077 651 114 34 Fides
2233 653 65 33 des
2326 653 198 36 Fräuleins
2562 666 34 24 v.
2626 654 278 47 Edelsberg.
2957 656 74 33 Die
3062 656 278 35 Schlittschuh-

1814 710 128 35 Tänze
1971 712 137 34 fanden
2138 712 71 33 den
2237 713 161 34 meisten
2427 714 198 46 Anklang;
2656 715 59 33 die
2737 715 126 34 Sonne
2894 716 171 34 erschien
3097 716 243 46 glänzender,

1812 769 56 35 als
1889 771 53 44 je.

1915 902 88 34 Man
2034 902 166 36 schreibt
2239 916 72 24 uns
2352 918 67 23 aus
2456 909 222 42 London,
2721 905 61 39 28.
2813 909 169 34 Januar:
3029 909 64 46 „In
3124 910 122 34 einem
3276 911 64 34 der

1808 973 157 35 grossen
1995 974 73 23 von
2098 963 144 36 Halld
2281 977 46 22 zu
2357 967 242 35 Manchester
2627 969 299 35 veranstalteten
2956 969 188 35 Concerte
3172 971 50 35 ist
3250 983 64 23 vor-

1809 1026 150 41 gestern
1990 1023 83 34 eine
2102 1023 199 36 Schülerin
2329 1025 65 35 des
2430 1027 137 34 kölner
2596 1029 367 43 Conservatoriums,
3006 1030 182 33 Fräulein
3216 1032 92 33 Mar-

1810 1081 90 42 tin,
1930 1093 86 23 zum
2044 1088 124 30 ersten
2198 1084 102 35 Male
2328 1088 250 45 aufgetreten.
2636 1088 62 34 Sie
2739 1088 136 46 spielte
2903 1089 66 34 das
3000 1089 340 36 Clavier-Concert

1809 1153 75 23 von
1927 1143 282 36 Ferdinand
2255 1146 165 36 Hiller
2462 1148 78 34 und
2582 1149 153 34 erzielte
2764 1149 113 34 einen
2907 1149 164 36 überaus
3101 1150 238 47 glänzenden

1810 1202 143 46 Erfolg.
1990 1203 155 37 Hiller's
2176 1206 174 45 Concert,
2380 1208 66 35 das
2474 1209 37 34 in
2543 1209 175 47 England
2745 1209 127 35 bisher
2899 1209 104 36 bloss
3032 1222 75 22 von
3138 1211 204 36 Gelehrten

1810 1262 65 34 der
1896 1263 129 34 Musik
2051 1264 170 46 gekannt
2247 1267 78 34 und
2353 1269 198 45 geschätzt
2578 1271 152 34 worden
2760 1281 90 33 war,
2881 1271 128 34 wurde
3037 1283 76 23 von
3145 1272 82 35 dem
3257 1274 86 34 sehr

1809 1322 294 48 kunstsinnigen
2132 1326 204 36 Publicum
2364 1330 266 35 Manchesters
2663 1332 68 33 mit
2771 1331 256 47 ungetheilter
3053 1333 287 48 Anerkennung

1808 1383 293 45 aufgenommen
2129 1387 77 34 und
2229 1389 93 33 wird
2342 1389 222 36 demnächst
2592 1392 130 34 seinen
2745 1394 96 44 Weg
2868 1394 41 33 in
2938 1393 59 34 die
3025 1394 185 35 londoner
3239 1396 77 34 Con-

1810 1443 161 34 certsäle
1999 1444 138 36 finden.
2195 1448 178 35 Fräulein
2404 1450 153 45 Martin,
2589 1451 112 35 deren
2731 1453 162 46 Vortrag
2930 1465 74 23 von
3036 1455 64 33 der
3128 1456 126 34 Kritik
3283 1457 57 36 als

1811 1503 235 35 meisterhaft
2073 1507 129 44 gelobt
2230 1509 94 35 wird
2364 1510 78 34 und
2484 1511 59 34 die
2585 1512 80 34 sich
2710 1513 105 34 eines
2856 1513 219 36 dreifachen
3105 1516 232 34 Hervorrufs

1811 1564 174 46 erfreute,
2027 1566 92 34 wird
2147 1568 38 33 in
2216 1568 65 35 der
2307 1570 99 34 nahe
2434 1570 330 36 bevorstehenden
2796 1573 320 37 Concert-Saison
3145 1577 166 46 Gelegen-

1809 1623 79 34 heit
1916 1625 133 44 haben,
2078 1627 102 35 ihrer
2199 1628 136 36 kölner
2356 1631 140 34 Schule
2525 1632 77 34 und
2629 1633 121 34 ihrem
2770 1636 145 44 pariser
2935 1636 153 44 Lehrer,
3119 1637 85 35 dem
3233 1639 86 35 treff-

1803 1683 130 35 lichen
1966 1686 165 46 Stephen
2160 1688 145 46 Heller,
2334 1691 99 34 Ehre
2463 1703 46 22 zu

1911 1824 380 50 Petersburg«
2346 1831 55 33 Im
2440 1831 136 36 dritten
2608 1834 186 36 Concerte
2825 1836 65 35 der
2921 1839 242 44 „russischen
3190 1841 147 36 Musik-

2119 1888 87 36 kam
2236 1891 59 34 die
2591 1905 75 23 von
2696 1895 42 37 R.
2771 1897 178 46 Wagner,
2992 1898 61 35 die
3081 1905 142 30 neunte
3253 1902 63 35 Sin-

1806 1946 103 34 fonie
1927 1958 77 23 von
2026 1949 233 47 Beethoven,
2290 1951 133 35 Theile
2444 1964 68 23 aus
2531 1954 138 35 Bach's
2693 1956 372 36 Matthäus-Passion
3095 1960 77 34 und
3193 1962 125 46 Meyer-

1806 2006 121 35 beer's
1977 2008 439 38 Struensee-Ouverture
2468 2012 293 50 [merkwürdige
2797 2018 449 51 Zusammenstellung!],
3289 2024 52 33 im

1805 2068 149 32 fünften
1985 2069 172 47 dagegen
2187 2072 64 33 der
2281 2079 97 28 erste
2401 2075 110 34 Theil
2534 2088 74 21 von
2630 2077 254 37 Schumann's
2907 2080 203 46 „Paradies
3131 2082 77 34 und
3229 2083 88 35 Peri
3324 2083 16 18 u

1804 2126 70 35 mit
1901 2128 101 33 Frau
2031 2129 337 37 Nissen-Saloman
2397 2145 68 23 zur
2492 2135 257 47 Aufführung.

2170 3627 71 44 3>ic

1800 3686 186 33 erscheint
2017 3686 116 45 jeden
2174 3688 171 48 Samstag
2387 3692 38 33 in
2469 3693 125 34 einem
2636 3705 148 35 ganzen
2819 3695 131 47 Bogen
2994 3697 69 34 mit
3097 3697 243 47 zwanglosen

1803 3737 191 46 Beilagen.
2027 3758 46 5 —
2104 3739 77 33 Der
2203 3739 387 50 Abonnementspreis
2611 3745 150 46 beträgt
2794 3747 59 34 für
2883 3749 65 33 das
2969 3749 189 44 Halbjahr
3186 3746 23 37 2
3225 3750 115 42 Thlr.,

1799 3787 59 35 bei
1886 3788 71 34 den
1980 3790 47 33 K.
2057 3801 142 34 preuss.
2223 3791 311 38 Post-Anstalten
2563 3794 24 37 2
2602 3796 104 34 Thlr.
2732 3797 21 37 5
2774 3798 81 47 Sgr.
2911 3800 96 34 Eine
3036 3799 171 35 einzelne
3227 3801 85 35 Num-

1797 3850 79 23 mer
1902 3838 25 36 4
1956 3839 82 47 Sgr.

1901 3892 126 34 Briefe
2054 3892 79 34 und
2153 3893 278 49 Zusendungen
2465 3896 93 36 aller
2577 3898 71 35 Art
2676 3899 150 35 werden
2855 3904 123 33 unter,
2996 3901 64 36 der
3084 3901 166 38 Adresse
3279 3902 64 38 der

1796 3942 53 34 M.
1879 3944 544 48 DuMont-Schaüberg'schen
2452 3949 307 49 Buchhandlung
2786 3952 39 33 in
2854 3953 103 34 Köln
2987 3954 165 35 erbeten.

1917 4055 360 36 Verantwortlicher
2305 4059 287 46 Herausgeber:
2623 4060 101 36 Prof.
2758 4060 34 35 L
2796 4086 10 11 .
2838 4062 174 45 Bischoff
3036 4064 38 33 in
3105 4064 114 37 Köln.

1874 4106 197 47 Verleger:
2104 4107 52 35 M.
2188 4108 420 50 DuMont-Schernberg
2624 4113 89 34 sehe
2742 4114 304 47 Buchhandlung
3076 4117 39 33 in
3146 4116 115 37 Köln.

1831 4158 191 35 Drucker:
2057 4158 51 35 M.
2139 4158 419 50 DuMont-Schauberg
2587 4165 36 33 in
2653 4164 115 44 Köln,
2808 4166 243 36 Breitstrasse
3081 4167 49 37 76
3156 4180 35 23 u.
3224 4168 61 37 78.

2345 2370 459 76 3lnkiittMsttiujen.

1910 2554 61 35 Ini
2010 2555 161 48 Verlage
2200 2570 72 22 von
2301 2559 36 33 J3
2349 2572 20 21 r
2380 2559 93 37 eitle
2483 2562 89 45 ojpf
2593 2563 101 36 und
2720 2564 182 38 Härtel
2927 2568 43 36 in
2998 2569 198 49 Leipzig
3225 2573 48 35 ist
3299 2586 40 24 so

1807 2606 90 35 eben
1936 2607 220 37 erschienen
2195 2610 84 35 und
2319 2610 124 38 durch
2485 2615 74 34 alle
2588 2615 128 37 Buch-
2753 2618 83 35 und
2866 2619 387 51 Musikhandlungen
3293 2638 47 24 zu

1807 2657 192 37 beziehen:

2220 2723 83 45 €?.,
2331 2721 105 38 ein
2467 2723 428 46 Sftix&enöiMch
2923 2742 118 28 ron
3070 2735 188 38 Beetl
3258 2748 86 26 lo-

2292 2775 257 38 -
2576 2779 83 35 und
2686 2780 40 37 in
2755 2784 203 47 Auszügen
2987 2785 233 49 dargestellt,
3268 2789 74 36 JLe-

2115 2825 266 37 xicon-Octav.
2438 2828 113 36 Preis
2580 2833 49 33 15
2659 2831 98 48 Ngr.

2075 2930 348 62 Paulus
2475 2935 62 58 &
2589 2936 459 79 Schuster,

2167 3020 446 38 Markneukirchen
2654 3027 47 33 in
2744 3028 235 46 Sachsen,

1802 3085 214 46 empfehlen
2056 3087 63 34 ihr
2148 3088 188 36 Fabricat
2370 3091 99 35 aller
2497 3093 123 36 A.rten
2648 3095 113 36 JBlas-
2790 3097 84 35 und
2904 3097 438 43 Streich-Instrumente

1801 3137 83 34 und
1910 3137 118 36 deren
2056 3138 146 37 J3estan
2208 3141 39 34 dt
2251 3142 106 44 heile,
2399 3155 40 23 so
2481 3145 67 35 wie
2578 3146 142 35 Darm-
2757 3148 85 35 und
2870 3149 291 47 übersponnene
3191 3152 149 39 Saiten.

1801 3187 276 47 Reparaturen
2105 3192 153 36 werden
2280 3201 159 39 prompt
2466 3196 85 36 und
2578 3197 138 48 billigst
2745 3201 242 46 ausgeführt.

2017 3298 41 34 in
2084 3299 130 36 dieser
2242 3302 322 49 JMusih-Zeitung
2590 3304 290 46 besprochenen
2918 3309 86 35 und
3028 3322 79 35 ang
3112 3311 234 49 eJcündigten

1803 3348 232 36 Musicalien
2065 3356 65 30 etc.
2167 3352 92 35 sind
2291 3365 48 23 zu
2370 3355 180 36 erhalten
2575 3356 43 35 in
2646 3357 70 36 der
2743 3364 90 30 stets
2858 3361 235 48 vollständig
3118 3365 228 36 assortirten

1800 3400 475 51 Musicalien-Handlung
2296 3407 86 34 und
2398 3406 256 38 Leihanstalt
2676 3422 77 23 von
2773 3411 318 39 BEBNHABD
3110 3415 236 37 BBEUEB

1798 3452 42 35 in
1868 3452 118 45 Köln,
2019 3467 136 33 grosse
2179 3456 260 48 Budengasse
2469 3459 74 36 Nr.
2575 3464 20 31 1
2654 3474 42 23 so
2740 3463 70 35 wie
2851 3463 61 36 bei
2938 3464 38 34 J.
3009 3465 85 35 FB.
3135 3467 198 37 WEBEB

1802 3504 130 37 Hohle
1964 3506 76 36 Nr.
2068 3509 37 33 1.
