3492 4366
1707 125 68 51 38

699 285 451 52 Beurtheilungen.

296 432 48 45 F.
378 430 47 46 L.
457 428 311 54 Schubert,
809 424 528 50 Partituren-Kenntniss
1370 421 89 47 und
1492 420 174 48 Partitu-

412 504 238 63 ren-Spiel.
684 504 82 46 Ein
793 501 350 49 Handbüchlein
1176 500 75 46 für
1280 495 413 51 Musikstudirende

411 580 88 47 und
519 579 354 48 Musikfreunde.
904 579 197 63 Leipzig,
1120 578 167 62 Verlag
1309 593 83 29 von
1411 575 53 46 N.
1483 573 210 48 Matthes.

418 656 156 50 1864.
618 658 123 45 Preis
778 656 65 49 10
875 658 110 62 Ngr.

298 735 57 46 Es
395 735 50 46 ist
475 734 161 63 gewiss
674 750 81 31 von
797 749 47 31 so
890 731 409 49 unbestreitbarem
1332 730 62 47 als
1426 728 165 48 hohem
1622 728 48 45 In-

180 820 182 43 teresse,
411 811 98 47 eine
542 811 197 46 Partitur
782 811 119 46 lesen
942 808 86 49 und
1070 808 113 49 auch
1215 808 165 62 spielen
1412 823 49 30 zu
1496 805 197 48 können.

185 888 114 48 Was
344 888 115 47 kann
505 888 113 47 auch
664 888 117 45 wohl
825 886 318 46 interessanter
1185 885 109 52 sein,
1337 882 62 47 als
1437 881 91 47 sich
1558 880 138 47 selbst

184 965 87 47 und
302 982 50 29 zu
377 965 131 62 jeder
539 964 251 62 beliebigen
821 964 97 45 Zeit
957 961 157 64 irgend
1145 961 68 47 ein
1244 961 190 47 schönes
1464 957 229 49 Tonwerk

181 1040 230 48 entweder
454 1041 58 45 im
555 1040 151 47 Geiste
746 1039 210 63 klingend
999 1056 50 28 zu
1093 1036 450 65 vergegenwärtigen
1585 1032 110 54 oder

181 1117 113 49 auch
327 1117 80 47 auf
432 1117 101 46 dem
565 1116 259 48 Pianoforte
862 1133 79 30 zur
984 1114 269 63 klingenden
1282 1114 319 61 Erscheinung
1638 1129 52 29 zu

183 1195 205 62 bringen,
415 1195 189 46 welches
630 1194 226 47 Tonwerk
886 1200 122 39 sonst
1037 1192 143 47 durch
1211 1192 98 46 eine
1334 1190 230 47 wirkliche
1592 1189 68 45 Mu-

180 1271 392 62 sik-Aulführung
603 1270 100 47 dem
736 1270 129 48 Ohre
894 1269 232 48 entweder
1154 1285 87 31 nur
1267 1269 140 45 selten
1439 1266 110 47 oder
1578 1266 116 47 auch

181 1365 84 47 gar
293 1349 122 47 nicht
449 1349 281 63 dargeboten
762 1347 125 47 wird.
946 1347 190 47 Freilich
1169 1346 97 63 gibt
1294 1361 44 31 es
1362 1345 110 64 jetzt
1500 1360 81 30 von
1614 1343 84 47 fast

181 1425 112 48 allen
325 1432 156 55 guten,
512 1440 111 48 resp.
655 1425 263 45 classischen
943 1423 177 47 Sachen
1147 1422 412 61 Clavier-Auszüge
1590 1417 80 66 (ins-

181 1502 251 47 besondere
472 1519 51 30 zu
567 1502 91 47 vier
702 1501 208 63 Händen)
955 1517 170 47 genug,
1176 1500 217 48 wodurch
1437 1498 92 47 sich
1573 1514 122 30 zwar

179 1580 137 47 schon
359 1580 70 45 ein
473 1578 352 64 beabsichtigter
868 1580 174 45 Genuss
1084 1577 111 48 oder
1238 1576 113 48 auch
1395 1576 300 62 Nachgenuss

184 1657 119 46 eines
332 1656 181 46 solchen
547 1655 198 47 Werkes
783 1655 328 47 herbeiführen
1144 1653 88 47 und
1276 1653 250 49 ve»mitteln
1568 1652 126 52 lässt;

180 1733 111 47 aber
330 1732 121 48 diese
481 1735 358 61 Arrangements
879 1732 228 47 verhalten
1154 1731 90 47 sich
1284 1730 114 48 doch
1439 1730 163 47 immer
1641 1746 52 29 zu

180 1810 100 48 dem
315 1810 259 47 wirklichen
616 1810 223 63 Original,
882 1811 84 46 wie
1012 1810 68 47 ein
1119 1808 254 49 schwarzer
1406 1806 287 65 Kupferstich

176 1887 111 47 oder
316 1887 268 47 Steindruck
614 1905 51 29 zu
697 1887 145 47 einem
867 1886 311 63 Oelgemälde.
1210 1886 128 47 Auch
1373 1884 39 47 in
1437 1884 136 64 jenen
1606 1886 59 44 Ar-

176 1971 291 56 rangements
496 1963 108 64 geht
632 1963 79 47 das
739 1963 174 56 Leben,
942 1963 71 47 die
1042 1962 230 48 Tonfarbe
1304 1962 79 47 der
1413 1959 251 50 verschiede-

176 2058 85 30 nen
284 2042 596 55 Orchester-Instrumente,
908 2041 198 64 gänzlich
1140 2048 147 43 unter,
1318 2038 90 48 und
1432 2039 52 46 ist
1508 2055 45 30 es
1576 2037 117 48 denn

176 2118 169 48 freilich
378 2118 97 48 hier
504 2135 70 31 am
607 2118 287 57 allerbesten,
924 2136 131 29 wenn
1088 2135 103 30 man
1220 2118 92 47 sich
1343 2133 56 32 an
1430 2116 71 47 die
1528 2116 166 57 Quelle

176 2194 76 49 des
284 2196 230 63 Originals
546 2196 147 45 halten
724 2196 133 47 kann.
887 2196 100 47 Und
1020 2196 99 45 eine
1148 2196 150 45 solche
1323 2193 165 57 Quelle
1517 2193 54 46 ist
1600 2208 91 31 nun

174 2272 115 48 eben
321 2272 70 47 die
424 2272 215 52 Partitur,
669 2272 69 47 ein
766 2272 140 53 Buch,
941 2272 141 47 worin
1114 2271 69 48 die
1210 2272 175 47 Geister
1414 2269 82 47 der
1520 2271 147 45 Instru-

176 2359 150 39 mente
372 2351 40 45 in
461 2349 252 47 schwarzer
745 2349 255 47 Tonschrift
1041 2366 119 30 zwar
1192 2348 289 65 festgebannt
1517 2345 177 58 stehen,

175 2427 71 48 die
289 2427 112 48 aber
443 2427 80 47 der
564 2427 198 63 kundige
806 2428 137 47 Leser
983 2445 90 30 nun
1114 2428 62 46 als
1213 2427 68 47 ein
1312 2425 236 47 Zauberer
1577 2424 114 47 nach

175 2504 203 48 Gefallen
410 2504 152 47 citiren
597 2506 134 53 kann,
771 2504 100 47 dass
910 2506 61 45 sie
1008 2506 90 45 ihm
1133 2503 231 48 dienstbar
1393 2502 114 56 sind,
1553 2502 142 47 sofort

171 2598 54 31 zu
268 2582 278 48 erscheinen.
604 2582 142 47 Wohl
791 2582 95 47 tritt
933 2582 255 47 manchmal
1230 2582 116 47 auch
1388 2579 81 48 der
1510 2579 184 47 oberste

178 2658 123 48 Geist
331 2659 76 47 des
438 2659 321 64 Componisten
792 2658 278 48 dazwischen
1112 2658 89 48 und
1234 2659 120 47 nickt
1383 2658 91 47 ihm
1507 2655 158 49 freund-

178 2737 81 47 lich
292 2754 70 37 zu,
401 2737 94 47 falls
531 2737 75 47 ihn
637 2737 146 47 dieser
813 2737 199 47 wirklich
1053 2735 193 49 erkannt
1285 2737 90 47 hat.
1498 2734 193 47 Freilich

174 2813 56 48 ist
258 2814 114 47 noch
404 2814 68 47 die
500 2814 217 59 Partitur,
749 2814 42 47 in
821 2813 167 49 diesem
1020 2814 137 47 Sinne
1185 2814 163 52 zumal,
1383 2813 73 47 für
1487 2812 70 47 die
1580 2812 83 48 Mei-

175 2898 95 39 sten
302 2892 69 45 ein
404 2890 77 46 mit
508 2889 152 48 sieben
692 2890 179 65 Siegeln
903 2892 355 47 verschlossenes
1290 2889 142 58 Buch,
1472 2889 78 47 das
1587 2889 84 47 seit-

176 2968 82 47 her
285 2968 91 47 sich
407 2984 85 30 nur
520 2968 87 47 den
640 2968 373 56 Fachmusikern,
1046 2984 114 49 resp.
1192 2968 285 63 Dirigenten,
1506 2965 184 50 öffnete.

174 3045 147 47 Allein
353 3045 79 47 mit
459 3044 80 48 der
564 3044 306 65 Verbreitung
899 3045 76 49 des
1007 3045 311 65 Ciavierspiels
1347 3045 54 47 ist
1430 3044 263 63 überhaupt

175 3124 114 47 auch
320 3123 71 47 die
419 3123 98 47 edle
547 3123 240 47 Tonkunst
814 3124 137 47 schon
983 3124 129 47 mehr
1139 3124 342 63 Allgemeingut
1508 3138 151 48 gewor-

174 3200 103 54 den,
318 3199 89 48 und
452 3215 44 32 es
537 3200 149 47 finden
721 3200 92 47 sich
852 3201 312 64 gegenwärtig
1192 3201 173 47 sowohl
1397 3199 266 48 Musikstudi-

174 3278 137 48 rende
340 3279 62 47 als
426 3278 342 48 Musikfreunde
799 3295 152 47 genug
981 3295 99 32 vom
1111 3279 193 47 Streben
1331 3279 185 56 beseelt,
1545 3278 42 47 in
1619 3276 71 49 die

171 3372 121 31 zwar
321 3355 340 56 unbekannten,
692 3355 110 48 aber
825 3356 113 47 doch
962 3356 229 64 geahnten
1215 3356 155 47 Tiefen
1394 3355 145 48 dieser
1562 3355 102 47 herr-

172 3433 144 47 lichen
349 3434 145 46 Kunst
523 3434 155 47 weiter
710 3434 87 47 und
829 3434 164 47 immer
1022 3435 158 47 weiter
1207 3434 337 62 einzudringen.
1596 3434 94 46 Für

172 3510 152 48 solche
352 3510 53 47 ist
433 3510 77 48 das
541 3511 287 64 vorliegende
860 3511 266 49 Werkchen
1158 3513 69 45 ein
1260 3510 321 55 freundlicher,
1611 3527 52 47 ge-

171 3595 154 40 treuer
345 3588 192 53 Führer,
567 3589 259 65 überhaupt
849 3589 52 47 ist
924 3589 101 48 dem
1044 3589 273 48 Referenten
1343 3589 65 47 bis
1428 3589 108 63 jetzt
1561 3588 129 47 keine

172 3665 228 64 derartige
423 3665 165 47 Schrift
611 3666 215 54 bekannt,
858 3683 70 32 wo
959 3668 144 47 dieser
1127 3665 291 66 Gegenstand
1449 3683 49 30 so
1526 3665 162 64 speciel

172 3742 89 47 und
294 3742 282 47 ausführlich
611 3744 242 47 behandelt
882 3749 138 51 wäre,
1058 3762 130 31 wenn
1227 3745 114 47 auch
1374 3745 140 47 ältere
1545 3742 115 47 Lehr-

172 3820 172 47 bücher
372 3819 71 48 die
470 3820 238 47 Kenntniss
739 3821 89 47 und
854 3821 268 48 Uebersicht
1150 3822 80 49 der
1260 3821 312 48 sämmtlichen
1597 3820 60 48 Or-

170 3897 508 47 chester-Instrumente
710 3897 202 64 bringen.

288 3975 112 46 Dem
442 3975 175 47 Inhalte
655 3975 113 47 nach
815 3975 98 63 gibt
955 3993 91 30 nun
1084 3976 80 47 der
1204 3976 235 47 Verfasser
1477 3975 214 47 zunächst

171 4050 69 49 die
270 4051 187 48 örtliche
489 4052 265 47 Uebersicht
787 4054 123 45 einer
941 4054 199 45 Partitur
1178 4054 111 45 oder
1328 4054 70 45 die
1439 4054 118 45 bloss
1586 4056 75 43 äus-

1791 267 189 50 serliche
2010 267 303 63 Einrichtung
2349 265 237 48 derselben
2631 267 112 47 nach
2790 267 127 49 ihren
2962 269 351 49 verschiedenen

1792 346 222 46 Stimmen
2046 345 61 62 (S,
2139 342 29 50 3
2184 342 176 64 —20).
2418 344 103 45 Nun
2554 344 109 63 folgt
2692 344 70 47 die
2793 345 247 63 vorläufige
3072 346 244 47 Kenntniss

1792 422 76 46 des
1897 421 310 48 sämmtlichen
2239 420 523 54 Orchester-Materials,
2807 430 147 38 zuerst
2983 422 70 47 die
3091 424 200 47 verschie-

1792 499 145 48 denen
1956 499 524 53 Streich-Instrumente,
2503 497 118 47 dann
2647 497 70 47 die
2742 499 400 48 Blas-Istrumente
3161 500 154 63 (Holz-

1792 573 110 50 oder
1928 576 475 50 Rohr-Instrumente,
2436 573 156 47 Blech-
2619 573 109 49 oder
2752 576 565 66 Messing-Instrumente),

1792 652 175 48 endlich
2017 652 70 47 die
2134 651 499 62 Schlag-Instrumente
2682 651 61 63 (S.
2770 651 71 49 20
2926 653 104 63 44).
3091 655 92 47 Das
3230 656 56 46 Le-

1791 745 77 32 sen
1899 728 81 47 der
2012 728 317 51 Clarinetten-,
2367 728 154 46 Horn-
2563 727 87 47 und
2694 730 511 62 Trompetenstimmen,
3246 732 71 47 die

1793 822 51 31 zu
1878 805 154 63 häufig
2074 805 42 45 in
2159 821 113 46 ganz
2311 805 200 47 anderen
2544 806 228 47 Tonarten
2818 806 281 47 verzeichnet
3142 808 176 56 stehen,

1792 883 241 47 vermittelt
2076 882 338 64 hauptsächlich
2455 882 71 47 die
2555 883 247 47 Kenntniss
2845 883 81 47 der
2968 885 349 48 verschiedenen

1793 960 302 47 Schlüssel.
2150 960 131 45 Dann
2314 958 159 46 würde
2502 960 128 53 aber,
2673 960 84 47 ehe
2794 960 116 48 noch
2950 977 83 31 von
3073 961 102 48 dem
3222 962 98 47 hier

1796 1037 108 48 noth
1913 1037 237 62 wendigen
2210 1036 816 65 Combinations-Vermögen
3081 1040 110 45 oder
3235 1056 82 32 von

1794 1113 81 47 der
1897 1112 268 63 Fertigkeit,
2195 1112 317 49 verschiedene
2536 1112 220 48 Stimmen
2783 1113 78 47 der
2884 1114 205 47 Partitur
3115 1117 203 62 zugleich

1793 1208 51 30 zu
1876 1191 137 53 lesen,
2045 1189 70 47 die
2149 1189 123 47 Rede
2302 1191 93 45 sein
2427 1189 136 52 kann,
2603 1191 114 45 nach
2748 1191 82 47 der
2863 1192 236 63 Fähigkeit
3139 1193 182 64 gefragt

1794 1268 185 47 werden
2013 1271 196 51 müssen,
2252 1267 90 47 sich
2383 1268 99 46 eine
2521 1267 90 47 und
2644 1268 130 47 mehr
2800 1269 223 47 Stimmen
3056 1278 132 40 unter
3216 1271 102 47 dem

1792 1346 146 47 Lesen
1971 1344 202 47 wirklich
2220 1343 212 64 klingend
2475 1362 51 29 zu
2572 1344 194 58 denken,
2813 1346 64 47 bis
2916 1363 103 32 man
3058 1363 46 31 es
3141 1348 176 47 endlich

1793 1423 145 47 hierin
1970 1422 65 47 bis
2057 1438 79 31 zur
2160 1421 512 58 Quartett-Uebersicht
2695 1423 222 64 gebracht
2941 1424 89 47 hat.
3063 1426 82 47 Mit
3172 1424 149 50 dieser

1796 1499 291 63 Vorstellung
2116 1498 77 47 des
2224 1498 297 60 allgemeinen
2550 1499 198 64 Klanges
2780 1499 111 47 wird
2924 1501 91 47 sich
3047 1501 119 48 dann
3199 1503 116 47 auch

1793 1577 115 47 noch
1943 1577 70 47 die
2045 1576 78 48 der
2165 1577 112 47 Ton
2292 1576 164 46 färbe
2498 1576 159 63 irgend
2703 1577 120 48 eines
2868 1578 423 50 Orchester-Instru-

1796 1662 170 39 mentes
2008 1654 39 47 in
2080 1654 80 46 der
2191 1652 242 48 Phantasie
2478 1653 133 47 leicht
2648 1656 222 47 vereinen.
2931 1656 155 47 Dieses
3129 1658 54 46 ist
3226 1675 91 30 nun

1793 1730 111 49 aber
1933 1730 114 49 eben
2078 1730 58 47 im
2169 1730 182 47 Ganzen
2384 1729 253 48 betrachtet
2667 1732 70 47 die
2766 1732 118 48 oben
2917 1733 235 48 erwähnte
3183 1734 108 47 wirk-

1793 1808 130 52 liche,
1953 1808 188 62 geistige
2169 1808 291 63 Vorstellung
2482 1808 124 47 einer
2630 1809 202 47 Partitur
2855 1808 100 48 dem
2981 1810 180 64 Klange
3185 1812 135 56 nach,

1792 1885 194 47 welches
2013 1885 199 47 Partitür
2229 1885 152 46 lesen
2414 1885 238 64 unstreitig
2673 1887 295 63 schwieriger
2996 1887 53 48 ist
3080 1888 90 49 und
3200 1889 116 47 auch

1792 1963 145 48 höher
1958 1963 135 56 steht,
2118 1963 63 47 als
2203 1962 80 48 das
2306 1963 376 65 Partiturspiel,
2713 1964 40 48 d.
2785 1964 41 48 h.
2851 1964 79 48 das
2957 1965 363 65 Wiedergeben,

1792 2039 71 48 die
1895 2039 357 65 Uebertragung
2282 2039 81 48 der
2394 2040 201 47 Partitur
2625 2042 80 47 auf
2729 2042 102 48 dem
2865 2043 175 47 Ciavier
3072 2043 111 65 (also
3216 2044 76 48 Cla-

1791 2117 303 62 vier-Auszug
2127 2117 70 47 bei
2231 2118 524 65 Instrumentalsachen).
2812 2120 61 46 Es
2904 2120 185 47 werden
3127 2120 58 47 im
3218 2137 75 32 vor-

1791 2194 237 61 liegenden
2057 2193 177 48 Werke
2264 2194 101 47 dem
2391 2194 174 63 Spieler
2596 2195 42 46 in
2670 2195 358 64 letztgenannter
3058 2198 260 63 Beziehung

1789 2271 110 49 viele
1929 2271 222 47 nützliche
2184 2270 172 48 Winke
2398 2271 216 64 geboten,
2657 2271 71 50 die
2770 2274 85 47 den
2901 2274 158 48 letzten
3092 2275 130 47 Theil
3254 2277 63 62 (S.

1792 2349 69 48 49
1948 2348 90 61 9l)
2071 2349 155 47 füllen.
2282 2349 277 47 Ausserdem
2606 2348 188 66 bedingt
2822 2349 147 49 dieser
3000 2351 320 64 Gegenstand:

1796 2425 45 64 1)
1878 2425 242 48 Kenntniss
2149 2425 81 47 der
2261 2425 398 56 Harmonielehre,
2691 2426 51 64 2)
2775 2428 109 47 aller
2912 2429 324 56 Instrumente,
3268 2428 50 66 3)

1791 2504 252 61 Fertigkeit
2071 2504 59 46 im
2164 2503 373 63 Pianofortespiel
2569 2503 121 63 (vom
2725 2505 120 47 Blatt
2874 2505 358 65 insbesondere),
3264 2506 52 65 4)

1791 2580 301 65 Festhaltung
2121 2579 80 48 der
2230 2580 340 65 Hauptstimme
2616 2581 90 47 und
2738 2583 351 64 Ausscheidung
3118 2584 81 47 der
3228 2600 60 32 we-

1788 2658 131 63 niger
1949 2658 434 63 bedeutungsvollen
2403 2659 392 48 Nebenstimmen.
2828 2660 130 48 Auch
2992 2661 78 47 hat
3099 2661 81 47 der
3203 2661 87 49 Ver-

1791 2735 139 48 fasser
1961 2736 99 47 eine
2090 2735 284 65 Stufenfolge
2403 2738 60 47 im
2496 2736 311 66 Partiturspiel
2838 2755 99 31 vom
2969 2740 219 47 Leichten
3217 2757 100 30 zum

1788 2812 248 49 Schweren
2068 2812 355 64 vorgezeichnet.
2476 2814 80 47 Mit
2597 2814 125 47 einer
2755 2815 293 65 Bemerkung
3091 2816 116 49 über
3249 2818 72 47 die

2047 2889 62 64 (S.
2136 2889 89 64 27)
2258 2906 121 31 muss
2402 2891 165 64 jedoch
2598 2892 219 47 Referent
2846 2892 81 49 der
2958 2892 77 49 des
3062 2894 260 48 Verfassers

1788 2975 400 57 entgegentreten:
2245 2967 130 56 „dass
2424 2969 64 45 sie
2544 2969 239 64 eigentlich
2960 2971 129 48 Flöte
3143 2971 175 48 heissen

2038 3045 305 66 Wenngleich
2369 3045 69 48 die
2461 3046 120 48 Note
2610 3064 24 30 c
2663 3047 83 47 auf
2769 3047 69 49 ihr
2863 3049 83 48 wie
2974 3047 80 50 des
3082 3049 159 64 klingt,
3272 3066 49 32 so

1789 3122 169 49 könnte
1981 3122 80 47 der
2084 3124 147 48 Name
2256 3140 91 31 nun
2372 3124 115 48 auch
2513 3124 116 48 eben
2653 3140 48 32 so
2727 3134 81 56 gut
2831 3126 142 47 durch
3001 3126 160 65 irgend
3190 3127 130 49 einen

1788 3200 200 48 anderen
2021 3201 97 47 Ton
2151 3201 232 48 bestimmt
2412 3202 198 47 werden.
2668 3202 109 49 Dies
2818 3204 234 63 geschieht
3081 3204 112 48 aber
3225 3205 97 48 hier

1787 3279 143 64 einzig
1958 3279 92 48 und
2075 3280 131 47 allein
2231 3296 99 32 vom
2362 3279 231 49 tiefsten
2625 3281 273 48 Flötentone
2930 3282 278 65 überhaupt,
3238 3282 83 49 der

1789 3355 119 48 beim
1939 3356 212 48 Schlüsse
2193 3356 309 48 sämmtlicher
2532 3357 261 49 Tonlöcher
2831 3360 232 47 entweder
3092 3360 72 48 die
3194 3361 93 47 Ton-

1788 3434 122 48 höhe
1994 3434 140 49 dselbst
2155 3435 113 48 oder
2290 3435 114 47 doch
2431 3435 153 47 relativ
2609 3437 113 46 nach
2748 3436 80 48 der
2850 3439 119 47 Note
3044 3437 112 65 gibt.
3185 3439 133 47 Eben

1788 3511 142 48 daher
1955 3511 78 48 hat
2056 3512 116 47 auch
2196 3512 71 47 die
2290 3529 155 47 grosse
2471 3514 129 47 Flöte
2630 3514 87 47 den
2741 3515 177 48 Namen
2944 3515 228 54 D-Flöte,
3197 3515 96 49 dess-

1787 3588 206 64 gleichen
2024 3588 71 49 die
2127 3590 79 45 mit
2242 3590 69 47 ihr
2342 3590 42 47 in
2414 3590 224 64 gleichem
2671 3591 397 50 Tonverhältnisse
3098 3592 220 49 stehende

1787 3666 165 48 Octav-
1984 3666 111 49 oder
2125 3667 353 50 Piccolo-Flöte.
2512 3668 136 49 Wird
2690 3686 90 31 nun
2812 3670 335 65 letztgenannte
3178 3679 142 40 etwas

1788 3743 233 58 kürzer,
2061 3761 48 31 so
2149 3745 113 48 wird
2294 3746 115 47 auch
2440 3746 297 65 nothwendig
2769 3746 78 49 das
2936 3756 141 41 etwas
3117 3748 203 58 höher,

1787 3821 112 48 wird
1930 3822 93 47 also
2054 3839 100 30 zum
2188 3823 262 49 wirklichen
2480 3839 57 33 es.
2572 3823 156 50 Wenn
2760 3825 92 48 also
2883 3844 91 30 nun
3006 3826 71 47 die
3110 3826 207 48 Violinen

1786 3898 42 49 in
1861 3898 185 50 Es-dur
2074 3900 187 64 spielen,
2299 3917 48 32 so
2385 3902 173 47 stimmt
2595 3901 71 48 die
2706 3902 79 48 mit
2813 3902 80 48 der
2921 3902 90 50 Es-
3023 3905 127 48 Flöte
3179 3920 112 48 ange-

1787 3975 184 49 blasene
2000 3977 120 47 Note
2209 3976 341 66 dgleichfalls
3190 3994 57 33 es.
2573 3978 103 49 Und
2709 3980 114 48 eben
2854 3997 49 32 so
2932 3981 179 48 ähnlich
3143 3981 174 48 verhält

1786 4070 44 32 es
1853 4053 90 49 sich
1971 4055 170 48 wieder
2165 4056 79 47 mit
2267 4056 80 47 der
2371 4057 272 47 Terz-Flöte
2673 4056 80 49 der
2779 4075 184 47 grossen
2990 4060 132 47 Flöte
3145 4075 142 48 gegen-
