3492 4366
337 223 1433 198 IViedcrrlieinisdie
1922 228 1138 239 Musik-Zeitung

978 523 114 117 Fiir
1173 525 564 117 litraatfmrafre
1790 528 145 117 traft
1994 528 393 122 liimtlcr.

149 758 390 70 Herausgegeben
588 781 89 31 von
729 764 237 48 Professor
1894 759 69 57 L.
2123 758 265 80 Bischof.
1597 767 173 67 Verlag
1826 768 81 48 der
1959 765 83 55 M.
2091 765 284 59 DuMont-
2381 764 334 84 Schauberg'
2719 773 136 50 sehen
2896 776 374 68 Buchhandlung.

218 909 81 53 Nr.
343 912 47 52 5.

1370 904 173 79 KÖLN,
1586 915 47 55 4.
1675 917 230 53 Februar
1945 919 139 53 1865.

2762 926 120 55 \I1I.
2925 927 272 73 Jahrgang.

243 1087 228 37 Inhalt.

527 1088 82 36 Aus
637 1089 126 36 einem
791 1091 287 38 Briefwechsel.
1183 1093 195 36 Pariser
1417 1094 173 35 Briefe.
1630 1094 50 35 11.
2928 1093 78 47 {La
3138 1094 93 37 belle
2123 1110 72 22 von
2225 1099 39 35 J.
2293 1098 210 37 Offenbach
2608 1102 107 34 Noch
2754 1103 139 35 einmal
2928 1105 60 34 die

220 1149 211 43 Concerte).
460 1150 83 36 Yen
573 1152 43 34 B.
646 1152 43 34 P.
795 1153 429 47 Beurtheilungen.
1268 1155 41 35 F.
1340 1156 42 34 L.
1413 1156 198 42 Schubert,
1639 1157 448 36 Partituren-Kenntniss
2114 1159 78 34 und
2220 1160 349 47 Partituren-Spiel.
2678 1163 176 44 Tages-
2890 1166 93 34 und
3012 1166 237 34 Unterhal-

138 1209 285 45 tungsblatt
464 1211 131 45 (Köln,
639 1212 289 46 Capellmeister
967 1215 41 34 F.
1039 1214 137 45 Hiller,
1218 1216 190 47 Gastspiel
1438 1216 65 35 der
1532 1218 99 33 Frau
1659 1216 236 47 Bürde-Ney,
1927 1218 126 34 Vierte
2084 1218 130 36 Soiree
2239 1221 60 33 für
2327 1221 307 35 Kammermusik
2739 1223 138 43 Erfurt,
2916 1223 43 37 G.
2989 1226 60 35 W.
3080 1225 147 36 Körner

216 1269 142 44 Berlin,
387 1270 363 47 Auszeichnungen,
780 1272 233 46 Königliche
1043 1273 101 47 Oper
1248 1275 170 47 Leipzig,
1448 1276 164 34 Theater
1716 1276 207 34 Frankfurt
1952 1289 32 25 a.
2014 1279 64 41 M.,
2109 1279 99 34 Frau
2236 1280 323 46 Haase-Capitain
2668 1281 196 46 Hamburg
2892 1294 35 23 u.
2958 1294 28 24 s.
3018 1283 75 45 w.).

536 1441 99 54 Aus
677 1443 167 53 einem
883 1443 379 57 Briefwechsel.

254 1574 169 49 Lieber
452 1576 114 48 alter
595 1576 210 48 Freund!
856 1578 76 47 Du
965 1578 146 65 klagst
1152 1580 88 47 und
1284 1581 169 49 fühlest
1483 1583 71 47 die
1585 1585 56 47 Be-

137 1652 268 48 schwerden
438 1654 167 47 Deines
649 1654 481 50 residenzstädtischen
1171 1657 198 57 Lebens,
1414 1663 258 47 wünschest

136 1729 125 49 ihrer
292 1729 119 65 ledig
439 1748 53 30 zu
522 1732 94 47 sein
649 1732 90 47 und
772 1732 70 48 bei
876 1733 84 47 mir
989 1734 324 56 einzukehren,
1345 1754 74 31 um
1445 1738 58 47 im
1530 1738 115 50 klein-

136 1806 273 49 städtischen
440 1807 258 49 Gebimmel
739 1808 77 48 des
857 1812 405 60 grossstädtischen
1294 1813 293 50 Gewimmels
1616 1835 52 29 zu

137 1901 254 48 vergessen.
768 1884 91 50 Les
1003 1884 147 51 beaux
1348 1884 122 69 esprits
1471 1893 48 47 Denn
1557 1896 111 54 sieh,

136 1962 68 48 ich
236 1961 165 49 dachte
430 1963 70 48 ein
533 1963 225 56 Gleiches,
800 1982 87 29 nur
928 1967 288 62 umgekehrt.
1275 1969 114 47 Dich
1432 1969 238 51 beneidete

137 2038 68 48 ich
250 2056 76 30 um
364 2038 73 48 die
473 2041 243 49 Weitsicht
753 2041 170 49 Deines
956 2042 189 57 Blickes,
1190 2043 71 50 die
1304 2046 81 48 der
1428 2047 216 49 künstleri-

134 2117 137 48 schen
302 2118 131 47 Seele
463 2119 150 47 Raum
646 2118 113 65 gibt,
802 2119 73 49 die
917 2121 364 49 vollkommenen
1314 2124 177 49 Werke
1522 2127 121 48 häufi-

136 2211 82 47 ger
246 2211 53 30 zu
330 2195 296 54 vernehmen,
665 2197 64 47 als
765 2197 88 47 mir
892 2198 119 47 mein
1052 2199 426 63 patriarchalischer
1511 2204 156 49 Bezirk

137 2270 98 49 hier
265 2270 196 50 erlaubt.
511 2272 103 48 Und
646 2273 154 48 hätten
834 2274 81 47 wir
943 2275 257 64 getauscht,
1232 2277 151 49 hätten
1414 2279 131 49 Haus
1576 2282 91 47 und

138 2348 144 48 Beruf
306 2347 216 50 dahinten
567 2350 225 63 gelassen,
837 2368 76 31 um
958 2369 210 32 unserem
1200 2354 326 68 Kunstgelüste
1555 2375 115 48 ganz

136 2424 115 50 nach
282 2425 207 65 eigenem
524 2427 172 48 Willen
726 2446 52 29 zu
811 2428 150 57 leben,
1011 2430 81 47 wir
1134 2432 190 48 würden
1365 2449 72 32 am
1477 2436 190 63 eigenen

136 2502 142 49 Leibe
320 2503 233 58 erfahren,
605 2522 94 32 was
743 2507 82 47 wir
866 2507 231 49 närrische
1141 2509 135 48 Alten
1319 2512 146 64 längst
1508 2514 159 49 wissen

137 2588 217 48 mussten,
384 2580 102 49 dass
515 2598 46 32 es
591 2582 116 49 eben
736 2584 175 48 sowohl
952 2584 156 50 mitten
1140 2587 42 47 in
1214 2587 81 48 der
1323 2589 221 48 Residenz
1573 2592 64 48 Un-

133 2658 160 48 schuld
323 2659 92 48 und
439 2660 171 49 Einfalt
640 2662 114 64 gibt,
783 2663 62 47 als
878 2663 182 48 blasirte
1083 2664 180 50 Narren
1286 2667 43 47 in
1356 2668 312 51 Krähwinkel.

138 2735 123 50 Weil
293 2736 69 47 ich
395 2736 114 49 Dich
542 2756 91 29 nun
666 2738 97 48 hier
802 2739 43 48 in
889 2742 172 47 meiner
1094 2742 141 48 Hütte
1267 2743 122 48 nicht
1419 2744 157 48 früher
1605 2748 63 47 als

134 2814 42 48 in
209 2813 80 49 der
321 2815 270 56 Fastenzeit,
637 2833 70 32 wo
753 2818 114 48 Dich
901 2819 116 47 Dein
1049 2819 205 66 Babylon
1300 2829 92 41 erst
1431 2824 128 47 recht
1588 2841 53 31 an-

136 2890 135 57 ekelt,
303 2900 227 41 erwarten
561 2893 117 57 darf,
707 2910 48 34 so
779 2897 139 47 sende
941 2897 70 47 ich
1038 2898 82 47 Dir
1143 2899 152 56 heute,
1326 2900 176 49 Deinen
1530 2902 115 48 histo-

136 2969 174 48 rischen
340 2971 373 49 Reminiscenzen
744 2974 307 58 antwortend,
1083 2977 179 47 meinen
1286 2978 381 65 Neujahrsgruss,

134 3046 178 49 erstlich
339 3048 81 48 mit
440 3048 82 48 der
539 3049 135 55 Bitte,
704 3049 102 48 dass
835 3068 46 30 es
911 3059 134 41 unter
1075 3069 83 31 uns
1188 3053 118 48 beim
1333 3055 135 47 Alten
1502 3055 165 60 bleibe,

132 3125 212 48 zweitens
374 3126 80 49 mit
483 3128 147 48 einem
659 3129 505 65 Sylvester-Rückblick
1196 3131 43 49 in
1268 3131 71 49 die
1365 3133 271 66 Vergangen-

136 3203 106 58 heit,
297 3203 189 49 drittens
543 3205 81 47 mit
678 3206 87 49 den
814 3206 371 51 landesüblichen
1229 3209 298 66 Hoffnungen
1574 3213 91 48 und

137 3281 288 56 Wünschen,
468 3283 70 48 die
584 3284 81 47 wir
707 3284 145 49 allzeit
890 3285 566 52 Fortschritts-Beflissene
1487 3289 76 48 für
1593 3290 73 48 die

132 3359 202 48 Zukunft
363 3360 166 65 hegen,
560 3361 142 49 damit
724 3363 71 48 die
818 3363 259 49 bekannten
1102 3364 94 49 drei
1221 3366 160 65 Tempi
1407 3366 80 49 der
1512 3368 124 48 Welt-

133 3438 164 48 weisen
329 3438 91 48 sich
453 3440 196 47 erfüllen
680 3440 92 48 und
796 3441 161 56 nichts,
988 3458 94 33 was
1103 3460 80 31 zur
1209 3444 251 49 Wahrheit
1482 3445 181 64 gehört,

132 3514 351 66 unterschlagen
514 3516 169 49 werde.

250 3594 60 47 Es
337 3609 98 33 war
466 3595 99 47 eine
591 3595 133 48 Stadt
753 3612 71 31 am
856 3596 383 59 Meeresstrande,
1270 3615 82 49 gar
1381 3600 280 65 gemüthlich

129 3686 52 31 zu
207 3670 151 57 leben,
381 3672 115 47 noch
522 3672 123 49 nicht
668 3690 56 32 an
749 3672 85 50 den
857 3674 543 68 Welt-Schienenstrang
1425 3679 237 63 geknüpft,

133 3764 71 33 wo
247 3749 84 48 wir
373 3765 164 33 unsere
564 3751 182 65 Jugend
791 3754 278 62 gemeinsam
1115 3754 151 48 lebten
1313 3764 131 39 unter
1484 3756 179 49 Leuten

130 3843 84 33 von
246 3829 151 64 wenig
425 3829 150 48 Kunst
607 3830 90 47 und
729 3831 156 48 vielem
915 3839 139 57 guten
1088 3833 191 55 Willen,
1324 3834 139 48 deren
1494 3835 134 48 Wohl-

132 3905 162 48 wollen
336 3905 90 48 und
457 3906 513 65 Bildungs-Bedürfniss
1017 3925 81 32 uns
1154 3909 88 49 den
1284 3911 156 49 Boden
1483 3911 178 50 ebnete.

129 3982 98 49 Viel
252 3984 253 64 Zeitungen
536 3986 63 47 las
630 4003 104 31 man
765 3986 148 57 nicht;
945 3989 63 47 als
1040 3987 82 49 wir
1150 3989 111 47 zehn
1285 3990 142 48 Jahre
1456 4006 78 32 vor
1557 3990 103 48 dem

132 4060 424 67 Völker-Frühling
594 4062 71 50 die
696 4064 392 49 Schumann'sche
1125 4066 57 47 im
1216 4066 165 50 Casino
1413 4066 249 66 auflegten,

129 4146 182 56 erregte
354 4141 62 47 sie
461 4141 276 57 Erstaunen,
782 4142 90 47 und
918 4142 81 49 der
1041 4144 104 47 sehr
1188 4145 311 48 musicalische
1541 4146 121 47 Herr

1769 1435 362 62 Bürgermeister
2160 1436 316 48 verwunderte
2506 1437 109 55 sieb,
2654 1437 101 49 dass
2785 1455 46 31 es
2860 1440 114 47 auch
3003 1442 153 49 solche
3184 1445 75 47 Zei-

1766 1520 169 56 tungen
1968 1512 130 61 gebe.
2153 1513 151 47 Dafür
2334 1513 197 49 kannten
2563 1515 82 47 wir
2676 1516 114 47 auch
2823 1516 69 48 die
2925 1519 212 49 Beclame
3166 1521 121 48 nicht

1766 1588 79 47 mit
1900 1588 141 47 ihrem
2100 1590 345 48 orientalischen
2501 1591 184 48 Zauber
2741 1592 90 47 und
2887 1593 396 53 occidentalischer

1765 1666 257 48 Frechheit.
2079 1667 166 48 Grosse
2276 1668 397 59 Kunst-Meteore,
2718 1670 209 48 Unholde
2970 1674 92 46 und
3105 1675 150 49 Ehren-

1765 1742 135 48 holde
1929 1743 221 47 verirrten
2179 1745 92 47 sich
2301 1746 140 47 selten
2473 1762 50 30 zu
2559 1762 105 39 uns;
2709 1747 81 47 wir
2823 1747 133 48 beide
2987 1748 112 49 aber
3128 1751 129 48 arbei-

1764 1828 119 40 teten
1914 1821 43 47 in
1989 1821 209 65 ruhigem
2224 1822 176 48 Geleise
2432 1822 88 48 und
2553 1823 162 49 fanden
2747 1825 70 48 ein
2846 1825 258 52 dankbares
3130 1830 131 48 Publi-

1763 1914 103 30 cum
1913 1898 74 46 für
2031 1915 191 30 unseren
2263 1900 330 48 bescheidenen
2625 1901 173 48 Mozart
2828 1902 90 47 und
2951 1905 178 64 Haydn.
3185 1907 99 47 Nur

1761 1976 220 45 zuweilen
2026 1974 102 47 fuhr
2165 1976 69 47 ein
2269 1992 73 32 am
2372 1977 116 47 Orte
2534 1977 400 51 unentbehrlicher
2962 1981 294 51 Stabs-Trom-

1764 2061 127 54 peter
1920 2053 125 47 drein
2079 2053 77 48 mit
2188 2053 428 50 unvermeidlichem
2648 2056 364 67 Solo-Vortrage
3042 2076 82 32 von
3155 2061 104 48 zwei-

1763 2129 230 47 felhaftem
2024 2129 191 56 Inhalte,
2248 2132 153 47 womit
2432 2147 102 32 man
2565 2132 87 48 den
2676 2133 138 49 Mann
2843 2135 188 63 glaubte
3061 2154 141 30 warm
3232 2155 53 32 zu

1763 2207 166 47 halten.
1985 2209 71 45 An
2109 2208 91 46 ihm
2245 2208 111 47 aber
2407 2208 127 48 ward
2577 2209 70 49 die
2704 2211 274 66 Bedeutung
3033 2213 254 65 derartiger

1760 2283 353 50 Lückenbüsser
2142 2284 117 49 auch
2290 2284 101 49 dem
2423 2286 330 48 bescheidenen
2777 2288 239 48 Publicum
3049 2289 113 59 klar,
3193 2292 91 48 und

1764 2377 104 32 man
1914 2362 148 65 begab
2103 2362 93 48 sich
2236 2362 252 49 ruckweise
2526 2368 220 45 vorwärts
2789 2366 43 48 in
2871 2366 171 50 andere
3071 2368 214 50 Bahnen:

1763 2437 85 48 den
1895 2439 319 64 Haydn'schen
2673 2442 137 63 folgte
3195 2447 89 47 und

1761 2516 190 48 seitdem
1982 2517 98 47 eine
2109 2517 141 48 Jahre
2281 2517 104 63 lang
2417 2518 434 50 ununterbrochene
2873 2522 143 47 Reihe
3047 2538 83 32 von
3161 2524 95 47 Hän-

1763 2592 223 49 del'schen
2031 2594 264 55 Oratorien,
2338 2596 71 47 die
2451 2596 113 47 nach
2611 2597 236 48 manchem
2893 2599 98 47 Ach
3036 2599 89 49 und
3158 2601 125 48 Weh

1763 2670 80 49 der
1881 2672 487 48 Besserwissenwoller
2408 2673 115 48 doch
2563 2674 85 47 den
2687 2674 108 65 Sieg
2833 2676 168 48 behielt
3036 2678 88 47 und
3163 2679 124 49 nicht

1763 2749 130 47 allein
1925 2749 85 48 den
2043 2750 177 47 kleinen
2247 2750 129 47 Kreis
2405 2750 179 65 inniger
2606 2752 218 57 verband,
2855 2754 195 47 sondern
3082 2761 173 43 auswär-

1761 2827 121 63 tigen
1907 2827 223 64 Humbug
2161 2827 254 57 abwehrte,
2445 2827 57 49 da
2531 2828 71 48 die
2633 2829 144 47 kleine
2807 2830 203 47 hörende
3034 2832 250 49 Gemeinde

1761 2904 256 47 allmählich
2056 2904 171 48 hören
2272 2905 142 47 lernte
2446 2905 90 49 und
2568 2905 70 49 bei
2669 2908 131 47 allem
2835 2907 264 66 Geklimper
3127 2910 130 49 etwai-

1761 2998 82 47 ger
1866 2982 557 64 Meister-Hämmerlinge
2521 2983 71 48 die
2620 2984 91 48 sich
2743 2985 81 47 mit
2854 2985 431 65 herandringenden

1763 3059 299 65 Eisenwegen
2102 3059 200 66 jeweilig
2342 3060 239 49 einfanden
2701 3063 240 48 stocktaub
2973 3064 91 47 und
3096 3082 162 32 wasser-

1761 3137 93 48 kalt
1893 3137 136 48 blieb.
2087 3138 134 47 Diese
2255 3138 234 65 Wirkung
2527 3139 205 48 erschien
2777 3156 83 31 uns
2890 3140 173 50 damals
3092 3143 63 47 als
3184 3144 100 47 eine

1760 3213 313 65 objective,
2117 3232 79 30 aus
2239 3214 100 48 dem
2386 3215 187 49 inneren
2619 3217 196 48 Werthe
2851 3217 133 64 jener
3026 3219 258 50 herrlichen

1761 3291 176 50 Werke
1976 3293 249 62 geborene,
2274 3293 89 47 und
2408 3294 81 46 wir
2530 3302 167 40 setzten
2729 3295 85 47 den
2847 3295 158 49 Canon
3045 3297 97 54 fest,
3180 3297 102 49 dass

1758 3370 108 47 alles
1893 3370 207 47 classisch
2135 3370 286 48 Werthvolle
2450 3371 142 49 durch
2635 3373 266 65 einfältigen
2931 3374 201 65 Vortrag
3174 3375 87 49 voll-

1756 3446 145 65 gültig
1930 3464 79 31 zur
2040 3448 316 63 Erscheinung
2385 3448 197 57 komme,
2612 3449 120 48 ohne
2755 3449 243 65 subjective
3021 3452 236 48 Künstlich-

1759 3525 89 48 keit
1877 3525 81 48 der
1989 3526 158 64 Tempi
2180 3526 89 47 und
2301 3526 243 65 Dynamik.
2592 3528 100 48 Nur
2722 3528 204 48 damals?
2982 3529 195 48 Glaubst
3208 3532 72 47 Du

1749 3603 109 64 jetzt
1887 3603 122 48 nicht
2041 3604 128 47 mehr
2196 3604 81 48 so?
2309 3604 145 48 Deine
2484 3605 159 48 letzten
2675 3605 149 48 Briefe
2854 3605 149 65 gaben
3035 3606 85 49 mir
3148 3608 131 48 einen

1754 3680 143 59 Stich,
1939 3681 64 49 als
2046 3685 122 45 wäre
2212 3681 146 49 meine
2400 3683 177 64 zopfige
2614 3683 190 48 Ansicht
2845 3683 81 48 auf
2963 3683 101 49 dem
3111 3685 167 64 Wege,

1756 3758 372 48 überwundener
2158 3758 288 66 Standpunkt
2476 3777 51 30 zu
2560 3759 198 49 werden.
2815 3760 130 48 Doch
2977 3761 117 55 nein,
3130 3763 145 54 Alter,

1755 3836 69 49 ich
1857 3836 146 49 kenne
2033 3836 113 49 Dich
2180 3836 174 49 besser!
2385 3839 116 47 Hast
2530 3839 73 47 Du
2635 3839 122 48 nicht
2784 3838 138 49 selbst
2944 3840 104 62 jene
3073 3838 177 64 Objecti-

1755 3915 105 47 vität
1888 3915 116 48 auch
2036 3914 128 49 darin
2203 3915 273 56 anerkannt,
2516 3915 101 48 dass
2657 3918 82 45 wir
2779 3915 198 48 keinen
3019 3916 255 64 Applaus

1754 4000 272 57 gestatteten
2052 3993 90 48 und
2168 3993 114 48 doch
2307 3994 163 47 immer
2494 3994 173 63 gleiche
2686 3993 296 49 Theilnahme
3007 3993 90 48 und
3123 3994 120 47 wach-

1754 4070 137 48 sende
1933 4070 357 48 Zuhörerschaft
2330 4088 254 48 gewannen
2629 4087 80 31 aus
2752 4071 77 47 der
2871 4087 172 48 ganzen
3085 4071 188 49 Provinz

1755 4165 83 31 von
1871 4147 245 59 200,000
2147 4149 192 48 Seelen?
2377 4149 89 47 und
2497 4147 114 49 auch
2644 4147 159 55 daran,
2832 4147 99 49 dass
2962 4149 68 47 ein
3066 4146 205 65 Weitge-

3007 4226 30 49 5
