2669 3866
2388 338 87 77 161

673 358 65 35 &
778 346 225 49 UNTIL
1041 348 266 50 TODAY
1341 355 151 48 THE
1521 359 290 54 ARTIST.
1843 372 63 34 &

188 445 105 44 fire
319 445 55 46 of
405 450 107 53 joy.
547 450 116 44 And
701 454 66 43 he
801 456 85 42 set
919 456 43 41 it
997 466 68 42 up
1101 468 104 32 one
1239 459 162 53 night
1431 461 184 58 facing
1647 468 95 42 the
1769 469 162 42 north
1957 468 141 43 from
2125 470 224 45 whence
2375 474 94 42 the

192 536 116 42 cold
344 538 145 44 wind
523 553 112 32 was
668 543 199 53 always
902 544 252 53 blowing,
1190 550 103 40 and
1331 553 231 42 awaited
1599 557 94 42 the
1726 558 175 52 rising
1934 568 123 33 sun.

442 640 133 33 soon
611 633 96 43 the
742 634 140 53 light
915 638 153 49 crept
1101 638 175 41 round
1313 639 95 42 the
1443 643 157 42 earth
1637 647 104 40 and
1777 658 129 32 over
1938 649 95 42 the
2070 648 143 51 hills,
2269 652 104 41 and
2424 651 47 42 It

188 718 237 42 touched
463 722 92 42 the
592 726 193 52 image,
822 737 140 42 upon
998 727 174 43 which
1206 738 145 33 were
1384 741 205 40 graven
1611 731 117 58 [the
1778 740 194 49 words,
2085 737 79 48 To
2215 737 100 47 the
2366 751 69 34 un-

189 816 144 34 seen
1661 832 65 35 jg?

286 896 116 42 And
438 897 272 61 instantly
744 906 111 43 God
891 907 218 42 became
1144 905 274 54 manifest,
1455 911 104 41 and
1596 921 272 43 everyone
1892 917 122 42 who
2037 930 112 32 saw
2168 921 95 41 the
2288 921 178 53 image

190 983 163 44 knew
385 987 123 42 that
541 990 95 43 the
673 1002 206 35 unseen
914 996 109 42 God
1062 1008 107 30 was
1204 995 179 54 lovely
1415 999 58 40 to
1498 997 136 44 have
1660 1000 164 52 given
1849 1004 147 43 birth
2023 1009 57 40 to
2104 1019 60 32 so
2192 1010 273 44 beautiful

187 1084 68 30 an
292 1075 196 52 image.
522 1076 117 45 And
675 1081 112 43 God
822 1085 203 42 turned
1062 1084 135 44 back
1232 1096 133 32 once
1399 1098 151 31 more
1585 1089 240 43 towards
1859 1094 93 41 the
1987 1096 178 44 earth.
2400 1107 65 35 &

284 1166 117 41 And
438 1166 66 42 he
541 1166 193 47 looked
771 1184 58 32 so
863 1174 276 56 smilingly
1172 1179 57 39 at
1261 1176 95 42 the
1390 1178 176 52 image
1600 1178 56 43 of
1708 1180 310 54 himself,....
2053 1197 68 31 an
2177 1188 177 53 image
2405 1202 60 32 so

187 1253 187 44 unlike
406 1258 106 40 and
545 1262 95 48 yet
674 1272 59 31 so
767 1264 204 52 true,...
1004 1265 125 42 that
1162 1265 66 43 he
1260 1265 224 54 forgave
1520 1268 259 43 mankind
1816 1270 70 42 all
1920 1274 149 42 their
2100 1275 364 49 weaknesses.

184 1352 65 34 &
280 1342 116 44 And
434 1345 109 42 God
581 1359 112 32 was
730 1362 135 32 once
899 1364 150 32 more
1084 1355 234 42 Master:
1455 1357 259 43 mankind
1751 1371 135 31 once
1942 1372 151 33 more
2145 1366 226 53 obeyed,

181 1434 105 41 and
336 1434 94 43 the
465 1434 177 46 Artist
677 1452 109 30 was
820 1439 303 56 forgotten.
2401 1465 63 37 &

377 1522 118 46 And
531 1526 70 43 all
637 1528 112 45 this
783 1531 45 42 is
862 1542 59 32 as
954 1532 47 43 it
1034 1535 195 43 should
1266 1537 84 42 be.
