2669 3866
766 338 44 44 A
849 338 337 54 HISTORY
1219 339 99 47 OF
1348 338 363 47 PUPPETS.

2354 350 86 37 121

155 457 233 41 arrange
423 445 84 44 his
539 444 127 54 plan
701 443 55 44 of
789 448 302 51 campaign,
1124 459 60 31 so
1219 447 263 54 carefully
1517 448 87 42 did
1640 448 68 42 he
1741 458 160 42 carry
1933 448 98 41 out
2055 445 70 44 all
2153 447 84 42 his
2258 458 149 32 move-

156 537 201 49 ments,
410 536 106 42 and
565 546 59 30 so
672 533 314 53 valorously
1039 537 88 41 did
1167 537 68 42 he
1266 534 146 54 fight
1444 539 60 40 at
1534 537 94 42 the
1664 537 136 42 head
1851 533 55 46 of
1956 536 84 42 his
2072 537 209 48 troops,
2314 536 128 42 that

156 626 55 40 in
248 623 108 45 less
389 625 134 41 than
558 625 156 41 three
747 635 177 42 years,
957 622 139 43 from
1133 635 95 40 403
1261 626 60 40 to
1355 625 116 52 406,
1495 626 66 42 he
1585 623 252 45 defeated
1862 623 180 43 Alaric
2067 625 58 41 at
2149 622 292 51 Pollentia,

156 716 105 41 and
296 715 348 43 surrounded
697 713 105 42 and
851 711 133 44 took
1034 713 335 53 Radagasius
1418 716 252 51 prisoner
1724 726 67 32 on
1842 716 96 42 the
1989 725 168 42 green
2210 712 126 45 hills
2384 712 57 45 of

159 804 208 43 Fiesole
402 806 54 41 in
493 804 278 52 Tuscany;
803 802 164 44 twice
1002 802 66 42 he
1104 802 310 44 celebrated
1468 805 278 49 victories,
1796 804 160 43 twice
2009 805 68 42 he
2125 805 164 42 saved
2338 804 103 42 the

160 895 216 52 Empire
409 894 141 43 from
586 894 291 43 imminent
907 894 147 42 ruin.
1090 893 118 41 And
1244 893 94 41 the
1374 893 261 52 Emperor
1668 896 274 42 Honorius
1990 895 282 43 rewarded
2324 895 110 41 him

160 983 89 44 for
282 985 84 42 his
400 983 400 53 distinguished
836 984 226 47 service,
1095 985 110 40 two
1238 993 160 43 years
1432 981 325 45 afterwards
1790 987 58 39 at
1881 985 276 50 Ravenna,
2210 985 69 54 by
2312 995 96 32 cau-

162 1074 124 51 sing
320 1073 84 42 his
438 1074 135 41 head
610 1075 57 40 to
701 1074 64 41 be
798 1073 94 42 cut
925 1069 76 45 off
1051 1082 67 30 on
1174 1072 95 40 the
1317 1070 285 44 threshold
1656 1072 55 42 of
1759 1074 95 41 the
1901 1072 263 53 principal
2216 1073 223 42 church.

163 1162 170 42 Maria
366 1162 103 42 had
507 1164 98 40 not
635 1164 59 40 to
730 1162 266 51 undergo,
1031 1159 110 43 like
1178 1160 99 42 her
1310 1160 182 49 sister,
1524 1160 97 42 the
1654 1159 260 45 ineffable
1947 1172 208 33 sorrow
2204 1160 54 44 of
2313 1162 95 42 wit-

163 1252 223 52 nessing
422 1252 99 41 her
551 1249 233 44 father's
818 1261 295 32 massacre.
1144 1251 106 40 She
1285 1251 102 39 had
1424 1249 123 42 died
1583 1252 58 39 at
1673 1251 162 47 Rome
1867 1261 149 32 some
2049 1262 157 42 years
2232 1251 208 52 before,

162 1352 134 32 soon
330 1340 282 52 following
647 1340 99 43 her
779 1340 148 43 little
960 1351 99 32 son
1095 1342 57 39 to
1188 1342 94 39 the
1315 1341 171 51 tomb;
1520 1341 126 42 that
1677 1342 152 41 tomb
1862 1341 125 42 that
2007 1341 272 53 enclosed,
2304 1341 133 42 with

163 1430 96 42 the
294 1431 167 41 bones
494 1428 54 44 of
581 1430 94 42 the
709 1428 148 55 royal
893 1428 201 50 infant,
1128 1430 93 40 the
1619 1430 125 42 that
1779 1431 101 41 had
1914 1431 248 41 arrested
2195 1428 84 42 his
2303 1430 138 40 cries

169 1521 103 41 and
308 1519 153 43 dried
496 1520 82 42 his
611 1520 150 41 tears
810 1520 201 51 during
1058 1519 126 42 that
1232 1517 296 44 continued
1579 1519 104 42 and
1738 1516 229 45 terrible
2022 1517 310 44 succession
2389 1514 55 45 of

169 1609 292 51 triumphs,
498 1608 55 43 of
583 1606 211 55 flights,
830 1608 53 43 of
918 1619 158 41 pomp
1109 1609 104 40 and
1249 1606 56 43 of
1336 1606 348 43 misfortune.
1707 1608 112 41 You
1846 1619 121 41 may
1989 1605 175 53 smile,
2187 1608 257 49 perhaps,

169 1710 59 31 as
259 1710 104 42 you
398 1696 166 44 think
595 1698 54 42 of
680 1698 125 42 that
837 1709 235 40 woman,
1104 1698 123 42 that
1259 1696 236 50 mother,
1539 1698 125 40 that
1711 1696 311 53 sovereign,
2069 1696 269 53 daughter
2387 1694 55 43 of

169 1790 95 41 the
297 1792 248 49 greatest
578 1788 215 52 captain
828 1785 54 44 of
915 1788 82 41 his
1030 1798 122 41 age,
1183 1787 212 42 exalted
1430 1788 57 41 to
1553 1787 93 40 the
1696 1788 143 39 most
1872 1784 247 43 brilliant
2149 1785 202 42 throne
2387 1785 55 41 in

169 1881 95 41 the
297 1878 193 52 world,
522 1878 56 42 in
614 1889 30 30 a
677 1878 132 42 time
845 1877 52 43 of
931 1877 207 43 tumult
1171 1879 104 40 and
1313 1877 146 51 ruin,
1492 1877 103 40 and
1631 1874 202 43 amidst
1862 1876 97 41 the
1994 1874 145 43 clash
2191 1873 53 43 of
2294 1886 147 30 arms

168 1968 164 43 while
365 1968 95 42 the
493 1967 86 43 old
616 1968 161 41 order
810 1964 56 45 of
897 1967 188 52 things
1118 1978 110 31 was
1263 1966 323 50 crumbling,
1619 1964 124 49 and,
1764 1963 56 42 in
1853 1964 97 42 the
1984 1966 210 50 stormy
2215 1973 226 42 passage

169 2057 142 43 from
346 2057 96 42 the
475 2058 221 41 ancient
729 2058 59 40 to
821 2057 96 41 the
953 2067 139 41 new,
1127 2055 70 43 all
1231 2057 264 50 passions,
1550 2053 71 42 all
1670 2053 240 50 hatreds,
1959 2051 69 43 all
2063 2051 273 53 rivalries,
2370 2051 71 44 all

169 2146 297 44 ambitions
484 2157 145 32 were
662 2145 269 53 furiously
955 2147 209 50 raging,
1186 2146 163 51 going
1376 2145 156 40 down
1557 2145 56 39 to
1636 2142 95 42 the
1754 2152 184 41 grave,
1961 2152 59 31 as
2045 2143 55 40 to
2124 2152 67 31 an
2215 2141 230 55 asylum,

169 2236 135 42 with
339 2239 99 40 her
470 2235 142 43 child
649 2236 248 42 between
953 2236 98 41 her
1103 2245 163 41 arms,
1320 2234 104 40 and
1477 2230 228 52 seeking
1755 2241 162 40 peace
1971 2230 56 42 in
2080 2231 124 41 that
2254 2231 190 42 sacred

172 2328 232 50 ground,
457 2325 177 43 which
690 2326 94 41 the
841 2335 121 32 new
1015 2324 234 51 religion
1305 2323 99 40 had
1461 2317 247 45 confided
1762 2320 58 41 to
1875 2320 92 41 the
2022 2320 311 50 protection
2389 2317 56 45 of

170 2417 267 52 guardian
471 2415 191 52 angels
689 2427 12 39 ;
737 2415 255 51 carrying
1025 2413 235 51 nothing
1292 2410 133 42 with
1462 2410 97 41 her
1593 2406 54 45 of
1678 2408 74 42 all
1786 2409 98 42 her
1912 2406 199 44 wealth
2157 2409 104 41 and
2296 2409 120 42 trea-

172 2516 129 33 sure
338 2505 98 42 but
482 2505 96 41 the
628 2514 134 41 poor
809 2502 316 52 playthings
1180 2499 53 43 of
1285 2500 100 40 her
1440 2497 148 43 little
1641 2497 165 44 child.
1860 2498 48 42 It
1960 2498 46 40 is
2058 2507 68 33 an
2180 2495 264 55 affecting

170 2594 257 54 thought,
461 2594 126 42 that
617 2592 214 44 softens
864 2592 104 40 and
1005 2588 246 43 consoles
1284 2588 104 41 and
1437 2588 189 42 stands
1675 2589 98 40 out
1820 2588 55 41 in
1924 2588 225 51 strange
2197 2588 252 43 contrast

172 2684 136 42 with
342 2686 98 40 the
471 2682 235 52 ferocity
739 2682 105 41 and
879 2678 212 52 cruelty
1125 2676 55 43 of
1213 2677 126 42 that
1371 2677 240 51 agitated
1645 2677 207 49 period.
2139 2686 65 35 &
2385 2684 64 36 &

173 2785 62 34 &
271 2777 57 41 In
362 2772 388 45 confirmation
786 2768 55 43 of
873 2770 147 41 what
1052 2768 96 41 has
1181 2768 136 41 been
1352 2765 219 54 already
1602 2767 113 41 said
1746 2767 138 41 with
1915 2768 193 51 regard
2133 2768 58 42 to
2215 2768 97 42 the
2337 2768 82 42 dis-

173 2875 199 41 covery
405 2861 56 43 of
501 2862 236 51 puppets
790 2860 56 39 in
906 2858 90 41 the
1031 2857 86 41 old
1155 2855 277 43 Christian
1465 2853 336 54 sepulchres,
1835 2855 205 53 Fllippo
2096 2856 353 53 Buonarroti,

174 2954 55 40 in
266 2954 82 39 his
442 2950 153 43 Vetri
628 2947 208 42 antichi
925 2944 188 54 (Pref.,
1147 2955 52 39 p.
1233 2945 74 53 ix)
1340 2945 272 42 describes
1647 2944 202 52 having
1898 2955 129 32 seen
2078 2946 57 41 in
2178 2946 97 43 the
2318 2946 99 43 Car-

174 3050 178 42 pegna
385 3049 246 30 museum
668 3036 207 42 certain
910 3032 209 45 infants
1151 3032 53 45 of
1237 3035 153 52 ivory
1423 3035 104 41 and
1565 3034 157 49 bone,
1755 3034 125 42 that
1913 3035 101 41 had
2040 3036 136 42 been
2197 3035 169 43 found
2390 3038 56 41 in

172 3129 94 42 the
285 3126 320 44 cemeteries
628 3124 53 42 of
703 3125 106 42 San
844 3123 223 44 Callisto
1101 3124 106 41 and
1240 3124 169 43 Santa
1444 3123 267 49 Priscilla,
1745 3124 103 42 and
1884 3125 128 41 that
2046 3125 101 42 had
2180 3126 95 42 the
2299 3137 145 33 arms

174 3219 106 41 and
315 3215 114 55 legs
460 3214 211 52 Jointed
704 3214 58 42 to
794 3214 109 42 the.
925 3214 139 52 body
1099 3215 68 51 by
1198 3224 133 42 very
1363 3213 122 43 thin
1524 3214 120 42 iron
1678 3214 152 45 wire.
1863 3215 319 52 Monsignor
2206 3217 242 42 Boidetti

174 3308 97 42 has
301 3304 287 55 published
623 3304 105 42 and
781 3303 314 43 illustrated
1148 3314 68 31 an
1265 3306 234 40 account
1548 3303 55 43 of
1646 3304 211 43 similar
1905 3306 300 53 instances,
2253 3307 57 40 in
2357 3306 95 41 the

173 3396 215 53 Tables,
396 3393 254 53 -forming
668 3396 126 50 part
826 3392 54 44 of
904 3392 83 43 his
1011 3392 151 44 work
1195 3403 69 32 on
1284 3393 95 43 the
1799 3392 55 44 of
1875 3396 95 42 the
1994 3396 126 54 holy
2158 3397 235 52 Martyrs

173 3487 126 44 This
334 3488 46 42 is
412 3486 148 43 what
596 3486 66 42 he
695 3482 189 45 writes
908 3493 92 35 ;....
