2669 3866
731 322 232 49 MUCH
992 327 160 44 ABO
1185 327 263 46 ABOUT
1476 323 378 50 NOTHING.
1890 334 64 35 &

2384 321 94 55 165

197 428 109 44 The
341 426 457 44 last-mentioned
854 431 143 52 style
1052 433 44 42 is
1148 433 129 42 that
1329 435 175 42 which
1557 444 177 33 seems
1781 435 58 39 to
1896 442 84 31 me
2016 431 57 41 to
2107 430 65 42 be
2205 430 94 40 the
2335 431 143 41 most

135 558 20 13 „
197 515 280 56 probable,
510 517 105 41 and
653 520 399 53 consequently
1076 522 83 42 his
1183 522 108 42 hall
1316 522 178 44 would
1520 525 65 41 be
1609 525 97 41 not
1729 521 84 43 far
1835 521 253 45 removed
2111 519 56 41 In
2192 519 286 41 character

197 605 140 44 from
370 606 127 42 that
529 604 55 44 of
617 606 248 52 Baptista
897 609 221 44 Minola.
1183 621 63 35 jZt
1429 623 65 34 jZ?

200 705 63 36 jZ?
297 694 112 44 The
444 694 172 43 inside
651 694 55 42 of
737 695 95 42 the
868 696 204 42 church
1108 700 136 41 need
1294 703 97 40 not
1439 701 219 44 trouble
1707 713 62 33 us
1791 734 13 20 ,
1852 703 162 40 there
2063 710 92 32 are
2204 709 61 32 so
2317 709 159 43 many

198 783 207 45 careful
440 787 104 40 and
582 785 283 41 measured
901 785 271 54 drawings
1206 789 287 51 published
1527 789 54 45 of
1612 792 95 43 the
1741 790 263 45 churches
2040 788 55 46 of
2125 788 183 53 Sicily,
2349 788 128 42 that

200 877 94 42 the
324 877 127 40 true
483 875 237 51 portrait
752 873 46 43 Is
832 873 200 44 almost
1063 887 57 30 as
1155 888 127 43 easy
1315 881 57 40 to
1406 881 65 40 be
1504 882 243 42 attained
1797 893 68 32 on
1917 882 96 42 the
2065 883 154 50 stage
2268 889 59 32 as
2375 878 97 42 the

200 966 306 42 caricature
540 976 81 29 we
656 964 137 42 have
828 964 247 42 hitherto
1113 977 153 32 seen.

297 1055 111 41 The
433 1055 184 50 prison
653 1065 163 30 scene
851 1066 122 41 may
1005 1066 132 41 very
1170 1055 122 43 well
1329 1057 63 41 be
1425 1058 95 42 the
1556 1070 185 32 means
1766 1058 54 44 of
1842 1060 341 53 Illustrating
2205 1061 94 41 the
2324 1056 150 54 early

206 1147 376 51 Romanesque
635 1143 372 44 architecture
1062 1146 53 41 in
1172 1146 72 42 Its
1293 1143 247 45 fortified
1590 1151 215 50 aspect;
1860 1151 102 41 and
1998 1151 168 42 about
2197 1150 134 51 this,
2362 1151 111 46 too,

198 1236 159 42 there
393 1236 44 42 is
473 1235 99 42 not
604 1246 30 31 a
670 1235 221 42 shadow
927 1232 55 43 of
1015 1232 291 56 difficulty.

300 1324 110 43 The
442 1321 318 46 references
795 1325 55 39 in
884 1324 97 42 the
1014 1326 118 40 text
1165 1326 57 41 to
1256 1326 328 42 accessories
1647 1326 171 43 afford
1856 1339 29 30 a
1917 1328 219 41 further
2190 1328 253 41 contribu-

200 1416 119 42 tion
352 1416 58 41 to
445 1415 96 41 the
576 1414 122 43 lists
732 1411 54 45 of
821 1413 221 43 articles
1076 1413 55 43 of
1164 1416 241 51 wearing
1437 1416 240 53 apparel,
1696 1415 301 55 furniture,
2045 1419 112 50 &c.,
2204 1418 158 51 given
2413 1415 59 42 in

201 1517 86 42 my
323 1505 156 41 notes
516 1516 68 30 on
621 1504 164 42 other
818 1502 170 53 plays,
1021 1504 129 41 tiius

367 1596 75 40 He
477 1604 172 31 wears
685 1594 82 42 his
799 1593 142 42 faith
977 1594 99 41 but
1108 1604 57 31 as
1199 1594 94 41 the
1326 1594 216 43 fashion
1579 1593 53 44 of
1667 1596 83 43 his
1787 1597 126 47 hat;
1968 1597 45 39 it
2060 1606 128 30 ever
2237 1594 236 50 changes

196 1683 134 42 with
366 1683 95 42 the
498 1686 130 39 next
910 1682 123 53 (Act
1066 1683 56 50 i.,
1155 1683 82 42 Sc.
1278 1683 57 52 I.)

363 1773 111 41 The
511 1772 137 52 body
682 1771 54 43 of
766 1782 140 43 your
929 1772 277 43 discourse
1231 1772 44 42 is
1299 1773 282 42 sometime
1602 1773 236 51 guarded
1866 1773 129 41 with
2020 1770 320 53 fragments,
2364 1771 105 42 and

197 1864 95 40 the
325 1862 202 52 guards
562 1872 92 31 are
689 1862 99 41 but
821 1861 226 52 slightly
1081 1862 188 41 basted
1306 1874 68 30 on
1717 1861 126 55 (Act
1876 1865 36 49 i,
1943 1864 85 41 Sc.
2063 1862 63 54 1.)

197 1961 65 35 jZ?
362 1951 164 43 What
557 1949 213 44 fashion
807 1950 109 43 will
949 1961 105 42 you
1089 1961 147 32 wear
1269 1952 94 41 the
1399 1951 221 52 garland
1658 1951 53 43 of
1731 1952 27 42 ?
1790 1952 179 42 About
2009 1961 139 43 your
2182 1950 156 53 neck,
2360 1950 112 43 like

196 2053 67 30 an
301 2036 245 47 usurer's
581 2039 204 43 chain?
818 2050 62 31 or
915 2041 176 40 under
1122 2050 138 42 your
1293 2051 114 31 arm
1443 2040 107 42 Sike
1584 2053 29 29 a
1645 2037 357 45 lieutenant's
2350 2037 123 54 (Act

195 2131 78 51 ii.,
305 2130 83 42 Sc.
426 2129 63 53 1.)
687 2135 1787 40 jZ?jZ/jZ/<Z?jZ?j&j&J&

361 2220 18 41 1
417 2222 134 40 have
587 2218 199 43 known
821 2219 158 42 when
1018 2219 66 42 he
1117 2218 177 43 would
1344 2219 135 42 have
1512 2218 208 44 walked
1755 2223 93 38 ten
1884 2218 124 43 mile
2044 2218 150 44 afoot
2228 2222 56 39 to
2318 2229 90 33 see
2442 2231 32 30 a

192 2311 137 50 good
365 2319 255 39 armour;
654 2309 104 41 and
797 2319 120 31 now
949 2307 113 43 will
1098 2308 64 42 he
1197 2308 68 41 lie
1301 2309 92 40 ten
1433 2308 181 52 nights
1647 2307 185 44 awake
1867 2309 221 51 carving
2121 2309 93 41 the
2256 2307 214 44 fashion

193 2398 55 43 of
280 2411 30 30 a
347 2411 118 29 new
818 2396 126 54 (Act
981 2398 76 51 ii.,
1089 2397 85 43 Sc.
1208 2397 71 51 3.)
1420 2405 65 34 £?
1665 2406 65 35 jZ?
1912 2405 63 34 ■£?
2402 2405 65 34 ■£?

187 2497 65 36 &
352 2488 174 44 There
562 2490 43 40 is
642 2499 67 30 no
744 2499 337 40 appearance
1117 2486 54 42 of
1203 2487 157 51 fancy
1400 2488 53 41 in
1491 2487 127 52 him,
1654 2487 189 43 unless
1877 2487 47 42 it
1966 2490 61 40 be
2084 2500 30 30 a
2168 2487 161 53 fancy
2346 2488 127 41 that

195 2580 67 40 he
296 2579 135 41 hath
465 2580 59 39 to
558 2579 223 49 strange
814 2576 268 52 disguises
1108 2586 12 38 ;
1153 2587 59 31 as
1242 2577 59 41 to
1338 2577 62 41 be
1434 2589 31 29 a
1498 2577 302 42 Dutchman
1834 2579 220 52 to-day;
2078 2589 29 30 a
2133 2577 336 42 Frenchman

192 2670 333 46 tomorrow;
558 2678 62 30 or
654 2666 57 41 in
744 2666 97 42 the
875 2666 168 50 shape
1079 2664 54 43 of
1164 2666 110 41 two
1310 2667 279 41 countries
1625 2666 58 41 at
1720 2676 152 42 once,
1913 2678 80 40 as,
2016 2679 30 29 a
2070 2666 229 42 German
2326 2665 141 43 from

190 2756 93 43 the
319 2754 163 43 waist
513 2754 332 48 downward,
880 2751 70 43 all
986 2753 145 52 slops
1152 2763 14 39 ;
1200 2753 105 41 and
1340 2764 29 30 a
1402 2754 265 51 Spaniard
1702 2753 139 43 from
1875 2755 96 41 the
2008 2755 89 51 hip
2134 2755 242 52 upward,
2402 2764 70 33 no

508 2843 125 53 (Act
667 2843 102 50 132.,
812 2843 85 42 Sc.
930 2843 72 50 2.)
1426 2850 64 35 zz?
1670 2852 64 34 jZ?
1913 2853 65 33 jZ?

289 2933 213 53 Among
534 2933 95 42 the
663 2933 182 40 habits
879 2943 60 30 or
974 2943 257 30 manners
1264 2929 55 46 of
1352 2933 95 42 the
1479 2944 181 42 young
1694 2933 150 44 lover
1877 2933 55 43 of
1962 2935 111 41 this
2095 2935 130 41 time
2249 2946 82 31 we
2352 2933 117 43 find

182 3026 126 40 that
342 3024 67 41 he
447 3023 230 42 brushes
715 3022 83 40 his
835 3022 95 40 hat
964 3032 163 41 every
1164 3023 273 50 morning,
1472 3023 193 42 shaves
1702 3023 161 50 ciose,
1900 3026 134 40 rubs
2074 3023 219 43 himself
2336 3024 133 42 with

186 3116 148 48 civit,
367 3113 212 43 washes
629 3113 82 41 his
758 3111 116 42 face
918 3112 105 41 and
1056 3111 183 52 paints
1274 3113 64 41 it.
1376 3113 104 41 But
1514 3113 97 42 the
1650 3116 142 39 most
1827 3113 238 43 detailed
2100 3113 280 43 reference
2415 3116 57 40 to

187 3206 246 41 costume
468 3203 45 41 is
548 3202 54 42 in
638 3201 95 42 the
766 3198 189 43 fourth
988 3200 169 41 Scene
1193 3198 53 43 of
1278 3201 94 40 the
1405 3201 151 42 third
1592 3201 138 52 Act;
1783 3203 129 41 here
1962 3215 82 30 we
2089 3205 136 42 have
2260 3215 30 30 a
2324 3202 145 43 little

191 3294 303 41 discussion
530 3292 248 41 between
813 3290 94 42 the
944 3287 124 55 lady
1101 3291 105 39 and
1240 3290 99 42 her
1371 3291 294 43 attendant
1698 3304 69 29 on
1794 3294 91 41 the
1912 3292 138 52 style
2070 3292 55 45 of
2148 3295 99 42 the
2275 3294 193 41 rabato

190 3384 118 53 (the
341 3381 332 52 neck-band,
706 3379 131 50 ruff,
871 3390 63 31 or
965 3377 210 55 collar),
1207 3380 98 42 the
1340 3380 188 43 colour
1562 3381 54 43 of
1647 3384 98 42 the
1778 3384 136 43 false
1950 3385 119 42 hair
2102 3386 104 41 and
2242 3385 95 41 the
2359 3385 110 42 tire

191 3473 105 42 and
330 3473 134 42 then
499 3469 214 44 follows
746 3470 159 51 great
939 3469 175 49 praise
1165 3468 53 43 of
1258 3470 186 43 Hero's
1493 3473 248 52 wedding
1790 3475 151 42 dress
1992 3475 66 52 by
2108 3475 96 41 the
2255 3474 113 42 side
2417 3471 55 45 of
