2669 3866
896 302 44 43 A
978 297 332 52 HISTORY
1343 296 98 45 OF
1470 292 359 47 PUPPETS.

211 320 84 34 112

210 413 118 42 into
362 412 218 42 various
610 409 189 50 forms,
832 407 104 42 and
971 404 264 50 arranged
1269 403 103 39 and
1408 398 326 43 articulated
1759 399 66 50 by
1850 397 287 52 ingenious
2163 395 292 44 craftsmen

209 503 54 40 in
299 502 131 42 such
464 510 178 40 away
676 507 55 32 as
765 498 56 40 to
854 491 255 44 simulate
1143 491 93 40 the
1272 488 338 42 movements
1643 487 104 41 and
1782 486 209 42 actions
2026 484 55 44 of
2112 484 113 42 rea!
2260 483 112 45 life.
2394 492 64 36 &

210 599 63 34 &
310 586 336 49 Descending
679 585 130 39 then
842 576 378 56 precipitately
1250 576 141 42 from
1427 576 205 42 heaven
1665 576 59 42 to
1777 575 177 48 earth,
2002 585 80 31 we
2137 585 88 30 see
2276 572 182 44 before

211 688 101 30 our
345 685 123 43 eyes
502 675 90 40 the
627 667 199 46 annual
860 676 285 43 ceremony
1176 666 134 41 with
1344 663 174 44 which
1552 663 94 42 the
1696 665 156 49 great
1898 662 217 43 festival
2163 661 55 43 of
2251 661 208 43 Osirlde

210 774 109 30 was
352 759 306 45 celebrated
694 757 53 40 in
783 755 189 52 Egypt.

210 860 63 36 &
308 850 193 46 There,
534 846 291 51 according
855 848 59 38 to
950 845 323 47 Herodotus,
1309 844 54 42 in
1397 845 94 39 the
1527 842 166 42 midst
1726 840 54 43 of
1810 841 95 42 the
1937 841 178 42 crowd
2149 840 174 42 which
2379 840 56 41 in-

213 939 165 42 vaded
413 936 95 41 the
544 934 270 52 precincts
848 933 104 42 and
986 930 197 45 flowed
1217 931 158 52 along
1406 931 94 42 the
1535 942 236 31 avenues
1805 929 144 43 lined
1985 930 68 51 by
2083 930 94 41 the
2211 928 220 41 intermi-

213 1023 157 44 nable
404 1022 165 43 ranks
604 1020 54 43 of
691 1023 313 40 monstrous
1034 1022 215 50 granite
1283 1019 273 53 sphinxes,
1592 1018 250 42 marched
1876 1018 54 40 in
1965 1018 155 49 great
2166 1016 169 42 bands
2365 1015 95 42 the

206 1114 224 52 priests,
463 1113 224 50 bearing
721 1122 67 30 on
821 1110 148 42 their
1000 1108 284 44 shoulders
1317 1110 94 41 the
1460 1108 175 52 image
1683 1107 55 42 of
1768 1107 94 42 the
1913 1107 131 50 God,
2095 1105 180 42 whose
2325 1103 137 43 head

213 1202 189 42 moved
436 1198 330 53 incessantly
797 1197 139 43 from
971 1198 150 50 right
1152 1198 57 41 to
1242 1194 98 43 left
1372 1197 103 40 and
1510 1196 188 41 darted
1734 1204 128 33 over
1895 1194 96 43 the
2025 1192 294 43 multitude
2368 1190 94 44 the

210 1287 276 52 lightning
519 1286 215 52 glances
768 1284 54 44 of
855 1287 80 41 his
967 1284 138 53 fiery
1140 1296 143 41 eyes.

214 1387 63 35 &
319 1376 144 43 With
496 1376 147 41 their
677 1373 160 45 backs
870 1376 58 41 to
963 1375 94 40 the
1089 1372 150 43 walls
1272 1371 54 44 of
1359 1372 97 42 the
1489 1370 202 53 temple
1725 1370 53 43 of
1810 1371 313 51 Jerapoli....
2176 1370 288 50 according

206 1466 60 41 to
289 1465 92 40 the
404 1465 299 51 testimony
727 1462 53 42 of
799 1462 94 42 the
1293 1461 118 42 who
1443 1461 172 41 wrote
1648 1461 92 41 the
1763 1460 228 40 treatise
2148 1460 145 51 syria

207 1554 91 53 (by
333 1563 149 31 some
515 1550 341 53 erroniously
889 1550 301 42 attributed
1239 1551 57 40 to
1350 1550 315 47 Lucian,)....
1712 1549 155 40 stood
1917 1559 291 30 enormous
2255 1545 208 53 figures

210 1643 192 40 carved
436 1641 53 40 in
524 1640 152 41 wood
722 1640 101 39 and
874 1638 239 43 overlaid
1162 1638 133 40 with
1342 1636 175 52 plates
1565 1634 53 43 of
1667 1635 141 52 gold,
1857 1636 172 41 which
2079 1635 190 43 moved
2317 1635 147 42 their

210 1729 165 42 heads
408 1729 132 42 with
576 1740 30 30 a
642 1726 245 44 merciful
922 1739 60 31 or
1014 1728 283 50 menacing
1320 1726 239 51 gesture,
1583 1725 104 41 and
1712 1724 244 43 instilled
1983 1726 118 41 into
2125 1725 94 41 the
2241 1720 222 46 faithful

210 1818 137 51 hope
381 1827 63 31 or
473 1819 202 39 terror.

305 1903 109 44 The
449 1905 183 41 statue
665 1902 54 43 of
754 1904 215 51 Jupitor
1002 1904 246 50 Amnion,
1281 1914 57 31 as
1372 1904 276 41 described
1683 1904 67 52 by
1782 1903 264 42 Diodorus
2093 1900 232 54 Siculus,
2375 1902 88 40 did

210 1994 96 40 not
340 1994 119 50 give
492 1991 147 44 forth
677 1993 69 39 its
781 1991 202 43 oracles
1016 1992 234 40 without
1283 1991 200 52 having
1518 1993 132 39 been
1683 1989 127 43 first
1843 1989 206 42 carried
2073 1991 56 40 in
2152 1989 311 51 procession

545 2049 14 13 *

213 2083 54 41 in
301 2081 94 42 the
430 2091 138 41 open
602 2082 99 48 air,
733 2081 56 40 in
823 2092 30 29 a
888 2078 226 43 colossal
1150 2078 194 52 golden
1380 2081 143 49 boat,
1578 2090 68 31 on
1693 2079 96 41 the
1837 2078 284 42 shoulders
2175 2077 53 43 of
2276 2078 189 52 eighty

210 2172 220 51 priests,
463 2172 57 40 to
555 2170 196 50 whom,
783 2170 133 40 with
952 2180 29 30 a
1015 2170 221 49 gesture
1269 2167 53 43 of
1354 2170 93 39 the
1481 2167 155 52 head,
1664 2167 47 42 It
1743 2167 268 42 Indicated
2050 2167 93 42 the
2177 2167 128 42 road
2340 2167 127 42 that

210 2259 47 41 it
289 2270 110 33 was
433 2257 215 54 pleased
681 2260 59 39 to
774 2256 181 43 follow
988 2257 106 41 and
1127 2256 94 42 the
1255 2257 208 50 precise
1496 2255 152 53 place
1681 2256 181 42 where
1895 2256 47 41 it
1973 2256 203 42 wished
2225 2257 59 40 to
2330 2255 137 43 rest.

210 2354 65 35 £?
308 2346 109 42 The
455 2345 187 52 Apollo
676 2345 55 42 of
764 2345 92 42 the
888 2344 202 52 temple
1124 2342 55 44 of
1212 2342 291 52 Heliopolis
1535 2355 109 29 was
1676 2341 284 43 fashioned
1994 2342 56 42 of
2079 2345 159 49 great
2284 2344 181 50 plates

213 2434 54 43 of
299 2434 141 53 gold,
477 2436 104 41 and
615 2435 188 41 moved
839 2433 69 41 all
941 2434 73 40 its
1048 2433 159 41 limbs
1240 2431 184 45 before
1460 2431 266 52 dictating
1758 2431 72 43 its
1865 2430 219 52 replies,
2118 2433 102 41 and
2276 2433 189 43 moved

211 2524 74 42 its
319 2534 141 42 eyes,
496 2524 104 41 and
634 2524 235 41 sweated
917 2521 159 44 when
1121 2523 95 40 the
1249 2519 200 53 pontiff
1480 2520 312 51 Interposed
1842 2520 286 52 over-long
2175 2520 181 55 delays
2408 2523 57 40 to

213 2613 93 42 the
341 2613 301 51 questions.

214 2711 65 34 &
313 2703 54 39 In
403 2702 91 40 the
529 2711 162 40 pages
724 2698 55 43 of
811 2698 208 43 Ateneo
1062 2698 69 55 (i)
1182 2709 101 31 one
1336 2699 155 41 reads
1540 2698 132 42 with
1709 2702 241 39 extreme
1983 2699 235 42 interest
2247 2699 97 42 the
2378 2701 60 39 de-

213 2789 262 51 scription
512 2787 54 43 of
599 2789 95 41 the
728 2786 353 53 magnificent
1110 2786 168 43 feasts
1314 2786 304 43 celebrated
1653 2787 54 41 in
1743 2788 213 41 honour
1988 2786 55 43 of
2076 2787 237 42 Bacchus
2361 2788 104 41 and

214 2876 54 42 of
303 2876 302 42 Alexander
641 2877 67 50 by
741 2874 250 42 Tolomeo
1025 2874 289 50 Filedelfo;
1347 2874 54 42 in
1437 2874 194 49 which,
1664 2873 141 43 after
1839 2886 159 42 many
2032 2877 141 41 most
2224 2873 244 55 singular

213 2963 317 52 spectacles,
566 2976 29 29 a
627 2963 391 44 four-wheeled
1055 2966 116 39 cart
1204 2975 108 32 was
1367 2966 152 41 made
1566 2966 57 39 to
1673 2965 254 43 advance,
1975 2965 184 42 drawn
2210 2966 69 51 by
2327 2966 141 53 sixty

213 3062 247 41 persons,
512 3050 103 44 cui
666 3048 183 47 Nisae
903 3050 306 45 insidebat
1260 3050 270 58 effigies,
1594 3051 344 44 cubitorum
1993 3051 150 51 ocio,
2199 3052 266 45 tunicam

211 3137 214 46 iuduta
461 3150 295 42 croceam,
789 3151 155 33 auro
978 3137 365 52 distinctam,
1377 3139 219 45 amicta
1636 3139 154 45 veste
1824 3139 316 47 Lacottica.
2161 3139 310 47 Machina-

218 3306 394 47 NOTES.

211 3412 66 55 (i)
313 3414 438 52 Deipnosophist,
783 3414 157 52 book,
974 3425 50 41 5,
1056 3428 51 39 p.
1141 3425 105 41 199.
