2669 3866
215 298 203 69 THE
515 301 840 89 ARCHITECTURE
1447 308 223 69 AND
1759 306 511 71 COSTUME
2348 308 141 69 OF

207 430 851 87 SHAKESPEARE'S
1078 443 338 71 PLAYS

1438 448 114 86 by
1575 445 83 68 E.
1696 444 116 68 W.
1844 443 380 69 Godwin.
2253 445 224 65 1875.

587 624 277 42 MUCH
930 626 193 44 ADO
1186 630 341 45 ABOUT
1589 633 463 44 NOTHING.

201 776 223 92 M-ch
457 779 115 42 Ado
606 780 169 42 about
809 781 238 54 Nothing
1079 786 250 42 contains
1363 789 55 41 in
1452 790 96 41 the
1581 789 127 44 first
1740 803 160 32 scene
1940 790 283 45 sufficient
2242 793 60 40 to
2326 791 150 44 show

319 869 125 42 that
477 871 96 41 the
606 871 295 51 Spaniards
949 875 104 41 and
1106 875 220 43 Italians
1381 878 120 43 who
1551 880 159 42 there
1757 883 191 40 return
1985 884 57 39 to
2075 882 163 53 Sicily
2333 879 143 44 from

196 957 96 41 the
558 963 148 40 must
741 962 134 43 have
910 963 134 42 been
1071 967 465 50 contemporaries
1567 968 56 42 of
1656 970 221 44 Charles
1912 973 78 51 V.,
2023 972 219 43 Francis
2277 974 56 49 1.,
2368 972 104 42 and

198 1047 183 54 Henry
413 1049 132 42 VIII.
579 1050 87 53 My
701 1052 158 42 notes
892 1062 68 32 on
997 1053 183 52 Henry
1214 1053 127 52 VIII,
1376 1057 104 40 and
1500 1057 94 42 the
1612 1057 124 43 Two
1755 1059 320 44 Gentlemen
2102 1061 55 42 of
2178 1062 210 43 Verona
2407 1062 65 52 (1)

200 1148 122 43 may
353 1139 131 42 thus
518 1139 65 42 be
616 1139 169 45 taken
822 1152 60 32 as
913 1143 163 51 being
1110 1153 149 32 more
1293 1155 62 30 or
1387 1144 106 42 less
1527 1144 335 46 illustrative
1915 1150 54 41 of
2013 1151 113 42 this
2173 1150 140 53 play.
2362 1151 110 42 The

193 1228 157 42 town
384 1227 56 43 of
474 1230 235 41 Messina
743 1230 46 43 is
823 1231 95 42 the
953 1231 150 52 place
1138 1230 56 44 of
1225 1235 95 40 the
1355 1236 181 41 action
1571 1236 342 53 throughout
1943 1241 96 42 the
2073 1244 239 50 comedy,
2364 1241 105 42 and

193 1317 99 42 the
325 1329 211 42 scenes,
583 1320 211 52 though
851 1320 330 53 numbering
1218 1325 316 48 seventeen,
1569 1336 120 43 may
1720 1326 133 43 with
1890 1339 122 32 care
2048 1331 63 41 be
2144 1331 234 41 reduced
2411 1332 58 40 to

192 1405 131 46 four
356 1410 272 52 arranged
664 1411 53 40 in
753 1410 82 43 six
866 1409 148 54 Acts,
1048 1423 31 30 a
1113 1411 200 55 liberty
1348 1414 123 42 that
1507 1426 120 42 may
1669 1418 234 52 perhaps
1936 1420 65 41 be
2034 1419 222 43 allowed
2294 1431 58 32 as
2373 1421 96 42 the

193 1496 134 45 first
358 1500 200 51 quarto
592 1499 178 43 shows
805 1511 69 31 no
908 1500 231 43 division
1178 1503 68 50 by
1279 1514 188 31 means
1499 1503 54 43 of
1584 1504 145 44 Acts.
1762 1505 109 43 The
1895 1510 387 50 arrangement
2305 1510 18 41 I
2343 1519 94 41 pro-

200 1598 128 40 pose
361 1586 180 44 would
577 1588 65 42 be
677 1600 56 31 as
765 1588 213 43 follows
999 1605 72 28 .*...
1423 1599 63 34 J£?
2157 1607 65 34 £?
2404 1607 64 34 &

1454 1683 99 42 Act
1588 1685 37 40 I.
1659 1684 108 43 The
1800 1688 222 50 garden,
2056 1688 336 53 including...
2445 1692 18 39 I

1440 1772 108 42 The
1588 1776 222 49 garden,
1846 1777 246 51 orchard,
2116 1778 217 54 arbour,
2357 1779 105 42 and

1444 1863 214 47 portion
1693 1862 55 43 of
1777 1863 95 43 the
1899 1866 166 42 house
2101 1879 61 29 or
2194 1866 182 52 palace
2411 1867 55 43 of

1440 1953 256 51 Leonato,
1744 1953 95 42 the
1888 1955 279 44 Governor
2218 1957 54 43 of
2321 1960 105 40 Mes-

1438 2041 119 41 sina
1579 2050 13 32 :
1636 2051 51 35 2.
1720 2041 109 43 The
1884 2046 175 41 street
2106 2046 213 43 outside
2366 2047 94 42 the

1438 2133 236 50 garden;
1710 2143 45 40 3.
1791 2134 70 40 At
1908 2135 94 41 the
2051 2134 135 43 back
2228 2136 94 42 the
2371 2146 61 31 ex-

1444 2221 172 42 terior
1647 2220 56 45 of
1733 2223 95 42 the
1862 2224 224 43 church.

1444 2310 99 41 Act
1576 2310 64 44 11.
1672 2312 43 40 A
1749 2312 107 42 hall
1881 2314 55 41 in
1964 2314 285 43 Leonato's
2274 2315 185 44 house.

1439 2400 102 42 Act
1560 2402 87 43 HI.
1660 2400 109 44 The
1782 2404 205 50 garden
2006 2403 78 53 (in
2103 2404 110 41 two
2232 2406 228 52 scenes.)

1437 2489 100 44 Act
1571 2492 79 42 IV.
1686 2489 109 44 The
1828 2492 174 42 inside
2036 2489 55 45 of
2114 2503 29 31 a
2176 2493 222 46 church.

1438 2581 100 42 Act
1571 2581 115 43 IVa.
1720 2581 108 43 The
1862 2583 205 50 prison.

1434 2668 102 44 Act
1583 2671 58 42 V.
1688 2670 109 43 The
1852 2674 201 49 garden
2088 2674 370 53 (eliminating

1432 2761 96 42 the
1560 2764 148 42 third
1743 2765 198 51 scene).

1533 2854 128 42 How
1693 2853 97 42 the
1821 2854 205 51 garden
2050 2854 172 42 Scene
2241 2854 45 42 is
2308 2854 60 41 to
2392 2855 64 42 be

1432 2944 266 50 arranged
1733 2953 59 30 so
1827 2954 57 31 as
1908 2947 56 38 to
1984 2943 236 51 include,
2244 2944 211 42 besides

188 3033 95 43 the
318 3032 171 53 alleys
524 3033 104 41 and
662 3032 95 42 the
805 3032 249 49 arbours,
1086 3030 94 42 the
1218 3032 175 42 street
1424 3029 86 45 for
1541 3033 95 41 the
1670 3033 174 41 watch
1881 3035 103 40 and
2021 3034 94 41 the
2149 3033 304 51 penthouse

182 3119 90 45 for
305 3122 249 43 Conrade
587 3121 105 41 and
731 3119 81 42 his
845 3118 198 50 friend,
1077 3129 97 32 can
1211 3121 120 40 best
1363 3121 65 40 be
1461 3131 128 31 seen
1625 3122 66 52 by
1714 3118 276 46 reference
2015 3124 58 40 to
2097 3124 93 41 the
2209 3123 245 43 annexed

192 3213 264 51 diagram,
488 3211 183 42 where
689 3211 53 40 M
765 3209 39 42 N
828 3209 44 41 is
906 3208 95 42 the
1034 3208 363 52 proscenium,
1419 3209 33 42 S
1471 3209 96 42 the
1599 3211 192 48 street,
1815 3211 39 42 P
1876 3211 97 43 the
1994 3213 306 51 penthouse
2323 3225 131 31 over

191 3302 96 42 the
322 3303 249 51 gateway
602 3298 219 51 leading
866 3296 140 44 from
1056 3297 95 43 the
1183 3300 222 50 garden,
1438 3300 39 42 O
1509 3301 94 41 the
1637 3306 63 37 of
1702 3302 188 51 chard,
1922 3302 38 42 B
2192 3302 258 51 pleached

188 3392 187 42 bower
405 3390 185 43 where
624 3385 397 54 honeysuckles
1054 3386 209 52 ripen'd
1297 3389 69 53 by
1396 3389 95 43 the
1523 3401 102 31 sun
1658 3390 177 43 forbid
1876 3392 97 42 the
2007 3403 100 31 sun
2143 3394 57 42 to

187 3494 42 43 (1)
254 3494 63 36 See
341 3497 24 17 ••
384 3493 68 34 The
474 3490 109 37 Mask
656 3489 89 37 Vel:
774 3490 44 34 111
844 3499 33 33 p.
902 3489 41 34 73
965 3489 83 41 Vol;
1071 3489 49 34 IV
1146 3499 33 33 p.
1206 3489 54 35 102
1282 3491 67 35 and
1374 3491 89 36 Vol:
1491 3493 28 33 II
1545 3503 33 32 p.
1604 3493 69 35 168.
