2669 3866
217 318 201 69 THE
1126 313 137 68 OF
1355 313 200 66 THE

700 501 26 30 e
761 487 190 42 intend
989 486 56 41 to
1077 484 141 43 form
1252 496 31 30 a
1314 485 217 52 Society
1563 484 55 42 of
1650 485 91 41 the
1778 484 352 44 Marionette.
2154 486 81 41 Mr
2258 486 213 43 Gordon

703 576 160 50 Craig
896 575 96 42 has
1026 576 297 41 consented
1357 576 60 41 to
1451 576 89 41 act
1572 586 57 31 as
1665 575 291 43 President
1980 573 53 43 of
2055 574 94 42 the

795 665 93 42 We
923 675 93 31 are
1050 664 56 41 In
1143 674 67 32 no
1246 666 158 50 great
1454 665 189 52 hurry,
1693 665 100 41 but
1840 664 136 42 shall
2031 666 66 41 be
2145 664 216 52 pleased
2414 666 58 44 to

700 755 133 42 hear
862 753 141 44 from
1037 766 107 40 any
1176 766 104 31 one
1312 757 122 40 who
1469 757 43 40 is
1548 755 305 42 Interested
1893 755 58 41 in
1985 766 101 31 our
2118 755 229 54 project.

778 847 159 40 Some
956 846 183 41 where
1158 846 55 40 in
1234 843 243 53 England
1496 854 81 35 we
1600 844 136 43 shall
1759 846 138 50 hope
1915 846 58 41 to
1994 844 263 43 establish
2277 857 30 29 a
2324 844 148 43 little

202 943 159 41 home
392 940 89 44 for
510 941 96 40 the
640 938 331 42 Marionette
1004 936 103 42 and
1133 937 58 41 to
1213 936 111 42 this
1349 936 104 40 end
1477 933 138 45 shall
1639 936 65 42 be
1723 934 121 54 glad
1863 937 58 41 to
1942 936 133 42 hear
2093 933 141 45 from
2259 946 212 43 anyone

197 1032 57 40 in
296 1028 242 54 England
573 1028 120 42 who
728 1027 45 42 is
808 1027 165 52 ready
1018 1026 58 41 to
1126 1023 140 45 offer
1318 1025 258 50 practical
1624 1026 300 41 assistance
1972 1023 55 44 of
2074 1036 104 32 one
2231 1023 130 44 kind
2412 1036 61 32 or

197 1120 251 42 another.

202 1216 63 36 &
300 1207 342 51 Concerning
670 1206 115 42 this
816 1216 83 32 we
932 1207 67 41 do
1036 1206 95 41 not
1163 1218 59 29 as
1255 1206 94 52 yet
1380 1205 172 43 Invite
1585 1204 348 54 suggestions
1971 1216 58 32 as
2051 1206 60 41 to
2133 1204 306 53 performan-

198 1309 109 41 ces,
329 1296 86 44 for
437 1296 96 42 the
566 1295 129 43 first
728 1295 160 52 thing
908 1296 60 40 to
992 1295 64 41 be
1079 1294 224 43 decided
1327 1295 44 42 is
1394 1295 124 42 that
1538 1295 94 42 the
1653 1291 407 54 performances
2084 1305 98 32 can
2207 1295 64 42 be
2292 1295 181 52 given.

201 1387 82 43 AH
319 1399 81 31 we
434 1388 135 40 need
604 1388 45 40 is
681 1385 113 51 Just
825 1385 94 42 the
955 1394 184 32 names
1173 1385 104 41 and
1313 1384 287 42 addresses
1651 1383 54 43 of
1751 1385 159 42 those
1959 1383 55 44 of
2064 1395 106 42 you
2220 1385 122 42 who
2380 1395 93 32 are

195 1477 327 47 interested,
556 1475 103 42 and
693 1475 111 41 two
838 1473 138 43 lines
1008 1473 193 53 saying
1233 1473 149 42 what
1411 1483 104 43 you
1552 1472 109 42 will
1698 1473 86 43 do.
1820 1474 57 41 In
1910 1473 129 51 fact,
2071 1484 106 42 you
2203 1484 153 41 press
2379 1474 94 43 the

199 1568 235 41 button:
467 1576 83 30 we
585 1567 66 39 do
684 1564 96 42 the
815 1566 136 40 rest,
992 1563 70 52 (i)
1426 1569 65 36 JS?
1671 1571 65 34 £?

202 1665 58 34 &
294 1656 298 43 Meantime
625 1655 195 43 letters
853 1653 351 51 announcing
1234 1652 97 42 the
1365 1653 259 42 intended
1658 1649 299 46 formation
2006 1652 56 43 of
2108 1655 97 41 the
2255 1655 218 53 Society

197 1757 92 32 are
324 1747 164 50 being
521 1746 124 41 sent
678 1746 57 39 to
767 1754 149 31 some
950 1741 54 43 of
1036 1742 97 42 the
1167 1741 221 53 leading
1426 1743 273 41 members
1733 1740 54 44 of
1818 1742 96 42 the
1948 1743 330 42 Marionette
2304 1742 134 45 Thea-

194 1839 89 40 tre
319 1837 128 41 here
482 1837 54 40 in
573 1834 156 54 Italy,
761 1834 205 50 where,
1008 1832 291 52 especially
1352 1834 56 40 in
1458 1834 98 40 the
1608 1832 197 52 South,
1850 1834 94 40 the
1979 1831 276 45 influence
2290 1831 54 45 of
2373 1834 97 43 the

201 1926 331 43 Marionette
566 1926 45 41 is
642 1934 133 42 very
808 1926 210 49 strong.
2161 1930 66 36 JZ?
2408 1931 65 36 JZ?

300 2014 108 43 The
437 2013 283 50 following
753 2014 43 41 is
830 2013 291 42 addressed
1171 2013 58 42 to
1280 2013 114 42 Don
1446 2011 262 52 Gregorio
1754 2013 216 50 Qrasso,
2003 2013 251 52 (brother
2286 2010 56 45 of
2372 2013 98 42 the

206 2107 158 50 great
388 2103 221 44 Sicilian
634 2104 171 48 actor,
829 2103 266 42 Giovanni
1135 2103 235 47 Grasso),
1406 2103 119 40 who
1564 2103 204 42 directs
1802 2114 30 29 a
1869 2104 206 51 puppet
2114 2104 240 51 theatre,
2379 2104 94 41 de-

199 2194 235 43 scended
466 2196 58 40 to
559 2193 110 42 him
703 2193 139 42 from
879 2194 84 41 his
994 2190 376 55 grandfather,
1406 2193 54 41 in
1495 2192 242 42 Catania.
1911 2199 65 35 JZ?

2345 2193 49 42 J.
2418 2194 55 41 S.

627 2347 108 47 To
1045 2349 194 45 Don
1571 2346 508 59 Gregorio
2078 2346 1 59 Grasso.

201 2497 142 40 Dear
372 2495 105 51 Sir,

437 2592 106 43 you
579 2582 63 42 be
675 2593 68 31 an
780 2582 274 52 honorary
1088 2580 244 42 member
1365 2578 55 43 of
1451 2592 32 30 a
1514 2580 214 55 Society
1765 2579 55 43 of
1850 2580 410 44 Marionettes?

343 2682 66 36 &
439 2672 109 42 The
580 2672 122 42 idea
735 2669 56 45 of
824 2673 93 41 the
950 2671 217 52 Society
1200 2671 43 39 is
1277 2669 58 41 to
1370 2679 230 45 arrange
1634 2671 125 43 that
1789 2683 60 31 as
1883 2682 160 42 many
2066 2669 408 54 performances

201 2773 59 32 as
292 2761 236 53 possible
564 2773 122 41 may
719 2763 62 41 be
813 2772 129 32 seen
976 2762 68 52 by
1078 2772 57 32 as
1170 2772 161 41 many
1365 2759 187 54 people
1585 2771 57 32 as
1676 2759 294 52 possible...

197 2851 110 43 The
341 2852 331 42 Marionette
706 2862 98 32 can
839 2862 168 32 never
1041 2851 87 43 die
1161 2852 105 42 and
1300 2862 80 32 we
1415 2852 66 41 do
1516 2852 97 41 not
1645 2851 193 43 Intend
1871 2852 57 42 to
1963 2852 65 42 be
2062 2850 177 54 guilty
2271 2848 55 45 of
2372 2851 97 42 the

197 2941 400 52 impertinence
627 2940 56 43 of
716 2941 272 52 believing
1021 2942 123 42 that
1177 2954 80 30 we
1291 2952 98 32 can
1424 2944 101 40 add
1558 2944 60 40 to
1651 2942 96 42 the
1782 2941 280 43 centuries
2093 2942 126 42 that
2249 2951 94 33 are
2377 2942 62 42 be-

196 3030 120 44 fore
348 3031 131 43 him.
510 3030 85 43 All
629 3032 158 42 those
820 3031 123 42 that
976 3031 121 43 love
1131 3031 93 43 the
1258 3032 331 42 Marionette
1622 3030 161 44 know
1816 3032 126 42 that
1972 3032 66 42 he
2074 3032 45 42 is
2172 3031 298 45 immortal.

202 3119 84 43 All
321 3130 81 32 we
435 3121 178 41 desire
645 3124 56 39 to
735 3121 67 42 do
837 3120 46 43 Is
916 3121 58 42 to
1008 3120 80 43 let
1123 3121 80 42 his
1237 3120 277 43 influence
1548 3119 136 43 drift
1718 3121 367 44 northwards.

298 3209 73 43 To
404 3210 111 43 this
546 3212 104 41 end
684 3222 82 33 we
797 3210 140 43 shall
973 3214 97 41 not
1102 3212 106 41 stir
1241 3210 280 45 ourselves
1575 3209 407 56 energetically,
2037 3210 259 54 knowing
2349 3212 121 43 how

201 3299 215 54 foreign
451 3300 133 44 such
615 3302 358 52 exaggerated
994 3302 289 44 .activities
1313 3311 91 33 are
1439 3303 58 41 to
1531 3302 84 42 his
1647 3300 177 44 whole
1859 3302 219 42 nature.

200 3417 56 46 (i)
284 3419 137 34 Letters
445 3418 121 34 sbotald
594 3419 40 33 be
656 3418 186 34 addressed
869 3420 34 32 to
928 3422 24 16 44
968 3418 66 35 Tfoe
1057 3419 180 41 Secretary
1262 3419 34 33 o!
1323 3419 57 33 the
1403 3417 144 43 Society
1571 3419 34 34 of
1629 3419 57 34 the
1714 3419 226 41 Marionette,
1980 3419 112 35 Arena
2117 3419 154 41 Ooldoai,
2300 3418 172 40 Florence,

197 3492 94 45 Italy
