2669 3866
812 327 47 47 A
896 330 340 56 HISTORY
1269 332 102 49 OF
1402 334 365 48 PUPPETS.

2389 351 90 44 135

188 433 107 42 and
330 432 399 45 short-skirted
765 439 272 42 actresses
1071 443 117 41 cast
1222 444 58 40 at
1311 443 96 42 the
1440 444 327 51 spectators,
1801 443 173 43 There
2008 456 111 31 was
2155 444 238 54 nothing
2426 445 54 45 of

188 520 73 45 all
295 523 126 42 that
469 523 57 42 In
577 525 96 42 the
724 525 211 53 Puppet
986 529 423 59 performances,
1465 534 176 44 which
1692 534 178 54 might
1917 537 317 42 sometimes
2281 547 197 33 arouse

184 611 259 53 laughter
477 614 99 42 but
611 626 169 32 never
814 616 146 50 lust;
992 621 107 40 stir
1132 622 237 43 interest
1405 625 100 41 but
1538 636 169 32 never
1738 625 105 43 fire
1876 626 95 42 the
2007 627 268 50 passions.

403 705 98 43 the
534 708 209 50 puppet
775 708 157 52 stage
968 721 70 29 no
1072 721 104 32 one
1208 712 155 42 could
1400 716 63 39 be
1498 716 113 41 said
1646 717 60 41 to
1740 716 240 52 infringe
2014 717 96 42 the
2158 717 227 52 precept
2418 715 57 45 of

195 792 431 56 Deuteronomy,
858 810 213 30 woman
1095 800 141 43 shall
1270 805 97 39 not
1400 815 147 32 wear
1578 805 127 43 that
1755 806 176 43 which
1985 807 316 51 pertaineth
2337 809 136 42 unto

182 894 32 31 a
249 895 125 32 man
413 886 222 42 neither
668 887 139 42 shall
858 900 30 29 a
939 901 120 30 man
1112 892 100 49 put
1260 903 67 30 on
1379 905 31 29 a
1458 895 261 42 woman's
1769 898 277 50 garments
2077 909 12 39 ;
2124 895 89 43 for
2243 896 72 45 all
2348 898 126 43 that

183 972 69 42 do
285 984 59 32 so
380 985 94 32 are
508 976 375 43 abomination
935 980 135 41 unto
1106 980 94 42 the
1237 981 136 44 Lord
1407 983 99 54 thy
1541 986 109 41 Qod
2406 995 64 36 &

281 1064 109 42 Nor
422 1065 179 42 would
637 1068 63 42 St
733 1069 142 42 Basil
911 1070 136 43 have
1081 1072 138 41 been
1254 1072 119 41 able
1406 1075 59 40 to
1499 1073 100 43 call
1633 1075 94 42 the
1815 1075 224 44 castello
2128 1074 55 43 of
2214 1077 95 43 the
2335 1088 102 41 pup-

186 1155 122 50 pets
393 1167 30 29 a
456 1157 224 49 general
717 1160 104 41 and
856 1159 184 52 public
1071 1162 185 43 school
1291 1164 184 42 where
1509 1176 102 31 one
1645 1164 180 43 learns
1860 1177 163 43 every
2054 1166 141 44 form
2220 1167 54 42 of
2298 1167 143 43 licen-

186 1242 279 47 tiousness
573 1258 103 32 nor
708 1249 180 44 would
921 1252 64 42 St
1018 1252 233 53 Cyprian
1288 1253 135 43 have
1459 1253 171 43 called
1666 1254 94 44 the
1787 1256 333 43 marionette
2141 1258 220 41 theatre
2437 1270 32 31 a

181 1336 217 43 brothel
435 1337 55 43 of
536 1338 187 52 public
772 1341 207 52 shame,
1030 1353 31 30 a
1110 1345 118 39 seat
1274 1341 56 44 of
1379 1345 493 52 obscenitynor
1919 1346 181 43 would
2135 1348 161 41 other
2331 1346 136 54 Holy

179 1423 230 47 Fathers
445 1427 136 43 have
616 1432 264 50 reproved
907 1431 93 42 the
1024 1431 423 44 licentiousness
1466 1432 54 43 of
1538 1435 95 40 the
1654 1436 388 51 coreographic
2060 1435 410 52 performances

177 1517 104 41 and
316 1516 97 43 the
447 1517 304 45 shameless
786 1520 205 42 licence
1025 1519 56 44 of
1113 1521 96 42 the
1242 1524 251 50 gestures
1527 1520 56 44 of
1612 1524 95 40 the
1741 1525 202 42 actors.

200 1607 129 42 &It
377 1607 49 44 Is
477 1610 54 41 in
581 1609 116 43 fact
743 1611 95 41 the
889 1613 223 50 opinion
1162 1610 56 44 of
1263 1613 94 41 the
1406 1614 221 51 gravest
1674 1614 476 43 treatise-writers
2197 1616 125 41 that
2369 1615 96 42 the

182 1707 259 41 passages
474 1696 56 45 of
562 1700 63 41 St
658 1699 250 53 Thomas,
943 1701 63 41 St
1040 1701 386 42 Bonaventura
1459 1703 103 40 and
1597 1703 63 40 St
1692 1701 278 44 Antonino
2003 1704 177 42 which
2216 1715 93 31 are
2357 1704 107 43 less

184 1785 200 45 hostile
421 1790 57 41 to
510 1789 99 42 the
643 1792 155 50 stage
831 1789 169 55 plays,
1035 1790 237 54 actually
1306 1789 145 45 refer
1481 1793 58 41 to
1571 1792 95 42 the
1702 1792 255 53 Puppets,
1992 1804 57 31 as
2081 1794 161 42 those
2285 1795 178 44 which

181 1877 123 43 best
334 1877 146 44 fulfil
516 1881 94 40 the
644 1881 226 43 mission
908 1882 55 42 of
996 1882 274 53 diverting
1303 1883 239 41 without
1589 1884 225 50 danger,
1861 1884 104 41 and
2017 1883 55 43 of
2120 1884 237 54 offering
2404 1888 59 40 to

179 1967 159 52 pious
371 1968 150 45 souls
555 1982 69 31 an
659 1972 265 41 innocent
955 1972 330 43 recreation.
1334 1972 146 52 They
1527 1982 136 33 even
1711 1972 163 42 think
1907 1975 123 40 that
2061 1975 96 41 the
2206 1976 256 51 histrion,

179 2061 324 49 companion
540 2058 55 44 of
626 2061 82 42 St.
743 2060 296 44 Pancrazio
1075 2062 54 40 in
1162 2061 96 41 the
1293 2060 154 52 glory
1481 2058 55 45 of
1570 2061 272 52 Paradise,
1868 2061 143 43 cited
2037 2065 68 49 by
2128 2065 63 40 St
2213 2063 250 52 Thomas,

173 2162 112 32 was
319 2150 173 53 really
526 2164 31 29 a
590 2149 402 52 bura.ttina.io,
1026 2164 103 30 one
1164 2150 55 43 of
1250 2152 157 42 those
1442 2152 120 41 who
1595 2154 223 40 wander
1865 2154 176 41 round
2096 2154 218 53 playing
2366 2157 96 41 the

169 2236 241 62 piffero
445 2244 105 39 and
588 2241 221 54 making
842 2244 253 51 puppets,
1129 2242 263 41 threaded
1426 2241 240 55 through
1702 2242 133 42 with
1871 2254 30 30 a
1934 2244 197 52 string,
2166 2246 186 42 dance.

282 2330 144 43 Thus
460 2333 44 40 it
537 2343 229 42 appears
800 2333 125 42 that
960 2331 202 52 during
1193 2331 95 42 the
1322 2330 198 43 Middle
1555 2329 139 53 Ages
1741 2331 94 42 the
1879 2344 120 31 new
2046 2336 257 51 religion,
2351 2335 111 45 like

170 2419 99 43 the
319 2420 111 54 old,
477 2422 208 43 availed
742 2420 150 45 itself
944 2419 56 44 of
1109 2420 246 42 scultura
1409 2423 304 40 meccanica
1820 2423 54 40 in
1923 2423 97 42 the
2072 2436 161 40 pomp
2282 2424 55 43 of
2388 2428 74 41 its

183 2510 234 55 liturgy,
449 2513 54 42 in
543 2514 69 41 its
645 2512 374 54 processional
1056 2512 339 42 ceremonies
1428 2512 105 40 and
1569 2513 53 39 in
1658 2512 73 43 its
1771 2516 440 48 representation
2263 2514 56 43 of
2365 2517 95 43 the

202 2603 309 54 Mysteries.
544 2603 73 43 To
650 2606 96 40 the
786 2604 188 51 Apollo
1024 2602 54 43 of
1127 2602 297 52 Heliopolls
1473 2602 102 41 had
1626 2604 296 41 succeeded
1978 2604 94 42 the
2121 2604 240 45 Crucifix
2407 2604 56 46 of

189 2693 305 42 Nicodemis
515 2703 12 40 ;
562 2695 58 40 to
652 2696 96 39 the
783 2693 219 42 Theban
1038 2695 181 40 Venus
1251 2692 97 41 the
1381 2692 270 42 Madonna
1683 2691 55 43 of
1771 2692 275 45 Orihuela.

278 2784 19 41 1
332 2785 113 40 said
541 2786 54 39 in
629 2785 98 42 the
761 2795 160 42 pomp
957 2781 55 43 of
1044 2784 74 40 its
1151 2782 206 51 liturgy
1465 2781 104 42 and
1621 2782 54 41 in
1725 2784 231 49 support
2004 2781 56 44 of
2107 2795 89 42 my
2228 2785 179 42 words
2440 2786 19 42 I

181 2875 238 49 produce
452 2875 98 42 the
586 2875 301 51 testimony
921 2871 55 45 of
1010 2872 289 51 Lombard,
1332 2883 68 30 an
1437 2870 87 43 old
1575 2874 105 39 and
1729 2870 241 46 truthful
2018 2874 193 43 writer
2258 2874 56 43 in
2364 2875 95 43 the

181 2966 204 51 county
419 2963 55 44 of
507 2965 163 52 Kent,
700 2965 123 41 who
859 2961 212 43 affirms
1103 2961 96 42 the
1233 2961 276 42 existence
1543 2959 56 43 of
1621 2973 30 29 a
1675 2963 334 41 mechanical
2035 2961 260 45 crucified
2319 2965 143 55 body

176 3055 58 42 in
268 3067 32 30 a
333 3057 202 41 church
572 3057 58 41 at
664 3055 220 54 Boxley,
916 3054 147 51 that,
1096 3053 202 51 during
1329 3051 94 41 the
1457 3053 188 40 sacred
1694 3054 230 52 service,
1973 3055 190 42 moved
2214 3055 72 43 its
2335 3067 128 42 eyes

174 3147 107 40 and
316 3148 135 42 head
487 3149 68 51 by
590 3148 94 42 the
718 3148 181 41 action
935 3142 55 45 of
1021 3144 183 42 secret
1235 3143 299 52 springs....
1565 3145 104 40 and
1707 3145 17 40 I
1758 3145 168 51 quote
1961 3144 112 43 also
2094 3147 97 42 the
2227 3148 236 42 account

173 3232 57 46 of
259 3237 334 52 Maundrell,
628 3234 261 52 Chaplain
925 3234 57 41 to
1015 3232 97 42 the
1150 3231 223 52 English
1410 3231 229 53 Factory
1673 3231 54 43 of
1759 3232 226 54 Aleppo,
2017 3236 122 42 who
2174 3246 69 32 on
2277 3248 32 30 a
2331 3237 132 42 visit

173 3326 58 42 to
264 3326 96 43 the
395 3326 128 53 holy
557 3326 181 52 places
772 3325 56 41 in
864 3322 142 52 1697,
1039 3332 111 32 saw
1183 3322 95 41 the
1327 3319 195 45 monks
1569 3319 56 45 of
1672 3322 96 43 the
1821 3323 216 43 Church
2088 3323 56 45 of
2194 3326 94 42 the
2323 3325 137 54 Holy

174 3416 323 52 Sepulchre,
529 3416 293 52 represent
854 3424 70 31 on
958 3413 194 42 Mount
1199 3411 252 53 Calvary,
1557 3413 292 52 according
1895 3417 59 41 to
1997 3427 30 31 a
2074 3417 212 42 custom
2336 3416 124 43 that

170 3506 106 43 had
311 3507 136 42 been
482 3504 255 44 followed
771 3502 142 44 from
938 3501 135 43 time
1096 3501 361 43 immemorial
1550 3502 95 44 the
1679 3504 219 52 episode
1923 3504 55 44 of
1999 3506 95 42 the
2119 3504 339 55 crucifixion,
