2669 3866
726 359 62 34 &
995 345 171 48 MUCH
1167 345 75 45 ADO
1275 343 263 46 ABOUT

202 352 91 46 166

199 459 177 42 which
402 460 93 41 the
519 455 292 45 far-famed
830 464 157 42 gown
1013 451 55 42 of
1089 453 94 40 the
1209 451 241 42 Duchess
1473 450 56 43 of
1549 450 165 42 Milan
1735 461 109 31 was
1923 451 99 41 but
2044 463 31 29 a

204 548 264 51 although
504 548 43 39 it
580 555 111 31 was
725 544 154 39 made
912 539 57 43 of
999 540 145 42 cloth
1178 539 56 43 of
1266 539 143 55 gold,
1442 540 215 42 slashed
1693 540 105 43 and
1835 539 146 43 laced
2017 539 137 43 with
2178 539 164 43 silver
2373 543 103 40 and

211 641 86 39 set
331 637 135 42 with
501 633 200 51 pearls,
735 632 201 50 having
1050 630 158 41 down
1557 628 249 54 (trunks)
1839 630 104 41 and

203 726 267 53 (hanging
501 721 235 52 sleeves)
768 721 104 40 and
908 718 169 43 skirts
1114 721 196 48 round,
1345 721 348 40 underborne
1726 719 133 41 with
1887 731 29 29 a
1943 718 176 42 bluish
2145 717 185 44 tinsel.
2357 719 126 43 This

200 822 150 31 same
385 811 143 49 lady,
560 811 122 40 who
716 821 58 30 so
810 808 235 51 eclipsed
1079 808 97 42 the
1211 808 240 42 Duchess
1487 807 55 43 of
1573 807 188 53 Milan,
1796 817 175 32 wears
2004 807 185 52 gloves
2224 806 54 43 of
2309 808 144 41 excel-

200 902 117 42 lent
349 901 267 52 perfume,
649 901 176 42 which
860 900 96 42 she
989 898 127 44 tells
1152 911 62 31 us
1247 911 145 31 were
1417 912 29 28 a
1470 902 226 48 present
1718 898 140 42 from
1884 900 97 40 the
2005 898 180 42 Count
2207 898 105 42 and
2337 910 144 32 were

198 1000 71 32 no
305 991 171 41 doubt
509 990 154 42 made
697 989 55 43 of
1388 985 278 48 cheveril
1091 1000 61 30 or
1185 987 110 43 soft
1328 989 113 50 kid,
1474 987 325 55 excellently
1831 989 262 50 stitched,
2124 989 106 40 and
2248 989 202 40 embroi-

198 1080 165 42 dered
400 1080 133 41 with
566 1079 125 52 gold
726 1090 60 31 or
819 1079 166 42 silver
1018 1079 197 42 thread
1242 1090 13 37 ;
1290 1079 56 42 in
1384 1076 135 55 fact,
1544 1090 31 31 a
1597 1077 193 44 rather
1815 1079 304 51 Important
2144 1079 118 39 sort
2279 1076 56 43 of
2359 1077 122 53 gift.

302 1170 104 41 But
438 1169 115 42 rich
586 1169 192 52 gifts...
810 1168 110 44 soft
955 1168 109 49 kid,
1086 1168 198 53 pearls,
1310 1168 143 53 gold,
1488 1170 104 40 and
1625 1169 97 41 the
1756 1169 173 42 rest...
1963 1179 118 31 wax
2113 1176 133 41 poor
2282 1168 194 40 indeed

204 1259 160 42 when
400 1259 184 42 actors
617 1260 103 41 and
758 1259 287 50 actresses,
1078 1260 264 41 absorbed
1376 1259 56 41 in
1468 1260 95 41 the
1595 1257 181 53 finery
1798 1257 56 43 of
1874 1258 148 42 their
2044 1257 287 52 situation,
2353 1255 126 43 sink

197 1353 57 39 to
285 1350 96 42 the
416 1349 137 45 level
588 1347 56 44 of
675 1348 146 43 little
856 1358 151 32 more
1041 1348 135 41 than
1210 1348 85 52 lay
1331 1348 205 52 figures
1568 1347 87 43 for
1686 1349 94 41 the
1806 1348 306 42 exhibition
2137 1345 55 44 of
2212 1344 267 46 fashions.

195 1441 57 40 In
289 1439 257 52 ordinary
580 1438 294 53 every-day
907 1436 114 52 life,
1054 1438 94 41 the
1181 1437 192 52 people
1407 1438 121 41 who
1571 1438 291 51 represent
1911 1450 66 29 on
2033 1437 94 42 the
2177 1438 153 50 stage
2381 1437 95 40 the

192 1530 115 43 fine
341 1530 174 48 dame,
552 1530 99 40 the
687 1527 159 42 noble
879 1526 162 52 duke,
1075 1537 63 32 or
1167 1527 96 42 the
1296 1526 214 53 foreign
1547 1528 307 51 potentate,
1890 1538 91 31 are
2014 1537 60 32 so
2109 1526 146 42 little
2288 1537 156 32 accus-

193 1618 186 44 tomed
414 1620 58 40 to
508 1618 106 51 art,
649 1629 62 30 or
743 1617 271 52 anything
1046 1616 111 42 like
1188 1617 138 51 good
1359 1616 141 53 style
1548 1616 56 42 in
1656 1616 189 52 living,
1879 1617 124 41 that
2034 1617 47 41 it
2114 1618 43 41 is
2190 1617 138 42 with
2373 1616 77 43 dif-

197 1706 195 55 ficulty
426 1707 133 52 they
593 1718 98 30 can
727 1716 202 42 appear
961 1705 363 43 unconscious
1371 1704 56 43 of
1477 1706 151 42 their
1657 1707 156 51 stage
1848 1707 421 51 surroundings.
2302 1706 173 53 Every

195 1799 315 40 movement
542 1796 55 42 of
627 1796 147 42 their
807 1795 187 42 bodies
1025 1805 122 42 says
1180 1794 204 53 plainly
1614 1796 44 41 is
1682 1808 31 29 a
1736 1806 131 42 very
1882 1795 198 53 telling
2100 1798 120 41 sort
2243 1794 57 44 of
2321 1798 151 41 dress

193 1889 105 42 and
335 1899 67 32 no
438 1889 170 42 doubt
640 1888 46 40 it
719 1888 148 40 must
899 1888 182 39 arrest
1126 1885 278 42 attention
1431 1895 14 38 ;
1495 1886 100 41 but
1627 1886 19 41 I
1681 1897 167 30 never
1881 1897 144 31 wore
2060 1886 269 52 anything
2362 1885 110 43 like

195 1979 45 41 it
556 1978 145 43 Even
735 1978 55 41 in
827 1975 224 42 modern
1086 1974 271 43 comedies
1389 1987 81 30 we
1505 1987 90 30 see
1628 1975 96 42 the
1749 1975 156 42 weak
1928 1977 210 40 actress
2156 1975 314 42 dominated

194 2069 69 52 by
296 2068 96 42 the
426 2067 162 43 sheer
621 2064 251 45 material
904 2064 149 42 force
1087 2063 54 43 of
1174 2064 294 54 millinery,
1501 2065 105 41 and
1641 2067 54 39 in
1731 2065 96 42 the
1865 2064 205 43 revival
2107 2064 56 43 of
2198 2064 86 43 old
2320 2064 152 54 plays

194 2157 158 42 when
386 2154 164 56 fairly
583 2156 237 52 genuine
854 2157 244 39 costume
1131 2156 103 39 and
1270 2165 227 41 scenery
1530 2154 368 52 approaching
1930 2154 200 52 reality
2152 2165 94 33 are
2271 2154 168 51 produ-

192 2247 114 51 ced,
339 2246 96 40 the
472 2256 141 30 mass
646 2243 55 43 of
734 2246 179 39 actors
945 2245 102 39 and
1083 2245 269 39 actresses
1384 2242 197 52 simply
1615 2242 126 43 look
1763 2242 267 43 imbecile.
2055 2243 96 43 We
2173 2243 123 52 give
2319 2243 151 42 them

192 2336 95 41 the
321 2335 210 42 benefit
564 2333 54 44 of
650 2336 94 41 the
778 2335 187 49 doubt,
999 2333 104 41 and
1139 2342 215 32 assume
1387 2333 125 41 that
1552 2335 133 52 they
1733 2345 93 30 are
1877 2335 176 42 inside
2100 2333 97 42 the
2248 2332 224 51 clothes,

193 2426 100 41 but
324 2426 132 52 they
490 2424 267 53 certainly
790 2425 67 41 do
891 2424 98 42 not
1022 2434 147 29 wear
1188 2422 172 42 them.
1393 2422 112 42 The
1540 2424 201 40 human
1775 2421 140 45 form
1953 2424 249 42 becomes
2235 2425 58 41 at
2314 2422 108 44 last
2443 2435 31 29 a

195 2525 151 32 mere
379 2525 120 42 peg,
532 2514 134 42 with
701 2514 124 42 four
858 2510 247 44 movable
1148 2511 211 52 peglets
1403 2511 145 43 fixed
1596 2513 57 41 in
1709 2513 66 52 it,
1821 2514 105 40 and
1983 2514 248 42 costume
2265 2514 45 42 is
2340 2514 134 43 thus

195 2607 96 40 too
324 2604 313 53 frequently
687 2603 239 53 brought
973 2603 116 40 into
1136 2601 230 44 ridicule
1417 2604 67 52 by
1535 2604 97 41 the
1681 2605 278 50 Ignorant,
2009 2604 104 42 and
2166 2605 155 42 made
2376 2604 96 42 the

194 2697 291 49 scapegoat
517 2693 86 43 for
635 2693 95 43 the
763 2690 281 54 incapable
1067 2690 204 55 player.
1293 2693 238 52 Scenery
1564 2695 106 40 and
1705 2695 247 41 costume
1991 2704 80 32 we
2105 2697 152 39 want
2291 2697 56 39 to
2381 2704 91 32 see

198 2797 251 43 progress
501 2786 140 41 until
677 2786 130 41 both
842 2782 137 44 shall
1017 2784 64 41 be
1114 2793 59 31 so
1211 2783 219 42 natural
1465 2796 59 30 as
1555 2786 60 41 to
1652 2786 65 41 be
1752 2786 395 48 unobtrusive;
2202 2787 100 40 but
2353 2784 117 43 still

197 2886 149 33 more
381 2877 66 42 do
480 2886 81 32 we
598 2876 176 40 desire
807 2874 59 41 to
899 2883 89 32 see
1021 2882 150 32 some
1206 2873 149 51 signs
1403 2872 55 42 of
1505 2885 259 40 progress
1811 2873 56 42 in
1921 2874 160 44 those
2135 2874 123 42 who
2310 2874 161 42 stand

197 2967 249 43 between
503 2976 62 32 us
598 2966 104 41 and
734 2965 96 40 the
862 2966 145 49 past,
1036 2974 58 30 as
1129 2962 94 42 the
1257 2962 178 52 living
1467 2963 340 44 illustrators
1856 2963 55 44 of
1958 2965 97 42 the
2109 2976 257 32 manners
2419 2962 56 45 of

185 3054 130 43 that
345 3056 142 50 past,
523 3055 102 40 and
661 3054 94 41 the
787 3052 368 51 Interpreters
1188 3048 56 44 of
1282 3051 75 42 its
1393 3051 209 52 mighty
1638 3054 310 43 dramatist.
