2669 3866
226 316 348 68 SIMON
647 316 138 68 OF
1384 316 124 78 CYRENE.
1509 318 139 66 An
1649 318 533 87 Unpublished
2255 323 254 89 Story

226 450 117 89 by
419 450 269 69 Oscar
774 450 292 69 Wilde.

223 635 139 46 This
393 635 174 58 story
603 647 110 33 was
748 634 134 46 told
912 634 82 59 by
1036 635 193 47 Wilde
1265 638 61 47 to
1360 639 154 46 Miss
1545 642 206 47 Aimee
1776 644 284 47 Lowther
2085 646 161 45 when
2272 658 34 33 a
2333 644 173 46 child

217 737 126 47 and
377 737 232 46 written
644 737 108 46 out
782 738 84 59 by
895 738 128 47 her.
1059 740 44 45 A
1143 740 119 48 few
1304 755 206 47 copses
1545 757 155 36 were
1728 747 318 61 privately
2093 750 255 58 printed
2391 750 111 45 but

221 840 122 46 this
376 841 54 45 is
465 841 99 46 the
598 841 146 47 first
774 842 145 47 time
955 844 51 45 it
1036 845 109 46 has
1178 848 154 45 been
1362 849 192 57 given
1592 850 61 46 to
1689 851 101 47 the
1821 853 239 58 public.
2182 864 64 36 &
2430 867 65 31 &

224 944 195 47 Other
443 945 217 47 stories
693 947 74 45 of
791 947 100 45 the
923 961 165 35 same
1121 950 193 47 series
1346 954 315 59 appeared
1704 955 64 46 in
1821 957 101 45 the
2254 991 14 19 ,
2319 958 183 60 April

218 1052 125 44 and
372 1051 152 59 July
553 1053 291 47 numbers
879 1056 73 46 of
980 1056 117 47 The
1131 1058 195 47 Mask.
2437 1075 63 34 &

224 1210 155 92 *Jphe
424 1212 85 43 old
555 1225 123 30 man
726 1218 89 40 sat
862 1218 135 41 with
1035 1220 183 40 bowed
1261 1221 137 41 head
1432 1222 104 41 and
1572 1222 217 51 patient
1822 1222 154 51 back,
2009 1223 164 44 while
2208 1225 94 42 the
2335 1223 162 42 futile

312 1301 445 44 recriminations
791 1302 55 43 of
877 1305 84 43 his
994 1317 172 42 angry
1199 1306 124 43 wife
1360 1310 127 40 beat
1517 1311 169 41 about
1721 1311 85 43 his
1839 1323 143 33 ears.

318 1390 129 44 Like
481 1403 69 30 an
584 1391 217 45 endless
826 1396 221 41 cascade
1072 1395 247 52 splashed
1343 1399 96 40 the
1463 1399 111 42 dull
1599 1403 327 40 reiteration
1948 1400 54 44 of
2027 1405 99 39 her
2149 1404 344 51 reproaches;

284 1479 281 44 Senseless
597 1485 348 51 grey-beard,
978 1485 123 53 why
1133 1488 88 40 did
1256 1499 66 41 ye
1356 1488 113 42 lose
1501 1500 140 41 your
1681 1490 136 42 time
1851 1491 261 54 loitering
2135 1504 69 31 on
2227 1494 96 42 the
2347 1494 148 52 way?

214 1569 145 43 Your
391 1569 202 52 father,
613 1574 104 39 and
754 1573 84 43 his
871 1573 203 52 father,
1093 1577 104 39 and
1225 1575 83 43 his
1360 1577 185 43 father
1595 1578 184 43 before
1815 1580 133 52 him,
1978 1582 70 41 all
2085 1593 145 30 were
2265 1583 230 52 keepers

217 1657 56 44 of
303 1660 94 41 the
431 1662 201 49 temple
666 1663 160 51 gate;
862 1664 123 51 and,
1022 1664 99 42 had
1154 1677 106 40 you
1295 1667 137 42 been
1467 1670 217 50 prompt
1718 1670 156 41 when
1929 1682 66 42 ye
2051 1683 145 31 were
2230 1676 126 40 sent
2387 1673 106 53 for,

214 1761 66 40 ye
315 1749 176 43 would
528 1750 281 44 doubtless
844 1753 136 42 have
1017 1754 135 42 been
1188 1756 154 41 made
1378 1756 200 52 keeper
1613 1757 262 46 likewise.
1919 1761 105 42 But
2058 1773 122 31 now
2215 1773 29 31 a
2277 1766 216 40 readier

217 1850 123 31 man
377 1839 132 42 hath
547 1842 131 41 been
706 1842 220 44 chosen.

417 1928 39 69 Oh
478 1930 13 41 !
527 1933 142 40 most
701 1930 198 44 foolish
934 1931 88 43 old
1056 1945 121 32 man
1223 1936 122 42 who
1392 1937 87 42 did
1517 1937 186 54 prefer
1735 1941 58 39 to
1827 1940 165 43 loiter
2025 1954 69 30 on
2129 1944 94 40 the
2260 1955 137 42 way,
2429 1956 60 31 so

211 2018 146 50 that,
387 2017 268 59 forsooth,
687 2034 105 39 you
829 2025 177 49 might
1039 2035 156 43 carry
1227 2029 97 42 the
1369 2039 148 32 cross
1569 2029 88 43 for
1699 2040 150 32 some
1881 2043 184 42 young
2113 2035 309 51 carpenter,
2463 2046 31 31 a

209 2107 267 45 seditious

212 2206 65 36 &
379 2198 105 43 'Tis
735 2201 114 42 said
890 2204 95 42 the
1020 2204 85 42 old
1141 2217 145 33 man.
1394 2208 18 40 1
1449 2210 112 40 met
1610 2208 94 42 the
1736 2219 184 42 young
1954 2222 123 30 man
2114 2213 120 40 who
2270 2224 111 31 was
2429 2217 60 39 to

212 2288 63 40 be
310 2285 283 55 crucified,
626 2290 105 41 and
764 2292 95 40 the
894 2294 291 41 centurion
1237 2295 136 42 bade
1407 2307 84 30 me
1526 2307 156 42 carry
1719 2299 82 40 his
1836 2309 166 33 cross.
2038 2300 116 41 And
2187 2299 146 43 after
2363 2302 127 43 that

212 2377 16 40 1
265 2377 103 42 had
404 2378 210 42 carried
650 2379 43 41 it
725 2379 58 41 to
816 2379 97 42 the
946 2380 96 52 top
1077 2380 54 42 of
1162 2383 96 41 the
1293 2383 118 52 hill,
1460 2384 19 42 I
1524 2384 113 43 still
1686 2385 266 54 lingered,
2008 2391 229 41 because
2287 2391 56 43 of
2389 2393 96 43 the

211 2467 179 42 words
421 2468 176 41 which
633 2468 65 42 he
730 2468 185 53 spake,
947 2468 85 44 for
1066 2472 67 40 he
1166 2483 110 32 was
1309 2474 180 52 sorely
1521 2477 240 48 grieved,
1787 2478 97 41 but
1919 2479 133 41 with
2089 2491 29 30 a
2152 2481 140 49 grief
2312 2482 174 43 which

207 2566 110 33 was
351 2557 100 41 not
480 2556 87 43 for
599 2557 238 51 himself,
871 2561 99 40 but
1002 2559 86 44 for
1121 2562 208 52 others,
1378 2563 106 42 and
1534 2565 95 41 the
1682 2568 227 42 wonder
1940 2567 55 42 of
2028 2570 82 42 his
2146 2572 179 41 words
2359 2571 122 43 held

211 2656 83 32 me
326 2646 183 53 there,
539 2659 60 30 so
632 2647 125 43 that
793 2650 16 39 1
842 2648 186 54 forgot
1060 2651 71 42 all
1167 2652 187 54 things
2173 2667 66 36 &
2420 2671 65 33 &

209 2741 66 37 &
377 2736 123 52 Yes,
532 2737 54 40 in
619 2737 181 52 verity
830 2750 106 41 you
970 2739 185 53 forgot
1187 2740 75 43 all
1296 2742 205 52 tilings,
1549 2745 106 42 and
1705 2746 96 42 the
1849 2746 146 43 little
2029 2759 159 33 sense
2220 2761 105 42 you
2362 2763 129 33 ever

209 2822 126 54 had,
367 2825 104 41 and
506 2835 59 31 so
598 2836 150 31 came
781 2827 94 42 too
909 2826 111 43 late
1054 2830 57 41 to
1147 2831 63 41 be
1244 2831 155 42 made
1454 2830 201 55 keeper
1707 2833 54 43 of
1808 2835 94 42 the
1952 2836 202 51 temple
2188 2841 126 49 gate
2334 2840 13 42 I
2382 2841 106 44 Are

205 2923 107 42 you
351 2915 96 39 not
478 2915 279 52 ashamed,
787 2918 59 40 to
880 2916 162 44 think
1065 2918 123 43 that
1209 2930 139 41 your
1371 2919 201 52 father,
1597 2924 106 41 and
1728 2924 84 43 his
1834 2924 203 52 father,
2061 2929 105 41 and
2193 2930 83 41 his
2297 2928 188 46 father

208 2999 185 44 before
428 3003 109 42 him
571 3014 146 32 were
750 3004 70 43 all
854 3004 229 53 keepers
1116 3007 55 43 of
1202 3009 96 42 the
1332 3010 126 51 gate
1492 3009 55 45 of
1588 3013 96 42 the
1726 3013 185 44 Lord's
1968 3017 191 53 house,
2208 3020 106 41 and
2362 3020 126 42 that

207 3090 147 44 their
386 3103 186 33 names
607 3106 94 31 are
734 3097 226 42 written
992 3097 235 43 thereon
1260 3099 55 42 in
1351 3099 196 46 letters
1581 3102 54 43 of
1667 3103 144 53 gold,
1850 3107 175 42 which
2081 3109 109 42 will
2240 3111 63 40 be
2353 3112 130 42 read

207 3181 68 53 by
307 3179 70 43 all
416 3193 122 31 men
574 3183 56 42 in
663 3183 163 45 times
857 3186 60 40 to
950 3197 152 32 come
1134 3186 87 43 for
1253 3200 130 31 ever
1414 3192 106 41 and
1553 3189 86 45 for
1671 3205 98 42 aye
1792 3193 26 43 ?
1867 3194 105 44 But
2020 3198 158 52 thou,
2230 3201 126 42 vain
2392 3201 88 43 old

204 3271 221 53 dotard,
456 3272 158 44 alone
649 3273 54 43 of
736 3274 71 42 ail
842 3276 100 53 thy
976 3274 113 54 kin,
1122 3277 111 43 will
1268 3290 169 33 never
1469 3282 65 41 be
1568 3282 167 43 heard
1773 3283 53 44 of
1878 3286 182 53 again,
2091 3286 87 44 for
2209 3288 180 44 whom
2423 3290 57 43 In

205 3360 70 43 all
310 3361 97 42 the
440 3361 191 54 world,
664 3365 157 42 when
857 3366 135 43 thou
1027 3367 89 42 art
1149 3370 155 52 dead,
1338 3368 111 45 will
1483 3382 128 33 ever
1644 3374 132 43 hear
1809 3376 96 42 the
1940 3388 158 31 name
2122 3376 56 45 of
2208 3380 186 42 Simon
2430 3379 58 44 of

204 3451 210 53 Cyrene
435 3452 27 42 ?
693 3464 60 34 &
979 3466 1501 49 *&&&&&,&
