2669 3866
925 346 46 44 A
1008 343 335 54 HISTORY
1376 342 99 47 OF
1504 342 362 47 PUPPETS.

226 356 92 36 122

234 460 62 36 &
331 454 33 23 44
398 451 111 45 The
542 454 152 49 ivory
726 450 226 52 figures,
985 449 188 44 shown
1208 449 54 40 in
1310 449 112 40 this
1469 447 185 53 Table,
1699 449 104 40 and
1852 449 175 40 which
2077 458 94 34 are
2218 447 168 45 found
2436 453 54 43 in

232 543 320 42 cemeteries
600 542 53 39 in
709 536 294 45 children's
1033 538 201 49 tombs,
1265 547 94 31 are
1392 536 171 42 about
1594 538 80 40 six
1696 538 207 49 inches,
1930 548 61 30 or
2013 548 149 30 more
2186 536 56 44 In
2269 538 222 53 height;

228 629 315 43 sometimes
576 627 132 50 they
741 636 93 31 are
868 636 136 31 even
1038 636 59 31 as
1130 624 158 43 much
1323 636 57 31 as
1413 637 32 29 a
1533 624 179 53 palmo
1796 657 14 19 ,
1845 625 130 52 they
2008 627 206 42 consist
2248 625 55 44 of
2345 629 145 50 bust,

227 717 142 51 hips,
403 716 111 50 legs
547 713 104 43 and
686 723 164 42 arms,
884 713 261 42 detached
1180 716 60 40 at
1272 713 94 43 the
1398 714 187 52 joints,
1620 716 104 40 and
1759 714 214 52 pierced
2008 726 59 30 so
2101 726 59 30 as
2207 718 58 39 to
2318 716 173 43 admit

227 802 54 43 of
312 803 94 41 the
439 812 227 41 passage
699 799 57 44 of
787 812 132 42 very
950 802 121 42 thin
1107 803 119 42 iron
1263 813 62 32 or
1357 812 198 43 copper
1585 804 150 47 wire;
1767 813 60 32 so
1850 803 125 41 that
1997 803 94 42 the
2115 802 174 44 whole
2311 801 179 56 figure

227 901 120 42 may
382 891 62 40 be
478 891 265 40 rendered
779 890 246 43 movable
1057 891 56 43 in
1149 902 163 43 every
1343 893 143 50 part.
1540 891 255 44 Children
1846 902 143 32 were
2038 892 345 42 accustomed
2433 895 55 42 to

224 977 180 42 divert
436 977 330 43 themselves
799 978 134 44 with
966 980 157 43 these
1158 980 144 43 little
1335 980 226 53 Images,
1593 981 238 51 moving,
1880 989 61 33 or
1988 978 212 54 setting
2247 980 149 42 them
2431 980 56 42 In

224 1065 231 51 motion,
487 1065 145 43 after
661 1066 94 43 the
790 1077 230 34 manner
1052 1067 55 44 of
1137 1069 290 43 theatrical
1461 1070 232 52 puppets
1803 1067 70 54 (i)

322 1152 154 45 From
511 1155 112 43 this
657 1156 172 52 point,
863 1156 75 45 let
989 1169 62 30 us
1084 1159 312 42 endeavour
1425 1160 59 41 to
1517 1160 151 39 trace
1702 1159 92 39 the
1831 1158 209 53 history
2093 1155 55 44 of
2195 1158 111 41 this
2358 1168 130 42 very

222 1245 223 42 curious
477 1244 141 43 form
655 1244 53 43 of
742 1246 267 44 dramatic
1041 1248 122 52 Art,
1193 1249 196 51 which,
1420 1248 263 52 although
1718 1260 29 30 a
1781 1248 144 43 little
1960 1246 281 54 neglected
2297 1246 54 42 in
2388 1258 102 32 our

222 1335 118 51 day,
376 1335 45 41 is
454 1334 112 43 still
601 1335 159 52 alive,
798 1338 103 39 and
937 1337 194 49 which,
1165 1338 53 40 in
1254 1338 140 49 spite
1428 1337 55 41 of
1514 1337 257 50 repeated
1826 1337 365 49 vicissitudes,
2245 1347 111 31 was
2403 1335 87 43 for

220 1432 160 43 many
413 1424 275 41 centuries
722 1434 57 32 so
818 1423 240 52 glorious
1093 1425 103 41 and
1230 1424 362 52 triumphant.

393 1562 463 46 ANCIENT
889 1562 463 47 PUPPETS
1426 1563 106 46 IN
1586 1563 188 46 THE
1830 1563 496 52 THEATRE.

221 1687 221 46 TThere
477 1692 44 42 is
556 1702 68 32 no
676 1693 150 41 trace
868 1692 55 42 of
977 1702 106 44 any
1131 1692 293 41 document
1471 1692 57 41 to
1572 1701 165 42 prove
1790 1691 98 42 the
1940 1691 293 51 existence,
2287 1700 196 43 among

308 1777 96 45 the
440 1779 314 53 Egyptians,
785 1777 55 45 of
928 1779 296 43 fantoccini
1318 1780 257 42 intended
1629 1777 86 45 for
1752 1777 180 54 public
1983 1779 224 52 display.

222 1875 64 36 &
321 1866 63 43 Of
416 1866 68 43 all
520 1869 94 42 the
648 1870 32 23 44
704 1867 239 54 figurine
1033 1870 312 42 discovered
1381 1869 56 40 in
1469 1870 96 41 the
1622 1879 191 33 course
1864 1867 54 44 of
1966 1870 364 48 excavations,
2386 1869 96 42 not

222 1965 104 33 one
360 1956 95 42 has
489 1968 69 30 on
594 1958 72 42 its
700 1958 135 42 head
869 1959 95 41 the
1000 1956 146 44 little
1180 1960 120 40 iron
1335 1959 123 51 ring
1489 1956 86 44 for
1607 1958 97 42 the
1737 1959 278 51 reception
2052 1956 54 44 of
2151 1969 30 31 a
2234 1956 157 54 wire,
2421 1968 59 32 so

219 2044 408 53 indispensable
658 2044 91 46 for
780 2047 94 41 the
909 2057 232 42 purpose
1175 2047 56 41 of
1262 2047 325 52 supporting
1619 2045 92 43 the
1747 2048 327 40 marionette
2129 2058 69 30 on
2231 2058 31 30 a
2294 2047 187 52 stage;

223 2135 96 41 not
351 2144 103 32 one
486 2134 96 43 has
614 2134 95 42 the
755 2133 197 44 hollow
1006 2134 238 45 internal
1292 2144 173 42 space,
1521 2134 56 42 in
1626 2134 196 51 which,
1870 2133 55 42 In
1959 2134 235 43 another
2238 2132 140 44 form
2429 2132 54 44 of

222 2224 34 23 44
281 2224 225 51 pupazzi
618 2224 44 41 it
705 2223 47 43 is
788 2223 155 43 usual
992 2222 87 44 for
1126 2223 98 42 the
1277 2224 278 42 showman
1605 2226 57 40 to
1715 2223 288 43 introduce
2057 2224 83 42 his
2191 2223 229 52 fingers.
2468 2224 18 41 I

219 2312 179 43 would
434 2313 96 41 not
580 2323 90 42 say
724 2313 125 42 that
888 2313 113 42 this
1050 2313 45 42 is
1141 2312 232 52 positive
1428 2313 257 42 evidence
1737 2313 124 42 that
1906 2312 293 43 theatrical
2250 2314 232 51 puppets

220 2410 145 33 were
425 2400 236 53 entirely
716 2400 274 44 unknown
1042 2403 58 40 to
1149 2401 95 42 the
1293 2401 219 42 ancient
1560 2400 313 54 Egyptians.
1921 2400 109 43 The
2078 2401 309 42 conditions
2435 2400 55 43 of

219 2487 216 45 culture
483 2491 55 39 in
572 2490 124 42 that
731 2490 247 53 country,
1011 2490 96 40 the
1146 2488 387 54 magnificence
1568 2488 54 44 of
1654 2488 227 54 popular
1914 2490 105 42 and
2069 2488 262 53 religious
2377 2488 83 45 fes-

216 2577 164 45 tivals
429 2579 104 42 and
587 2579 96 42 the
717 2577 325 44 undeniable
1094 2580 300 52 testimony
1441 2579 54 42 of
1540 2579 96 42 the
1687 2580 33 21 44
1748 2579 127 52 pupl
1931 2579 265 43 convivali
2311 2579 175 52 might

218 2668 266 52 persuade
516 2669 60 40 to
609 2668 95 40 the
738 2669 276 51 contrary.
1050 2668 105 41 But
1188 2669 53 40 in
1277 2678 30 30 a
1340 2668 205 41 matter
1577 2665 53 43 of
1663 2668 210 50 history
1926 2678 164 43 every
2139 2668 341 52 supposition

216 2756 125 42 that
371 2755 47 43 is
453 2756 97 42 not
581 2756 297 53 supported
914 2756 68 53 by
1037 2767 147 31 some
1232 2756 171 51 slight
1450 2754 156 53 proof
1653 2765 183 41 passes
1884 2756 118 42 into
2050 2756 97 42 the
2194 2756 189 51 region
2426 2756 56 44 of

216 2843 191 53 simple
439 2843 158 54 fancy
629 2845 104 41 and
769 2844 378 52 imagination.
1180 2845 49 42 It
1262 2844 109 43 will
1408 2847 61 40 be
1503 2845 256 51 prudent,
1791 2843 277 46 therefore
2200 2844 142 43 until
2394 2857 83 32 we

219 2933 135 43 have
388 2933 353 43 information
775 2934 60 42 to
868 2934 93 42 the
995 2936 330 52 contrary....
1358 2936 57 40 to
1450 2944 213 33 assume
1712 2934 122 42 that
1880 2934 95 42 the
2024 2934 217 42 ancient
2287 2933 191 53 people

216 3019 56 45 of
304 3021 175 53 Egypt
525 3023 89 41 did
648 3022 235 42 without
916 3023 125 42 that
1071 3033 131 43 very
1234 3022 247 52 pleasant
1512 3024 363 41 amusement.

218 3118 64 36 &
315 3111 218 49 Greece,
567 3121 70 33 on
670 3112 95 41 the
798 3111 160 43 other
990 3112 161 53 hand,
1183 3109 140 45 from
1373 3112 96 42 the
1516 3113 265 41 remotest
1827 3112 160 42 times
2036 3109 55 44 of
2142 3111 178 43 which
2374 3122 106 43 any

224 3278 141 46 NO
396 3278 44 47 T
468 3279 48 46 E
546 3279 68 46 S.

215 3385 70 53 (i)
321 3383 274 44 Boldettt:
696 3386 377 44 Osservazioni
1106 3396 160 42 sopra
1299 3385 16 42 !
1351 3385 246 43 Cimiteri
1631 3386 84 41 dei
1748 3387 155 41 Santi
1937 3386 212 43 Martiri
2185 3387 62 42 d
2275 3385 203 43 antichl

217 3475 253 43 cristiani
503 3475 53 42 dl
593 3476 164 47 Roma
878 3474 139 44 book
1052 3476 39 42 II
1125 3475 154 51 chap.
1313 3475 110 43 XIV
1456 3486 134 41 page
1624 3479 97 47 496
1771 3477 102 41 and
1923 3474 297 53 following.
