2669 3866
797 327 45 44 A
880 327 336 53 HISTORY
1249 327 98 47 OF
1376 325 362 49 PUPPETS.

2371 337 81 45 117

670 429 119 45 Cosi
825 442 212 32 saremo
1070 432 87 51 poi

670 518 174 55 Tuttl,
875 522 214 51 quando
1124 521 32 41 1'
1176 520 337 53 implacabile

676 607 194 45 L'Orco
906 610 46 40 ci
985 609 202 52 rapir&.

672 696 205 43 Viviam
911 699 237 49 dunque,
1181 699 252 48 viviamo;

670 785 254 42 Fintanto
958 786 96 41 che
1087 785 268 50 possiamo

673 875 157 41 Stare
864 873 189 51 allegri
1090 874 50 39 di
1176 884 103 40 qua

295 960 108 44 The
436 972 183 32 verses
653 972 142 30 were
830 960 105 42 less
967 960 132 42 than
1137 962 286 48 mediocre,
1455 962 156 52 (even
1646 962 403 43 Trimalcione's
2084 963 154 42 Latin
2265 963 152 51 ones)
2439 972 12 39 ;

201 1053 99 41 but
332 1052 94 40 the
460 1053 205 48 puppet
695 1061 128 40 was,
858 1052 44 40 it
934 1061 192 38 seems,
1175 1062 29 29 a
1258 1051 354 50 masterpiece
1662 1049 53 43 of
1748 1051 215 41 Dedalic
1994 1053 103 39 art.
2133 1051 176 50 Finer,
2342 1053 107 41 and

197 1138 220 53 equally
451 1138 122 43 well
609 1141 228 49 adapted
873 1141 57 39 to
964 1138 96 42 the
1094 1137 228 54 subject,
1357 1138 45 42 Is
1435 1139 94 41 the
1564 1141 325 49 paraphrase
1945 1138 54 43 of
2050 1139 123 42 that
2224 1141 224 49 strophe

196 1231 98 49 put
320 1230 66 50 by
421 1228 181 41 Pietro
637 1228 162 42 Cossa
832 1230 54 39 in
920 1230 94 40 the
1047 1230 189 40 mouth
1273 1228 52 42 of
1359 1230 83 40 his
1475 1230 156 43 Nero.

720 1317 293 42 Beviam....
1046 1318 182 49 presto
1261 1318 45 41 si
1341 1329 204 38 muore,

665 1406 73 41 Ne
771 1416 257 32 crescono
1062 1405 48 42 le
1145 1406 100 41 viti
1281 1405 82 43 del
1400 1405 225 44 Falerno

667 1495 184 50 Lungo
887 1492 51 42 la
969 1495 145 41 tetra
1150 1494 115 42 riva

665 1584 82 41 dei
783 1583 143 52 laghi
962 1581 125 44 dell'
1107 1581 233 45 Averno.

663 1672 123 41 Cola
820 1672 90 50 piu
947 1670 35 42 il
1016 1673 190 40 nostro
1240 1670 184 43 labbro
1461 1683 103 30 non
1599 1672 43 41 si
1677 1683 129 39 posa

662 1759 150 43 Sulla
845 1762 159 40 bocca
1037 1771 247 31 amorosa

665 1849 57 41 D'
745 1860 106 30 una
886 1860 124 30 cara
1040 1847 313 44 fanciulla...

663 1936 266 51 Amiam,..
963 1936 46 43 cl
1042 1938 232 50 aspetta,
1307 1937 136 50 dopo
1479 1938 193 42 morte,
1707 1934 37 44 II
1782 1936 222 43 nulla!...
2039 1936 68 53 (i)

287 2023 117 45 And
441 2027 128 41 here
602 2036 82 32 we
718 2026 135 42 have
887 2026 282 51 explained
1193 2026 94 42 the
1314 2025 326 52 mysterious
1662 2022 350 53 significance
2039 2023 52 44 of
2114 2026 91 41 the
2230 2025 215 54 gloomy

187 2114 263 43 convivial
488 2114 377 52 marionettes,
900 2125 66 30 an
1001 2114 276 43 incentive
1311 2115 57 39 to
1400 2112 95 42 the
1528 2112 254 51 practical
1816 2114 345 49 propaganda
2183 2111 55 43 of
2261 2114 154 49 epicu-

185 2202 245 52 rianism;
464 2214 67 30 an
567 2204 462 50 encouragement
1060 2204 58 40 to
1148 2200 115 43 free
1296 2200 112 52 life,
1443 2199 114 44 cool
1592 2199 179 49 drink,
1795 2200 156 52 hasty
1975 2201 338 52 enjoyment,
2335 2202 53 41 in
2413 2213 31 30 a

187 2291 168 43 world
389 2293 192 49 which,
616 2294 235 42 without
882 2293 96 40 the
1011 2290 366 43 consolations
1411 2287 54 44 of
1495 2290 95 41 the
1622 2287 147 44 table
1802 2290 102 41 and
1938 2289 97 43 the
2059 2289 182 43 alcove
2264 2289 177 43 would

1443 2341 12 21 \

190 2381 61 42 be
284 2383 92 40 too
408 2380 99 43 full
541 2380 56 43 of
626 2380 281 51 troubles;
941 2381 103 41 and
1080 2380 180 41 where
1294 2389 101 31 one
1428 2379 44 41 is
1505 2376 57 42 in
1597 2388 104 40 any
1735 2388 118 32 case
1905 2379 58 39 to
2013 2379 205 41 remain
2265 2376 86 44 for
2383 2389 58 31 so

185 2469 154 43 short
372 2481 28 30 a
435 2481 156 40 space
624 2469 53 42 of
708 2469 134 41 time
891 2468 122 40 that
1058 2468 96 40 the
1204 2475 252 41 supreme
1518 2465 221 41 wisdom
1794 2465 44 41 is
1890 2467 122 40 that
2059 2464 55 43 of
2161 2467 106 40 htm
2318 2467 121 41 who

186 2559 255 41 contents
478 2557 217 43 himself
727 2557 133 42 with
894 2554 166 52 going
1093 2554 160 52 along
1286 2564 55 32 as
1377 2554 119 41 best
1529 2553 66 42 he
1630 2564 119 41 can,
1781 2555 102 51 day
1916 2554 66 52 by
2035 2554 119 52 day,
2209 2554 232 42 without

184 2644 258 54 thinking
475 2647 169 41 about
676 2656 62 32 or
769 2644 245 51 trusting
1046 2644 54 40 in
1133 2643 94 41 the
1263 2652 249 33 morrow.

186 2742 63 36 &
284 2735 111 40 One
428 2743 176 33 seems
637 2731 287 52 positively
957 2735 57 38 to
1048 2732 132 41 hear
1212 2731 94 42 the
1340 2729 142 44 little
1515 2729 164 44 silver
1711 2731 249 42 skeleton
1996 2731 54 43 of
2083 2732 354 44 Trimalcione

184 2823 206 51 repeat,
423 2822 132 42 with
588 2822 96 41 the
719 2822 150 41 noise
903 2820 54 42 of
990 2821 81 41 his
1105 2818 243 45 movable
1372 2820 303 53 vertebrae,
1709 2821 57 41 to
1799 2821 129 41 each
1954 2820 53 42 of
2027 2821 96 42 the
2147 2832 293 33 numerous

184 2911 206 52 guests,
425 2910 55 39 in
513 2909 97 41 the
642 2906 139 44 form
817 2907 55 42 of
903 2920 30 29 a
966 2907 238 50 counsel,
1254 2909 123 41 that
1428 2907 324 51 ejaculation
1785 2909 174 41 which
2015 2910 185 43 Orazio
2255 2910 184 43 Flacco

183 3076 248 47 NOTES
461 3076 165 46 AND
661 3076 584 54 TRANSLATIONS.

179 3182 69 54 (i)
282 3184 98 43 Let
416 3194 61 32 us
511 3183 182 52 drink,
724 3182 85 44 for
841 3196 132 30 soon
999 3196 78 30 we
1110 3185 84 41 die
1214 3196 13 38 ;
1263 3196 99 30 nor
1395 3187 65 40 do
1484 3187 92 40 the
1601 3187 153 40 vines
1780 3185 53 44 of
1856 3185 228 45 Falerno
2107 3199 148 41 grow
2279 3188 159 53 along

183 3273 95 42 the
312 3272 217 53 gloomy
564 3272 142 43 bank
755 3272 54 43 of
840 3273 93 42 the
968 3272 149 43 lakes
1151 3272 53 43 of
1236 3274 262 42 Avernus.
1532 3273 171 43 There
1739 3286 67 31 no
1841 3287 148 32 more
2022 3277 137 43 shall
2194 3290 100 30 our
2337 3277 101 53 lips

178 3373 151 42 press
365 3372 142 42 upon
543 3362 95 42 the
671 3372 253 32 amorous
958 3362 187 42 mouth
1181 3361 53 43 of
1275 3373 30 31 a
1340 3362 220 44 beloved
1594 3363 233 43 maiden.
1862 3366 98 42 Let
1993 3376 61 32 us
2079 3366 176 44 10ve...
2279 3367 158 42 there

179 3451 193 43 awaits
407 3461 81 41 us,
521 3448 145 45 after
696 3450 183 49 death;
912 3450 435 52 ....nothingness
1369 3451 91 43 !....
1640 3460 65 37 &
1884 3461 65 36 &
2130 3461 61 37 &
