2618 3864
925 337 348 55 FOREIGN
1318 341 266 47 NOTES.
1617 354 63 34 &

2347 358 91 41 179

165 446 68 32 on
269 440 59 39 to
360 437 82 43 fill
476 438 94 42 the
602 440 221 42 theatre
856 454 145 31 were
1052 445 99 42 but
1181 446 98 42 the

169 525 263 53 Prologue
466 527 68 52 by
555 526 149 43 their
727 526 218 52 leader;
963 531 86 41 Sir
1071 530 209 44 Arthur

168 614 199 43 Pinero
417 616 95 41 has
560 615 84 43 his
688 628 120 30 own
841 615 302 57 following,
1174 626 104 40 and

167 715 58 30 as
258 703 86 43 for
376 705 83 42 Mr
492 705 205 50 Barrie,
716 705 140 55 why,
883 706 63 41 he
968 709 95 41 has
1082 709 200 44 almost

169 804 57 31 as
250 804 160 45 many
427 793 208 45 friends
658 807 57 30 as
734 795 164 43 Peter
916 797 109 41 Pan
1047 799 232 43 himself.

167 882 69 40 So
291 888 57 36 to
400 894 231 41 arrange
681 884 82 41 his
810 894 347 42 programme
1222 888 57 42 In

165 971 134 40 such
353 983 200 41 away
596 985 57 29 as
690 976 58 38 to
784 974 195 50 gather
1026 977 257 51 together

165 1058 155 42 these
372 1059 160 42 three
597 1062 338 53 distinctive,
986 1065 103 40 and
1144 1077 136 31 even

168 1147 279 52 opposing,
511 1152 204 47 parties
779 1153 56 40 at
888 1153 128 40 each
1071 1152 181 52 perfor-

169 1246 187 31 mance
389 1236 45 41 is
468 1247 30 31 a
531 1241 204 38 master
767 1239 186 43 stroke
1002 1239 55 43 of
1105 1242 178 54 policy

168 1334 67 30 on
271 1325 82 41 Mr
385 1324 317 44 Frohman's
751 1329 141 49 part.
941 1330 48 39 It
1042 1331 175 41 shows
1252 1344 30 29 a

168 1413 150 53 truly
361 1416 404 42 mathematical
815 1429 159 31 sense
1009 1420 54 41 of
1095 1420 187 43 values

168 1503 104 39 and
321 1503 221 43 results.
578 1505 44 41 It
658 1504 46 42 is
738 1517 29 29 a
799 1507 248 52 triumph
1087 1507 55 43 of
1175 1509 108 42 Box

169 1588 158 44 office
360 1594 292 50 reasoning
686 1595 102 40 and
824 1594 196 53 logic...
1217 1606 63 35 ,4?

168 1688 65 34 &
267 1680 123 54 But,
433 1692 134 30 even
619 1693 81 42 so,
733 1694 55 31 as
842 1684 222 43 Publius
1116 1688 164 51 Syrus

167 1769 140 52 said,
395 1771 47 40 It
474 1771 46 42 is
544 1782 29 29 a
597 1782 131 42 very
747 1773 132 42 hard
908 1776 372 52 undertaking

165 1860 57 39 to
259 1858 130 42 seek
422 1861 56 40 to
511 1860 179 50 please
714 1865 377 52 everybody,,.

168 1956 63 34 *£?
266 1947 124 43 This
426 1948 322 53 equilateral
770 1951 239 52 triangle
1029 1952 53 42 of
1105 1954 175 43 talent

167 2036 107 42 will
310 2037 64 41 be
399 2037 279 44 described
720 2050 141 42 upon
903 2041 94 42 the
1042 2044 151 51 stage
1228 2041 54 42 of

163 2128 92 39 the
292 2126 151 42 Duke
479 2125 55 43 of
564 2128 189 43 York's
786 2129 254 46 Theatre.
1217 2143 62 33 jg?

170 2212 117 46 The
324 2214 307 47 Leicester
662 2216 324 47 Galleries.

327 2304 302 50 important
678 2308 296 42 exhibition
1026 2308 45 43 is
1123 2310 159 51 being

260 2392 120 42 held
415 2393 111 42 this
560 2396 188 40 month
785 2397 56 39 at
874 2397 93 40 the
1012 2398 270 42 Leicester

167 2479 262 44 Galleries
485 2481 55 43 of
591 2495 146 30 some
802 2483 54 42 of
920 2487 81 39 Mr
1064 2487 214 41 Gordon

168 2569 204 53 Craig's
428 2572 216 51 designs
696 2571 86 43 for
841 2576 151 49 stage
1057 2586 225 42 scenery

167 2661 102 39 and
297 2658 54 44 of
382 2660 94 40 the
511 2660 204 43 models
747 2660 86 42 for
852 2662 82 42 his
958 2663 188 41 recent
1163 2675 90 39 pro-

164 2750 222 42 duction
422 2749 54 41 of
565 2750 212 42 Hamlet
852 2754 57 38 at
932 2752 93 41 the
1050 2754 230 42 Moscow

165 2840 102 42 Art
319 2839 250 43 Theatre.
634 2841 46 40 It
743 2841 45 41 is
850 2851 67 31 an
982 2841 297 43 exhibition

167 2928 175 42 which
387 2929 149 41 must
598 2928 375 52 undoubtedly
1036 2929 124 52 help
1222 2931 58 41 to

167 3017 144 41 clear
342 3018 94 39 the
462 3018 176 40 minds
664 3017 54 41 of
739 3017 132 41 such
897 3015 53 43 of
973 3019 81 39 Mr
1077 3018 205 52 Craig's

167 3117 123 32 own
321 3107 357 52 countrymen
716 3117 55 32 as
796 3104 112 43 still
934 3107 213 42 cherish
1175 3118 81 32 cer-

167 3194 118 42 tain
319 3203 180 33 errors
535 3194 335 52 concerning
897 3196 62 40 hs
983 3193 169 52 work,
1176 3197 103 41 and

169 3285 61 40 to
263 3292 230 42 prepare
526 3282 95 42 the
655 3295 119 42 way
804 3282 86 43 for
921 3283 96 42 the
1063 3283 193 43 realisa-

165 3371 122 43 tion
320 3367 57 47 of
401 3371 84 42 his
518 3372 145 42 ideas
699 3373 53 40 in
790 3371 240 53 England
1064 3382 59 33 as
1152 3375 131 50 they

165 3461 135 42 have
354 3461 178 51 begun
568 3461 58 42 to
676 3461 63 42 be
788 3460 231 43 realised
1069 3472 68 32 on
1185 3462 94 42 the

1326 447 315 52 Continent,
1673 449 86 43 for
1800 449 45 42 it
1895 449 405 44 demonstrates
2346 452 95 50 yet

1327 546 135 33 once
1496 549 168 42 more,
1697 550 57 31 as
1787 539 94 42 the
1917 539 155 42 critic
2091 536 54 45 of
2167 537 96 42 the-

1329 625 52 53 ly
1611 628 184 50 points
1828 629 115 51 out,
1975 628 122 42 that
2300 626 141 44 from

1329 714 163 52 being
1525 728 65 28 an
1627 717 334 50 unpractical
1995 717 237 43 theorist
2374 717 67 41 he

1331 812 122 32 now
1509 816 225 39 appears
1784 807 58 40 to
1898 807 63 40 be
2017 817 67 30 an
2139 804 305 56 eminently

1329 892 264 51 practical
1649 896 151 49 stage
1849 896 253 50 designer
2146 896 105 40 and
2309 894 102 42 Pro-

1331 981 187 51 ducer,
1543 993 29 30 a
1598 993 120 30 man
1754 982 55 42 of
1840 983 182 42 action

1331 1076 64 33 &
1430 1070 57 39 In
1522 1068 111 42 fact
1666 1081 101 29 one
1810 1070 141 43 after
1999 1073 233 41 another
2281 1073 159 41 those

1330 1156 120 42 who
1501 1157 159 49 write
1708 1156 55 43 of
1809 1159 155 43 these
1998 1161 216 51 designs
2247 1161 103 42 and
2386 1159 56 44 of

1330 1245 95 42 the
1458 1246 246 52 Screens,
1738 1249 105 52 (Mr
1876 1249 202 53 Craig's
2111 1250 331 53 invention,)

1331 1334 173 42 which
1542 1346 90 31 are
1674 1338 130 39 used
1858 1336 55 41 in
1969 1339 92 41 the
2176 1339 265 42 Ham'et"

1334 1423 223 52 Models,
1607 1424 306 49 emphasize
1946 1426 110 41 this
2091 1425 314 48 PRACTICA-

1334 1512 142 44 LITY
1529 1510 55 43 of
1638 1513 83 40 his
1773 1512 165 43 ideas.
2047 1514 160 42 Some
2249 1513 56 43 of
2347 1515 93 41 the

1384 1599 215 43 Hamlet
1696 1600 205 44 models
1934 1602 150 43 show
2117 1613 29 29 a
2181 1600 256 53 practical

1330 1689 292 54 ingenuity
1654 1692 54 39 in
1741 1692 94 41 the
1870 1702 95 31 use
1999 1688 55 45 of
2085 1692 158 41 these
2294 1691 145 50 plain

1329 1790 221 31 screens
1603 1780 124 40 that
1779 1790 211 34 amazes
2040 1791 103 30 one
2178 1781 135 40 with
2345 1781 95 42 the

1329 1867 297 55 simplicity
1656 1870 103 39 and
1793 1870 96 40 the
1924 1870 201 51 beauty
2158 1868 54 42 of
2246 1870 72 42 its
2361 1867 54 43 ef-

1327 1956 139 42 fects
1552 1966 122 42 says
1708 1968 135 39 one;
1877 1957 121 41 who
2032 1959 131 39 adds
2186 1959 123 39 that

1327 2046 93 42 the
1456 2046 201 40 matter
1691 2044 54 42 of
1777 2044 234 52 lighting
2055 2044 191 43 effects
2280 2046 160 47 Rein-

1330 2134 30 39 Si
1369 2134 123 41 ardt
1547 2134 61 47 is,
1663 2135 55 40 to
1772 2144 30 29 a
1854 2134 158 49 great
2063 2136 212 47 extent,
2327 2133 114 50 just

1329 2223 162 51 Craig
1522 2223 101 51 put
1656 2222 117 40 into
1806 2223 253 48 practise.
2115 2220 325 52 Elsewhere,

1327 2312 112 47 too,
1497 2312 83 39 Mr
1633 2310 223 52 Craig's
1909 2312 146 40 ideas
2113 2313 134 41 have
2305 2313 132 41 been

1327 2397 244 53 yielding
1603 2397 192 52 golden
1829 2397 194 44 fruit...
2055 2398 85 42 for
2172 2399 208 42 others.

1430 2487 70 41 So
1536 2488 210 41 besides
1781 2488 160 50 being
1974 2500 28 28 a
2036 2487 151 43 fresh
2221 2489 182 41 demon-

1331 2576 233 39 stration
1621 2573 53 43 of
1811 2576 346 52 practicality
2329 2577 111 42 this

1398 2663 360 53 exhilerating
1804 2665 298 40 exhibition
2235 2676 57 31 as
2345 2666 95 42 the

1384 2752 174 42 Times
1664 2752 128 44 calls
1847 2756 61 47 it,
1966 2755 46 41 is
2069 2752 371 55 undoubtedly

1330 2840 320 52 awakening
1683 2854 159 41 many
1876 2844 118 42 who
2050 2844 100 40 had
2202 2845 97 39 not
2345 2845 95 50 yet

1329 2928 229 43 realised
1595 2931 45 40 it
1670 2933 59 40 to
1763 2933 93 40 the
1887 2930 113 43 fact
2054 2935 122 38 that
2229 2931 210 44 certain

1329 3019 353 50 productions
1717 3032 128 32 over
1878 3023 174 41 which
2092 3023 218 43 London
2346 3023 95 42 has

1331 3109 135 41 been
1503 3111 297 50 enthusing
1847 3109 165 55 lately
2046 3112 136 40 have
2216 3113 135 39 been
2385 3113 55 39 in

1329 3196 198 53 reality
1574 3198 99 42 but
1721 3210 132 39 poor
1900 3201 304 40 imitations
2257 3199 53 41 of
2361 3199 83 42 Mr

1332 3286 204 53 Craig's
1567 3286 171 51 work,
1771 3301 87 30 ...a
1891 3288 319 42 realisation
2263 3287 177 43 which

1331 3375 192 42 should
1561 3377 268 52 certainly
1862 3387 165 41 prove
2059 3375 184 44 father
2263 3377 60 41 to
2347 3376 95 42 the

1331 3465 178 42 desire
1532 3466 58 42 to
1612 3465 133 43 have
1768 3465 113 43 real
1908 3465 158 53 Craig
2087 3465 353 53 productions
