2669 3866
898 325 12 55 &
911 325 31 55 A
980 327 334 53 HISTORY
1347 327 99 47 OF
1477 325 360 47 PUPPETS.

198 333 93 47 126

202 529 343 50 penetrated,
579 525 143 43 little
757 526 67 51 by
857 521 164 52 little,
1055 522 120 42 into
1208 521 73 43 all
1314 521 179 52 places
1526 522 184 42 where
1743 520 94 44 the
1872 532 298 32 concourse
2203 520 55 43 of
2306 525 159 41 much

199 616 188 52 people
419 625 133 42 gave
589 615 160 50 hopes
783 611 56 43 of
870 611 125 52 gain
1030 613 104 40 and
1168 609 222 44 fruitful
1426 611 491 52 representations.
1956 609 171 43 There
2180 621 144 32 were
2372 613 94 41 the

272 701 227 54 pupazzt
598 701 127 41 that
755 710 145 32 were
933 700 353 48 unattached,
1319 700 125 42 that
1476 700 44 42 is
1567 700 58 42 to
1674 710 116 42 say,
1837 700 98 41 not
1982 700 299 41 connected
2330 699 134 43 with

203 802 107 40 any
341 790 328 52 permanent
700 790 240 51 theatre,
973 790 101 41 but
1105 799 146 33 were
1282 788 194 54 played
1510 789 56 42 in
1601 788 220 52 couples
1854 789 69 53 by
1970 798 148 33 some
2170 788 299 53 travelling

204 880 297 47 showman,
533 878 140 48 who,
707 877 225 53 holding
964 888 103 33 one
1100 877 54 43 In
1190 877 132 44 each
1361 878 163 52 hand,
1557 875 307 54 performed
1897 877 135 40 with
2067 878 150 41 them
2243 877 53 40 in
2331 887 136 40 open

204 977 186 42 spaces
423 968 104 41 and
561 968 59 41 at
650 968 177 43 street
860 977 255 39 corners;
1149 966 220 53 making
1404 968 150 41 them
1589 969 90 40 act
1710 966 138 41 droll
1883 964 148 43 little
2066 966 300 52 dialogues,
2413 976 59 31 or

206 1057 229 51 pretend
468 1057 60 42 to
560 1057 123 52 sing
715 1067 148 33 some
896 1057 229 52 popular
1155 1068 158 41 song,
1347 1058 134 41 with
1535 1057 95 42 the
1663 1056 248 43 addition
1945 1053 56 45 of
2033 1056 135 52 Jests
2199 1054 106 44 and
2338 1054 106 42 ridi-

204 1146 191 43 culous
428 1147 360 43 contortions.
824 1146 173 43 There
1028 1157 147 33 were
1208 1147 95 42 the
1333 1148 37 23 44
1393 1146 297 43 fantoccini
1782 1147 128 41 that
1942 1156 143 32 were
2117 1147 198 50 strung
2347 1155 68 32 on
2441 1156 30 31 a

204 1235 127 44 thin
366 1236 148 52 cord,
547 1246 62 32 or
639 1236 215 52 thread,
888 1237 185 42 drawn
1106 1246 182 32 across
1322 1236 93 42 the
1449 1234 166 44 knees
1650 1234 53 43 of
1726 1235 94 42 the
1844 1236 277 51 operator,
2145 1232 141 52 who,
2309 1231 161 44 while

207 1324 218 53 playing
457 1335 150 32 some
639 1324 226 43 musical
899 1325 359 51 instrument,
1293 1326 155 42 made
1481 1326 209 41 certain
1726 1326 340 41 movements
2090 1322 134 45 with
2248 1324 85 42 his
2356 1321 116 54 legs

203 1413 132 40 that
367 1413 198 42 caused
598 1411 96 44 the
726 1410 181 53 figure
940 1414 57 41 to
1031 1413 239 43 advance
1304 1424 64 31 or
1401 1414 189 49 retire,
1623 1414 57 41 to
1716 1413 168 42 dance
1917 1414 106 41 and
2057 1414 59 39 to
2150 1421 155 32 move
2328 1420 143 32 arms

207 1503 105 42 and
348 1500 114 54 legs
498 1503 54 40 in
587 1500 71 43 all
693 1503 315 42 directions.
1042 1500 174 43 There
1248 1512 145 31 were
1429 1500 114 43 also
1576 1502 94 41 the
1704 1502 145 41 little
1882 1503 208 51 jointed
2183 1499 240 53 figurine

211 1589 134 43 with
380 1592 147 40 their
560 1590 194 52 hinges
786 1592 105 40 and
926 1590 251 51 springs;
1209 1589 159 43 these
1401 1601 144 31 were
1581 1592 152 40 made
1768 1592 58 39 to
1860 1590 172 42 dance
2065 1601 68 30 on
2166 1589 201 52 tables,
2417 1590 59 42 to

211 1679 96 43 the
340 1681 470 50 accompaniment
843 1679 56 43 of
928 1678 273 53 sprightly
1233 1681 103 40 and
1371 1678 223 52 explicit
1624 1691 184 40 songs.
1841 1679 117 42 And
1994 1679 157 42 there
2204 1688 145 33 were
2381 1679 95 42 the

209 1771 233 51 puppets
475 1771 232 49 adapted
744 1768 83 43 for
858 1771 182 42 scenic
1070 1769 182 42 action
1288 1780 62 31 or
1382 1771 94 40 the
1509 1768 377 52 performance
1920 1767 55 44 of
2008 1780 29 29 a
2090 1767 169 52 farce,
2301 1768 178 42 either

213 1857 57 42 in
303 1869 150 31 some
486 1857 248 52 portable
783 1860 33 20 44
852 1858 310 44 castelletto
1299 1869 62 31 or
1394 1858 57 41 in
1484 1858 96 42 the
1611 1857 304 43 vestibules
1968 1856 55 43 of
2070 1858 234 47 houses;
2351 1856 124 49 and,

213 1945 211 54 finally,
456 1949 157 41 there
646 1959 144 31 were
821 1949 96 41 the
950 1950 114 40 real
1101 1950 378 49 marionettes,
1528 1949 134 41 with
1710 1947 178 43 which
1935 1959 31 30 a
2013 1947 302 51 showman,
2361 1945 119 43 who

214 2037 105 44 had
354 2049 29 30 a
415 2036 285 45 sufficient
733 2040 231 41 number
997 2036 56 45 of
1083 2040 227 42 wooden
1345 2040 180 41 actors
1558 2040 58 41 at
1650 2039 83 42 his
1766 2039 304 51 command,
2116 2048 134 42 gave
2297 2046 187 41 repre=

216 2126 304 42 sentations
553 2125 56 42 in
644 2138 30 30 a
707 2125 146 43 little
885 2126 217 42 theatre
1136 2125 290 52 according
1472 2128 58 39 to
1580 2125 138 45 rule.

213 2223 67 35 &
313 2215 213 52 Puppet
573 2215 149 55 plays
769 2225 145 33 were
946 2227 61 31 so
1040 2215 229 51 popular
1302 2227 198 40 among
1531 2215 97 42 the
1683 2215 223 42 ancient
1958 2215 234 47 Romans
2244 2214 124 42 that
2410 2213 70 43 all

216 2304 94 41 the
345 2302 219 54 leading
594 2304 220 43 writers
847 2303 155 43 make
1037 2304 247 43 mention
1319 2303 55 43 of
1406 2304 152 43 them
1592 2305 55 41 in
1683 2304 146 42 their
1865 2302 169 44 books
2057 2304 104 41 and
2187 2304 147 41 draw
2358 2312 128 33 con

218 2392 236 42 elusions
487 2391 140 43 from
660 2393 172 43 them.
868 2393 238 52 Persius,
1140 2394 54 41 in
1229 2404 103 32 one
1368 2393 54 42 of
1455 2394 95 41 the
1576 2394 119 41 best
1718 2392 55 43 of
1796 2393 85 42 his
1904 2393 217 48 satires,
2144 2393 135 51 (Sat,
2302 2402 51 38 v,
2376 2391 112 53 125)

214 2481 195 52 speaks
442 2481 54 43 of
528 2482 94 43 the
654 2486 253 49 precepts
941 2481 54 44 of
1028 2483 115 42 real
1177 2483 220 52 liberty,
1429 2483 127 42 that
1587 2482 178 43 which
1798 2483 259 51 proceeds
2089 2481 141 43 from
2255 2481 231 54 nobility

218 2570 55 43 of
306 2572 166 51 mind,
504 2571 141 43 from
678 2572 96 43 the
827 2582 182 43 power
1058 2571 53 43 of
1163 2572 264 52 resisting
1477 2572 70 42 ail
1601 2573 247 50 passions
1882 2573 103 41 and
2036 2570 55 44 of
2138 2571 347 51 overcoming

218 2661 315 42 necessities
555 2671 11 42 ;
602 2662 104 41 and
740 2661 131 42 thus
904 2662 286 42 addresses
1224 2661 97 43 the
1354 2661 157 43 weak
1543 2662 104 41 and
1680 2661 210 43 vicious
1925 2672 144 39 man,
2118 2661 122 42 who
2288 2657 192 45 thinks

222 2750 218 43 himself
471 2750 116 43 free
620 2751 228 42 because
882 2752 66 41 he
981 2752 45 41 is
1063 2754 98 39 not
1192 2751 215 52 subject
1440 2752 57 41 to
1533 2763 105 42 any
1671 2752 337 42 master:.....

218 2930 36 23 44
291 2932 89 40 art
411 2930 181 42 bound
628 2932 68 52 by
727 2942 59 30 so
823 2942 158 40 many
1015 2930 186 42 chains
1224 2930 25 42 ?
1284 2932 179 41 Bitter
1493 2930 215 54 slavery
1741 2930 127 42 does
1902 2930 97 41 not
2036 2929 282 43 constrain
2340 2928 149 49 thee,

221 3019 30 24 44
291 3019 45 42 it
368 3019 46 42 is
446 3020 161 50 true;
641 3020 234 51 nothing
907 3020 214 41 outside
1157 3018 54 44 of
1242 3020 127 42 thee
1402 3031 98 30 can
1535 3019 178 51 oblige
1745 3019 127 41 thee
1905 3019 57 41 to
1994 3019 100 50 put
2127 3018 98 53 thy
2249 3015 159 45 limbs
2432 3018 53 41 in

226 3108 34 20 44
297 3107 207 44 motion
540 3107 107 44 like
679 3109 158 42 those
871 3108 55 43 of
957 3111 266 50 puppets;
1257 3111 102 40 but
1390 3107 60 53 if,
1482 3108 195 42 within
1710 3108 147 48 thee,
1909 3107 283 42 dominant
2231 3107 258 42 instincts

222 3198 34 24 44
292 3197 105 42 and
432 3198 248 51 passions
712 3208 93 33 are
838 3199 287 51 springing
1158 3210 90 40 up,
1281 3198 153 42 what
1464 3198 121 42 sort
1615 3196 55 44 of
1703 3196 201 53 liberty
1956 3197 45 42 is
2034 3197 157 42 thine

322 3286 110 44 The
465 3287 260 52 Emperor
755 3290 214 42 Marcus
1001 3287 256 43 Aurelius
1290 3286 177 44 refers
1498 3288 59 42 to
1592 3288 360 42 marionettes
1985 3288 56 41 in
2074 3296 164 43 every
2271 3296 134 42 page
2439 3283 52 45 of

226 3377 84 42 his
340 3375 155 44 work
553 3379 34 20 44
611 3377 75 42 De
719 3387 55 32 se
809 3377 114 51 ipso
1048 3389 30 30 a
1110 3376 153 44 work
1296 3377 124 42 that
1453 3376 45 43 is
1529 3386 61 33 so
1638 3375 357 54 overflowing
2041 3376 136 42 with
2224 3384 266 44 generous

226 3467 256 53 thought,
514 3467 132 42 with
679 3466 233 43 sublime
945 3469 273 51 precepts,
1249 3466 106 43 and
1389 3467 135 42 with
1561 3467 162 42 noble
1766 3465 331 55 aspirations
2130 3465 237 43 towards
2399 3464 92 43 the
