2669 3866
933 330 411 57 EDITORIAL
1674 347 63 35 &

2393 348 78 41 191

201 431 119 43 who
356 433 135 41 have
522 433 145 42 tried
694 434 237 41 without
952 447 106 41 any
1079 448 235 41 success;

201 523 105 41 and
343 524 96 40 not
472 522 160 53 being
663 523 193 42 artists
888 524 198 44 Messrs
1112 524 204 47 Archer

201 612 107 41 and
346 610 206 43 Barker
583 622 131 43 very
746 611 277 54 naturally
1054 625 93 32 are
1183 627 99 31 una-

204 701 86 42 ble
322 702 59 42 to
413 701 198 44 realize
646 701 149 42 what
836 712 93 32 are
977 704 95 41 the
1105 706 211 45 artist's

205 800 230 39 powers.
517 800 65 36 JS?
761 801 65 33 *£?
1005 800 65 36 £?
1251 808 63 33 JZ?

204 892 64 34 &
315 883 200 42 Messrs
567 881 204 42 Archer
820 884 102 39 and
976 883 203 44 Barker
1225 898 94 43 say

202 969 341 52 experiment
595 969 178 43 would
823 973 97 39 not
954 973 64 40 be
1066 974 95 41 the
1208 977 84 48 pri-

206 1071 153 41 mary
389 1058 250 43 function
673 1058 55 44 of
760 1060 94 41 the
881 1062 250 42 National
1157 1062 130 43 Thea-

201 1149 111 51 tre,
364 1149 210 51 though
629 1149 127 52 they
812 1151 176 41 would
1103 1151 132 50 keep
1289 1165 28 29 a

201 1239 363 51 sympathetic
596 1251 97 41 eye
729 1252 140 40 upon
924 1243 94 40 the
1072 1241 151 43 work
1265 1243 55 42 of

201 1328 94 41 the
315 1330 248 48 out-post

200 1426 96 42 eye
399 1417 43 40 is
474 1419 136 49 good
632 1427 72 39 ;...
751 1419 94 40 the
888 1419 32 24 44
957 1420 363 51 sympathetic

202 1515 98 42 eye
417 1502 53 45 of
524 1506 82 40 Mr
660 1506 101 42 BUI
816 1506 188 54 Sykes.
1058 1509 106 40 But
1222 1509 95 40 the

266 1593 363 53 sympathetic
717 1607 94 41 eye
949 1596 132 41 with
1142 1598 175 40 which

202 1687 201 40 Messrs
472 1687 203 40 Archer
743 1688 102 39 and
919 1685 203 42 Barker
1189 1697 128 40 gaze

206 1774 286 52 longingly
541 1777 58 39 at
649 1775 94 41 the
799 1777 212 50 coming
1068 1777 249 42 National

199 1863 237 42 Theatre
470 1864 45 41 is
550 1864 97 41 not
677 1874 130 42 very
832 1863 135 42 keen
992 1866 54 39 in
1074 1866 71 40 its
1176 1876 108 42 sym-

201 1952 169 52 pathy
402 1952 238 42 towards
671 1951 389 53 Shakespeare,
1094 1954 103 40 and
1236 1965 81 30 we

200 2041 132 40 here
365 2051 148 29 come
549 2051 182 29 across
765 2052 28 29 a
817 2051 128 41 very
969 2042 216 41 curious
1209 2043 106 40 and

201 2128 99 41 not
323 2127 210 54 exactly
557 2139 332 42 courageous
911 2131 405 51 championship

196 2215 58 43 of
289 2228 101 30 our
428 2219 132 52 only
602 2219 158 49 great
809 2217 245 42 national
1105 2220 175 42 drama-

201 2305 122 43 tist.
520 2314 62 33 JS?

199 2404 63 33 &
298 2393 152 54 Fully
482 2399 57 38 to
592 2398 337 42 understand
968 2398 200 40 Messrs
1216 2395 66 42 Ar-

200 2483 176 43 cher's
402 2487 103 39 and
531 2484 250 43 Barker's
804 2487 240 40 attitude
1074 2487 240 42 towards

199 2572 374 53 Shakespeare
625 2586 80 30 we
756 2577 146 42 must
953 2577 209 40 remind
1213 2587 102 30 our

199 2662 220 42 readers
453 2662 124 41 that
627 2663 157 42 these
839 2664 108 42 two
1000 2664 311 51 gentlemen

196 2761 146 30 were
376 2751 55 42 in
465 2751 97 42 the
595 2763 131 41 very
756 2751 272 43 forefront
1060 2753 54 42 of
1154 2755 158 42 those

197 2841 123 39 who
355 2850 143 32 were
535 2840 189 53 crying
755 2840 86 43 for
873 2842 95 42 the
992 2842 239 42 removal
1260 2842 56 42 of

197 2929 95 41 the
328 2929 221 43 Censor.
583 2929 145 52 They
767 2929 122 43 held
917 2931 122 39 that
1061 2932 94 40 the
1183 2932 99 42 Cen-

196 3028 90 29 sor
351 3019 297 47 prevented
712 3019 35 21 44
773 3020 269 41 advanced
1161 3021 150 52 plays

200 3106 66 50 by
301 3106 225 41 modern
560 3106 228 42 authors
822 3109 161 51 being
1014 3110 175 51 acted,
1213 3109 99 42 but

197 3194 156 41 when
392 3194 44 41 it
470 3204 178 32 comes
680 3197 57 39 to
785 3195 374 54 Shakespeare
1206 3199 102 39 and

197 3283 85 43 his
317 3284 238 50 position
595 3285 56 41 in
682 3285 96 42 the
803 3287 250 42 National
1079 3288 231 41 Theatre

196 3373 146 41 what
385 3373 66 41 do
503 3385 82 30 we
632 3373 115 43 find
806 3374 156 44 these
997 3373 313 53 gentlemen

192 3462 324 52 advocating
540 3462 26 43 ?
597 3462 145 55 They
774 3463 216 45 whittle
1009 3465 94 41 the
1127 3465 181 41 entire

1363 441 176 54 thirty
1585 453 164 33 seven
1783 441 151 54 plays
1985 442 157 42 down
2191 444 57 40 to
2296 444 178 47 three,

1364 530 264 52 although
1664 533 129 52 they
1826 530 326 55 generously
2201 531 101 42 add
2352 530 125 42 that

1363 620 81 41 six
1478 622 187 40 others
1699 633 97 29 can
1846 622 64 41 be
1957 619 189 55 played
2198 630 122 32 uow
2370 619 102 41 and

1363 710 153 41 then.
1563 712 182 42 Listen
1801 713 58 41 to
1910 710 113 44 this
2056 719 223 42 passage
2333 707 141 43 from

1363 795 95 42 the
1491 799 112 41 two
1636 801 289 40 advocates
1956 797 87 44 for
2089 799 96 41 the
2234 795 241 45 removal

1364 883 56 43 of
1449 886 95 42 the
1577 897 221 33 censor:

1462 976 33 23 44
1543 973 108 43 The
1702 975 133 43 final
1883 976 370 51 Shakespeare
2302 986 170 32 canon

1365 1063 33 25 44
1434 1065 231 42 consists
1699 1063 55 42 of
1774 1075 63 41 37
1860 1065 163 53 plays.
2051 1065 65 43 Of
2135 1066 157 41 these
2315 1075 160 32 one...

1369 1155 33 23 44
1436 1151 154 43 Titus
1624 1152 396 46 Andronlcus...
2055 1156 44 41 is
2132 1154 200 53 wholly
2376 1164 100 30 un>

1365 1244 34 21 44
1432 1244 350 51 presentable
1815 1255 68 31 on
1919 1244 95 43 the
2050 1246 222 41 modern
2301 1244 174 51 stage;

1366 1334 35 22 44
1434 1331 162 44 while
1629 1334 139 43 six...
1810 1333 212 42 Trolius
2069 1334 103 41 and
2212 1334 264 50 Cressida,

1365 1420 38 23 44
1435 1418 187 46 Timon
1677 1420 54 42 of
1783 1419 225 53 Athens,
2064 1420 252 50 Pericles,
2370 1420 104 41 and

1368 1508 33 23 44
1435 1508 94 42 the
1562 1509 159 42 three
1754 1511 152 49 parts
1940 1509 55 42 of
2028 1511 180 52 Henry
2231 1512 24 42 V
2255 1512 97 42 1...
2377 1521 98 30 can

1368 1599 33 21 44
1435 1596 127 53 only
1604 1599 63 41 be
1721 1601 287 48 presented
2078 1597 144 43 after
2292 1599 184 41 heroic

1369 1695 13 14 *
1387 1688 14 21 4
1437 1686 380 43 curtailments
1853 1690 101 39 and
1992 1688 485 50 manipulations...

1366 1773 35 23 44
1425 1775 131 40 then
1591 1776 156 51 again
1782 1773 55 45 of
1868 1777 94 41 the
1996 1776 309 49 remaining
2326 1775 150 53 plays

1366 1864 33 21 44
1432 1861 108 44 five
1572 1864 178 41 would
1784 1864 261 53 probably
2079 1866 62 39 be
2191 1862 167 43 found
2406 1861 70 43 fit

1365 1952 33 21 44
1435 1951 124 52 only
1591 1951 86 43 for
1708 1952 300 44 occasional
2043 1952 202 44 revival
2269 1956 59 38 at
2349 1952 127 51 long

1363 2040 35 22 44
1432 2040 262 43 Intervals
1718 2050 13 32 :
1765 2043 94 40 the
1893 2041 125 42 Two
2051 2041 317 44 Gentlemen
2422 2039 54 43 of

1365 2132 29 22 44
1434 2130 228 42 Verona.
1716 2129 108 42 The
1878 2130 230 43 Comedv
2160 2128 55 43 of
2283 2129 192 44 Errors

1360 2219 34 22 44
1434 2219 103 41 and
1575 2217 184 44 Love's
1796 2219 208 42 Labour
2028 2219 124 42 Lost
2175 2228 93 32 are
2293 2219 147 41 imma-

1359 2308 37 22 -44
1427 2308 126 41 ture
1596 2307 371 53 productions,
1998 2304 130 43 All's
2172 2306 133 43 Well
2352 2307 123 40 that

1361 2400 33 24 44
1436 2396 140 44 Ends
1613 2396 132 43 Well
1789 2397 45 42 is
1887 2396 241 42 likewise
2182 2397 292 41 immature

1361 2488 32 23 44
1427 2487 103 42 and
1575 2485 354 52 inexplicable
1984 2486 53 39 in
2091 2485 185 42 theme
2300 2496 14 39 ;
2367 2485 104 40 and

1361 2577 32 22 44
1430 2577 179 51 Henry
1642 2575 132 51 VIII,
1806 2573 47 42 is
1887 2585 29 29 a
1947 2572 251 42 formless
2238 2573 237 51 pageant

1361 2667 33 22 44
1427 2664 141 53 play,
1617 2664 172 40 which
1827 2664 93 42 has
1953 2674 130 39 very
2117 2661 143 43 little
2314 2661 157 43 claim

1359 2756 34 23 44
1426 2756 56 40 to
1543 2751 138 43 rank
1732 2763 59 30 as
1858 2751 388 50 Shakespeare.
2301 2750 171 42 There

1359 2844 30 20 44
1427 2843 226 48 remain,
1688 2841 151 50 then,
1879 2841 212 50 twenty
2142 2839 110 43 five
2306 2839 169 53 plays,

1359 2934 34 22 44
1426 2930 173 42 which
1636 2930 171 51 ought
1839 2941 166 31 never
2039 2930 60 40 to
2135 2932 62 39 be
2230 2927 240 44 suffered

1359 3022 33 23 44
1423 3018 88 43 for
1544 3018 126 52 long
1703 3021 56 39 to
1794 3018 132 52 drop
1961 3019 97 41 out
2090 3017 55 43 of
2177 3019 92 41 the
2297 3028 148 40 reper-

1360 3111 33 21 -44
1427 3111 125 48 tory
1582 3106 55 43 of
1667 3118 68 31 an
1770 3106 221 53 English
2027 3107 249 43 National
2310 3107 132 42 Thea-

1356 3198 33 21 -44
1426 3198 105 41 tre.
1566 3195 42 43 If
1638 3196 81 42 six
1751 3207 69 31 on
1853 3208 67 30 an
1956 3206 228 42 averege
2217 3207 144 31 were
2386 3206 85 30 re*>

1357 3286 31 22 44
1425 3286 155 41 vived
1615 3286 56 41 in
1707 3296 160 41 every
1901 3296 215 41 season,
2154 3285 94 42 the
2295 3283 176 44 whole

1356 3375 34 23 44
1425 3372 94 44 list
1563 3372 167 55 (save
1783 3374 146 53 one)
1981 3374 177 42 would
2213 3375 65 41 be
2332 3384 138 40 gone

1357 3465 35 25 44
1425 3462 241 53 through
1731 3475 132 32 once
1940 3465 58 42 in
2074 3464 127 43 four
2276 3476 195 42 years;
