2667 3673
931 330 47 44 A
1013 327 336 55 HISTORY
1380 327 101 47 OF
1510 327 363 47 PUPPETS.

212 343 92 44 140

217 446 66 36 &
315 439 48 42 It
396 438 111 43 will
542 440 99 41 not
672 440 64 41 be
769 438 133 42 time
936 437 204 40 wasted
1177 438 56 39 to
1267 447 68 40 go
1368 435 134 42 with
1539 435 92 41 the
1666 434 360 43 marionettes
2057 437 59 40 to
2150 437 235 42 Meudcn
2424 440 56 40 to

706 503 13 9 V

208 527 97 43 the
361 527 152 43 Duke
564 526 54 43 of
668 523 228 53 Guise's,
950 527 58 39 to
1058 524 157 42 Saint
1267 524 252 42 Germain
1573 524 61 41 to
1686 524 96 41 the
1832 522 187 54 palace
2072 523 56 43 of
2179 526 95 41 the
2329 529 155 49 great

213 616 164 43 Louis
410 616 130 49 XIV,
574 614 104 41 and
714 614 57 40 to
804 613 289 51 penetrate
1126 611 118 43 into
1277 613 97 42 the
1406 611 124 43 aula
1563 611 56 43 of
1651 613 96 42 the
1785 611 287 44 Academie
2106 611 271 58 frangaise
2401 618 58 38 to-

209 705 207 50 gether
447 702 135 42 with
620 701 351 42 Arlecchino!
2172 708 66 36 &
2423 712 62 35 &

316 791 94 42 We
443 787 140 43 shall
616 788 113 44 also
762 801 89 31 see
883 792 234 50 puppets
1171 791 54 41 In
1262 790 243 53 England
1542 790 194 54 taking
1758 792 125 50 part
1905 790 56 43 In
1981 790 238 53 politics,
2241 791 58 42 in
2321 791 164 53 Spain

212 877 211 51 mixing
452 877 333 45 themselves
822 879 133 42 with
992 880 230 42 matters
1255 877 54 45 of
1341 880 251 52 religion,
1627 881 53 41 in
1716 880 270 53 Germany
2017 879 241 54 fighting
2291 893 69 30 on
2394 881 93 42 the

211 968 127 43 side
372 965 55 44 of
461 968 206 43 Luther
698 970 106 42 and
838 969 188 53 giving
1058 969 94 43 life
1199 971 59 42 to
1307 971 92 42 the
1449 973 193 42 heroes
1695 971 55 42 of
1782 971 95 42 the
1979 970 147 45 Edda
2234 973 104 40 and
2391 973 97 42 the

207 1056 273 44 warriors
513 1055 56 46 of
602 1058 394 54 Nlehelungen,
1027 1063 60 39 to
1120 1061 95 44 the
1303 1061 226 44 canzoni
1622 1059 54 44 of
1708 1061 94 42 the
1835 1063 132 40 time
2001 1059 55 44 of
2089 1061 95 44 the
2208 1060 248 45 Carlovin-

214 1148 161 51 gians
408 1148 105 40 and
547 1148 60 40 to
641 1148 95 42 the
769 1152 157 49 great
959 1150 118 52 epic
1109 1148 54 44 of
1196 1149 186 46 Eaust.
1416 1152 95 42 We
1544 1150 139 44 shall
1717 1162 91 32 see
1841 1150 271 45 Corneille
2137 1153 104 41 and
2264 1149 224 45 Moli&re

211 1238 360 50 represented
609 1238 69 52 by
710 1239 393 50 marionettes;
1135 1251 82 31 we
1248 1239 140 43 shall
1421 1251 90 31 see
1543 1242 96 40 the
1672 1241 93 43 list
1787 1239 76 56 [of
1904 1241 221 43 writers
2161 1239 87 43 for
2286 1242 203 51 puppet

214 1326 247 43 theatres
495 1327 261 43 enriched
806 1329 70 51 by
927 1329 96 42 thfe
1073 1331 145 40 most
1265 1329 310 44 illustrious
1623 1341 216 33 names:
1895 1331 320 49 Malezieux,
2269 1333 219 50 Lesage,

214 1413 185 51 Piron,
435 1415 218 54 Favart,
689 1416 263 54 Fielding,
988 1418 259 50 Voltaire,
1272 1420 393 52 Shakespeare,
1690 1422 291 51 Rousseau,
2005 1421 229 51 Curran,
2259 1422 233 51 Goethe,

220 1503 297 55 Beranger,
550 1506 94 42 Ch.
678 1507 216 52 Nodier,
929 1509 208 50 George
1168 1510 206 43 Sand...
1408 1511 103 39 and
1545 1521 83 31 we
1661 1510 138 42 shall
1831 1521 90 32 see
1947 1511 244 52 Haydyn,
2213 1511 96 41 the
2334 1512 156 50 great

221 1595 244 52 Haydyn,
499 1596 243 51 engaged
776 1597 58 41 at
865 1597 95 41 the
994 1597 170 42 Court
1197 1597 55 42 of
1285 1599 236 42 Weimar
1554 1600 54 39 in
1645 1599 314 51 composing
2005 1596 87 45 for
2139 1599 99 42 the
2293 1601 165 41 mario-

214 1684 185 42 nettes
433 1684 55 42 of
522 1685 190 51 prince
745 1688 239 40 Antonio
1020 1686 312 54 Esterhazy,
1355 1686 109 45 five
1488 1690 271 50 operette,
1784 1689 174 41 which
1982 1689 97 42 the
2102 1690 160 51 great
2287 1691 205 41 master

217 1773 88 42 did
340 1775 98 40 not
471 1775 53 40 in
560 1774 84 43 his
677 1774 146 43 later
856 1774 94 44 life
982 1778 196 49 regard
1213 1788 58 30 as
1305 1779 293 50 unworthy
1632 1775 54 43 of
1718 1778 84 42 his
1832 1775 144 45 fame
2026 1789 62 31 or
2141 1779 84 41 his
2278 1780 212 52 genius,

217 1862 99 40 but
348 1860 56 44 of
434 1864 198 51 which,
664 1876 69 31 on
768 1865 95 41 the
898 1868 277 51 contrary,
1209 1868 65 41 he
1308 1868 343 42 transcribed
1684 1867 96 42 the
1813 1867 155 43 titles
2008 1869 104 41 and
2139 1868 153 42 dates
2316 1869 55 41 in
2395 1870 95 41 the

218 1950 286 53 catalogue
538 1953 56 43 of
627 1954 83 43 his
744 1957 269 51 complete
1045 1956 199 52 works,
1277 1957 136 42 with
1449 1957 82 42 his
1578 1968 122 29 own
1751 1958 163 41 hand.
1965 1956 208 53 Finally
2222 1970 79 30 we
2349 1958 140 42 shall

228 2051 92 32 see
352 2043 123 41 that
510 2044 93 41 the
639 2044 210 54 history
884 2046 53 42 of
970 2048 250 51 puppets,
1253 2058 60 31 so
1349 2047 213 42 modest
1594 2048 104 41 and
1742 2058 60 32 so
1844 2046 193 53 simple
2061 2047 56 42 in
2144 2058 336 41 appearance

222 2130 46 43 is
303 2132 179 42 bound
518 2144 70 40 up
618 2135 54 42 in
707 2146 31 31 a
771 2137 247 42 hundred
1055 2147 145 41 ways
1248 2138 134 40 with
1431 2138 94 41 the
1575 2140 143 39 most
1765 2138 236 41 arduous
2051 2140 284 49 questions
2384 2140 105 40 and

220 2220 95 42 the
350 2224 143 40 most
524 2222 304 54 important
861 2226 190 42 events
1086 2227 52 40 in
1173 2226 96 42 the
1303 2226 212 53 history
1548 2226 55 42 of
1636 2227 304 51 humanity.

1919 2312 77 49 To
2031 2314 73 45 be
2140 2314 352 47 continued.
