2595 4097
202 973 170 64 AN
432 969 815 68 ADDITIONAL
1332 969 587 79 FOREIGN
2366 1023 18 18 .

474 1137 198 47 THE
746 1133 627 52 LEICESTER
1458 1136 664 53 GALLERIES.

303 1284 59 42 7e
394 1288 143 46 print
572 1287 165 39 below
770 1296 28 29 a
822 1286 129 39 Note
978 1283 168 39 which
1174 1282 94 37 has

227 1341 75 29 TV

335 1373 108 48 just
474 1373 221 39 reached
733 1381 77 36 us,
845 1371 87 38 too
967 1369 105 39 late
1106 1370 56 36 to
1209 1369 60 37 be

201 1458 239 39 Included
474 1459 127 37 with
635 1458 90 39 the
760 1458 156 38 other
957 1457 149 39 News
1129 1453 136 40 from

200 1541 228 50 London,
476 1544 220 39 relative
771 1545 57 38 to
907 1543 76 38 Mr
1059 1540 209 40 Gordon

198 1626 197 52 Gra!g*s
426 1630 288 40 exhibition
763 1632 56 37 at
866 1630 91 38 the
1009 1627 261 41 Leicester

199 1713 250 41 Galleries
480 1714 237 41 referred
767 1719 57 37 to
873 1721 64 34 Oh
988 1726 129 39 page
1167 1722 101 39 179*

196 1801 46 37 It
273 1799 106 40 will
417 1803 58 37 be
511 1801 51 42 of
595 1803 226 41 Interest
853 1804 56 37 to
951 1803 153 38 those
1152 1801 116 38 who

197 1885 126 41 have
358 1888 237 40 hitherto
630 1890 130 39 been
798 1888 192 41 unable
1038 1891 57 37 to
1143 1887 128 40 visit

199 1973 88 40 the
322 1974 298 41 Exhibition
671 1978 56 37 to
777 1976 153 40 know
979 1976 118 39 that
1144 1977 125 45 they

201 2060 123 40 have
358 2060 107 41 still
501 2072 63 29 an
614 2064 348 50 opportunity
1009 2063 53 40 of
1109 2065 160 46 doing

198 2155 71 29 SO.
302 2154 60 31 J&

1136 2153 45 39 J.
1216 2153 52 40 S.

193 2228 191 69 Cjnce
417 2232 190 52 telling
638 2246 101 38 you
774 2237 120 39 that
926 2239 79 38 Mr
1054 2239 210 39 Gordon

269 2317 194 51 Craig's
499 2321 296 42 Exhibition
833 2323 171 40 would
1033 2324 136 40 close
1213 2328 48 36 in

191 2403 211 41 London
468 2417 66 28 on
597 2408 309 48 September
976 2411 121 47 30th
1162 2413 97 37 and

187 2491 167 39 would
388 2492 128 39 then
550 2496 139 37 start
723 2506 65 27 on
824 2507 26 27 a
899 2499 124 36 tour
1071 2495 53 41 of
1171 2498 90 39 the

189 2577 251 40 northern
475 2581 148 38 cities
657 2582 17 38 I
706 2580 149 40 learn
889 2583 119 39 that
1041 2584 88 40 the
1176 2585 85 38 Di«

188 2664 199 38 rectors
421 2662 52 42 of
498 2666 88 38 the
614 2667 261 40 Leicester
899 2669 204 51 Gallery
1131 2671 128 40 have

188 2748 209 41 decided
461 2756 52 35 to
556 2751 129 50 keep
739 2754 42 39 it
833 2765 131 37 open
1027 2754 82 42 for
1154 2761 104 37 two

190 2833 170 42 weeks
393 2836 181 50 longer
597 2838 128 39 than
752 2840 298 52 previously
1076 2853 153 30 arran-

185 2921 114 46 ged.
334 2923 43 38 it
396 2923 105 39 will
525 2924 124 39 thus
687 2926 59 39 be
770 2926 89 40 the
882 2927 191 40 middle
1095 2927 51 42 of
1165 2930 63 39 Oc-

186 3008 151 38 tober
354 3008 176 40 before
546 3010 42 38 it
602 3012 165 40 starts
789 3015 353 49 northwards,
1157 3018 98 37 and

189 3102 64 30 no
276 3095 166 38 doubt
464 3106 154 39 many
643 3096 51 40 of
722 3094 112 45 The
854 3096 172 44 Mask
1045 3100 215 41 readers

189 3179 113 40 who
336 3191 88 29 are
460 3193 115 29 now
609 3186 281 48 returning
942 3189 54 37 to
1045 3188 210 40 London

1315 1279 106 41 will
1458 1283 59 39 be
1552 1282 118 51 glad
1720 1287 51 40 of
1823 1292 107 39 this
1985 1305 141 30 news
2178 1298 97 38 and
2331 1302 55 37 to

1317 1364 153 42 know
1505 1371 120 39 that
1657 1373 126 51 they
1814 1386 88 30 are
1934 1381 87 48 yet
2054 1382 53 38 in
2159 1385 125 39 time
2333 1390 53 36 to

1314 1461 89 30 see
1436 1453 150 41 these
1623 1460 194 39 models
1850 1465 99 38 and
1986 1466 227 48 designs.

1401 1522 8 8 v
1415 1503 1 37 ,
1442 1503 1 37 ,
1499 1526 9 12 y
1531 1503 2 37 '
1681 1503 4 37 ■>
1745 1523 5 7 y
1820 1519 23 21 T'
1852 1526 5 7 '■
1990 1520 12 12 ;>
2002 1519 9 17 S
2044 1503 2 37 '
2057 1503 81 37 ~■/
2198 1525 5 4 v
2280 1523 11 11 '•
2305 1503 2 37 '
2314 1519 20 19 -V
2335 1526 9 5 01
2345 1503 3 37 *
2374 1503 16 37 ■
2409 1503 26 37 ■',
2444 1503 2 37 I

1411 1540 104 40 The
1548 1543 289 44 exhibition
1874 1550 92 40 has
2019 1553 128 40 been
2197 1556 189 43 visited

1315 1625 192 50 during
1540 1630 90 38 the
1666 1630 99 42 last
1809 1637 181 38 month
2047 1640 62 47 by
2161 1653 28 27 a
2242 1644 145 50 large

1317 1714 221 39 number
1572 1714 52 40 of
1658 1719 113 38 well
1822 1720 187 42 known
2061 1727 200 50 people,
2310 1733 52 36 in-

1315 1796 212 53 cluding
1559 1800 258 44 Countess
1837 1806 290 55 Greffulbe,
2151 1813 237 44 Princess

1465 1863 9 24 I

1315 1885 251 41 Caramen
1628 1890 231 53 Chimay,
1922 1896 137 50 Lady
2118 1900 270 52 Strachey,

1315 1973 84 38 Sir
1451 1975 149 39 Bram
1609 1978 115 39 well
1779 1980 105 41 Tho
1892 1992 128 40 mas,
2066 1987 83 38 Sir
2204 1988 183 41 Albert

1315 2061 270 50 Seymour,
1621 2067 122 38 Miss
1777 2068 121 40 Evie
1922 2070 219 48 Greene,
2164 2074 82 38 Sir
2270 2075 87 39 Wil-

1315 2147 120 41 liam
1492 2151 131 48 Bull,
1684 2155 79 37 Mr
1823 2158 97 36 and
1986 2159 104 38 Mrs
2154 2161 228 39 Haldane

1313 2235 225 49 Macfall,
1571 2239 80 38 Mr
1669 2240 199 41 Walter
1901 2243 185 48 Crane,
2119 2246 121 38 Miss
2265 2248 90 39 Ger-

1312 2324 155 37 trude
1504 2324 272 50 Kingston,
1812 2329 80 37 Mr
1928 2328 267 50 Augustus
2244 2333 134 39 John

1313 2409 129 39 Lord
1477 2413 99 36 and
1613 2413 137 47 Lady
1775 2414 264 51 Dunsany,
2063 2417 79 39 Mr
2166 2418 215 40 Charles

1311 2495 316 49 BrookfleSd,
1660 2500 78 38 Mr
1771 2501 224 39 Norman
2047 2502 188 40 Forbes
2286 2504 94 43 Ro«

1310 2582 233 49 bertson,
1578 2585 256 40 Countess
1869 2587 263 47 Gleichen,
2167 2590 77 37 Mr
2278 2592 98 37 and

2415 2643 6 15 *

1306 2669 106 39 Mrs
1448 2669 224 40 William
1709 2672 363 47 Rothenstein,
2110 2673 268 41 Professor

1308 2753 168 41 Baker
1494 2755 54 41 of
1568 2758 231 39 Harvard
1821 2759 318 50 University,
2160 2763 76 38 Mr
2259 2762 117 39 H.B.

1310 2841 191 47 irVing,
1536 2844 80 39 Mr
1651 2843 175 41 Alfred
1861 2844 232 51 Waring,
2114 2844 262 53 (Director

1306 2925 53 41 of
1392 2928 89 39 the
1524 2930 235 48 Glasgow
1795 2932 289 50 Repertory
2107 2933 267 50 Theatre),

1307 3013 77 40 Mr
1405 3015 185 50 Emery
1612 3015 225 50 Walker,
1853 3019 105 38 Mrs
1984 3017 393 47 HolmanHunt,

1308 3100 176 40 Count
1538 3100 205 40 Kessler
1796 3104 98 36 and
1953 3104 133 50 Lady
2143 3105 233 48 Dorothy

1309 3185 216 42 Neville.
1897 3197 60 33 j&

2226 3189 57 40 G.
2318 3189 58 40 H.
