2301 3820
1106 190 94 44 LA

287 325 633 91 REVUE
1057 327 959 97 MUSICALE

353 480 203 49 (Honorée
579 482 118 36 d'une
720 484 282 45 souscription
1024 484 53 36 du
1099 485 217 37 Ministère
1339 486 48 36 de
1409 487 289 38 l'lnstruction
1720 487 226 46 publique.)

743 1104 339 53 Esthétique
1117 1104 444 55 d'avant-garde

210 1285 51 42 Si
278 1286 66 40 six
362 1285 105 40 scies
487 1285 132 41 scient
637 1285 66 41 six
725 1285 184 48 cigares,
939 1285 68 41 six
1023 1293 92 33 cent
1134 1286 68 40 six
1223 1287 104 40 scies
1348 1287 185 41 scieront
1549 1289 67 39 six
1638 1296 90 33 cent
1747 1287 67 42 six
1832 1287 168 46 cigares
2026 1319 26 12 ..

766 1326 23 13 o
1874 1329 23 14 o

211 1366 126 41 Cette
353 1366 163 53 phrase
539 1366 176 52 stupide
740 1380 70 26 me
831 1368 149 39 venait
1004 1366 156 41 l'autre
1183 1368 101 51 jour
1308 1372 21 35 à
1355 1367 181 53 l'esprit,
1570 1383 53 26 en
1654 1370 240 41 entendant
1926 1385 57 26 un
2009 1371 115 40 violo-

157 1449 114 40 niste
294 1449 92 51 qui,
412 1460 75 28 sur
510 1447 39 40 la
570 1447 284 47 chanterelle,
882 1446 147 42 faisait
1052 1449 146 49 sortir,
1222 1461 56 27 ou
1305 1452 21 36 à
1354 1461 83 40 peu
1458 1454 115 47 près,
1595 1463 85 27 une
1705 1451 111 40 série
1839 1463 121 28 assez
1984 1451 163 50 longue

155 1528 368 52 d'harmoniques
556 1541 103 27 avec
680 1543 59 26 un
761 1527 38 41 si
821 1534 16 35 b
859 1527 193 41 obstiné.

208 1609 50 56 Je
292 1623 70 27 me
388 1611 177 40 tournai
590 1623 98 26 vers
714 1622 105 28 mon
851 1610 163 48 voisin,
1051 1611 216 38 musicien
1301 1615 87 35 très
1427 1623 19 25 «
1468 1616 165 35 avancé
1657 1624 41 34 »,
1732 1611 241 42 théoricien
1997 1613 142 45 hardi,

158 1699 41 32 et
218 1691 39 52 je
280 1704 69 27 me
374 1692 137 39 servis
531 1690 53 41 de
608 1698 110 33 cette
740 1689 190 41 formule
953 1703 54 26 en
1029 1687 36 42 si
1096 1699 40 31 et
1163 1703 54 27 en
1245 1690 104 39 scies
1368 1703 112 40 pour
1503 1691 194 41 traduire
1717 1705 92 26 mes
1838 1693 303 51 impressions.

156 1771 207 56 J'ajoutai
400 1774 144 38 même
584 1786 9 25 :
637 1784 20 25 «
695 1769 128 42 Voilà
856 1783 87 28 une
974 1770 150 41 devise
1156 1771 211 40 littéraire
1404 1780 120 32 toute
1564 1776 179 37 trouvée
1785 1785 112 39 pour
1933 1774 214 39 certaines

164 1854 232 50 musiques
428 1849 335 54 d'avant-garde
795 1864 9 26 :
840 1849 48 43 Si
910 1853 63 38 six
999 1853 164 38 scies...
1188 1863 20 25 »

215 1932 38 41 A
287 1933 40 40 la
370 1934 149 46 sortie,
546 1945 103 28 mon
671 1933 146 40 voisin
841 1945 274 37 commença,
1138 1931 38 41 le
1199 1931 99 52 plus
1334 1932 318 41 sérieusement
1670 1933 57 40 du
1748 1933 177 50 monde,
1948 1947 59 26 un
2030 1933 90 52 plai-

161 2015 138 52 doyer
318 2027 75 27 sur
416 2027 46 28 ce
485 2013 148 42 thème
661 2028 8 25 :

216 2108 20 25 «
255 2094 125 42 Vous
400 2108 54 27 en
478 2098 91 37 êtes
591 2107 159 28 encore
772 2097 21 37 à
814 2093 39 41 la
884 2093 255 52 rhétorique
1160 2095 228 46 ancienne,
1404 2095 75 50 qui
1499 2095 260 50 proscrivait
1781 2093 37 41 la
1840 2095 230 51 répétition
2087 2094 58 40 du

159 2179 144 37 même
336 2189 81 27 son
440 2175 111 41 dans
584 2189 86 27 une
701 2174 183 53 période
904 2189 10 34 ;
941 2172 103 43 c'est
1076 2173 199 42 enfantin
1314 2183 41 32 et
1390 2173 102 42 c'est
1529 2180 87 35 très
1658 2174 101 41 faux
1780 2174 8 38 !
1813 2173 61 41 La
1916 2175 231 51 répétition

158 2256 270 51 accumulée,
453 2265 41 31 et
520 2269 82 27 son
633 2255 256 54 équivalent
917 2255 187 41 musical
1123 2269 9 26 :
1158 2255 39 40 la
1231 2255 282 50 dissonance,
1536 2263 75 32 ont
1638 2267 86 28 une
1747 2253 114 42 force
1884 2255 142 50 virile,
2060 2269 86 26 une

160 2339 117 51 prise
299 2338 266 40 souveraine
587 2350 76 28 sur
681 2337 39 40 la
741 2335 248 43 sensibilité
1007 2336 53 40 de
1076 2336 250 40 l'auditeur.
1349 2335 297 41 Vous-même
1663 2349 52 26 ne
1734 2348 167 39 pouvez
1924 2335 92 40 dire
2035 2343 109 32 cette

156 2418 164 53 phrase
339 2424 56 35 où
416 2417 163 41 sifflent
598 2418 63 40 les
681 2432 19 25 5
722 2417 233 50 sifflantes,
991 2430 103 27 sans
1132 2420 91 37 être
1245 2430 246 27 nerveux...
1525 2415 122 40 Donc
1681 2415 82 40 elle
1800 2416 90 49 agit
1913 2429 75 26 sur
2008 2429 107 26 vous
2134 2415 7 38 !

158 2499 84 41 elle
265 2500 175 49 touche,
470 2498 83 41 elle
586 2513 23 26 a
647 2499 59 40 du
730 2498 206 41 mordant
977 2496 8 40 !
1024 2496 107 41 Cela
1166 2505 105 32 vaut
1303 2498 144 38 mieux
1482 2494 369 50 (musicalement,
1877 2495 268 41 abstraction

158 2578 104 43 faite
286 2580 76 40 des
384 2578 138 54 idées)
563 2578 164 54 qu'une
758 2579 162 52 phrase
957 2578 104 41 bien
1095 2577 115 46 fade,
1247 2582 21 35 à
1309 2578 218 40 sonorités
1550 2576 280 50 divergentes
1862 2584 41 32 et
1943 2575 200 48 diffuses,

158 2660 109 42 dont
285 2674 111 28 vous
419 2674 55 28 ne
497 2662 136 40 seriez
656 2660 247 41 nullement
926 2663 118 37 ému.
1070 2671 21 25 »

214 2740 68 42 Eh
306 2742 104 51 quoi
430 2740 6 39 !
463 2749 111 32 cette
595 2740 163 52 phrase
779 2740 136 40 idiote
936 2741 142 39 aurait
1099 2738 218 40 vraiment
1337 2750 85 27 une
1444 2736 151 41 valeur
1617 2735 310 53 symbolique?

210 2818 226 57 J'entends
454 2819 99 41 bien
577 2831 9 29 ;
608 2820 28 40 il
658 2818 93 42 faut
767 2832 85 40 que
872 2817 180 42 l'œuvre
1075 2815 111 43 d'art
1207 2816 158 41 touche
1387 2815 248 41 l'auditeur.
1653 2814 115 41 Mais
1785 2815 28 39 il
1830 2829 26 38 y
1879 2828 20 25 a
1924 2814 219 52 plusieurs

156 2900 151 52 façons
342 2902 135 40 d'être
512 2900 175 42 touché.
714 2899 32 41 Il
769 2916 26 36 y
815 2915 22 25 a
868 2900 39 39 la
946 2901 171 50 piqûre,
1146 2896 333 51 l'égratignure,
1509 2895 38 40 la
1570 2908 221 32 morsure,
1816 2895 38 39 la
1893 2894 248 48 déchirure,

158 2984 92 50 qui,
272 2984 39 50 je
331 2995 112 28 vous
478 2980 200 50 l'assure,
720 2981 269 41 contrarient
1024 2992 70 26 ma
1128 2986 170 32 nature.
1324 2976 31 41 Il
1374 2991 27 38 y
1426 2990 23 27 a
1473 2977 120 40 aussi
1614 2976 38 39 la
1677 2988 171 27 caresse
1870 2984 9 40 ;
1917 2975 37 51 je
1976 2973 167 54 préfère

158 3063 38 41 la
221 3076 189 28 caresse.

209 3144 52 39 Si
280 3144 68 39 six
368 3144 103 39 scies
479 3175 45 8 ...
551 3142 100 41 Non
678 3143 7 39 !
712 3142 105 41 c'est
837 3156 121 27 assez
981 3142 130 40 d'une
1138 3139 99 41 fois.

1836 3245 115 54 J.C.

291 3562 39 30 H.
354 3562 47 30 M.

2006 3563 9 20 i

2002 703 93 36 1909

1088 699 18 37 l
1112 708 32 19 er
1172 699 148 37 Juillet

210 697 55 37 N°
292 696 62 38 13
383 697 279 45 (neuvième
689 698 171 36 année)
