2994 5451
969 343 425 68 BRUNO'S
1589 343 434 68 WEEKLY

2692 349 121 60 195

166 2275 219 56 General
407 2275 351 61 Washington,
784 2276 81 52 the
900 2277 182 52 Patron
1116 2275 51 53 of
1201 2277 112 53 Our
1336 2277 206 59 Square.

162 2358 62 55 A
246 2359 389 61 Contemporary
659 2359 99 54 and
779 2360 146 60 Very
946 2362 181 51 Scarce
1161 2360 296 60 Engraving.

175 2485 132 111 In
351 2485 261 113 Our
658 2485 474 132 Village

177 2643 157 66 The
375 2643 93 66 de
505 2643 237 66 Rham
780 2643 150 77 Bay
971 2643 333 66 Window

263 2749 68 66 A
382 2771 238 58 young
673 2771 162 43 man
888 2748 73 64 in
1017 2770 40 44 a
1108 2756 166 58 neat
1326 2746 180 68 little
1557 2746 340 79 uniform,
1951 2746 163 68 who
2170 2744 279 68 seemed
2502 2754 74 56 to
2630 2743 180 67 have

177 2836 210 66 taken
434 2858 93 57 up
575 2836 118 64 the
741 2834 303 68 unusual
1089 2832 332 68 vocation
1469 2831 83 69 of
1601 2831 481 81 professional
2127 2831 214 81 guide
2390 2841 74 56 to
2514 2827 296 71 tourists

180 2944 92 44 on
331 2922 157 66 foot
539 2930 75 58 to
671 2942 114 46 see
837 2920 119 66 the
1012 2919 243 81 sights,
1310 2920 120 65 the
1482 2919 205 67 otheY
1743 2917 136 79 day
1931 2917 240 68 halted
2222 2915 112 68 his
2390 2915 178 68 little
2622 2937 143 46 com-

178 3030 187 58 pany
417 3007 83 66 of
554 3005 264 81 gaping
869 3007 336 67 Western
1260 3003 249 82 people
1564 3002 71 67 in
1697 3002 200 67 front
1951 3002 82 67 of
2090 3002 117 67 the
2265 3003 367 66 Northern
2688 3024 83 44 ex-

175 3093 288 80 tremity
515 3091 82 68 of
654 3091 119 68 the
829 3091 88 66 de
973 3090 230 66 Rham
1260 3088 344 79 mansion,
1663 3098 72 56 at
1790 3088 119 66 the
1965 3088 396 68 northwest
2415 3108 253 46 corner
2725 3088 85 66 of

178 3179 202 66 Fifth
448 3200 269 45 avenue
781 3179 141 65 and
988 3176 228 66 Ninth
1282 3184 238 60 street.
1943 3173 61 72 is
2068 3174 120 68 the
2251 3174 224 68 house
2541 3174 81 66 of
2688 3173 120 66 the

178 3266 312 67 haunted
537 3266 139 79 bay
1140 3262 90 66 he
1276 3261 289 81 pointed
1614 3271 127 57 out
1789 3271 74 56 to
1912 3259 110 69 his
2075 3259 376 69 credulous
2498 3259 310 80 hearers,

178 3374 78 44 as
321 3352 167 80 they
548 3350 221 82 gazed
835 3359 73 57 at
967 3349 122 66 the
1152 3347 222 68 weird
1440 3347 139 66 and
1643 3344 505 83 impenetrable
2210 3366 188 47 mass
2466 3344 83 69 of
2610 3344 202 67 brick

178 3459 337 57 masonry
558 3435 269 81 jutting
873 3443 125 58 out
1047 3433 190 68 from
1286 3432 118 71 the
1453 3432 236 67 North
1738 3432 137 67 efnd
1919 3430 83 69 of
2048 3432 120 67 the
2214 3430 344 68 mansion.
2651 3432 162 79 Just

175 3532 73 57 at
305 3523 156 66 that
519 3530 315 57 moment
891 3542 137 45 one
1086 3518 83 68 of
1232 3518 118 66 the
1411 3516 327 68 ominous
1799 3515 300 69 wooden
2161 3516 310 68 shutters
2534 3538 90 44 on
2688 3515 118 67 the

178 3609 259 66 second
495 3608 188 66 iloor
746 3606 81 66 of
890 3604 120 68 the
1069 3604 137 80 bay
1266 3603 326 79 window,
1655 3601 281 83 pierced
1997 3603 95 79 by
2153 3625 42 44 a
2258 3599 294 83 solitary
2613 3611 155 71 port-

170 3694 181 80 hole,
397 3714 249 58 swung
683 3691 283 79 he'avily
1003 3713 202 57 open.
1530 3709 115 48 see
1685 3687 153 68 that
1877 3697 169 72 port
2083 3686 182 69 hole.
2348 3687 81 66 In
2471 3689 119 64 the
2634 3687 169 82 days

173 3780 205 67 when
427 3802 43 45 a
515 3779 182 66 tribe
744 3777 83 68 of
878 3777 413 68 Shashonee
1340 3774 291 67 Indians
1682 3797 146 44 was
1877 3774 383 79 encamped
2309 3796 171 45 over
2529 3772 279 81 against

175 3865 417 70 Greenwich
666 3863 301 80 Village,
1045 3885 90 44 an
1211 3860 254 69 Indian
1542 3858 193 70 chief
1809 3860 161 68 who
2046 3882 146 46 was
2266 3870 127 58 out
2469 3858 337 83 foraging

172 3951 223 80 alone?,
444 3974 146 44 was
637 3950 163 68 shot
844 3948 210 68 down
1098 3948 93 80 by
1233 3968 44 44 a
1320 3968 142 60 gun
1509 3945 312 81 through
1865 3945 154 67 that
2061 3943 327 83 porthole
2432 3945 205 67 when
2685 3945 121 67 the

168 4040 225 67 house
432 4060 146 46 was
619 4036 176 68 used
834 4056 78 46 as
952 4056 43 46 a
1037 4033 325 69 fortress.
1442 4033 155 66 The
1638 4031 178 68 little
1856 4029 327 83 garrison
2226 4053 145 46 was
2415 4055 80 46 so
2537 4041 230 58 terror-

170 4123 328 82 strickefn,
551 4143 78 47 as
681 4141 176 48 soon
907 4141 79 46 as
1034 4117 169 83 they
1252 4116 306 67 realized
1608 4116 120 67 the
1775 4136 402 63 vengeance
2226 4116 154 67 that
2429 4116 239 69 would
2717 4117 86 68 be

170 4211 234 67 meted
443 4219 127 59 out
607 4219 74 58 to
720 4209 192 66 them
957 4205 121 68 for
1118 4204 275 81 slaying
1431 4202 141 70 this
1613 4202 364 80 chieftain,
2017 4202 156 70 that
2212 4204 168 79 they
2417 4202 227 68 threw
2685 4204 120 66 the

168 4297 190 81 body
415 4295 210 68 down
685 4292 150 69 into
893 4292 157 68 that
1105 4292 137 79 bay
1299 4288 307 70 window
1663 4288 141 67 and
1863 4288 58 68 it
1977 4287 127 69 has
2161 4288 178 68 been
2397 4288 255 70 walled
2708 4312 93 59 up

170 4404 93 47 on
324 4382 120 67 the
500 4378 230 70 inside
791 4399 166 47 ever
1018 4375 210 69 since.
1347 4375 115 69 On
1523 4373 120 68 the
1702 4373 463 81 anniversary
2224 4373 81 68 of
2366 4375 120 69 the
2547 4373 254 68 Indian

170 4468 254 68 chief's
485 4466 232 82 death,
774 4463 234 69 which
1067 4483 146 48 was
1272 4485 95 44 on
1426 4459 441 80 Hallowefen,
2099 4468 162 61 host
2320 4461 268 81 patrols
2649 4461 154 68 that

167 4554 287 82 gloomy
505 4553 222 81 porch
781 4549 232 70 which
1066 4548 61 69 is
1181 4548 179 67 built
1413 4546 276 69 around
1743 4546 125 68 the?
1917 4546 139 68 five
2112 4544 186 70 sides
2356 4548 83 66 of
2495 4548 118 66 the
2666 4548 137 81 bay

253 4727 154 66 The
448 4724 177 67 little
666 4744 164 46 man
869 4720 75 68 in
984 4720 121 68 the
1144 4717 323 71 uniform
1509 4739 148 47 was
1701 4715 492 83 considerably
2231 4727 206 73 upset
2476 4741 173 45 over
2690 4719 110 69 his

168 4812 495 69 Munchausen
712 4807 323 69 business
1084 4805 212 81 being
1342 4813 128 73 put
1518 4813 125 58 out
1692 4802 82 69 of
1823 4800 455 71 commission
2331 4805 205 68 when
2585 4827 44 44 a
2676 4805 83 81 by-

168 4898 288 71 stander
500 4896 163 68 who
705 4893 142 68 had
890 4891 396 70 overheard
1330 4890 120 67 the
1492 4888 232 69 whole
1767 4888 84 69 of
1895 4886 141 71 this
2085 4886 715 85 Seeing-New-York
