2994 5451
982 373 435 70 BRUNO'S
1610 370 436 71 WEEKLY

2721 373 120 59 189

193 517 667 115 American
1001 517 396 115 Music
1537 515 246 115 and
1924 513 216 116 the
2283 507 564 120 Thimble

191 662 551 117 Theatre

190 828 179 115 T°
425 840 120 73 get
603 854 40 44 a
703 830 298 83 hearing
1058 830 61 69 is
1180 830 120 71 the
1358 830 295 66 hardest
1708 827 205 81 thing
1976 827 120 67 for
2156 825 118 68 the
2335 823 225 80 artist,
2621 820 176 69 musi-

447 925 156 66 cian
638 925 139 68 and
814 925 366 68 literateur
1216 923 73 68 in
1326 923 354 68 America.
1747 923 153 66 Not
1934 921 154 68 that
2123 921 33 66 I
2193 930 191 57 want
2418 928 76 59 to
2531 938 126 60 say
2689 915 157 69 that

191 1010 249 82 genius
520 1035 132 44 can
730 1013 88 66 be
896 1011 310 68 silenced
1282 1011 95 80 by
1451 1010 442 81 proprietors
1973 1008 81 68 of
2133 1018 114 56 art
2321 1003 349 83 galleries,
2748 1001 95 83 by

196 1098 295 69 musical
559 1098 479 81 impresarios,
1107 1108 288 57 concert
1461 1120 395 57 managers,
1929 1094 287 68 readers
2286 1092 81 68 of
2438 1087 408 87 publishing

191 1186 278 78 houses,
545 1209 83 43 or
699 1184 434 83 purchasing
1204 1184 267 69 editors
1548 1184 81 68 of
1703 1182 403 83 magazines
2181 1181 140 67 and
2393 1175 447 87 periodicals.

193 1274 68 64 A
308 1274 190 79 good
547 1274 200 66 word
797 1274 188 66 done
1033 1272 71 66 in
1153 1272 142 68 this
1344 1270 229 70 world
1619 1270 64 68 is
1732 1292 217 46 never
1998 1269 159 67 lost.
2254 1269 67 66 It
2367 1265 61 70 is
2474 1264 244 69 bound
2763 1274 78 59 to

191 1360 85 66 be
345 1358 449 82 appreciated
867 1380 195 44 some
1133 1358 154 80 day.
1427 1358 143 66 But
1637 1357 163 66 how
1874 1355 375 68 fortunate?
2310 1353 61 70 is
2440 1352 56 67 it
2565 1350 61 68 if
2697 1348 143 70 this

720 1446 313 80 happens
1087 1455 75 57 to
1216 1448 86 64 be
1356 1443 71 66 in
1482 1445 120 69 the
1658 1441 301 68 lifetime
2013 1441 82 68 of
2150 1441 119 68 the
2321 1438 210 69 artist
2582 1460 83 46 or
2721 1438 119 68 the

191 1534 259 66 author
493 1556 83 43 or
620 1533 79 66 of
743 1533 122 66 the'
904 1531 385 68 musician!

278 1617 155 68 The
523 1619 259 66 author
874 1617 140 68 and
1104 1617 210 68 artist
1400 1616 181 67 have
1673 1614 56 68 it
1819 1612 553 83 comparatively
2464 1633 169 57 easy

193 1716 120 71 get
364 1727 41 45 a
814 1705 110 67 To
974 1702 184 70 view
1211 1726 40 44 a
1300 1702 324 81 painting
1675 1722 83 48 or
1810 1724 41 44 a
1902 1700 325 80 drawing
2277 1700 170 66 does
2501 1707 127 58 not
2677 1697 163 68 take

195 1794 169 79 long
416 1792 139 66 and
609 1792 56 66 it
718 1792 283 84 appeals
1072 1794 118 77 (or
1243 1790 164 81 not)
1475 1800 73 58 to
1602 1790 118 66 the
1776 1810 126 60 eye
1956 1788 79 66 of
2095 1787 419 100 everybody.
2623 1785 71 64 If
2724 1785 116 98 _he

198 1880 169 66 does
450 1888 129 56 not
659 1878 294 66 succeed
1036 1876 71 67 in
1187 1875 428 81 interesting
1693 1885 114 56 art
1883 1873 335 81 galjeries
2301 1895 81 44 or
2464 1870 372 79 magazine

195 1966 286 78 editors,
540 1966 88 65 he
686 1965 227 81 might
970 1965 146 66 find
1173 1965 300 79 keepers
1534 1963 80 68 of
1676 1973 229 56 stores
1964 1961 137 66 and
2164 1961 212 78 shops
2391 2046 13 13 _
2437 1958 271 81 willing
2763 1968 75 56 to

193 2063 125 69 put
362 2051 56 66 it
464 2075 91 42 on
603 2049 201 68 view.
899 2051 122 66 He'
1065 2073 129 44 can
1243 2073 193 57 wrap
1485 2048 56 67 it
1588 2071 110 58 up,
1749 2048 163 66 take
1962 2046 55 68 it
2064 2046 225 68 under
2337 2044 108 68 his
2498 2066 150 44 arm
2699 2046 139 62 and

191 2139 209 66 make
457 2139 108 68 his
626 2139 278 66 endless
965 2139 308 66 rounds:
1336 2139 166 78 they
1559 2136 239 79 surely
1852 2132 370 78 will.look
2279 2142 73 58 at
2406 2132 73 80 it,
2540 2154 174 44 even
2774 2130 61 67 if

193 2225 168 80 only
428 2227 119 64 for
615 2225 118 66 the
801 2225 171 66 sake
1035 2224 79 67 of
1184 2234 347 69 courtesy,
1602 2222 139 66 and
1807 2244 42 44 a
1915 2230 379 58 courteous
2362 2219 252 81 glance
2679 2241 162 57 may

191 2312 203 66 often
440 2312 85 64 be
571 2312 491 66 transformed
1106 2308 150 68 into
1305 2310 295 66 interest
1698 2362 14 12 .
1824 2361 15 13 .
1952 2359 14 14 .
2066 2305 149 69 into
2262 2305 119 68 the
2430 2325 276 48 success
2757 2302 79 69 of

191 2398 119 68 the
352 2398 225 66 artist.

278 2486 154 64 The
510 2484 243 68 writer
831 2484 151 66 also
1060 2483 144 67 will
1282 2483 147 66 find
1509 2481 56 68 it
1639 2491 127 58 not
1844 2503 78 44 so
2003 2479 293 68 difficult
2372 2488 75 57 to
2526 2486 121 71 get
2726 2474 110 70 his

193 2572 251 66 reader
511 2594 83 43 or
662 2594 41 43 a
770 2569 309 68 listener.
1214 2571 135 81 He,
1421 2579 140 73 too,
1631 2569 127 64 has
1827 2567 119 70 the
2015 2567 396 78 advantage
2479 2564 81 68 of
2626 2562 214 82 being

191 2659 154 64 able
400 2669 72 54 to
528 2657 161 66 take
743 2657 119 64 the
916 2655 318 68 children
1290 2655 81 66 of
1427 2654 109 67 his
1592 2676 199 44 muse
1847 2664 73 56 to
1976 2652 405 66 whomever
2437 2650 86 68 he
2579 2649 257 67 wishes

190 2755 74 56 to
322 2743 374 82 approach.
808 2743 154 67 The
1018 2740 347 70 musician
1422 2742 127 66 has
1609 2742 118 64 the
1783 2738 293 68 hardest
2133 2737 226 67 stand.
2470 2737 161 64 The?
2682 2759 158 57 way

195 2832 116 66 for
372 2832 146 64 him
581 2840 73 58 to
718 2830 118 66 the
899 2828 383 68 American
1344 2826 236 82 public
1641 2825 194 67 leads
1898 2825 312 79 through
2272 2847 287 44 narrow
2623 2823 171 64 chan-

190 2918 172 68 nels.
466 2918 311 66 Narrow
828 2938 76 46 as
957 2916 122 66 the
1131 2938 125 58 eye
1309 2915 81 67 of
1446 2937 41 44 a
1536 2915 269 66 needle'.
1907 2913 155 66 Our
2115 2933 212 58 many
2376 2909 227 72 music
2653 2909 182 68 halls

193 3026 186 44 seem
440 3013 75 57 to
579 3003 298 67 exclude
938 3001 384 68 American
1385 2999 246 68 music.
1752 2999 234 65 There
2047 2997 58 68 is
2166 3008 128 56 not
2354 3018 135 46 one
2550 3006 288 56 concert

190 3092 143 65 hall
388 3091 152 66 that
594 3091 237 66 would
886 3089 160 81 give
1102 3089 117 66 the
1277 3087 382 66 American
1717 3086 344 67 musician
2117 3106 40 46 a
2211 3084 263 68 chance
2526 3092 75 58 to
2655 3082 185 68 have?

190 3177 110 68 his
366 3179 201 66 work
630 3177 332 80 accepted
1028 3199 81 44 or
1173 3175 315 80 rejected
1548 3174 93 79 by
1703 3196 88 42 an
1856 3170 384 68 American
2303 3169 254 82 public.
2680 3169 156 66 The

191 3265 381 64 American
637 3277 370 66 composer
1070 3262 141 66 and
1272 3260 345 68 musician
1678 3260 129 66 has
1869 3268 77 58 to
2006 3257 212 81 bring
2279 3280 41 44 a
2379 3255 257 83 pocket
2701 3255 135 68 full

193 3350 81 67 of
344 3350 343 81 clippings
757 3348 250 81 telling
1073 3350 217 64 about
1355 3346 120 66 the
1543 3355 286 57 concert
1893 3345 88 64 he
2049 3367 176 57 gave
2293 3343 71 64 in
2433 3343 261 76 Berlin,
2763 3341 73 66 in

195 3438 221 79 Paris,
474 3461 83 43 or
613 3439 154 65 best
821 3438 83 64 of
960 3434 110 80 all,
1128 3434 72 65 in
1258 3433 300 79 Vienna,
1615 3431 61 66 if
1732 3431 88 68 he
1876 3441 225 58 wants
2156 3441 76 56 to
2288 3429 181 68 have
2523 3451 42 46 a
2621 3428 217 81 slight

190 3524 260 68 chance
518 3524 171 66 with
755 3524 122 64 the
941 3521 383 66 American
1394 3519 438 81 impresario.
1964 3517 154 66 The
2186 3526 501 71 arrangement
2753 3514 82 69 of

193 3610 169 68 such
423 3619 320 58 concerts
808 3609 269 66 abroad
1141 3629 120 44 are
1321 3616 128 57 not
1507 3605 169 80 only
1734 3602 383 83 expensive
2178 3604 138 66 and
2379 3600 461 82 time-killing

191 3699 126 64 but
383 3697 394 79 degrading
847 3695 118 66 for
1029 3695 121 66 the
1219 3692 381 67 American
1668 3692 161 67 who
1896 3692 127 66 has
2091 3700 73 56 to
2235 3688 232 68 solicit
2530 3688 120 68 the
2716 3712 80 56 ap-

190 3783 247 80 plause
493 3783 81 66 of
632 3805 40 43 a
731 3781 283 80 foreign
1073 3778 434 68 auditorium
1563 3778 73 66 in
1692 3778 213 66 order
1961 3787 73 55 to
2091 3775 166 81 gain
2313 3797 42 44 a
2410 3773 301 83 hearing
2763 3773 72 66 in

208 3871 90 66 lis
335 3893 159 43 own
528 3880 302 69 country
860 3868 254 66 before
1148 3890 88 42 an
1272 3864 382 68 American
1688 3863 359 71 audience.

494 3978 271 56 course,
833 3954 34 66 I
1272 3951 157 69 said
1493 3953 141 64 Mr.
1700 3949 291 80 Edison,
2318 3971 119 58 my
2499 3946 202 69 work
2763 3946 73 66 in

193 4042 418 70 Greenwich
672 4042 283 80 Village
1018 4039 216 69 won't
1292 4042 85 66 be
1438 4037 81 68 of
1583 4039 208 66 much
1854 4037 352 66 influence
2262 4059 93 43 on
2416 4035 198 67 these
2675 4056 121 59 pre-

191 4129 269 83 vailing
538 4129 424 67 conditions.
1117 4127 143 66 But
1336 4125 120 68 the
1534 4122 383 68 American
1996 4144 410 59 composers
2486 4122 235 66 whom
2804 4122 31 64 I

195 4218 32 65 I
293 4239 115 44 am
471 4215 247 81 giving
781 4237 40 44 a
884 4213 262 68 chance
1211 4223 72 56 to
1349 4212 163 79 play
1575 4234 91 44 on
1734 4210 117 66 the
1920 4218 197 71 stage
2184 4208 80 68 of
2330 4232 120 56 my
2513 4207 327 67 Thimble

190 4303 311 69 Theatre
628 4301 227 80 might
982 4300 147 66 find
1258 4306 598 72 encouragement
1983 4306 73 56 to
2142 4379 15 15 _
2189 4295 331 67 continue
2652 4293 184 68 their

193 4391 201 68 work
467 4386 486 81 successfully,
1031 4386 139 68 and
1244 4406 124 60 we,
1443 4384 127 68 the?
1637 4381 358 85 audience,
2071 4381 145 68 will
2240 4466 15 17 _
2288 4381 304 83 perhaps
2665 4379 175 70 hear

195 4474 404 81 something
669 4474 154 66 that
896 4474 59 66 is
1028 4472 232 68 worth
1333 4469 228 69 while.
1703 4469 237 80 Every
2010 4466 383 69 American
2467 4489 373 58 composer

193 4564 161 68 who
415 4564 128 66 has
608 4560 403 82 something
1072 4571 74 55 to
1209 4559 186 67 offer
1456 4555 146 70 will
1661 4557 88 66 be
1810 4555 193 82 quite
2064 4555 344 68 welcome?
2462 4566 76 55 to
2603 4555 91 66 do
2758 4576 80 47 so

190 4650 254 68 before
516 4670 121 58 my
706 4659 262 69 guests.
1114 4645 156 66 The
1344 4642 535 83 complications
1954 4640 73 68 in
2103 4640 284 83 Europe
2462 4642 259 67 caused
2797 4660 43 48 at

191 4737 190 79 good
444 4757 215 57 many
720 4733 306 80 changes
1090 4730 72 67 in
1226 4731 120 66 the
1409 4730 291 79 literary
1763 4728 139 68 and
1966 4737 112 57 art
2140 4726 132 68 life
2337 4728 83 66 of
2482 4726 356 68 America.

195 4825 262 77 Maybe
511 4823 121 66 the
687 4821 170 66 time
913 4821 128 66 has
1099 4842 200 44 come
1353 4818 156 66 that
1563 4814 383 70 American
2003 4813 225 69 music
2286 4813 144 69 will
2487 4813 205 67 make
2746 4811 92 69 its

193 4930 455 61 appearance.
755 4902 420 72 Greenwich
1226 4902 284 82 Village
1561 4902 129 70 has
1741 4902 177 67 been
1971 4899 120 68 the
2140 4897 427 85 birth-place
2621 4899 83 70 of
2760 4923 81 46 so

193 5019 215 58 many
477 4994 190 81 good
742 4991 309 83 pictures
1126 4991 141 67 and
1343 4989 293 79 literary
1707 4985 462 83 productions
2245 4985 156 70 that
2472 4985 58 70 it
2601 4985 239 70 would

193 5085 86 66 be
350 5082 170 81 only
587 5079 285 71 natural
943 5090 75 56 to
1094 5101 115 47 see
1283 5099 197 46 some
1553 5075 189 81 good
1815 5074 244 82 music,
2137 5074 383 67 American
2594 5074 246 82 music,

195 5180 323 58 emanate
555 5167 192 67 from
782 5177 127 59 out
941 5165 83 69 of
1062 5187 135 46 one
1229 5163 83 70 of
1348 5163 90 68 its
1473 5162 205 69 attics
1714 5185 86 44 or
