2532 3279
684 1667 107 48 DIE
829 1660 386 51 BILDENDEN
1256 1656 302 49 KUENSTE

544 1766 114 33 BEIM
691 1761 233 37 EINTRITT
955 1759 51 35 IN
1039 1757 92 33 DAS
1161 1755 143 34 NEUE
1328 1752 379 43 JAHRHUNDERT

249 1889 57 27 AN
319 1891 40 25 der
368 1890 100 26 Wende
476 1891 65 24 eines
547 1888 176 35 Jahrhunderts
731 1888 65 26 wird
808 1897 58 16 man
873 1897 29 15 zu
912 1882 171 30 Rückblicken

228 1932 63 32 J\
310 1930 24 25 in
354 1930 38 25 die
409 1929 198 36 Vergangenheit
627 1927 51 27 und
692 1926 154 27 Ausblicken
865 1926 25 25 in
910 1926 38 25 die
969 1921 114 29 Zukunft

227 1965 129 29 besonders
371 1968 99 36 geneigt
485 1968 63 30 sein;
568 1965 41 28 für
623 1966 40 26 die
678 1965 132 26 bildenden
825 1967 94 23 Künste
933 1964 53 26 sind
1001 1962 83 26 solche

226 2006 158 27 Rückblicke
392 2007 131 25 besonders
531 2006 138 34 berechtigt
681 2004 51 26 und
744 2004 137 29 fruchtbar,
893 2004 31 25 da
934 2003 40 25 die
986 2001 98 36 grofsen

227 2044 147 28 Abschnitte
394 2048 25 23 in
438 2046 42 25 der
498 2044 180 35 Entwicklung
696 2043 41 25 der
755 2044 81 24 Kunst
853 2042 79 26 schon
952 2042 45 25 seit
1015 2040 70 26 mehr

227 2083 34 26 als
281 2086 81 25 einem
381 2085 90 26 halben
491 2082 161 36 Jahrtausend
670 2081 115 35 jedesmal
805 2081 114 25 ziemlich
938 2090 80 25 genau
1039 2079 46 25 mit

227 2122 80 28 einem
321 2124 165 34 Jahrhundert
503 2120 225 30 zusammenfallen.
756 2121 28 24 In
798 2120 86 25 Italien
902 2119 107 25 benennt
1027 2127 58 16 man

228 2160 76 28 daher
328 2164 64 25 diese
418 2162 188 27 verschiedenen
630 2158 200 37 Kunstperioden
852 2158 64 25 nach
940 2158 57 25 dem
1016 2157 56 33 Jahr-

227 2198 121 35 hundert;
376 2212 59 16 man
460 2202 93 36 spricht
576 2209 49 16 von
650 2198 41 26 der
714 2199 82 24 Kunst
823 2197 40 25 des
886 2197 130 28 Trecento,
1044 2196 40 25 des

228 2240 194 32 Quattrocento,
443 2241 41 25 des
500 2241 170 34 Cinquecento
687 2246 24 16 u.
726 2246 15 16 s.
760 2235 19 26 f.
807 2236 72 25 Auch
899 2235 42 25 das
961 2235 61 25 eben
1042 2233 29 26 ab-

227 2278 131 33 gelaufene
380 2280 60 26 oder
459 2282 56 32 jetzt
536 2276 146 28 ablaufende
698 2274 164 34 Jahrhundert
884 2273 39 35 (in
945 2273 42 25 der
1005 2274 81 24 Kunst

227 2314 44 28 hat
290 2329 59 16 man
368 2329 23 16 es
411 2318 157 36 regelmäfsig
586 2317 45 25 mit
648 2315 42 26 der
707 2324 78 16 neuen
799 2311 229 35 Jahrhundertszahl
1044 2310 28 26 be-

228 2357 114 36 gonnen)
361 2357 65 27 stellt
444 2357 41 26 für
504 2357 39 26 die
561 2354 132 28 bildenden
707 2355 94 24 Künste
814 2351 94 27 wieder
925 2351 54 25 eine
993 2350 25 25 in
1033 2351 53 24 sich

229 2393 201 36 abgeschlossene
451 2397 99 35 Epoche
570 2396 56 29 dar;
652 2395 53 24 eine
726 2392 100 37 Epoche
851 2401 49 16 von
924 2390 55 25 sehr
1003 2390 70 34 eigen-

230 2435 148 27 tümlichem
394 2435 145 32 Charakter,
561 2434 63 27 denn
643 2434 35 25 im
693 2434 135 34 Gegensatz
849 2440 30 16 zu
900 2429 65 27 allen
986 2438 86 16 voraus-

231 2479 158 31 gegangenen
409 2475 119 26 Perioden
547 2475 62 35 zeigt
628 2473 33 26 sie
680 2472 88 26 keinen
787 2472 102 34 eigenen
906 2468 54 32 Stil,
979 2468 107 26 sondern

228 2512 65 26 steht
304 2520 71 19 unter
382 2514 57 25 dem
448 2514 107 25 Zeichen
563 2513 40 26 der
611 2511 165 36 Stillosigkeit
787 2509 52 28 und
851 2509 40 26 der
899 2508 188 34 Nachahmung

230 2547 42 28 der
287 2553 58 25 Stile
360 2553 43 25 der
418 2552 217 36 vorausgehenden
651 2552 93 26 Zeiten.
772 2552 57 24 Von
844 2549 41 26 der
899 2548 189 34 Nachahmung

230 2586 42 28 der
287 2592 93 25 Antike
398 2591 141 36 ausgehend
558 2592 43 25 hat
620 2591 33 26 sie
672 2590 64 27 nach
755 2596 68 20 etwa
840 2589 80 26 einem
939 2587 133 26 Menschen-

230 2626 61 28 alter
310 2631 51 25 sich
381 2641 41 15 zur
439 2630 81 27 Gotik
540 2629 113 32 bekehrt,
675 2630 31 25 ist
724 2629 93 26 wieder
836 2638 43 16 um
900 2626 100 36 dreifsig
1017 2625 70 34 Jahre

229 2669 81 31 später
332 2679 43 16 zur
398 2670 162 25 Renaissance
580 2669 188 36 übergegangen
789 2668 51 26 und
860 2668 43 25 hat
921 2667 51 25 sich
991 2666 25 25 in
1037 2664 46 26 den

1161 1881 88 25 letzten
1259 1876 161 36 Jahrzehnten
1429 1884 58 16 zum
1499 1875 96 27 Barock
1607 1877 52 26 und
1671 1879 122 31 Rokoko,
1802 1880 151 27 schliefslich
1964 1890 59 17 zum

1162 1919 73 26 Louis
1259 1914 123 28 XVI.-Stil
1407 1913 50 25 und
1482 1923 42 16 zur
1544 1915 189 38 Nachahmung
1756 1919 43 25 der
1819 1920 203 35 Nachahmung:

1161 1968 56 16 zum
1236 1954 97 37 Empire
1352 1951 121 31 bekannt,
1496 1953 86 26 wobei
1604 1956 64 25 auch
1686 1957 43 26 der
1747 1960 83 24 Kunst
1851 1958 41 26 des
1911 1959 112 30 Orients,

1162 1993 151 30 namentlich
1333 1991 42 26 der
1395 1992 159 34 japanischen
1570 1995 81 24 Kunst
1673 1996 40 25 ein
1731 1997 70 25 nicht
1822 1997 202 26 unbedeutender

1162 2035 87 28 Tribut
1263 2030 89 38 gezollt
1366 2030 104 25 worden
1484 2030 39 26 ist.

1220 2075 31 24 So
1272 2070 63 27 stellt
1355 2069 53 25 sich
1428 2068 66 26 denn
1515 2069 27 26 in
1563 2070 76 27 dieser
1659 2073 190 35 Nachahmung
1867 2074 43 25 der
1928 2074 93 26 älteren

1162 2116 80 25 Kunst
1255 2119 47 18 von
1314 2109 76 26 ihrem
1399 2106 102 36 Anfang
1512 2108 36 26 bis
1559 2119 56 16 zum
1626 2111 67 26 Ende
1705 2112 50 25 und
1765 2111 152 27 schliefslich
1928 2112 93 26 zurück

1162 2163 29 17 zu
1205 2152 40 26 der
1260 2146 186 34 Nachahmung
1460 2146 43 26 der
1516 2148 94 26 Antike
1626 2150 34 24 im
1675 2151 98 34 Empire
1791 2152 25 23 in
1831 2151 41 25 der
1886 2151 65 25 That
1967 2152 54 24 eine

1162 2189 198 38 abgeschlossene
1372 2185 178 36 Entwicklung
1564 2186 51 27 dar.
1637 2191 49 23 Das
1700 2198 63 16 neue
1772 2189 166 33 Jahrhundert
1953 2188 67 26 kann

1163 2231 63 26 diese
1250 2226 112 28 Tendenz
1385 2224 69 25 nicht
1477 2231 45 27 gut
1543 2227 88 24 weiter
1652 2226 139 36 verfolgen,
1815 2237 23 15 es
1863 2226 66 26 mufs
1954 2228 66 24 seine

1163 2271 83 33 eigene
1261 2267 67 25 Bahn
1343 2263 86 36 gehen.
1458 2262 57 27 Dies
1531 2265 128 25 Bestreben
1674 2266 62 35 zeigt
1751 2266 52 24 sich
1818 2266 25 24 in
1858 2265 163 25 deutlichster

1162 2308 86 26 Weise
1267 2306 24 24 in
1310 2303 41 26 der
1366 2304 211 33 Kunstströmung
1592 2303 42 26 der
1648 2310 116 19 neuesten
1779 2304 66 29 Zeit,
1864 2303 39 25 die
1918 2304 25 25 in
1958 2313 62 24 ganz

1162 2344 143 29 bewufster,
1320 2340 152 36 energischer
1482 2341 87 26 Weise
1583 2341 48 26 auf
1642 2342 40 25 die
1697 2340 132 36 Befreiung
1843 2351 59 16 vom
1915 2341 104 26 Einflufs

1163 2386 43 26 der
1232 2384 89 26 älteren
1344 2379 191 35 Kunstepochen
1563 2380 52 25 und
1639 2379 48 27 auf
1708 2380 39 26 die
1771 2379 158 36 Ausbildung
1953 2380 66 26 eines

1164 2426 108 30 eigenen,
1287 2429 61 27 ganz
1361 2417 182 36 selbständigen
1559 2418 68 26 Stiles
1642 2419 112 34 ausgeht.
1783 2421 49 23 Der
1847 2418 71 26 Keim
1934 2428 28 16 zu
1978 2418 43 27 der

1163 2472 79 18 neuen
1256 2463 79 24 Kunst
1351 2458 59 34 liegt
1428 2457 79 25 schon
1526 2457 27 25 in
1573 2456 42 26 der
1634 2457 65 26 alten
1719 2457 51 26 und
1786 2457 102 35 drängt,
1907 2457 51 26 wie
1973 2458 48 26 wir

1163 2503 50 27 dies
1228 2500 64 27 auch
1305 2499 26 26 in
1345 2496 115 27 früheren
1474 2495 195 33 Jahrhunderten
1684 2494 157 37 regelmäfsig
1856 2495 165 33 beobachten,

1164 2542 76 27 schon
1259 2540 25 25 in
1303 2538 47 25 den
1369 2536 87 25 letzten
1469 2534 88 34 Jahren
1576 2533 40 27 des
1636 2534 64 27 alten
1714 2534 177 34 Jahrhunderts
1909 2537 113 36 mächtig

1164 2590 42 17 zur
1226 2576 155 35 Entfaltung.
1410 2572 56 28 Auf
1483 2573 65 26 diese
1569 2573 183 36 Bestrebungen
1773 2574 40 25 der
1835 2574 89 27 letzten
1941 2577 82 33 Jahre,

1164 2620 39 26 die
1222 2619 26 24 in
1268 2616 47 26 den
1333 2614 186 26 verschiedenen
1539 2614 113 24 Künsten
1673 2614 52 25 wie
1745 2614 35 24 im
1800 2614 223 28 Kunsthandwerk

1161 2660 71 25 einen
1255 2655 54 27 sehr
1333 2655 177 34 ausgeprägten
1536 2652 181 36 gemeinsamen
1742 2654 55 35 Zug
1823 2653 93 33 haben,
1945 2662 79 20 etwas

413 1493 15 10 E.
441 1492 18 11 M,
470 1491 80 14 GEYGER,
561 1491 50 11 STIER

1205 2852 0 0 245
