2532 3279
1061 1614 257 46 AUBREY
1351 1617 372 46 BEARDSLEY

499 1754 132 77 SEINE
646 1756 137 26 Schönheit
802 1754 138 27 erschreckt
960 1756 67 25 mich
1047 1756 37 25 ins
1101 1757 107 24 Innerste
1226 1755 52 26 und
1298 1756 56 25 thut

562 1797 69 29 weh,
656 1796 67 24 seine
744 1794 170 26 Häfslichkeit
938 1793 110 37 verfolgt
1072 1795 25 25 in
1115 1797 125 23 Träumen
1260 1810 33 4 —
1314 1795 40 25 ich

491 1837 61 25 liebe
568 1835 56 29 ihn,
645 1833 54 27 dafs
714 1834 42 25 ich
771 1835 44 24 ihn
830 1832 47 27 fast
892 1834 78 25 schon
984 1834 82 30 hasse,
1086 1834 40 26 ich
1142 1834 69 25 hasse
1225 1834 56 30 ihn,
1301 1833 53 27 dafs

491 1885 24 16 er
529 1875 69 26 mich
616 1883 28 17 so
663 1883 31 16 zu
712 1874 138 25 thörichter
865 1873 73 25 Liebe
955 1873 105 36 zwingt'
1077 1889 33 3 —
1126 1873 102 26 solchen
1243 1875 112 24 Worten

491 1913 109 36 übergab
612 1913 174 35 dieMarquise
798 1912 46 26 den
853 1912 135 31 Eindruck,
1001 1913 47 25 den
1060 1913 38 25 ihr
1109 1913 43 26 das
1160 1912 82 27 Werk
1253 1913 102 34 Aubrey

491 1952 149 34 Beardsley's
651 1947 112 31 schaffte.
790 1952 60 26 Und
861 1953 33 25 sie
906 1952 106 26 äufserte
1027 1952 73 26 keine
1109 1953 94 25 Trauer
1214 1952 33 26 als
1259 1953 34 25 sie
1304 1962 49 16 von

491 1992 94 26 seinem
599 1991 91 26 frühen
701 1991 71 26 Tode
785 1991 82 30 hörte,
878 1991 66 26 denn
959 1992 34 25 sie
1004 1991 101 31 meinte,
1118 2002 24 15 er
1156 1991 34 27 sei
1204 1992 35 26 als
1254 2002 25 16 er
1290 1991 64 26 starb

491 2031 127 27 vollendet
633 2040 128 26 gewesen,
781 2031 38 25 ein
835 2031 109 35 längeres
959 2030 81 26 Leben
1054 2031 69 26 hätte
1142 2030 70 27 nicht
1226 2031 71 26 mehr
1312 2040 42 16 aus

492 2071 54 25 ihm
557 2070 105 26 machen
673 2069 111 27 können.
810 2069 58 27 Und
880 2069 53 27 dafs
944 2080 46 15 uns
1002 2070 40 26 ein
1053 2070 179 26 menschliches
1241 2069 100 27 Mitleid-

492 2110 71 25 nicht
577 2107 133 28 verführen
724 2113 88 31 möge,
828 2118 45 17 uns
888 2118 28 16 so
931 2118 62 26 ganz
1008 2119 29 16 an
1054 2110 43 25 ihn
1111 2119 30 16 zu
1155 2109 131 31 verlieren,
1302 2107 52 27 dafs

491 2150 50 24 wir
559 2147 72 26 keine
645 2150 84 34 Wege
750 2148 70 25 mehr
838 2157 28 16 zu
887 2148 47 25 den
949 2150 111 23 Künsten
1082 2148 101 25 anderer
1202 2147 90 26 finden.
1322 2149 32 24 So

492 2197 116 26 grausam
620 2186 54 26 sind
686 2189 101 28 Frauen,
803 2187 39 25 die
857 2197 45 15 vor
913 2187 73 25 Liebe
997 2187 95 26 hassen.
1109 2187 45 25 Ein
1165 2190 88 32 junger
1264 2188 89 29 Mann,

493 2227 42 24 der
551 2226 90 26 Blätter
656 2236 50 15 von
720 2225 131 36 Beardsley
869 2227 56 29 sah,
945 2226 81 26 lachte
1046 2227 55 25 sehr
1120 2225 67 26 stark
1201 2225 52 26 und
1269 2226 86 25 suchte

493 2266 65 25 seine
569 2265 207 35 Ueberlegenheit
787 2266 26 24 in
828 2266 71 24 einen
910 2266 72 25 Witz
996 2275 29 16 zu
1039 2264 92 32 fassen;
1147 2275 25 15 er
1182 2266 100 26 rühmte
1293 2265 61 30 sich,

493 2304 127 36 „gesunde
800 2314 29 16 zu
851 2303 90 27 haben.
976 2306 45 25 Ein
1041 2304 93 26 Freund
1155 2314 88 16 —er
1263 2305 30 25 ist
1314 2305 40 25 ein

494 2344 116 25 Künstler
634 2360 38 2 —
693 2344 77 34 zeigte
789 2344 138 25 Besuchern
949 2343 48 26 den
1017 2346 92 32 ,Savoy
1112 2349 8 10 c
1143 2344 46 25 mit
1214 2344 140 34 Beardsleys

494 2383 111 30 Bildern;
625 2392 26 16 er
668 2383 86 35 sprach
774 2383 96 30 nichts,
892 2392 24 16 er
933 2381 59 37 frug
1010 2383 92 30 nichts,
1123 2392 47 17 nur
1187 2383 64 26 seine
1266 2384 89 34 Augen

494 2422 153 26 leuchteten:
662 2423 50 24 Das
728 2422 30 25 ist
772 2421 83 36 grofs!
872 2438 33 2 —

552 2461 61 25 Eine
634 2461 117 35 Vignette
773 2460 146 35 Beardsley's
940 2461 31 25 ist
992 2461 70 26 nicht
1082 2471 31 16 zu
1136 2461 142 27 übersehen.
1315 2464 39 24 Da

492 2500 71 26 reitet
577 2500 40 25 die
632 2499 276 36 traurig-ausgelassene
920 2500 116 27 Gottheit
1048 2510 98 16 unserer
1156 2500 144 27 Decadence
1312 2510 28 26 ge-

494 2539 145 26 scholtenen
654 2539 179 30 Renaissance,
851 2539 108 31 Pierrot,
979 2538 47 27 auf
1037 2539 58 26 dem
1110 2542 117 33 Pegasus,
1246 2539 41 27 der
1302 2540 52 26 sich

493 2577 139 30 anschickt,
646 2577 49 27 auf
706 2578 48 26 den
765 2577 98 27 Parnafs
878 2588 30 16 zu
922 2578 168 37 galoppieren.
1112 2581 124 23 Darunter
1247 2579 107 26 schreibt

493 2616 43 26 der
557 2616 129 27 Künstler:
714 2619 41 24 Ne
771 2618 93 36 Jupiter
884 2617 102 35 quidem
1010 2617 119 26 omnibus
1151 2618 86 36 placet.
1280 2619 73 25 Nach

493 2655 86 32 allem,
601 2665 53 16 was
668 2656 109 26 Freunde
795 2666 45 16 uns
859 2666 51 16 von
924 2656 130 36 Beardsley
1073 2657 140 31 berichten,
1233 2667 54 16 was
1306 2658 48 25 wir

1433 1767 51 16 von
1499 1758 91 25 seinem
1605 1757 82 26 Leben
1706 1757 127 31 erfahren,
1856 1769 53 16 was
1929 1760 66 25 seine
2009 1762 81 24 Kunst
2109 1761 76 26 erlebt
2200 1762 44 26 hat
2257 1776 38 5 —

1433 1796 42 25 der
1495 1796 114 30 Mensch,
1625 1796 41 26 der
1680 1796 126 31 Künstler,
1821 1798 66 25 seine
1898 1800 82 24 Kunst
1995 1799 50 26 und
2062 1800 38 26 ihr
2110 1801 127 26 Schicksal
2252 1801 43 25 hat

1434 1835 130 34 Beardsley
1578 1835 26 25 in
1618 1835 75 27 dieses
1708 1835 76 27 stolze
1795 1838 79 24 Wort
1889 1836 98 37 gefafst.
2012 1839 78 26 Selbst
2099 1841 94 34 Jupiter
2207 1838 88 37 gefällt

1434 1874 69 25 nicht
1518 1874 86 27 Allen:
1628 1876 32 24 Er
1674 1874 74 27 selbst
1761 1885 54 16 war
1830 1877 51 24 sein
1897 1876 106 36 gröfster
2017 1879 173 31 Bewunderer,
2206 1879 75 25 unein-

1434 1912 161 36 geschränkte
1615 1915 194 36 Bewunderung
1831 1915 125 36 verlangte
1977 1926 25 16 er
2022 1927 51 16 von
2094 1918 83 25 seinen
2196 1919 85 33 Zeitge-

1433 1962 104 20 nossen,
1558 1952 47 27 alle
1619 1955 152 35 ungünstige
1786 1954 82 26 Kritik
1887 1956 77 25 seines
1979 1955 106 27 Werkes
2104 1967 55 16 war
2177 1957 52 26 ihm
2245 1957 50 26 wie

1434 1992 55 25 eine
1503 1991 173 38 Beleidigung.
1710 1994 131 34 Beardsley
1859 1994 96 27 konnte
1973 1995 34 25 als
2025 2005 25 16 er
2063 1996 114 35 zwanzig
2191 1995 35 27 alt
2240 2004 55 18 war

1434 2029 53 27 und
1505 2032 66 24 seine
1589 2032 198 27 Künstlerschaft
1804 2033 110 36 begann,
1934 2034 39 25 die
1986 2034 83 33 Jahre,
2089 2035 39 25 die
2147 2036 54 25 ihm
2221 2044 59 26 zuge-

1434 2079 94 17 messen
1543 2081 95 21 waren,
1653 2082 29 16 an
1699 2072 46 26 den
1756 2073 103 34 Fingern
1874 2073 66 25 einer
1953 2073 76 26 Hand
2044 2074 95 31 zählen,
2155 2084 24 16 er
2192 2073 102 28 wufste,

1434 2108 53 26 dafs
1502 2119 25 16 er
1540 2109 73 28 keine
1627 2111 54 26 Zeit
1695 2111 81 31 hätte,
1795 2111 53 26 sich
1866 2111 47 26 den
1928 2112 86 26 Ruhm
2031 2122 29 16 zu
2079 2112 89 31 holen,
2189 2113 48 26 den
2255 2111 39 26 die

1433 2149 73 25 Welt
1513 2149 47 26 den
1568 2150 107 27 Grofsen
1687 2161 29 15 zu
1728 2151 107 36 spenden
1848 2150 114 37 anfängt,
1974 2161 75 16 wenn
2062 2152 71 31 diese,
2145 2151 48 26 fast
2201 2151 92 29 Greise,

1433 2197 56 16 zum
1510 2189 99 27 Sterben
1630 2189 130 27 kommen.
1797 2192 32 24 So
1848 2189 116 27 berühmt
1983 2200 28 16 zu
2030 2191 102 25 werden
2151 2201 55 16 war
2223 2190 70 26 nicht

1434 2227 51 25 sein
1499 2228 102 37 Ehrgeiz
1618 2245 33 4 —
1669 2229 76 26 dieser
1759 2238 62 22 war,
1835 2229 25 26 in
1875 2228 57 27 Ruf
1942 2239 30 16 zu
1986 2229 130 31 kommen,
2131 2230 26 25 in
2171 2230 80 26 Mode
2264 2238 29 17 zu

1434 2266 121 27 kommen
1573 2268 51 25 wie
1643 2268 39 25 die
1702 2267 127 31 Guilbert,
1849 2268 40 25 die
1911 2269 109 35 Chimay
2041 2269 60 25 oder
2122 2269 40 26 die
2181 2270 61 25 Cleo
2263 2267 30 26 de

1433 2306 113 27 Merode.
1571 2310 31 23 Er
1616 2307 77 25 stellte
1708 2307 74 25 vieles
1797 2317 40 20 an,
1853 2317 43 15 um
1911 2308 51 25 dies
1977 2317 29 16 zu
2022 2308 132 27 erreichen.
2179 2310 115 33 Aergerte

1434 2345 51 26 sich
1500 2346 39 25 ein
1554 2345 111 27 Kritiker
1679 2345 61 26 über
1754 2346 39 25 die
1808 2346 130 26 Kühnheit
1953 2347 64 25 eines
2031 2347 99 30 Blattes,
2145 2357 27 16 so
2188 2346 105 26 überbot

1435 2393 25 16 er
1471 2384 66 26 diese
1548 2385 78 26 durch
1638 2386 39 24 ein
1692 2386 66 24 noch
1773 2385 136 32 kühneres;
1925 2395 24 16 er
1960 2387 100 29 meinte,
2074 2387 53 25 sich
2138 2387 76 28 Alles,
2230 2383 63 28 auch

1434 2423 140 27 Schlechtes
1586 2424 114 26 erlauben
1713 2434 29 16 zu
1754 2423 98 27 dürfen.
1867 2426 31 23 Er
1909 2425 165 34 mystifizierte
2085 2426 66 25 seine

1434 2463 51 25 wie
1500 2473 24 16 er
1540 2463 41 26 die
1599 2463 204 26 übelwollenden
1819 2463 110 26 Kritiker
1947 2470 105 24 nannte,
2073 2465 83 26 indem
2174 2475 25 15 er
2214 2464 80 33 Dinge

1434 2503 124 25 zeichnete
1577 2503 27 25 in
1623 2503 80 25 einem
1722 2503 93 25 andern
1832 2503 45 25 Stil
1895 2503 47 26 mit
1960 2503 130 36 fingierten
2109 2505 114 27 Namen,
2242 2499 52 28 und

1434 2541 43 25 der
1499 2542 92 26 Garnin
1611 2541 130 35 Beardsley
1761 2552 54 16 war
1833 2542 143 35 glücklich,
1998 2542 34 27 als
2053 2543 40 26 die
2112 2542 108 27 Kritiker
2240 2541 51 25 ihm

1433 2586 93 29 sagten,
1542 2590 24 16 er
1580 2581 86 25 könne
1680 2591 30 15 an
1725 2581 80 25 diesen
1817 2581 108 26 Blättern
1940 2581 92 31 lernen,
2043 2583 50 25 wie
2107 2592 23 16 es
2146 2592 29 16 zu
2190 2580 103 27 machen

1433 2619 42 26 sei.
1504 2620 60 26 Wie
1579 2619 77 31 allen,
1678 2619 39 27 die
1736 2630 27 16 so
1782 2619 81 36 heftig
1883 2620 40 26 die
1938 2619 181 37 Aufregungen
2138 2620 41 27 des
2194 2616 99 29 Beifalls

1433 2658 106 31 suchen,
1566 2669 55 16 war
1652 2659 64 26 auch
1749 2659 54 26 ihm
1831 2659 53 26 eine
1911 2660 125 36 mächtige
2063 2660 161 34 Verachtung
2251 2655 41 26 des

1013 1461 18 11 A.
1043 1461 112 14 BEABDSLBY,
1167 1461 73 12 SALOME

1473 2852 0 0 256
