2532 3279
258 372 107 33 Keiner
386 377 78 30 hatte
485 388 59 19 was
566 377 96 29 davon
683 374 124 39 gelesen,
828 370 188 39 ausgeschellt
1036 378 73 20 wars

260 421 72 29 auch
362 422 82 31 nicht
474 423 131 30 worden.
655 421 57 28 Das
744 416 179 39 Preiskegeln
955 414 67 30 fand
1050 414 58 28 also

258 473 74 22 statt.
373 469 146 39 „Sonntag
540 466 181 38 nachmittag,
743 473 60 20 von
823 474 11 24 3
856 462 63 29 Uhr

316 512 98 30 Schon
435 524 45 19 am
501 514 252 37 Sonntagmorgen
778 508 81 39 gings
881 507 75 29 beim
978 505 113 30 Ochsen-

258 556 66 30 wirt
344 558 79 31 hoch
443 560 60 29 her.
542 558 69 36 „Ich
632 565 129 21 wetten
941 569 39 5 —
1003 551 62 34 „ich
1093 559 16 19 e

411 622 35 4 —
461 605 70 35 „der
549 604 91 30 krickt
656 602 46 30 die
723 602 64 28 Uhr
811 618 32 4 —
866 600 51 28 der
938 597 90 29 krickt

317 650 89 34 „Halt
436 651 45 29 die
677 656 78 30 sagte
789 646 52 30 der
874 645 234 29 Schusteranton.

258 692 63 34 „De
343 696 201 39 Harmphilipp
565 705 61 19 von
647 692 155 31 Garnbach
827 691 54 30 hot
905 689 79 30 noch
1008 687 35 30 all
1064 686 45 30 die

254 737 177 42 Preiskegele
458 741 180 30 rundherum
665 748 157 30 gewurme,
849 737 50 29 der
927 734 89 31 krickt
1043 732 66 30 aach

258 782 46 30 die
325 786 66 29 Uhr
411 786 123 30 diesmol
557 804 33 4 —
613 786 40 29 do
677 785 58 30 will
761 784 47 29 ich
836 783 63 29 eich
925 780 78 31 mein
1022 779 87 39 Kopp

255 837 136 23 vewette.
419 833 50 28 Un
482 832 47 29 ich
543 841 79 20 were
637 831 58 29 den
706 830 174 39 Regulateur
894 828 95 37 krieje,
1004 824 60 31 dafs
1079 834 30 19 er

253 875 114 30 meiner
378 878 67 27 Fraa
459 878 38 28 als
513 878 45 27 die
569 878 110 27 Sturme
695 876 117 38 schlägt,
827 883 88 21 wann
927 873 46 29 ich
988 870 121 31 owends

253 917 94 33 hocke
477 940 38 3 —
529 921 82 40 fügte
633 932 31 18 er
684 922 95 29 hinzu.
815 921 36 29 Es
872 929 58 20 war
951 918 78 30 noch
1045 916 65 30 kein

253 966 117 30 rechter
401 968 96 34 Witz,
529 968 56 29 wie
616 967 40 29 sie
687 967 52 29 der
770 966 228 30 Schusteranton
1028 971 82 22 sonst

253 1011 123 36 machte,
388 1012 66 29 aber
467 1022 31 19 er
504 1012 79 30 hatte
592 1013 71 29 auch
671 1012 79 29 noch
761 1011 83 30 nicht
852 1021 141 26 „unnerm

314 1057 101 39 Schlag
427 1058 61 29 drei
498 1058 64 30 Uhr
572 1057 77 30 warf
658 1058 78 28 dann
747 1058 84 29 Peter
842 1056 87 30 Knoll
940 1056 64 29 eine
1016 1054 91 39 Kugel

253 1099 30 29 in
304 1102 47 29 die
373 1104 118 28 Vollen.
525 1103 99 29 Damit
645 1102 142 30 eröffnete
809 1112 30 19 er
861 1102 48 29 das
923 1100 187 39 Preiskegeln.

253 1144 71 32 Und
346 1148 77 29 dann
449 1149 114 38 begann
588 1148 46 29 die
655 1148 100 29 Reihe.
796 1148 66 29 Auf
883 1148 86 37 jeden
994 1146 115 30 Einsatz

253 1190 62 31 drei
336 1194 124 38 Kugeln,
480 1194 48 29 die
550 1204 74 19 erste
645 1194 32 29 in
698 1194 47 29 die
758 1193 119 30 Vollen.
910 1194 61 28 Der
988 1191 106 31 Polizei-

252 1235 101 32 diener
382 1238 61 30 und
474 1239 52 29 der
555 1239 110 29 Lehrer
695 1237 121 31 führten
844 1238 46 29 die
918 1239 88 29 Liste.
1054 1237 55 29 Die

251 1291 99 21 waren
370 1284 204 40 unparteiisch.

310 1329 131 39 Anfangs
463 1330 82 38 gings
567 1329 55 29 still
643 1331 60 27 her.
743 1330 68 28 Nur
833 1330 47 28 bei
899 1331 95 27 einem
1020 1338 89 30 guten

251 1371 97 32 Wurf
369 1375 47 29 ein
441 1375 101 29 kurzes
563 1375 116 30 Hailoh.
726 1376 86 28 Dann
837 1375 83 38 ruhig
945 1375 46 28 die
1018 1374 90 29 Reihe

251 1419 108 30 weiter.
394 1421 61 29 Der
469 1421 110 29 Lehrer
600 1420 59 29 rief
673 1420 46 29 die
734 1421 118 28 Namen
866 1419 61 30 und
943 1419 165 29 bestimmte

251 1463 46 29 die
319 1466 122 38 Kugeln,
463 1466 50 29 der
534 1466 209 29 Polizeidiener
764 1465 59 30 rief
841 1465 47 29 die
908 1464 118 29 Würfe.

311 1511 108 39 Gegen
452 1512 61 28 vier
552 1513 64 27 Uhr
653 1512 103 28 kamen
794 1511 46 29 die
873 1510 149 30 Burschen
1060 1518 47 19 aus

249 1553 163 33 Buchenau.
459 1557 44 29 Sie
529 1557 104 29 kamen
659 1557 52 29 alle
742 1557 51 28 auf
821 1556 117 34 einmal,
968 1554 139 30 während

249 1600 62 30 sich
331 1601 48 30 die
401 1603 91 29 Gäste
513 1612 49 19 aus
590 1602 57 29 den
673 1602 128 29 anderen
827 1599 189 32 Ortschaften
1042 1609 49 20 ver-

250 1645 115 38 einzelt,
386 1657 38 20 zu
444 1649 113 28 zweien
571 1648 74 28 oder
658 1647 111 35 dreien,
785 1646 199 40 eingefunden
998 1646 109 29 hatten.

308 1693 50 28 Bei
380 1693 58 30 den
458 1694 211 29 Buchenauern
690 1703 58 19 war
771 1693 51 29 der
839 1693 79 35 Jean.
960 1693 60 28 Der
1037 1692 71 36 Jean

249 1738 103 29 wurde
373 1739 29 28 in
423 1739 52 28 der
496 1739 127 38 Gegend
649 1748 54 19 nur
729 1738 52 29 mit
806 1739 110 28 seinem
937 1739 172 28 Vornamen

248 1789 138 28 genannt.
421 1783 169 30 Höchstens
610 1783 73 30 hiefs
705 1793 30 19 er
756 1783 72 30 auch
848 1783 79 29 noch
942 1783 69 35 „der
1030 1783 78 28 Herr

402 1829 39 29 Er
460 1839 59 19 war
540 1829 83 29 nicht
642 1829 31 29 in
694 1829 52 29 der
766 1828 128 38 Gegend
915 1829 139 37 geboren,
1076 1838 31 19 er

249 1881 60 20 war
340 1874 48 29 ein
418 1874 185 30 Rheinhesse.
653 1875 37 29 Er
720 1883 59 20 war
812 1874 53 29 mit
895 1874 68 29 dem
995 1874 113 29 Grafen

430 1921 184 37 gekommen,
635 1920 38 29 als
695 1920 94 29 dieser
811 1929 70 20 vom
902 1920 107 29 Militär
1033 1920 71 28 kam.

248 1960 38 31 Er
306 1975 61 18 war
386 1965 61 28 sein
461 1966 128 28 Bursche
610 1975 135 29 gewesen
767 1982 38 5 —
827 1965 46 28 bei
894 1965 52 28 der
959 1965 146 28 Artillerie

247 2006 100 32 hatten
377 2010 40 29 sie
448 2010 119 38 gedient
596 2028 33 4 —
657 2010 63 29 und
747 2010 53 28 der
826 2010 70 35 Jean
928 2010 79 29 hatte
1038 2010 67 28 dem

248 2052 116 32 Grafen
390 2055 128 39 gefallen.
559 2055 72 29 Und
656 2055 51 29 der
729 2055 71 35 Jean
828 2065 59 18 war
915 2055 73 29 auch
1016 2065 88 28 gerne

248 2098 52 30 mit
320 2101 59 30 ihm
400 2110 157 30 gegangen.
598 2100 156 31 Während
779 2100 50 29 des
850 2101 156 28 Manövers
1026 2100 78 30 hatte

248 2152 32 20 er
300 2146 55 29 mal
375 2147 40 28 im
430 2147 166 28 Odenwald
617 2147 122 38 gelegen
758 2145 61 30 und
841 2145 36 29 da
896 2146 79 29 hatte
996 2155 30 19 es
1046 2146 59 29 ihm

248 2189 136 36 gefallen:
406 2192 52 28 der
478 2192 105 35 Wald,
610 2192 46 28 die
678 2192 104 38 Berge!
822 2191 58 29 Seit
905 2192 74 28 zwei
999 2192 106 35 Jahren

248 2242 76 22 etwa
345 2247 57 18 war
424 2246 31 19 er
480 2247 63 19 nun
568 2236 52 29 der
641 2236 193 29 Oberknecht
861 2236 51 28 auf
935 2236 68 29 dem
1025 2237 79 28 Gute

248 2277 51 31 des
314 2281 122 30 Grafen.
465 2283 37 28 So
518 2282 78 29 hatte
612 2291 30 20 er
656 2282 61 29 sich
738 2280 29 29 in
789 2281 46 29 die
850 2281 88 29 Höhe
959 2280 145 40 geschafft.

307 2327 71 29 Und
400 2337 31 20 er
452 2337 59 20 war
531 2328 73 29 auch
625 2337 72 29 ganz
718 2327 51 29 der
783 2327 67 29 Kerl
866 2326 80 29 dazu.
974 2327 131 29 Schöner

248 2378 59 21 war
327 2372 99 30 keiner
446 2374 71 28 weit
535 2373 61 29 und
618 2374 83 28 breit.
740 2372 73 29 Und
833 2372 100 29 keiner
955 2372 114 30 stolzer.

307 2417 73 30 Und
401 2428 51 29 gut
472 2428 60 20 war
553 2428 39 19 er.
627 2418 38 28 Er
686 2426 98 30 sorgte
799 2417 48 29 für
866 2418 78 28 seine
959 2418 145 33 Knechte;

248 2468 59 21 was
328 2463 41 28 sie
388 2463 60 30 ihm
469 2464 123 38 ldagten,
612 2472 110 20 vertrat
741 2473 31 19 er
786 2463 77 29 beim
878 2462 122 30 Grafen.
1034 2463 71 29 Und

250 2505 169 33 erforderte
431 2508 73 30 auch
515 2508 81 30 nicht
606 2518 37 20 zu
654 2509 58 29 viel
723 2518 60 20 von
789 2509 100 35 ihnen,
899 2508 84 30 keine
992 2509 112 36 Arbeit,

250 2548 47 31 die
319 2562 31 19 er
371 2554 81 30 nicht
473 2554 89 30 selbst
582 2555 69 29 that.
692 2555 37 28 Er
750 2555 62 29 that
832 2554 74 29 allen
927 2564 112 20 voraus.

309 2597 38 29 Er
368 2600 78 28 hatte
467 2600 46 28 die
538 2601 157 28 schönsten
715 2600 113 28 Pferde.
870 2601 55 27 Die
951 2601 153 28 Schimmel

249 2637 78 33 hatte
349 2653 31 19 er
395 2644 60 29 sich
469 2654 187 29 genommen.
684 2645 69 29 Und
767 2645 55 29 wie
838 2646 100 28 sauber
952 2656 97 19 waren
1065 2647 39 27 sie

248 2692 110 31 immer,
380 2689 56 29 wie
450 2690 134 38 glänzten
598 2690 53 29 sie!
679 2691 38 28 Er
731 2691 61 29 that
806 2691 66 29 alles
886 2691 96 35 selbst,
998 2700 29 19 er
1041 2690 63 30 liefs

1187 367 60 29 sich
1274 367 92 28 nichts
1395 367 84 33 thun,
1508 376 32 18 so
1567 366 89 29 leicht
1681 376 30 18 er
1731 367 48 28 das
1801 367 130 38 gekonnt
1950 368 87 30 hätte.

1186 430 37 3 —
1244 412 60 28 Der
1321 411 70 35 Jean
1410 411 71 28 hielt
1501 411 60 28 sich
1586 420 127 19 stramm.
1757 412 69 27 Man
1851 411 108 30 mufste
1983 413 51 28 ihn

1185 457 102 30 fahren
1307 456 100 34 sehen,
1431 466 49 18 um
1506 456 50 27 ihn
1580 464 38 19 zu
1641 455 189 29 bewundern.
1877 456 36 28 Er
1939 457 96 29 stand

1184 503 102 29 immer
1307 500 51 30 auf
1374 500 108 29 seinem
1502 500 127 38 Wagen.
1669 499 71 29 Und
1760 510 68 18 man
1847 500 107 30 mufste
1976 501 59 29 den

1182 549 70 35 Jean
1271 547 94 38 gehen
1385 546 98 33 sehen,
1503 555 50 18 um
1574 554 37 19 zu
1625 544 112 34 wissen,
1759 544 61 28 dafs
1841 555 32 18 er
1893 545 46 29 ein
1954 547 60 33 „An-

1308 600 67 21 war.
1403 590 38 28 Er
1460 590 79 28 hatte
1561 588 80 29 nicht
1662 588 57 29 den
1735 589 157 35 schweren,
1913 599 103 30 tappen-

1186 638 57 29 den
1264 637 85 38 Gang
1370 636 50 28 der
1442 633 161 38 Gebirgler,
1629 643 30 18 er
1680 633 102 29 schritt
1805 634 90 34 rasch,
1921 635 112 36 gerade,

1184 682 209 38 kerzengerade
1417 680 53 29 mit
1496 678 165 39 gehobener
1682 679 92 27 Brust.
1820 678 37 28 Er
1881 678 79 29 stiefs
1985 679 47 28 nie

1186 739 44 25 an,
1251 737 31 20 er
1302 726 139 39 stolperte
1461 724 54 29 nie.
1549 724 33 28 In
1602 722 109 29 seinem
1724 722 83 29 Tritt
1826 732 59 19 war
1903 723 128 39 Tempo.

1186 775 80 29 Aber
1287 772 71 30 auch
1372 770 88 35 Kraft,
1481 768 61 30 und
1557 768 79 29 noch
1655 768 82 28 mehr
1752 767 280 30 Selbstbewufstsein

1186 821 44 38 lag
1249 818 87 30 darin.

1244 866 60 29 Der
1324 860 238 34 Gutsverwalter,
1582 858 31 29 in
1633 857 108 29 seinem
1763 857 100 29 besten
1878 858 83 34 Staat,
1983 858 47 28 sah

1188 913 95 29 neben
1303 910 66 29 dem
1379 908 69 37 Jean
1467 906 55 30 wie
1543 903 48 30 ein
1611 902 213 39 gewöhnlicher
1839 902 113 28 Knecht
1972 912 57 19 aus.

1186 960 60 29 Der
1263 958 69 36 Jean
1352 955 78 29 hätte
1454 952 51 28 der
1525 948 77 32 Graf
1626 947 87 30 selbst
1741 947 60 28 sein
1828 947 122 28 können.
1991 947 38 28 Er

1187 1005 77 29 hatte
1284 1003 114 36 Augen,
1419 998 45 30 die
1484 995 133 31 förmlich
1638 993 130 39 glühten,
1795 991 46 30 die
1868 992 65 28 alles
1957 991 57 29 fest-

1186 1050 115 34 hielten,
1322 1046 46 30 die
1388 1045 65 29 alles
1473 1042 126 31 lenkten.
1629 1039 106 29 Wenn
1755 1047 30 19 er
1805 1037 72 29 über
1891 1037 58 29 den
1963 1036 69 30 Hof

1187 1096 113 33 schritt,
1331 1091 117 39 entging
1476 1089 59 29 ihm
1564 1085 107 34 nichts,
1698 1093 87 19 wenn
1816 1092 30 20 er
1878 1082 72 29 über
1981 1081 47 30 die

1187 1141 102 31 Strafse
1311 1140 74 39 ging,
1405 1145 80 25 wars,
1505 1134 37 28 als
1564 1132 83 39 ginge
1668 1139 30 19 er
1715 1129 91 28 allein.
1839 1128 37 28 Er
1890 1137 58 19 war
1961 1127 66 29 kein

1186 1189 109 28 Diener
1315 1184 59 30 und
1394 1182 65 30 kein
1479 1179 123 30 Ducker.
1636 1176 60 29 Der
1713 1174 67 37 Jean
1802 1183 58 19 war
1880 1173 47 28 ein
1942 1173 85 29 Herr.

1244 1234 37 28 Er
1301 1240 59 21 war
1379 1226 122 35 Knecht,
1521 1225 66 29 aber
1608 1231 75 20 wem
1707 1219 48 30 fiel
1782 1218 47 30 das
1856 1218 59 29 ein!
1956 1217 54 29 Nie-

1187 1280 85 31 mand
1293 1277 100 30 dachte
1415 1274 91 28 daran.
1546 1270 38 28 Er
1604 1276 71 20 wars
1702 1275 44 19 am
1767 1262 204 32 Gesindetisch
1993 1280 33 3 —

1186 1326 61 30 und
1267 1325 34 29 da
1327 1321 53 31 safs
1406 1329 30 20 er
1463 1317 90 29 oben!
1576 1333 32 3 -
1632 1320 81 23 sonst
1739 1319 58 20 war
1824 1318 44 21 ers
1895 1309 55 29 nie.
1991 1309 37 28 Er

1187 1382 59 21 war
1271 1371 50 29 der
1488 1363 95 29 Unser
1727 1365 97 30 sagten
1838 1355 46 28 die
1898 1354 130 29 Knechte

1186 1418 62 30 und
1255 1417 45 29 die
1309 1413 105 40 Mägde
1421 1427 37 6 -
1464 1409 69 36 „der
1713 1401 71 32 hiefs
1793 1410 30 20 er
1829 1400 31 29 in
1867 1400 161 29 Buchenau.

1245 1463 54 30 Die
1320 1459 105 40 Mägde
1446 1463 96 22 waren
1562 1449 129 33 sämtlich
1712 1449 29 28 in
1761 1448 50 29 ihn
1830 1445 198 34 verschossen,

1186 1510 47 28 die
1260 1507 145 31 Mädchen
1431 1511 61 21 von
1520 1497 154 32 Buchenau
1703 1498 145 25 träumten
1874 1500 61 20 von
1960 1489 68 30 ihm.

1185 1555 39 28 Er
1244 1555 78 29 hätte
1344 1553 38 29 sie
1403 1548 76 39 billig
1499 1545 55 31 wie
1568 1542 135 30 Wecken
1724 1539 90 30 haben
1835 1537 125 34 können,
1982 1534 46 30 die

1186 1610 100 19 armen
1306 1598 55 30 wie
1381 1596 45 30 die
1440 1593 124 31 reichen.
1598 1588 36 29 Er
1656 1586 97 30 wollte
1773 1583 91 30 keine.
1897 1582 38 28 Er
1949 1582 78 28 hatte

1186 1646 97 29 keiner
1308 1642 87 40 Magd
1423 1639 77 31 noch
1526 1637 85 28 einen
1636 1629 214 41 verlangenden
1876 1627 78 30 Blick
1978 1636 34 19 zu-

1187 1690 162 41 geworfen,
1377 1687 61 31 wie
1459 1695 30 19 er
1513 1683 39 29 sie
1578 1679 71 30 auch
1675 1678 93 29 schon
1794 1674 126 40 gesehen
1943 1673 84 29 hatte.

1186 1738 71 29 Und
1283 1736 94 30 nichts
1402 1735 78 29 hatte
1506 1728 45 30 bei
1576 1727 60 29 ihm
1662 1723 172 38 verfangen,
1861 1729 68 20 wies
1956 1718 72 29 auch

1186 1783 121 30 manche
1328 1781 92 30 schon
1440 1775 129 40 angelegt
1589 1773 85 29 hatte.
1714 1769 74 29 Kein
1801 1766 146 31 Mädchen
1967 1773 61 20 von

1185 1829 155 29 Buchenau
1366 1826 109 28 konnte
1503 1819 60 31 sich
1589 1818 92 29 seiner
1708 1815 99 29 Gunst
1837 1812 134 33 rühmen,
1998 1818 31 20 er

1186 1874 49 30 sah
1244 1874 64 38 jede
1320 1882 33 20 so
1365 1870 72 31 stolz
1452 1866 59 31 und
1525 1863 185 39 unbefangen
1723 1861 53 30 mit
1790 1859 98 30 seinen
1899 1855 130 31 scharfen

1185 1921 107 37 Augen
1319 1928 47 24 an,
1393 1915 37 29 als
1458 1913 77 29 seien
1566 1909 40 29 sie
1637 1908 51 30 alle
1710 1907 91 39 gleich
1830 1905 98 33 schön,
1959 1902 70 29 oder

1184 1965 93 38 gleich
1304 1961 126 32 häfslich.
1475 1957 65 30 Alle
1565 1964 97 21 waren
1688 1953 40 30 sie
1754 1953 58 29 ihm
1840 1948 190 42 gleichgültig.

1243 2011 69 28 Man
1339 2016 76 29 sagte
1437 2004 85 34 dann,
1544 2012 31 19 er
1595 2001 73 30 habe
1688 2000 86 29 einen
1791 1998 100 30 Schatz
1912 1996 119 35 „überm

1326 2054 66 29 dem
1413 2050 40 30 sei
1473 2059 30 19 er
1525 2056 72 22 treu.

1242 2083 176 46 Ausserdem
1438 2113 38 5 —
1497 2104 66 20 man
1582 2101 108 22 musste
1710 2092 58 29 den
1785 2090 71 37 Jean
1882 2087 78 30 noch
1987 2095 44 20 am

1183 2147 130 37 Sonntag
1335 2145 101 33 sehen,
1462 2150 88 21 wenn
1575 2149 30 19 er
1630 2139 40 28 im
1690 2137 165 30 Wirtshaus
1883 2143 66 20 war.
1988 2132 44 29 Da

1183 2201 59 20 war
1263 2201 30 20 er
1315 2189 150 31 vornehm.
1506 2188 43 29 Da
1575 2184 112 41 rüpelte
1712 2193 30 19 er
1768 2182 88 35 nicht,
1882 2179 35 29 da
1940 2178 90 29 schrie

1183 2247 31 19 er
1235 2237 89 29 nicht.
1365 2236 39 29 Er
1424 2233 54 31 safs
1499 2242 54 20 vor
1579 2231 107 30 seinem
1707 2228 64 31 Bier
1796 2227 60 29 und
1876 2227 83 28 hörte
1986 2233 45 24 zu,

1183 2283 105 39 gerade
1310 2283 36 28 als
1368 2281 107 39 gehöre
1496 2288 30 20 er
1547 2277 80 30 nicht
1647 2286 37 19 zu
1704 2275 58 29 den
1781 2274 122 31 Leuten,
1929 2270 37 29 als
1991 2268 40 29 sei

1183 2338 31 19 er
1235 2338 54 19 nur
1316 2327 115 38 zufällig
1458 2333 86 21 unter
1571 2323 40 29 sie
1638 2330 116 31 geraten
1784 2318 61 30 und
1872 2316 86 29 suche
1985 2314 48 29 auf

1183 2382 68 29 gute
1282 2373 57 29 Art
1368 2371 54 30 mit
1450 2371 90 29 ihnen
1569 2368 232 30 auszukommen.
1850 2362 51 30 Als
1932 2360 40 29 sei
1999 2368 32 20 er

1183 2418 106 29 andere
1315 2415 193 32 Gesellschaft
1531 2413 146 40 gewöhnt.
1722 2410 69 29 Und
1816 2405 138 36 wirklich,
1978 2404 52 28 der

1183 2464 181 29 Schullehrer
1385 2471 90 20 setzte
1497 2460 60 29 sich
1581 2468 38 19 zu
1646 2458 72 33 ihm,
1746 2455 50 28 der
1817 2450 211 32 Bahnassistent

1183 2509 61 28 und
1265 2509 52 28 der
1337 2506 210 33 Postassistent,
1569 2504 53 28 der
1642 2498 230 33 Gutsverwalter
1896 2495 60 30 und
1978 2494 50 28 der

1183 2552 320 31 Gemeindeschreiber.
1550 2550 37 28 Er
1614 2557 58 19 war
1701 2546 89 30 ihnen
1819 2543 52 28 der

1182 2600 62 29 und
1265 2609 67 19 man
1353 2598 136 28 brauchte
1510 2595 59 29 sich
1590 2593 80 29 nicht
1690 2601 36 19 zu
1746 2590 135 28 schämen
1895 2586 52 28 mit
1960 2584 67 29 ihm.

1183 2645 37 29 Er
1241 2644 111 40 sprach,
1374 2652 57 19 was
1452 2651 30 19 er
1503 2637 143 35 verstand,
1665 2636 62 29 und
1748 2643 56 21 was
1826 2642 30 19 er
1871 2631 79 29 nicht
1965 2637 47 20 ver-

1183 2690 90 35 stand,
1293 2689 100 29 redete
1422 2697 31 18 er
1481 2686 87 28 nicht.
1609 2683 88 28 Hatte
1726 2690 31 18 er
1785 2678 59 29 sich
1870 2676 66 29 aber
1962 2673 64 29 eine

1221 2864 0 0 213
