2532 3279
503 337 95 27 Musik.
628 339 64 25 Man
716 338 67 27 kann
804 339 124 27 vielleicht
952 340 117 26 manches
1094 341 26 25 in
1145 341 82 25 seinen
1251 339 109 27 Blättern

502 376 92 32 finden,
610 377 42 27 das
666 388 57 16 man
738 378 100 37 geneigt
852 382 68 24 wäre
934 379 48 27 auf
991 380 66 26 diese
1068 378 174 28 Leidenschaft
1256 379 90 26 zurück-

503 415 134 29 zuführen:
657 427 75 27 vage,
751 417 151 28 traumhafte
919 419 110 31 Inhalte,
1048 419 80 27 denen
1146 435 39 4 —
1203 419 51 27 wie
1273 419 26 25 in
1318 418 43 26 der

501 455 88 28 Musik
611 472 33 4 —
668 458 40 25 ein
729 458 145 31 sinnlicher,
897 468 205 17 unverworrener
1122 458 155 26 technischer
1294 459 51 25 Aus-

502 495 79 27 druck
596 497 25 25 in
636 496 47 27 den
697 498 86 26 Linien
798 498 109 36 gegeben
922 498 39 26 ist.
988 498 127 26 Welchen
1129 498 165 26 Litteraturen
1308 496 52 37 galt

501 535 140 36 Beardsleys
652 537 129 27 Vorliebe?
802 539 28 24 In
841 537 40 27 der
892 537 150 27 Knabenzeit
1056 546 86 17 waren
1157 546 23 16 es
1195 535 151 27 Abenteurer-

500 585 102 17 romane
621 575 79 28 neben
714 576 56 27 dem
785 576 82 27 Leben
884 576 43 26 der
941 575 130 37 Heiligen,
1090 575 66 26 dann
1174 585 87 16 waren
1279 585 23 16 es
1321 575 40 25 die

501 614 65 27 alten
588 616 139 36 englischen
748 614 171 33 Dramatiker,
941 615 39 27 die
1002 617 102 35 Gruppe
1124 624 44 16 um
1186 614 174 36 Shakespeare.

500 656 83 35 Später
598 655 64 26 wird
677 665 24 16 es
715 655 40 26 die
769 653 167 28 französische
957 653 52 27 und
1028 653 125 36 englische
1168 653 133 26 Litteratur
1319 653 42 26 des

505 695 41 26 iB.
560 694 189 34 Jahrhunderts,
771 694 40 25 die
832 695 45 25 ihn
897 694 99 25 anzieht
1016 693 53 26 und
1090 692 84 27 bildet.
1207 692 75 26 Auch
1295 695 66 32 jener

500 735 101 35 Gruppe
622 734 42 26 der
682 735 134 25 Franzosen
837 734 31 24 ist
890 733 70 25 nicht
979 741 30 17 zu
1030 741 140 26 vergessen,
1192 730 40 27 die
1252 741 60 16 man
1333 741 28 16 so

500 773 164 26 summarisch
688 773 40 26 die
742 771 163 27 Dekadenten
925 778 89 24 nennt,
1040 770 156 31 Baudelaire,
1218 769 143 30 Mallarme,

500 813 126 30 Verlaine,
654 812 78 26 Henri
759 811 31 26 de
816 812 108 34 Regnier
950 810 74 26 liebte
1051 819 24 16 er
1105 808 140 27 besonders.
1285 808 76 26 Doch

499 862 56 17 war
580 851 66 27 seine
673 851 123 35 Neigung
822 849 42 27 für
887 849 40 26 die
954 849 92 26 älteren
1069 849 165 25 Litteraturen
1258 846 103 30 stärker,

501 890 40 27 die
555 890 104 27 antiken
673 890 35 26 las
722 899 25 16 er
765 905 37 3 —
817 890 51 25 wie
881 887 66 36 jeder
960 887 194 36 wohlerzogene
1168 885 142 37 Engländer
1322 900 40 4 —

500 930 27 26 in
541 929 42 27 der
597 929 229 36 Originalsprache.
860 927 141 35 Beardsleys
1015 926 109 26 Freunde
1144 934 85 18 waren
1251 930 110 20 erstaunt

501 968 60 27 über
574 969 65 25 seine
654 967 166 30 Belesenheit,
841 967 40 25 die
902 966 153 35 keineswegs
1074 966 54 24 eine
1142 963 84 37 grofse
1240 963 121 26 Kenntnis

500 1017 50 17 von
565 1006 183 28 Buchinhalten
770 1006 75 26 allein
865 1015 66 22 war;
950 1014 59 17 man
1028 1010 123 20 erstaunte
1170 1003 59 26 über
1243 1001 40 27 die
1297 1000 65 27 feine

500 1046 135 36 Ordnung,
646 1045 48 27 den
704 1045 111 27 schönen
826 1045 193 25 harmonischen
1027 1043 143 26 Verbrauch
1181 1041 78 26 dieser
1267 1043 80 24 Kennt-

500 1087 64 24 nisse
578 1085 40 26 bei
628 1084 98 27 solcher
736 1083 103 36 Jugend.
860 1083 93 26 Nichts
967 1083 35 25 las
1016 1092 33 21 er,
1063 1083 82 25 nichts
1160 1080 85 27 erfuhr
1259 1079 53 26 und
1326 1089 25 16 er-

500 1124 65 27 lebte
580 1134 33 21 er,
627 1124 43 26 das
685 1124 53 26 sich
751 1123 70 26 nicht
836 1122 94 26 seinem
943 1122 88 26 bereits
1046 1120 169 27 Erworbenen
1229 1118 134 37 organisch

500 1162 130 37 eingefügt
650 1163 76 25 hätte.
755 1164 32 23 Er
806 1161 93 27 kannte
914 1161 72 26 keine
1000 1158 168 37 Verblüffung
1181 1158 53 27 und
1249 1164 114 31 spottete,

500 1212 77 17 wenn
592 1202 89 26 andere
695 1210 51 17 von
760 1201 102 26 inneren
876 1200 155 36 Gährungen
1046 1199 127 37 sprachen.
1188 1214 37 4 —

559 1243 65 24 Wer
638 1241 39 25 die
692 1239 87 27 beiden
793 1239 83 27 Bände
890 1239 41 26 des
943 1241 86 24 Morte
1038 1238 119 27 d'Arthur
1171 1238 27 26 in
1208 1239 79 25 Dents
1297 1238 51 25 Aus-

501 1281 63 36 gabe
585 1279 194 31 durchblättert,
799 1278 66 27 wird
891 1284 110 20 erstaunt
1019 1278 53 26 sein
1091 1277 60 26 über
1169 1277 41 26 die
1226 1276 69 27 Fülle
1313 1285 52 16 von

502 1319 135 29 Schmuck,
652 1319 48 25 den
715 1318 41 26 der
767 1318 208 36 zwanzigjährige
982 1316 131 35 Beardsley
1123 1316 54 27 hier
1187 1315 111 37 gegeben
1308 1315 56 31 hat;

501 1359 43 26 der
561 1357 105 27 Einflufs
691 1357 42 26 der
752 1356 212 36 Praeraphaeliten
981 1372 39 4 —
1037 1354 131 27 besonders
1190 1353 173 35 Burne-Jones'

504 1414 34 4 —
554 1398 30 26 ist
599 1396 125 30 deutlich,
742 1396 57 26 aber
818 1396 47 25 mit
883 1395 110 26 welcher
1011 1395 131 25 Phantasie
1160 1394 56 26 sind
1235 1393 65 27 diese
1314 1403 51 17 von

501 1437 43 26 der
555 1436 89 26 Schule
659 1435 146 36 gebilligten
815 1437 106 23 Formen
936 1432 94 32 erfüllt,
1044 1443 30 16 zu
1085 1433 110 26 welcher
1207 1432 157 27 Dekoration

501 1475 43 27 das
560 1477 139 24 Ornament
714 1474 142 36 gesteigert!
886 1474 89 25 Hierin
992 1473 43 26 hat
1050 1472 129 35 Beardsley
1193 1473 67 24 seine
1274 1472 90 26 Lehrer

501 1513 164 31 übertroffen,
679 1523 77 17 wenn
770 1523 25 16 er
806 1514 65 25 auch
882 1513 71 25 ihren
963 1512 159 25 Intentionen
1133 1510 74 37 folgt.
1229 1511 59 25 Und
1299 1510 65 26 diese

501 1552 177 37 Gefolgschaft
693 1552 88 27 wurde
796 1553 54 25 ihm
864 1551 122 27 während
1006 1551 41 25 der
1061 1550 86 26 Arbeit
1168 1550 74 36 lästig
1262 1566 41 3 —
1322 1549 43 26 der

501 1593 89 26 zweite
602 1591 68 27 Band
682 1592 31 25 ist
724 1591 53 26 voll
788 1590 245 35 Wiederholungen,
1048 1599 25 16 er
1086 1590 83 34 bringt
1180 1590 87 34 wenig
1278 1597 86 24 neues;

503 1631 130 35 Beardsley
639 1630 58 27 läfst
704 1631 166 32 Burne-Jones
875 1628 85 30 fallen,
966 1629 85 26 behält
1055 1638 50 16 von
1111 1629 62 29 ihm,
1179 1637 53 16 was
1238 1628 78 24 seiner
1321 1628 45 24 Art

502 1677 86 29 zusagt
603 1670 51 26 und
670 1669 65 26 stellt
749 1669 53 26 sich
816 1674 73 20 unter
903 1669 72 25 einen
989 1677 80 16 neuen
1084 1665 116 27 Einflufs.
1228 1666 79 25 Darin
1322 1664 29 26 be-

503 1709 71 26 stand
589 1709 39 26 die
639 1708 163 36 Originalität
817 1707 76 26 dieses
908 1717 28 15 so
951 1716 62 26 ganz
1024 1704 186 36 unoriginalen,
1224 1704 89 25 immer
1323 1703 29 25 be-

503 1747 144 27 einflufsten
661 1746 140 31 Künstlers,
826 1745 54 27 dafs
894 1756 25 16 er
932 1755 52 17 von
998 1745 46 26 Stil
1062 1754 30 16 zu
1107 1743 46 26 Stil
1171 1741 112 38 gehend,
1305 1751 62 17 vom

503 1787 93 26 älteren
610 1787 92 35 einiges
715 1785 94 31 behält,
825 1785 50 26 dies
889 1785 47 26 mit
951 1785 41 25 der
1003 1793 82 17 neuen
1095 1777 161 39 Entlehnung
1267 1780 100 30 mischt,

503 1826 43 26 das
555 1828 83 24 Ganze
649 1824 94 27 wieder
754 1824 37 27 bis
804 1823 48 28 auf
859 1824 40 26 ein
910 1824 110 35 weniges
1031 1822 121 36 aufgiebt,
1163 1830 45 16 um
1219 1820 46 25 mit
1275 1819 92 26 diesem

503 1865 95 26 wieder
611 1866 54 24 eine
679 1873 63 16 neue
756 1864 139 35 Mischung
908 1863 47 26 mit
969 1863 83 25 einem
1065 1871 81 17 neuen
1161 1858 105 28 Einflufs
1280 1868 31 16 zu
1325 1857 28 27 be-

503 1905 86 25 reiten.
623 1906 31 23 Er
669 1905 70 25 ahmt
754 1904 88 24 immer
856 1902 65 26 nach
936 1901 51 27 und
1002 1902 31 26 ist
1047 1900 77 28 selber
1138 1897 229 31 unnachahmlich;

504 1953 59 16 man
582 1942 80 31 fühlt,
681 1952 60 16 man
759 1945 68 33 spürt
842 1942 66 25 seine
922 1940 163 37 Originalität
1100 1939 51 27 und
1166 1939 68 26 kann
1249 1938 34 26 sie
1297 1936 70 26 nicht

503 1983 151 25 bestimmen
668 1982 51 25 wie
734 1982 39 25 ihr
787 1980 140 36 Gegenteil.
947 1980 91 25 Neben
1050 1980 165 32 Burne-Jones
1229 1976 54 27 und
1293 1978 56 24 Man-

504 2027 88 30 tegna,
608 2030 50 17 von
673 2020 57 26 dem
744 2029 37 22 er,
804 2020 65 26 auch
884 2022 92 33 später,
990 2019 108 31 „immer
1112 2018 68 26 noch
1195 2015 172 28 Geheimnisse

618 2060 52 26 wie
684 2068 25 17 er
726 2059 74 25 selbst
819 2065 82 29 sagte,
919 2058 55 25 sind
989 2067 23 16 es
1027 2058 26 25 in
1067 2056 126 27 derselben
1207 2055 55 26 Zeit
1276 2054 39 25 die
1328 2055 26 31 Ja-

505 2108 83 28 paner,
603 2099 40 26 die
657 2099 44 25 ihn
715 2097 124 36 gefangen
853 2098 122 29 nehmen,
989 2096 46 26 ihn
1048 2096 98 31 lehren,
1160 2095 40 26 die
1214 2093 86 27 früher
1313 2092 44 26 flie-

503 2138 98 36 genden
615 2138 51 25 und
681 2137 197 36 schwingenden
893 2136 87 26 Linien
999 2136 26 25 in
1046 2135 40 26 die
1101 2132 123 29 Groteske
1238 2142 30 16 zu
1282 2131 85 26 ziehen

504 2177 51 26 und
570 2177 54 26 ihm
638 2177 55 26 eine
706 2176 74 26 Liebe
794 2186 58 16 zum
867 2175 83 26 Detail
964 2174 154 36 beibringen,
1131 2174 41 25 die
1183 2171 130 34 Beardsley
1327 2171 40 24 nie

505 2216 119 27 verlassen
643 2215 51 27 hat.
729 2216 53 25 Aus
797 2215 77 26 dieser
887 2215 55 26 Zeit
957 2214 55 26 sind
1026 2214 40 26 die
1080 2213 92 26 Blätter
1186 2213 45 30 ,La
1246 2209 121 27 Comedie

505 2265 49 16 aux
567 2254 96 27 Enfers'
677 2254 53 26 und
741 2254 63 31 ,The
818 2253 117 35 birthday
949 2252 32 28 of
991 2254 71 25 Mmc
1077 2251 103 37 Cigale'.
1214 2252 85 24 Kaum
1312 2247 55 28 dafs

505 2294 67 26 diese
578 2293 121 27 Einflüsse
707 2292 173 37 festgehalten,
892 2293 101 25 werden
1004 2292 33 26 sie
1049 2292 65 26 auch
1125 2290 79 26 schon
1215 2298 52 17 von
1276 2287 91 28 andern

505 2333 78 26 Stilen
594 2331 132 38 abgelöfst.
747 2331 58 28 Und
816 2332 50 26 dies
874 2331 54 27 sind
936 2331 70 26 nicht
1013 2330 119 36 zufällige
1140 2328 181 36 Aenderungen
1331 2343 34 4 —

505 2372 42 26 das
569 2375 69 22 wäre
659 2371 177 26 dilettantisch.
878 2370 56 27 Alle
954 2370 135 30 Einflüsse,
1111 2369 39 26 die
1172 2366 47 29 auf
1236 2366 131 35 Beardsley

505 2410 107 32 wirken,
627 2410 55 26 sind
694 2411 26 25 in
731 2411 77 25 seiner
818 2412 55 29 Art,
885 2409 39 27 die
936 2420 24 16 er
970 2409 158 30 mitbrachte,
1142 2408 41 26 die
1194 2417 24 16 er
1229 2407 34 26 als
1274 2408 78 23 Unter-

505 2450 82 36 grund
607 2451 82 30 hatte,
710 2449 158 36 vorbedingt.
903 2451 31 24 Es
953 2449 31 26 ist
997 2448 51 27 wie
1068 2448 39 26 ein
1122 2447 177 26 schrittweises
1312 2447 37 24 An-

505 2491 94 25 nähern
610 2499 32 16 an
652 2490 52 24 sein
715 2488 76 31 Ideal,
805 2489 43 25 das
859 2497 31 17 zu
902 2488 124 25 erreichen
1038 2497 25 16 er
1073 2487 40 26 die
1124 2491 80 21 zuerst
1218 2484 149 31 befreiende,

505 2529 68 26 dann
587 2527 150 31 drückende,
752 2528 32 26 da
798 2527 56 27 aber
865 2527 65 26 auch
941 2527 78 25 schon
1030 2526 134 26 verlassene
1175 2524 80 27 Hülfe
1266 2524 101 27 anderer

505 2567 114 27 braucht.
654 2569 50 24 Das
718 2567 66 26 Ideal
798 2567 31 25 ist
843 2567 39 25 die
897 2568 80 24 Kunst
991 2566 27 25 in
1032 2566 115 25 Schwarz
1161 2564 52 27 und
1227 2563 84 27 Weifs
1328 2579 39 3 —

506 2607 70 25 nicht
590 2607 26 25 in
631 2606 42 26 der
688 2607 45 26 Art
748 2605 127 36 Klingers,
893 2605 108 26 sondern
1016 2605 25 25 in
1056 2604 42 26 der
1112 2603 148 35 Beardsleys.
1294 2602 73 27 Diese

507 2646 43 30 ist,
570 2646 64 26 seine
648 2645 161 35 Darstellung
828 2645 71 25 nicht
916 2653 48 17 nur
981 2642 47 27 frei
1042 2653 50 16 von
1113 2643 74 25 allem
1200 2641 167 27 Malerischen

1439 339 51 26 und
1501 338 142 37 Zufälligen
1654 349 30 16 zu
1699 339 113 31 machen,
1827 338 107 27 sondern
1948 338 48 27 den
2007 337 159 37 Gegenstand
2177 338 26 25 in
2214 338 85 24 Essenz

1439 389 29 16 zu
1483 378 78 37 geben
1575 379 46 25 mit
1635 379 48 25 den
1697 378 102 26 Mitteln
1813 377 42 27 der
1870 379 70 25 Linie
1953 378 52 26 und
2020 377 58 26 dem
2092 376 54 27 Ziel
2158 376 43 26 der
2212 373 70 28 Deko-

1439 418 94 30 ration,
1553 418 57 25 dem
1625 418 129 25 Verzieren
1774 418 64 25 eines
1853 416 105 27 weifsen
1973 416 90 27 Blattes
2078 416 93 36 Papier.
2205 416 29 25 In
2253 413 47 25 den

1439 458 110 25 Blättern
1562 466 44 17 aus
1621 457 77 26 seiner
1712 456 88 26 letzten
1814 456 64 31 Zeit,
1892 456 44 25 der
1949 456 152 35 ,Lysistrata'
2115 465 20 16 z.
2150 456 26 25 B.
2191 452 96 29 verzich-

1439 503 35 19 tet
1488 496 130 35 Beardsley
1632 494 48 27 auf
1691 495 64 26 allen
1763 494 180 37 Hintergrund.
1953 510 34 4 —
1997 496 64 24 Was
2072 494 45 26 ihn
2128 492 172 28 weiterführte

1439 545 87 17 waren
1539 544 54 17 nun
1605 534 125 27 Whistler
1743 534 51 25 und
1808 534 39 26 die
1862 533 101 27 antiken
1977 532 169 27 Vasenbilder.
2178 534 49 24 Das
2241 533 45 24 Por-

1440 577 49 23 trät
1499 574 43 26 der
1551 575 72 25 Mmc
1633 574 93 34 Rejane
1741 573 67 35 giebt
1822 573 163 30 ,whistlered'
1998 571 139 35 Beardsley.
2162 571 48 26 Die
2221 569 80 28 Bilder

1439 623 31 16 zu
1486 615 75 35 Popes
1572 611 183 32 ,Lockenraub'
1769 613 84 35 zeigen
1867 612 45 25 ihn
1925 612 27 25 in
1962 612 67 25 einer
2038 620 81 16 neuen
2129 609 171 34 Vollendung.

1439 654 64 25 Nun
1516 652 85 26 halten
1616 652 40 25 die
1670 651 102 26 Maitres
1787 651 155 26 debonneurs
1958 650 40 26 des
2018 650 39 26 18.
2068 648 176 35 Jahrhunderts
2259 647 41 26 das

1440 702 28 15 so
1483 690 39 27 oft
1536 690 113 37 getaufte
1659 690 68 27 Kind
1743 691 60 26 über
1814 691 41 26 das
1868 690 103 26 Becken.
2000 690 60 25 Dies
2074 690 31 24 ist
2118 698 28 16 so
2162 689 124 35 eigentüm-

1440 730 51 26 lich
1502 730 39 26 bei
1551 730 92 26 diesem
1654 729 128 26 Künstler:
1797 739 25 16 er
1836 729 85 26 ändert
1935 728 52 26 sich
2001 728 53 26 und
2068 737 60 16 man
2142 726 104 27 erkennt
2257 726 44 26 ihn

1440 769 83 26 sofort
1537 769 103 30 wieder,
1652 769 43 26 das
1710 769 39 29 ist,
1764 778 25 16 er
1804 769 70 25 ahmt
1888 768 70 26 nicht
1972 768 73 29 nach,
2057 767 106 25 sondern
2174 766 63 26 lernt
2251 764 49 27 sein

1439 810 95 24 Wesen
1553 818 31 16 an
1603 807 57 27 dem
1674 807 165 27 Verwandter
1858 806 144 27 entdecken.
2025 823 34 2 —
2082 806 47 25 Ein
2150 815 28 15 so
2199 804 101 26 subtiler

1440 846 116 27 Künstler
1564 846 50 27 wie
1622 846 129 35 Beardsley
1763 846 51 36 legt
1821 847 76 25 Wert
1904 845 49 27 auf
1958 845 39 26 die
2004 846 46 25 Art
2057 845 78 25 seiner
2142 845 158 34 Signierung.

1440 887 87 25 Zuerst
1537 884 176 28 unterschreibt
1720 895 26 16 er
1756 885 66 26 seine
1830 885 149 35 Zeichnung
1985 884 46 26 mit
2040 884 77 25 seiner
2124 880 176 29 Handschrift:

1440 924 102 34 Aubrey
1556 925 32 26 Y.
1603 923 129 36 Beardsley
1747 940 38 4 —
1799 923 68 27 dann
1881 923 57 27 fällt
1952 923 42 26 das
2009 924 22 25 V
2046 932 67 25 weg,
2126 923 77 34 Japan
2217 922 83 34 bringt

1440 963 40 26 die
1491 963 140 26 stilisierten
1642 962 173 27 Samenballen
1829 962 42 27 der
1881 962 143 35 Tussilago,
2040 962 40 25 ein
2090 956 117 35 Zeichen,
2223 961 41 25 das
2275 960 26 25 in

1441 1002 93 26 reicher
1549 1002 61 26 oder
1620 1001 96 27 minder
1726 1001 93 27 reicher
1829 1000 168 37 Ausführung
2006 1000 73 36 lange
2089 1000 136 35 gebraucht
2236 997 65 28 wird

1441 1050 91 26 wegen
1552 1041 77 25 seines
1650 1041 189 26 ornamentalen
1859 1041 93 26 Reizes.
1994 1039 57 27 Auf
2071 1039 98 36 einigen
2193 1039 109 26 Blättern

1441 1079 77 26 findet
1533 1080 52 25 sich
1599 1079 41 26 ein
1654 1089 63 26 ganz
1735 1079 126 26 dürerisch
1879 1079 140 36 gehaltenes
2034 1078 98 35 Signet,
2151 1076 150 27 schliefslich

1441 1127 48 17 nur
1504 1118 69 26 mehr
1587 1118 27 26 in
1627 1118 168 36 Marginalien
1809 1119 132 26 AVBREY
1956 1117 197 27 BEARDSLEY.

1500 1158 62 25 Wie
1576 1157 89 26 immer
1679 1157 64 26 auch
1759 1157 39 26 die
1812 1158 156 35 Meinungen
1983 1156 59 26 über
2056 1156 47 26 den
2115 1155 116 27 Künstler
2245 1163 43 18 aus-

1443 1197 206 35 einandergehen,
1660 1196 70 26 darin
1741 1197 55 26 sind
1808 1197 48 26 alle
1866 1197 75 35 einig,
1953 1194 54 27 dafs
2019 1194 129 35 Beardsley
2159 1195 40 25 ein
2210 1193 79 27 aufser-

1443 1235 167 27 ordentlicher
1623 1236 120 26 Zeichner
1756 1246 63 20 war,
1834 1235 52 27 dafs
1902 1245 25 16 er
1941 1235 39 25 die
1995 1233 170 27 ornamentale
2176 1233 70 27 Linie
2261 1232 28 26 be-

1443 1275 125 27 herrschte
1588 1275 52 26 wie
1660 1276 108 34 wenige.
1802 1275 60 26 Eine
1876 1275 54 25 Zeit
1945 1274 59 36 lang
2019 1273 89 26 drohte
2122 1282 25 17 er
2161 1272 76 27 dieses
2251 1271 51 26 sein

1443 1317 107 24 Können
1565 1313 73 27 selbst
1651 1324 31 16 zu
1696 1318 133 26 zerstören,
1843 1315 27 24 in
1880 1313 41 26 der
1931 1313 64 30 Zeit,
2010 1312 31 26 da
2055 1322 25 15 er
2094 1312 52 25 sich
2160 1317 73 20 unter
2246 1310 57 26 dem

1443 1353 106 27 Einflufs
1563 1354 43 25 der
1617 1354 103 36 Japaner
1735 1354 42 25 der
1789 1354 98 25 Tusche
1901 1351 122 27 bediente.
2057 1351 76 25 Doch
2152 1350 72 26 rasch
2241 1348 61 27 fand

1444 1404 24 16 er
1485 1392 42 27 das
1547 1393 53 25 ihm
1620 1392 84 36 eigene
1722 1392 85 26 Mittel
1824 1391 102 28 wieder.
1965 1389 131 36 Beardsley
2114 1389 125 26 zeichnete
2260 1388 42 26 das

1442 1432 65 27 Blatt
1526 1438 78 20 zuerst
1623 1432 48 26 mit
1684 1430 118 31 Bleistift,
1823 1431 47 26 alle
1884 1429 132 27 Entwürfe
2033 1428 52 26 und
2100 1427 203 37 Möglichkeiten

1443 1470 47 27 auf
1507 1470 109 27 dasselbe
1630 1470 79 32 Blatt;
1733 1470 48 26 mit
1801 1469 41 27 der
1856 1469 74 26 Feder
1949 1479 48 25 zog
2015 1478 26 16 er
2057 1468 67 26 dann
2143 1467 73 26 nach.
2251 1469 50 23 Das

1444 1510 94 37 gleiche
1553 1508 138 28 Verfahren
1709 1509 60 26 übte
1789 1519 25 16 er
1828 1508 64 27 auch
1907 1508 40 26 bei
1960 1507 246 35 Wiederholungen.
2240 1507 63 24 Man

1443 1550 73 25 sucht
1534 1548 131 36 vergebens
1685 1547 40 27 bei
1744 1548 54 26 ihm
1811 1547 64 26 nach
1889 1547 116 29 Studien,
2019 1546 32 26 da
2065 1553 62 19 erste
2141 1545 97 35 Anlage
2252 1542 51 27 und

1443 1589 71 25 letzte
1528 1588 76 25 Hand
1620 1587 52 26 sich
1690 1585 47 27 auf
1752 1586 142 26 demselben
1908 1585 65 27 Blatt
1991 1585 88 30 findet,
2099 1585 42 25 das
2161 1585 54 24 eine
2234 1592 56 26 sorg-

1444 1626 74 36 fältig
1527 1626 141 26 ausradiert.
1684 1625 99 34 Einiges
1792 1625 29 25 ist
1831 1641 33 3 —
1873 1625 51 25 wie
1932 1624 39 26 die
1981 1623 82 26 Bilder
2074 1632 29 17 zu
2113 1624 115 26 Gautiers
2240 1621 63 27 Mlle

1444 1665 108 36 Maupin
1568 1680 34 4 —
1618 1663 94 35 farbig;
1727 1663 42 26 ich
1782 1663 64 26 habe
1857 1663 82 26 davon
1949 1663 81 25 nichts
2042 1663 115 35 gesehen,
2171 1662 68 26 doch
2250 1669 41 18 ver-

1444 1704 97 25 sichern
1555 1702 39 26 die
1605 1704 100 24 Kenner
1719 1701 77 26 dieser
1806 1702 99 29 Blätter,
1920 1701 54 26 dafs
1985 1701 128 34 Beardsley
2128 1701 40 25 die
2178 1700 73 27 Farbe
2266 1708 25 16 er-

1444 1742 80 36 geben
1538 1751 66 19 war,
1623 1750 53 17 was
1696 1739 42 27 das
1753 1738 83 28 hiefür
1849 1740 91 35 geübte
1956 1741 69 34 Auge
2041 1740 64 26 auch
2118 1740 77 26 leicht
2210 1749 32 17 an
2256 1738 47 26 den

1445 1778 321 29 Schwarz-Weifsblättern
1780 1778 112 27 erkennt.
1920 1778 116 32 Kritiker,
2051 1779 74 26 deren
2139 1778 80 26 Urteil
2233 1777 70 27 darin

1445 1818 159 31 kulminiert,
1619 1818 33 26 ob
1666 1823 78 21 etwas
1759 1818 65 26 auch
1980 1818 141 35 gezeichnet
2140 1818 43 30 ist,
2201 1816 103 29 fanden,

1445 1858 66 26 diese
1524 1857 75 26 Hand
1615 1856 34 27 sei
1662 1867 30 15 zu
1706 1856 85 36 grofs,
1806 1856 78 27 dieser
1897 1856 57 27 Fufs
1969 1867 30 16 zu
2013 1856 70 27 klein
2103 1873 38 4 —
2162 1857 33 25 sie
2210 1863 94 19 messen

1445 1897 54 26 hier
1512 1897 45 26 mit
1571 1896 81 27 einem
1666 1895 111 27 falschen
1787 1895 77 32 Mafs,
1879 1895 60 28 weil
1952 1896 33 26 sie
2000 1906 41 16 am
2054 1896 136 26 unrechten
2201 1897 49 24 Ort
2261 1894 28 26 da-

1446 1936 47 25 mit
1506 1945 103 16 messen.
1627 1936 39 25 Sie
1676 1934 187 27 mifsverstehen
1873 1935 140 35 Beardsleys
2024 1937 90 28 Kunst,
2126 1934 40 26 die
2176 1944 46 17 vor
2231 1934 73 26 allem

1446 1975 54 25 eine
1514 1973 145 27 dekorative
1671 1984 55 17 war
1741 1975 52 26 und
1808 1975 65 26 auch
1886 1981 70 20 sonst
1970 1983 43 28 gar
2027 1974 69 26 nicht
2111 1973 46 27 den
2173 1971 132 38 Anspruch

1446 2013 93 31 erhebt,
1554 2014 54 25 eine
1622 2016 82 24 Kunst
1718 2015 42 25 der
1774 2013 113 27 aufseren
1901 2013 209 27 Naturwahrheit
2124 2022 29 16 zu
2168 2013 60 25 sein.
2262 2012 30 25 Be-

1447 2052 106 36 ardsleys
1567 2054 122 35 Neigung
1703 2063 62 21 war,
1781 2055 72 25 einen
1868 2053 133 26 seelischen
2015 2051 120 31 Zustand,
2149 2052 72 25 einen
2236 2050 52 27 Cha-

1446 2091 92 32 rakter,
1560 2093 55 25 eine
1635 2092 174 27 Leidenschaft
1831 2093 26 25 in
1878 2092 47 26 den
1949 2092 87 25 Linien
2057 2091 41 25 des
2120 2089 186 27 menschlichen

1446 2133 108 35 Körpers
1568 2132 53 26 und
1635 2132 79 26 seiner
1727 2133 176 34 Bewegungen
1918 2130 175 31 darzustellen;
2113 2139 25 16 er
2152 2128 58 27 läfst
2223 2128 82 26 nichts

1445 2166 169 41 Verborgenes
1628 2171 137 36 verborgen
1781 2171 65 31 sein;
1860 2180 24 17 es
1898 2174 94 32 genügt
2006 2170 55 25 ihm
2074 2169 79 33 nicht,
2168 2175 67 19 etwa
2250 2166 55 27 blos

1446 2210 48 27 den
1501 2210 70 27 Blick
1579 2210 42 27 der
1629 2212 90 34 Augen
1726 2220 29 16 zu
1766 2210 106 30 ändern,
1884 2219 44 16 um
1936 2210 70 24 einen
2015 2206 87 28 Affekt
2110 2206 195 28 auszudrücken,

1446 2259 26 17 er
1489 2249 85 27 ändert
1592 2249 48 27 den
1659 2259 92 27 ganzen
1770 2250 95 35 Körper
1884 2264 38 4 —
1941 2247 102 30 Hände,
2062 2246 81 30 Füfse,
2168 2246 137 34 Kleidung,

1446 2291 68 24 Haar
1527 2289 53 26 und
1595 2289 65 26 auch
1674 2288 40 27 die
1726 2287 154 37 Umgebung
1894 2286 114 27 erfahren
2022 2286 195 35 Aenderungen,
2235 2283 71 27 nicht

1445 2335 140 29 sogenannt
1599 2327 180 36 symbolischer
1789 2328 53 25 Art.
1867 2327 79 26 Keine
1957 2324 273 28 Uebersinnlichkeiten
2240 2321 66 29 stellt

1446 2367 129 35 Beardsley
1582 2366 53 31 dar,
1646 2365 72 27 keine
1952 2364 50 27 und
2145 2365 49 25 Der
2201 2361 105 28 Mensch

1445 2407 27 26 in
1490 2408 78 25 seiner
1588 2407 88 24 innern
1691 2405 136 26 Schönheit
1842 2404 51 26 und
1908 2403 169 27 Häfslichkeit
2096 2403 30 25 ist
2140 2403 52 25 sein
2206 2404 84 33 Gegen-

1444 2446 81 26 stand.
1547 2461 35 4 —

1505 2486 38 25 Zu
1558 2485 47 25 den
1620 2484 107 35 Dingen,
1743 2482 96 27 welche
1851 2481 129 36 Beardsley
1994 2480 74 27 liebte
2084 2480 51 26 und
2149 2480 87 36 häufig
2250 2479 42 25 dar-

1445 2524 88 30 stellte,
1546 2524 110 35 gehören
1663 2523 40 25 die
1711 2524 175 34 Bewegungen
1893 2522 65 25 eines
1966 2519 127 28 barocken
2100 2521 101 29 Tanzes,
2212 2520 94 25 Frauen

1445 2563 40 26 bei
1503 2563 42 26 der
1558 2562 121 30 Toilette,
1698 2562 163 34 eigenartige,
1880 2560 80 26 vielen
1974 2558 97 27 Moden
2090 2559 53 26 und
2157 2558 77 26 Stilen
2253 2562 40 21 ent-

1445 2602 83 26 lehnte
1539 2601 107 31 Kleider,
1661 2601 41 25 ein
1713 2599 157 27 Schmücken
1881 2599 41 26 der
1932 2601 98 23 Räume
2041 2598 47 26 mit
2102 2596 204 35 merkwürdigen

1446 2641 108 26 Tischen
1565 2640 51 27 und
1628 2640 115 31 Stühlen;
1756 2637 119 28 schlanke
1882 2637 157 27 Kandelaber
2045 2638 46 24 mit
2099 2637 102 25 dünnen
2212 2638 93 24 Kerzen

1488 2835 0 0 258
