4407 5481
460 5214 147 71 182

2295 392 147 71 und
2513 390 256 71 Hunde
2840 388 388 71 kümmere.
3330 385 138 71 Der
3543 383 217 71 Mann
3821 383 242 71 Goites

2297 502 145 71 hilft
2508 502 165 71 dem
2744 500 198 73 Greis
3021 522 166 48 zum
3269 495 567 71 Sonnenschirm.
3937 493 131 70 Die

2295 615 247 71 Mutier
2601 615 368 85 Spanierin
3030 612 132 85 legt
3221 607 181 73 Kind
3465 605 144 73 und
3677 605 213 71 Hund
3951 602 120 72 auf

2292 730 62 82 je
2407 730 155 68 eine
2612 724 220 83 Hüfte,
2877 724 112 71 die
3040 724 256 69 Bonne
3345 720 169 85 folgt
3565 719 108 69 ihr
3722 715 342 86 beleidigt,

2297 839 123 71 der
2502 835 426 73 Referendar
3010 835 176 70 klärt
3267 834 139 71 den
3489 830 205 71 Vater
3775 830 295 83 Spanier

2298 949 171 71 über
2539 949 112 69 die
2718 947 324 71 deutsche
3109 944 503 86 Außenpolitik
3682 939 135 72 auf.
3858 1013 8 9 .
3927 940 141 68 Der

2302 1061 196 72 Greis
2596 1061 119 69 hat
2813 1061 132 67 sich
3045 1055 450 87 aufgerichtet.
3626 1054 140 69 Der
3849 1050 219 72 Mann

2298 1172 242 73 Gottes
2591 1171 241 71 duselt.
2949 1169 159 71 Eine
3157 1167 305 70 Kanone
3511 1164 252 85 schlägt
3814 1164 254 83 Mittag.

408 407 207 73 habe.
727 407 110 69 Da
886 404 279 71 kommt
1216 402 171 71 auch
1438 398 122 72 der
1613 397 203 71 Vater
1867 397 309 84 Spanier.

410 519 75 73 Er
556 517 166 71 kü&t
790 515 121 71 der
981 514 237 72 Gattin
1287 512 110 71 die
1470 507 468 88 Fingernägel.
2038 507 142 69 Der

409 627 426 75 Referendar
932 625 189 72 bittet
1215 622 396 86 vorgestellt
1706 644 86 47 zu
1878 619 303 71 werden.

410 741 185 71 Nina
635 739 136 85 legi
818 737 166 71 dem
1022 734 198 73 Greis
1270 734 139 71 den
1462 737 208 81 guten
1716 730 154 71 Ball
1919 734 71 66 in
2041 727 139 71 den

410 849 241 73 Schofe.
771 851 130 69 Die
981 847 254 71 beiden
1316 844 500 73 verwundeten
1900 842 281 70 Damen

412 962 239 71 haben
701 962 136 70 sich
888 959 582 86 ausgesprochen.
1550 956 139 69 Der
1740 954 272 71 Polizist
2061 952 122 71 hat

410 1078 100 67 sie
590 1072 171 72 über
834 1071 111 71 die
1027 1069 401 85 Rechtslage
1508 1064 404 88 aufgeklärt.
2043 1064 138 69 Der

412 1186 203 71 Vater
657 1184 293 85 Spanier
986 1182 239 70 schreit
1274 1179 110 71 die
1428 1179 259 70 Bonne
1736 1196 115 56 an,
1905 1174 138 73 dafc
2087 1179 96 66 sie

414 1299 135 70 sich
608 1318 83 49 so
740 1298 226 81 wenig
1028 1316 124 48 um
1213 1291 110 73 die
1382 1294 491 68 anvertrauten
1924 1286 259 73 Kinder

2992 1295 496 73 Herwarth
3558 1292 370 71 Walden
