4407 5481
3813 5212 147 70 177

2209 461 496 73 Deutschlands
2754 461 325 73 Schicksal
3128 468 95 66 sei
3272 470 70 64 in
3391 465 239 71 diesen
3680 465 275 86 Dingen

2209 595 130 47 nur
2407 578 124 64 mit
2598 575 161 69 dem
2827 575 267 67 Italiens
3174 575 144 69 und
3379 575 356 71 Rufelands
3802 598 112 48 ver-

2209 683 256 69 wandt.
2547 685 219 69 Heute
2815 683 166 71 aber
3032 685 157 83 geht
3238 685 110 69 die
3399 692 305 77 gesamte
3738 686 220 70 Kunst

2211 791 304 87 Europas
2585 795 205 69 durch
2861 798 152 66 eine
3074 795 234 79 Krisis,
3379 795 107 69 die
3550 797 223 69 Kurve
3834 797 121 69 des

2212 903 212 83 Spiels
2475 903 179 85 biegt
2703 929 121 45 um
2876 905 144 69 und
3062 908 122 66 wir
3233 903 275 71 erleben
3558 907 126 69 das
3728 905 228 86 Glück,

2212 1013 219 71 selber
2498 1018 539 82 mitzumachen,
3103 1020 127 64 wie
3298 1020 111 64 ein
3469 1018 179 83 Spiel

2214 1125 289 81 Schade,
2586 1125 134 69 dafe
2810 1127 118 69 der
3011 1123 402 73 Geheimrat
3509 1127 110 69 die
3714 1128 241 70 letzten

2211 1238 304 78 zwanzig
2549 1233 198 82 Jahre
2778 1233 413 72 verschlafen
3228 1235 134 70 hat.
3423 1235 74 70 Er
3533 1235 185 71 hätte
3743 1238 212 68 schon

2212 1343 202 83 lange
2465 1342 123 71 das
2632 1343 208 70 Glück
2891 1343 227 83 erlebt,
3169 1345 220 71 selber
3433 1350 522 75 mitzumachen.

2212 1452 335 71 Offenbar
2585 1454 118 69 hat
2737 1476 71 47 er
2844 1457 130 66 sich
3010 1462 134 63 erst
3172 1460 154 78 jetzt
3359 1457 272 69 vertieft.
3707 1459 248 69 Früher

2212 1564 183 67 hatte
2454 1584 73 49 er
2585 1586 130 47 nur
2764 1564 126 69 das
2951 1564 387 71 bestimmte
3387 1567 407 83 Empfinden
3838 1587 77 65 ge-

2214 1674 181 69 habt.
2476 1675 119 68 Als
2646 1675 145 68 ihm
2844 1699 123 46 vor
3001 1680 137 65 vier
3169 1679 245 79 Jahren
3467 1684 110 64 ein
3628 1680 285 70 schwedi-

2212 1785 185 66 scher
2471 1784 342 67 Sammler
2886 1784 134 69 den
3101 1787 293 83 Katalog
3474 1811 140 46 von
3697 1789 256 84 dreifeig

2214 1894 276 69 Bildern
2583 1897 225 66 seiner
2896 1901 718 77 expressionistischen
3697 1901 220 69 Privat-

2212 2002 400 83 sammlung
2683 2006 301 77 schickte,
3047 2004 257 69 dankte
3372 2006 122 69 der
3552 2006 404 72 Geheimrat

2212 2112 146 68 ihm
2397 2112 283 70 herzlich
2717 2114 142 68 und
2895 2112 372 73 bedauerte
3299 2116 256 69 lebhaft
3586 2122 69 65 in
3690 2117 263 71 diesem

2214 2221 200 84 Brief,
2461 2221 136 69 dafe
2646 2244 71 48 es
2766 2227 69 65 in
2871 2224 459 69 Deutschland
3382 2226 200 71 keine
3614 2227 342 72 Sammler

2214 2334 696 80 expressionistischer
2979 2334 215 68 Kunst
3264 2334 195 83 gäbe.
3567 2336 201 69 Hätte
3834 2337 122 70 der

2212 2439 405 71 Geheimrat
2673 2444 130 66 sich
2866 2444 164 70 nach
3094 2448 265 66 seinem
3409 2446 193 69 Büro
3660 2453 174 64 etwa
3884 2453 69 64 in

2214 2551 230 69 Berlin
2505 2553 454 82 umgesehen,
3018 2556 234 68 würde
3311 2580 88 55 er,
3452 2556 149 69 fünf
3646 2558 309 71 Minuten

2212 2683 141 46 von
2426 2666 264 63 seinem
2763 2661 323 71 Amtssitz
3160 2666 317 83 entfernt,
3550 2673 174 62 etwa
3801 2673 155 64 eine

2212 2769 410 85 Sammlung
2695 2793 140 47 von
2917 2773 675 72 sechshundert
3675 2778 280 71 Bildern

2212 2884 698 80 expressionistischer
3003 2883 218 71 Kunst
3326 2888 300 81 gesehen
3724 2888 232 71 haben

2214 2991 305 70 können.
2617 2991 183 70 Aber
2851 3015 71 47 er
2971 2994 227 70 wollte
3249 2994 125 72 das
3426 2996 209 71 Glück
3684 2998 272 71 damals

2214 3101 176 68 nicht
2437 3103 434 69 mitmachen.
2940 3103 154 79 Jetzt
3145 3105 359 83 hingegen,
3555 3128 113 48 wo
3718 3130 71 46 es
3841 3128 77 65 ge-

2212 3210 276 69 fährlich
2524 3211 189 75 wird,
2751 3235 113 46 wo
2901 3213 109 69 die
3054 3220 306 78 gesamte
3391 3216 218 70 Kunst
3650 3216 306 85 Europas

2216 3321 204 68 durch
2481 3325 153 66 eine
2683 3321 208 70 Krisis
2952 3323 183 83 geht,
3186 3325 90 67 da
3337 3330 262 79 springt
3648 3326 120 71 der
3819 3328 91 71 Ge-

2216 3430 293 67 heimrat
2558 3428 118 71 auf
2724 3430 133 69 den
2910 3431 162 70 Plan
3137 3433 144 69 und
3332 3457 71 45 er
3453 3440 348 66 orientiert
3850 3438 108 68 die

2216 3538 386 71 staunende
2651 3540 233 69 Presse
2934 3541 144 70 und
3130 3543 110 70 die
3287 3550 349 64 erstaunte
3685 3546 275 70 Mitwelt

2216 3646 167 72 über
2417 3646 110 70 die
2570 3648 480 71 vorkriiischen
3086 3651 249 72 Zeiten.
3416 3653 117 70 Mit
3565 3679 178 45 wem
3794 3677 162 63 mag

2216 3758 118 70 der
2392 3758 401 71 Geheimrat
2861 3760 86 69 da
3018 3762 308 71 draufeen
3396 3763 564 87 korrespondiert

2216 3867 259 83 haben,
2551 3868 169 70 oder
2791 3872 425 69 verwechselt
3294 3895 71 46 er
3447 3873 310 71 draufeen
3836 3882 124 64 mit

2216 3977 315 71 drinnen.
2600 3978 135 68 Der
2764 3977 403 72 Geheimrat
3191 3982 169 69 wird
3389 3987 132 64 mir
3545 3988 411 80 wenigstens

2216 4087 316 84 glauben,
2568 4087 134 71 dafe
2737 4090 97 68 ich
2876 4093 68 65 in
2974 4093 207 80 jenen
3215 4093 484 70 vorkritischen
3728 4095 228 85 Tagen

2216 4198 174 66 recht
2439 4197 127 69 viel
2615 4197 168 69 über
2842 4198 134 70 den
3028 4198 627 85 Expressionismus
3716 4205 244 83 gehört

2216 4307 201 69 habe.
2539 4308 125 70 Mir
2734 4308 118 70 hat
2918 4331 151 49 nun
3138 4317 188 64 mein
3396 4312 562 74 Gewährsmann

2216 4420 247 66 immer
2559 4422 263 80 gesagt,
2927 4419 135 69 dafe
3157 4442 171 49 man
3426 4424 300 69 drinnen
3823 4425 135 68 den

2216 4527 628 83 Expressionismus
2937 4534 124 64 mit
3140 4530 163 70 dem
3384 4532 574 71 Bolschewismus

2216 4635 453 83 identifiziere,
2697 4639 150 69 weil
2883 4662 169 48 man
3081 4640 293 70 nämlich
3404 4640 300 72 drinnen
3731 4644 229 71 solche

2214 4747 222 83 Angst
2502 4771 125 47 vor
2695 4749 162 69 dem
2920 4750 574 73 Bolschewismus
3563 4754 117 69 hat
3797 4756 161 69 Und

2214 4888 205 47 wenn
2493 4866 121 69 der
2688 4866 403 72 Geheimrat
3164 4871 574 71 Bolschewismus
3812 4876 146 67 und

2216 4984 492 71 Anarchismus
2757 4986 107 71 für
2913 4988 317 72 dasselbe
3281 4991 157 81 hält,
3489 5016 81 46 so
3619 4994 193 68 kann
3863 4996 97 66 ich

351 790 171 69 Also
573 812 147 49 nun
768 790 173 71 weife
990 812 186 59 man,
1228 812 146 49 nun
1425 790 171 71 weife
1640 791 191 83 jeder
1880 791 214 70 Mann

353 898 169 71 über
573 900 110 68 die
732 900 173 83 Lage
964 898 120 70 der
1144 903 496 83 europäischen
1691 902 220 69 Kunsl
1962 903 88 70 Be-

351 1010 242 69 scheid.
709 1010 123 68 Die
902 1008 174 85 Lage
1142 1013 108 83 ist,
1323 1015 176 66 noch
1569 1012 179 71 dazu
1828 1017 69 64 in
1975 1013 122 70 der

355 1120 408 68 Universität
797 1118 232 70 Berlin
1066 1120 206 69 durch
1308 1122 403 71 Geheimrat
1745 1122 354 71 Professor

351 1228 381 70 Waetzoldt
800 1233 71 65 in
941 1235 154 64 eine
1162 1230 392 71 bestimmte
1613 1233 298 85 Stellung
1982 1254 76 64 ge-

355 1338 230 70 bracht
651 1338 308 72 worden.
1068 1342 127 69 Die
1264 1343 273 83 Sitzung
1608 1367 122 46 zur
1797 1345 298 83 Stellung

351 1448 124 70 der
524 1448 174 85 Lage
747 1452 478 69 veranstaltete
1274 1452 122 69 der
1447 1454 206 69 Bund
1703 1452 105 71 für
1843 1454 210 69 Kunst-

353 1559 515 82 ausstellungen
903 1564 70 64 in
1005 1560 127 68 der
1161 1562 252 69 Schule.
1509 1562 127 69 Die
1672 1582 176 65 ganz
1887 1564 212 83 grofee

353 1667 235 69 Presse
656 1669 136 67 teilt
858 1672 149 78 mit,
1079 1669 136 71 dafe
1284 1672 120 68 der
1472 1670 403 71 Geheimrat
1941 1674 156 69 sehr

351 1780 427 82 interessant,
817 1779 159 69 sehr
1010 1779 146 69 klar
1193 1784 420 79 gesprochen
1660 1782 197 81 habe,
1889 1804 208 59 „man

353 1887 186 69 hatte
588 1889 127 69 das
764 1889 390 71 bestimmte
1195 1890 426 83 Empfinden,
1660 1892 136 70 dafe
1845 1914 69 48 er
1965 1895 132 67 sich

355 1999 213 68 schon
642 2002 122 65 seit
837 1999 280 84 langem
1195 2004 123 64 mit
1398 1999 272 84 gröfeter
1750 2002 349 70 Intensität

356 2111 168 66 auch
605 2112 70 65 in
759 2109 126 68 das
964 2109 244 69 Wesen
1291 2111 144 67 und
1518 2111 108 69 die
1704 2111 180 69 Ziele
1979 2114 120 68 der

355 2216 396 69 modernen
786 2216 603 86 Kunstbewegung
1425 2219 254 69 vertieft
1955 2222 142 68 Das

355 2326 120 69 hat
524 2326 107 69 die
685 2346 176 64 ganz
913 2326 212 83 grofee
1159 2327 234 70 Presse
1442 2327 430 71 bekanntlich
1924 2334 175 66 nicht

355 2441 218 78 getan.
658 2437 105 68 Sie
814 2437 118 68 hat
979 2459 72 48 es
1103 2437 217 70 daher
1367 2439 207 80 leicht,
1623 2439 108 69 bei
1767 2439 279 71 Geheim-

355 2549 189 64 räten
593 2544 127 68 das
771 2544 390 69 bestimmte
1205 2546 403 84 Empfinden
1657 2571 142 48 von
1833 2549 225 70 Tiefen-

353 2654 398 83 vorsehung
802 2676 84 46 zu
937 2652 447 72 bekommen.
1493 2657 135 70 Der
1697 2657 403 72 Geheimrat

356 2768 175 77 sagt,
593 2784 72 48 er
722 2762 203 70 wolle
991 2762 224 70 weder
1274 2766 374 69 schmähen
1711 2771 176 66 noch
1946 2791 112 48 ver-

356 2873 395 81 herrlichen,
792 2896 71 48 er
898 2874 202 70 wolle
1135 2895 131 49 nur
1300 2879 386 80 versuchen,
1721 2903 81 44 zu
1840 2884 255 80 zeigen,

355 2988 128 64 wie
532 3006 73 46 er
654 2984 110 68 die
815 2984 224 83 Dinge
1086 2989 70 65 in
1208 2986 120 69 der
1379 2988 217 69 Kunst
1647 2989 184 70 sähe.
1928 2991 169 70 Also

356 3098 153 64 eine
558 3093 340 69 durchaus
949 3093 373 84 subjektive
1371 3096 560 85 Angelegenheit.
2026 3101 73 68 Es

355 3220 164 66 mag
554 3201 104 71 für
693 3203 136 69 den
859 3203 209 69 Bund
1101 3208 408 66 interessant
1543 3210 163 77 sein,
1738 3232 83 44 zu
1858 3208 241 81 hören,

353 3316 127 66 wie
531 3318 108 64 ein
695 3311 405 71 Geheimrat
1147 3315 112 69 die
1308 3316 225 83 Dinge
1594 3321 70 65 in
1714 3318 122 69 der
1885 3320 217 67 Kunst

355 3425 189 79 sieht,
595 3426 166 66 auch
817 3425 190 69 ohne
1057 3425 219 69 Kunst
1322 3450 84 46 zu
1457 3428 237 68 sehen.
1775 3430 137 67 Der
1963 3426 91 71 Ge-

355 3533 298 69 heimrat
685 3533 256 69 vertieft
983 3536 151 78 sich,
1161 3535 233 69 indem
1442 3558 73 46 er
1547 3535 315 83 feststellt,
1896 3557 204 49 wenn

355 3662 167 49 man
575 3641 225 70 solche
842 3643 337 69 Versuche
1228 3645 254 79 mache,
1535 3643 293 69 nämlich
1880 3645 222 84 Dinge

353 3756 71 65 in
492 3753 122 70 der
673 3753 220 70 Kunsl
959 3777 85 46 zu
1113 3753 242 81 sehen,
1428 3758 232 66 müsse
1728 3773 166 51 man
1970 3758 129 66 sich

355 3861 232 82 hüten,
641 3867 283 77 gewisse
973 3863 387 85 stylistische
1394 3865 542 83 Erscheinungen
1980 3865 120 69 der

355 3972 367 69 deutschen
775 3972 218 69 Kunst
1044 3997 83 44 zu
1178 3972 504 72 überschätzen.
1774 3975 138 69 Der
1963 3975 90 69 Ge-

356 4082 295 69 heimrat
702 4083 157 83 geht
908 4083 220 70 direkt
1186 4104 91 49 an
1328 4083 112 70 die
1499 4088 331 80 gewissen
1879 4085 223 83 Dinge

355 4192 120 69 der
526 4192 220 69 Kunst
797 4193 247 70 heran:
1112 4195 177 81 „Der
1342 4195 628 83 Expressionismus
2021 4200 81 66 ist

353 4307 156 64 eine
573 4303 344 83 spezifisch
978 4305 316 70 deutsche
1355 4305 568 85 Angelegenheit,
1992 4307 110 69 die

355 4434 169 46 man
568 4413 169 67 auch
785 4412 311 69 draufeen
1142 4417 95 64 im
1272 4413 317 70 Ausland
1633 4415 176 68 nicht
1850 4415 250 70 anders

355 4518 326 72 beurteilt.
780 4520 154 70 Den
995 4522 628 83 Expressionismus
1681 4524 421 71 identifiziert

353 4652 169 48 man
575 4630 313 71 draufeen
939 4639 123 62 mit
1112 4634 162 69 dem
1311 4634 593 81 Bolschewismus,
1938 4635 162 70 dem

353 4740 515 70 Anarchismus.
968 4742 144 68 Das
1184 4761 219 64 ganze
1471 4742 487 81 Deutschland,
2017 4766 83 47 so

353 4859 222 69 urteilt
632 4883 170 45 man
851 4861 184 81 dort,
1086 4861 298 84 spiegele
1433 4862 131 68 sich
1616 4859 176 71 eben
1843 4866 69 64 in
1963 4862 136 70 den

356 4976 571 85 Formgebungen
995 4984 225 64 seiner
1289 4981 220 69 Kunst
1567 4979 271 71 wieder.
1940 4982 160 70 Und

349 459 698 142 Amtliche
1135 463 459 138 Kunst
