4407 5481
3770 5175 141 68 181

2168 471 227 80 nadel,
2456 471 332 68 während
2854 470 120 69 der
3027 471 212 68 Mann
3291 470 239 69 Gottes
3589 471 129 66 sich
3779 492 120 45 um

2167 578 108 69 die
2350 578 252 69 Fürstin
2676 578 287 69 bemüht
3034 578 144 68 und
3244 576 201 71 dabei
3513 581 203 80 gierig
3787 576 119 68 auf

2167 690 125 69 das
2343 688 210 85 große
2604 690 171 69 Loch
2825 691 121 66 des
2996 688 378 83 Strumpfes
3425 690 250 66 schaut.
3775 688 126 68 Die

2167 800 254 69 Fürstin
2471 805 341 64 wimmert
2859 803 124 64 mit
3029 800 267 67 Würde.
3393 800 125 66 Die
3567 798 291 83 Klapper-

2167 915 276 64 stimme
2500 913 341 80 schweigt,
2891 908 447 70 wutverzehrt
3388 908 362 68 bekommt
3808 912 94 62 sie

2167 1020 249 69 Hände
2497 1018 144 71 und
2722 1020 242 81 Beine,
3044 1023 206 63 stürzt
3328 1040 153 56 vor,
3548 1015 166 69 reißt
3794 1015 108 69 die

2167 1130 377 68 Händchen
2612 1150 141 48 von
2822 1128 163 70 dem
3054 1127 208 69 Hund
3338 1127 143 67 und
3548 1125 178 69 stößt
3794 1125 108 68 die

2168 1240 220 68 kleine
2433 1240 177 68 Nina
2661 1260 125 48 vor
2841 1238 108 68 die
3001 1238 221 80 Brust,
3272 1235 136 69 daß
3455 1240 97 64 sie
3603 1233 298 71 heulend

2168 1347 280 71 hinfällt.
2527 1350 99 66 Ich
2659 1347 133 69 will
2827 1348 144 68 dich
3007 1347 237 69 lehren
3279 1345 190 69 Tiere
3501 1369 85 45 zu
3621 1343 278 85 quälen;

2168 1458 265 80 komm,
2485 1457 93 67 du
2629 1479 227 45 armes
2891 1455 398 69 Hundchen.
3369 1455 222 68 Schon
3643 1453 117 68 hat
3811 1455 95 66 sie

2170 1567 222 79 Cheri,
2443 1565 208 71 außer
2700 1569 130 66 sich
2881 1589 126 46 vor
3040 1565 170 80 Wut,
3259 1569 69 64 in
3379 1563 134 70 den
3564 1563 172 68 Arm
3789 1580 76 63 ge-

2170 1675 244 70 bissen.
2488 1677 110 66 Du
2654 1675 398 70 Satansvieh
3101 1674 314 82 klappert
3455 1672 110 69 die
3599 1674 303 77 Stimme,

2170 1784 156 69 hab'
2355 1787 94 66 ich
2480 1785 124 68 das
2632 1807 121 46 um
2781 1784 143 67 dich
2951 1782 350 69 verdient?
3359 1782 179 68 Nina
3567 1782 132 79 hat,
3730 1782 172 66 noch

2170 1894 339 83 weinend,
2536 1892 118 69 auf
2685 1892 120 69 der
2834 1892 162 69 Erde
3032 1892 132 68 den
3201 1897 205 78 guten
3435 1890 149 68 Ball
3618 1889 246 69 wieder-

2172 2004 362 83 gefunden,
2580 2004 262 83 rappelt
2881 2004 131 67 sich
3047 2000 120 70 auf
3198 2002 142 68 und
3374 2000 168 70 wirft
3577 2000 136 68 den
3755 1999 151 67 Ball

2170 2117 69 63 in
2297 2112 134 68 den
2493 2110 442 70 halboffenen
2986 2112 562 80 Sonnenschirm,
3601 2109 118 67 der
3780 2107 126 69 das

2170 2224 205 64 vierte
2426 2220 171 68 Bein
2648 2219 120 69 des
2819 2217 271 71 Greises
3142 2219 315 67 darstellt.
3554 2217 221 68 Schon
3826 2219 81 64 ist

2172 2327 120 68 der
2341 2327 313 68 deutsche
2705 2325 415 70 Referendar
3171 2329 120 64 mit
3340 2325 122 68 der
3496 2324 247 69 Polizei
3792 2322 110 69 da.

2172 2437 262 68 Zwecks
2509 2436 428 82 Feststellung
3017 2437 118 68 der
3210 2434 457 69 Personalien.
3780 2434 127 66 Die

2173 2546 254 67 Fürstin
2499 2546 118 67 hat
2683 2544 249 69 keinen
3003 2546 310 67 Ausweis
3382 2547 139 65 und
3592 2542 129 68 soll
3787 2563 120 45 zur

2172 2654 257 69 Wache.
2510 2656 107 66 Sie
2665 2657 248 65 wissen
2964 2654 186 68 wohl
3201 2654 175 68 nicht
3423 2674 153 46 wen
3628 2652 107 68 Sie
3784 2673 125 45 vor

2173 2767 131 66 sich
2411 2762 230 70 haben
2734 2767 185 65 mein
2998 2762 200 82 Herr,
3279 2764 186 68 flötet
3545 2762 108 68 die
3723 2759 184 69 feiste

2175 2876 303 66 Stimme.
2551 2874 107 68 Sie
2690 2872 210 70 reden
2947 2877 121 63 mit
3100 2876 184 66 einer
3330 2869 576 85 hochgeborenen

2177 2982 272 68 Fürstin.
2570 2981 120 67 Für
2747 2984 173 66 mich
2981 2981 137 83 gibt
3174 3003 71 45 es
3306 3001 129 47 nur
3484 2981 203 66 Pässe
3738 2977 169 70 oder

2173 3089 603 71 Identitätskarten.
2920 3091 71 66 In
3096 3089 322 68 welchem
3523 3087 386 70 Verhältnis

2173 3201 238 69 stehen
2480 3201 105 68 Sie
2644 3199 388 83 überhaupt
3088 3223 85 46 zu
3235 3199 120 68 der
3415 3199 247 68 Dame.
3782 3198 127 67 Die

2172 3309 454 70 französische
2676 3308 244 69 Polizei
2978 3313 81 64 ist
3117 3313 144 78 gut,
3311 3308 236 69 strahlt
3606 3306 119 68 der
3775 3306 88 68 Re-

2172 3416 335 71 ferendar.
2626 3416 194 71 Ganz
2869 3419 124 66 wie
3052 3416 109 69 bei
3220 3436 151 49 uns.
3494 3416 122 68 Die
3667 3414 242 68 Mutter

2175 3528 357 81 Spanierin
2607 3524 359 70 betrachtet
3037 3528 408 66 interessiert
3515 3523 147 69 ihre
3728 3521 144 69 fünf-

2175 3633 652 84 zentimeterlangen
2876 3631 461 85 Fingernägel.
3404 3631 205 69 Cheri
3660 3636 80 63 ist
3789 3634 122 65 mit

2175 3748 227 66 einem
2473 3744 153 68 Satz
2697 3748 69 64 in
2836 3743 135 69 den
3039 3741 259 71 weißen
3372 3743 535 67 Sonnenschirm

2177 3868 435 66 gesprungen
2671 3849 146 70 und
2883 3855 188 64 rettet
3130 3848 134 69 den
3327 3853 201 78 guten
3591 3848 149 67 Ball
3806 3846 103 68 für

2175 3960 200 69 Nina.
2483 3960 136 67 Der
2688 3960 253 67 Schirm
3012 3965 79 62 ist
3162 3956 287 85 gefallen
3518 3961 142 65 und
3731 3956 178 68 Nina

2177 4068 162 69 reißt
2387 4092 123 45 vor
2549 4068 253 69 Freude
2852 4068 161 69 dem
3049 4066 379 71 Hundchen
3477 4066 256 70 beinah
3784 4064 125 68 das

2177 4180 123 67 Fell
2348 4197 166 50 vom
2565 4178 211 69 Leibe.
2890 4176 205 71 Cheri
3144 4178 303 81 überlegt
3487 4178 156 81 jetzt
3691 4180 180 64 ernst-

2179 4286 167 85 haft,
2417 4286 93 70 ob
2578 4310 73 47 er
2717 4310 124 46 vor
2896 4286 488 82 Verzweiflung
3454 4285 242 69 beißen
3765 4283 146 69 soll.

2177 4398 108 68 Da
2353 4396 161 70 küßt
2582 4401 94 65 sie
2742 4398 121 66 ihn
2932 4400 237 66 mitten
3220 4395 118 69 auf
3382 4396 111 68 die
3540 4396 367 68 Schnauze.

2177 4506 137 68 Der
2365 4503 193 73 Greis
2607 4508 303 66 versucht
2959 4505 320 69 indessen
3328 4503 395 85 vergeblich,
3775 4501 136 70 den

2179 4617 250 67 Schirm
2478 4639 87 45 zu
2614 4615 271 83 angeln.
2979 4615 126 69 Wo
3156 4613 152 70 sind
3359 4617 228 66 meine
3638 4611 274 83 Kinder,

2179 4723 132 70 daß
2355 4727 96 64 ich
2497 4725 171 66 mich
2714 4722 118 69 auf
2873 4727 95 64 sie
3001 4727 232 64 stütze.
3316 4722 161 67 Und
3515 4742 164 57 nun,
3701 4718 211 83 jubelt

2177 4843 110 68 die
2334 4842 322 69 Führerin
2707 4840 122 69 der
2878 4840 581 83 Siebenjährigen,
3508 4842 244 79 singen
3792 4842 120 64 wir

2179 4959 128 71 alle
2363 4959 168 80 „No,
2568 4981 95 47 no
3110 4957 149 71 weil
3298 4960 96 66 ich
3445 4959 163 67 euch
3658 4957 229 82 besieg

319 473 126 68 Die
494 475 411 67 Stricknadel
971 475 141 67 fällt
1179 498 82 44 zu
1322 472 267 82 Boden,
1657 473 210 66 schon
1938 473 115 68 hat

318 586 94 63 sie
480 581 207 70 Cheri
758 586 222 66 seiner
1049 581 506 83 Fürsprecherin
1630 598 425 65 genommen

319 691 144 68 und
517 693 141 83 jagt
715 696 122 65 mit
895 691 107 68 ihr
1064 691 256 68 davon.
1439 691 179 66 Nina
1679 688 195 85 hüpft
1930 712 125 45 vor

318 800 411 84 Vergnügen
751 807 246 62 immer
1019 800 122 69 auf
1157 800 161 67 dem
1347 800 193 78 Platz,
1555 786 498 83 ihreÄrmchen

318 912 250 66 suchen
643 910 125 68 das
842 908 381 70 Hundchen
1298 932 85 46 zu
1457 908 271 85 greifen.
1850 908 205 71 Cheri

319 1015 164 69 aber
536 1018 117 66 hat
702 1018 130 66 sich
883 1040 117 44 am
1047 1018 182 68 Ende
1264 1018 119 68 des
1420 1018 256 70 Platzes
1726 1022 331 66 zwischen

319 1125 109 69 die
463 1125 173 69 Füße
668 1127 120 67 der
817 1125 244 71 Mutter
1086 1128 361 83 Spanierin
1481 1132 574 81 zurückgezogen,

319 1237 119 67 der
512 1237 253 83 gerade
837 1242 109 64 ein
1020 1238 349 70 deutscher
1444 1238 416 70 Referendar
1941 1238 119 70 auf

319 1345 510 83 Schulspanisch
898 1347 112 69 die
1076 1347 230 69 Fehler
1364 1348 122 68 des
1552 1348 505 70 französischen

319 1453 666 85 Finanzausgleiches
1046 1457 526 69 klarzumachen
1630 1460 201 68 sucht.
1931 1460 126 68 Die

321 1562 361 81 Spanierin
731 1562 171 71 fühlt
949 1567 132 64 sich
1113 1565 205 68 durch
1354 1565 203 70 Cheri
1594 1570 275 78 gerettet
1913 1565 144 70 und

319 1670 168 70 wirft
553 1672 122 68 ihn
743 1674 201 82 lässig
1014 1675 328 68 zwischen
1395 1675 169 68 Arm
1635 1675 144 68 und
1838 1675 219 70 Hüfte.

321 1780 262 70 Wollen
658 1784 108 67 Sie
844 1789 131 62 mir
1058 1785 174 66 nicht
1323 1789 231 64 meine
1649 1785 409 70 Stricknadel

319 1889 254 69 wieder
622 1889 407 83 beschaffen,
1078 1895 198 65 zischt
1325 1894 108 67 die
1484 1894 576 83 Klapperstimme

323 1999 293 67 hinüber
665 2024 120 44 zur
837 2000 270 70 Bonne.
1225 2004 141 66 Das
1420 2009 229 74 grenzt
1698 2026 91 45 an
1842 2004 215 69 Raub.

321 2107 127 66 Die
526 2107 161 69 Welt
760 2112 81 64 ist
912 2110 349 80 verloren,
1334 2110 186 68 flötet
1593 2110 110 70 die
1776 2114 282 66 Stimme

321 2212 266 86 Gottes,
666 2217 334 68 während
1081 2222 164 64 zwei
1342 2219 389 69 manikürte
1809 2220 251 68 Hände

319 2329 134 64 sich
497 2325 122 70 auf
663 2329 125 68 das
839 2327 378 71 erhebliche
1252 2331 546 82 Bauchgewölbe
1845 2332 213 83 legen.

321 2434 225 69 Sehen
597 2436 107 67 Sie
763 2437 354 80 Madame,
1178 2437 156 68 dort
1395 2437 182 70 diese
1635 2439 132 69 alte
1816 2441 244 83 Dame,

319 2546 82 64 ist
467 2566 71 46 es
607 2547 173 66 nicht
849 2549 151 64 eine
1068 2547 325 70 Schande.
1510 2547 154 70 Eine
1731 2551 329 67 russische

321 2654 276 69 Fürstin.
717 2656 85 79 O,
854 2659 153 64 eine
1066 2656 276 69 Fürstin.
1466 2657 128 68 Die
1652 2659 408 69 Stricknadel

319 2766 82 64 ist
465 2761 129 69 fast
648 2786 127 46 vor
824 2764 339 69 Ehrfurcht
1212 2784 381 63 vergessen.
1687 2767 373 70 Bedenken

321 2872 107 68 Sie
482 2871 344 83 Madame,
861 2877 153 65 eine
1056 2876 272 68 Fürstin.
1379 2874 412 71 Vertrieben.
1850 2876 212 69 Ohne

321 2979 293 71 Heimat.
721 2982 96 66 Ich
870 2982 182 68 halte
1110 2982 195 70 ihren
1357 2981 320 71 Glauben
1726 3008 183 44 zwar
1958 2984 104 68 für

321 3091 203 64 einen
561 3087 417 83 Irrglauben.
1069 3089 185 70 Aber
1290 3094 94 65 sie
1418 3094 80 65 ist
1532 3091 528 83 strenggläubig.

324 3196 158 68 Und
534 3201 153 64 eine
737 3198 275 69 Fürstin.
1134 3199 135 68 Der
1322 3199 193 70 Greis
1566 3201 118 68 hat
1733 3201 129 68 sich
1908 3203 154 81 jetzt

321 3304 103 70 bis
483 3330 163 45 zum
705 3308 227 69 leeren
986 3308 180 69 Platz
1225 3308 120 69 auf
1400 3309 118 68 der
1569 3309 200 68 Bank
1820 3309 200 70 durch-

324 3421 297 78 getastet.
756 3418 205 69 Cheri
1044 3421 259 81 springt
1383 3441 140 46 von
1606 3418 122 69 der
1808 3419 210 68 heran-

321 3526 462 69 wandelnden
854 3526 202 69 Hüfte
1125 3528 249 84 gerade
1442 3528 120 69 auf
1625 3528 108 69 die
1804 3529 259 68 Schuhe

323 3634 122 70 der
494 3634 255 72 Fürstin
802 3636 145 70 und
997 3636 159 70 bellt
1203 3641 97 65 sie
1347 3636 254 70 lebhaft
1650 3660 144 46 aus.
1882 3636 180 70 Nina

323 3746 259 80 springt
629 3744 146 68 ihm
820 3744 378 83 jauchzend
1249 3744 120 70 auf
1413 3743 134 71 den
1598 3744 271 70 Rücken
1919 3744 143 68 und

324 3853 366 69 klammert
761 3856 131 66 sich
966 3877 92 45 an
1134 3855 127 67 das
1334 3858 152 64 eine
1567 3853 224 83 adlige
1872 3855 190 67 Bein.

324 3961 220 70 Schon
604 3961 250 83 schlägt
914 3963 110 68 die
1083 3961 151 70 edle
1283 3963 206 68 Hand
1550 3961 121 70 auf
1725 3961 123 70 das
1899 3960 164 71 süße

324 4070 452 71 Gesichtchen.
905 4071 180 70 Nina
1181 4071 139 70 fällt
1413 4070 369 71 schreiend.
1926 4071 137 68 Der

324 4180 315 67 deutsche
661 4180 419 69 Referendar
1103 4181 170 68 stellt
1298 4180 120 69 der
1442 4180 240 69 Mutter
1706 4180 357 83 Spanierin

324 4293 188 63 seine
565 4290 279 67 Dienste
892 4313 122 44 zur
1064 4288 412 83 Verfügung.
1603 4288 125 68 Die
1777 4288 250 68 Visiten-

324 4398 239 70 karten
594 4398 298 71 wölbten
927 4401 131 68 sich
1086 4398 121 70 auf
1227 4401 217 67 seiner
1471 4396 343 70 schmalen
1845 4398 218 68 Brust.

326 4505 203 71 Cheri
605 4508 166 70 aber
848 4510 179 68 beifet
1091 4508 276 70 wütend
1437 4508 142 68 und
1650 4506 190 70 ohne
1897 4506 124 68 Vor-

324 4620 351 83 bereitung
746 4622 108 67 die
922 4620 256 69 Fürstin
1245 4623 70 65 in
1384 4618 110 68 die
1542 4617 228 69 Wade.
1884 4617 179 67 Nina

324 4730 170 71 reifet
568 4737 195 64 unter
824 4730 272 69 Tränen
1171 4728 203 70 dabei
1447 4727 161 67 dem
1682 4725 381 69 Hundchen

323 4850 128 70 fast
519 4850 134 70 den
724 4850 323 68 Schwanz
1115 4871 144 45 aus.
1356 4847 127 66 Die
1542 4845 250 66 Bonne
1862 4840 160 71 über-

324 4974 200 66 reicht
597 4970 327 68 Madame
995 4967 110 69 die
1178 4964 570 83 zurückgekehrte
1830 4964 200 67 Strick-
