2248 3678
804 175 58 27 AU
894 173 159 35 JARDIN
1089 171 82 27 DES
1206 166 236 31 CHANSONS

117 178 74 38 592

551 268 103 33 Nous
679 267 118 34 étions
819 266 88 34 trois
927 269 190 30 chasseurs
1133 263 45 32 du
1200 261 181 44 régiment
1400 259 21 32 d
1435 258 157 43 Angers,

555 321 97 31 Pour
678 319 152 32 l'amour
843 318 108 32 d'une
973 315 106 35 brun'
1103 324 92 23 nous
1221 322 113 24 avons
1357 310 151 33 désalté.

171 430 97 54 Jen
306 432 112 38 étais
466 430 40 40 là
546 430 52 39 de
640 443 94 26 mes
774 429 252 46 réflexions,
1070 427 153 52 lorsqu
1244 439 56 26 au
1338 423 115 40 mois
1505 421 26 40 d
1553 425 106 36 août
1694 418 182 41 dernier
1913 418 39 52 je
1997 419 149 51 passai

118 499 218 53 quelques
367 500 121 51 jours
522 502 21 36 à
567 496 374 48 Saint-Guénolé,
980 502 100 46 près
1101 496 53 40 de
1178 495 221 41 Penmarc
1418 492 28 39 h
1467 490 42 45 (F
1525 487 218 52 inistère).
1779 486 63 41 La
1869 486 140 54 pèche
2044 489 105 39 était

118 568 163 48 bonne,
324 568 63 39 les
423 567 190 40 bateaux
655 567 257 39 revenaient
932 579 106 27 avec
1072 567 161 51 quinze
1268 568 22 35 à
1310 564 128 48 vingt
1474 560 124 40 mille
1634 558 222 47 sardines,
1877 565 41 32 et
1943 557 10 38 l
1975 569 58 28 on
2060 566 68 31 tra-

113 636 188 48 vaillait,
324 637 113 38 dans
471 635 63 40 les
558 637 167 43 usines,
745 648 191 39 presque
957 643 121 32 toute
1103 634 38 40 la
1167 635 112 39 nuit.
1306 631 183 41 Assises
1513 630 117 40 deux
1656 642 82 39 par
1759 628 114 40 deux
1895 626 165 40 devant
2088 626 62 40 les

116 706 166 39 caisses
319 710 56 35 où
400 703 314 42 s'amassaient
747 704 64 40 les
835 708 110 35 têtes
968 703 238 40 détachées
1244 699 106 43 d'un
1392 709 126 43 geste
1549 699 163 49 adroit,
1740 697 64 40 les
1828 695 320 51 bigoudennes

118 774 272 50 chantaient,
426 787 115 39 pour
579 786 53 27 ne
656 786 80 40 pas
760 771 282 42 s'endormir.
1085 771 221 41 C'étaient
1323 767 391 44 d'interminables
1738 767 229 40 chansons
1992 768 21 37 à
2039 778 81 28 cou-

117 844 129 52 plets,
282 847 244 48 proposées
550 842 186 42 d'abord
757 857 80 38 par
861 842 218 53 quelques
1101 842 101 40 voix
1226 840 196 46 timides,
1446 848 41 31 et
1507 840 264 39 continuées
1806 840 22 36 à
1855 838 194 37 tue-tète
2072 849 79 38 par

118 913 38 39 le
180 912 156 40 chœur
351 914 142 38 entier
510 913 78 39 des
609 914 243 39 ouvrières.
875 910 64 43 Or
971 912 118 40 l'une
1109 911 54 40 de
1180 924 71 27 ces
1272 910 228 40 chansons
1522 909 107 39 était
1647 908 299 52 précisément
1965 905 39 40 la
2027 918 93 27 com-

118 981 167 53 plainte
314 981 58 40 du
418 981 241 47 Déserteur,
700 995 192 38 presque
934 981 186 52 pareille
1162 984 23 36 à
1223 980 108 40 celle
1364 979 53 39 de
1458 992 105 27 mon
1601 975 205 48 enfance,
1848 973 106 43 sauf
1990 987 87 40 que
2113 974 39 40 le

120 1051 146 40 soldat
303 1053 104 37 était
434 1050 172 40 devenu
631 1065 59 25 un
714 1052 161 47 marin,
912 1063 85 38 que
1020 1051 193 38 certains
1237 1047 159 41 détails
1421 1048 296 50 manquaient
1741 1046 53 40 de
1819 1045 153 50 clarté,
1997 1052 42 32 et
2063 1057 87 39 que

119 1120 39 39 la
183 1119 266 40 conclusion
473 1120 106 38 était
600 1118 101 52 plus
724 1117 330 52 mélancolique
1074 1126 41 31 et
1148 1117 101 51 plus
1272 1116 151 43 douce.
1460 1114 36 53 1)
1523 1129 8 25 :

223 1223 41 40 Je
288 1234 53 20 me
360 1224 75 31 suis
459 1224 190 41 embarqué
671 1225 18 28 à
713 1234 103 20 cause
838 1223 40 31 de
899 1234 99 27 vous,
1023 1224 197 30 maîtresse.

224 1273 46 31 Ce
290 1274 87 31 n'est
395 1278 68 39 pas
485 1284 47 20 un
557 1274 38 30 ni
614 1274 93 30 deux
721 1274 62 41 qui
802 1272 112 32 m'ont
932 1273 77 41 déjà
1033 1272 206 31 demandée.
1253 1271 47 32 Ce
1324 1271 165 43 n'estpas
1507 1281 49 20 un
1580 1270 40 31 ni
1637 1271 94 30 deux
1744 1281 65 30 que
1818 1268 72 44 fai
1905 1269 78 41 déjà
2006 1269 147 41 refusés.

224 1324 378 42 Hôtesse,logez-moi,
620 1328 31 26 et
668 1324 85 43 puis
772 1334 86 21 vous
879 1334 53 20 me
948 1323 95 31 direz
1059 1335 9 19 :
1097 1322 156 32 Touchez
1274 1322 11 31 l
1299 1326 131 37 argent
1453 1322 47 30 du
1519 1321 66 40 roi,
1611 1325 31 28 et
1668 1321 157 42 déserte%
1846 1322 119 42 après.
1994 1319 160 44 Touche%

114 1373 160 41 Targent
299 1374 39 30 de
355 1374 33 30 la
404 1373 137 38 nation,
566 1377 31 28 et
788 1384 92 21 avec-,

165 1423 132 42 Quand
326 1423 122 42 j'étais
471 1425 19 29 à
517 1424 165 39 déserter,
718 1425 34 40 je
790 1428 184 28 rencontre
1010 1434 81 21 mon
1133 1423 177 43 capitaine
1330 1435 10 19 :
1377 1422 196 39 Retourne,
1613 1432 84 21 mon
1729 1432 153 31 garçon,
1906 1425 168 28 retourne
2106 1432 46 20 au

124 1474 186 32 bataillon.

164 1524 47 31 Et
237 1525 85 36 moi,
338 1526 38 40 je
398 1524 54 31 lui
467 1525 106 39 obéis,
585 1526 39 40 je
650 1528 166 28 retourne
835 1525 19 30 à
876 1524 32 31 la
926 1535 156 21 caserne.
1106 1524 48 32 Et
1168 1526 38 40 je
1221 1524 106 31 retire
1346 1534 58 20 ma
1428 1523 160 42 tunique,
1614 1528 32 26 et
1654 1522 228 44 j'empoigne
1903 1533 85 21 mon
2005 1522 146 32 sabre...

164 1574 100 31 Dans
300 1585 83 20 mon
421 1575 173 39 malheur,
625 1574 69 42 fai
725 1577 56 29 tué
805 1585 83 21 mon
913 1575 188 42 capitaine.
1119 1575 48 31 Le
1190 1574 179 43 capitaine
1386 1575 70 39 tué,
1479 1573 30 31 le
1529 1583 138 32 garçon
1692 1577 51 28 est
1762 1573 80 31 bien
1859 1573 141 32 attristé
2020 1573 13 31 !
2051 1572 101 32 Dans

120 1625 95 30 deux
237 1635 43 20 ou
304 1624 87 32 trois
407 1625 121 41 jours,
553 1635 33 20 ce
605 1635 79 20 sera
706 1625 19 30 à
745 1635 83 20 mon
852 1629 91 28 tour.

165 1674 238 31 Bandez-moi
436 1674 51 31 les
529 1675 93 30 deux
646 1685 98 30 yeux
765 1686 81 21 avec
861 1686 48 20 un
927 1675 184 31 mouchoir
1133 1675 39 30 de
1195 1678 98 28 coton
1313 1674 89 31 bleu.
1424 1674 103 32 Celui
1548 1675 61 41 qui
1633 1684 53 21 me
1712 1678 99 28 tuera
1844 1684 79 21 sera
1949 1684 84 21 mon
2055 1673 80 32 meil-

122 1724 77 31 leur
218 1724 85 30 ami.

166 1774 46 32 Et
249 1785 98 29 vous,
381 1785 90 30 gars
494 1776 39 30 de
558 1786 84 20 mon
661 1780 108 40 pays,
786 1787 86 21 vous
898 1777 71 41 ireq
987 1777 19 30 à
1027 1776 34 31 la
1084 1776 156 37 maison,
1263 1780 31 28 et
1316 1776 72 31 moi
1400 1775 39 41 je
1462 1776 109 30 n'irai
1588 1780 82 38 pas.
1700 1774 94 32 Vous
1822 1775 96 31 direz
1941 1776 19 30 à
1979 1785 58 20 ma
2058 1776 94 30 mère

122 1835 63 31 que
195 1825 38 41 je
256 1824 75 31 suis
345 1825 194 42 embarqué
554 1827 19 29 à
597 1826 86 31 bord
705 1828 40 30 de
766 1827 33 31 la
823 1827 150 40 Nation,
995 1837 64 32 que
1073 1828 38 41 je
1128 1837 43 20 ne
1186 1827 204 31 reviendrai
1402 1826 153 41 jamais.

165 1874 61 31 Ma
264 1876 199 37 maîtresse,
498 1876 120 40 quand
649 1876 61 30 elle
748 1877 171 30 entendra
943 1876 83 39 cela,
1056 1878 185 31 sûrement
1263 1876 62 31 elle
1341 1876 180 43 pleurera.
1540 1876 48 33 Et
1603 1887 58 20 ma
1686 1878 94 29 mère
1799 1876 35 31 la
1857 1876 198 37 consolera,
2074 1879 33 29 et
2121 1875 29 32 le

124 1928 112 38 temps
254 1929 162 37 passera,
437 1929 31 27 et
485 1929 73 28 tout
576 1925 29 31 le
625 1926 127 31 monde
769 1926 169 33 oubliera.

179 2046 127 41 Cette
350 2048 200 40 chanson
585 2062 46 26 se
654 2048 160 40 chante
834 2062 75 26 sur
931 2048 114 40 deux
1069 2049 88 39 airs
1182 2046 76 53 (2).
1280 2046 64 42 Le
1367 2049 194 51 premier
1583 2056 70 32 est
1671 2060 88 28 une
1780 2056 118 32 sorte
1924 2047 53 40 de
1997 2048 125 38 varia-

125 2117 93 38 tion
257 2117 313 39 sentimentale
606 2131 76 26 sur
725 2117 96 39 l'air
861 2116 209 51 français.
1112 2116 63 40 Le
1206 2117 181 49 second,
1430 2116 235 52 beaucoup
1707 2117 102 51 plus
1852 2118 132 46 usité,
2011 2129 55 27 ne
2091 2116 61 40 lui

124 2183 244 40 ressemble
390 2197 54 26 en
461 2186 109 48 rien,
597 2187 114 38 mais
733 2185 164 49 dérive,
917 2199 54 26 en
990 2185 233 44 revanche,
1248 2185 54 40 de
1319 2183 97 42 l'air
1438 2185 55 40 de
1509 2185 157 40 l'autre
1686 2185 205 40 chanson
1912 2183 240 53 française,

122 2252 109 41 celle
273 2252 78 40 des
392 2255 107 38 trois
535 2254 237 40 chasseurs
823 2253 238 52 d'Angers.
1098 2253 245 54 N'avais-je
1366 2255 116 40 donc
1503 2268 80 38 pas
1604 2255 153 40 raison
1783 2255 52 39 de
1858 2255 141 39 croire
2022 2258 20 35 à
2065 2267 89 27 une

126 2321 218 41 influence
384 2323 54 39 de
470 2331 111 32 cette
604 2323 203 40 chanson
829 2337 76 26 sur
927 2323 39 40 la
988 2325 234 50 première,
1247 2328 20 35 à
1301 2325 74 51 qui
1401 2337 82 27 son
1515 2324 65 39 air
1597 2328 146 35 même
1762 2338 21 26 a
1802 2328 70 36 été
1898 2323 214 53 appliqué
2136 2327 16 36 ?

183 2415 125 41 Voici
344 2414 120 42 enfin
498 2430 86 27 une
607 2417 202 41 chanson
833 2427 94 31 tout
949 2422 21 36 à
995 2417 79 41 fait
1094 2418 214 41 moderne
1326 2429 7 27 :
1378 2418 84 40 elle
1486 2418 101 40 date
1623 2418 289 53 aujourd'hui
1936 2418 106 41 d'un
2068 2432 85 39 peu

125 2486 148 38 moins
311 2486 56 39 de
410 2485 112 41 deux
558 2500 98 34 ans,
696 2496 40 30 et
760 2501 21 25 a
810 2488 100 39 trait
945 2491 21 36 à
1011 2487 39 40 la
1096 2486 291 42 distribution
1436 2488 54 39 de
1533 2501 182 27 secours
1750 2490 76 50 qui
1867 2497 74 31 eut
1985 2488 89 41 lieu
2099 2502 55 27 en

124 2553 230 51 Bretagne
390 2554 113 40 dans
540 2555 156 41 l'hiver
727 2556 54 39 de
807 2569 230 38 1902-1903
1084 2555 121 42 C'est
1230 2570 86 27 une
1340 2556 201 41 chanson
1566 2559 236 51 satirique,
1830 2564 57 36 où
1914 2557 89 41 l'on
2025 2557 129 41 raille

127 2621 385 53 l'empressement
553 2624 78 40 des
677 2625 142 40 riches
844 2629 21 35 à
911 2625 184 41 toucher
1137 2625 63 40 les
1224 2625 116 41 bons
1363 2626 54 39 de
1440 2627 122 51 pain.
1588 2625 51 56 Je
1656 2626 71 40 l'ai
1754 2627 225 40 recueillie
2001 2627 129 51 égale-

126 2700 121 30 ment
268 2695 21 35 à
329 2690 376 52 Saint-Guénolé,
746 2695 113 39 dans
889 2709 59 25 un
985 2694 154 41 atelier
1155 2695 54 40 de
1228 2704 242 31 metteuses
1493 2709 53 26 en
1571 2695 145 41 boîtes
1739 2711 8 33 ;
1775 2697 28 39 il
1829 2695 142 42 fallait
1995 2698 99 39 voir
2114 2697 39 40 le

124 2762 175 37 sourire
342 2761 77 40 des
454 2761 106 41 frais
598 2765 195 48 visages,
825 2777 106 27 sous
969 2764 40 39 la
1030 2768 115 37 crête
1168 2763 208 49 blanche,
1404 2779 83 26 aux
1512 2765 221 41 allusions
1752 2770 21 35 à
1800 2765 56 41 tel
1882 2775 40 31 et
1945 2766 56 40 tel
2026 2780 103 27 acca-

128 2841 162 37 pareur
304 2829 59 40 du
388 2827 249 51 Guilvinec,
659 2831 37 40 le
717 2841 98 42 port
835 2833 146 39 voisin
1007 2831 56 53 (3)
1092 2848 6 24 :

172 2946 98 30 Dans
292 2945 186 33 Guilvinec
499 2947 25 31 il
539 2959 26 29 y
585 2959 20 19 a
626 2949 58 30 des
705 2959 90 30 gens
814 2948 99 41 fiers,
934 2949 60 41 qui
1015 2953 60 26 ont
1097 2950 39 30 de
1158 2949 34 31 la
1207 2951 106 41 peine
1336 2951 90 30 dans
1447 2951 78 30 leur
1540 2961 106 23 cœur.

172 2996 46 29 Ils
235 3006 42 19 ne
296 3001 81 27 sont
387 3001 69 38 pas
477 2998 208 40 tranquilles
702 2998 90 31 dans
813 2998 77 31 leur
909 2999 154 39 aisance,
1080 2999 104 41 qu'ils
1206 3010 20 19 n
1236 2999 104 32 'aient
1361 3002 133 39 mangé
1510 3001 30 30 le
1552 3001 90 42 pain
1660 3002 59 30 des
1735 3006 158 39 pauvres
1912 3012 106 31 gens.

170 3045 139 32 Devant
329 3045 29 31 le
374 3046 130 42 porche
525 3047 39 31 de
586 3046 148 42 l'église,
752 3048 24 30 il
789 3059 27 29 y
828 3059 20 19 a
870 3059 69 20 une
949 3048 103 42 foule
1075 3049 40 30 de
1134 3049 139 38 monde,
1298 3050 19 29 à
1338 3050 163 31 chercher
1520 3051 47 30 du
1580 3052 106 41 pain.

172 3095 47 32 Et
237 3096 128 32 devant
376 3096 34 30 la
432 3097 140 38 mairie,
595 3096 81 33 Test
694 3097 33 31 la
750 3099 111 30 même
878 3099 111 31 chose.
1009 3098 49 31 Ils
1072 3102 84 28 vont
1178 3102 141 28 trouver
1341 3099 30 31 le
1393 3104 147 36 recteur,
1561 3101 53 31 lui
1636 3102 118 32 disent
1769 3102 97 31 leurs
1886 3103 158 34 raisons.

171 3145 48 31 Ils
242 3147 153 31 écrivent
418 3148 19 29 à
456 3147 33 30 la
510 3147 140 40 mairie,
672 3146 102 44 qu'ils
794 3152 61 28 ont
877 3148 177 43 beaucoup
1079 3149 39 30 de
1139 3149 108 31 dettes
1270 3159 63 21 sur
1350 3150 78 31 leur
1446 3151 156 33 maison.

172 3307 49 44 (1)
244 3309 39 38 Je
311 3309 79 32 dois
428 3309 61 33 des
528 3309 295 34 remerciements
843 3311 231 40 particuliers
1097 3316 18 30 à
1137 3314 35 31 M
1246 3315 147 38 Berthe,
1413 3316 181 33 Hortense
1616 3325 34 26 et
1668 3318 173 33 Marcelle
1861 3321 176 42 Dupouy,
2057 3321 95 33 ainsi

123 3360 87 40 qu'à
245 3360 270 34 Marie-Hélène
552 3362 154 34 Leberre
732 3376 6 20 :
776 3361 139 42 jamais,
959 3375 83 21 sans
1083 3368 78 29 leur
1186 3365 94 39 aide,
1301 3368 33 41 je
1367 3377 43 23 ne
1444 3368 111 32 serais
1580 3368 116 33 arrivé
1716 3372 18 30 à
1755 3370 134 34 établir
1907 3371 35 32 ni
1963 3379 147 26 surtout
2135 3374 19 31 à

128 3409 162 34 traduire
313 3420 40 23 ce
374 3419 96 25 texte
487 3411 160 34 difficile.

174 3458 47 42 (2)
241 3459 234 44 Supplément
496 3464 152 30 musical
654 3488 7 14 ,
686 3464 59 33 IX.

173 3509 50 44 (3)
249 3509 233 44 Supplément
497 3513 150 31 musical
653 3539 6 14 ,
677 3514 43 32 X.
