2248 3678
166 187 23 0 608

698 156 51 26 LA
782 153 208 29 CHANSON
1024 151 252 30 POPULAIRE
1311 148 247 37 FRANÇAISE

163 250 87 41 Les
272 249 173 42 thèmes
469 249 218 41 ci-dessus
711 247 344 54 appartenaient
1080 248 21 37 à
1143 244 78 41 des
1245 242 230 41 chansons
1495 240 55 40 de
1573 239 142 40 danse
1758 250 57 28 ou
1851 236 54 40 de
1941 235 201 42 marche.

109 319 311 42 Considérons
471 320 283 39 maintenant
797 329 89 28 une
929 324 123 32 autre
1093 313 196 42 formule
1328 310 261 52 mélodique
1626 309 107 40 dun
1776 310 226 38 caractère
2046 306 101 52 plus

108 394 173 37 sévère.

167 459 128 41 Voici
310 459 39 40 le
363 459 195 51 premier
572 469 101 28 vers
696 454 348 42 d'unechanson
1059 452 332 42 d'aventuriers
1413 451 125 41 duxv
1543 455 14 16 c
1581 449 149 48 siècle,
1753 448 110 41 dont
1882 447 38 41 le
1940 447 207 52 précieux

112 529 164 40 recueil
297 527 54 40 de
375 525 174 42 Gaston
573 525 127 40 Paris
720 533 42 32 et
783 522 194 43 Gevaert
1002 524 152 40 donne
1179 523 39 40 le
1236 531 116 32 texte
1372 521 210 53 complet,
1606 528 41 32 et
1679 532 86 39 que
1802 518 38 40 le
1874 531 20 26 2
1901 522 15 16 e
1952 516 111 41 livre
2094 516 54 42 de

112 595 279 41 YOdhecaton
400 626 10 20 ,
447 596 209 51 imprimé
673 608 82 39 par
774 592 205 41 Petrucci
1004 606 55 27 en
1082 607 122 38 1501,
1231 596 209 49 présente
1458 604 107 28 sous
1590 590 39 40 la
1651 588 146 41 forme
1816 589 209 40 suivante
2051 585 57 55 (1)
2138 602 7 27 :

172 968 97 42 Une
293 968 202 41 chanson
512 966 206 42 d'amour
738 970 144 37 restée
904 965 114 40 dans
1039 965 37 40 la
1105 964 215 41 tradition
1365 962 238 54 populaire
1626 973 261 29 commence
1913 960 115 39 ainsi
2054 956 56 55 (2)
2139 972 7 26 :

172 1543 64 41 De
259 1547 144 36 même
428 1543 38 40 la
493 1541 173 42 célèbre
686 1542 203 41 chanson
913 1541 54 40 de
990 1539 111 42 Jean
1123 1540 187 41 Renaud
1332 1539 59 54 (3)
1418 1554 8 26 :

175 1913 152 51 Enfin,
353 1916 112 39 voici
484 1929 60 25 un
569 1922 125 31 autre
714 1913 149 47 chant,
900 1912 178 52 rythmé
1117 1910 354 47 différemment,
1514 1924 56 27 ou
1595 1923 115 39 pour
1752 1912 149 38 mieux
1937 1910 95 40 dire
2065 1924 90 26 non

122 1983 189 53 rythmé,
332 1985 192 50 puisque
555 1981 106 42 c'est
694 1997 59 26 un
790 1981 310 53 plain-chant,
1142 1987 56 34 où
1237 1994 116 27 nous
1387 1981 350 40 reconnaissons
1773 1988 280 32 exactement
2092 1980 63 41 les

124 2057 168 35 mêmes
309 2053 235 39 inflexions
569 2051 283 52 mélodiques
887 2059 41 32 et
951 2051 40 38 la
1020 2053 145 37 même
1200 2050 153 50 ligne':

186 2408 63 41 Ce
269 2408 192 48 dernier,
484 2416 139 43 quant
645 2421 84 25 aux
753 2407 216 49 origines,
996 2420 115 26 nous
1134 2411 183 35 ramène
1335 2410 20 36 à
1382 2420 87 26 une
1502 2411 177 48 époque
1712 2406 105 41 bien
1857 2408 103 52 plus
1984 2408 175 41 reculée

126 2491 163 28 encore
311 2491 85 38 que
414 2477 62 39 les
499 2476 226 40 chansons
757 2477 74 51 qui
867 2477 178 38 avaient
1066 2475 151 41 donné
1244 2475 87 40 lieu
1358 2480 21 35 à
1414 2475 39 40 la
1495 2475 338 42 confrontation
1872 2477 283 52 précédente.

132 2545 99 53 Que
254 2547 38 38 le
326 2547 147 38 thème
497 2545 245 52 liturgique
772 2547 60 38 ait
856 2558 57 27 ou
934 2558 88 27 non
1047 2547 117 38 servi
1205 2545 294 40 directement
1527 2545 54 40 de
1623 2546 177 40 modèle
1824 2561 85 26 aux
1939 2547 221 41 mélodies

132 2614 228 54 profanes,
387 2613 102 42 c'est
515 2627 46 27 ce
585 2628 86 38 que
692 2627 115 28 nous
837 2627 53 27 ne
911 2616 209 38 saurions
1147 2611 201 43 affirmer
1370 2627 55 27 en
1452 2623 122 32 toute
1595 2616 218 40 certitude
1837 2627 7 28 :
1870 2630 56 26 en
1948 2625 96 33 tout
2068 2631 91 36 cas,

134 2684 28 40 il
182 2698 21 26 a
226 2682 103 42 suffi
349 2681 221 55 d'ajouter
589 2688 20 34 à
638 2696 46 27 ce
706 2684 149 42 chant,
882 2696 148 27 connu
1056 2683 53 40 de
1131 2692 95 31 tout
1263 2683 39 40 le
1341 2684 165 40 monde
1532 2698 56 26 au
1613 2698 164 40 moyen
1798 2689 100 48 âge,
1926 2686 39 40 le
1984 2688 176 52 rythme

134 2766 159 38 propre
311 2768 54 24 au
390 2752 112 52 style
525 2752 249 52 populaire,
798 2766 114 38 pour
931 2766 53 26 en
1007 2754 246 38 constituer
1292 2752 227 52 plusieurs
1552 2754 220 41 mélodies
1815 2755 198 54 d'aspect
2051 2771 82 28 nou-

132 2834 129 38 veau,
286 2822 107 39 dont
413 2821 29 39 il
466 2835 39 33 a,
527 2822 351 39 consciemment
903 2834 56 27 ou
981 2835 106 35 non,
1111 2823 115 38 mais
1250 2822 53 39 de
1323 2820 132 52 façon
1475 2822 217 52 effective,
1719 2823 149 42 fourni
1895 2826 38 39 la
1954 2828 204 40 matière.

190 2889 116 40 Mais
330 2903 70 26 ces
422 2889 226 52 exemples
662 2903 54 26 ne
736 2899 101 31 sont
859 2903 160 27 encore
1044 2904 85 38 que
1150 2891 78 39 des
1267 2889 251 52 fragments
1560 2893 299 52 mélodiques,
1897 2901 263 46 empruntés

135 2962 23 35 à
182 2958 77 39 des
280 2958 224 39 chansons
534 2957 255 40 différentes
827 2973 79 36 par
929 2959 62 39 les
1026 2961 177 49 poésies
1226 2969 41 30 et
1301 2961 39 39 le
1369 2967 238 34 caractère.
1644 2961 233 54 Essayons
1901 2964 55 39 de
1981 2973 181 33 trouver

132 3026 81 39 des
236 3039 188 38 preuves
457 3025 100 52 plus
582 3024 323 52 significatives
929 3027 53 39 de
1006 3027 40 39 la
1072 3029 279 50 persistance
1375 3029 55 40 de
1463 3029 40 40 la
1529 3030 202 41 chanson
1755 3032 242 52 populaire
2021 3038 21 36 à
2076 3044 65 32 tra-

133 3108 100 28 vers
250 3095 63 40 les
330 3095 155 40 siècles
508 3107 55 27 en
584 3094 289 41 recherchant
898 3096 35 39 si
952 3098 220 39 certaines
1187 3097 228 41 chansons
1430 3101 297 40 entièrement
1747 3104 291 51 constituées,
2056 3119 106 26 avec

134 3164 118 39 leurs
275 3163 177 52 paroles
487 3172 40 31 et
550 3163 94 40 leur
683 3165 225 51 musique,
953 3166 249 40 recueillies
1238 3167 54 41 de
1318 3181 83 27 nos
1434 3169 140 53 jours,
1610 3171 168 40 étaient
1819 3171 97 54 déjà
1960 3186 202 29 connues

135 3231 227 41 autrefois.
381 3231 141 48 Voici,
545 3247 80 37 par
639 3234 217 52 exemple,
882 3248 88 26 une
993 3234 203 42 chanson
1211 3236 53 41 de
1285 3250 126 36 noce,
1428 3236 107 42 d'un
1559 3246 224 35 caractère
1802 3246 87 36 très
1910 3256 155 37 grave,
2085 3248 77 48 qui

178 3396 46 41 (1)
254 3396 185 32 Chansons
460 3399 44 30 du
525 3403 58 26 xv°
604 3399 102 31 siècle
713 3425 7 14 ,
739 3407 37 24 n°
800 3400 227 34 CXXXYIII.
1109 3404 230 33 Harmonicœ
1356 3408 156 31 musices
1534 3408 203 34 Odhecaton
1746 3436 8 13 ,
1779 3412 27 31 B
1852 3413 18 32 f.
1899 3423 51 29 14.

178 3446 8 40 (
194 3457 16 20 2
217 3446 9 41 )
248 3446 185 40 V.JULIEN
461 3449 159 38 JIERSOT,
644 3450 167 32 Mélodies
831 3453 206 41 populaires
1061 3455 58 30 des
1134 3457 192 41 provinces
1348 3458 40 31 de
1414 3458 139 32 France
1560 3484 7 13 ,
1590 3466 38 25 N°
1652 3472 54 30 17.

180 3496 48 43 (3)
409 3497 66 38 E.,
639 3500 159 33 Histoire
816 3504 39 29 de
874 3503 33 30 la
924 3503 157 32 chanson
1099 3506 193 42 populaire
1299 3533 6 14 ,
1327 3519 37 30 p.
1391 3519 53 31 14.
