2248 3678
705 165 49 25 LA
788 165 206 28 CHANSON
1030 166 251 29 POPULAIRE
1316 169 243 35 FRANÇAISE

2057 164 80 49 605

122 253 79 41 des
244 253 115 41 deux
383 256 262 51 précédents
684 254 75 54 (et,
797 258 104 40 sauf
938 273 115 38 pour
1088 261 38 39 le
1157 261 133 41 chant
1328 265 259 48 grégorien,
1628 278 114 27 nous
1784 279 54 27 ne
1881 275 260 32 remontons

124 336 81 38 pas
240 324 103 52 plus
383 324 108 42 haut
515 326 113 40 dans
661 326 39 40 la
725 328 227 52 pratique)
994 343 54 26 ne
1086 340 191 42 peuvent
1318 333 170 39 revivre
1528 346 86 38 que
1646 348 80 37 par
1759 334 78 40 des
1880 334 152 41 efforts
2066 336 75 51 qui

124 394 268 51 participent
429 404 155 32 autant
607 395 54 40 de
686 395 318 53 l'archéologie
1038 412 86 38 que
1165 400 55 38 de
1255 398 114 42 l'art.

180 461 33 40 Il
250 475 55 26 en
343 472 66 31 est
433 472 95 32 tout
552 463 330 42 différemment
901 480 115 37 pour
1055 467 39 40 la
1119 468 202 40 chanson
1344 470 249 50 populaire.
1622 468 117 43 Sans
1774 470 176 42 tomber
1971 471 113 39 dans
2102 471 39 39 le

123 538 170 32 travers
313 532 77 39 des
413 541 181 32 auteurs
611 534 76 50 qui
713 534 167 40 aiment
905 538 21 36 à
954 535 219 41 attribuer
1195 551 84 25 aux
1300 536 144 53 objets
1476 538 53 40 de
1563 539 95 40 leur
1682 541 215 39 attention
1923 540 77 40 des
2024 541 93 39 anti-

123 600 148 50 quités
295 599 276 48 fabuleuses,
597 614 115 27 nous
737 615 205 38 pouvons
981 607 91 37 être
1098 610 179 34 assurés
1300 606 53 39 de
1389 606 267 49 l'existence,
1698 607 77 41 dès
1818 609 39 39 le
1884 623 53 24 xv
1942 616 14 15 e
1989 609 147 49 siècle,

122 667 56 40 de
200 671 219 38 certaines
443 670 226 40 chansons
694 676 256 36 retrouvées
987 673 52 39 de
1065 686 82 26 nos
1180 674 122 50 jours
1338 674 112 40 dans
1489 675 39 39 la
1549 678 215 38 mémoire
1794 677 58 40 du
1877 677 162 52 peuple
2066 693 7 24 :
2097 686 41 31 et

122 748 106 28 sans
251 737 136 41 doute
427 738 61 40 les
520 740 197 48 vestiges
754 752 87 38 que
864 752 114 27 nous
1018 750 237 42 apportent
1288 742 62 39 les
1393 744 131 38 écrits
1568 744 53 39 de
1663 758 46 25 ce
1742 745 210 51 temps-là
1980 759 132 38 appar-

122 806 214 50 tiennent,
363 820 81 38 par
463 806 96 40 leur
582 808 191 48 origine,
794 811 22 35 à
841 820 87 27 une
948 812 176 48 époque
1148 808 103 41 bien
1276 811 100 49 plus
1398 813 230 37 ancienne.

178 885 153 52 Quant
352 891 21 35 à
392 887 40 39 la
457 886 212 40 diffusion
687 888 54 39 de
758 888 38 39 la
822 888 203 40 chanson
1049 889 235 51 populaire
1307 889 222 51 française
1559 895 21 34 à
1616 899 169 32 travers
1822 891 203 52 l'espace,
2052 893 84 40 elle

122 969 21 25 a
169 955 150 39 donné
338 955 87 40 lieu
451 959 22 35 à
493 955 79 39 des
592 954 314 41 observations
929 957 338 49 intéressantes,
1296 971 86 38 que
1415 955 174 42 Gaston
1613 957 128 40 Paris
1772 973 22 24 a
1834 964 226 35 résumées
2082 974 54 25 en

121 1036 71 27 ces
215 1032 116 31 mots
356 1022 118 42 brefs
494 1032 40 32 et
549 1025 142 50 précis
715 1035 7 27 :
745 1035 21 28 «
787 1022 63 42 Le
871 1029 142 36 trésor
1028 1025 54 39 de
1103 1025 39 40 la
1168 1027 152 50 poésie
1341 1025 320 53 lyrico-épique
1683 1039 85 39 que
1791 1040 114 27 nous
1930 1028 207 40 étudions

120 1100 80 40 est,
242 1092 101 51 plus
367 1106 56 27 ou
448 1094 149 39 moins
620 1093 362 52 complètement,
1029 1094 112 39 dans
1170 1107 46 27 sa
1253 1093 142 41 forme
1434 1104 41 31 et
1504 1095 112 40 dans
1641 1108 80 27 son
1764 1094 122 49 fond,
1912 1109 163 38 propre
2097 1105 40 30 et

121 1173 212 28 commun
355 1166 21 35 à
402 1162 39 39 la
467 1161 186 48 France,
680 1166 21 35 à
735 1162 41 39 la
797 1161 255 51 Catalogne
1075 1171 40 31 et
1140 1177 53 25 au
1220 1162 223 41 Piémont.
1467 1174 21 27 ))
1514 1162 89 41 Par
1622 1163 40 40 la
1693 1163 185 52 France,
1905 1164 39 40 le
1974 1173 159 31 savant

121 1238 158 32 auteur
301 1230 161 40 entend
486 1239 146 31 toutes
656 1230 63 40 les
738 1232 178 50 régions
935 1237 55 34 où
1009 1230 89 41 l'on
1115 1232 124 52 parle
1255 1230 210 52 français,
1493 1234 119 38 aussi
1643 1231 101 41 bien
1771 1246 54 26 au
1846 1232 164 40 dehors
2034 1230 101 54 qu'à

122 1298 244 40 l'intérieur
387 1299 54 39 de
464 1312 83 27 nos
570 1298 238 42 frontières
830 1300 258 52 politiques.
1116 1299 63 41 Ce
1202 1309 124 31 vaste
1350 1302 235 48 territoire,
1618 1305 21 35 à
1664 1300 259 41 l'exclusion
1943 1302 53 39 de
2036 1310 99 31 tous

122 1376 165 42 autres,
313 1368 191 51 possède
528 1383 59 25 un
623 1367 132 41 fonds
777 1382 210 26 commun
1013 1369 52 39 de
1089 1369 226 40 chansons
1349 1369 358 40 traditionnelles
1730 1369 53 40 de
1804 1373 169 36 mêmes
1997 1371 136 49 sujets

120 1444 41 32 et
186 1436 53 40 de
261 1440 168 36 mêmes
449 1436 182 40 formes.
679 1448 21 27 ((
725 1435 123 41 Elles
886 1450 54 26 ne
976 1446 117 37 sont,
1118 1437 121 40 dit-il
1262 1450 176 36 encore,
1472 1437 255 52 identiques
1750 1438 54 39 de
1826 1436 142 42 forme
2004 1437 130 52 qu'en

123 1505 185 48 France,
350 1519 55 25 en
438 1504 255 52 Catalogne
728 1514 41 31 et
811 1519 54 26 en
886 1505 226 51 Piémont,
1154 1515 41 30 et
1230 1514 109 32 cette
1379 1506 184 40 identité
1604 1506 54 39 de
1691 1505 157 48 forme,
1876 1510 21 35 à
1940 1506 194 52 quelque

123 1578 175 47 époque
318 1582 41 31 et
390 1573 54 40 de
465 1573 193 52 quelque
682 1575 199 38 manière
918 1572 160 53 qu'elle
1111 1587 46 26 se
1197 1577 85 38 soit
1306 1575 220 51 produite,
1568 1573 245 52 s'explique
1836 1588 81 37 par
1947 1574 187 40 l'étroite

122 1647 199 47 parenté,
345 1651 175 31 surtout
544 1656 54 26 au
624 1644 124 49 point
786 1642 53 39 de
861 1655 84 26 vue
969 1642 271 52 rythmique,
1277 1643 78 40 des
1391 1643 190 40 idiomes
1615 1655 181 27 romans
1834 1642 148 52 parlés
2022 1643 111 40 dans

120 1724 72 26 ces
217 1712 108 38 trois
347 1712 196 48 régions.
653 1709 123 40 Tous
801 1718 75 31 ont
900 1723 53 26 en
971 1723 211 27 commun
1206 1710 39 40 la
1270 1710 348 52 prédominance
1650 1710 78 40 des
1749 1710 261 40 désinences
2034 1724 75 39 oxy-

122 1781 207 50 toniques
351 1792 76 26 sur
451 1778 62 40 les
552 1779 398 52 paroxytoniques,
973 1791 54 26 en
1046 1787 118 31 sorte
1201 1777 183 53 qu'avec
1409 1779 54 39 de
1500 1779 171 50 légères
1714 1777 333 42 modifications
2071 1779 62 39 les

119 1860 99 27 vers
241 1851 238 48 composés
496 1846 115 40 dans
631 1861 60 25 un
711 1846 53 40 de
796 1859 71 26 ces
884 1846 172 52 parlers
1077 1855 76 31 ont
1176 1860 58 38 pu
1258 1859 157 39 passer
1430 1847 114 39 dans
1565 1846 62 40 les
1651 1855 149 31 autres
1824 1853 35 33 et
1881 1861 18 23 s
1911 1861 30 37 y
1962 1846 173 40 chanter

119 1931 72 24 sur
211 1916 36 38 le
263 1918 130 36 même
413 1915 65 39 air
502 1929 53 25 ou
573 1929 73 25 sur
668 1930 57 23 un
748 1914 66 40 air
832 1914 228 39 semblable
1082 1913 77 53 (i).
1187 1925 19 27 ))

175 1996 151 52 Enfin,
352 1999 35 37 si
412 1997 88 39 l'on
525 1994 91 42 s'en
635 1998 108 38 tient
761 2010 83 26 aux
868 1997 138 51 sujets
1042 1996 77 40 des
1143 1995 240 49 chansons,
1409 1994 89 41 l'on
1520 2004 255 31 retrouvera
1800 1993 335 53 fréquemment

122 2067 61 40 les
204 2070 168 35 mêmes
396 2065 186 49 thèmes,
628 2066 153 38 traités
823 2064 169 52 parfois
1041 2063 133 41 d'une
1210 2066 199 38 manière
1439 2068 340 36 étonnamment
1818 2063 200 52 pareille,
2043 2077 90 27 non

120 2135 248 40 seulement
391 2147 113 39 pour
527 2134 62 40 les
614 2132 117 51 faits,
766 2135 114 38 mais
900 2147 113 38 pour
1032 2133 175 40 l'allure
1229 2141 41 31 et
1295 2132 38 40 le
1357 2141 75 31 ton
1453 2133 58 39 du
1535 2133 105 38 récit
1672 2140 41 31 et
1737 2145 114 38 pour
1874 2131 64 40 les
1973 2131 162 40 détails

122 2205 61 38 les
207 2204 101 51 plus
331 2204 401 50 caractéristiques,
759 2215 54 26 en
835 2201 232 52 Espagne,
1093 2214 54 27 en
1169 2200 242 50 Bretagne,
1433 2214 54 26 en
1523 2199 167 40 Ecosse
1713 2208 41 31 et
1775 2199 282 51 Angleterre,
2079 2213 55 26 en

123 2271 269 48 Néerlande,
414 2285 55 26 en
492 2270 284 50 Allemagne,
814 2283 55 26 en
906 2268 302 41 Scandinavie
1230 2267 195 53 (surtout
1463 2281 55 26 en
1559 2265 293 55 Danemark),
1895 2272 146 36 même
2078 2281 53 27 en

125 2339 155 51 Grèce,
307 2340 113 40 dans
439 2340 63 39 les
534 2351 112 40 pays
685 2338 146 40 slaves
873 2351 56 26 ou
954 2351 54 26 en
1048 2336 203 51 Hongrie
1302 2335 117 40 Mais
1444 2337 62 39 les
1527 2335 166 40 formes
1717 2335 77 40 des
1817 2338 177 49 poésies
2025 2345 103 31 sont

122 2411 52 38 ici
199 2417 145 31 toutes
367 2406 270 48 différentes,
663 2415 56 40 et,
743 2409 416 48 conséquemment,
1186 2405 63 40 les
1269 2403 165 41 formes
1460 2404 240 39 musicales
1725 2406 141 38 aussi.

176 2476 128 40 Nous
323 2476 263 47 voudrions,
611 2489 80 37 par
721 2474 217 52 quelques
964 2473 226 52 exemples
1210 2474 402 49 caractéristiques,
1639 2472 171 39 donner
1845 2472 77 39 des
1942 2485 189 38 preuves

122 2546 78 39 des
234 2547 163 38 vérités
428 2544 224 40 ci-dessus
686 2547 234 35 énoncées.

176 2619 128 42 Nous
329 2633 141 27 avons
507 2618 191 51 signalé,
724 2618 111 40 dans
860 2617 39 39 la
935 2615 334 53 bibliographie
1305 2617 235 50 imprimée
1578 2614 170 40 d'autre
1787 2622 111 44 part,
1926 2613 38 40 le
1980 2612 81 50 Jeu
2084 2614 49 39 de

120 2688 145 40 Robin
286 2695 40 32 et
346 2686 179 42 Marion
565 2700 175 27 comme
764 2684 275 42 renfermant
1056 2685 77 39 des
1156 2685 217 40 mélodies
1395 2685 74 51 qui
1494 2697 54 26 ne
1572 2692 100 31 sont
1706 2695 79 39 pas
1808 2682 53 39 de
1885 2682 39 39 la
1947 2695 154 38 compo-

122 2759 135 39 sition
281 2756 189 40 d'Adam
495 2756 53 39 de
581 2755 41 39 la
647 2754 145 49 Halle,
816 2755 113 39 mais
1025 2762 40 31 et
1087 2753 89 40 cela
1202 2766 115 27 nous
1349 2761 66 32 est
1437 2752 101 52 plus
1574 2753 204 50 précieux
1802 2763 158 27 encore
2055 2749 76 41 des

124 2823 229 42 chansons
381 2824 259 52 populaires
665 2837 86 38 que
771 2823 39 39 le
832 2827 204 35 trouvère
1071 2823 191 38 artésien
1307 2836 21 24 a
1364 2822 178 38 réunies
1565 2820 112 39 dans
1704 2833 81 26 son
1808 2819 108 51 petit
1936 2831 197 36 ouvrage

120 2895 230 50 scénique,
397 2900 315 33 transmettant
767 2892 113 39 ainsi
913 2895 21 35 à
975 2890 40 40 la
1053 2892 214 50 postérité
1302 2904 60 25 un
1405 2888 161 41 recueil
1607 2889 168 50 unique
1815 2887 52 39 de
1907 2886 225 40 chansons

121 2962 257 52 populaires
399 2960 242 52 françaises
661 2961 58 39 du
739 2975 75 25 xm
820 2967 13 15 e
867 2959 147 46 siècle,
1038 2959 39 39 le
1100 2959 100 51 plus
1234 2960 156 38 ancien
1416 2959 73 50 qui
1512 2970 114 27 nous
1650 2958 59 38 ait
1730 2960 67 36 été
1820 2959 212 35 conservé
2051 2968 79 38 par

120 3029 233 41 l'écriture.

179 3097 314 41 Recherchons
516 3099 36 37 si
573 3097 327 50 quelques-uns
930 3096 53 39 de
1006 3108 71 27 ces
1100 3095 156 39 chants
1295 3102 101 32 sont
1418 3107 141 26 venus
1601 3091 170 53 jusqu'à
1811 3104 114 27 nous
1967 3104 80 38 par
2090 3090 37 40 la

120 3166 210 40 tradition
361 3165 135 40 orale.

176 3233 232 40 Plusieurs
433 3240 196 42 auteurs,
656 3231 311 52 Monmerqué,
1003 3231 52 40 A.
1100 3230 192 48 Dinaux,
1331 3230 54 39 de
1424 3228 351 47 Coussemaker,
1820 3226 241 52 Chouquet
2086 3235 40 31 et

164 3424 46 43 (1)
234 3424 144 32 GASTON
402 3424 116 34 PARIS,
549 3422 65 31 Les
637 3423 122 30 chants
773 3422 208 42 populaires
1005 3422 44 31 du
1074 3422 168 31 Piémont
1248 3446 6 14 ,
1279 3419 130 34 extrait
1433 3420 47 32 du
1502 3419 154 40 Journal
1683 3419 57 31 des
1761 3417 155 33 Savants
1921 3443 9 17 ,
1967 3425 138 33 septem-

123 3474 281 32 bre-novembre
425 3473 104 43 1889,
550 3484 64 29 pp.
644 3483 54 31 17,
724 3483 53 31 19,
802 3481 52 33 15.
