2248 3678
690 151 52 27 LA
777 145 209 31 CHANSON
1022 140 256 31 POPULAIRE
1312 131 249 39 FRANÇAISE

99 154 86 42 610

107 259 105 42 livre
233 256 51 41 de
303 254 210 42 chansons
538 246 309 43 nouvellement
863 241 268 55 composé...,
1160 236 105 41 chez
1287 232 168 42 Adrien
1480 227 39 41 le
1551 225 99 52 Roy
1673 230 42 33 et
1739 220 173 41 Robert
1932 213 208 47 Ballard,.

106 331 95 50 1561
230 341 8 26 :
271 336 115 30 nous
419 336 28 40 y
480 329 234 38 trouvons,
753 325 105 30 avec
892 310 65 40 les
988 306 181 56 paroles
1202 305 79 40 des
1310 300 218 55 premiers
1564 291 221 54 couplets,
1811 288 40 41 le
1872 286 150 41 thème
2048 297 72 27 sui-

100 405 108 34 vant
230 394 57 55 (1)
315 411 7 24 :

154 752 119 42 C'est
298 764 85 40 peu
407 748 53 40 de
478 747 135 40 chose
635 743 320 42 certainement
974 749 8 36 ;
1005 738 132 45 mais,
1160 747 72 29 ces
1254 733 109 40 trois
1387 739 220 34 mesures,
1631 739 20 27 c
1668 731 67 33 est
1758 721 38 40 le
1822 716 133 43 motif
1971 714 167 47 initial,

99 824 40 39 le
160 823 126 53 point
306 820 54 41 de
383 819 172 51 départ,
582 815 39 41 la
646 814 143 53 partie
812 808 256 44 essentielle
1091 806 55 41 de
1169 805 39 41 la
1231 800 197 44 mélodie
1453 814 8 33 ;
1488 806 41 32 et
1550 795 94 42 cela
1669 791 125 43 sufht
1819 794 23 36 à
1867 801 116 28 nous
2006 799 105 28 assu-

99 905 69 27 rer
187 904 86 39 que
296 889 41 40 la
361 888 218 44 chanson,
607 882 204 53 toujours
846 880 132 53 jeune
1010 885 42 32 et
1082 872 185 49 fraîche,
1297 870 177 42 existait
1508 865 98 53 déjà
1641 866 27 38 il
1689 877 27 38 y
1739 876 22 26 a
1786 868 112 34 trois
1918 856 159 42 siècles
2097 862 41 32 et

102 962 135 39 demi.

157 1122 69 40 En
247 1119 118 41 voilà
392 1129 121 28 assez
534 1128 113 40 pour
668 1113 108 40 faire
796 1113 230 38 connaître
1050 1108 10 39 1
1081 1107 264 40 ancienneté
1365 1103 54 39 cle
1456 1102 39 38 la
1521 1100 206 41 chanson
1750 1096 237 53 populaiie
2012 1093 101 40 fian-

104 1192 116 49 çaise
242 1197 41 31 et
305 1200 69 27 ses
387 1184 362 55 pérégrinations
771 1185 22 35 à
819 1189 170 31 travers
1013 1177 40 39 le
1072 1185 159 40 temps.
1259 1169 331 45 Observons-la
1612 1169 286 39 maintenant
1921 1168 20 35 à
1970 1171 171 32 traveis

103 1258 205 52 l'espace.

157 1326 126 41 Nous
306 1323 300 55 procéderons
630 1319 250 42 désormais
900 1316 352 41 exclusivement
1277 1316 22 35 à
1324 1311 10 39 1
1355 1310 100 40 aide
1479 1310 24 39 d
1524 1306 245 53 exemples.
1795 1304 208 41 Pienons
2025 1303 114 39 donc

105 1397 38 40 la
168 1396 102 52 plus
294 1393 174 42 célèbre
491 1401 41 31 et
552 1391 41 40 la
628 1390 101 52 plus
752 1387 116 41 belle
900 1386 54 40 de
991 1398 83 27 nos
1108 1383 229 40 chansons
1377 1379 375 53 lyrico-épiques,
1792 1373 111 42 celle
1937 1373 55 40 de
2020 1371 112 51 Jean

105 1465 183 40 Renaud
315 1466 77 50 (ou
433 1462 35 39 le
489 1460 85 40 Roi
595 1455 221 55 Renaud).
842 1455 127 42 Nous
1002 1468 56 26 en
1080 1465 141 28 avons
1246 1450 231 53 reproduit
1512 1448 99 52 déjà
1649 1445 224 53 quelques
1911 1454 226 30 mesures,

105 1536 141 51 prises
271 1537 21 35 à
318 1546 47 26 sa
388 1531 180 40 version
593 1529 38 39 la
657 1528 102 52 plus
783 1538 191 34 connue,
1000 1525 75 51 qui
1107 1523 207 52 provient
1337 1520 54 39 de
1427 1516 301 43 Normandie.
1757 1514 32 40 Il
1811 1523 67 31 est
1900 1512 160 41 inutile
2085 1510 55 40 de

105 1604 39 39 la
169 1602 191 41 rééditer
392 1613 88 28 une
515 1598 86 41 fois
637 1597 54 40 de
727 1596 101 52 plus
861 1606 7 27 1
908 1594 211 40 donnons
1152 1592 113 39 donc
1304 1602 89 28 une
1417 1596 126 32 autie
1566 1587 199 45 Aeision,
1789 1596 194 41 piesque
2020 1595 94 26 sem

105 1670 165 47 blable,
298 1669 224 41 recueillie
545 1667 53 40 de
621 1667 156 39 l'autre
802 1667 95 37 côté
917 1663 53 40 de
994 1662 40 40 la
1060 1662 185 43 France,
1272 1674 83 26 aux
1376 1655 176 43 confins
1575 1656 54 40 de
1653 1655 41 40 la
1718 1653 222 41 Lorraine
1965 1649 62 56 (2)
2054 1666 6 25 :

161 2232 119 42 (Test
301 2232 103 41 bien
425 2233 38 39 là
486 2232 39 40 le
548 2241 101 44 type
674 2231 259 52 mélodique
957 2231 53 39 de
1034 2230 40 40 la
1096 2230 219 40 chanson.
1348 2227 128 42 Nous
1500 2242 54 26 en
1581 2237 216 31 trouvons
1814 2228 79 39 des
1912 2229 231 38 variantes

105 2316 193 39 presque
320 2300 274 42 semblables
619 2305 22 35 à
660 2309 100 31 tous
778 2300 62 40 les
861 2302 125 38 coins
1007 2300 53 39 de
1079 2299 39 40 la
1144 2299 170 40 France
1341 2309 6 25 :
1375 2312 55 27 au
1455 2306 149 32 centre
1627 2306 42 31 et
1693 2302 21 35 à
1742 2297 160 40 l'ouest
1928 2295 212 54 (Blésois,

107 2370 253 50 Orléanais,
385 2372 301 49 Angoumois,
713 2370 111 40 dans
849 2368 235 46 ROLLAND,
1111 2367 101 41 Rec.
1237 2368 51 39 de
1312 2367 80 39 Ch.
1416 2375 121 47 pop.,
1568 2366 55 40 III
1633 2399 9 19 ?
1669 2381 75 38 pp.
1785 2380 65 38 34,
1882 2365 63 52 36,
1976 2380 132 37 37,39
2131 2380 10 35 ;

181 2438 341 41 Ile-de-France
536 2436 379 54 (Seine-et-Oise)
941 2438 113 39 dans
1078 2435 260 51 MÉLUSINE,
1355 2435 30 49 I,
1404 2450 46 38 75
1464 2434 12 54 )
1497 2448 9 38 ;
1533 2451 57 25 au
1615 2436 129 47 nord,
1764 2436 108 40 hors
1896 2436 54 39 de
1973 2435 171 41 France

110 2507 12 53 (
138 2507 240 49 Wallonia,
398 2507 52 50 11,
474 2521 66 34 22,
563 2521 110 39 pays
696 2507 52 40 de
781 2506 154 52 Liège,
963 2506 194 41 mélodie
1190 2506 231 52 identique
1460 2510 22 35 à
1521 2506 109 40 celle
1672 2506 54 39 de
1750 2506 39 39 la
1827 2503 184 43 version
2037 2518 81 28 nor-

108 2578 162 39 mande
302 2593 7 33 ;
327 2578 112 39 dans
454 2577 63 40 les
536 2586 270 41 montagnes
823 2577 54 39 de
895 2574 96 42 Test
1011 2585 42 32 et
1067 2576 59 39 du
1148 2575 108 40 midi
1296 2575 202 40 Franche
1523 2574 179 52 Comté,
1719 2575 290 47 BEAUQUIER,
2037 2588 72 39 152
2133 2586 8 38 ;

106 2646 176 52 Bresse,
303 2661 20 25 2
341 2648 205 39 versions
567 2646 249 40 recueillies
834 2660 80 38 par
931 2647 108 46 moi,
1061 2645 143 40 Revue
1223 2645 72 39 des
1318 2645 233 40 traditions
1573 2644 251 55 populaires
1830 2676 9 17 ,
1867 2647 119 49 1892,
2014 2643 99 54 VII)
2133 2654 9 34 ;

107 2716 206 52 jusqu'au
336 2714 107 42 fond
465 2716 76 40 des
564 2715 167 40 vallées
755 2715 63 39 les
835 2714 100 52 plus
965 2714 198 40 reculées
1187 2714 79 40 des
1290 2714 139 52 Alpes
1465 2714 54 40 de
1542 2713 167 41 Savoie
1728 2723 41 31 et
1793 2714 59 40 du
1882 2713 260 53 Dauphiné,

108 2789 21 35 à
153 2783 249 52 Cervières,
423 2785 112 39 dans
559 2784 39 40 le
622 2784 343 50 Briançonnais,
993 2792 41 32 et
1056 2788 19 35 à
1100 2783 214 51 Teignes,
1342 2798 85 26 aux
1452 2797 184 27 sources
1651 2784 54 39 de
1730 2783 151 41 l'lsère
1903 2780 120 56 (voy.
2051 2796 96 27 mes

108 2852 226 40 Chansons
353 2853 249 54 populaires
623 2853 73 39 des
729 2852 133 54 Alpes
891 2852 252 54 françaises
1151 2885 7 15 ,
1206 2851 117 53 104).
1368 2852 128 41 Nous
1536 2867 55 26 en
1622 2862 228 31 omettons
1889 2852 254 53 beaucoup,

151 2987 48 43 (1)
222 2989 48 31 La
292 2989 162 32 chanson
476 2991 18 29 à
520 2996 129 34 quatre
668 2988 81 32 voix
772 2996 52 24 est
849 2988 219 33 d'Arcadelt.
1084 2988 91 33 Mais
1198 2999 196 30 personne,
1420 2989 31 42 je
1474 3000 125 31 pense,
1616 3000 45 22 ne
1684 2989 204 34 s'aviserait
1914 2991 44 33 de
1981 2991 167 33 soutenir

108 3049 71 31 que
201 3041 31 30 le
255 3039 119 32 thème
400 3046 52 25 est
486 3038 43 32 de
562 3041 31 30 la
614 3038 246 42 composition
880 3038 44 33 de
950 3048 40 23 ce
1020 3038 191 38 musicien,
1233 3041 100 32 étant
1357 3040 122 32 donné
1502 3050 39 23 ce
1562 3050 72 32 que
1666 3052 93 21 nous
1782 3052 135 22 savons
1942 3041 44 33 de
2006 3040 141 44 l'usage

108 3096 167 25 constant
299 3088 62 33 des
391 3093 145 28 maîtres
560 3088 46 33 du
640 3088 233 41 contrepoint
906 3092 102 29 vocal
1044 3089 44 32 de
1110 3090 157 40 prendre
1300 3090 63 33 des
1383 3090 183 34 chansons
1589 3091 213 41 populaires
1829 3104 95 29 pour
1944 3092 139 33 thèmes
2105 3093 43 32 de

109 3142 95 30 leurs
223 3139 264 41 compositions
510 3139 310 43 polyphoniques.
844 3140 47 32 Le
913 3139 157 42 premier
1088 3150 94 27 vers,
1204 3141 89 33 dans
1318 3143 50 31 les
1388 3141 167 33 versions
1590 3142 70 33 soit
1684 3143 200 34 anciennes
1909 3143 61 43 (on
1994 3154 43 23 en
2058 3157 68 22 con-

106 3194 74 28 naît
200 3190 181 40 plusieurs
404 3190 208 41 imprimées
635 3200 70 22 aux
728 3202 55 20 xvi
788 3196 12 16 e
823 3198 32 25 et
885 3202 69 20 xvn
957 3197 11 16 e
1007 3190 157 39 siècles),
1199 3191 69 33 soit
1293 3192 205 37 modernes,
1517 3203 38 23 se
1578 3194 171 40 présente
1769 3197 84 39 plus
1879 3194 268 42 fréquemment

110 3250 84 22 sous
211 3242 31 31 la
256 3240 113 33 forme
388 3252 6 21 :
412 3250 17 23 ((
453 3241 50 31 En
520 3248 173 26 revenant
713 3241 44 33 de
779 3241 174 33 Lorraine
974 3250 32 30 »,
1028 3252 46 21 ou
1099 3250 18 23 «
1135 3242 51 32 En
1206 3242 93 32 m'en
1323 3252 173 24 revenant
1512 3244 44 32 de
1578 3245 145 32 Rennes
1741 3254 30 30 »,
1796 3256 45 22 ou
1868 3250 115 29 même
2007 3256 18 22 «
2049 3247 44 33 de
2116 3251 32 30 la

108 3290 162 33 fontaine
290 3302 31 26 »,
353 3301 71 32 que
443 3302 84 22 sous
548 3294 88 31 celle
657 3301 7 23 :
689 3301 16 23 ((
727 3292 52 32 En
803 3300 148 32 passant
976 3302 107 31 par...
1109 3301 17 23 »
1154 3292 71 33 Sur
1254 3295 51 30 les
1333 3306 38 31 17
1393 3294 166 33 versions
1582 3294 146 34 réunies
1755 3307 66 30 par
1841 3297 46 32 M.
1910 3297 39 32 E.
1974 3299 174 31 ROLLAND

106 3339 157 43 (.Recueil
285 3342 39 29 de
345 3342 174 31 chansons
539 3342 207 43 populaires
753 3369 7 14 ,
773 3342 22 39 I,
814 3353 66 33 235
904 3351 34 24 et
959 3342 153 40 suiv.,et
1134 3343 40 36 11,
1196 3354 59 34 131
1275 3352 34 25 et
1329 3344 124 42 suiv.),
1468 3344 61 33 dix
1550 3354 83 24 sont
1658 3347 89 32 dans
1769 3349 32 30 la
1823 3348 180 40 première
2021 3348 127 38 forme,

106 3389 87 33 trois
216 3393 200 31 seulement
437 3391 88 33 dans
548 3395 32 29 la
600 3393 169 38 seconde,
795 3395 49 30 les
867 3401 132 34 quatre
1019 3401 122 25 autres
1164 3395 99 32 étant
1288 3395 42 32 de
1354 3396 132 33 formes
1510 3396 154 33 variées.

144 3440 46 42 (2)
214 3440 177 33 Mèlusine
398 3466 6 14 ,
437 3454 9 19 i
457 3448 23 13 re
506 3443 129 39 année,
661 3443 105 42 1878,
792 3446 68 30 col.
887 3454 42 33 75
958 3455 6 20 :
998 3445 51 31 La
1072 3445 171 32 Chanson
1268 3447 39 31 de
1328 3447 167 38 Renaud,
1522 3447 187 33 recueillie
1729 3450 18 30 à
1771 3448 162 43 Vagney
1961 3449 198 44 (Vosges),,

111 3501 64 29 par
200 3490 132 34 Xavier
349 3492 161 33 THIRIAT.
