2204 3601
124 158 21 33 4

123 243 70 48 qui
231 244 158 36 mettait
410 243 37 37 le
469 243 119 37 chant
611 242 111 49 (avec
743 243 38 37 la
809 244 303 49 gymnastique)
1134 255 49 25 au
1207 256 102 37 rang
1329 245 73 36 des
1423 244 323 36 connaissances
1767 254 79 37 que
1868 250 101 40 peut
1986 255 83 25 com-

122 305 176 47 prendre
313 303 341 49 l'enseignement
694 304 207 49 primaire,
943 305 266 36 d'heureuses
1242 305 219 37 tentatives
1495 305 49 36 de
1574 303 173 50 progrès
1768 311 72 28 ont
1860 303 62 36 été
1959 304 132 37 faites.

124 366 361 49 L'enseignement
508 365 241 38 secondaire
785 366 214 44 moderne,
1022 366 94 48 plus
1139 365 184 37 heureux
1342 378 78 36 que
1442 378 75 24 son
1540 365 105 37 frère
1667 365 109 44 aîné,
1801 377 21 23 a
1860 377 52 24 vu
1932 365 135 36 récem-

120 435 111 28 ment
252 439 76 24 son
350 438 261 37 programme
635 425 214 38 s'enrichir
887 426 112 36 aussi
1023 427 49 36 de
1096 426 202 49 quelques
1327 426 131 49 lignes
1481 425 247 38 consacrées
1754 424 81 37 àla
1884 424 212 49 musique»

121 486 104 36 Mais
255 499 67 24 ces
343 486 233 37 hardiesses
605 485 178 37 tardives
822 486 213 36 sont-elles
1075 486 233 36 suffisantes
1331 486 16 37 ?
1370 486 414 36 Persisterons-nous
1807 485 238 49 longtemps
2072 485 22 35 à

120 547 238 37 considérer
376 548 38 36 la
442 546 203 49 musique,
670 558 49 25 en
743 546 150 37 dehors
913 548 70 35 des
1011 546 137 37 écoles
1172 546 213 49 spéciales,
1420 559 161 24 comme
1606 546 125 36 chose
1757 546 255 49 d'agrément
2034 558 55 24 ou

119 607 276 49 d'exception,
417 607 260 36 timidement
697 606 137 46 reliée,
857 607 140 47 quand
1018 606 226 36 l'occasion
1266 607 82 35 s'en
1369 607 205 47 présente,
1602 606 21 36 à
1646 606 179 36 d'autres
1849 605 144 37 études
2019 606 70 47 qui

118 668 38 36 la
177 668 216 36 dominent
413 667 98 37 ?En
544 667 249 37 distribuant
835 678 63 25 ses
935 666 288 45 subventions,
1265 689 46 4 —
1332 667 234 36 fastueuses
1611 666 98 36 d'un
1752 666 105 46 côté,
1882 666 136 36 nulles
2041 667 50 36 de

118 728 156 46 l'autre,
292 750 45 5 —
358 720 123 45 l'État
504 727 235 38 voudra-t-il
761 728 189 48 toujours
985 727 165 48 ignorer
1187 739 93 36 que,
1307 727 31 36 si
1362 727 77 36 elle
1463 736 60 28 est
1543 739 57 24 un
1632 734 60 29 art
1716 734 276 42 appartenant
2013 739 78 23 aux

118 789 174 47 artistes,
313 797 39 28 et
373 788 149 49 auquel
545 800 52 24 on
618 796 100 41 peut
739 788 237 43 demander,
999 800 95 24 avec
1118 788 71 35 des
1213 786 256 49 jouissances
1489 787 204 45 raffinées,
1708 800 81 23 une
1812 799 148 36 parure
1982 798 109 37 pour

117 859 117 27 notre
277 849 173 48 orgueil,
474 849 37 36 la
534 848 190 48 musique
764 856 60 28 est
847 847 110 37 aussi
979 859 82 25 une
1091 847 163 37 science
1274 846 15 36 ?
1311 849 123 47 qu'au
1471 849 90 35 seul
1583 847 118 49 point
1742 849 50 35 de
1827 860 78 25 vue
1936 849 50 36 de
2011 859 77 25 son

117 910 180 45 histoire,
315 909 76 37 elle
412 908 143 37 mérite
571 909 48 35 de
633 907 152 48 figurer
798 909 100 35 dans
917 908 247 36 l'éducation
1188 907 210 37 nationale
1422 920 51 24 au
1496 909 134 35 même
1651 908 93 36 titre
1775 921 78 36 que
1876 916 137 28 toutes
2028 908 59 36 les

118 971 204 36 branches
344 970 50 35 de
416 970 38 35 la
472 968 229 49 philologie
718 967 15 36 ?
755 976 38 28 et
830 980 79 35 que
929 980 45 24 ce
998 969 104 35 n'est
1120 967 119 48 point
1260 979 73 36 par
1355 969 38 35 la
1414 968 92 36 voie
1540 968 194 48 primaire
1768 981 54 23 ou
1844 968 244 37 secondaire

119 1031 197 35 moderne
336 1028 97 48 qu'il
472 1028 287 36 conviendrait
782 1028 48 35 de
850 1027 37 36 la
911 1027 98 37 faire
1032 1028 190 47 pénétrer
1256 1029 101 35 dans
1382 1028 59 36 les
1467 1028 157 45 études,
1665 1028 101 36 mais
1807 1041 72 36 par
1899 1029 102 36 celle
2040 1030 48 34 de

120 1089 356 48 l'Enseignement
513 1088 227 48 supérieur,
783 1089 71 47 qui
889 1087 87 37 doit
1023 1087 161 37 donner
1222 1087 257 49 l'impulsion
1532 1088 289 48 pédagogique
1858 1090 21 34 à
1919 1097 91 28 tout
2051 1089 36 36 le

118 1150 134 36 reste?
273 1151 156 43 Certes,
447 1148 28 36 il
499 1160 106 25 nous
626 1160 176 37 manque
826 1148 96 37 bien
946 1148 70 36 des
1040 1148 163 44 choses,
1223 1160 51 24 en
1296 1150 171 43 France,
1494 1160 51 25 au
1566 1148 118 49 point
1707 1149 48 36 de
1775 1160 76 25 vue
1875 1148 178 37 musical
2076 1161 6 22 :

122 1211 27 36 il
170 1223 107 24 nous
300 1221 178 37 manque
501 1221 82 24 une
605 1211 137 35 Revue
765 1216 121 42 ayant
905 1221 56 23 un
985 1208 207 37 caractère
1216 1208 275 49 scientifique,
1517 1210 101 35 dans
1636 1209 36 36 le
1682 1221 124 37 genre
1823 1209 48 36 de
1891 1209 103 36 celle
2018 1209 71 47 qui

123 1284 41 24 se
188 1270 156 48 publie,
369 1270 20 36 à
412 1270 182 48 Leipzig,
619 1281 98 25 sous
741 1269 38 36 la
801 1269 205 37 direction
1028 1270 49 35 de
1108 1269 105 36 MM.
1243 1269 279 49 Chrysander,
1540 1269 132 49 Spitta
1693 1277 38 29 et
1752 1270 127 36 Adler
1900 1282 7 33 ;
1934 1270 26 35 il
1981 1282 106 24 nous

118 1343 176 36 manque
317 1330 224 37 l'habitude
564 1330 231 48 d'analyser
823 1330 372 48 thématiquement
1233 1330 58 36 les
1329 1331 145 47 opéras
1515 1338 38 28 et
1594 1330 59 36 les
1692 1330 272 49 symphonies
1988 1332 102 35 dont

118 1404 106 24 nous
247 1391 157 37 faisons
427 1392 36 35 le
486 1398 163 41 compte
670 1391 130 36 rendu
821 1398 38 28 et
889 1390 49 36 de
962 1398 184 28 montrer
1166 1390 242 37 clairement
1430 1391 88 36 leur
1541 1398 202 29 structure
1776 1403 73 36 par
1878 1392 71 35 des
1987 1391 80 37 cita-

117 1451 110 37 tions
256 1452 270 45 abondantes,
552 1463 50 24 en
618 1451 245 37 intercalant
891 1451 35 36 le
954 1451 92 48 plus
1069 1451 185 48 possible
1278 1451 36 37 le
1333 1458 108 29 texte
1475 1451 173 36 musical
1665 1452 101 36 dans
1787 1452 36 35 le
1847 1459 108 29 texte
1985 1452 87 36 litté-

118 1513 103 36 raire
238 1525 7 32 ;
277 1513 27 35 il
321 1525 105 24 nous
447 1524 178 35 manque
638 1524 81 24 une
743 1512 172 36 histoire
938 1512 229 48 largement
1187 1512 142 36 traitée
1347 1512 48 36 de
1420 1512 37 36 la
1486 1512 190 48 musique
1692 1525 8 32 ;
1731 1512 27 35 il
1776 1524 106 24 nous
1907 1524 179 36 manque

119 1585 56 24 un
199 1572 273 37 dictionnaire
493 1573 100 35 dans
617 1572 36 37 le
682 1584 124 36 genre
823 1572 55 36 du
896 1572 185 37 Lexicon
1105 1573 49 36 de
1184 1572 183 47 Mendel,
1387 1585 57 23 un
1466 1572 225 49 répertoire
1722 1572 365 49 bibliographique

121 1634 70 36 des
216 1646 162 24 œuvres
400 1632 240 49 religieuses
670 1641 38 28 et
746 1632 246 49 profanes...
1025 1633 102 36 mais
1150 1632 27 36 il
1200 1645 106 24 nous
1329 1645 178 37 manque
1551 1641 175 37 surtout,
1767 1646 51 24 au
1841 1633 170 48 Collège
2038 1634 50 36 de

126 1695 155 36 France
311 1706 53 24 ou
386 1694 20 36 à
435 1693 38 36 la
504 1693 237 45 Sorbonne,
763 1705 56 24 un
839 1693 313 49 enseignement
1173 1693 230 48 historique
1428 1702 39 28 et
1486 1693 217 49 théorique
1729 1694 48 36 de
1802 1694 89 36 i'art
1914 1693 173 38 musical

118 1754 54 36 tel
195 1755 125 47 qu'on
343 1754 35 36 le
409 1755 137 35 donne
571 1753 97 37 chez
691 1766 76 24 nos
788 1753 157 37 voisins
968 1755 69 47 (i).

181 1913 77 44 En
287 1912 192 60 parlant
502 1910 142 57 ainsi,
681 1911 154 58 j'étais
874 1926 116 29 sous
1020 1911 277 46 l'influence
1331 1912 117 43 d'un
1489 1911 165 58 séjour
1682 1927 133 28 assez
1844 1912 239 60 prolongé

118 2005 59 29 en
200 1990 287 59 Allemagne
518 1990 79 54 où,
624 1988 159 60 parmi
812 1990 68 43 les
902 1988 396 60 enseignements
1339 2005 93 43 que
1456 2004 124 30 nous
1611 1990 236 59 appelons
1875 2009 19 21 «
1918 1990 144 44 classi-

120 2085 118 44 ques
259 2089 42 37 »,
320 2068 164 59 j'avais
512 2084 64 30 vu
596 2080 46 33 et
667 2067 125 46 suivi
809 2068 408 60 l'enseignement
1233 2068 206 46 musical
1458 2070 163 44 donné
1644 2084 87 45 par
1745 2084 69 30 un
1835 2071 174 43 maître
2027 2070 59 45 de

118 2150 182 58 grande
323 2147 226 46 autorité.
576 2147 181 59 Quand
780 2162 80 30 ma
880 2150 177 57 pensée
1082 2164 49 28 se
1152 2159 196 48 reporte
1368 2151 26 41 à
1415 2147 125 45 seize
1557 2162 85 30 ans
1667 2164 59 28 en
1748 2147 194 54 arrière,
1976 2164 108 29 vers

118 2241 68 31 un
206 2237 160 50 temps
389 2227 57 45 de
464 2225 223 59 jeunesse
708 2237 47 32 et
774 2226 439 61 d'apprentissage,
1232 2226 41 58 je
1293 2240 78 30 me
1388 2237 226 33 retrouve
1631 2227 122 43 dans
1775 2241 95 29 une
1891 2226 116 46 salle
2026 2242 58 30 en

118 2305 201 61 gradins
347 2306 58 43 de
430 2303 317 49 l'Université
778 2306 58 43 de
861 2305 165 44 Berlin
1056 2305 85 59 qui
1171 2303 242 63 rappelait
1442 2305 67 44 les
1533 2306 250 43 modestes
1819 2306 179 44 classes
2022 2307 59 43 de

121 2399 88 29 nos
231 2383 141 45 vieux
395 2383 158 60 lycées
588 2394 45 33 et
656 2383 120 44 dont
799 2382 41 45 le
858 2382 102 46 seul
979 2395 262 33 ornement
1264 2382 116 46 était
1407 2397 68 31 un
1496 2382 146 61 piano
1674 2382 134 46 droit
1837 2395 249 34 rarement

120 2472 171 35 ouvert
315 2472 12 46 ;
372 2461 42 58 je
468 2460 158 45 revois
672 2460 45 44 la
756 2465 95 40 tête
892 2463 25 42 à
953 2461 43 44 la
1039 2461 94 44 fois
1184 2461 260 46 vénérable
1481 2471 46 34 et
1568 2462 153 45 douce
1780 2462 58 43 de
1882 2461 202 61 Philipp

124 2540 175 61 Spitta,
332 2538 233 45 l'homme
615 2538 337 60 d'Allemagne
1007 2538 84 60 qui
1136 2538 299 46 connaissait
1476 2540 42 43 le
1554 2538 168 45 mieux
1753 2541 43 43 la
1837 2538 76 46 vie
1943 2552 46 32 et
2018 2541 71 43 les

120 2634 191 31 œuvres
343 2618 57 45 de
430 2617 124 47 J.-S.
582 2617 147 56 Bach,
771 2628 46 34 et
846 2616 102 61 qui,
983 2621 99 42 très
1123 2617 334 62 simplement,
1505 2622 141 56 après
1679 2617 136 46 avoir
1851 2618 232 46 accroché

122 2700 109 58 près
258 2697 57 45 de
347 2712 51 28 sa
421 2695 161 45 chaire
611 2711 68 29 un
708 2695 218 60 chapeau
964 2711 117 31 mou
1112 2700 25 40 à
1167 2697 158 60 larges
1349 2697 150 45 bords
1541 2707 46 35 et
1626 2696 90 46 tiré
1748 2698 58 44 de
1843 2714 52 28 sa
1928 2697 155 60 poche

122 2791 66 29 un
216 2775 164 44 cahier
428 2773 289 57 manuscrit,
751 2775 220 59 exposait
999 2778 24 41 à
1070 2790 67 29 un
1166 2790 187 46 groupe
1415 2775 297 47 d'étudiants
1761 2777 325 60 cosmopolite

122 2852 238 46 l'histoire
395 2853 59 45 de
489 2852 264 44 l'oratorio.
788 2853 114 45 Non
953 2851 100 45 loin
1105 2855 57 44 de
1206 2853 85 59 lui,
1338 2855 68 44 M.
1457 2856 155 43 Ernst
1665 2855 205 47 Gurtius
1909 2855 175 61 parlait

124 2933 57 43 de
229 2932 108 44 l'art
375 2931 203 59 attique,
619 2942 46 33 et
705 2931 66 43 M.
809 2931 360 61 Furtwangler,
1212 2933 85 45 des
1338 2949 139 29 vases
1526 2933 162 61 peints
1722 2950 9 39 ;
1782 2935 70 44 M.
1893 2935 191 44 Vahlen

124 3009 269 63 expliquait
427 3025 97 29 une
560 3008 220 46 comédie
823 3008 400 62 d'Aristophane,
1270 3012 68 44 M.
1367 3011 198 47 Grimm
1588 3012 206 46 étudiait
1832 3013 42 45 la
1917 3012 77 46 vie
2026 3013 58 45 de

124 3090 234 46 Gœthe...
390 3100 45 34 et
459 3100 72 34 cet
559 3088 250 45 ensemble
831 3087 328 47 harmonieux
1192 3091 205 45 donnait
1425 3091 115 45 bien
1575 3091 333 61 l'impression
1949 3092 57 44 de
2031 3107 51 29 ce

122 3185 94 47 que
263 3168 69 46 les
371 3168 150 47 Grecs
563 3166 279 62 appelaient
875 3167 295 47 l'éducation
1200 3187 21 24 «
1245 3170 236 45 musicale
1521 3190 40 34 »,
1594 3172 120 45 celle
1754 3171 85 61 qui
1871 3171 221 47 satisfait

166 3360 51 48 (i)
308 3360 40 38 Les
349 3360 191 49 Rapports
559 3357 48 38 de
629 3357 41 37 la
692 3357 182 50 musique
896 3365 37 29 et
960 3359 47 36 de
1023 3360 39 35 la
1084 3360 136 48 poésie
1241 3360 144 48 (Alcan
1402 3361 115 43 édit.,
1546 3362 110 49 1894,
1679 3364 194 48 préface).
