2204 3601
2062 145 47 26 21

95 246 203 43 amenés
324 246 25 41 à
372 242 46 44 la
443 242 223 62 replacer
702 242 124 45 dans
858 256 92 30 son
974 240 145 46 cadre
1152 239 151 47 social
1328 252 46 34 et
1403 244 25 42 à
1459 240 44 46 la
1524 240 247 47 rattacher
1799 243 26 43 à
1850 242 86 45 des
1961 240 128 46 senti-

95 334 165 36 ments
307 322 260 45 collectifs.
606 323 64 44 Et
699 320 32 46 il
771 320 127 47 n'est
928 322 128 45 donc
1088 337 88 46 pas
1211 320 106 47 vrai
1354 322 58 45 de
1455 320 107 47 dire
1609 322 180 59 qu'elle
1835 319 278 62 n'exprime

94 406 186 60 qu'une
303 403 226 47 émotion
551 402 357 56 individuelle;
936 403 91 44 elle
1049 418 61 29 ne
1134 403 272 46 ressemble
1428 418 87 46 pas
1539 404 25 43 à
1590 418 98 31 une
1705 403 134 47 bulle
1867 403 59 46 de
1958 416 155 31 savon

94 502 96 46 que
227 483 315 48 s'amuserait
566 488 26 42 à
630 483 202 47 souffler
877 500 70 30 un
971 484 158 61 grand
1166 484 172 46 enfant
1374 497 46 33 et
1456 483 87 62 qui
1564 483 243 62 passerait
1841 500 85 30 sur
1949 484 45 45 la
2033 482 79 47 vie

95 567 147 47 réelle
291 581 59 29 en
376 564 247 54 reflétant,
656 578 198 31 comme
896 564 69 46 les
997 564 233 46 couleurs
1263 564 66 46 du
1364 563 209 64 prisme,
1610 567 57 44 de
1707 564 111 60 jolis
1854 563 221 64 caprices
2096 578 11 40 ;

94 647 91 46 elle
211 644 273 47 ressemble
536 646 165 61 plutôt
743 648 25 42 à
801 644 46 46 la
894 647 169 60 plante
1100 644 85 63 qui
1224 643 71 47 vit
1334 661 91 46 par
1461 646 44 44 le
1529 646 73 44 sol
1638 646 64 45 où
1750 646 242 61 plongent
2034 661 78 29 ses

94 728 209 59 racines,
336 742 88 47 par
453 726 360 62 l'atmosphère
844 726 212 62 spéciale
1078 727 63 46 où
1174 726 253 62 respirent
1456 743 77 30 ses
1562 726 216 58 feuilles,
1802 738 46 33 et
1873 726 85 61 qui
1983 726 130 45 n'est

95 825 86 47 pas
216 809 44 45 la
296 811 166 43 même
506 823 117 31 sous
654 820 166 34 toutes
865 808 68 46 les
975 807 257 47 latitudes.
1260 806 262 63 Songeons
1554 823 61 30 en
1642 807 113 46 effet
1785 823 97 45 que
1919 807 197 60 chaque

94 906 138 47 pays,
265 889 193 63 chaque
498 905 127 43 race,
668 905 115 30 aun
820 901 75 34 art
918 888 249 47 différent.
1195 888 274 48 Comment
1493 889 65 46 du
1580 901 130 34 reste
1736 887 288 65 pourrait-il
2051 903 62 30 en

94 974 103 44 être
233 982 286 36 autrement
538 972 18 44 ?
586 969 69 49 Ce
696 971 120 61 qu'il
846 987 31 46 y
907 969 161 47 aurait
1100 971 58 45 de
1192 969 252 47 vraiment
1474 969 201 47 difficile
1699 982 46 34 et
1769 972 165 43 même
1969 968 113 47 d'im-

94 1053 222 64 possible
346 1056 27 43 à
404 1052 278 63 expliquer,
711 1068 51 31 ce
797 1053 151 46 serait
971 1068 69 31 un
1077 1065 75 33 art
1194 1053 138 61 placé
1357 1065 110 34 tout
1489 1056 26 43 à
1544 1052 90 46 fait
1661 1067 61 31 en
1754 1052 182 46 dehors
1976 1051 60 45 de
2067 1051 45 44 la

92 1135 78 47 vie
195 1135 181 45 sociale
406 1147 47 33 et
485 1136 204 59 n'ayant
720 1150 192 30 aucune
947 1135 196 45 attache
1178 1150 116 30 avec
1324 1135 108 45 elle.
1469 1136 84 46 Un
1585 1137 146 57 poète
1756 1133 125 57 seul,
1912 1146 198 32 comme

95 1216 215 56 Musset,
344 1231 25 29 a
399 1231 67 44 pu
513 1215 105 47 dire
642 1231 97 44 que
781 1216 43 43 la
854 1213 235 62 musique
1130 1230 130 30 nous
1290 1215 165 44 venait
1492 1213 212 60 d'Italie,
1732 1225 47 34 et
1807 1228 95 45 que
1933 1212 181 46 l'Italie

98 1296 166 47 l'avait
293 1311 145 31 reçue
462 1297 86 45 des
579 1296 156 44 deux.

161 1389 38 45 Il
221 1389 128 45 n'est
379 1404 87 45 pas
482 1402 69 31 un
581 1402 152 46 genre
767 1389 59 44 de
858 1387 342 61 composition
1235 1387 87 61 qui
1355 1402 61 30 ne
1456 1387 168 61 puisse
1656 1397 47 35 et
1738 1401 61 31 ne
1834 1385 144 47 doive
2009 1390 105 40 être

98 1469 190 47 soumis
311 1471 25 43 à
365 1480 126 34 cette
517 1469 256 57 méthode,
801 1467 41 46 si
879 1469 99 44 l'on
1003 1480 117 34 veut
1140 1467 263 62 expliquer
1431 1469 44 45 la
1501 1472 179 59 genèse
1704 1479 47 34 et
1782 1469 41 44 le
1864 1470 249 43 caractère

96 1552 85 46 des
209 1565 197 32 œuvres
443 1550 121 61 qu'il
590 1566 26 30 a
641 1550 278 62 produites.
948 1551 99 45 Des
1079 1554 179 57 opéras
1282 1565 197 31 comme
1511 1550 44 46 la
1804 1550 60 44 de
1887 1550 70 44 M.
1982 1547 99 47 Gus-

95 1643 108 34 tave
238 1630 355 62 Charpentier,
619 1646 64 30 ou
727 1631 42 45 le
799 1630 257 47 Messidor
1061 1667 12 23 ,
1098 1631 60 46 de
1183 1631 69 45 M.
1284 1631 174 46 Alfred
1492 1632 254 56 Bruneau,
1780 1629 228 47 auraient
2038 1632 76 42 été

96 1710 324 63 impossibles
470 1726 118 31 sous
636 1710 155 47 Louis
834 1711 136 59 XIV,
1004 1726 103 31 non
1145 1712 281 45 seulement
1472 1726 61 31 en
1563 1728 52 29 ce
1653 1710 85 62 qui
1778 1725 245 32 concerne
2070 1709 40 45 le

96 1792 160 58 livret,
282 1791 125 47 mais
438 1791 136 47 aussi
595 1806 61 31 en
686 1808 50 29 ce
768 1791 88 62 qui
886 1808 243 30 concerne
1163 1792 46 46 la
1229 1791 255 64 musique,
1524 1805 45 33 et
1597 1804 125 34 cette
1752 1790 360 63 impossibilité

94 1875 124 46 tient
268 1877 24 42 à
335 1875 88 44 des
471 1872 174 47 motifs
677 1874 199 45 d'ordre
923 1874 152 45 social
1096 1886 10 46 ;
1147 1890 88 45 par
1274 1886 191 45 contre,
1498 1875 87 44 des
1628 1877 178 59 opéras
1840 1888 199 31 comme
2070 1872 42 45 le

99 1955 325 61 Bellérophon
466 1955 58 46 de
583 1954 153 58 Lulli,
769 1970 65 31 ou
886 1955 43 44 le
1848 1956 277 45 Zoroastre
1288 1956 59 45 de
1398 1956 246 57 Rameau,
1676 1971 60 30 ne
1769 1954 216 47 seraient
2024 1969 89 46 pas

91 2036 249 64 possibles
374 2034 346 62 aujourd'hui,
746 2035 117 46 sauf
894 2036 181 46 devant
1098 2051 98 31 une
1228 2036 114 46 élite
1392 2037 429 61 d'archéologues,
1860 2050 131 47 pour
2025 2035 88 44 des

92 2116 174 47 motifs
296 2117 59 45 de
387 2119 165 42 même
599 2126 194 36 nature.
828 2116 136 46 Tout
994 2116 102 46 cela
1135 2128 75 34 est
1239 2115 252 48 vraiment
1522 2129 113 49 trop
1677 2116 121 46 clair
1837 2130 129 47 pour
1989 2114 120 62 qu'il

95 2199 98 45 soit
222 2196 178 47 besoin
423 2196 273 47 d'insister.

157 2291 38 46 Il
227 2303 74 33 est
322 2307 98 29 une
451 2290 161 46 forme
644 2290 59 46 de
727 2289 345 62 composition
1093 2290 87 62 qui
1210 2291 189 45 semble
1423 2290 154 46 isolée
1608 2291 123 46 dans
1762 2305 98 31 une
1886 2290 151 45 haute
2067 2300 47 33 et

91 2373 117 45 hère
251 2371 399 63 indépendance,
705 2369 327 48 inaccessible
1075 2374 26 43 à
1144 2371 237 63 l'analyse
1407 2388 9 33 :
1455 2373 118 45 c'est
1614 2373 44 44 la
1702 2369 322 65 symphonie.
2056 2370 60 45 Je

94 2453 344 47 m'attacherai
468 2457 26 41 à
522 2469 125 29 vous
673 2463 227 35 montrer
929 2469 97 46 que
1051 2454 45 46 la
1121 2453 301 63 symphonie
1444 2453 268 63 classique,
1745 2469 170 31 œuvre
1952 2450 132 48 admi-

95 2534 279 46 rablement
414 2548 98 32 une
548 2533 41 46 si
636 2548 66 31 on
750 2532 262 48 considère
1047 2533 340 63 l'inspiration
1417 2534 86 61 qui
1536 2534 223 58 l'anime,
1796 2545 90 44 est,
1916 2548 128 47 pour
2069 2533 47 44 la

91 2615 179 59 forme,
305 2631 97 30 une
426 2614 367 62 juxtaposition
825 2617 59 44 de
909 2617 173 44 cadres
1101 2619 99 42 très
1221 2615 262 47 différents
1507 2628 47 33 et
1578 2632 97 46 que
1700 2617 223 45 chacune
1953 2615 58 45 de
2036 2631 77 28 ses

94 2697 184 62 parties
302 2713 27 29 a
352 2697 87 45 des
462 2695 222 63 origines
710 2695 390 63 sociologiques,
1134 2698 124 44 dont
1281 2713 66 29 on
1371 2711 121 48 peut
1521 2695 310 49 déterminer
1867 2695 250 47 l'histoire

92 2778 149 46 d'une
266 2777 223 45 manière
510 2775 206 63 précise.
741 2775 188 61 Quand
960 2792 66 30 on
1053 2778 208 61 regarde
1282 2793 69 29 un
1375 2789 302 35 monument
1707 2791 195 30 comme
1925 2775 188 63 l'église

95 2858 311 48 Saint-Marc
435 2858 60 46 de
538 2857 205 59 Venise,
771 2873 66 29 on
873 2869 111 33 sent
1013 2859 99 45 très
1153 2857 115 47 bien
1300 2874 97 46 que
1434 2869 113 36 tous
1577 2858 70 46 les
1681 2857 280 47 matériaux
1990 2858 124 44 dont

92 2939 206 46 l'œuvre
330 2949 72 35 est
434 2937 117 47 faite
572 2938 141 46 n'ont
744 2953 88 47 pas
856 2953 97 31 une
985 2937 193 63 origine
1204 2938 190 62 unique
1420 2951 10 40 ;
1463 2954 63 30 on
1558 2938 103 46 voit
1682 2938 86 46 des
1792 2937 208 63 pierres,
2028 2938 88 44 des

91 3019 233 55 bronzes,
355 3019 87 46 des
490 3018 244 60 marbres,
773 3018 87 62 qui
903 3017 242 48 viennent
1182 3019 60 46 de
1286 3036 123 45 pays
1451 3019 280 57 différents,
1778 3018 86 62 qui
1909 3029 87 35 ont
2039 3022 77 40 été

91 3099 299 61 incorporés
414 3103 25 42 à
463 3098 294 47 l'ensemble
782 3099 126 45 dans
933 3099 87 46 des
1058 3099 369 46 circonstances
1451 3098 366 63 particulières,
1850 3102 26 43 à
1906 3099 44 45 la
1987 3098 130 46 suite

92 3180 60 47 de
183 3179 217 47 certains
435 3180 187 61 grands
660 3182 347 56 événements,
1063 3193 47 33 et
1153 3196 86 30 sur
1284 3180 191 47 chacun
1506 3180 236 61 desquels
1779 3194 66 32 on
1887 3178 236 63 pourrait

91 3278 216 47 presque
339 3263 157 47 écrire
531 3280 96 30 une
674 3263 387 62 monographie.
1102 3266 70 44 La
1220 3263 304 64 symphonie
1577 3264 121 47 d'un
1747 3263 206 62 Haydn,
1997 3263 122 46 d'un

95 3344 213 60 Mozart,
355 3346 120 45 d'un
508 3344 310 60 Beethoven,
851 3357 75 34 est
956 3346 126 45 dans
1106 3361 70 30 un
1200 3361 80 30 cas
1314 3346 245 62 analogue
1588 3360 9 41 ;
1637 3346 92 45 elle
1761 3357 74 34 est
1873 3360 98 31 une
2003 3357 87 48 syn-

101 3426 139 47 thèse
285 3427 59 47 de
386 3426 280 48 matériaux
688 3426 232 47 brillants
959 3438 47 35 et
1050 3428 100 45 très
1180 3426 259 48 différents
1479 3438 137 35 entre
1649 3426 216 61 lesquels
1903 3426 42 45 le
1976 3423 145 64 génie
