2234 3651
962 143 327 29 INFORMATIONS

2075 146 48 38 39

116 250 21 39 à
163 261 47 28 ce
233 261 165 40 propos
419 248 38 53 je
480 249 212 41 voudrais
708 262 111 28 vous
843 249 147 53 parler
1006 250 106 40 d'un
1131 250 131 53 jeune
1294 252 302 51 compositeur
1629 264 75 27 sur
1729 251 146 53 lequel
1899 252 39 40 le
1960 252 164 40 monde

115 317 187 41 musical
325 317 176 51 anglais
525 316 135 43 fonde
683 320 54 40 de
754 318 197 51 grandes
983 323 282 49 espérances,
1300 327 41 33 et
1364 316 135 56 qu'on
1520 319 232 41 considère
1774 320 96 53 déjà
1891 334 172 27 comme
2086 321 40 39 le

117 391 316 47 régénérateur
454 387 55 41 de
532 387 40 41 la
597 390 210 51 musique
826 388 229 41 nationale
1073 388 372 52 anglo-saxonne.
1472 387 94 43 Son
1589 402 105 28 nom
1717 398 65 32 est
1804 388 194 43 Edward
2020 388 79 42 Ger-

116 470 121 27 man.

173 525 34 41 Il
228 539 21 27 a
268 526 91 52 pris
383 524 39 41 la
454 527 257 40 succession
727 525 54 42 de
806 524 70 42 Sir
900 524 170 43 Arthur
1093 524 222 53 Sullivan,
1342 535 117 33 mort
1479 526 29 41 il
1529 541 26 39 y
1572 541 21 26 a
1612 527 218 52 quelques
1852 532 177 36 années.
2054 527 72 41 On

118 598 179 38 connaît
315 607 122 28 assez
458 608 47 27 ce
527 595 192 50 dernier,
745 603 156 33 auteur
934 596 53 40 de
1010 604 93 33 tant
1125 596 134 41 d'airs
1291 596 274 53 populaires,
1590 594 266 55 d'opérettes
1880 598 75 51 qui
1984 598 143 39 virent

118 664 101 53 plus
238 663 54 41 de
311 663 123 41 mille
450 661 86 43 fois
570 664 40 40 le
632 664 72 42 feu
727 665 54 40 de
804 664 40 40 la
869 678 152 40 rampe
1044 663 78 54 (//.
1155 663 63 41 Af.
1244 664 48 42 S.
1325 664 215 56 Pinajore
1547 664 27 54 ),
1599 678 114 39 pour
1736 678 86 40 que
1843 666 39 52 je
1908 679 54 27 ne
1985 666 113 52 m'ap-

118 735 250 51 pesantisse
399 747 80 39 pas
508 733 101 53 plus
637 735 255 52 longtemps
916 748 76 28 sur
1014 734 78 41 lui.

172 802 194 42 Edward
402 800 212 52 German,
646 802 71 42 fils
749 803 105 41 d'un
886 805 231 49 organiste
1138 803 54 40 de
1214 802 318 49 Whitchurch,
1558 816 256 39 commença
1839 802 186 42 d'abord
2047 818 80 38 par

118 871 171 42 étudier
313 875 22 36 à
358 871 40 40 la
418 871 144 54 Royal
583 870 226 55 Academy
831 881 42 32 et
896 877 21 36 à
943 873 125 53 jouer
1085 873 40 40 le
1145 873 104 49 soir,
1266 886 174 27 comme
1458 872 233 42 deuxième
1712 873 168 50 violon,
1906 887 54 26 au
1978 871 149 54 Savoy

118 941 211 51 Theatre,
354 941 63 40 les
441 955 237 28 morceaux
699 943 53 40 de
774 943 112 40 celui
908 943 163 52 auquel
1094 942 30 41 il
1147 943 148 40 devait
1322 943 224 40 succéder.

174 1009 83 42 Ses
280 1010 161 41 débuts
464 1024 174 28 comme
661 1013 301 52 compositeur
984 1011 148 42 furent
1165 1025 87 40 peu
1285 1012 265 40 ordinaires.
1570 1011 69 41 En
1665 1014 118 49 1889,
1804 1010 62 42 M.
1886 1009 240 43 Mansfield

120 1082 117 38 avait
260 1078 158 43 besoin
442 1079 106 42 d'un
569 1080 102 42 chef
687 1081 271 41 d'orchestre
981 1095 114 39 pour
1118 1095 46 27 sa
1185 1083 151 39 saison
1354 1082 231 40 théâtrale.
1604 1080 70 42 Un
1694 1082 99 52 jour
1814 1082 105 52 qu'il
1941 1081 159 41 descen-

116 1149 94 41 dait
242 1149 40 41 le
304 1150 144 50 grand
466 1150 186 41 escalier
674 1150 54 42 de
751 1148 273 44 l'Académie
1046 1151 54 40 de
1119 1150 229 54 Musique,
1374 1151 29 40 il
1437 1150 64 41 fut
1536 1155 21 35 à
1592 1150 117 40 demi
1734 1155 206 36 renversé
1962 1165 80 38 par
2064 1165 60 26 un

118 1219 130 51 jeune
289 1219 184 40 homme
516 1221 75 51 qui
631 1219 303 51 dégringolait
974 1220 64 40 les
1080 1220 204 40 marches
1321 1228 156 44 quatre
1517 1224 22 35 à
1583 1228 155 44 quatre
1762 1235 7 24 :
1826 1233 20 25 «
1891 1219 193 40 Halte-là
2112 1219 7 40 I

119 1285 250 43 s'écria-t-il
392 1301 54 26 en
480 1297 190 42 prenant
693 1286 196 43 German
909 1302 79 37 par
1011 1288 38 40 le
1073 1287 120 41 bras.
1243 1287 281 42 Savez-vous
1547 1288 212 39 conduire
1779 1302 60 26 un
1862 1288 224 41 orchestre
2108 1292 17 35 ?

116 1378 56 6 —
193 1355 103 50 Oui,
325 1356 205 52 répondit
553 1356 38 40 le
621 1357 131 51 jeune
775 1357 232 40 musicien.
1037 1378 45 6 —
1108 1356 122 41 C'est
1249 1355 120 49 bien,
1393 1357 39 52 je
1452 1369 113 28 vous
1588 1357 180 52 prends.
1795 1369 20 24 »

176 1423 59 43 Sa
273 1425 177 40 fortune
489 1426 104 39 était
640 1424 120 41 faite.
802 1424 29 41 Il
876 1426 152 39 écrivit
1070 1439 86 26 une
1191 1426 208 51 musique
1437 1425 475 53 d'accompagnement
1950 1425 54 41 de
2044 1423 55 42 Ri-

118 1492 132 42 chard
268 1493 76 40 III.
366 1492 98 41 Elle
485 1494 105 39 était
618 1494 36 38 si
678 1492 104 42 bien
808 1493 201 41 d'accord
1031 1507 105 27 avec
1171 1494 39 40 le
1240 1496 240 39 sentiment
1518 1494 193 51 anglais,
1736 1493 245 53 qu'Irving,
2020 1508 80 27 vou-

118 1561 92 41 lant
230 1567 279 47 représenter
535 1560 147 58 Henry
714 1561 112 53 VIII,
845 1561 48 42 fit
911 1563 129 53 appel
1063 1578 55 26 au
1139 1563 138 41 talent
1293 1563 53 41 de
1367 1562 214 42 German.
1607 1563 63 41 Ce
1705 1564 175 40 dernier
1915 1576 209 40 composa

121 1640 124 32 entre
288 1640 147 32 autres
483 1630 133 42 Three
642 1630 168 42 Dances
852 1634 75 50 qui
977 1641 155 32 eurent
1165 1647 59 26 un
1248 1638 151 35 succès
1423 1632 191 41 éclatant
1651 1640 40 33 et
1721 1634 74 52 qui
1820 1633 40 40 le
1891 1639 209 35 consacrè-

118 1709 96 32 rent
236 1714 174 27 comme
429 1701 303 52 compositeur
744 1701 216 41 national.
986 1701 94 41 Peu
1092 1701 55 41 de
1164 1710 144 45 temps
1329 1707 146 48 après,
1492 1700 206 43 Sullivan
1721 1710 196 40 mourut,
1940 1702 187 42 laissant

118 1785 61 26 un
207 1774 134 49 opéra
364 1772 225 51 mystique
610 1770 230 49 inachevé,
884 1769 88 40 The
1002 1770 209 41 Emerald
1231 1771 94 41 Isle.
1355 1770 212 42 L'auteur
1599 1771 54 41 de
1691 1770 132 41 Three
1856 1771 168 40 Dances
2061 1770 65 43 fut

118 1839 186 51 désigné
326 1853 112 39 pour
461 1839 233 41 l'achever.
721 1839 32 40 Il
776 1840 153 40 écrivit
960 1842 174 38 ensuite
1155 1839 160 40 Merrie
1342 1839 72 41 En
1418 1840 140 54 gland
1562 1871 10 18 ,
1611 1840 113 53 sujet
1747 1842 271 51 patriotique
2051 1843 75 50 qui

118 1908 120 42 flatta
262 1922 69 28 ses
357 1909 245 49 auditeurs,
628 1917 40 33 et
689 1908 120 42 enfin
833 1923 87 27 une
939 1913 176 37 récente
1167 1908 146 41 Welsh
1336 1908 233 56 Rhapsody
1576 1940 9 18 ,
1612 1911 75 51 qui
1712 1912 156 39 mérite
1890 1924 87 27 une
1999 1924 96 26 men-

120 1980 92 40 tion
238 1979 191 53 spéciale
462 1992 131 40 parce
619 1976 162 56 qu'elle
806 1987 66 33 est
894 1980 202 52 typique.

173 2046 64 41 Le
257 2061 110 40 pays
386 2048 54 40 de
463 2046 169 52 Galles,
659 2061 103 27 avec
797 2061 69 28 ses
889 2047 163 41 bardes
1085 2056 40 32 et
1161 2061 69 27 ses
1263 2047 226 42 chansons
1512 2047 257 53 populaires
1793 2049 36 40 si
1865 2047 257 53 originales,

122 2116 147 41 offrait
285 2121 21 36 à
327 2115 198 42 German
542 2131 88 26 une
654 2119 186 38 matière
863 2116 376 42 admirablement
1262 2119 266 50 appropriée
1549 2121 22 36 à
1596 2130 81 28 son
1702 2117 137 41 talent
1863 2117 124 41 celte.
2000 2117 33 40 Il
2057 2126 71 32 sut

120 2187 151 40 réunir
294 2200 70 27 ces
384 2187 216 40 mélodies
624 2200 54 27 en
717 2200 88 27 une
840 2187 300 52 composition
1163 2190 184 47 étrange
1385 2209 52 5 —
1473 2187 65 40 air
1563 2185 78 41 des
1665 2185 106 40 Men
1790 2186 57 51 of
1863 2185 189 41 Harlech
2075 2208 51 7 —

120 2257 90 50 qui,
247 2256 209 52 question
475 2256 54 39 de
558 2257 240 39 sentiment
821 2259 21 36 à
868 2264 113 43 part,
1007 2268 114 28 nous
1141 2255 148 41 donne
1310 2268 86 28 une
1419 2255 98 41 idée
1548 2256 298 40 intéressante
1868 2255 54 41 de
1941 2254 41 42 la
2005 2256 122 40 vraie

118 2326 209 51 musique
351 2324 375 51 anglo-saxonne.

175 2393 32 41 Il
228 2402 64 32 est
312 2408 55 26 en
389 2395 116 39 train
527 2392 234 42 d'achever
780 2408 60 26 un
879 2393 163 42 nouvel
1081 2397 134 49 opéra
1247 2394 221 52 comique.
1502 2391 159 43 Inutile
1684 2393 53 41 de
1760 2393 94 41 dire
1877 2394 134 52 qu'on
2035 2394 92 41 l'at-

119 2463 102 41 tend
247 2477 104 27 avec
380 2464 283 51 impatience.

782 2462 216 41 MAURICE
1021 2462 215 42 TESSIER.

176 2591 172 46 TOURS.
371 2618 52 5 —
451 2593 64 42 Le
547 2597 116 39 mois
702 2594 153 41 écoulé
894 2609 22 25 a
953 2599 69 36 été
1059 2595 233 52 privilégié
1331 2606 113 41 pour
1479 2593 62 42 les
1571 2602 224 34 amateurs
1832 2595 52 40 de
1920 2597 208 52 musique

122 2665 53 40 de
198 2674 127 32 notre
342 2665 119 40 ville.
485 2663 118 42 Tout
623 2662 203 50 d'abord,
849 2663 40 40 le
908 2676 14 39 5
950 2663 259 52 novembre,
1233 2662 145 42 c'était
1397 2663 40 41 le
1459 2677 12 26 I
1481 2668 32 18 er
1538 2662 190 43 Concert
1745 2664 54 41 de
1821 2663 307 42 ïAssociation

121 2733 218 55 artistique
359 2734 50 39 de
427 2733 136 40 Tours
585 2757 53 5 —
658 2747 86 40 que
767 2746 115 28 nous
905 2734 156 39 avions
1081 2736 200 37 annoncé
1303 2733 54 39 ici
1387 2736 145 37 même
1551 2741 103 32 —et
1678 2734 75 51 qui
1776 2732 160 52 obtint,
1967 2747 103 26 avec
2089 2733 39 40 le

122 2815 215 29 concours
358 2801 54 42 de
435 2801 62 41 M.
521 2801 156 42 Albert
711 2801 251 49 Houfflack,
987 2801 39 41 le
1046 2801 240 41 violoniste
1317 2805 168 48 réputé,
1512 2810 41 31 et
1574 2801 54 40 de
1650 2800 46 41 M
1703 2799 35 24 lle
1764 2801 168 41 Hélène
1950 2801 149 41 Demel-

122 2870 93 51 lier,
240 2872 151 41 soliste
414 2872 78 40 des
516 2871 215 41 Concerts
751 2870 221 49 Colonne,
999 2885 60 26 un
1082 2876 151 35 succès
1256 2870 103 40 bien
1382 2871 171 39 mérité.

176 2940 64 42 Ce
258 2940 65 42 fut
345 2943 175 39 ensuite
546 2956 60 26 un
630 2949 175 33 concert
821 2940 148 41 donné
988 2952 80 40 par
1091 2939 146 43 Raoul
1270 2939 160 51 Pugno
1456 2952 105 28 avec
1582 2938 47 42 M
1633 2936 39 26 lle
1693 2938 178 43 Marthe
1890 2939 206 41 Doerken
2117 2950 10 39 ;

120 3013 100 50 puis
242 3011 39 40 la
299 3012 219 51 première
542 3011 143 40 soirée
704 3011 54 39 de
781 3010 41 40 la
845 3008 176 42 Société
1044 3009 76 40 des
1141 3008 126 42 Amis
1281 3008 77 42 des
1382 3008 122 50 Arts,
1531 3016 57 34 où
1613 3021 45 28 se
1682 3007 129 43 firent
1832 3010 214 40 entendre
2067 3010 62 40 les

119 3082 109 39 trois
250 3079 138 42 frères
407 3079 227 41 Thibaud.
660 3078 170 43 Vanter
853 3079 39 40 le
925 3078 138 41 talent
1080 3078 54 40 de
1150 3091 70 28 ces
1254 3077 228 42 différents
1519 3080 193 49 artistes,
1736 3079 395 40 universellement

120 3163 184 36 connus,
332 3150 134 40 serait
490 3149 213 52 superflu.
730 3148 164 41 Disons
929 3147 247 41 seulement
1207 3145 164 56 qu'une
1405 3147 86 42 fois
1528 3147 53 41 de
1604 3147 101 53 plus
1738 3147 168 42 chacun
1946 3146 126 43 d'eux
2104 3163 29 38 y

122 3227 222 44 remporta
370 3233 61 26 un
459 3218 239 52 triomphe.

174 3286 64 42 La
264 3286 336 42 manifestation
624 3287 235 52 artistique
890 3285 259 42 réellement
1171 3286 298 41 intéressante
1491 3282 60 44 du
1583 3285 133 50 mois,
1742 3295 66 31 est
1828 3285 39 41 le
1890 3300 20 26 2
1915 3291 16 18 e
1957 3295 174 33 concert

123 3356 146 41 donné
295 3357 39 40 le
363 3371 46 26 10
433 3355 235 42 décembre
690 3370 80 39 par
790 3354 317 42 l'Association
1128 3357 236 51 artistique
1381 3354 54 42 de
1456 3354 162 42 Tours.
1644 3354 129 42 Cette
1795 3356 129 52 jeune
1940 3354 189 51 Société,

123 3434 94 32 tout
242 3429 22 36 à
295 3425 79 42 fait
397 3429 328 47 nouveau-née,
752 3425 117 41 avait
900 3429 210 49 composé
1133 3438 81 28 son
1252 3437 289 41 programme
1564 3437 104 28 avec
1690 3439 60 26 un
1773 3425 254 42 éclectisme
2048 3424 88 42 fort

121 3494 213 40 heureux.
