3467 4429
1691 148 97 55 410

117 283 80 53 das
230 283 123 53 eines
386 285 146 52 durch
564 286 231 52 fürstliche
824 289 190 49 Launen
1047 287 90 51 und
1170 289 251 50 unerhörte
1453 287 194 54 Grobhei-

118 376 78 45 ten
233 370 279 66 gehudelten
544 371 92 51 und
666 371 354 52 misshandelten
1052 372 264 52 Bedienten.
1348 374 132 50 Nicht
1510 391 168 50 genug,

120 455 104 49 dass
257 471 56 33 an
346 454 105 52 dem
482 456 337 66 Mittagstische
850 457 60 50 im
943 456 149 52 Palast
1122 457 69 51 die
1222 457 113 52 zwei
1367 457 280 51 Kammerdie-

121 556 82 34 ner
234 537 118 53 oben
384 558 71 39 an,
487 540 119 50 dann
630 541 192 60 Mozart,
852 541 70 51 die
946 541 112 51 zwei
1084 543 160 49 Köche
1266 543 92 49 und
1383 543 80 49 der
1480 543 170 49 Zucker-

121 621 171 52 bäcker
337 621 134 52 nebst
515 625 110 50 zwei
658 625 310 52 italiänischen
998 626 233 50 Musikern
1264 644 170 42 sassen,
1477 628 117 49 auch
1623 644 57 33 an

122 706 86 51 den
240 708 285 66 gemeinsten
556 709 407 70 Schimpfwörtern
995 710 161 51 liessen
1189 728 47 33 es
1258 711 133 50 Seine
1409 711 243 51 Hochfürst-

122 789 146 52 lichen
301 790 192 51 Gnaden
525 791 123 51 nicht
680 793 162 51 fehlen.
902 794 234 58 Auftritte,
1176 794 42 50 in
1261 794 148 51 denen
1445 812 50 33 es
1536 794 144 51 hiess:

132 875 96 59 „Er
247 875 165 69 Lump,
445 875 236 62 Lausbub,
711 878 173 49 scheer'
910 879 60 48 Er
990 878 104 49 Sich
1376 879 162 51 kamen
1570 879 84 50 häu-

123 959 65 67 fig
219 977 97 42 vor,
348 960 93 50 und
473 979 87 32 nur
593 962 70 50 die
694 963 250 65 ängstliche
964 963 149 66 Sorge
1137 963 79 49 des
1235 964 162 50 Vaters
1421 964 263 51 vermochte

123 1061 51 33 so
207 1043 82 51 viel
322 1043 116 51 über
469 1044 270 70 Wolfgang,
770 1045 101 51 dass
903 1063 48 32 er
983 1063 51 33 so
1066 1045 131 69 lange
1232 1047 84 49 wie
1348 1047 198 68 möglich
1580 1064 78 34 aus-

123 1128 126 51 hielt.

250 1249 191 49 Endlich
471 1249 110 50 aber
611 1251 84 48 riss
734 1250 92 49 ihm
857 1250 70 49 die
960 1251 211 59 Geduld;
1217 1269 49 32 er
1296 1251 89 67 gab
1415 1270 71 32 am
1520 1252 51 51 9.
1597 1254 87 51 Mai

132 1331 144 52 1781
322 1332 123 51 seine
475 1335 280 66 Entlassung
786 1335 70 50 ein
897 1336 89 50 und
1026 1335 177 51 schrieb
1246 1336 99 50 dem
1378 1338 141 49 Vater
1550 1345 134 43 unter

125 1416 261 51 Anderem:
437 1419 154 57 „Was
625 1419 229 58 Wunder,
894 1438 134 32 wenn
1058 1420 69 50 ich
1160 1420 172 51 endlich
1365 1421 141 51 durch
1538 1421 144 59 Bube,

125 1500 224 60 Schurke,
381 1503 220 58 Bursche,
633 1503 280 50 liederlicher
945 1504 109 51 Kerl
1090 1505 93 48 und
1214 1504 289 67 dergleichen
1536 1506 144 59 mehr,

126 1584 58 51 im
208 1584 172 52 Munde
410 1586 122 50 eines
562 1588 195 48 Fürsten
786 1588 251 49 rühmliche
1061 1588 288 61 Ausdrücke,
1379 1607 112 49 ganz
1523 1608 159 33 ausser

125 1668 99 58 mir,
255 1668 106 51 das:
403 1670 185 50 Scheer'
619 1672 66 49 Er
718 1672 104 49 Sich
855 1670 180 51 weiter!
1067 1672 174 49 endlich
1274 1674 69 47 für
1369 1672 200 52 bekannt
1600 1692 52 32 an-

125 1769 274 50 genommen
426 1754 205 51 habe.

125 1835 155 51 Diener
311 1840 139 58 wäre,
483 1839 90 48 und
606 1838 77 49 das
719 1838 137 51 brach
889 1839 83 50 mir
1002 1839 88 50 den
1122 1839 124 51 Hals.
1416 1842 156 51 Leben
1605 1843 74 50 Sie

127 1920 121 51 wohl
290 1922 90 51 und
423 1923 159 51 freuen
611 1923 75 50 Sie
716 1923 120 60 Sieb,
879 1923 103 52 dass
1011 1924 75 51 Sie
1118 1924 160 51 keinen
1308 1924 237 52 Hundsfut
1574 1945 104 31 zum

126 2003 155 52 Sohne

249 2126 85 52 Die
365 2145 141 51 ganze
535 2127 222 53 Noblesse
789 2147 95 33 war
913 2130 80 50 auf
1020 2131 218 50 Mozart's
1270 2131 139 52 Seite.
1456 2133 221 52 Dennoch

125 2209 232 68 verlangte
402 2211 80 50 der
521 2213 142 49 Vater
692 2213 350 50 Zurücknahme
1086 2215 79 50 des
1207 2215 443 67 Entlassungs-Gesu-

125 2294 120 52 ches.
294 2294 127 51 Aber
455 2296 250 66 Wolfgang
750 2295 118 52 blieb
912 2298 99 59 fest,
1057 2299 296 49 wiederholte
1383 2300 79 50 das
1495 2301 182 53 Gesuch

125 2378 96 50 drei
250 2379 106 56 Mal,
388 2378 109 50 aber
523 2380 223 51 Niemand
781 2389 164 59 wagte,
976 2399 47 33 es
1054 2383 103 51 dem
1188 2383 296 52 Erzbischofe
1514 2403 134 33 vorzu-

122 2461 149 68 legen.
304 2464 186 50 Endlich
527 2464 107 69 ging
664 2467 178 48 Mozart
871 2465 141 52 selbst
1043 2468 80 49 mit
1153 2468 167 51 seinem
1353 2469 249 52 Schreiben
1632 2472 42 50 in

126 2545 88 51 den
243 2547 166 58 Palast,
452 2566 74 33 wo
556 2566 51 33 er
636 2549 140 51 schon
810 2549 152 67 längst
990 2552 123 49 nicht
1144 2552 129 50 mehr
1303 2553 197 52 wohnte.
1562 2555 112 50 Hier

122 2629 205 67 empfing
370 2630 73 51 ihn
489 2632 113 49 Graf
639 2632 138 59 Arco,
823 2633 81 49 der
1240 2635 78 51 des
1365 2637 307 61 Erzbischofs,

122 2714 207 50 traclirte
360 2714 73 51 ihn
468 2715 81 50 mit
579 2715 169 67 Flegel,
779 2718 176 50 Bursch
998 2737 44 31 u.
1073 2736 33 35 s.
1141 2737 72 43 w.,
1259 2721 91 49 und
1392 2722 146 49 warf
1576 2722 96 51 ihn

122 2797 106 51 mit
273 2798 191 51 einem
511 2801 301 49 Fusstritt
857 2820 98 30 zur
984 2802 162 51 Thür
1190 2804 234 50 hinaus!
1471 2807 91 48 Das
1594 2823 52 50 ge-

120 2881 137 50 schah
290 2900 70 31 am
395 2882 51 51 8.
476 2884 106 49 Juni
623 2882 143 52 1781
810 2903 54 31 zu
896 2886 166 50 Wien!
1106 2888 117 48 Jahn
1256 2897 123 57 sagt:
1438 2888 107 60 „Ob
1579 2889 68 50 die-

116 2982 75 34 ser
216 2967 177 49 Excess
423 2969 79 47 auf
527 2967 385 52 hochfürstlichen
944 2971 155 48 Befehl
1131 2972 212 65 geschah,
1374 2981 172 41 wusste
1571 2975 68 49 Mo-

116 3057 96 42 zart
242 3049 123 50 nicht
395 3051 194 66 gewiss;
630 3051 238 67 jedenfalls
903 3071 94 32 war
1028 3053 81 50 der
1141 3055 213 66 gräfliche
1385 3055 171 50 Diener
1585 3058 63 49 sei-

113 3151 82 32 nes
228 3133 240 52 Gebieters
501 3136 190 67 würdig.
752 3137 138 50 Beide
931 3138 169 50 ahnten
1144 3140 139 58 nicht,
1329 3140 141 50 welch
1503 3159 139 33 unaus-

113 3216 271 52 löschliches
404 3220 243 49 Brandmal
678 3218 64 51 sie
772 3220 143 49 ihrem
934 3222 176 50 Namen
1141 3222 299 68 aufgedrückt

240 3303 182 50 Mozart
473 3321 95 32 war
615 3321 159 33 ausser
819 3305 93 49 sich
962 3306 90 50 und
1095 3306 176 51 schrieb
1315 3309 167 49 seinem
1514 3310 156 57 Vater,

113 3385 102 51 dass
247 3403 50 33 er
329 3386 103 51 dem
464 3386 167 51 Grafen
657 3389 123 49 Arco
813 3387 169 51 wieder
1011 3389 131 52 einen
1172 3391 120 50 Tritt
1322 3390 146 68 geben
1501 3392 169 59 werde,

113 3486 74 33 wo
219 3488 48 31 er
297 3471 75 50 ihn
404 3471 145 51 treffe.
611 3474 97 48 Der
738 3474 142 49 Vater
922 3474 214 49 erschrak
1180 3491 80 33 vor
1301 3475 144 51 einem
1486 3477 183 50 solchen

112 3552 212 52 Attentat
355 3573 148 49 gegen
536 3556 128 51 einen
697 3556 205 66 adeligen
935 3559 180 57 Herrn;
1146 3557 110 50 aber
1288 3559 254 67 Wolfgang
1572 3569 74 41 ant-

113 3644 222 43 wortete:
390 3640 125 57 „Das
545 3640 125 50 Herz
715 3640 122 51 adelt
884 3640 86 51 den
1004 3641 264 59 Menschen,
1313 3641 92 51 und
1438 3660 132 32 wenn
1600 3643 69 50 ich

112 3720 142 51 schon
287 3720 101 51 kein
418 3724 113 48 Graf
568 3724 89 58 bin,
703 3742 50 33 so
785 3724 116 51 habe
944 3725 67 50 ich
1047 3725 221 51 vielleicht
1298 3726 130 50 mehr
1456 3728 123 49 Ehre
1611 3729 57 48 im

109 3803 159 59 Leibe,
314 3804 65 49 als
421 3806 212 50 mancher
661 3808 137 59 Graf;
846 3809 91 49 und
969 3809 304 51 Hausknecht
1302 3810 113 50 oder
1443 3810 121 59 Graf,
1597 3829 48 32 so-

108 3888 108 49 bald
249 3905 50 32 er
333 3888 116 49 mich
483 3888 282 71 beschimpft,
810 3893 56 48 ist
897 3911 49 31 er
978 3893 70 49 ein
1081 3893 251 51 Hundsfut.
1390 3894 77 48 Ich
1515 3895 153 50 werde

109 3972 91 50 ihm
235 3991 54 30 zu
310 3972 183 67 Anfang
518 3989 111 49 ganz
653 3975 258 69 vernünftig
940 3977 259 59 vorstellen,
1232 3978 85 49 wie
1348 3977 202 50 schlecht
1575 3979 91 50 und

109 4057 108 50 übel
264 4074 50 32 er
355 4057 124 49 seine
515 4057 146 49 Sache
706 4062 210 62 gemacht
959 4060 144 61 habe;
1148 4081 104 31 zum
1298 4062 216 50 Schlüsse
1560 4062 109 50 aber

111 4157 124 34 muss
281 4140 67 50 ich
396 4140 92 51 ihm
535 4140 117 51 doch
696 4140 241 52 schriftlich
970 4146 272 59 versichern,
1287 4146 103 52 dass
1421 4163 49 33 er
1503 4146 163 66 gewiss

1779 308 86 33 von
1898 290 85 51 mir
2013 290 130 52 einen
2174 294 119 50 Fuss
2326 294 57 50 im
2414 294 111 49 A—
2575 295 91 51 und
2698 295 117 51 noch
2848 296 68 51 ein
2952 314 106 52 paar
3093 299 248 70 Ohrfeigen

1779 391 55 32 zu
1866 382 227 44 erwarten

1901 460 99 49 Seit
2044 460 177 69 einigen
2265 463 170 52 Jahren
2481 464 123 49 hatte
2649 464 80 51 der
2771 465 162 51 Kaiser
2972 468 171 67 Joseph
3174 470 57 50 11.
3270 470 70 51 ein

1774 543 436 52 National-Theater
2242 546 270 68 begründet.
2561 549 62 48 Er
2655 548 91 52 hob
2778 549 150 51 ferner
2958 551 79 50 das
3070 553 143 50 Ballet
3248 554 90 51 und

1777 625 70 50 die
1879 626 275 52 italiänische
2181 630 129 67 Oper
2351 631 89 60 auf,
2494 633 89 49 und
2628 649 54 33 an
2715 633 72 50 die
2818 634 143 49 Stelle
2992 635 80 48 der
3113 636 224 53 letzteren

1778 710 134 50 sollte
1952 751 17 19 „
1984 713 70 49 ein
2616 724 164 45 treten.
2834 719 95 48 Der
2953 720 182 68 Anfang
3176 722 161 50 wurde

1785 793 151 52 1778
1984 797 80 49 mit
2093 795 221 52 Umlaufs
2827 802 122 50 einer
2996 803 177 52 kleinen
3206 805 93 70 Ope-

1777 887 136 52 rette,
1943 883 228 65 gemacht.
2204 883 114 49 Graf
2329 883 271 68 Rosenberg
2633 885 123 51 hatte
2787 888 83 49 seit
2910 887 16 49 1
2948 887 110 50 776
3089 889 70 50 die
3184 889 150 52 Ober-

1779 964 233 51 Direction
2045 965 79 51 des
2141 965 223 51 Theaters
2388 968 220 60 erhalten,
2641 971 88 49 und
2764 971 141 49 durch
2942 972 72 49 ihn
3047 972 161 52 bekam
3235 976 66 50 Mo-

1779 1056 96 43 zart
1926 1049 128 50 Ende
2094 1051 91 50 Juli
2224 1049 146 51 1781
2426 1052 85 49 den
2557 1053 120 51 Text
2721 1072 85 33 von
2853 1056 315 52 Belmonte
3212 1061 119 49 und

1781 1132 346 52 Constanze
2158 1134 112 51 oder
2296 1136 107 48 Die
2430 1137 386 67 Entführung
2848 1141 483 54 ausdemSerail.

1906 1217 83 48 Die
2022 1217 128 68 Oper
2180 1218 130 50 sollte
2340 1218 166 51 bereits
2535 1219 57 50 im
2613 1222 273 67 September
2915 1222 68 51 bei
3005 1225 329 54 Anwesenheit

1779 1299 79 51 des
1890 1301 320 51 Grossfürsten
2243 1303 109 49 Paul
2395 1302 206 67 gegeben
2635 1306 199 49 werden.
2892 1307 177 50 Mozart
3112 1308 221 54 arbeitete

1778 1385 131 49 rasch
1952 1385 139 49 daran
2133 1387 92 50 und
2267 1387 104 51 liess
2413 1388 139 50 schon
2595 1391 112 48 nach
2754 1391 104 48 acht
2889 1392 154 66 Tagen
3076 1393 70 50 die
3174 1395 157 52 Gräfin

1778 1468 132 49 Thun
1943 1467 158 61 hören,
2134 1487 93 32 was
2261 1471 132 67 fertig
2425 1490 106 32 war.
2595 1473 73 49 Sie
2699 1491 96 32 war
2829 1475 240 64 ungemein
3102 1477 229 52 zufrieden

1778 1551 151 52 damit.
1976 1553 64 49 Er
2070 1552 202 51 schreibt
2303 1555 134 49 aber:
2486 1557 106 57 „Ich
2625 1557 115 65 gehe
2771 1557 41 50 in
2845 1559 169 48 diesem
3048 1561 178 51 Punkte
3258 1564 80 49 auf

1776 1635 155 52 keines
1953 1637 246 50 Menschen
2230 1637 99 50 Lob
2364 1640 92 49 und
2489 1640 153 58 Tadel,
2675 1640 138 52 bevor
2841 1659 51 33 so
2920 1644 146 48 Leute
3095 1644 123 50 nicht
3249 1647 54 50 Al-

1777 1720 63 49 les
1871 1719 57 49 im
1961 1721 183 50 Ganzen
2176 1722 165 65 gehört
2387 1724 110 49 oder
2528 1725 199 66 gesehen
2760 1725 162 61 haben,
2967 1727 199 50 sondern
3208 1730 120 66 folge

1776 1804 387 68 schlechterdings
2196 1806 175 51 meinen
2404 1809 186 66 eigenen
3074 1814 254 67 —Später

1774 1887 155 50 erfuhr
1961 1905 64 41 er,
2070 1889 102 51 dass
2215 1890 109 58 „das
2690 1894 65 66 (S.
2787 1894 96 67 47)
2916 1901 94 44 erst
3041 1894 57 49 im
3128 1895 165 53 Novem-

1774 1971 82 50 ber
1886 1971 197 61 komme,
2116 1974 91 49 und
2240 1993 96 32 war
2375 1976 146 60 „froh,
2552 1978 119 49 seine
2703 1979 153 67 Opera
2892 1979 77 49 mit
3005 1978 321 71 Ueberlegung

1774 2054 237 51 schreiben
2042 2075 55 31 zu
2432 2060 145 50 Allein
2621 2060 64 50 sie
2722 2061 159 50 wurde
2920 2063 91 49 fürs
3044 2063 134 49 Erste
3211 2083 113 48 ganz

1774 2140 341 67 zurückgelegt,
2145 2143 54 48 da
2232 2160 100 32 man
2365 2143 69 51 bei
2460 2144 117 50 Hofe
2601 2144 167 51 andere
2794 2148 329 66 Verfügungen
3154 2150 147 65 getrof-

1774 2224 70 50 fen
1882 2224 139 50 hatte.
2079 2225 182 51 Gluck's
2291 2228 230 67 Iphigenie
2562 2229 42 50 in
2646 2230 161 50 Tauris
2851 2232 89 48 und
2985 2232 124 49 seine
3141 2232 185 52 Alceste

1773 2314 191 45 wurden
1998 2308 221 67 gegeben.

1895 2392 315 67 Mannigfache
2252 2393 415 70 Beschäftigungen
2718 2397 196 51 nahmen
2961 2398 72 50 ihn
3077 2398 164 51 darauf
3279 2399 45 51 in

1771 2475 269 68 Anspruch;
2072 2477 115 51 doch
2219 2478 159 50 schlief
2404 2479 70 50 die
2508 2479 129 68 Oper
2668 2479 136 51 nicht.
2837 2483 89 48 Am
2961 2482 49 51 8.
3042 2482 89 51 Mai
3166 2482 153 52 1782

1768 2558 177 51 schrieb
1976 2577 74 33 er:
2093 2562 226 57 „Gestern
2340 2580 94 31 war
2464 2563 66 50 ich
2561 2563 68 50 bei
2655 2564 80 50 der
2754 2564 156 51 Gräfin
2929 2566 133 49 Thun
3090 2567 92 49 und
3206 2567 118 51 habe

1767 2643 68 50 ihr
1866 2643 86 51 den
1984 2644 188 51 zweiten
2201 2646 89 48 Act
2745 2649 89 50 und
2867 2667 68 32 am
2971 2649 123 51 29.:
3145 2651 149 58 „Künf-

1768 2727 122 67 tigen
1933 2729 191 66 Montag
2164 2728 187 52 werden
2398 2732 80 50 wir
2524 2732 70 50 die
2638 2740 122 42 erste
2797 2733 151 51 Probe
2994 2735 213 59 machen;
3253 2736 70 49 ich

1768 2811 126 48 freue
1926 2811 114 49 mich
2070 2812 130 50 recht
2232 2812 104 51 sehr
2366 2815 82 49 auf
2473 2815 122 49 diese
2624 2816 144 66 Oper,
2811 2816 78 51 das
2924 2834 123 33 muss
3079 2817 67 50 ich
3178 2818 142 50 Ihnen

1900 2978 95 58 „Er
2026 2978 124 51 hatte
2182 2987 109 59 gute
2324 2980 200 50 Ursache
2849 3001 51 33 so
2930 2983 118 51 fährt
3079 2983 118 51 Jahn
3230 2986 87 50 fort

1774 3090 87 29 —,
1901 3062 149 57 „denn
2082 3080 49 32 er
2162 3062 169 51 konnte
2361 3063 78 51 des
2472 3065 207 67 Erfolges
2709 3066 146 50 sicher
2886 3067 108 51 sein.
3027 3069 125 49 Aber
3183 3069 136 50 leicht

1767 3146 159 50 wurde
1969 3147 90 50 ihm
2106 3146 70 50 die
2207 3149 144 48 Sache
2381 3149 113 49 auch
2520 3149 115 67 jetzt
2667 3150 121 49 nicht
2817 3152 235 66 gemacht;
3104 3171 48 32 er
3194 3154 125 49 hatte

1767 3230 80 48 mit
1879 3230 182 49 starken
2094 3230 195 51 Cabalen
2323 3250 52 31 zu
2411 3232 224 68 kämpfen,
2680 3235 89 49 und
2803 3253 47 31 es
2891 3235 209 52 bedurfte
3131 3237 79 50 des
3240 3236 53 51 be-

1767 3312 230 50 stimmten
2030 3314 177 49 Befehls
2240 3315 78 48 des
2345 3315 198 57 Kaisers,
2575 3316 138 50 damit
2743 3317 70 50 die
2844 3320 129 66 Oper
3005 3338 70 32 am
3116 3320 88 50 12.
3229 3321 90 50 Juh

1767 3396 198 50 wirklich
1998 3397 206 67 gegeben
2239 3399 170 49 wurde.
2474 3400 116 50 War
2630 3401 69 49 die
2732 3403 279 68 Erwartung
3056 3405 79 50 des
3165 3404 129 51 Publi-

1766 3497 127 33 cums
1926 3489 223 60 gespannt
2181 3499 227 50 gewesen,
2440 3500 51 33 so
2522 3485 160 51 wurde
2714 3486 65 50 sie
2809 3505 92 31 nun
2934 3488 143 49 durch
3110 3488 89 50 den
3230 3489 58 48 Er-

1767 3564 90 66 folg
1889 3564 80 49 der
1994 3566 128 66 Oper
2149 3566 268 68 vollständig
2449 3569 372 69 gerechtfertigt;
2854 3573 79 48 das
2952 3573 129 48 Haus
3114 3591 96 31 war
3240 3591 52 48 ge-

1766 3646 166 68 drängt
1965 3648 99 58 voll,
2098 3649 149 49 Beifall
2280 3650 90 50 und
2406 3651 395 69 Da-Capo-Rufen
2827 3655 195 50 nahmen
3056 3655 98 50 kein
3174 3654 145 58 Ende,

1767 3731 90 50 und
1880 3731 293 51 wiederholte
2195 3734 350 67 Aufführungen
2577 3737 169 66 folgten
2780 3739 130 50 rasch
2943 3740 79 49 auf

2215 3818 197 51 schreibt
2442 3820 60 50 M.
2536 3819 111 67 (20.
2680 3820 91 50 Juli
2812 3820 187 69 1782),
3056 3823 86 57 „ist
3173 3822 146 49 meine

1766 3898 128 67 Oper
1940 3916 100 33 zum
2084 3902 190 49 zweiten
2317 3903 118 49 Male
2479 3903 207 66 gegeben
2733 3905 202 51 worden.
2995 3907 216 48 Könnten
3244 3904 75 48 Sie

1764 3983 120 48 wohl
1933 3985 281 59 vermuthen,
2260 3987 102 49 dass
2404 3994 183 59 gestern
2630 3988 115 51 noch
2788 3989 98 51 eine
2916 3989 206 50 stärkere
3152 3987 168 51 Cabale

1766 4082 109 42 war,
1905 4067 64 49 als
1999 4086 70 32 am
2102 4077 152 43 ersten
2282 4069 202 51 Abend?
2543 4072 94 48 Der
2679 4088 141 51 ganze
2863 4081 120 40 erste
3014 4072 88 49 Act
3132 4072 56 49 ist
3218 4088 74 33 ver-

1766 4149 160 52 wischt
1945 4152 202 62 worden,
2177 4153 110 51 aber
2318 4153 77 52 das
2432 4153 122 52 laute
2577 4156 321 50 Bravo-Rufen
2917 4163 134 42 unter
3071 4156 88 50 den
3176 4156 141 50 Arien
