4843 6421
4422 6174 57 38 29

326 276 138 52 Der
495 279 187 52 Herr
709 285 68 46 in
806 281 287 54 Trauer

326 361 141 51 Der
495 362 193 51 Sohn

399 445 269 50 schreiten
697 448 257 52 einander
977 450 234 50 vorüber

327 525 286 53 Freund
654 530 142 50 und
838 531 387 52 Freundin
1266 533 290 62 {schreiten
1597 533 247 60 vorüber,
1888 533 218 51 reichen
2151 533 120 51 dem

463 610 176 51 Herrn
672 611 85 52 die
789 612 172 63 Hand,
997 615 283 63 dankbar):

463 693 86 50 Du
573 693 118 54 hast
721 715 100 34 uns
845 716 193 33 unsere
1070 698 154 52 Stadt
1253 698 196 63 gebaut

331 772 136 52 Der
501 775 189 51 Sohn
728 779 334 64 (nebenher);

463 858 89 50 Ich
582 859 141 51 baue
752 862 88 50 die
872 862 210 51 Brücke
1112 862 148 51 Euch
1288 863 225 50 hinüber

331 939 292 53 Freund
653 944 138 50 und
822 944 392 51 Freundin:

463 1022 191 53 Hände
702 1025 190 51 ketten
940 1022 249 55 Brücken
1234 1026 248 51 Brücken
1529 1027 192 51 ketten
1768 1027 212 52 Herzen
2029 1027 248 51 Brücken

463 1106 128 50 baut
629 1107 84 50 die
748 1108 262 63 Ewigkeit
1043 1108 252 51 Tausend
1328 1108 250 50 Brücken
1611 1109 191 52 ketten
1835 1110 115 51 Wir
1989 1110 287 64 (schreiten

463 1189 126 63 fort)

329 1353 128 50 Die
491 1354 358 51 Mädchen
884 1356 259 62 (knixen):

465 1438 165 51 Vater
659 1456 160 32 unser

325 1517 139 51 Der
495 1518 192 51 Sohn
717 1520 332 62 (nebenher):

467 1601 85 50 Ihr
600 1605 174 49 meine
819 1602 350 51 ;Schwestern
1218 1603 195 51 Nehmt
1462 1608 173 46 meine
1685 1604 363 50 schweifende
2107 1604 135 50 Sehn-

464 1684 156 50 sucht
651 1688 52 46 in
736 1684 142 51 Euer
909 1685 282 51 Schreiten
1227 1686 225 51 hinüber

325 1762 134 54 Die
491 1765 359 52 Mädchen
884 1767 242 64 (kichern
1157 1768 173 63 leise):

458 1849 109 49 Der
601 1849 171 50 Mond
807 1869 161 31 unser
1003 1849 208 52 kleiner
1248 1850 206 51 Bruder
1490 1851 209 51 Unsere
1738 1852 192 51 Sterne
1971 1850 108 52 und
2114 1870 160 32 unser

463 1930 180 61 Vater,
703 1930 94 53 der
851 1951 194 32 unsere
1101 1932 229 52 Träume
1389 1936 187 48 immer
1638 1934 102 51 den
1798 1933 198 52 blauen
2053 1933 224 50 Prinzen

464 2013 224 52 schenkt
725 2014 291 62 (schreiten
1050 2015 125 64 fort)

327 2095 141 50 Der
501 2096 194 50 Sohn
727 2097 195 63 (neben
950 2096 199 64 Edith):

463 2179 89 49 Ich
577 2179 140 50 habe
746 2179 93 50 Dir
872 2184 140 48 mein
1038 2179 172 50 Beten
1239 2179 294 64 geschenkt
1596 2180 85 50 Du
1710 2178 205 51 Blonde
1947 2179 119 51 hast
2098 2183 175 46 meine

462 2261 192 63 Augen
686 2261 266 53 erblindet
1016 2262 247 50 Schenke
1295 2267 97 45 mir
1424 2262 105 51 den
1561 2262 169 51 Glanz
1766 2262 199 49 Deiner
1996 2261 208 50 Nächte

327 2342 236 52 Edith:

464 2426 151 51 Mein
647 2427 210 50 kleiner
894 2433 146 45 roter
1076 2427 221 51 Offizier
1332 2432 68 47 ist
1436 2432 85 47 ein
1556 2428 190 63 großer
1779 2427 266 50 Eroberer

325 2505 143 55 Der
499 2509 212 51 Sohn:

881 2573 13 13 *
1998 2575 9 7 '

464 2592 152 50 Aber
643 2593 86 50 ich
758 2594 139 49 baue
928 2593 86 50 die
1044 2593 210 50 Brücke
1286 2593 127 50 Uns.

331 2670 237 55 Edith:

468 2755 126 51 Sein
632 2763 152 56 gutes
827 2757 242 51 Schwert
1108 2757 204 62 schlägt
1355 2757 101 51 alle
1495 2758 167 62 Wege
1705 2761 86 46 ein
1833 2756 276 64 (schreitet
2154 2756 123 62 fort)

331 2919 142 52 Der
504 2920 185 50 Herr
720 2924 69 47 in
821 2920 276 51 Trauer
1131 2921 114 50 die
1278 2920 291 50 Mutter
1608 2921 206 62 (stehen
1845 2919 367 62 beieinnader)

331 3002 141 50 Der
503 3002 196 51 Sohn
733 3002 277 64 (schleicht
1041 3003 188 50 vorbei
1259 3002 107 50 und
1397 3003 194 62 sucht):

469 3084 99 51 Sas
605 3084 96 51 Sas

338 3180 38 49 V
398 3185 164 45 ater
591 3179 137 51 und
755 3179 292 52 Mutter
1074 3201 8 31 :

463 3262 113 50 Wir
618 3262 169 52 ruhen
829 3263 115 50 Wir
982 3261 319 65 Tragenden
1340 3262 114 51 Wir
1490 3262 221 50 werden
1752 3267 255 60 getragen
2047 3262 236 50 Hinüber

471 3345 260 63 schwingt
756 3363 194 31 unsere
977 3344 151 51 Ruhe

331 3424 143 54 Der
504 3427 196 50 Sohn
733 3427 310 63 (suchmüde
1075 3427 194 50 kauert
1300 3447 67 30 an
1395 3427 94 49 der
1519 3426 182 51 linken
1732 3427 123 60 Tür)

334 3755 752 82 Geschäftliches

329 3892 159 50 Hmm

474 4001 96 50 Ein
604 4001 137 50 Herr
808 4021 124 30 vom
967 4000 242 51 Berliner
1242 4000 421 62 Lokalanzeiger
1733 4002 94 48 mit
1897 3998 119 50 dem
2089 4016 162 31 unaus-

336 4082 371 65 sprechlichen
739 4083 207 50 Namen
977 4083 123 51 Hnn
1131 4094 217 52 vermag
1381 4085 146 48 seine
1564 4081 238 64 Stellung
1837 4082 147 50 nicht
2021 4078 233 53 auszufül-

331 4166 104 62 len,
472 4165 231 51 nämlich
742 4167 111 49 sich
889 4167 132 49 über
1060 4163 580 64 Kunstausstellungen
1677 4183 64 31 zu
1781 4163 217 51 äußern.
2076 4161 68 50 Er
2186 4161 63 50 be-

334 4249 246 62 schäftigt
614 4249 112 50 sich
759 4249 166 50 daher
959 4252 94 47 mit
1086 4252 112 56 mir,
1234 4248 66 50 da
1334 4247 137 51 doch
1505 4247 94 50 der
1631 4245 419 64 Lokalanzeiger
2081 4248 166 59 wenig-

333 4337 148 45 stens
518 4330 192 51 einmal
750 4334 70 47 im
859 4330 165 51 Jahre
1062 4330 132 50 über
1234 4329 103 51 den
1379 4329 177 51 Sturm
1601 4328 282 52 schreiben
1923 4327 179 50 lassen
2142 4327 138 49 muß.

333 4414 316 59 „Herwarth
680 4412 230 52 Waiden
939 4416 71 47 ist
1043 4412 265 63 vielseitig
1342 4411 107 50 und
1483 4411 191 63 rührig.
1739 4410 70 49 Er
1844 4414 69 46 ist
1944 4409 331 63 hartnäckig,

329 4495 323 52 zielbewußt
698 4496 138 50 nach
881 4495 121 50 dem
1048 4493 241 52 Berliner
1334 4493 323 51 Grundsatz:
1742 4492 111 50 Nur
1894 4492 148 51 nicht
2087 4490 186 52 locker

633 4577 176 51 Wenn
850 4577 138 50 Herr
1027 4577 122 50 Hnn
1189 4576 296 63 zeitgemäß
1527 4581 162 55 wäre,
1737 4575 150 50 hätte
1936 4593 57 30 er
2036 4577 96 47 mir
2176 4573 103 50 den

332 4659 298 52 deutschen
676 4659 305 51 Grundsatz
1023 4657 367 53 Durchhalten
1435 4657 352 51 zuschreiben
1832 4655 185 52 sollen.
2098 4655 68 50 Es
2211 4658 66 47 ist

331 4763 144 31 zwar
499 4741 285 52 'durchaus
822 4742 146 50 nicht
1011 4741 311 64 angenehm,
1365 4741 112 50 sich
1522 4739 367 52 fortwährend
1929 4741 95 48 mit
2066 4737 173 50 Konso-

330 4832 202 45 nanten
565 4844 65 30 zu
661 4824 384 63 beschäftigen,
1080 4824 85 50 die
1197 4823 147 51 nicht
1379 4822 194 52 einmal
1608 4841 65 31 zu
1711 4824 174 48 einem
1915 4819 208 51 Namen
2157 4838 90 31 aus-

331 4908 235 53 reichen,
630 4907 152 50 Aber
816 4906 166 50 selbst
1011 4925 159 32 wenn
1203 4906 147 50 diese
1385 4905 209 50 Herren
1628 4904 111 51 sich
1773 4903 82 52 bis
1890 4902 88 50 auf
2014 4901 84 51 die
2131 4900 108 51 Kon-

329 4998 266 44 sonanten
639 4988 405 60 einschränken,
1084 4989 144 50 kann
1265 4989 84 50 ich
1394 4991 77 46 sie
1516 4987 136 51 doch
1692 4986 139 51 noch
1871 4983 254 64 klingend
2164 5002 74 31 ma-

329 5075 152 50 chen.
546 5072 177 52 Wenn
761 5074 147 48 einer
942 5069 280 52 durchhält
1259 5070 106 51 und
1397 5089 160 31 wenn
1595 5089 57 31 er
1686 5088 108 33 nun
1832 5065 193 53 einmal
2063 5065 211 52 stärker

325 5159 89 57 ist,
448 5155 269 50 verlieren
753 5153 86 51 die
876 5152 202 51 andern
1111 5155 186 47 immer
1332 5152 85 51 die
1456 5151 250 63 Haltung.
1772 5150 138 50 Herr
1943 5148 122 51 Hnn
2102 5166 141 44 „wun-

331 5238 119 51 dert
479 5238 111 52 sich
621 5235 223 53 deshalb
872 5234 160 60 nicht,
1063 5233 102 51 daß
1193 5233 112 51 sich
1335 5238 140 46 mein
1503 5232 261 52 Geschäft
1793 5231 315 63 vergrößert

325 5319 103 53 Die
474 5321 209 50 Herren
727 5337 124 33 vom
894 5315 420 63 Lokalanzeiger
1362 5316 177 50 haben
1585 5333 109 32 nun
1742 5315 138 50 eben
1928 5311 194 53 einmal
2168 5311 104 50 den

330 5404 253 50 sechsten
615 5403 128 50 Sinn
775 5401 82 51 für
890 5399 98 52 das
1020 5398 261 51 Geschäft
1314 5398 107 50 und
1457 5398 83 50 die
1577 5396 405 52 Kunstkritiker
2016 5395 95 51 der
2145 5393 98 50 Ber-

326 5484 137 53 liner
497 5485 365 64 Tagespresse
902 5482 167 53 sehen
1103 5500 144 31 zwar
1280 5480 159 50 keine
1474 5479 195 61 Bilder,
1707 5479 131 51 aber
1877 5477 153 51 dafür
2068 5474 207 53 überall

331 5571 88 48 ein
452 5568 276 60 Geschäft,
764 5587 86 32 wo
889 5585 124 32 man
1051 5564 89 51 auf
1176 5563 115 50 ihre
1334 5561 429 64 Geschäftigkeit
1800 5559 109 52 und
1949 5569 156 53 sogar
2141 5558 134 50 über

329 5655 75 47 sie
433 5650 189 52 hinaus
650 5650 82 51 bis
762 5649 88 51 auf
879 5647 103 51 den
1012 5644 375 65 Anzeigenteil
1420 5644 142 50 ihrer
1593 5644 175 50 Firma
1798 5641 314 52 verzichtet,
2142 5640 100 50 Des-

326 5732 126 51 halb
480 5733 144 50 kann
653 5732 138 50 Herr
818 5731 125 50 Hnn
974 5749 57 31 es
1059 5729 149 50 nicht
1236 5725 354 60 unterlassen,
1624 5729 145 47 seine
1800 5722 349 64 Unfähigkeit
2181 5723 92 49 mit

326 5815 98 51 der
456 5818 368 60 sogenannten
856 5814 174 50 Ironie
1065 5811 167 52 selbst
1264 5829 66 30 zu
1360 5809 324 61 bestätigen:
1719 5807 161 62 „Was
1916 5804 117 52 sind
2063 5802 177 53 Wider-

328 5897 229 53 stände?
627 5898 129 51 Was
786 5900 70 47 ist
889 5895 191 65 Spott?
1142 5895 110 50 Der
1286 5892 178 52 Sturm
1496 5889 127 61 lebt,
1657 5889 94 50 der
1784 5889 179 51 Sturm
1998 5889 111 61 fegt
2139 5886 102 51 Vor-

329 5979 193 53 urteile
557 5991 134 52 weg,
725 5980 110 51 Der
867 5978 179 52 Sturm
1080 5977 187 51 knickt
1300 5971 477 55 Menschenleben.
1846 5971 118 51 Tod
1998 5970 122 51 dem
2154 5968 91 51 Phi-

321 6063 179 52 lister!
561 6061 116 52 Tod
706 6061 122 52 dem
855 6059 462 66 Ewig-gestrigen!
1352 6056 122 52 Und
1505 6054 129 63 Tod,
1667 6053 390 52 erbärmlichen
2090 6051 155 52 Schin-

2524 286 192 51 dertod
2749 286 149 64 jeder
2931 286 103 51 Art
3067 305 105 31 von
3206 286 187 60 Kunst,
3435 285 84 51 die
3556 285 117 52 klar
3892 287 244 50 Nämlich
4171 287 121 51 dem
4329 286 138 51 Hnn.

2524 369 157 61 „Pah,
2711 389 110 31 wer
2854 368 126 52 malt
3014 369 128 51 heut
3173 369 140 50 noch
3346 369 84 50 die
3462 368 170 52 Natur
3668 370 87 50 ab!
3818 369 131 50 Eine
3982 370 284 51 Metzeist
4301 373 74 48 sie
4405 398 62 4 —

2526 454 119 46 eine
2687 451 390 64 Nichtnutzige,
3121 451 85 51 die
3252 451 111 51 sich
3412 451 260 63 allzulang
3716 452 81 49 für
3839 452 310 62 jedermann
4193 471 120 31 zum
4356 451 73 51 Ge-

2524 534 200 51 brauch
2750 535 92 50 feil
3112 534 68 50 Es
3209 538 69 48 ist
3305 533 278 65 jedenfalls
3616 535 122 49 sehr
3765 534 237 51 wohlfeil
4030 534 82 51 für
4140 535 323 62 jedermann,

2522 616 136 50 nach
2700 617 120 50 dem
2858 617 288 51 Gebrauch
3181 616 179 53 Metze
3401 637 65 29 zu
3503 627 177 53 sagen.
3754 617 116 49 Den
3908 616 195 51 Willen
4146 617 94 49 der
4280 616 184 60 Natur,

2523 698 112 50 sich
2661 718 105 31 von
2793 699 310 61 jedermann
3133 699 247 52 abmalen
3408 719 65 30 zu
3499 699 195 61 lassen,
3725 699 101 51 soll
3859 699 95 50 der
3982 699 121 50 Hnn
4135 708 108 43 erst
4275 698 194 51 einmal

2522 780 357 52 nachweisen.
2951 782 148 50 Nach
3142 782 176 50 dieser
3365 780 277 52 sexuellen
3682 780 336 65 Aufklärung
4058 786 97 45 mit
4196 781 239 50 materiel-

2523 862 105 50 lem
2658 863 374 63 Hintergrund,
3064 870 83 44 ein
3175 865 119 51 Bild
3326 865 80 49 für
3438 864 102 50 den
3569 864 434 62 Lokalanzeiger,
4038 864 152 50 sucht
4221 862 93 51 der
4347 863 120 50 Hnn

2523 949 53 45 in
2611 945 104 49 den
2749 945 216 52 Bildern
3001 948 186 51 herum
3223 947 106 50 und
3365 947 169 50 findet
3572 946 307 51 schließlich
3916 946 169 50 voller
4120 946 209 50 Freude
4371 945 95 50 das

2526 1027 165 51 Haus:
2732 1028 161 59 „Man
2927 1030 141 50 freut
3107 1030 114 50 sich
3257 1028 325 60 schließlich,
3621 1048 156 32 wenn
3815 1047 121 32 man
3975 1031 86 47 ein
4100 1029 145 50 Haus
4285 1028 153 63 gefun-

2527 1111 101 49 den
2664 1112 107 58 hat,
2811 1115 52 46 in
2901 1111 120 50 dem
3061 1112 112 51 sich
3213 1117 84 46 ein
3335 1112 264 64 logisches
3641 1111 200 50 Gesetz
4356 1109 109 50 Der

2523 1191 122 50 Hnn
2675 1197 157 58 möge
2869 1197 177 47 seiner
3078 1194 175 52 Firma
3289 1201 168 53 raten,
3500 1195 87 51 auf
3627 1195 177 50 dieses
3841 1194 147 50 Haus
4025 1196 118 49 eine
4179 1192 291 64 Hypothek

2525 1295 65 30 zu
2623 1275 245 50 nehmen.
2934 1275 109 51 Das
3081 1279 71 46 ist
3185 1277 83 49 die
3306 1280 201 60 einzige
3544 1277 181 62 Logik,
3760 1276 88 50 die
3889 1274 94 51 das
4021 1274 199 50 Gesetz
4290 1274 176 50 dieser

2527 1357 338 53 Kunstkritik
2898 1357 337 64 verkörpert.
3308 1359 129 50 Man
3472 1359 139 50 freut
3648 1359 112 50 sich
3796 1357 323 59 schließlich,
4156 1375 156 31 wenn
4347 1375 121 31 man

2529 1444 84 46 ein
2643 1440 145 50 Haus
2820 1447 90 57 gut
2940 1439 244 64 angelegt
3213 1440 107 52 hat.

2521 1603 112 50 Der
2661 1604 181 50 Sonne
2869 1604 175 62 bringt
3072 1622 61 32 es
3159 1622 70 32 an
3260 1603 104 50 den
3394 1605 110 61 Tag

2523 1686 130 51 Man
2718 1686 157 50 sollte
2942 1705 56 32 es
3064 1686 146 51 nicht
3241 1686 243 63 glauben,
3518 1687 128 50 aber
3680 1687 93 49 der
3807 1686 530 64 Hauptschriftleiter
4371 1685 94 50 der

2523 1767 353 52 Illustrierten
2911 1768 223 63 Zeitung
3169 1787 65 31 zu
3270 1769 215 62 Leipzig
3518 1773 67 46 ist
3622 1771 86 48 ein
3746 1769 291 51 Professor.
4075 1767 286 51 Vielleicht
4396 1771 68 47 ist

2525 1871 58 29 er
2617 1854 130 59 jetzt
2783 1862 156 52 sogar
2977 1851 323 52 Studienrat.
3373 1850 108 51 Das
3520 1851 141 51 kann
3701 1870 122 31 man
3859 1851 231 50 nämlich
4125 1854 87 47 nie
4252 1854 211 46 wissen.

2529 1933 297 51 Jedenfalls
2865 1934 138 49 weiß
3045 1933 85 50 ich
3167 1936 144 60 jetzt,
3353 1933 102 50 daß
3497 1952 57 31 er
3597 1933 290 50 außerdem
3929 1932 130 50 Otto
4098 1932 177 51 Sonne
4320 1931 147 51 heißt

2531 2015 105 50 und
2678 2016 101 49 daß
2824 2016 84 49 die
2953 2015 177 51 Kritik
3171 2015 95 50 der
3308 2015 355 52 Illustrierten
3708 2015 220 63 Zeitung
3972 2014 147 60 fehlt,
4164 2014 123 50 v/eil
4373 2013 93 50 der

2528 2096 527 66 Hauptschriftleiter
3095 2102 76 46 sie
3216 2102 52 46 in
3307 2098 93 49 der
3439 2098 275 63 Leipziger
3757 2097 222 63 Zeitung
4049 2095 417 52 mißbräuchlich

2528 2181 299 49 anwendet.
2896 2180 123 51 Alle
3059 2181 145 50 diese
3246 2180 260 52 Weisheit
3544 2179 273 50 verdanke
3856 2180 85 49 ich
3977 2179 175 50 Herrn
4189 2178 278 51 Professor

2527 2262 131 50 Otto
2696 2262 176 51 Sonne
2911 2262 182 51 selbst.
3164 2262 122 50 Und
3319 2263 146 49 nicht
3502 2263 164 49 damit
3704 2273 184 52 genug,
3925 2262 83 49 ich
4045 2261 274 50 verdanke
4360 2261 107 49 ihm

2525 2345 135 50 auch
2689 2349 117 46 eine
2832 2345 192 51 Kritik.
3089 2345 97 50 Die
3213 2344 286 51 Direktion
3527 2344 95 51 des
3649 2344 276 64 Leipziger
3953 2342 511 63 Schauspielhauses

2527 2427 149 50 hatte
2710 2426 195 51 Rudolf
2941 2427 250 50 Blümner
3224 2447 65 30 zu
3324 2432 173 45 einem
3534 2427 230 62 Vortrag
3799 2427 93 49 der
3927 2425 541 63 Sturm-Dichtungen

2528 2510 328 63 eingeladen.
2932 2510 99 50 Die
3072 2510 177 50 Sonne
3290 2510 183 50 schien
3513 2508 313 60 freundlich,
3870 2508 94 51 der
4005 2508 176 51 Sonne
4225 2507 243 50 erschien

2529 2593 370 50 unfreundlich
2932 2592 108 50 und
3073 2592 356 50 verdunkelte
3463 2593 127 49 sich.
3660 2592 175 50 Wenn
3868 2590 135 51 auch
4037 2593 95 48 mit
4165 2588 301 51 Bedauern:

2530 2675 100 60 „Es
2661 2679 83 46 tut
2780 2694 95 31 uns
2908 2675 234 50 herzlich
3175 2674 122 60 leid,
3335 2674 101 50 daß
3472 2684 211 53 gestern
3716 2673 95 52 das
3844 2672 391 51 künstlerische
4272 2671 165 62 Ergeb-

2530 2761 80 46 nis
2650 2760 151 59 just
2843 2761 176 46 dieses
3062 2756 221 51 Gliedes
3326 2761 51 46 in
3418 2757 94 49 der
3553 2775 105 31 von
3698 2756 172 48 Herrn
3917 2754 255 50 Direktor
4214 2753 255 61 Viehweg

2529 2844 129 47 mit
2694 2840 504 62 überlegener
3235 2839 205 50 Hand
3478 2838 381 63 geschaffenen
3899 2836 402 63 sonntäglichen
4340 2835 99 50 Vor-

2531 2923 299 62 tragskette
2868 2925 83 46 ein
2989 2941 57 31 so
3082 2921 412 50 befremdendes
3530 2941 125 40 war,
3696 2919 257 51 vielmehr
3989 2924 113 44 sein
4137 2918 181 50 mußte
4361 2957 9 10 .
4411 2957 9 10 ,
4462 2956 9 9 .

2533 3005 556 62 ausgerechnet
3158 3009 92 46 mit
3291 3007 173 47 einem
3502 3004 226 62 Vortrag
3800 3002 93 49 des
3936 3002 172 49 Herrn
4146 3001 90 49 Dr.
4279 2998 193 51 Rudolf

2530 3086 251 50 Blümner
2819 3088 131 48 über
2990 3085 538 64 expressionistische
3570 3085 172 51 Kunst
3783 3085 380 56 aufzuwarten,
4241 3081 94 51 das
4379 3082 62 48 be-

2534 3169 183 52 deutet
2746 3173 85 45 ein
2860 3169 201 49 keckes
3096 3169 233 62 Wagnis,
3362 3188 63 29 zu
3456 3168 120 49 dem
3606 3187 98 30 nur
3735 3170 118 46 eine
3884 3162 394 54 unerklärliche
4307 3163 134 50 Kurz-

2533 3252 305 63 sichtigkeit
2886 3252 129 48 oder
3060 3250 383 63 ungenügende
3488 3250 367 50 Vertrautheit
3901 3252 94 45 mit
4037 3248 120 48 dem
4207 3250 50 46 in
4303 3251 167 56 .brage

2532 3333 359 50 kommenden
2971 3333 321 62 Stoffgebiet
3375 3333 114 49 die
3568 3331 203 49 Hand
3850 3329 357 64 gereicht
4295 3328 176 49 haben

2848 3416 99 49 Die
2981 3415 318 50 erklärliche
3329 3414 454 62 Kurzsichtigkeit
3815 3413 93 49 des
3944 3412 177 49 Sonne
4152 3411 90 50 hat
4273 3411 199 49 bereits

2531 3499 141 49 nach
2700 3502 135 46 zwei
2870 3498 194 50 Sätzen
3092 3497 320 60 übersehen,
3444 3497 101 49 daß
3578 3497 83 49 die
3694 3494 322 63 überlegene
4049 3493 156 50 Hand
4237 3491 237 51 dieselbe

2534 3581 155 50 Hand
2717 3586 82 54 ist,
2831 3581 84 50 die
2944 3583 103 60 just
3078 3580 119 50 dem
3226 3580 218 62 Wagnis
3476 3578 389 63 ausgerechnet
3893 3581 96 45 mit
4023 3581 145 45 einer
4201 3573 249 52 unerklär-

2533 3663 176 51 lichen
2739 3663 455 62 Kurzsichtigkeit
3231 3662 85 49 die
3351 3659 156 51 Hand
3542 3659 237 64 gereicht
3815 3660 106 49 hat.
3989 3659 98 49 Die
4124 3656 350 51 schreibende

2534 3746 156 50 Hand
2720 3746 92 49 des
2844 3745 176 50 Sonne
3055 3750 66 45 ist
3152 3745 145 49 nicht
3328 3742 258 63 überlegt,
3622 3743 92 49 hat
3746 3742 129 49 aber
3907 3741 151 50 dafür
4090 3743 118 47 eine
4241 3743 202 59 ungenü-

2533 3829 169 62 gende
2742 3828 369 50 Vertrautheit
3147 3830 96 47 mit
3280 3827 120 50 dem
3438 3830 51 46 in
3528 3825 168 62 Frage
3737 3823 359 51 kommenden
4136 3821 336 63 Stoffgebiet.

2531 3909 215 64 Leipzig
2787 3909 134 49 wird
2961 3908 431 50 "neuorientiert'
3403 3908 6 15 1
3420 3948 9 10 .
3505 3907 107 50 Der
3655 3907 177 50 Sonne
3873 3909 69 47 ist
3988 3903 306 65 geblendet:
4341 3902 137 60 „Der

2533 3991 369 64 Vortragende
2949 4031 159 12 ....
3149 3995 66 46 ist
3259 3995 147 45 einer
3451 3990 94 50 der
3622 3988 419 63 agitatorischen
4080 3986 392 61 Bannerträger

2536 4074 94 51 des
2675 4077 53 46 in
2748 4073 178 50 Berlin
2945 4073 165 50 schon
3131 4078 52 45 in
3207 4077 145 45 einer
3386 4083 202 51 ganzen
3606 4070 169 50 Reihe
3811 4089 105 30 von
3938 4068 203 51 Jahren
4182 4071 94 47 mit
4319 4066 159 50 zäher

2534 4156 388 51 Schaffenslust
2954 4176 86 29 um
3070 4156 104 49 den
3201 4155 345 63 glaubhaften
3576 4154 210 49 Beweis
3814 4157 177 46 seiner
4020 4149 421 52 Daseinsberech-

2534 4243 180 60 tigung
2757 4239 108 50 und
2907 4236 749 64 Entwicklungsmöglichkeit
3738 4234 307 64 ringenden,
4126 4229 346 67 geschäftlich

2535 4321 265 51 durchaus
2844 4341 122 30 vom
3009 4321 275 62 Egoismus
3331 4320 93 50 der
3468 4318 327 64 Gegenwart
3839 4316 291 64 geleiteten
4174 4311 265 54 Unterneh-

2532 4422 166 42 mens,
2738 4404 94 50 das
2873 4410 156 44 unter
3072 4403 120 50 dem
3233 4400 382 65 vielsagenden
3654 4399 207 51 Namen
3899 4399 109 49 Der
4051 4397 177 51 Sturm
4271 4394 205 51 danach

2534 4486 187 60 strebt,
2768 4484 102 53 alle
2915 4484 293 61 Elemente,
3253 4484 84 50 die
3381 4483 94 51 der
3514 4481 176 51 Kunst
3733 4485 54 47 in
3828 4481 155 50 Wort
4030 4478 107 51 und
4180 4476 117 52 Bild
4337 4494 138 32 neue

2534 4570 168 62 Wege
2732 4568 106 51 und
2868 4586 138 32 neue
3037 4565 145 52 Ziele
3213 4565 229 64 glauben
3468 4568 204 46 weisen
3705 4583 65 30 zu
3799 4563 231 57 können,
4063 4565 51 47 in
4145 4564 145 45 einer
4320 4558 123 63 groß-

2530 4654 150 60 zügig
2722 4649 301 64 gedachten
3070 4648 378 64 Organisation
3489 4645 354 52 miteinander
3901 4663 65 31 zu
4020 4639 416 53 verschmelzen.

2533 4734 130 50 Man
2695 4735 122 48 muß
2849 4733 165 50 schon
3048 4736 83 46 ein
3162 4730 393 65 geschwärztes
3587 4728 128 51 Glas
3743 4727 244 58 nehmen,
4019 4742 155 32 wenn
4205 4741 121 31 man
4362 4723 110 50 sich

2529 4820 53 48 in
2613 4816 175 50 dieser
2824 4815 489 51 Sonnenfinsternis
3347 4811 406 51 zurechtfinden
3787 4808 122 52 will.
3978 4807 122 50 Just
4135 4805 176 50 dieser
4346 4803 123 52 Satz

2530 4898 276 52 illustriert
2845 4898 93 50 das
2978 4895 341 65 vergebliche
3357 4894 206 62 Ringen
3600 4912 88 31 um
3732 4892 84 50 die
3856 4886 614 63 Daseinsberechtigung

2533 4981 94 50 des
2660 4978 558 66 Hauptschriftleiters
3252 4978 107 50 und
3392 4979 175 50 seiner
3600 4975 353 51 Illustrierten
3986 4971 238 61 Zeitung,
4261 4967 84 51 die
4384 4978 60 53 ge-

2524 5061 283 51 schäftlich
2838 5061 265 50 durchaus
3130 5060 148 51 nicht
3305 5079 124 31 vom
3456 5059 276 63 Egoismus
3768 5056 93 50 der
3895 5054 326 62 Gegenwart
4251 5050 220 63 geleitet

2528 5148 83 47 ist.
2647 5144 87 50 Sie
2767 5143 204 51 fordert
3004 5142 230 50 nämlich
3271 5144 99 49 seit
3406 5140 203 51 Jahren
3644 5157 91 31 zur
3771 5135 245 63 Aufgabe
4052 5153 105 31 von
4196 5132 276 62 Anzeigen

2528 5227 108 61 (auf
2664 5225 384 52 Hochdeutsch
3075 5224 316 61 Annoncen)
3423 5222 104 60 auf,
3556 5218 257 53 während
3841 5217 85 51 ich
3958 5216 165 50 durch
4156 5212 313 53 kostenlose

2527 5307 240 63 Anzeige
2804 5307 175 52 dieses
3012 5306 177 51 Sonne
3222 5304 85 51 die
3340 5303 315 51 Illustrierte
3688 5301 223 61 Zeitung
3949 5297 242 63 aufgebe.
4261 5295 89 52 Sie
4382 5295 93 50 hat

2529 5392 161 49 keine
2728 5388 630 63 Daseinsberechtigung.
3432 5385 85 50 Ihr
3588 5381 320 63 Stoffgebiet
3953 5380 206 49 kommt
4232 5377 148 52 nicht
4418 5381 53 46 in

2527 5473 185 63 Frage,
2749 5492 57 30 er
2838 5472 143 59 aber,
3018 5471 95 50 der
3146 5470 194 61 Sonne,
3370 5468 87 51 ich
3490 5467 143 49 kann
3665 5463 173 51 nichts
3877 5462 82 51 für
3994 5461 105 53 den
4134 5459 230 60 Artikel,
4400 5461 69 48 ist

2529 5555 390 64 ausgerechnet
2946 5550 352 67 ungenügend
3323 5553 256 48 vertraut.
3639 5546 70 51 Er
3733 5543 110 54 hält
3871 5544 112 52 sich
4011 5542 231 51 nämlich
4268 5542 83 50 für
4376 5542 62 49 be-

2525 5638 185 60 kannt,
2737 5635 257 52 während
3022 5635 86 51 ich
3136 5635 88 51 ihn
3252 5634 212 50 hiermit
3496 5634 109 46 erst
3634 5647 67 32 an
3727 5627 106 51 den
3860 5627 110 64 Tag
3997 5627 203 63 bringe.
4266 5624 201 61 „Unter

2529 5720 105 51 den
2661 5719 232 60 Waffen,
2926 5720 95 48 mit
3053 5717 175 51 denen
3257 5715 110 50 Der
3401 5713 178 50 Sturm
3611 5710 224 63 kämpft,
3868 5713 68 47 ist
3971 5713 120 47 eine
4124 5706 259 64 ständige,
4417 5707 54 47 in

2525 5802 95 51 der
2654 5801 316 52 Potsdamer
3004 5799 191 52 Straße
3228 5794 341 60 befindliche,
3605 5792 204 52 Werke
3845 5792 96 51 der
3978 5791 484 64 Expressionisten,

2521 5885 311 51 Futuristen
2878 5883 108 51 und
3034 5880 260 52 Kubisten
3376 5873 343 55 umfassende
3766 5872 506 62 Kunstausstellung
4319 5867 142 53 wohl

2522 5967 140 52 noch
2700 5966 85 51 die
3306 5960 81 51 Da
3424 5958 94 51 hat
3562 5958 94 53 der
3696 5958 178 51 Sonne
3946 5956 166 52 schon
4149 5953 189 52 vorbei
4374 5961 59 54 ge-

2522 6050 275 51 schossen.
2876 6043 363 65 „Wesentlich
3276 6041 390 53 beschränkter
3705 6044 68 48 ist
3812 6039 167 52 schon
4017 6039 95 50 der
4150 6036 280 62 Wirkungs-
