3563 4447
1726 147 89 52 203

177 285 306 53 vortreffliche
527 287 293 67 Aufführung
873 287 42 49 in
958 287 276 51 Düsseldorf
1275 287 218 67 bestätigt
1537 287 187 49 worden

178 371 70 55 ist,
280 369 70 49 die
380 369 267 57 Thatsache,
679 369 101 50 dass
812 371 68 48 die
903 371 235 64 Wirkung
1167 371 79 48 des
1278 369 201 51 Werkes
1509 371 62 48 als
1603 371 90 48 Gan-

178 470 90 39 zes,
300 452 103 49 dass
426 452 81 49 der
525 453 486 50 Gesammt-Eindruck
1038 452 235 49 desselben
1305 452 122 49 nicht
1461 452 238 66 durchgrei-

178 534 118 58 fend,
341 534 122 50 nicht
507 536 260 64 schlagend,
821 537 123 48 nicht
987 534 290 66 begeisternd
1322 552 111 41 war,
1477 536 70 48 die
1579 537 146 63 Frage

178 617 113 51 nach
324 617 87 49 den
442 618 215 50 Gründen
689 619 238 49 derselben
960 618 293 48 hervorrufen
1297 618 89 48 und
1419 618 136 48 deren
1584 618 113 48 Erör-

178 708 167 57 terung
375 717 100 32 vom
508 701 318 67 Standpunkte
856 702 80 48 der
964 701 259 64 Erfahrung
1255 699 92 49 und
1378 699 79 50 der
1488 699 237 50 Aesthetik

179 800 80 35 aus
291 783 334 66 rechtfertigen.

305 866 234 48 Zunächst
568 866 108 63 liegt
706 866 80 49 der
818 866 155 49 Druck
1006 884 84 30 von
1122 866 128 48 allem
1284 865 117 58 dem,
1433 882 94 33 was
1559 866 82 48 wir
1672 882 54 31 an

181 948 100 49 dem
313 950 147 47 Texte
492 952 165 62 gerügt
686 948 161 59 haben,
893 950 84 48 wie
1024 948 67 49 ein
1133 950 89 64 Alp
1254 950 80 47 auf
1368 948 81 49 der
1477 950 140 47 Brust
1648 947 78 50 des

179 1031 232 48 Zuhörers
458 1030 91 49 und
592 1031 109 48 lässt
742 1032 62 47 sie
836 1031 119 49 nicht
987 1050 103 30 zum
1122 1031 136 48 freien
1292 1031 276 48 Aufathmen
1601 1032 93 47 kom-

182 1130 116 30 men.
355 1113 133 47 Dann
519 1112 57 47 ist
604 1113 120 49 nicht
756 1131 85 31 nur
883 1113 80 49 der
994 1113 179 65 Mangel
1204 1131 55 31 an
1291 1115 288 63 Steigerung,
1623 1130 78 32 son-

182 1196 110 48 dern
312 1195 76 48 das
407 1195 166 66 gerade
597 1196 266 66 Gegentheil
888 1196 252 58 derselben,
1171 1196 148 50 indem
1352 1196 80 50 der
1456 1204 119 40 erste
1599 1195 126 48 Theil

182 1277 146 65 einige
352 1277 262 65 Handlung,
646 1279 80 48 der
753 1279 158 48 zweite
944 1279 89 48 und
1066 1279 136 48 dritte
1234 1277 107 50 aber
1371 1277 144 51 nichts
1547 1279 62 48 als
1641 1279 57 47 Be-

182 1360 273 66 schreibung
487 1360 89 48 und
607 1361 150 50 Bilder
786 1361 244 56 enthalten,
1063 1361 341 65 Veranlassung
1428 1361 123 48 einer
1568 1360 132 49 Erlah-

183 1459 141 48 mung
364 1441 81 50 der
486 1442 306 58 Theilnahme,
837 1444 144 49 zumal
1014 1444 53 48 da
1099 1461 47 31 es
1178 1461 53 31 an
1264 1442 342 66 Abwechslung
1636 1442 89 50 und

185 1526 273 47 Contrasten
488 1525 85 49 fast
604 1543 113 48 ganz
750 1526 122 57 fehlt,
917 1526 170 50 welche
1131 1527 68 47 die
1241 1526 144 48 durch
1427 1526 78 48 das
1535 1525 193 49 Einerlei

185 1606 80 50 der
295 1608 225 48 Situation
553 1608 90 49 und
675 1609 78 48 der
775 1609 310 66 Empfindung
1109 1609 235 48 ermüdete
1362 1608 145 58 Seele,
1538 1608 70 49 die
1639 1615 90 41 erst

185 1690 139 48 durch
357 1690 79 48 das
466 1690 153 48 Finale
654 1709 86 32 von
766 1691 151 65 jenem
950 1693 184 48 Drucke
1169 1693 76 47 frei
1278 1691 126 57 wird,
1435 1690 80 50 der
1551 1691 79 49 auf
1663 1691 66 50 ihr

182 1773 121 64 liegt,
348 1773 118 49 dann
508 1773 89 48 und
642 1792 133 31 wann
807 1774 167 48 wieder
1004 1774 255 66 aufregten,
1302 1773 203 49 stärkten
1537 1774 89 48 und
1659 1789 47 32 er-

183 1854 184 51 höhten.

306 1938 139 49 Darin
475 1936 125 60 aber,
640 1938 103 49 dass
780 1938 299 51 Schumann's
1109 1938 150 49 Musik
1300 1938 120 49 nicht
1460 1955 86 32 nur
1587 1938 142 49 nichts

185 2019 166 66 gethan
381 2020 91 59 hat,
503 2038 76 32 um
611 2022 121 48 diese
757 2020 280 66 unläugbare
1056 2020 344 65 Einförmigkeit
1430 2039 52 31 zu
1518 2020 211 57 brechen,

182 2103 62 48 sie
272 2102 141 49 durch
446 2102 249 67 diejenigen
719 2103 161 53 Mittel,
912 2104 172 48 welche
1115 2104 69 48 die
1214 2103 239 49 Tonkunst
1486 2103 111 48 dazu
1627 2103 76 48 dar-

185 2184 153 59 bietet,
370 2184 141 50 durch
531 2185 399 50 Verschiedenheit
953 2185 80 49 der
1056 2187 212 57 Formen,
1300 2184 142 50 durch
1458 2185 270 49 Abschnitte

182 2267 91 48 und
318 2267 321 66 Ruhepunkte,
685 2268 141 48 durch
867 2268 402 66 Mannigfaltigkeit
1314 2267 80 48 der
1437 2268 261 48 Ausdrucks-

179 2349 154 57 weise,
374 2350 219 50 Wechsel
625 2350 79 50 des
734 2350 256 68 Rhythmus
1021 2368 44 32 u.
1098 2367 33 33 s.
1164 2368 58 31 w.
1265 2368 54 31 zu
1352 2350 251 49 verdecken
1635 2350 91 49 und

185 2432 87 49 den
299 2432 208 49 Zuhörer
541 2433 240 66 gleichsam
818 2432 197 51 darüber
1046 2451 53 29 zu
1131 2433 235 57 täuschen,
1397 2432 197 49 sondern
1626 2432 102 49 dass

182 2514 80 50 der
294 2514 268 68 Componist
592 2516 333 66 grundsätzlich
969 2516 91 49 und
1100 2517 81 47 mit
1222 2518 123 45 einer
1375 2514 87 50 Art
1493 2533 85 31 von
1609 2517 88 47 Vor-

182 2597 114 49 liebe
319 2597 59 48 im
397 2598 264 65 Gegentheil
694 2598 148 48 alles
873 2598 147 57 thut,
1052 2615 113 31 was
1197 2597 87 48 die
1307 2597 422 66 Eintönigkeit

181 2679 171 50 recht
381 2679 244 50 fühlbar
656 2681 208 58 macht,
896 2681 78 48 das
1006 2679 170 50 scheint
1208 2697 84 31 uns
1316 2679 80 49 der
1418 2679 311 68 Hauptgrund

181 2780 54 31 zu
280 2763 106 57 sein,
433 2762 224 49 wesshalb
703 2763 70 48 bei
817 2763 108 48 aller
969 2762 249 49 Schönheit
1261 2762 94 49 und
1397 2762 206 48 Feinheit
1648 2762 77 48 des

179 2844 246 50 Einzelnen
470 2846 78 48 das
579 2847 152 48 Ganze
775 2844 205 51 dennoch
1024 2844 157 50 keinen
1226 2844 362 67 befriedigenden
1617 2844 81 50 Ein-

182 2927 140 48 druck
353 2928 164 49 macht.

304 3010 66 48 Im
399 3011 95 48 Bau
529 3010 78 49 des
639 3010 184 49 Ganzen
868 3010 56 48 ist
968 3008 128 51 keine
1128 3008 362 66 Sonderung
1531 3008 78 50 der
1639 3008 57 49 Er-

181 3091 208 66 zählung,
421 3092 155 47 weder
606 3110 83 30 von
723 3091 80 49 der
832 3092 245 66 Handlung
1109 3092 114 50 noch
1256 3109 85 31 von
1372 3092 103 48 dem
1505 3091 219 67 lyrischen

181 3175 175 64 Erguss
400 3173 82 49 der
525 3173 312 50 individuellen
868 3175 326 67 Empfindung,
1242 3173 276 58 vorhanden,
1569 3173 155 50 weder

182 3257 141 50 durch
369 3257 70 48 die
482 3257 155 56 Form,
680 3257 117 48 noch
839 3257 143 48 durch
1027 3257 83 50 den
1145 3257 249 50 Charakter
1438 3256 80 49 der
1547 3256 174 57 Musik;

181 3356 48 33 es
262 3340 108 65 geht
386 3340 126 48 Alles
543 3356 86 32 von
659 3339 81 48 der
769 3346 153 43 ersten
952 3341 118 47 Note
1105 3340 66 48 bis
1203 3356 80 32 zur
1312 3340 165 48 letzten
1508 3339 121 48 eines
1654 3339 45 64 je-

182 3422 85 49 den
300 3421 178 50 Theiles
508 3421 45 48 in
576 3421 137 50 Einer
742 3421 90 48 und
864 3420 236 51 derselben
1124 3422 154 57 Form,
1307 3421 42 48 in
1380 3420 341 66 regelrechtem,

178 3511 158 59 streng
361 3520 311 48 gemessenem
693 3504 125 57 Tact,
851 3504 84 48 fast
966 3504 116 48 ohne
1114 3504 114 48 allen
1260 3502 244 50 Abschnitt
1533 3502 93 50 und
1659 3502 62 49 oft

181 3603 134 49 sogar
334 3585 117 51 ohne
466 3586 362 48 vollkommenen
846 3585 198 56 Schluss,
1068 3585 93 49 und
1187 3585 78 48 mit
1289 3586 206 65 wenigen
1513 3585 179 49 Ausnah-

181 3685 103 32 men
315 3669 42 49 in
388 3667 158 50 Einem
590 3669 91 48 und
713 3667 260 50 demselben
1005 3666 250 51 Charakter
1297 3667 81 49 der
1420 3666 304 51 melodischen

181 3751 258 65 Erfindung
478 3751 101 49 fort.
639 3753 70 47 Da
751 3769 93 31 nun
889 3751 69 49 die
987 3750 264 65 Erzählung
1291 3749 129 51 einen
1453 3767 50 33 so
1535 3767 187 49 grossen

182 3835 90 48 und
305 3833 320 50 wesentlichen
657 3834 124 48 Theil
816 3834 78 48 des
926 3834 240 49 Gedichtes
1197 3833 246 57 einnimmt,
1489 3849 49 32 so
1579 3833 56 48 ist
1675 3849 47 32 es

183 3915 205 50 offenbar
431 3915 70 50 ein
546 3915 177 59 Fehler,
769 3916 101 50 dass
915 3916 63 50 sie
1019 3915 91 50 sich
1151 3913 121 52 nicht
1316 3914 142 49 durch
1503 3915 98 48 eine
1642 3914 53 49 be-

181 3996 198 51 stimmte
408 3999 140 48 Form
578 4015 80 32 vor
689 3996 80 50 der
798 3996 189 69 übrigen
1018 3996 147 51 Musik
1195 3995 291 52 hervorhebt.
1522 3996 202 51 Warum

182 4080 260 51 Schumann
473 4080 68 51 die
571 4099 87 32 von
689 4081 85 50 den
804 4080 219 51 Meistern
1053 4080 79 51 der
1161 4078 240 50 Tonkunst
1433 4079 67 49 für
1531 4079 77 49 das
1637 4079 56 48 Er-

1823 288 171 58 zählen,
2039 288 80 50 das
2159 327 17 18 „
2518 291 252 66 gefundene
2810 291 92 50 und
2935 292 430 49 vervollkommnete

1820 371 155 58 Form,
2008 371 113 49 eben
2153 371 70 49 die
2253 372 337 59 recitativische,
2619 374 288 50 verschmäht
2938 374 90 59 hat,
3060 373 197 50 darüber
3287 374 52 50 ha-

1822 452 86 49 ben
1938 452 83 51 wir
2051 453 140 50 schon
2233 454 64 50 oft
2338 454 251 65 vergebens
2631 457 111 48 nach
2787 456 331 50 zureichenden
3149 456 217 50 Gründen

1822 536 204 66 gesucht.
2060 537 118 49 Was
2209 537 190 49 würden
2422 538 160 50 Bach's
2599 539 241 50 Passionen
2865 539 110 60 sein,
3006 557 135 32 wenn
3172 556 49 32 er
3244 539 122 49 nicht

1822 619 138 49 schon
2003 619 142 49 durch
2186 619 70 50 die
2286 622 138 48 Form
2468 638 50 32 so
2558 622 153 48 scharf
2742 622 85 48 wie
2867 622 194 67 möglich
3093 622 70 48 die
3193 622 144 48 Erzäh-

1822 701 107 66 lung
1961 702 79 48 des
2069 703 318 65 Evangelisten
2431 722 84 31 von
2562 703 86 50 den
2694 703 187 66 übrigen
2910 705 348 49 Musikstücken
3287 721 52 50 ge-

1822 785 186 48 sondert
2039 783 157 50 hätte?
2244 785 105 50 Wir
2388 785 143 49 haben
2575 786 70 48 nie
2684 785 226 67 begreifen
2957 787 193 59 können,
3196 787 85 50 wie
3321 786 44 49 in

1820 866 103 49 dem
1955 866 241 66 Aufgeben
2229 867 78 50 des
2338 868 240 49 Recitativs
2622 868 91 50 und
2756 868 42 49 in
2841 868 79 49 der
2948 870 318 49 Rückkehr
3307 886 56 32 zu

1822 948 80 49 der
1945 948 388 68 psalmodirenden
2365 951 268 49 Leierweise
2662 951 154 49 Lulli's
2859 969 42 33 u.
2934 969 34 31 s.
3000 969 56 33 w.
3102 952 261 50 Schumann

1819 1031 91 48 und
1946 1032 207 65 Wagner
2185 1033 127 49 einen
2344 1033 378 50 Fortschritt
2765 1032 147 52 haben
2954 1033 171 51 suchen
3158 1033 205 58 können;

1822 1113 91 49 und
1943 1112 70 50 bei
2044 1115 100 49 dem
2176 1113 160 51 besten
2369 1116 184 57 Willen,
2595 1116 127 48 einen
2756 1115 309 67 vernünftigen
3098 1115 157 51 Grund
3286 1116 51 48 da-

1820 1197 70 47 für
1919 1197 301 57 aufzufinden,
2252 1199 97 49 sind
2379 1199 83 48 wir
2501 1199 70 48 nie
2613 1218 53 30 zu
2698 1199 142 48 einem
2872 1199 197 48 anderen
3089 1197 276 66 Ergebnisse

1822 1279 284 64 gekommen,
2150 1280 60 49 als
2244 1299 51 29 zu
2331 1281 80 48 der
2440 1281 254 59 Annahme,
2741 1281 100 48 dass
2887 1281 121 48 diese
3051 1280 314 67 unglückliche

1820 1361 249 66 Neuerung
2097 1362 125 49 ihren
2257 1361 239 69 Ursprung
2533 1364 44 49 in
2618 1364 145 48 nichts
2806 1364 63 48 als
2901 1364 43 49 in
2975 1362 81 50 der
3085 1362 136 50 Grille
3253 1362 112 51 oder

1823 1444 204 48 Schrulle
2051 1444 129 57 habe,
2211 1463 46 30 es
2289 1445 114 49 eben
2427 1446 162 48 anders
2613 1446 188 48 machen
2820 1464 53 30 zu
2895 1445 177 58 wollen,
3104 1445 64 49 als
3197 1444 166 50 bisher.

1946 1526 160 50 Dieser
2137 1527 270 59 Grundsatz,
2439 1529 96 48 eine
2567 1533 210 61 grössere
2810 1527 292 50 Vocalmusik
3133 1527 230 50 durchaus

1823 1608 118 49 ohne
1968 1609 246 48 Recitative
2244 1628 56 30 zu
2331 1609 250 59 schreiben,
2627 1628 104 48 mag
2774 1610 114 48 auch
2930 1610 78 51 das
3048 1609 315 49 Dramatische

1823 1690 81 48 der
1935 1691 245 64 Handlung
2210 1691 111 50 oder
2351 1693 79 48 auf
2455 1693 80 49 der
2573 1693 199 49 anderen
2802 1691 122 50 Seite
2954 1691 70 50 die
3057 1691 285 50 declamatori-

1824 1773 104 49 sche
1955 1774 263 66 Erzählung
2261 1775 114 48 noch
2418 1793 50 32 so
2514 1775 104 50 sehr
2658 1775 111 50 dazu
2808 1775 218 66 drängen,
3067 1792 126 31 muss
3236 1774 131 49 theils

1823 1855 127 48 einen
1996 1856 193 49 falschen
2233 1856 243 50 Ausdruck
2521 1858 78 48 des
2646 1859 192 49 Wortes
2897 1856 92 50 und
3043 1856 78 50 des
3166 1855 201 60 Gefühls,

1823 1938 128 49 theils
1983 1939 98 48 eine
2110 1940 333 66 unerträgliche
2472 1940 264 50 Monotonie
2766 1939 370 66 hervorbringen.
3165 1940 70 49 Zu
3264 1939 76 48 Bei-

1823 2020 101 50 dem
1956 2020 210 66 mangeln
2211 2022 69 48 die
2310 2023 220 66 Beispiele
2575 2023 122 48 nicht
2725 2023 41 48 in
2810 2022 242 57 „Paradies
3083 2020 91 50 und

1820 2102 94 49 und
1957 2119 70 32 am
2073 2103 340 49 auffallendsten
2457 2104 55 50 ist
2553 2122 85 30 uns
2679 2113 112 41 stets
2834 2104 113 48 auch
2987 2104 42 50 in
3061 2103 300 51 Schumann's

1820 2184 226 50 Genovefa
2078 2185 89 49 und
2199 2185 42 49 in
2274 2187 245 64 Wagner's
2551 2187 297 48 Tannhäuser
2878 2187 90 48 und
2999 2184 261 66 Lohengrin
3293 2184 70 50 die

1819 2268 338 66 Inconsequenz
2200 2283 227 50 gewesen,
2471 2268 140 49 durch
2664 2269 171 48 welche
2878 2267 130 50 beide
3039 2267 326 66 Componisten

1820 2348 98 48 eine
1957 2348 121 49 ihrer
2107 2350 329 66 Hauptlehren,
2492 2350 109 58 „das
2636 2352 142 49 Wort
2820 2368 79 31 zur
2929 2349 201 65 Geltung
3160 2367 53 30 zu
3243 2348 96 49 brin-

2008 2432 200 48 dadurch
2239 2432 275 66 verläugnen
2556 2433 92 50 und
2679 2432 273 59 vernichten,
2996 2432 102 49 dass
3130 2432 62 48 sie
3221 2430 117 67 dieje-

1819 2513 103 66 nige
1954 2516 152 54 Form,
2152 2514 171 50 welche
2368 2516 152 49 diesen
2553 2516 165 49 Zweck
2760 2533 70 31 am
2874 2516 248 49 sichersten
3154 2514 209 56 erreicht,

1820 2613 80 31 aus
1933 2596 125 49 ihren
2077 2597 206 49 Werken
2316 2597 282 51 verbannen!
2628 2599 105 49 Man
2758 2597 232 51 betrachte
3020 2617 39 29 z.
3086 2597 53 48 B.
3170 2596 41 50 in
3246 2597 88 56 „Pa-

1819 2678 146 50 radies
1997 2679 90 50 und
2303 2681 68 48 die
2403 2681 169 66 einzige
2603 2681 297 48 dramatische
2929 2679 140 50 Stelle
3098 2678 57 51 im
3189 2695 172 49 ganzen

1823 2761 175 48 Werke
2030 2761 42 48 in
2105 2762 77 48 Nr.
2208 2759 47 60 7,
2286 2763 46 48 S.
2352 2759 74 52 43
2441 2762 151 49 —45
2628 2763 79 48 der
2737 2762 214 58 Partitur,
2981 2761 70 49 die
3081 2762 145 48 Scene
3257 2759 79 50 zwi-

1820 2842 136 49 schen
1988 2843 100 50 dem
2119 2843 232 50 Eroberer
2380 2846 153 48 Gazna
2566 2846 90 49 und
2688 2846 99 49 dem
2820 2844 433 65 Helden-Jüngling,
3283 2842 80 49 der

1818 2924 153 49 seinen
2003 2926 167 49 letzten
2201 2927 109 48 Pfeil
2344 2928 80 47 auf
2446 2927 73 48 ihn
2551 2927 270 50 abschiesst:
