3563 4447
1726 163 88 55 207

174 317 177 51 sanften
381 317 285 49 Trauertone
696 311 66 53 bis
795 333 101 31 zum
929 311 162 52 wilden
1122 307 236 55 Weheruf
1382 307 221 67 steigern;
1635 326 85 31 nur

173 400 229 65 Mirjam
446 397 140 50 bleibt
616 397 92 50 sich
740 405 114 41 treu.
925 397 150 57 „Was
1123 394 164 49 weinet
1331 392 68 49 ihr
1446 410 49 31 so

174 486 168 45 tröstet
373 481 62 48 sie
467 481 69 48 die
559 480 344 49 Freundinnen:
947 477 90 59 „ob
1062 476 114 51 auch
1202 475 67 49 die
1296 475 214 48 Schatten
1531 474 77 48 des
1630 475 60 47 To-

173 568 80 47 des
285 565 114 48 mich
432 565 242 65 umfangen
705 564 200 56 werden,
935 561 69 50 ich
1034 561 75 48 bin
1141 560 79 48 des
1246 559 179 48 Herren
1446 557 150 66 Magd,
1627 556 93 50 und

173 649 81 48 der
284 648 100 48 Tod
414 648 80 48 der
525 646 255 50 Gerechten
821 646 56 49 ist
908 644 144 49 werth
1086 641 209 66 gehalten
1328 659 82 30 von
1635 639 84 48 Die

173 729 216 51 Anderen
430 729 109 49 aber
581 729 161 49 wollen
784 728 91 49 sich
915 726 120 50 nicht
1077 730 174 45 trösten
1283 724 160 56 lassen,
1489 722 84 49 wie
1604 721 112 50 auch

173 813 69 49 die
273 813 120 64 Sage
425 830 83 31 von
539 811 135 49 ihnen
704 810 185 55 erzählt,
921 809 102 48 dass
1055 808 61 48 sie
1147 806 113 50 noch
1293 809 153 63 später
1477 804 240 66 hingingen

172 896 91 47 vier
294 896 124 64 Tage
449 895 77 48 des
557 894 176 56 Jahres,
774 894 94 47 ihre
898 893 322 64 Klaggesänge
1248 908 53 29 zu
1334 904 223 33 erneuern
1587 886 129 66 (19).

173 976 83 49 Die
281 975 788 50 leidenschaftlichenTrauerscenen
1093 971 200 50 erhalten
1328 970 125 48 einen
1469 969 248 48 Abschluss

173 1059 142 50 durch
347 1059 85 47 den
460 1058 137 57 Chor,
629 1056 80 50 der
741 1056 90 49 sich
863 1074 100 32 vom
983 1054 216 51 Wechsel
1234 1053 218 48 irdischen
1474 1050 242 50 Geschicks

174 1161 55 31 zu
262 1142 117 57 dem,
411 1158 92 31 was
536 1140 117 65 ewig
684 1140 70 57 ist,
785 1139 182 50 erhebt:
1023 1139 156 57 „Gott,
1211 1139 71 46 Du
1317 1135 87 50 bist
1436 1135 115 48 mein
1584 1135 132 55 Gott;

173 1224 144 48 Deine
354 1224 119 47 Güte
501 1223 56 48 ist
587 1222 156 49 besser
774 1222 115 49 denn
1174 1219 129 67 (20.)

300 1305 74 49 Bis
406 1305 153 49 hieher
591 1305 118 49 führt
741 1304 68 50 die
840 1304 213 50 biblische
1088 1303 269 62 Erzählung.
1403 1299 85 48 Die
1524 1298 193 49 dunkele

174 1388 284 65 Andeutung
489 1387 78 48 des
591 1388 286 65 Ausganges,
908 1385 171 50 welche
1109 1385 69 49 die
1208 1380 507 65 verschiedenartigsten

176 1470 316 65 Erklärungen
524 1469 205 48 erfahren
762 1469 91 56 hat,
884 1469 87 65 gab
1002 1468 101 49 dem
1122 1465 322 69 Componisten
1476 1463 213 49 Veranlas-

176 1570 117 48 sung
323 1571 55 30 zu
411 1552 130 48 freier
572 1552 317 48 dichterischer
920 1550 311 64 Behandlung.
1277 1549 51 47 In
1358 1547 85 48 den
1474 1547 240 64 Kriegern,

174 1636 70 48 die
275 1636 80 47 mit
384 1634 165 66 Jephta
581 1652 101 31 zum
714 1634 168 49 Streite
912 1650 243 48 auszogen,
1198 1631 90 49 und
1330 1629 170 48 welche
1532 1644 85 32 nur
1648 1627 68 49 die

173 1718 121 48 Noth
328 1724 131 42 unter
491 1718 151 48 seinen
675 1717 277 49 Oberbefehl
995 1716 253 64 vereinigen
1281 1713 194 57 mochte,
1517 1711 199 49 erwacht

174 1801 70 48 die
272 1801 88 47 alte
389 1799 255 49 Eifersucht
675 1817 145 48 gegen
851 1799 120 49 seine
999 1798 167 50 Macht.
1209 1798 73 47 An
1311 1796 95 48 ihre
1439 1794 151 66 Spitze
1621 1794 98 47 tritt

174 1883 69 48 ein
276 1882 230 66 Jüngling,
552 1882 87 49 den
677 1882 148 49 neben
869 1882 100 48 dem
1010 1881 119 48 Eifer
1173 1879 70 49 für
1287 1879 77 47 das
1396 1878 161 47 Gesetz
1603 1876 114 48 auch

174 1965 301 49 menschliche
515 1966 197 65 Regung
752 1965 69 48 für
862 1965 77 48 das
980 1962 222 53 Mädchen
1248 1962 135 56 leitet,
1439 1959 101 56 „die
1584 1966 133 40 unter

177 2050 86 47 den
307 2047 231 50 Töchtern
581 2047 161 48 Israels
788 2047 269 56 hervortrat,
1103 2045 192 48 herrlich
1338 2043 82 47 wie
1463 2042 68 48 die
1563 2042 152 47 Sonne

176 2130 91 49 und
299 2130 140 48 schön
470 2128 83 49 wie
577 2130 70 48 die
670 2131 264 62 Morgenrot
1084 2125 89 50 und
1206 2127 61 48 sie
1298 2123 279 50 verabreden
1607 2123 107 55 sich,

174 2210 166 68 Jephta
370 2229 53 29 zu
456 2213 181 45 stürzen
667 2211 127 66 (21).
841 2211 163 66 Jephta
1046 2210 202 63 dagegen
1279 2207 191 48 erkennt
1500 2205 69 48 die
1599 2205 87 48 Ver-

176 2292 271 50 messenheit
472 2292 127 65 jenes
633 2292 230 66 unseligen
895 2292 242 52 Gelübdes,
1170 2291 69 47 die
1262 2290 141 63 Folge
1432 2287 143 48 seines
1606 2286 87 48 stol-

177 2393 83 31 zen
290 2376 177 52 Sinnes,
512 2376 93 56 der,
641 2376 247 65 unbewegt
919 2393 82 30 von
1033 2375 80 48 der
1142 2373 122 49 Noth
1296 2372 77 48 des
1406 2368 309 58 Vaterlandes,

177 2476 86 32 nur
294 2457 118 50 dann
442 2475 80 31 zur
552 2459 134 48 Hülle
729 2459 89 47 sich
862 2457 245 49 veranlasst
1147 2456 94 55 sah,
1286 2455 62 48 als
1380 2453 61 49 sie
1472 2452 121 48 Ehre
1622 2451 93 49 und

176 2541 266 48 Herrschaft
486 2541 88 48 ihm
620 2540 283 57 einbrachte;
948 2556 48 32 er
1027 2539 141 66 beugt
1198 2537 89 50 sich
1320 2537 41 47 in
1394 2535 199 48 Dernuth
1624 2533 91 50 und

177 2622 113 50 hofft
331 2624 72 56 „in
435 2622 80 49 der
543 2624 158 56 Nacht,
745 2624 68 47 die
856 2640 74 31 um
973 2621 74 50 ihn
1235 2638 85 30 von
1352 2617 118 50 oben
1499 2616 190 48 Erleuch-

177 2715 114 56 tung
322 2706 91 47 und
442 2706 206 65 Rettung
677 2705 130 67 (22).
840 2706 61 47 So
933 2704 174 49 kommt
1136 2702 80 50 der
1245 2704 98 62 Tag
1375 2701 78 48 der
1483 2697 208 51 Entschei-

178 2787 125 65 dung
333 2787 163 58 heran;
541 2805 102 31 man
672 2787 217 65 vereinigt
920 2786 90 48 sich
1043 2803 102 30 zum
1175 2782 188 58 Gebete,
1400 2780 217 49 während
1650 2780 69 48 die

177 2870 283 65 Jungfrauen
484 2870 356 56 zurückkehren,
870 2869 226 65 Mirjam
1127 2885 55 31 an
1209 2867 120 47 ihrer
1345 2865 165 66 Spitze,
1542 2862 90 50 und
1658 2862 61 49 sie

181 2960 133 41 unter
355 2951 175 66 Klagen
571 2970 87 32 von
698 2951 212 50 einander
940 2949 228 49 Abschied
1209 2949 209 48 nehmen.
1462 2947 70 46 Da
1577 2944 146 49 bricht

181 3035 70 48 die
281 3035 141 48 Schar
454 3036 79 47 der
564 3036 223 66 Empörer
816 3034 169 57 herein,
1027 3033 91 49 und
1150 3049 47 32 es
1229 3031 199 49 entsteht
1467 3029 69 48 ein
1568 3028 155 48 wildes

182 3116 257 49 Getümmel
469 3114 128 68 (23).
661 3116 107 49 Bald
808 3115 164 66 jedoch
1016 3120 270 43 verstummt
1326 3113 69 48 die
1427 3109 297 49 menschliche

181 3199 316 52 Leidenschaft
526 3217 79 31 vor
635 3199 102 48 dem
769 3200 188 47 Donner
987 3198 78 49 des
1096 3199 167 53 Herrn,
1302 3195 80 48 der
1413 3194 90 48 sich
1537 3191 161 50 verneh-

181 3298 104 32 men
324 3282 122 50 lässt.
519 3280 162 59 „Seine
712 3280 189 48 Stimme
948 3279 188 65 ergehet
1182 3279 77 47 mit
1297 3279 220 53 Brausen,
1561 3274 169 66 Dampf

182 3364 146 48 fähret
357 3365 80 47 auf
461 3383 87 32 von
578 3364 165 48 seinem
769 3363 148 49 Odem
949 3363 93 48 und
1074 3362 246 48 zehrendes
1348 3362 147 47 Feuer
1526 3375 84 31 von
1643 3356 61 49 sei-

182 3463 103 33 nem
317 3447 195 58 Munde;
555 3447 69 49 die
656 3447 122 48 Erde
807 3445 137 50 bebet
975 3444 91 48 und
1098 3444 110 47 wird
1244 3443 194 65 bewegt,
1470 3440 80 49 der
1579 3440 147 64 Berge

182 3530 169 49 Festen
381 3546 139 49 regen
714 3528 128 66 (24).
875 3528 80 48 Mit
986 3527 150 48 diesen
1171 3525 200 49 Worten
1404 3522 213 66 begleitet
1648 3522 80 48 der

185 3610 123 50 Chor
338 3612 42 48 in
411 3610 294 66 angstvollem
732 3612 150 63 Zagen
915 3608 96 49 eine
1037 3607 129 66 jener
1190 3608 323 62 Bewegungen
1543 3604 81 48 der
1639 3603 58 48 Na-

183 3702 90 49 tur,
314 3694 43 49 in
388 3694 146 50 denen
564 3694 69 49 die
663 3694 244 49 Menschen
940 3693 78 47 des
1049 3690 150 49 Herrn
1232 3689 190 48 Stimme
1453 3706 54 30 zu
1538 3685 161 50 verneh-

185 3793 101 32 men
312 3776 209 67 glauben,
554 3777 90 48 und
670 3776 137 49 deren
834 3772 342 52 erschütternde
1190 3770 178 50 Gewalt
1391 3770 69 49 die
1477 3768 251 49 Gemüther

185 3859 350 66 empfänglicher
574 3859 70 47 für
685 3859 69 49 die
794 3857 219 49 sittlichen
1044 3853 303 52 Wahrheiten
1394 3852 174 56 macht;
1611 3849 115 50 noch

185 3948 134 41 unter
350 3942 101 47 dem
483 3941 158 49 Toben
675 3939 76 50 des
776 3942 207 46 Sturmes
1015 3934 271 66 verkündigt
1315 3934 80 49 der
1424 3933 203 67 Prophet
1658 3932 70 48 die

185 4022 214 66 göttliche
428 4023 365 65 Entscheidung:
849 4022 152 57 „Wer
1041 4018 111 57 sind,
1197 4017 68 49 die
1307 4035 51 30 so
1399 4016 147 49 fehlen
1574 4014 44 49 in
1649 4013 79 50 der

185 4104 241 59 Weisheit,
458 4106 91 49 und
578 4106 141 49 reden
751 4122 50 32 so
834 4103 77 50 mit
929 4101 316 52 Unverstand?
1274 4098 179 67 Jephta,
1476 4098 101 66 lege
1601 4097 127 49 deine

1818 303 134 50 Hand
1984 301 121 50 nicht
2137 318 55 32 an
2224 300 70 50 die
2323 298 211 58 Tochter,
2577 298 160 66 heilige
2778 292 63 54 sie
2872 295 100 50 dem
3267 294 91 48 Das

1820 388 187 49 Wetter
2036 385 56 48 ist
2123 383 209 57 vorüber,
2363 383 89 47 ihm
2485 381 109 65 folgt
2624 381 69 49 die
2723 380 126 50 Stille
2880 379 81 49 der
2987 380 161 56 Natur,
3178 376 43 50 in
3252 376 80 50 wel-

1819 470 107 48 cher
1965 468 116 49 einst
2132 466 101 58 „die
2274 464 303 49 Herrlichkeit
2609 464 158 49 Gottes
3194 459 165 67 Jephta

1817 553 88 48 und
1938 552 79 48 mit
2046 550 89 49 ihm
2168 548 106 49 alles
2307 548 115 49 Volk
2458 545 123 66 neigt
2623 545 89 48 sich
2745 563 79 30 zur
2854 544 122 49 Erde
3009 544 92 48 und
3132 541 125 50 betet
3287 559 70 31 an.

1813 634 230 65 Mirjam
2086 632 123 57 aber,
2251 630 145 50 einem
2429 629 110 48 Gott
2580 628 251 66 geweihten
2860 626 157 50 Leben
3050 625 280 65 zurückgege-

1813 717 103 57 ben,
1961 714 162 51 erhebt
2161 714 91 48 sich
2299 729 100 32 zum
2441 710 308 66 begeisterten
2779 709 150 48 Preise
2971 710 79 47 der
3081 706 157 51 Gnade
3280 706 78 49 des

1812 799 167 56 Herrn,
2010 797 41 49 in
2071 795 203 50 welchen
2292 795 81 49 der
2391 793 122 49 Chor
2537 793 40 48 in
2603 792 224 63 freudiger
2841 792 240 63 Erregung
3095 789 260 50 einstimmt.

2254 1024 654 79 Correspondenten-Unfug.

1933 1129 84 49 Die
2072 1129 157 56 „Neue
2270 1126 256 50 Zeitschrift
2566 1125 71 48 für
2929 1121 172 50 welche
3145 1128 131 43 unter
3305 1123 51 48 F.

1813 1211 228 52 Brendel's
2064 1210 248 50 Redaction
2344 1209 42 49 in
2408 1208 183 67 Leipzig
2614 1206 239 57 erscheint,
2886 1205 173 48 enthält
3088 1204 129 49 einen
3243 1205 85 47 Auf-

1811 1302 93 41 satz
1937 1294 120 48 eines
2087 1293 121 48 ihrer
2239 1291 430 66 Correspondenten
2699 1307 101 30 vom
2831 1288 188 57 Rheine,
3050 1288 197 48 weicher
3277 1304 54 32 un-

1811 1384 72 42 ter
1905 1375 430 51 derUeberschrift:
2377 1369 942 62 „DieMusik-ZuständedesNie-

2248 1458 91 48 sich
2370 1457 141 49 durch
2543 1457 67 48 die
2634 1458 249 47 Nummern
2916 1451 87 59 13,
3042 1453 86 57 14,
3168 1450 66 50 17
3264 1453 93 49 und

1819 1543 66 48 19
1923 1542 116 48 zieht
2069 1540 90 50 und
2192 1540 218 49 zunächst
2435 1556 163 31 unsere
2623 1535 434 51 niederrheinischen
3075 1534 280 58 Musikfeste,

1811 1625 117 49 dann
1960 1625 69 47 die
2059 1622 404 50 Musik-Zustände
2513 1619 289 66 „derjenigen
2843 1618 175 56 Städte,
3064 1617 172 49 welche
3280 1617 80 49 auf

1811 1707 265 64 Beachtung
2105 1704 244 67 Anspruch
2655 1719 131 32 wozu
2812 1702 79 48 der
2919 1700 235 50 Verfasser
3183 1699 168 56 Köln,

1810 1789 374 51 Düsseldorf,
2228 1787 238 49 Aachen
2511 1784 93 51 und
2638 1785 162 49 Bonn
2844 1783 133 57 zählt,
3022 1783 57 47 im
3108 1780 245 50 Einzelnen

1811 1872 242 66 bespricht.
2095 1869 76 50 Ob
2201 1887 50 31 er
2280 1868 226 50 Elberfeld
2538 1867 91 48 und
2659 1867 195 48 Barmen
2883 1864 122 50 nicht
3036 1882 101 30 zum
3167 1863 159 49 Nieder-

1810 1954 154 49 rheine
1994 1953 186 48 rechnet
2210 1952 111 49 oder
2351 1952 61 47 sie
2453 1949 202 66 ignorirt,
2700 1949 180 49 können
2910 1947 84 49 wir
3019 1947 121 48 nicht
3170 1945 178 59 wissen,

1808 2038 235 47 Letzteres
2068 2034 164 65 jedoch
2265 2034 132 49 kaum
2430 2051 85 30 von
2557 2032 89 48 ihm
2680 2029 210 68 glauben,
2932 2029 54 49 da
3017 2045 49 31 er
3095 2028 63 48 als
3189 2027 127 49 Abon-

1809 2127 108 41 nent
1963 2118 80 48 der
2085 2114 447 51 Niederrheinischen
2575 2113 381 62 Musik-Zeitung,
2995 2111 60 64 ja,
3102 2127 134 48 sogar
3280 2109 64 49 als

1808 2199 282 50 Mitarbeiter
2111 2216 54 32 an
2192 2197 253 56 derselben,
2477 2196 113 48 doch
2623 2196 116 48 öfter
2770 2193 183 66 gelesen
2984 2192 144 49 haben
3161 2199 187 50 musste,

1809 2283 100 49 dass
1969 2282 119 48 diese
2144 2281 161 49 Städte
2373 2279 42 49 in
2473 2277 330 49 musicalischer
2859 2274 208 50 Hinsicht
3134 2273 213 50 ebenfalls

1809 2365 229 49 existiren.

1932 2448 160 49 Dieser
2109 2447 186 48 Aufsatz
2326 2462 93 31 nun
2449 2443 56 49 ist
2535 2442 79 48 mit
2642 2441 122 48 einer
2793 2457 51 32 so
2874 2457 139 49 argen
3042 2438 306 50 Unkenntniss

1809 2531 80 49 der
1919 2546 284 50 gewesenen,
2247 2526 304 67 gewordenen
2595 2525 89 48 und
2725 2523 256 49 wirklichen
3012 2521 336 49 musicalischen

1808 2612 230 50 Zustände
2068 2629 71 30 am
2167 2608 321 51 Niederrheine
2519 2605 293 68 geschrieben
2841 2605 91 48 und
2961 2603 180 50 verräth
3170 2602 98 50 eine
3297 2620 52 32 so

1811 2693 243 51 maasslose
2096 2691 288 65 Dreistigkeit
2427 2690 58 48 im
2539 2687 299 50 Aburtheilen
2881 2686 113 48 über
3033 2686 177 48 Sachen
3254 2686 93 48 und

1811 2780 234 46 Personen
2090 2776 90 48 und
2220 2775 97 47 eine
2368 2790 49 32 so
2873 2767 479 66 Charakterlosigkeit,

1814 2860 103 48 dass
1947 2859 83 48 wir
2051 2859 73 47 ihn
2149 2857 139 49 leider
2312 2855 122 49 nicht
2466 2852 274 51 unbeachtet
2764 2851 146 50 lassen
2940 2851 180 48 können
3153 2850 91 49 und
3268 2867 85 32 uns

1814 2940 281 67 verpflichtet
2124 2940 166 54 fühlen,
2321 2936 213 51 wahrlich
2562 2935 130 48 mehr
2718 2934 60 49 im
2807 2935 227 47 Interesse
3065 2932 80 49 der
3168 2932 165 50 verletz-

1814 3033 77 40 ten
1924 3022 257 56 Wahrheit,
2222 3022 63 49 als
2326 3021 42 48 in
2406 3035 208 33 unserem
2647 3017 203 65 eigenen,
2890 3016 208 50 wiewohl
3130 3016 82 48 wir
3241 3016 115 48 auch

1817 3106 252 68 persönlich
2111 3105 141 50 durch
2294 3104 127 48 einen
2450 3118 122 31 zwar
2601 3099 286 57 verdeckten,
2930 3097 110 50 aber
3079 3097 131 50 desto
3252 3096 79 52 bos-

1817 3190 204 47 hafteren
2053 3186 170 50 Ausfall
2269 3186 78 49 auf
2382 3184 68 48 die
2487 3181 252 50 rheinische
2768 3180 148 49 Kritik
2957 3180 128 49 dabei
3123 3179 234 67 betheiligt

1818 3271 112 57 sind,
1971 3271 69 49 die
2082 3269 112 49 eben
2224 3265 424 69 ausgesprochenen
2680 3264 235 49 schweren
2944 3261 238 67 Anklagen
3212 3279 146 49 gegen

1818 3354 86 48 den
1935 3353 237 49 Verfasser
2203 3350 124 48 wahr
2358 3368 54 29 zu
2444 3348 188 48 machen
2673 3346 92 49 und
2802 3345 201 50 dadurch
3043 3344 202 66 zugleich
3277 3362 54 31 un-

1818 3452 124 31 serer
1969 3434 202 65 Collegin
2200 3433 45 48 in
2274 3430 183 66 Leipzig
2488 3430 129 48 einen
2632 3428 141 50 Wink
2803 3445 57 31 zu
2891 3426 161 66 geben,
3084 3443 145 49 gegen
3259 3425 75 50 der-

1819 3518 202 66 gleichen
2053 3514 428 67 Correspondenten
2511 3513 79 48 auf
2614 3511 79 49 der
2723 3510 99 48 Hut
2854 3527 53 30 zu
2940 3509 107 48 sein.

1942 3599 156 50 Indess
2140 3598 77 48 hat
2261 3596 67 51 die
2359 3594 249 49 Redaction
2646 3591 236 50 derselben
2914 3591 42 49 in
2985 3591 157 65 Bezug
3170 3590 80 50 auf
3273 3590 87 48 den

1820 3682 242 66 fraglichen
2092 3680 175 49 Artikel
2299 3679 167 48 bereits
2496 3678 42 48 in
2568 3676 124 47 einer
2721 3674 301 65 Anmerkung
3051 3673 44 49 in
3130 3673 77 48 der
3238 3673 90 48 Bei-

1820 3764 130 66 lage
1991 3782 54 30 zu
2088 3765 78 49 Nr.
2203 3762 71 49 26
2319 3760 196 50 erklärt:
2586 3758 139 57 „Wir
2764 3756 179 50 können
2982 3755 218 50 natürlich
3240 3754 123 49 nicht

1819 3845 116 50 über
1977 3847 82 48 alle
2091 3844 187 56 Details,
2323 3843 70 48 die
2436 3857 164 33 unsere
2632 3838 427 67 Correspondenten
3102 3835 261 57 mittheilen,

1823 3929 300 48 unterrichtet
2165 3927 107 56 sein,
2319 3924 97 51 sind
2457 3923 108 49 aber
2612 3922 157 48 darum
2796 3919 216 67 jederzeit
3051 3934 110 50 gern
3206 3918 159 59 bereit,

1820 4010 383 68 Berichtigungen
2223 4007 344 54 aufzunehmen,
2585 4021 133 33 wenn
2737 4002 240 57 dieselben,
3008 4000 106 50 wie
3144 4000 68 50 im
3244 4019 91 32 vor-

1823 4088 659 71 liegendenFalle,sich
2506 4087 81 49 als
2612 4083 379 66 nothwendig
