1504 2286
124 414 22 19 W'
152 414 35 19 hen
197 414 13 18 I
217 414 85 19 arrived
310 419 21 14 at
338 414 38 21 291
388 415 30 20 the
429 416 62 23 Spirit
500 417 21 23 of
531 418 38 20 291
581 426 41 12 was
636 419 127 25 manifesting
777 421 52 23 itself
841 426 21 14 at
876 423 22 18 its
913 421 48 23 best;
979 423 38 20 291
1029 423 78 23 himself
1114 431 40 12 was
1165 430 21 14 at
1195 424 30 20 the
1235 424 64 25 height
1309 426 21 22 of
1337 433 24 12 an

122 449 100 21 animated
232 450 104 20 discussion
347 451 46 20 with
404 452 30 19 the
445 452 103 24 Professor.

120 494 37 21 291
170 502 14 11 is
194 501 12 12 a
217 495 74 22 trinity;
307 502 12 11 a
327 494 64 24 place,
403 503 12 11 a
423 500 68 19 person
504 497 41 20 and
555 505 12 12 a
577 498 75 24 symbol,
663 507 18 11 so
697 499 20 19 be
732 505 31 15 not
776 501 100 23 surprised
891 501 18 23 if
919 502 14 18 I
944 501 52 24 refer
1010 503 81 19 without
1100 505 102 19 transition
1213 510 16 14 to
1240 506 22 18 its
1273 510 88 19 separate

122 532 79 19 entities.

122 592 97 23 Professor
243 592 59 20 What
314 593 7 19 I
332 593 83 20 wonder
425 599 25 18 at,
461 595 15 19 is
486 594 46 25 why
540 603 37 15 you
587 596 35 20 did
632 602 35 14 not
677 597 32 20 tell
719 597 33 21 the
763 598 62 20 world
836 598 51 20 what
897 598 38 21 291
946 599 21 20 is.

120 621 37 21 291
243 623 8 18 I
262 621 78 21 wanted
351 621 33 21 the
394 623 57 20 other
461 624 72 24 people
543 630 20 14 to
573 625 33 20 tell
616 633 38 12 me.

122 650 53 23 Prof.
244 652 57 19 Have
311 651 47 24 they
368 651 52 21 done
431 660 21 12 so
459 653 12 19 ?

120 680 37 21 291
244 680 56 19 Each
311 688 38 12 one
359 680 21 20 of
390 680 32 21 the
434 682 47 23 sixty
491 682 41 20 odd
543 684 136 20 contributors
690 684 34 21 has
735 685 40 20 said
786 685 52 20 what
847 685 38 21 291
896 694 39 12 was
946 692 19 14 to
977 686 48 24 him;
1044 687 33 20 the
1088 695 44 12 sum
1142 687 47 21 total
1200 687 20 21 of
1229 688 52 20 what
1292 689 13 19 it
1315 689 15 19 is
1340 694 20 14 to

243 708 49 21 each
303 709 109 21 individual
422 711 68 20 makes
501 719 26 17 up
538 712 33 20 the
582 713 54 24 spirit
646 713 21 20 of
676 713 45 21 291.

122 738 53 23 Prof.
244 739 52 23 Very
305 738 52 24 well,
367 739 46 25 they
424 739 48 21 have
483 741 57 24 given
551 749 39 16 you
600 741 32 21 the
643 743 55 23 spirit
709 743 21 19 of
742 743 38 20 291
797 743 34 21 but
841 743 46 24 they
897 744 49 20 have
956 750 34 14 not
1000 745 42 20 told
1052 753 40 16 you
1101 745 53 20 what
1164 745 81 21 definite
1255 746 58 25 thing
1323 746 37 21 291

244 774 117 18 represents.

121 797 36 21 291
243 798 17 18 It
271 803 111 18 represents
393 798 86 25 nothing
490 799 88 24 definite;
593 800 14 19 it
617 800 15 20 is
643 809 44 12 ever
697 802 99 24 growing,
806 802 112 24 constantly
930 802 103 26 changing
1042 803 39 20 and
1092 803 127 25 developing.

124 825 51 24 Prof.
243 826 48 20 And
302 826 45 20 how
358 827 15 20 is
384 827 13 20 it
408 828 63 24 going
481 833 20 15 to
511 828 83 25 develop
603 830 10 19 ?

120 855 37 21 291
243 855 59 24 That,
314 857 7 18 I
332 856 27 20 do
370 862 35 14 not
415 856 67 24 know;
497 858 82 24 nobody
590 858 76 21 knows.

122 884 53 23 Prof.
245 886 38 19 But
294 885 111 24 somebody
416 886 72 20 should
499 887 67 23 know;
580 887 112 25 somebody
703 888 72 20 should
785 894 18 15 at
814 889 47 20 least
872 889 59 21 know
941 890 52 20 what
1003 891 14 19 it
1029 890 72 20 should
1111 891 132 24 accomplish.
1271 891 17 21 If
1297 891 38 21 291
1346 892 16 20 is

243 913 86 26 nothing
338 914 82 21 definite
429 915 35 20 but
474 915 47 24 only
530 924 11 12 a
552 917 61 24 spirit,
622 917 45 20 how
678 925 37 12 can
724 918 13 20 it
747 917 26 21 do
784 919 24 19 its
817 919 72 19 work?
916 920 37 19 We
963 919 60 20 know
1034 927 51 16 now,
1095 920 52 19 what
1157 920 33 20 the
1201 920 55 25 spirit
1264 920 20 20 of
1292 920 38 21 291
1340 921 22 22 is,

243 951 21 12 as
274 943 66 24 nearly
351 952 20 12 as
381 952 11 12 a
403 945 54 24 spirit
468 953 37 12 can
517 945 23 20 be
551 945 81 21 known.
660 946 59 20 What
730 954 29 13 we
770 947 71 20 should
852 947 60 20 know
923 947 30 20 for
962 948 33 20 the
1005 948 66 21 future
1081 949 15 20 is
1106 948 38 21 291
1154 949 33 20 the
1196 949 92 20 machine
1295 949 66 20 which

243 973 40 19 will
293 973 82 24 provide
385 973 33 20 the
429 973 96 21 channels
535 974 90 26 through
634 975 66 20 which
711 975 38 21 this
759 976 113 21 wonderful
882 977 55 24 spirit
947 985 38 12 can
994 978 126 24 accomplish
1131 978 64 20 useful
1205 978 62 21 work.

120 1002 38 20 291
243 1002 52 20 That
305 1002 40 20 will
356 1010 58 13 come
424 1002 21 21 of
455 1003 58 23 itself,
524 1004 20 19 in
554 1004 33 20 the
598 1012 71 13 course
679 1004 21 21 of
710 1011 73 14 events.

123 1030 52 24 Prof.
245 1031 106 24 Precisely;
367 1032 36 20 but
413 1032 54 21 there
478 1033 16 20 is
504 1040 10 13 a
525 1033 73 25 logical
608 1042 100 16 sequence
718 1034 21 20 in
749 1034 33 20 the
792 1042 71 13 course
873 1035 21 20 of
904 1040 73 16 events.
1010 1035 43 21 The
1067 1041 42 19 past
1124 1036 74 24 history
1213 1036 20 20 of
1245 1036 37 21 291
1297 1037 66 19 shows

243 1061 21 19 it.
279 1077 5 4 .
300 1061 4 28 .
318 1062 45 19 You
379 1061 72 21 started
465 1061 47 21 with
528 1070 10 12 a
553 1062 51 25 fight
618 1062 30 20 for
663 1063 147 25 photography;
829 1072 40 15 you
883 1064 77 20 wanted
973 1072 51 16 your
1034 1065 92 24 problem
1135 1065 108 21 answered;
1263 1065 74 21 What
1347 1066 16 20 is

244 1089 141 26 photography
392 1091 33 23 ?;
439 1099 40 16 you
490 1097 35 18 got
538 1091 33 21 the
585 1091 161 26 photographers
761 1093 98 24 together,
874 1101 40 16 you
930 1093 45 20 held
991 1094 127 24 exhibitions,
1128 1103 40 15 you
1179 1094 108 25 published
1298 1103 55 16 repro-

244 1119 94 21 ductions
349 1119 21 21 of
380 1120 127 20 meritorious
518 1120 63 24 work;
595 1122 76 19 writers
685 1129 56 13 came
756 1122 46 20 who
817 1127 61 16 wrote
893 1122 63 21 about
973 1122 141 26 photography
1129 1124 39 20 and
1184 1129 35 15 out
1234 1124 20 20 of
1269 1124 25 20 all
1309 1124 54 20 these

244 1148 69 21 efforts
324 1157 57 12 came
391 1157 26 12 an
426 1157 83 13 answer.
537 1151 37 19 We
585 1150 25 20 all
620 1150 59 21 know
690 1159 45 12 now
745 1150 53 21 what
808 1151 141 25 photography
959 1152 23 23 is,
993 1152 52 20 what
1055 1153 14 19 it
1080 1160 37 13 can
1127 1153 134 24 accomplish;
1276 1161 29 12 we
1316 1153 47 20 have

247 1178 105 20 standards
364 1178 25 24 by
398 1178 67 21 which
476 1186 29 13 we
516 1186 38 13 can
563 1179 62 25 judge
634 1188 44 12 new
688 1180 62 20 work.
778 1180 60 20 What
847 1188 40 13 was
896 1181 38 20 291
945 1181 59 20 while
1014 1181 25 20 all
1049 1181 37 21 this
1097 1190 39 12 was
1146 1183 64 24 going
1219 1190 26 12 on
1253 1183 11 19 ?

121 1207 38 20 291
245 1207 95 25 Nothing
351 1207 35 20 but
397 1215 10 12 a
418 1207 120 25 laboratory,
548 1216 11 12 a
569 1208 56 24 place
636 1208 31 21 for
677 1209 139 24 experiments.

123 1235 53 24 Prof.
244 1236 48 20 And
303 1237 15 19 is
329 1237 14 19 it
353 1242 36 14 not
399 1237 39 20 still
448 1245 10 12 a
469 1237 121 24 laboratory,
600 1238 47 23 only
657 1238 47 20 with
716 1246 43 12 new
770 1239 102 24 problems
883 1244 20 15 to
914 1239 72 21 solve?

121 1265 38 21 291
244 1265 52 21 That
306 1266 16 20 is
332 1265 53 21 what
395 1267 14 19 it
419 1267 22 19 is.

123 1294 53 23 Prof.
244 1294 47 21 And
302 1294 52 21 what
364 1296 16 19 is
391 1295 33 20 the
434 1295 68 25 object
512 1295 21 21 of
542 1303 11 13 a
563 1296 113 24 laboratory
683 1297 11 19 ?

121 1324 38 21 291
244 1325 30 20 To
285 1325 130 23 experiment.

123 1353 53 23 Prof.
244 1354 48 19 And
302 1353 53 20 what
365 1354 27 20 do
403 1354 132 24 experiments
546 1354 43 20 lead
599 1360 21 14 to
626 1355 12 19 ?

121 1382 38 20 291
244 1383 31 20 To
286 1382 79 25 finding
376 1388 41 15 out.

124 1411 53 23 Prof.
245 1413 62 22 Now,
318 1418 19 14 at
351 1412 43 23 last,
404 1420 30 13 we
448 1412 49 20 have
511 1420 10 12 a
537 1412 105 21 definition
657 1413 21 19 of
691 1413 52 20 what
753 1413 38 21 291
801 1414 24 23 is;
839 1421 11 13 a
860 1413 115 24 laboratory
985 1414 67 20 where
1062 1415 132 24 experiments
1205 1423 32 12 are
1248 1414 115 21 conducted

244 1442 21 19 in
275 1441 59 20 order
344 1447 20 14 to
375 1441 42 20 find
429 1447 34 14 out
474 1441 122 26 something.
624 1443 61 22 Now,
695 1442 33 20 the
738 1442 105 21 inevitable
855 1451 100 16 sequence
965 1443 67 20 which
1046 1451 46 13 man
1104 1443 78 21 follows
1192 1444 20 20 in
1222 1444 141 24 experimental

244 1471 79 20 science
333 1471 23 20 is:

246 1501 35 19 Ist.
312 1500 26 19 To
349 1499 89 20 establish
445 1499 52 23 facts
507 1507 21 12 or
535 1500 121 23 phenomena
667 1500 21 23 by
699 1500 120 20 observation
831 1500 41 20 and
883 1502 177 22 experimentation.

244 1529 32 20 2d.
311 1529 26 19 To
348 1530 69 18 arrive
427 1528 82 24 through
521 1528 99 20 induction
627 1529 52 23 from
690 1529 49 19 these
746 1529 52 23 facts
808 1537 21 11 or
836 1529 121 24 phenomena
967 1535 16 14 to
994 1530 50 20 their
1052 1531 81 23 general
1143 1531 126 23 relationship
1278 1538 21 12 or
1308 1531 54 19 laws.

244 1558 32 20 3d.
311 1558 26 19 To
351 1563 50 14 start
411 1557 52 24 from
478 1557 49 20 these
538 1557 47 20 laws
596 1563 16 14 to
623 1559 69 18 arrive
703 1557 21 24 by
735 1558 71 23 logical
817 1558 103 20 deductive
930 1561 105 22 reasoning
1045 1564 15 14 to
1071 1559 30 20 the
1112 1559 97 24 discovery
1224 1559 21 24 of
1253 1559 52 20 other
1311 1559 52 24 facts

245 1587 62 19 which
316 1594 44 17 may
371 1588 20 18 in
401 1592 47 14 turn
460 1587 21 19 be
491 1587 93 19 included
594 1588 19 18 in
624 1587 30 19 the
664 1587 81 24 general
754 1587 46 19 law.

246 1618 61 22 Now,
318 1618 7 18 I
337 1616 48 21 have
396 1616 81 20 noticed
486 1616 21 20 of
517 1616 37 20 late
564 1616 41 20 that
615 1624 47 16 you,
672 1616 46 23 291,
728 1616 49 21 have
788 1616 58 24 been,
857 1625 21 12 so
889 1622 20 15 to
920 1617 68 24 speak,
999 1618 93 24 marking
1102 1618 54 20 time.
1184 1620 45 18 You
1239 1626 32 12 are
1281 1618 82 24 waiting

245 1645 31 20 for
287 1646 33 20 the
335 1645 115 20 WHAT
463 1644 119 20 NEXT?
610 1646 39 19 For
663 1653 39 15 me,
714 1646 45 19 who
773 1646 47 20 have
834 1646 51 20 been
897 1646 101 25 watching
1010 1654 40 16 you
1062 1647 73 23 closely
1148 1646 30 21 for
1191 1655 58 16 many
1262 1655 56 16 years
1330 1647 33 20 the

245 1674 115 20 WHAT
373 1674 117 19 NEXT?
505 1675 16 19 is
535 1674 59 20 clear.
621 1675 45 19 You
680 1682 32 12 are
725 1680 19 14 at
758 1675 33 19 the
803 1675 40 19 end
855 1675 21 19 of
888 1683 49 15 your
949 1675 42 20 first
1005 1675 76 25 period;
1093 1684 41 16 you
1147 1676 47 20 have
1207 1676 95 25 gathered
1313 1684 50 16 your

246 1704 52 23 data,
307 1712 40 16 you
358 1703 48 21 have
417 1703 57 21 made
485 1712 50 16 your
545 1703 143 21 observations.
715 1705 44 19 You
773 1712 32 12 are
818 1704 62 20 about
893 1709 21 15 to
925 1710 54 14 enter
989 1712 50 16 your
1050 1705 76 20 second
1137 1705 70 24 period
1217 1706 21 19 in
1247 1705 67 20 which
1324 1713 39 16 you

245 1733 40 20 will
300 1734 61 19 arrive
376 1738 19 15 at
409 1733 33 20 the
457 1733 47 20 laws
518 1732 66 21 which
600 1740 74 17 govern
690 1733 33 19 the
737 1733 128 24 phenomena
879 1741 40 16 you
934 1733 48 21 have
996 1733 104 21 observed.
1128 1734 49 20 This
1192 1742 44 16 may
1252 1734 24 20 be
1290 1742 9 12 a
1315 1734 48 25 long

246 1762 77 25 period,
338 1762 30 20 for
378 1770 44 12 new
433 1762 45 20 data
487 1762 40 19 will
537 1761 113 24 constantly
662 1761 24 20 be
696 1762 84 25 coming
790 1769 26 17 up
827 1762 66 20 which
904 1770 45 16 may
959 1770 59 13 cause
1027 1771 40 16 you
1078 1768 20 15 to
1108 1763 76 24 modify
1194 1771 23 12 or
1226 1763 94 20 abandon
1330 1763 33 20 the

246 1792 87 19 theories
344 1799 39 16 you
393 1791 39 20 will
443 1791 66 20 evolve
521 1790 68 21 before
599 1799 39 16 you
650 1791 59 20 strike
719 1790 33 21 the
762 1799 77 12 answer
848 1791 42 20 that
900 1791 39 20 will
950 1791 65 24 satisfy
1026 1800 45 15 you.
1099 1792 52 21 That
1161 1797 52 15 must
1224 1792 24 20 be
1258 1800 50 16 your
1319 1797 44 15 next

246 1826 43 19 step
304 1820 14 21 if
332 1820 25 21 all
371 1828 51 16 your
436 1820 158 24 experimenting
609 1820 15 20 is
639 1825 34 15 not
687 1825 20 15 to
723 1820 75 20 remain
812 1820 71 23 sterile,
894 1820 39 20 and
947 1820 59 21 when
1020 1820 41 21 that
1076 1821 16 20 is
1107 1821 60 23 done,
1177 1821 47 20 then
1234 1829 30 12 we
1273 1821 40 20 will
1323 1821 40 20 talk

246 1849 61 21 about
318 1849 32 21 the
360 1849 36 21 last
406 1849 75 25 period.

124 1879 37 20 291
249 1880 38 19 But
297 1879 47 20 laws
354 1887 31 11 are
396 1878 32 20 the
438 1886 44 16 very
491 1878 68 25 things
570 1879 7 19 I
589 1877 47 21 have
648 1877 49 21 been
707 1877 86 26 fighting
803 1879 75 24 against
888 1878 25 20 all
923 1886 32 16 my
965 1878 39 20 life.

126 1907 52 23 Prof.
248 1910 35 18 Let
297 1916 22 12 us
330 1914 33 14 not
373 1907 77 26 quarrel
460 1907 61 21 about
531 1907 71 20 words.
629 1908 44 19 You
684 1907 47 20 have
742 1907 50 20 been
802 1907 86 25 fighting
898 1908 75 24 against
982 1907 96 19 FIXED
1089 1908 45 20 laws
1143 1907 65 21 which
1217 1907 78 25 impede
1306 1915 46 17 prog-

248 1945 39 12 ress
302 1937 38 20 and
355 1936 145 25 development.
528 1936 43 20 The
585 1936 46 20 laws
641 1937 8 18 I
660 1944 58 12 mean
727 1943 32 13 are
770 1936 35 20 but
815 1944 37 12 our
861 1937 121 23 conception
992 1936 20 20 of
1026 1936 32 20 the
1069 1936 126 25 relationship
1206 1936 20 21 of
1240 1936 123 25 phenomena

246 1966 66 20 which
322 1974 29 12 we
361 1974 35 12 use
406 1974 20 12 as
437 1966 70 24 guides
518 1966 19 19 in
548 1965 82 25 making
640 1973 43 12 new
693 1965 126 20 discoveries.
847 1965 57 23 That,
914 1966 7 19 I
934 1965 73 20 believe
1017 1966 16 19 is
1044 1965 51 20 what
1104 1973 40 16 you
1154 1965 47 20 have
1209 1966 71 23 always
1290 1965 73 25 sought

246 2001 20 14 to
280 1995 96 20 discover.
404 1994 18 21 If
434 1994 38 21 291
485 2002 41 13 sees
537 1994 70 24 clearly
617 1994 33 20 the
664 1994 46 24 path
720 1994 66 19 which
796 1995 16 19 is
821 1994 66 20 traced
902 1994 30 20 for
942 1995 19 22 it,
972 2000 53 19 great
1038 1994 66 25 things
1114 2002 44 16 may
1173 1994 25 21 be
1207 1994 95 24 expected
1312 1994 50 20 from

247 2025 13 19 it
271 2024 30 20 for
311 2025 23 19 its
345 2024 126 25 preliminary
481 2023 55 20 work
546 2023 34 20 has
592 2023 49 20 been
651 2023 43 20 well
705 2023 57 19 done.

1133 2032 58 19 Paul
1207 2032 20 18 B.
1244 2032 119 18 Haviland
