3547 4572
2096 3894 73 36 252

1368 817 92 35 Gold
1480 814 288 37 aufschabloniert
1783 814 148 35 werden.
1965 818 62 31 Für
2047 814 53 35 die
2119 811 244 47 reichfarbigen
2378 811 110 34 Bilder
2508 810 56 34 der
2584 810 182 34 deutschen
2786 809 69 34 wie

1370 870 56 35 der
1440 868 312 36 niederländischen
1767 867 122 34 Schule
1905 867 104 35 dieser
2025 867 83 39 Zeit,
2125 866 53 34 die
2193 865 65 34 den
2279 863 254 49 gleichzeitigen
2549 863 193 47 prächtigen
2761 861 76 35 Glas-

1370 922 180 36 malereien
1576 918 53 37 oft
1653 933 64 22 nur
1741 933 40 21 zu
1803 920 176 35 verwandt
2004 920 36 34 in
2066 919 56 34 der
2142 917 178 47 Wirkung
2339 916 91 39 sind,
2457 916 111 34 bieten
2594 914 88 34 diese
2701 915 155 33 Rahmen

1371 978 96 33 einen
1494 975 144 46 ruhigen
1667 981 128 26 ernsten
1825 971 189 37 Abschlufs.
2054 970 235 49 Gelegentlich
2310 969 155 34 behalten
2491 969 46 33 sie
2562 968 88 34 auch
2669 966 54 35 die
2742 967 116 47 wenig

1372 1034 137 43 getönte
1530 1025 206 36 Naturfarbe
1755 1025 55 34 des
1830 1025 139 41 Holzes,
1995 1026 68 33 wie
2083 1024 55 35 der
2157 1023 103 35 breite
2281 1021 348 36 Eichenholzrahmen
2655 1032 61 22 um
2735 1023 121 31 Dürers

1372 1078 375 39 Holzschuher-Bildnis
1768 1078 95 47 zeigt.

1451 1134 99 33 Diese
1569 1134 98 32 Form
1687 1130 54 34 des
1762 1131 287 34 Leistenrahmens
2070 1128 108 35 erhält
2202 1128 72 34 sich
2302 1128 36 33 in
2362 1126 64 35 den
2452 1125 324 42 Niederlanden,
2798 1124 65 36 auf

1373 1186 52 35 die
1452 1186 72 35 sich
1550 1186 63 33 mit
1638 1184 76 34 dem
1740 1183 217 47 Niedergang
1977 1183 57 33 der
2053 1182 139 34 Malerei
2211 1181 36 33 in
2268 1179 229 35 Deutschland
2524 1179 86 34 auch
2638 1179 53 34 die
2710 1178 129 35 Weiter-

1373 1238 239 46 entwicklung
1639 1237 55 33 der
1714 1235 250 35 Bilderrahmen
1984 1235 161 34 zunächst
2164 1232 216 43 beschränkt,
2407 1232 48 34 bis
2483 1245 77 21 zum
2580 1232 92 34 Ende
2691 1232 54 34 des
2765 1231 76 35 sech-

1372 1292 142 35 zehnten
1532 1287 238 48 Jahrhunderts
1790 1287 71 35 und
1880 1287 103 35 bleibt
2002 1288 72 34 hier
2093 1286 56 35 für
2169 1286 54 34 die
2249 1286 194 35 schwarzen
2463 1286 157 34 Rahmen
2639 1298 99 34 sogar
2756 1284 49 34 bis
2825 1285 35 33 in

1373 1346 57 33 das
1447 1343 195 36 achtzehnte
1661 1340 222 46 Jahrhundert
1899 1339 214 36 vorbildlich.
2150 1339 178 34 Während
2342 1338 213 48 gleichzeitig
2575 1338 52 34 die
2643 1336 215 50 Skulpturen,

1374 1395 209 37 namentlich
1608 1395 53 33 die
1685 1395 35 32 in
1748 1392 63 35 den
1835 1392 251 36 Niederlanden
2114 1393 74 33 sehr
2214 1392 164 34 beliebten
2406 1391 133 34 kleinen
2566 1388 294 43 Alabasterreliefs,

1375 1449 68 35 und
1470 1449 54 33 die
1550 1444 195 38 Grabtafeln
1773 1446 73 34 sehr
1875 1447 110 33 reiche
2014 1447 37 33 in
2075 1446 90 34 Holz
2192 1446 203 47 geschnitzte
2420 1444 274 47 Einrahmungen
2720 1444 34 33 in
2782 1443 63 34 zier-

1374 1503 125 34 lichem
1519 1498 226 41 Frühbarock,
1765 1500 63 33 mit
1843 1498 300 48 Blattvergoldung
2164 1498 70 34 und
2250 1496 165 49 farbigem
2437 1498 113 47 (meist
2567 1496 152 47 blauem)
2741 1496 120 35 Grund

1376 1554 160 40 erhalten,
1564 1553 106 33 denen
1698 1552 52 33 die
1779 1552 95 33 meist
1904 1552 34 33 in
1971 1552 87 34 ihrer
2086 1549 207 37 Naturfarbe
2321 1550 190 35 belassenen
2539 1550 75 33 sehr
2641 1549 135 35 zierlich
2804 1562 39 35 ge-

1375 1607 184 35 schnitzten
1586 1604 131 49 Spiegel
1737 1605 34 32 in
1794 1605 206 34 Eichenholz
2020 1604 71 35 sich
2117 1603 234 42 anschliefsen,
2376 1603 138 35 werden
2539 1602 53 35 die
2612 1602 250 35 Bilderrahmen

1376 1659 64 35 fast
1461 1660 89 33 noch
1567 1656 169 36 einfacher
1756 1656 53 35 bei
1828 1655 199 50 kräftigerer
2045 1657 147 47 Bildung
2211 1657 56 34 der
2282 1656 131 40 Profile,
2428 1657 46 33 sie
2493 1654 136 36 werden
2650 1654 212 48 regelmäfsig

1376 1713 150 34 schwarz
1551 1710 190 48 gestrichen
1764 1710 71 34 und
1860 1710 156 35 verlieren
2042 1710 198 35 allmählich
2265 1710 52 35 die
2337 1709 168 48 goldenen
2531 1711 217 32 Ornamente.
2794 1708 68 33 Mit

1376 1765 57 34 der
1462 1762 217 48 Einführung
1708 1762 57 35 der
1794 1761 111 36 feinen
1936 1763 256 35 ausländischen
2220 1762 142 40 Hölzer,
2392 1760 133 50 infolge
2550 1760 57 35 der
2636 1760 226 47 Ausbreitung

1377 1817 54 35 des
1451 1816 149 35 Handels
1628 1816 87 34 nach
1736 1818 81 31 Ost-
1837 1816 70 33 und
1927 1816 234 40 Westindien,
2188 1816 87 34 wird
2296 1829 55 20 am
2371 1813 139 49 Anfang
2534 1814 53 35 des
2608 1813 254 35 siebenzehnten

1374 1868 239 47 Jahrhunderts
1643 1869 54 34 die
1724 1867 231 50 Anfertigung
1990 1869 57 34 der
2080 1868 151 35 dunklen
2260 1869 155 34 Rahmen
2445 1881 58 21 aus
2533 1867 140 34 solchen
2702 1867 159 40 Hölzern,

1377 1922 208 36 namentlich
1595 1921 181 40 Ebenholz,
1789 1922 36 33 in
1840 1921 63 35 den
1920 1922 193 48 spanischen
2125 1922 250 34 Niederlanden
2391 1921 68 34 wie
2474 1922 34 33 in
2524 1920 64 34 den
2604 1920 258 34 holländischen

905 2299 194 34 Freistaaten
1126 2298 72 34 eine
1224 2298 209 47 allgemeine.
1470 2298 97 33 Ihren
1594 2296 106 35 Glanz
1720 2296 161 35 erhielten
1900 2297 45 34 sie
1966 2296 106 34 durch

905 2352 72 34 eine
1008 2351 121 34 leichte
1158 2350 141 40 Politur,
1329 2350 131 35 welche
1488 2350 152 48 zugleich
1669 2349 62 34 den
1752 2351 89 38 Ton,
1860 2353 30 43 je
1910 2350 87 33 nach
2016 2348 57 35 der

904 2403 100 36 Farbe
1024 2404 55 34 des
1099 2403 107 35 Bildes
1229 2404 34 33 in
1276 2417 13 20 s
1316 2403 185 34 Röthliche
1517 2403 81 34 oder
1616 2403 72 34 Lila
1708 2402 159 49 spielend,
1889 2416 82 33 grau
1992 2402 82 33 oder

906 2456 226 40 tiefschwarz,
1146 2454 162 49 kräftiger
1319 2469 56 22 zur
1386 2456 149 47 Geltung
1547 2455 145 35 brachte.
1727 2457 62 32 Die
1801 2455 109 34 kleine
1927 2454 128 35 Schlufs-

908 2510 93 34 leiste
1021 2510 87 34 nach
1128 2510 115 44 innen,
1263 2509 85 47 glatt
1364 2509 82 34 oder
1465 2510 62 33 mit
1548 2510 108 32 einem
1670 2508 242 35 bescheidenen
1924 2507 128 35 Barock-

906 2575 178 22 ornament
1101 2563 146 38 verziert,
1267 2561 119 36 wurde
1407 2561 213 48 regelmäfsig
1639 2561 188 48 vergoldet;
1849 2561 225 47 gelegentlich

906 2615 162 35 erhielten
1089 2616 85 33 auch
1199 2615 92 34 noch
1316 2615 109 47 einige
1451 2614 119 35 andere
1593 2614 119 35 Profile
1733 2614 54 34 des
1807 2615 172 33 Rahmens
2001 2615 73 33 eine

905 2667 233 48 Vergoldung.
1185 2668 63 34 Die
1268 2667 223 48 Profilierung
1510 2667 130 35 verliert
1660 2668 61 33 mit
1741 2667 77 35 dem
1837 2668 238 34 Vorschreiten

908 2722 56 34 des
983 2720 256 35 siebenzehnten
1257 2721 237 44 Jahrhunderts
1511 2721 52 33 die
1584 2719 116 49 eckige
1721 2719 224 49 kastenartige
1964 2722 110 37 Form,

908 2774 54 34 die
993 2773 142 35 Flächen
1172 2773 139 35 werden
1344 2773 182 47 bewegter,
1560 2773 327 48 ausgeschwungen,
1922 2773 69 33 und
2021 2773 53 33 die

908 2826 224 48 Profilierung
1151 2825 89 37 wird
1261 2827 35 33 in
1317 2825 56 35 der
1392 2825 295 48 mannigfachsten
1707 2828 61 32 Art
1787 2827 145 39 variiert,
1948 2839 37 20 so
2002 2824 72 35 dafs

909 2880 72 34 sich
999 2880 92 34 noch
1111 2878 165 36 hunderte
1295 2892 68 22 von
1383 2881 154 32 Mustern
1556 2879 215 34 nachweisen
1791 2879 117 34 lassen.

992 2933 63 33 Die
1080 2931 312 35 Ebenholzrahmen
1416 2931 132 35 blieben
1567 2932 37 34 in
1628 2931 63 35 den
1710 2932 199 48 spanischen
1928 2931 126 34 Nieder-

911 2985 122 34 landen
1053 2985 53 33 die
1126 2984 266 48 gewöhnlichen
1412 2985 68 34 und
1505 2984 73 34 sind
1599 2985 86 34 auch
1705 2985 35 33 in
1755 2983 154 35 Holland
1929 2984 47 34 bis
1997 2997 78 21 zum

912 3036 138 49 Anfang
1066 3037 56 35 des
1132 3038 220 34 achtzehnten
1360 3037 240 46 Jahrhunderts
1612 3051 54 21 am
1675 3037 198 47 häufigsten.
1893 3039 37 32 In
1941 3036 136 48 Belgien

911 3103 117 23 waren
1047 3099 98 25 unter
1164 3090 134 34 Rubens
1319 3091 71 33 und
1405 3092 124 32 seinem
1545 3090 158 36 Einflüsse
1719 3090 53 34 die
1788 3088 202 36 Altartafeln
2004 3090 70 34 und

912 3143 53 34 die
990 3142 137 49 grofsen
1146 3142 345 41 Dekorationsbilder,
1511 3143 209 35 namentlich
1738 3142 258 40 Deckenbilder,
2018 3142 40 34 be-

912 3204 151 39 vorzugt,
1093 3196 53 34 die
1173 3197 36 33 in
1237 3196 56 34 der
1320 3196 219 35 Architektur
1562 3197 71 34 ihre
1651 3197 234 46 Einrahmung
1905 3195 170 35 erhielten.

913 3250 97 33 Diese
1029 3249 176 48 Richtung
1225 3249 55 34 der
1295 3249 141 34 Malerei
1450 3249 124 35 verlieh
1595 3249 87 34 auch
1702 3249 65 34 den
1786 3248 168 35 kleineren
1961 3246 97 36 Tafel-

912 3301 130 35 bildern
1061 3303 97 34 einen
1171 3302 221 47 vorwiegend
1411 3301 219 36 dekorativen
1651 3302 204 42 Charakter;
1875 3302 45 34 sie
1936 3300 140 37 wurden

912 3368 78 21 zum
1014 3354 150 49 gröfsten
1190 3354 73 34 Teil
1290 3355 82 34 über
1400 3354 56 35 der
1479 3356 115 33 hohen
1618 3354 276 49 Wandtäfelung
1921 3354 70 34 und
2013 3354 63 34 den

912 3408 138 34 Thüren
1077 3408 56 34 der
1157 3408 148 33 Zimmer
1336 3407 202 48 angebracht
1563 3407 70 35 und
1664 3408 102 35 daher
1790 3421 64 21 nur
1881 3408 63 33 mit
1968 3408 109 33 einem

915 3460 186 37 schlichten
1120 3461 272 34 Leistenrahmen
1417 3461 165 35 versehen.
1621 3460 170 43 Kleinere,
1818 3460 177 35 besonders
2020 3474 38 33 ge-

915 3514 144 34 schätzte
1086 3513 109 35 Bilder
1219 3526 69 22 von
1315 3514 140 33 intimen
1477 3512 202 42 Charakter,
1706 3515 69 34 wie
1795 3527 25 21 z.
1842 3516 34 32 B.
1897 3513 54 34 die
1970 3513 107 34 Bilder

915 3579 70 22 von
1019 3569 60 42 Jan
1103 3566 176 48 Brueghel,
1312 3566 161 34 erhielten
1503 3566 169 42 ähnliche,
1710 3566 146 35 schmale
1894 3566 77 35 aber
2004 3566 73 35 sehr

915 3618 70 36 fein
1023 3618 179 49 profilierte
1235 3620 291 40 Leistenrahmen,
1562 3620 97 34 meist
1697 3633 58 21 aus
1789 3618 288 40 Nufsbaumholz,

917 3670 62 36 auf
1014 3672 98 35 deren
1148 3672 130 34 flachen
1302 3672 224 40 Mittelleiste,
1555 3685 83 34 ganz
1658 3672 137 35 ähnlich
1828 3673 68 35 wie
1922 3670 64 37 auf
2014 3671 63 34 den

2180 2296 81 33 eben
2291 2295 248 50 besprochenen
2568 2295 156 34 Rahmen
2757 2293 53 35 des
2844 2293 220 35 sechzehnten
3090 2290 255 47 Jahrhunderts*

2180 2348 151 35 zierliche
2360 2348 292 35 Goldornamente
2677 2346 287 35 aufschabloniert
2984 2345 154 36 wurden.
3182 2345 63 33 Ein
3272 2344 54 33 ein-

2180 2400 113 36 facher
2320 2402 187 35 schwarzer
2531 2401 155 34 Rahmen
2713 2400 121 35 wurde
2858 2399 72 35 hier
2956 2399 88 34 auch
3064 2397 153 35 dadurch
3241 2395 86 48 allge-

2180 2456 109 33 meine
2315 2456 93 39 Sitte,
2429 2453 71 36 dafs
2521 2463 97 26 unter
2634 2453 75 35 dem
2719 2455 181 45 Vorgänge
2916 2452 57 34 der
2987 2454 184 44 Regenten,
3192 2457 131 27 nament-

2180 2508 68 34 lich
2268 2508 55 34 des
2343 2508 199 47 Erzherzogs
2563 2506 153 49 Leopold
2735 2505 189 42 Wilhelm,
2952 2505 69 34 und
3042 2503 162 35 einzelner
3224 2501 120 40 Maler,

2181 2561 68 34 wie
2277 2574 60 21 vor
2366 2561 101 34 allem
2495 2560 146 35 Rubens’
2672 2559 116 40 selbst,
2814 2556 253 50 umfangreiche
3087 2555 257 48 Bildergalerien

2181 2615 206 40 entstanden,
2408 2613 132 36 welche
2560 2613 53 34 die
2628 2612 138 35 Wände
2787 2611 47 35 bis
2855 2625 57 20 zur
2927 2610 114 35 Decke
3060 2608 124 36 füllten
3200 2608 70 34 und
3289 2606 56 35 für

2182 2667 53 34 die
2260 2667 53 34 ein
2338 2667 177 34 schlichter
2535 2665 231 35 einheitlicher
2785 2664 284 39 Leistenrahmen,
3093 2663 150 34 schwarz
3264 2660 80 35 oder

2181 2719 184 49 vergoldet,
2380 2719 107 35 Mode
2507 2719 130 34 wurde.

2261 2773 99 34 Auch
2381 2774 34 32 in
2430 2772 180 34 Holland
2629 2771 120 35 wurde
2768 2770 56 34 der
2839 2769 312 35 Ebenholzrahmen
3166 2768 105 34 schon
3288 2766 56 35 der

2182 2825 170 48 Billigkeit
2363 2839 121 34 wegen
2504 2826 199 46 bevorzugt;
2733 2837 32 21 er
2790 2822 106 50 pafste
2924 2823 77 33 aber
3021 2822 88 34 auch
3128 2821 108 34 durch
3255 2820 88 35 seine

2182 2878 99 35 Farbe
2291 2878 177 34 besonders
2480 2887 62 39 gut
2554 2879 34 33 in
2599 2878 51 34 die
2660 2876 235 35 holländische
2902 2875 362 45 Zimmereinrichtung
3275 2872 67 35 und

2183 2930 122 36 bildete
2331 2931 153 48 zugleich
2511 2932 96 34 einen
2636 2931 182 47 günstigen
2843 2927 182 36 Abschlufs
3050 2926 138 37 sowohl
3209 2925 56 35 für
3290 2926 54 33 die

2183 2985 139 47 tonigen
2338 2984 162 36 Gemälde
2519 2983 56 35 der
2593 2984 125 34 älteren
2733 2982 256 35 holländischen
3004 2980 121 35 Schule
3140 2981 67 34 wie
3221 2978 56 35 für
3291 2978 53 34 die

2183 3035 302 49 farbenkräftigen,
2496 3037 106 34 durch
2614 3037 51 34 ihr
2676 3035 124 35 starkes
2809 3036 96 33 Licht
2916 3034 71 34 und
2995 3032 211 35 Helldunkel
3217 3030 127 49 kräftig

2183 3090 198 34 wirkenden
2390 3090 162 36 Gemälde
2563 3089 222 35 Rembrandts
2796 3088 70 35 und
2877 3088 55 34 der
2943 3100 68 22 von
3023 3086 72 35 ihm
3107 3084 235 37 beeinfiufsten

2182 3143 184 48 Richtung.
2404 3147 67 30 Der
2486 3143 221 48 geschätztere
2725 3142 155 34 Rahmen
2898 3140 119 35 wurde
3037 3139 79 34 aber
3135 3140 36 33 in
3189 3136 153 36 Holland

2183 3197 106 33 schon
2309 3197 48 33 im
2376 3197 143 33 zweiten
2536 3195 125 36 Viertel
2686 3194 54 35 des
2761 3193 109 36 sieben
2876 3194 141 34 zehnten
3033 3191 236 46 Jahrhunderts
3289 3190 56 33 der

2183 3249 246 41 Goldrahmen,
2451 3250 52 33 die
2523 3248 169 49 „güldene
2711 3248 66 47 lijst
2781 3254 23 13 cc
2806 3274 8 7 .
2841 3247 64 34 Die
2919 3246 107 34 schön
3043 3245 224 48 geschnitzten
3283 3245 41 32 Ba-

2183 3301 225 36 rockrahmen
2427 3301 143 41 freilich,
2590 3303 36 33 in
2646 3301 106 35 denen
2771 3300 66 35 wir
2856 3299 53 35 die
2925 3298 163 35 Gemälde
3104 3298 55 34 der
3173 3295 152 36 holländi-

2184 3356 101 33 schen
2301 3355 232 35 Kleinmeister
2550 3356 37 33 in
2606 3354 66 34 den
2687 3354 112 35 besten
2815 3351 345 47 Privatsammlungen
3173 3363 68 22 von
3256 3349 87 34 Paris

2183 3408 70 34 und
2265 3408 158 41 London,
2439 3407 209 36 namentlich
2663 3408 36 33 in
2713 3407 65 34 den
2791 3410 161 43 jüngeren
2965 3404 239 47 Sammlungen
3219 3401 123 40 finden,

2185 3460 73 35 sind
2281 3460 66 36 fast
2378 3460 233 37 ausnahmslos
2644 3459 226 36 französische
2897 3458 80 35 oder
3002 3457 169 47 englische
3191 3455 151 35 Rahmen

2183 3527 82 21 vom
2298 3514 91 35 Ende
2417 3514 54 35 des
2500 3513 252 35 siebenzehnten
2780 3512 71 34 und
2879 3510 138 48 Anfang
3044 3509 54 35 des
3126 3508 218 36 achtzehnten

2183 3567 257 44 Jahrhunderts,
2473 3567 53 34 die
2559 3566 54 35 bei
2646 3566 56 35 der
2730 3564 208 48 Erwerbung
2971 3564 57 34 der
3060 3561 109 35 Bilder
3200 3559 57 36 für
3286 3559 57 35 das

2185 3620 151 35 Ausland
2369 3618 200 50 angefertigt
2607 3619 93 40 oder,
2738 3620 35 33 in
2809 3626 150 26 neuester
2996 3617 84 39 Zeit,
3112 3627 69 22 von
3213 3613 113 48 gering-

2184 3674 199 46 wertigeren
2411 3673 89 35 alten
2520 3672 132 35 Bildern
2677 3671 144 36 entfernt
2840 3670 71 35 und
2931 3683 58 21 um
3008 3672 71 44 jene
3099 3666 108 36 Bilder
3223 3665 119 49 gethan

3131 2019 114 143 HOLLÄNDISCHER
3254 2019 52 143 RAHMEN

3131 2175 32 48 GEZ.
3171 2175 24 48 VON
3203 2175 31 48 ALB.
3242 2175 47 48 KRÜGER
