3625 4572
1330 3815 209 43 241

1126 1975 224 61 VITA
1408 1975 348 61 NUOVA

430 2204 64 32 CH
514 2201 57 35 bin
587 2203 35 32 in
642 2202 63 34 den
719 2201 263 36 Abendstunden
1001 2204 34 34 in
1051 2207 122 32 Dantes
1189 2206 76 33 Vita
1279 2217 112 22 nuova

432 2253 141 36 vertieft.
611 2255 56 33 Ich
688 2254 86 40 sehe,
796 2254 71 35 dafs
888 2255 52 33 die
959 2258 126 32 Herzen
1106 2256 54 34 des
1181 2257 210 34 dreizehnten

430 2306 235 44 Jahrhunderts
686 2305 118 35 ebenso
824 2307 163 47 ängstlich
1006 2307 155 49 geklopft
1180 2308 124 41 haben,
1324 2309 67 34 wie

432 2358 52 34 die
529 2359 173 47 unsrigen,
749 2357 70 35 dafs
868 2360 150 46 geistiges
1065 2360 212 34 Schwanken
1321 2360 70 34 und

432 2411 216 34 Schwärmen
682 2410 63 34 den
776 2414 124 44 jungen
935 2412 137 33 Dichter
1103 2425 39 20 zu
1174 2412 218 46 untergraben

433 2462 118 34 drohte
569 2462 71 34 und
660 2461 71 35 dafs
757 2463 55 33 der
832 2465 124 38 Mann,
981 2464 144 34 welcher
1144 2464 52 33 die
1218 2464 174 34 Göttliche

432 2514 170 34 Komödie
632 2514 168 35 schreiben
831 2513 144 42 konnte,
1004 2515 64 35 viel
1095 2516 122 34 Leiden
1245 2528 42 21 an
1311 2516 79 34 Leib

432 2567 67 33 und
526 2566 89 34 Seele
639 2564 151 37 erfahren
815 2566 133 37 mufste.
952 2573 23 14 cc
1063 2567 166 34 Anselm
1247 2570 120 31 Feuer-

433 2618 100 34 bach
557 2619 41 33 ist
623 2631 47 27 es,
696 2618 57 34 der
775 2618 87 34 diese
880 2622 124 31 Worte
1030 2620 35 33 in
1089 2620 224 46 wehmütiger
1332 2622 40 31 Be-

432 2671 142 47 ziehung
594 2669 62 35 auf
669 2671 68 33 sein
757 2671 129 46 eigenes
900 2671 207 34 Künstlerlos
1128 2684 54 21 am
1203 2684 10 21 i
1228 2684 29 32 5.
1271 2674 121 41 Januar

438 2723 93 45 1857
562 2723 193 34 heimwärts
783 2723 130 40 sandte,
949 2736 55 22 aus
1038 2723 55 34 der
1127 2724 130 46 ewigen
1286 2722 103 42 Stadt,

432 2774 98 34 deren
562 2777 147 32 Betreten
742 2773 55 35 für
829 2775 60 34 ihn
920 2775 97 35 selbst
1053 2774 63 34 den
1147 2776 125 45 Beginn
1305 2775 85 33 eines

246 2824 261 36 künstlerischen
534 2839 108 21 neuen
666 2826 125 34 Lebens
820 2826 162 35 bedeuten
1010 2827 104 33 sollte.
1159 2827 82 33 Wie
1269 2825 122 35 mufste

246 2878 83 33 auch
350 2878 100 34 dieses
469 2878 90 34 hohe
578 2878 81 34 Lied
679 2892 68 21 von
766 2879 57 34 der
841 2878 153 34 äufseren
1018 2878 68 34 und
1105 2879 136 33 inneren
1261 2878 107 34 Schön-

245 2929 66 34 heit
330 2930 55 34 der
404 2930 173 35 Geliebten
598 2932 86 33 seine
710 2930 246 49 empfängliche
976 2930 89 35 Seele
1090 2930 174 42 berühren,
1292 2930 96 34 deren

245 2994 114 33 ganzes
387 2982 197 47 Empfinden
610 2983 36 34 in
675 2982 75 35 dem
779 2985 96 32 einen
900 2985 123 32 Worte
1050 2983 234 39 „Schönheit“
1311 2996 51 21 um-

245 3033 164 34 schlossen
437 3034 64 47 lag.
550 3034 79 34 Und
657 3048 32 21 es
716 3036 52 40 ist,
794 3035 46 34 als
866 3034 84 35 habe
976 3034 103 35 dieser
1103 3043 81 25 erste
1210 3033 78 35 tiefe
1308 3035 60 33 Ein-

246 3085 112 40 druck,
383 3086 63 34 den
465 3099 33 20 er
517 3100 69 21 von
605 3090 109 31 Dante
734 3100 157 33 gewann,
919 3087 57 34 ihn
1003 3086 93 34 nicht
1116 3086 158 34 verlassen
1283 3102 8 28 5
1321 3086 67 34 wie

245 3135 50 35 bei
313 3137 76 34 dem
403 3139 149 40 Dichter,
573 3152 36 21 so
625 3139 87 34 zieht
726 3140 70 33 sich
816 3139 86 34 auch
917 3138 51 34 bei
987 3139 71 33 ihm
1079 3139 63 33 ein
1157 3137 230 35 Frauen-Ideal

244 3188 101 35 durch
371 3190 62 34 alle
452 3190 108 34 Bilder
585 3191 179 40 hindurch,
792 3191 52 34 die
867 3191 105 33 seiner
990 3191 173 33 Phantasie
1182 3191 203 39 erwuchsen,

244 3241 64 33 und
337 3243 66 33 wie
428 3242 53 34 bei
503 3246 109 42 jenem
635 3256 74 21 war
735 3256 30 20 es
791 3244 53 33 ein
868 3242 204 41 wirkliches,
1099 3241 152 47 geliebtes
1271 3241 115 40 Weib,

244 3292 52 33 das
323 3306 32 21 er
380 3293 221 35 künstlerisch
620 3294 144 35 verklärt
789 3308 77 21 zum
883 3297 114 46 Typus
1022 3294 55 34 der
1096 3297 150 43 Gattung
1271 3293 113 35 erhob.

319 3346 266 34 Unwillkürlich
605 3348 98 46 steigt
723 3347 41 34 da
783 3347 56 34 das
859 3346 74 34 Bild
952 3347 87 33 eines
1059 3346 142 34 anderen
1215 3346 170 33 Künstlers

243 3409 57 21 vor
319 3410 60 21 uns
401 3397 71 41 auf,
493 3398 56 35 der
568 3397 66 36 fast
653 3412 109 34 genau
782 3399 207 47 gleichzeitig
1008 3398 62 34 mit
1084 3397 185 34 Feuerbach
1287 3397 98 40 lebte,

242 3449 65 33 und
329 3448 54 35 der
402 3451 33 32 in
456 3452 89 33 noch
559 3452 228 46 gesteigertem
801 3450 109 35 Mafse
926 3454 123 31 Dantes
1068 3448 317 48 „Liebesfrühling“

309 3502 66 33 wie
401 3504 30 33 F.
455 3506 38 30 X.
515 3506 107 31 Kraus
646 3503 189 34 übersetzen
859 3503 135 34 möchte
1082 3500 302 49 nachempfunden,

240 3554 29 42 ja
290 3554 192 46 nachgelebt
500 3556 74 35 hat:
595 3558 135 31 Dante
750 3554 171 36 Gabriel
940 3555 193 34 Rossetti.
1173 3553 212 35 Ueberblickt

241 3616 74 22 man
328 3606 106 34 Leben
449 3607 68 34 und
533 3605 152 36 Schaffen
702 3607 101 35 dieses
818 3607 272 46 merkwürdigen
1100 3607 159 40 Meisters,
1272 3605 112 34 dessen

1496 2208 109 32 Kunst
1625 2207 71 33 eine
1716 2219 35 21 so
1772 2206 148 34 seltsame
1935 2207 181 46 Mischung
2130 2207 221 34 italienischer
2370 2208 68 33 und
2456 2208 182 47 englischer

1496 2258 168 33 Elemente
1683 2257 170 42 aufweist,
1874 2271 37 21 so
1932 2258 134 35 möchte
2085 2272 76 21 man
2180 2258 63 35 fast
2262 2272 111 34 sagen,
2394 2272 33 21 er
2441 2260 45 33 sei
2506 2262 61 31 mit
2583 2260 55 35 der

1497 2309 267 34 Gedankenwelt
1792 2310 53 33 des
1872 2310 166 42 Dichters,
2067 2309 64 36 auf
2152 2310 110 35 dessen
2286 2314 134 31 Namen
2449 2324 32 21 er
2507 2310 130 48 getauft

1496 2375 83 28 war,
1596 2361 123 34 erblich
1735 2361 134 35 belastet
1883 2375 164 34 gewesen.
2080 2366 99 30 Denn
2193 2363 125 34 nahezu
2333 2362 194 41 krankhaft,
2543 2364 76 34 über-

1495 2414 77 33 reizt
1592 2414 40 33 ist
1651 2413 52 34 die
1721 2415 72 38 Art,
1813 2415 68 33 wie
1899 2415 87 33 seine
2005 2415 151 34 sensitive
2170 2417 110 32 Natur
2299 2416 69 33 sich
2387 2415 48 34 bis
2456 2429 55 20 zur
2530 2415 87 35 förm-

1496 2465 109 34 lichen
1631 2467 287 45 Autosuggestion
1943 2467 35 32 in
2003 2465 63 35 den
2092 2467 201 45 mystischen
2319 2467 318 47 Stimmungsgehalt

1496 2517 55 34 der
1565 2517 78 34 Vita
1662 2530 111 21 nuova
1789 2516 179 41 versenkte,
1986 2519 87 33 ohne
2090 2519 67 34 wie
2173 2522 107 30 Dante
2299 2518 95 34 selbst
2414 2519 105 34 durch
2535 2519 101 34 Hölle

1496 2568 67 35 und
1587 2571 189 44 Läuterung
1799 2582 55 21 zur
1873 2568 211 49 Verklärung
2107 2584 40 20 zu
2173 2571 170 46 gelangen.
2385 2571 115 33 Durch
2526 2572 110 33 seinen

1496 2623 110 37 Vater,
1631 2620 62 34 den
1713 2620 188 35 bekannten
1919 2620 258 36 Danteforscher
2196 2622 151 35 Gabriele
2367 2624 154 40 Rossetti,
2547 2624 90 33 hatte

1496 2686 32 20 er
1556 2685 68 21 von
1648 2672 161 34 Kindheit
1842 2672 62 35 auf
1928 2672 51 35 die
2006 2674 98 33 Liebe
2135 2672 56 35 für
2222 2674 53 34 die
2307 2673 97 35 frühe
2431 2674 205 35 italienische

1497 2725 174 33 Litteratur
1698 2737 37 21 so
1765 2725 94 46 innig
1887 2725 215 47 eingesogen,
2132 2724 70 35 dafs
2229 2738 33 21 er
2286 2726 98 34 selbst
2412 2727 71 33 eine
2507 2727 129 34 Anzahl

1496 2775 268 35 altitalienischer
1778 2777 226 46 Dichtungen,
2026 2777 151 34 darunter
2196 2778 80 33 eben
2297 2777 52 34 die
2363 2778 77 34 Vita
2459 2791 124 26 nuova,
2601 2779 34 32 in

1495 2828 54 33 ein
1568 2827 270 35 archaisierendes
1858 2829 155 45 Englisch
2032 2829 189 40 übersetzte,
2246 2829 69 35 und
2339 2838 95 26 unter
2454 2830 75 34 dem
2547 2830 88 34 Titel

1495 2879 124 47 „Early
1638 2879 116 34 Italian
1775 2882 118 32 Poets“
1918 2881 62 33 mit
2005 2881 106 33 einem
2130 2881 169 35 reizenden
2317 2881 182 40 Titelblatt,
2527 2882 54 34 das
2603 2895 32 20 er

1495 2931 83 34 dazu
1606 2932 183 40 zeichnete,
1820 2932 193 47 herausgab.
2060 2932 58 34 Als
2147 2933 87 34 dann
2262 2932 54 35 für
2343 2933 58 34 ihn
2429 2933 113 41 selbst,
2576 2935 59 33 seit

1493 2984 123 33 seinem
1636 2991 104 26 ersten
1759 2982 318 36 Zusammentreffen
2096 2985 62 34 mit
2177 2985 202 34 Elisabeth
2400 2985 114 34 Sidda
2523 2985 10 34 1
2542 3013 9 17 T
2579 2986 56 33 der

1492 3033 316 49 „Liebesfrühling“
1837 3036 159 40 anbrach,
2029 3036 46 34 als
2109 3050 31 21 er
2172 3037 96 34 selbst
2300 3038 35 33 in
2368 3037 55 34 der
2455 3037 179 34 schlanken

1493 3086 144 35 blonden
1658 3087 183 39 Geliebten,
1866 3101 41 20 an
1932 3088 57 33 der
2014 3102 32 19 er
2072 3087 129 36 freilich
2226 3090 34 32 in
2286 3090 72 33 sehr
2377 3088 155 35 irdischer
2552 3090 81 34 Glut

1493 3139 93 47 hing,
1611 3139 149 47 zugleich
1784 3140 68 33 sein
1876 3139 250 36 künstlerisches
2151 3140 88 35 Ideal
2265 3139 171 48 gefunden
2460 3142 106 38 hatte,
2594 3142 40 33 da

1492 3190 157 47 übertrug
1668 3203 32 21 er
1719 3191 56 33 das
1791 3191 195 48 Empfinden
2005 3193 101 33 seines
2121 3193 152 33 Dichters
2292 3192 162 34 innerlich
2474 3206 82 33 ganz
2576 3192 64 35 auf

1492 3243 69 33 sich
1580 3243 108 39 selbst,
1713 3243 87 33 ohne
1827 3243 56 33 der
1908 3242 98 36 tiefen
2027 3243 97 35 Kluft
2148 3258 39 20 zu
2213 3245 128 39 achten,
2368 3245 129 34 welche
2516 3246 34 32 in
2571 3245 62 34 den

1491 3293 213 40 wirklichen,
1732 3293 146 36 äufseren
1899 3295 244 35 Verhältnissen
2169 3296 145 34 bestand.
2356 3299 34 41 Ja
2415 3297 162 34 während
2602 3311 31 20 er

1491 3347 70 33 sich
1585 3359 40 21 an
1654 3346 75 34 dem
1754 3347 103 33 Besitz
1881 3347 52 34 des
1963 3349 103 46 üppig
2090 3349 146 33 schönen
2262 3348 138 34 Weibes
2426 3348 207 40 berauschte,

1491 3398 179 47 schwelgte
1690 3411 32 21 er
1742 3400 34 33 in
1795 3400 110 33 seinen
1925 3400 237 34 Dantebildern
2182 3401 35 32 in
2237 3401 88 33 einer
2342 3402 61 32 Art
2422 3400 210 48 wollüstiger

1490 3453 210 44 Entsagung,
1730 3450 69 34 und
1826 3452 86 33 nach
1941 3452 74 33 dem
2044 3452 135 48 Beispiel
2207 3453 102 33 seines
2335 3455 127 37 Vaters,
2497 3452 55 34 der
2580 3453 51 34 die

1490 3502 143 33 Realität
1653 3502 56 33 der
1728 3504 144 33 Beatrice
1890 3503 106 47 völlig
2019 3503 167 35 bestritten
2205 3504 102 40 hatte,
2333 3504 72 34 liefs
2425 3518 32 20 er
2476 3506 154 38 Beatrice,

1490 3553 160 35 trotzdem
1670 3567 32 20 er
1721 3554 51 34 ihr
1796 3555 52 33 die
1867 3554 283 36 verführerischen
2169 3558 92 45 Züge
2288 3556 56 33 der
2363 3556 172 35 Geliebten
2555 3557 74 46 gab,

1490 3607 92 33 nicht
1598 3606 45 34 als
1660 3607 52 33 ein
1723 3607 102 33 Weib
1841 3620 67 21 von
1923 3608 123 33 Fleisch
2062 3608 68 33 und
2146 3608 87 40 Blut,
2249 3608 141 34 sondern
2405 3608 45 34 als
2468 3610 164 33 ätherisch

859 1692 66 14 ADAM
941 1693 48 14 UND
1004 1693 47 13 EVA
1067 1690 26 21 (l)

537 1691 95 14 LUDWIG
647 1691 48 15 VON
711 1692 128 18 HOFMANN
