3639 4572
2082 3872 212 40 216

975 583 90 41 Der
1096 581 120 42 Hirte
1249 577 158 43 scheint
1435 577 77 41 mir
1534 576 62 40 oft
1616 574 78 41 wie
1709 573 96 56 jene
1828 571 188 43 fremden
2038 569 181 49 Fischer,
2242 567 66 40 die
2329 565 64 42 ich
2415 564 57 42 im
2494 564 143 41 fernen
2658 558 326 57 Wickinglande
3012 555 88 51 sah,
3124 554 96 42 dort
3243 568 53 27 an
3318 553 81 40 den

2393 630 348 57 ahnungreichen,
2773 634 210 37 stummen
3014 628 174 40 Küsten.

975 723 70 41 Sie
1085 720 138 56 liegen
1254 720 99 54 Tag
1394 717 85 42 und
1511 715 199 42 Wochen
1746 713 39 40 in
1825 710 81 42 den
1938 710 167 41 Booten
2138 705 208 50 draufsen,
2381 703 118 40 allein
2531 701 56 41 im
2617 698 227 43 Meerkreis
2876 698 69 40 bei
2975 696 84 42 den
3091 695 189 50 Fischen,
3318 692 79 41 wie

2392 774 142 53 längst
2566 769 277 43 Gestorbene.

975 863 80 40 Die
1097 863 138 40 Boote
1271 859 136 56 liegen
1438 858 79 40 wie
1549 856 65 41 die
1647 855 138 53 Särge
1818 850 151 43 dunkel
2002 849 85 42 und
2120 846 157 42 senken
2310 844 80 42 Gai
2400 856 52 27 ne
2484 842 39 40 in
2557 841 65 41 die
2656 839 131 41 stillen
2820 837 184 50 Gründe,
3039 836 108 41 doch
3181 835 118 42 mehr
3332 835 62 40 als

1728 934 116 29 arme
1875 917 150 45 Fische
2057 916 143 42 ziehen
2232 912 66 42 die
2330 911 132 42 zähen
2496 910 143 40 Garne
2672 921 76 27 aus
2782 905 76 41 der
2890 905 189 41 fremden
3110 905 127 41 Tiefe.

974 1081 184 42 Seltsam
1188 1079 54 41 ist
1273 1079 97 40 dort
1403 1076 77 42 das
1513 1072 173 45 Gesicht
1719 1071 74 42 der
1825 1068 123 50 Erde,
1983 1065 131 42 durch
2147 1062 188 42 schwere
2367 1058 137 43 Inseln
2537 1057 103 57 geht
2672 1056 77 42 das
2782 1056 118 40 Meer
2931 1054 40 41 in
3007 1054 176 49 Gassen,

974 1152 59 40 Es
1066 1148 165 44 hocken
1263 1148 40 41 in
1336 1147 81 41 den
1450 1142 298 58 geisterhaften
1780 1138 178 55 Klippen
1991 1134 75 41 auf
2092 1133 110 42 Holz
2233 1131 87 42 und
2352 1128 139 55 wenig
2522 1126 175 43 Pfählen
2729 1126 171 49 Hütten,
2932 1122 326 51 blutrotbemalt,

976 1221 70 40 An
1078 1220 115 40 ihren
1224 1217 160 42 kleinen
1416 1216 205 40 Fenstern
1653 1211 142 56 glänzt
1826 1207 81 42 viel
1939 1206 170 40 bitteres
2142 1202 116 49 Salz;
2291 1199 58 42 sie
2382 1212 135 42 sagen
2550 1195 94 42 dafs
2675 1195 58 42 im
2764 1193 200 57 Spätjahr
2995 1193 87 42 und
3114 1194 55 41 im
3191 1192 203 55 Frühling

1987 1274 75 41 des
2094 1273 193 42 Sturmes
2320 1268 123 43 wilde
2476 1268 178 40 Männer
2684 1279 52 28 zu
2769 1265 80 41 den
2882 1265 162 41 Hütten
3075 1264 163 55 steigen

974 1359 100 43 Und
1106 1358 162 42 Nächte
1301 1354 131 43 durch
1465 1368 53 27 an
1545 1364 126 44 jenen
1703 1345 207 46 Scheiben
1941 1344 173 50 weinen,
2148 1340 111 42 doch
2292 1339 173 42 drinnen
2496 1336 183 42 wohnen
2711 1341 117 35 treue
2861 1340 181 36 stumme
3074 1333 291 49 Fischerleute,

972 1430 80 41 Die
1084 1428 145 56 grofse
1262 1427 135 41 sanfte
1430 1420 316 57 Königsherren
1781 1415 93 43 sind
1906 1415 56 41 im
1993 1413 157 41 Keiche
2183 1411 111 41 einer
2325 1409 240 42 unbeirrten
2599 1405 126 43 Stille.

974 1595 61 41 Im
1066 1593 137 42 kalten
1236 1588 274 56 Vorfrühling
1541 1587 101 40 kam
1673 1584 65 41 ich
1770 1583 41 40 in
1835 1581 120 56 jenes
1988 1578 122 43 Land
2142 1578 86 42 und
2260 1576 79 41 wie
2362 1575 64 41 ein
2448 1573 164 42 starker
2633 1571 106 42 Wal
2759 1570 132 42 brach
2913 1584 127 28 unser
3060 1569 136 42 Schiff
3213 1569 78 40 das
3313 1569 84 40 Eis.

972 1664 80 42 Die
1084 1662 287 43 Nebelhörner
1403 1658 198 42 stöhnten
1633 1655 99 53 Tag
1762 1651 87 44 und
1882 1650 150 51 Nacht,
2065 1649 86 42 und
2179 1660 76 28 aus
2279 1646 98 41 dem
2397 1644 272 56 ungeheuren
2689 1641 229 42 Nebelstall
2940 1640 167 42 heulten
3130 1639 75 42 des
3229 1640 166 41 Meeres

2392 1714 139 43 blinde
2562 1712 125 43 Kühe
2719 1726 78 27 uns
2832 1717 221 50 entgegen.

972 1806 87 40 Am
1092 1801 152 43 Abend
1276 1800 118 42 fielen
1428 1797 78 42 alle
1537 1794 136 43 Nebel
1706 1792 165 50 schnell,
1905 1804 104 28 vom
2040 1791 119 39 Meer
2178 1786 246 43 unheimlich
2446 1785 124 40 rasch
2595 1782 266 43 verschluckt
2882 1782 86 41 und
2989 1781 206 42 brandrot
3216 1778 179 44 standen

2390 1855 147 57 grofse
2569 1853 178 56 Klippen
2780 1853 83 41 frei.

972 1941 127 42 Stark
1122 1938 275 58 aufgerichtet
1428 1935 179 57 prunkte
1630 1933 75 41 der
1728 1931 156 51 Granit,
1908 1929 134 42 daran
2062 1928 41 42 in
2125 1932 121 37 roten
2269 1926 201 42 Strömen
2491 1924 129 41 Eisen
2641 1922 149 51 klebte,
2809 1922 78 42 wie
2908 1921 362 55 frischgestürztes
3290 1919 105 41 Blut.

971 2091 60 40 Es
1064 2103 89 27 war
1184 2087 111 42 noch
1328 2087 41 41 in
1402 2086 73 40 der
1497 2083 140 42 Nacht
1670 2082 74 41 auf
1772 2081 119 55 jener
1912 2078 160 55 Klippe,
2105 2089 70 28 wo
2209 2074 131 57 grofs,
2373 2074 78 41 wie
2482 2073 65 41 ich
2580 2086 45 28 es
2658 2072 174 42 niemals
2865 2070 76 41 sah
2973 2083 141 37 zuvor,
3148 2068 66 42 die
3246 2068 149 42 Sterne

2395 2144 200 41 wuchsen
2626 2143 86 40 und
2744 2140 197 56 lebendig
2973 2140 189 42 standen.

970 2230 71 42 Ich
1073 2230 119 41 hörte
1225 2227 117 50 auch,
1376 2227 98 40 dem
1504 2224 140 42 vollen
1677 2220 255 43 Nachtmeer
1965 2218 93 49 nah,
2091 2230 95 28 zum
2218 2214 224 43 erstenmal
2475 2213 81 42 den
2588 2211 259 56 Meergrund
2880 2211 184 55 mächtig
3098 2209 139 42 reden.

971 2300 58 42 Er
1070 2298 151 57 sprach
1262 2310 86 28 von
1389 2297 133 40 einem
1563 2291 308 58 allgewaltigen
1911 2289 138 42 Land:
2092 2300 46 27 es
2180 2299 89 28 war
2301 2299 81 27 vor
2414 2284 98 40 dem
2543 2284 190 56 Beginne
2766 2283 110 40 einer
2908 2280 208 50 Schlacht,
3144 2293 124 28 wenn
3300 2291 95 28 zum

1715 2360 139 42 Gebet
1887 2359 65 42 die
1985 2356 217 43 schweren
2235 2356 139 41 Heere
2407 2352 87 42 und
2526 2351 402 43 Menschenmassen
2960 2349 302 49 niederknieen,

969 2437 241 55 Inbrünstig
1242 2436 118 41 rufen
1394 2432 141 44 starke
1568 2445 121 29 erzne
1722 2429 160 57 Orgeln
1913 2427 87 43 und
2032 2427 73 41 mit
2138 2425 81 42 den
2251 2424 139 43 vollen
2424 2422 192 42 Glocken
2647 2426 129 37 tönen
2807 2421 143 41 Dome
2973 2453 7 7 .
3003 2453 8 7 .
3035 2453 7 7 .

970 2605 70 42 Ich
1076 2603 126 43 stand
1242 2603 57 40 im
1339 2601 204 42 Schatten
1576 2599 113 42 eines
1720 2595 174 57 grofsen
1925 2595 287 41 Eisenturmes
2246 2591 76 42 auf
2350 2590 153 42 dessen
2533 2589 141 55 Spitze
2706 2586 79 43 hell
2816 2586 66 41 ein
2914 2584 269 43 Wachthaus
3216 2582 177 56 glänzte,

969 2676 90 41 Der
1092 2674 146 57 grofse
1270 2674 143 48 Turm,
1446 2684 44 28 er
1521 2670 169 48 zitterte,
1723 2680 51 28 so
1805 2665 186 56 mächtig
2023 2664 152 55 sprach
2208 2662 78 41 das
2317 2662 129 41 Meer.

970 2745 71 42 Ich
1073 2744 104 57 ging
1210 2742 113 42 dann
1353 2741 196 55 langsam
1582 2736 132 43 durch
1746 2735 65 43 die
1842 2735 118 50 Insel,
1992 2732 87 43 und
2110 2732 74 42 mit
2216 2731 77 42 mir
2326 2730 158 55 gingen
2517 2728 77 42 alle
2626 2726 217 43 schweren
2875 2724 161 49 Sterne,

970 2816 100 42 Und
1111 2815 156 54 hingen
1308 2812 76 42 tief
1419 2810 85 43 und
1537 2810 112 40 dicht
1681 2807 67 42 bei
1780 2806 88 51 mir,
1901 2818 49 28 so
1985 2803 94 43 dafs
2112 2802 64 42 ich
2209 2802 151 42 meinte
2393 2797 296 51 manchesmal,
2721 2797 65 42 ich
2818 2793 147 43 würde
2997 2793 109 42 mich
3136 2792 186 43 verirren
3354 2792 40 40 in

2391 2869 81 41 den
2504 2868 189 42 Sternen.

975 3095 113 41 Gern
1130 3094 133 55 steige
1303 3093 64 40 ich
1398 3104 95 28 zum
1525 3088 184 44 Schacht
1742 3086 74 41 der
1847 3084 257 42 tieferlebten
2136 3083 152 54 Dinge,
2325 3080 110 42 denn
2475 3079 171 42 seltsam
2678 3076 160 42 festlich
2870 3075 52 42 ist
2954 3088 45 28 es
3032 3074 68 40 bei
3131 3071 83 43 den
3244 3074 150 47 Toten,

972 3164 71 42 Sie
1090 3164 124 55 legen
1258 3175 72 28 um
1377 3174 79 28 uns
1506 3159 110 42 sanft
1663 3156 66 42 die
1769 3154 133 43 Binde
1944 3152 75 42 des
2061 3151 139 42 hohen
2242 3150 231 42 feierlichen
2514 3149 219 42 Schauens
2766 3146 86 41 und
2889 3145 180 41 nehmen
3111 3142 122 42 dafür
3268 3154 126 29 unser

2392 3220 167 42 waches
2592 3219 155 41 Leben.

972 3384 118 40 Vom
1130 3380 159 43 andern
1328 3380 184 54 Morgen
1553 3376 80 42 will
1673 3376 65 41 ich
1778 3372 109 43 noch
1927 3371 209 49 erzählen,
2178 3372 80 40 wie
2298 3370 65 42 ich
2402 3370 65 40 die
2508 3367 207 43 Inselhöfe
2757 3371 85 37 erst
2881 3363 87 42 und
3001 3362 113 43 dann
3152 3361 64 42 die
3249 3359 144 56 grofse

2393 3440 136 40 Küste
2562 3436 136 43 fremd
2729 3434 148 42 betrat.

975 3523 88 41 Am
1096 3522 182 53 Morgen
1310 3518 196 42 schieden
1537 3531 88 28 von
1657 3530 79 26 uns
1769 3514 76 41 alle
1877 3513 168 50 Möven,
2080 3511 65 42 die
2178 3511 118 40 einen
2329 3511 99 53 Tag
2460 3507 85 42 und
2578 3507 89 42 eine
2698 3506 140 40 Nacht
2870 3503 134 43 Geleit
3037 3500 207 58 gegeben,

976 3594 92 41 Das
1101 3592 135 42 Schiff
1261 3603 82 42 zog
1375 3589 41 41 in
1449 3588 64 41 die
1548 3587 298 56 geisterhaften
1879 3584 177 41 Gassen.
2120 3582 202 42 Granitne
2354 3578 174 43 Wände
2559 3578 162 56 stiegen
2741 3573 254 44 herrschend
3017 3572 121 50 hoch,
3161 3586 76 26 nur
3258 3570 140 55 wenig

2396 3650 117 41 Meer
2545 3647 85 41 und
2661 3645 141 56 wenig
2834 3644 182 43 Himmel
3048 3641 120 42 blieb.
