2570 4140
495 426 56 50 78

949 431 78 41 LA
1058 431 379 54 CHRONIQUE
1470 435 319 42 MUSICALE

508 585 107 33 cette
637 578 207 42 tradition
866 579 139 42 s'était
1025 581 38 40 le
1087 582 98 53 plus
1216 582 388 56 triomphalement
1637 585 228 55 épanouie.
1897 588 39 38 A
1971 586 212 50 Londres,
2218 587 40 41 la

508 650 165 42 Société
705 653 393 55 philharmonique
1119 657 221 52 procédait
1361 661 23 37 à
1406 672 62 26 ses
1490 659 249 42 exécutions
1759 673 169 28 comme
1951 665 23 36 à
1997 674 60 26 un
2081 661 157 54 steeple-

499 725 143 42 chase.
675 725 72 42 On
774 741 28 40 y
833 727 213 40 exécutait
1075 741 61 26 un
1160 730 184 40 nombre
1375 732 257 54 prodigieux
1665 733 52 41 de
1750 733 207 55 musique
1983 733 247 42 instrumen-

499 799 101 52 tale,
625 812 69 27 car
711 812 56 27 on
791 799 81 40 sait
893 812 86 41 que
993 799 60 40 les
1074 800 184 53 Anglais
1273 811 79 33 ont
1373 803 193 56 l'appétit
1588 807 116 39 aussi
1728 820 247 41 voraceque
1994 807 202 54 copieux,
2219 814 40 35 et

499 873 87 40 l'on
614 886 54 27 ne
698 872 240 41 consacrait
971 877 24 36 à
1029 873 170 54 chaque
1242 888 202 29 morceau
1481 879 165 53 qu'une
1684 880 249 54 répétition.
1984 880 272 42 L'orchestre

498 945 161 55 partait
675 949 23 36 à
720 946 103 40 fond
845 946 51 40 de
919 946 115 40 train
1058 955 39 32 et
1119 948 175 40 arrivait
1314 963 169 29 comme
1500 952 218 55 l'express.
1741 953 72 41 On
1838 955 117 40 avait
1978 956 197 39 entendu
2197 969 62 26 un

499 1018 348 42 fourmillement
866 1019 51 41 de
939 1029 125 32 notes
1085 1029 40 33 et
1147 1021 52 40 de
1220 1035 116 33 sons,
1360 1037 56 26 on
1440 1025 116 41 avait
1577 1028 267 51 commencé,
1868 1042 58 27 on
1952 1029 117 42 avait
2088 1028 94 52 fini,
2201 1043 57 27 on

504 1093 338 53 recommençait
876 1107 110 40 pour
1015 1094 207 41 terminer
1248 1095 52 40 de
1322 1109 203 29 nouveau
1554 1112 56 27 au
1644 1100 101 53 plus
1777 1099 87 42 vite
1892 1110 60 44 et,
1980 1105 124 51 après
2133 1101 125 41 s'être

503 1164 111 42 ainsi
637 1166 187 55 dépêché
847 1181 73 26 sur
941 1181 87 26 une
1047 1167 227 54 vingtaine
1295 1170 50 39 de
1367 1169 140 54 pièces
1529 1172 247 54 musicales,
1794 1174 171 40 chacun
1983 1174 87 41 s'en
2093 1183 142 33 retour-

500 1239 91 41 nait
612 1239 102 41 chez
738 1240 61 40 soi
818 1240 108 52 ravi,
952 1249 131 46 ayant
1105 1241 106 40 dans
1233 1255 78 27 son
1333 1242 151 42 oreille
1505 1244 39 40 le
1576 1244 183 41 nombre
1778 1245 51 41 de
1850 1256 120 31 notes
1991 1248 138 40 voulu
2146 1261 112 41 pour

501 1326 87 41 que
611 1313 181 54 l'argent
807 1314 185 55 dépensé
1015 1329 52 26 ne
1090 1329 42 26 se
1153 1318 175 39 trouvât
1351 1331 75 40 pas
1460 1319 154 54 perdu.

558 1388 80 40 Les
660 1388 316 54 compositeurs
999 1402 53 28 en
1073 1390 162 41 étaient
1256 1404 138 27 venus
1416 1396 23 36 à
1463 1406 55 26 ne
1550 1406 73 40 pas
1647 1392 136 42 écrire
1804 1392 235 42 d'andante
2058 1407 59 27 ou
2150 1399 23 35 à
2199 1396 59 39 les

505 1461 266 54 supprimer.
797 1463 163 49 Quand
983 1477 61 26 un
1068 1464 105 40 essai
1195 1464 51 40 de
1267 1465 201 41 meilleur
1486 1469 107 50 goût
1614 1467 105 40 était
1740 1468 132 52 tenté,
1896 1468 37 40 le
1954 1467 166 55 public,
2149 1482 79 26 sou-

499 1534 103 41 dain
619 1536 174 52 étonné,
811 1543 41 34 et
868 1545 235 34 savourant
1116 1538 72 40 des
1209 1538 270 54 jouissances
1501 1540 98 54 plus
1621 1554 143 40 pures,
1787 1541 337 55 applaudissait;
2150 1541 110 41 mais

501 1607 111 41 alors
629 1609 59 40 les
705 1609 207 54 critiques
934 1609 203 42 faisaient
1153 1618 94 34 tant
1267 1611 52 41 de
1340 1612 326 53 déclamations,
1686 1614 269 54 rappelaient
1975 1614 37 41 si
2036 1616 196 52 éloquem-

503 1691 122 31 ment
666 1684 59 40 les
765 1683 81 40 lois
889 1684 239 41 nationales
1169 1686 71 39 des
1286 1686 235 41 traditions
1554 1688 229 53 anglaises,
1821 1689 111 54 qu'il
1984 1689 143 40 fallait
2162 1689 91 40 vite

501 1764 228 33 retourner
762 1771 87 26 aux
882 1757 197 42 chevaux
1105 1759 51 40 de
1188 1766 120 47 poste
1331 1768 55 42 et,
1411 1760 165 41 fouette
1607 1762 173 41 cocher!
1811 1762 148 40 donne
1992 1762 52 41 de
2065 1762 190 56 l'éperon

501 1828 169 56 jockey,
693 1830 38 40 le
752 1831 96 54 prix
870 1831 106 41 delà
996 1846 152 27 course
1170 1842 62 32 est
1254 1848 56 26 au
1332 1834 187 54 premier
1539 1834 161 42 arrivé!

557 1903 328 53 Mendelssohn,
916 1905 77 53 qui
1016 1905 164 55 dirigea
1201 1906 59 41 les
1283 1915 196 32 concerts
1500 1907 50 41 de
1572 1908 41 42 la
1642 1908 182 53 Société,
1848 1916 156 34 trouva
2027 1910 230 42 commode

503 1990 45 27 ce
579 1978 178 54 procédé
790 1978 227 55 expéditif;
1055 1980 31 40 il
1111 1979 64 53 s'y
1197 1980 85 54 plia
1317 1988 40 34 et
1394 1981 153 42 devint
1573 1985 24 38 à
1620 1995 79 27 son
1721 1990 101 33 tour
1844 1997 63 26 un
1933 1983 34 40 si
1994 1985 85 38 bon
2102 1985 156 40 cocher

499 2063 86 41 que
605 2058 97 33 tous
724 2051 61 41 les
807 2051 196 41 chevaux
1029 2053 201 54 (pardon,
1253 2053 59 40 les
1344 2053 385 57 instrumentistes)
1765 2055 236 41 arrivaient
2028 2056 181 42 fourbus
2232 2062 24 36 à

498 2124 40 40 la
558 2122 61 42 fin
640 2124 59 40 du
723 2133 192 34 concert.
945 2126 159 41 C'était
1124 2140 61 27 un
1208 2128 209 53 spectacle
1438 2135 98 34 tout
1565 2142 203 27 nouveau
1800 2143 113 40 pour
1933 2129 59 41 les
2009 2129 185 56 Anglais
2218 2139 42 33 et

498 2196 76 54 qui
597 2198 229 54 répondait
847 2213 86 27 aux
956 2201 197 40 souhaits
1174 2201 51 40 de
1244 2201 96 41 leur
1367 2215 134 29 cœur.
1534 2202 57 41 Ils
1620 2202 328 56 applaudirent,
1972 2213 40 32 et
2035 2204 196 42 Mendels-

500 2271 109 42 sohn
630 2280 108 33 reste
757 2286 109 41 pour
886 2287 83 27 eux
992 2274 38 40 le
1061 2274 170 41 modèle
1253 2276 72 39 des
1356 2276 113 40 chefs
1491 2275 271 44 d'orchestre.

558 2345 67 40 En
659 2347 181 52 France,
873 2350 123 51 grâce
1028 2362 85 26 aux
1150 2358 194 31 concerts
1375 2350 60 40 du
1471 2350 345 47 Conservatoire,
1846 2352 151 54 quand
2025 2352 38 41 le
2093 2353 97 41 chef
2215 2368 43 26 se

499 2427 186 47 trompe,
710 2420 99 40 c'est
835 2421 250 41 l'orchestre
1106 2422 76 54 qui
1212 2423 207 52 conduit,
1450 2437 72 27 car
1555 2425 242 42 Habeneck
1825 2427 53 40 Ta
1901 2427 109 54 stylé
2045 2432 22 35 à
2095 2427 40 41 la
2157 2441 76 40 per-

517 2493 165 53 ection;
701 2495 110 40 mais
833 2495 40 41 là
895 2509 43 26 se
959 2503 153 34 trouve
1131 2510 152 28 encore
1306 2511 62 27 un
1390 2498 151 42 écueil,

558 2568 62 41 La
655 2570 257 39 rénovation
941 2569 211 41 musicale
1183 2585 22 26 a
1238 2574 269 52 commencé,
1544 2580 43 34 et
1615 2573 88 41 cela
1738 2575 109 40 dans
1882 2582 122 34 toute
2032 2576 226 56 l'Europe,

500 2655 76 42 par
597 2643 61 40 les
680 2643 159 54 dirigés
939 2658 46 26 ce
1008 2644 76 54 qui
1112 2652 62 34 est
1209 2645 164 41 bizarre
1481 2655 40 33 et
1556 2660 90 28 non
1680 2662 77 40 par
1786 2649 59 40 les
1875 2649 259 54 dirigeants.
2168 2651 93 41 Elle

502 2716 108 40 n'est
632 2730 74 40 pas
728 2717 244 41 descendue
993 2717 97 41 d'en
1112 2718 127 54 haut,
1260 2719 74 40 des
1354 2720 279 54 professeurs,
1660 2721 73 42 des
1755 2722 116 41 chefs
1893 2723 275 55 d'orchestre,
2189 2726 72 40 des

502 2793 180 38 maîtres
705 2791 52 40 de
783 2791 209 55 chapelle.
1019 2792 95 40 Elle
1134 2793 99 40 s'est
1264 2807 56 27 au
1354 2795 214 40 contraire
1602 2796 139 40 élevée
1762 2796 95 41 d'en
1886 2797 73 40 bas
1989 2797 53 40 de
2062 2798 40 40 la
2124 2812 140 29 masse

503 2865 362 42 instrumentale.
901 2867 59 40 Ce
990 2877 99 30 sont
1123 2867 60 40 les
1215 2868 239 41 musiciens
1486 2871 279 51 eux-mêmes,
1800 2871 60 40 les
1881 2872 269 52 exécutants,
2184 2888 80 40 qui

501 2947 78 33 ont
602 2952 52 27 eu
680 2939 255 41 l'initiative
957 2940 71 40 des
1051 2941 207 41 réformes
1289 2942 270 55 profitables,
1582 2944 72 40 des
1678 2944 384 54 rajeunissements
2084 2946 176 43 désirés.

504 3013 61 40 La
588 3013 231 41 virtuosité
853 3013 236 55 technique
1108 3029 22 26 a
1155 3016 65 39 été
1256 3016 260 56 développée
1538 3027 40 30 et
1599 3017 296 41 l'instruction
1920 3019 211 41 musicale
2166 3022 97 42 s'est

501 3087 209 51 fortifiée;
746 3088 61 40 les
842 3088 378 42 instrumentistes
1253 3090 193 40 devenus
1487 3090 169 41 habiles
1689 3094 23 37 à
1753 3091 153 40 rendre
1936 3093 60 39 les
2038 3094 114 40 idées
2189 3109 74 40 par

501 3176 86 27 une
621 3162 245 55 expression
907 3163 271 54 appropriée,
1206 3172 100 33 sont
1340 3178 52 26 en
1431 3166 140 39 même
1602 3173 139 46 temps
1776 3165 197 42 devenus
2004 3168 99 53 plus
2135 3182 90 28 com-

501 3236 254 55 préhensifs,
783 3245 40 33 et
843 3236 51 40 ils
912 3246 78 31 ont
1013 3236 77 42 fait
1110 3238 200 40 ressortir
1333 3245 139 33 toutes
1494 3238 59 40 les
1574 3239 170 40 beautés
1766 3252 101 41 que,
1889 3239 173 54 jusqu'à
2084 3255 100 36 eux,
2205 3257 57 26 on

501 3310 118 40 avait
642 3312 141 51 gâtées
802 3325 57 26 ou
880 3325 128 26 mises
1030 3314 22 37 à
1071 3312 197 42 l'ombre.
1296 3312 63 40 De
1373 3326 44 26 ce
1435 3325 213 27 concours
1670 3312 51 40 de
1741 3313 252 40 virtuosités
2016 3317 243 52 nouvelles,

504 3397 60 25 un
588 3384 217 40 orchestre
828 3385 97 52 plus
941 3385 76 51 vif,
1035 3386 100 54 plus
1159 3386 261 54 intelligent,
1438 3395 62 31 est
1522 3385 127 51 sorti;
1668 3394 41 32 et
1729 3387 35 39 si
1781 3385 41 41 la
1842 3388 185 40 rétorme
2048 3392 214 53 complète

502 3457 72 43 des
596 3457 234 41 orchestres
852 3458 100 41 n'en
976 3474 20 25 a
1016 3473 75 40 pas
1112 3460 65 40 été
1212 3461 37 39 le
1272 3460 182 55 premier
1475 3459 194 52 résultat,
1694 3463 101 39 c'est
1818 3474 84 40 que
1922 3461 59 42 les
2000 3463 116 43 chefs
2146 3465 94 42 d'or-
