2570 4140
980 491 78 40 LA
1088 486 389 51 CHRONIQUE
1510 479 319 47 MUSICALE

516 505 54 42 92

518 643 242 39 seulement
781 640 109 55 qu'il
913 647 62 33 est
995 652 197 41 parvenu
1212 640 22 37 à
1254 637 101 40 faire
1381 635 206 42 entendre
1630 649 18 21 «
1674 639 107 33 cette
1802 628 162 56 grande
1996 633 40 33 et
2058 625 99 41 fière
2182 638 66 26 mu-

517 717 123 54 sique
661 716 51 40 de
741 713 179 43 Roland
958 715 25 37 à
1018 713 277 40 Roncevaux
1301 743 8 17 ,
1349 709 145 55 pleine
1526 708 216 40 d'accents
1773 702 183 55 inspirés
1991 708 40 33 et
2069 698 51 41 de
2150 710 129 42 pages

518 790 227 51 sublimes,
775 788 76 54 qui
884 785 172 41 réveilla
1086 798 53 27 en
1171 797 113 27 nous
1315 783 106 51 (ceci
1455 797 23 26 a
1501 782 63 41 été
1598 780 102 41 écrit
1727 793 54 26 en
1811 785 142 34 toutes
1980 769 183 57 lettres),
2201 768 77 55 qui

520 863 174 42 réveilla
728 875 53 26 en
819 873 113 27 nous
960 866 107 32 cette
1101 857 106 41 fibre
1230 856 284 56 patriotique,
1535 855 227 54 qu'aucun
1791 848 311 57 compositeur,
2128 843 154 56 depuis

518 935 204 56 Spontini
755 942 42 33 et
818 946 78 27 son
923 931 215 42 bouillant
1174 931 178 54 Corteç,
1389 929 163 40 n'avait
1581 927 312 42 certainement
1915 923 76 41 fait
2012 921 147 42 vibrer
2180 930 103 28 avec

517 1019 151 32 autant
691 1008 50 39 de
762 1007 132 40 force.
920 1022 18 21 »
967 1006 61 40 Le
1053 1005 146 39 succès
1232 1004 50 38 de
1302 1001 180 42 Roland
1510 1000 173 41 ouvrait
1704 1003 23 36 à
1751 999 63 40 M.
1850 997 187 40 Mermet
2061 995 60 39 les
2143 1000 140 47 portes

517 1084 35 40 si
584 1084 247 52 longtemps
856 1080 179 40 fermées
1056 1078 52 41 de
1131 1068 23 68 l
1176 1068 23 68 1
1221 1068 180 68 Académie
1428 1075 51 39 de
1503 1073 205 54 musique
1742 1082 39 30 et
1808 1068 186 43 assurait
2030 1073 24 35 à
2077 1080 78 26 son
2179 1077 105 28 nom

516 1171 86 28 une
618 1156 111 54 juste
746 1152 270 57 popularité;
1041 1149 236 42 désormais
1300 1148 58 40 les
1378 1147 116 40 voies
1511 1146 158 41 étaient
1686 1145 192 54 aplanies
1906 1153 39 30 et
1968 1143 40 40 la
2030 1138 251 43 renommée

517 1229 203 43 semblait
759 1227 151 41 tendre
946 1239 86 27 une
1071 1225 118 40 main
1228 1221 317 56 complaisante
1587 1233 55 27 au
1677 1218 136 40 favori
1853 1216 60 40 du
1957 1214 113 55 jour.
2119 1213 160 40 Hélas!

517 1307 65 40 M.
603 1306 187 41 Mermet
811 1302 104 42 était
932 1302 54 40 né
1006 1314 101 26 sous
1130 1312 87 27 une
1237 1296 224 42 mauvaise
1483 1293 125 42 étoile
1635 1301 40 32 et
1695 1291 30 41 il
1748 1290 104 41 était
1873 1290 105 41 écrit
2000 1301 84 42 que
2106 1287 95 41 rien
2225 1299 56 27 ne

506 1380 70 41 lui
601 1378 246 42 réussirait.
875 1378 138 52 Après
1036 1387 121 27 avoir
1178 1371 162 41 vaincu
1363 1372 40 39 la
1433 1366 227 44 mauvaise
1693 1365 176 41 volonté
1896 1364 75 40 des
2003 1362 216 49 hommes,
2251 1359 33 40 il

515 1454 66 41 lui
605 1452 148 42 restait
775 1463 154 28 encore
962 1454 22 35 à
1007 1448 131 41 lutter
1173 1454 149 32 contre
1350 1445 59 39 les
1447 1441 300 57 persécutions
1767 1439 52 41 de
1840 1437 40 41 la
1903 1436 184 42 fatalité!
2114 1435 172 40 Jeanne

513 1529 127 39 Darc
668 1526 105 40 était
802 1526 118 53 prête
948 1530 39 33 et
1015 1521 114 41 voici
1152 1533 86 41 que
1265 1519 40 40 la
1336 1530 153 43 guerre
1523 1517 53 40 de
1618 1515 110 56 1870
1764 1512 148 42 éclaté.
1950 1511 171 40 Jeanne
2155 1507 89 40 Dai
2262 1518 23 27 c

513 1601 120 41 allait
657 1602 87 39 être
760 1597 284 56 représentée,
1069 1607 206 28 nouveau
1296 1602 145 31 contre
1463 1599 146 45 temps
1629 1603 9 26 :
1663 1585 235 44 l'incendie
1919 1583 162 42 détruit
2102 1580 178 54 l'Opéra

514 1683 43 32 et
574 1674 145 41 réduit
745 1686 53 27 en
829 1672 177 40 cendres
1027 1669 163 51 décors,
1213 1677 215 30 costumes
1451 1673 40 32 et
1513 1662 267 42 accessoires.
1808 1658 134 42 Enfin
1966 1658 169 40 Jeanne
2156 1655 85 39 Dai
2259 1667 23 26 c

516 1756 62 32 est
595 1747 144 55 jouée;
764 1745 109 41 mais
887 1757 136 41 voyez
1047 1740 206 55 jusqu'où
1283 1747 104 47 peut
1409 1739 105 39 aller
1535 1737 43 40 la
1600 1734 275 42 malechance
1896 1732 52 41 de
1972 1731 61 40 M.
2058 1729 186 40 Mermet
2270 1759 9 8 .

518 1822 64 40 M.
609 1822 188 39 Mermet
820 1818 117 41 avait
960 1816 216 54 triomphé
1195 1815 73 40 des
1289 1814 202 40 hommes
1522 1820 41 33 et
1593 1810 59 40 du
1677 1816 103 44 sort,
1802 1806 32 41 il
1855 1809 70 38 n'a
1952 1818 60 41 pu
2041 1802 240 53 triompher

516 1895 52 40 de
588 1895 249 50 lui-même,
862 1902 39 31 et
921 1900 100 33 tous
1044 1903 64 27 ses
1130 1888 144 41 efforts
1298 1888 123 39 n'ont
1450 1884 152 42 abouti
1624 1897 60 40 qu
1703 1887 23 35 à
1750 1895 85 27 une
1855 1878 150 42 louide
2026 1877 145 51 chute,
2196 1888 88 27 une

514 1969 52 40 de
583 1982 66 27 ces
671 1968 152 39 chutes
844 1966 109 40 dont
976 1978 58 26 on
1057 1977 55 26 ne
1128 1976 42 26 se
1192 1962 140 40 relève
1352 1959 170 55 jamais.
1549 1957 73 41 On
1639 1956 63 40 dit
1722 1968 85 41 que
1830 1954 65 40 M.
1919 1952 186 40 Mermet
2124 1956 63 34 est
2219 1961 63 28 un

512 2041 296 55 compositeur
840 2039 290 40 malheureux
1166 2043 40 33 et
1241 2043 207 46 pourtant
1483 2032 31 40 il
1540 2039 62 33 est
1632 2042 195 42 parvenu
1856 2032 23 35 à
1910 2026 105 41 faiie
2034 2025 122 54 jouer
2177 2021 107 42 tiois

514 2115 160 54 grands
696 2126 209 40 ouvrages
927 2124 74 28 sur
1022 2118 126 34 notre
1172 2107 212 56 première
1407 2109 126 37 scène
1561 2104 174 54 lyrique
1754 2117 8 25 :
1785 2100 153 42 David
1943 2131 10 16 ,
1976 2098 104 41 tiois
2099 2105 112 31 actes
2232 2095 52 39 de

516 2188 183 41 Soumet
734 2196 42 31 et
818 2183 223 42 Mallefille
1063 2183 174 54 (1846),
1264 2178 179 44 Roland
1479 2180 26 38 à
1541 2178 277 40 Roncevaux
1848 2173 158 53 (1864)
2040 2179 42 32 et
2114 2171 170 38 Jeanne

512 2264 128 39 Darc
661 2261 174 56 (1876).
866 2260 60 39 Le
948 2260 141 38 même
1112 2255 148 55 public
1283 2255 78 52 qui
1388 2252 118 40 avait
1531 2249 198 42 accueilli
1752 2247 260 41 froidement
2035 2242 188 42 Gounod
2246 2248 40 33 et

518 2336 131 42 Verdi
680 2340 24 36 à
733 2335 116 40 leurs
888 2333 170 51 débuts,
1082 2330 158 41 bafoué
1265 2327 169 41 Berlioz
1455 2334 42 32 et
1519 2324 224 55 vilipendé
1763 2321 213 53 Wagner,
2015 2318 179 40 décerna
2225 2316 59 40 du

516 2410 187 55 premier
734 2422 112 40 coup
868 2410 23 37 à
913 2406 63 42 M.
1005 2404 186 40 Mermet
1213 2415 62 28 un
1300 2401 144 40 brevet
1466 2399 52 40 de
1545 2395 297 55 compositeur
1865 2393 169 40 illustre
2060 2404 111 40 pour
2194 2402 87 27 une

515 2483 165 41 fanfare
713 2490 42 31 et
788 2494 64 26 un
874 2479 152 41 chœur
1062 2476 255 55 d'orphéon.
1441 2472 129 41 Alors
1594 2483 85 41 que
1701 2479 93 30 tant
1818 2467 51 40 de
1897 2463 240 43 musiciens
2171 2463 108 40 dun

515 2557 93 40 vrai
629 2557 136 40 talent
786 2568 41 26 se
861 2551 282 43 morfondent
1169 2553 24 37 à
1214 2550 40 40 la
1277 2556 118 47 porte
1414 2546 52 41 de
1484 2546 195 53 l'Opéra,
1705 2542 66 41 M.
1799 2540 188 40 Mermet
2018 2537 142 42 obtint
2183 2537 12 40 1
2214 2535 48 42 in-

517 2631 123 50 signe
679 2629 205 40 honneur
912 2627 286 52 d'inaugurer
1239 2622 37 40 le
1310 2620 137 57 palais
1489 2617 218 43 construit
1748 2629 75 40 par
1861 2612 179 43 Charles
2080 2610 201 42 Garnier.

515 2706 171 40 Jeanne
707 2704 127 39 Darc
864 2701 67 41 fut
959 2698 208 43 attendue
1195 2709 102 28 avec
1320 2709 90 27 non
1453 2693 147 41 moins
1634 2689 309 56 d'impatience
1977 2698 85 42 que
2095 2684 57 40 les
2184 2683 70 41 Hu-

513 2783 193 49 guenots
739 2789 59 27 ou
835 2773 285 56 l'Africaine,
1153 2771 169 40 Jeanne
1352 2770 129 40 Darc
1516 2770 66 37 tut
1613 2764 175 42 montée
1824 2774 104 29 avec
1967 2773 45 26 ce
2046 2759 101 40 luxe
2176 2757 90 40 d'in-

518 2851 285 55 terprétation
826 2860 39 30 et
884 2862 67 28 ces
968 2847 206 41 richesses
1197 2844 52 40 de
1273 2843 106 41 mise
1401 2855 53 27 en
1477 2844 124 37 scène
1623 2838 139 55 qu'on
1785 2836 108 40 tient
1915 2848 54 26 en
1992 2833 99 39 réseï
2108 2844 46 26 ve
2171 2843 111 41 pour

510 2926 67 40 les
612 2924 115 41 seuls
753 2922 353 42 chefs-d'œuvre.
1152 2919 64 40 M.
1256 2918 189 40 Mermet
1477 2923 64 33 est
1582 2926 62 28 un
1677 2912 196 40 heureux
1909 2905 140 56 parmi
2086 2905 57 40 les
2183 2918 98 40 pius

515 2999 213 51 heureux,
759 3004 41 34 et
833 2996 37 54 je
908 3008 54 28 ne
991 2992 182 43 connais
1195 2992 141 54 qu'un
1357 2991 97 54 jour
1486 2987 162 42 néfaste
1674 2985 107 40 dans
1813 2996 45 26 sa
1895 2981 161 51 longue
2084 2977 197 52 cairièie,

517 3072 102 41 c'est
641 3071 114 41 celui
781 3074 59 37 où
865 3083 61 27 un
945 3069 88 40 ami
1059 3076 97 46 trop
1178 3067 89 40 zélé
1300 3074 74 32 eut
1397 3064 40 41 la
1471 3062 377 42 malencontreuse
1870 3055 93 40 idée
1984 3053 52 40 de
2058 3064 152 28 sauver
2229 3050 52 40 de

517 3145 236 42 l'incendie
795 3159 45 26 sa
879 3144 193 40 dernière
1110 3140 226 56 partition.

579 3219 260 43 N'attendez
863 3232 75 40 pas
965 3217 51 40 de
1039 3217 88 40 moi
1165 3230 62 26 un
1263 3211 244 44 discussion
1536 3205 289 58 approfondie
1858 3203 53 40 de
1940 3203 170 40 Jeanne
2138 3201 144 39 Darc.

523 3296 244 43 L'ouvrage
786 3293 52 40 de
855 3292 62 40 M.
945 3291 188 40 Mermet
1150 3297 61 32 est
1228 3288 50 40 de
1307 3300 105 27 ceux
1436 3283 75 56 qui
1541 3281 244 53 échappent
1806 3276 337 54 complètement
2164 3277 24 37 à
2207 3273 14 40 1
2239 3286 22 27 a-

521 3370 147 53 nalyse
687 3376 39 33 et
745 3368 134 54 qu'on
899 3367 171 39 résume
1096 3365 107 39 d'un
1230 3362 94 40 seul
1352 3367 93 33 mot
1470 3370 9 29 :
1509 3368 114 29 RIEN.
1635 3377 53 7 —
1714 3352 35 40 Il
1777 3365 72 40 ny
1872 3364 23 27 a
1922 3364 74 40 pas
2018 3363 62 26 un
2100 3362 80 39 air,
2201 3361 75 41 pas

520 3456 58 27 un
604 3455 201 28 morceau
837 3438 280 52 d'ensemble,
1155 3450 75 41 pas
1260 3436 142 39 même
1427 3443 85 29 une
1541 3429 154 54 phrase
1722 3439 59 28 ou
1804 3438 88 28 une
1924 3423 158 55 simple
2117 3422 139 41 ritour-

522 3516 109 41 nelle
653 3519 23 37 à
699 3514 200 53 signaler.
