2570 4140
909 442 206 44 REVUE
1151 441 112 42 DES
1301 441 329 43 CONCERTS

2092 446 54 41 85

437 588 57 37 Le
514 590 176 49 premier
710 590 59 37 air
791 590 47 37 de
861 590 36 37 la
922 588 135 39 Haine
1080 602 94 26 avec
1197 590 165 37 chœurs
1387 608 17 15 «
1426 592 159 36 Amour
1605 592 81 37 sois
1701 604 106 38 pour
1819 593 170 49 jamais,
2012 609 14 20 »
2052 595 100 37 n'est

375 664 117 30 autre
515 670 80 37 que
618 660 86 35 l'air
723 659 48 35 de
794 658 116 37 Circé
934 658 99 37 dans
1057 658 237 38 Telemacco
1303 689 7 17 ,
1335 668 39 29 et
1395 660 35 37 le
1450 661 150 37 second
1640 674 14 21 «
1680 660 92 38 Suis
1794 661 172 37 Vamour
1981 661 171 51 puisque

377 729 40 30 tu
442 724 39 37 le
503 738 107 24 veux
633 740 33 33 »,
705 725 88 37 l'air
828 725 146 37 chanté
1006 738 72 37 par
1115 726 129 37 Pallas
1278 734 40 30 et
1352 739 41 25 sa
1421 727 104 38 suite
1548 728 99 36 dans
1665 727 155 38 Paride
1840 727 49 38 ed
1905 727 153 41 Elena.
2084 729 64 37 On

377 804 216 38 remarque
628 806 49 24 en
711 801 132 33 outre,
875 794 101 37 dans
998 794 37 36 la
1057 793 242 40 conclusion
1338 809 13 22 «
1393 796 34 38 O
1448 797 90 47 ciel,
1560 797 129 50 quelle
1710 795 176 39 horrible
1908 808 164 25 menace
2090 796 16 36 !
2131 810 15 21 »

377 870 82 26 une
483 868 106 28 sorte
611 860 49 37 de
682 861 174 37 trémolo
879 860 274 40 intermittent
1173 863 69 37 des
1264 863 171 38 seconds
1456 863 174 49 violons,
1656 876 95 25 sous
1773 863 136 50 lequel
1931 863 56 37 les
2010 863 134 37 basses

377 927 216 37 déroulent
627 941 81 25 une
743 929 151 51 longue
929 930 146 49 phrase
1110 931 302 50 chromatique.
1454 933 56 37 Ce
1547 945 165 38 passage
1734 934 113 36 étant
1866 945 68 24 sur
1955 932 35 38 le
2012 932 49 37 ré
2079 932 70 37 bas

379 994 68 36 des
469 996 171 37 seconds
659 995 181 51 violons,'
860 1000 243 49 Meyerbeer
1131 1008 68 30 eut
1218 1001 118 38 l'idée
1358 1002 48 37 de
1428 1002 36 37 le
1485 1001 99 38 faire
1607 1002 116 51 jouer
1745 1015 69 24 sur
1835 1003 108 36 deux
1963 1000 142 39 cordes
2127 998 23 38 à

378 1062 199 39 l'unisson
616 1065 47 49 (le
683 1067 47 36 ré
750 1064 22 39 à
793 1066 91 39 vide
907 1075 38 30 et
967 1067 35 38 le
1026 1068 48 38 ré
1092 1082 69 25 sur
1182 1069 37 37 la
1240 1069 231 50 quatrième
1494 1070 152 47 corde).
1684 1070 31 36 Il
1750 1082 50 25 en
1834 1070 149 37 résulte
2014 1081 80 38 que
2115 1068 37 37 le

382 1133 173 36 nombre
579 1133 69 38 des
668 1135 170 37 seconds
858 1136 160 38 violons
1040 1137 153 37 semble
1215 1138 249 37 subitement
1485 1138 166 47 doublé,
1670 1145 53 40 et,
1743 1150 50 25 en
1813 1146 133 39 outre,
1969 1136 183 51 remploi

377 1199 219 40 simultané
633 1202 49 38 de
717 1216 65 25 ces
816 1204 108 37 deux
960 1206 142 36 cordes
1136 1206 169 49 produit
1325 1218 81 26 une
1430 1207 254 36 résonnance
1707 1206 260 49 particulière
1985 1206 55 36 du
2061 1204 92 50 plus

375 1267 183 38 heureux
582 1269 108 41 effet.
733 1271 171 48 Berlioz,
929 1271 70 50 qui
1022 1282 189 39 rapporte
1234 1281 102 29 cette
1365 1272 298 47 modification,
1693 1274 235 49 l'approuve
1947 1274 48 36 de
2018 1281 136 29 toutes

376 1346 61 26 ses
460 1336 141 39 forces.
626 1338 32 37 Il
681 1347 58 29 est
762 1340 101 50 juste
882 1337 202 52 d'ajouter
1104 1340 101 50 qu'il
1225 1340 133 39 revint
1379 1342 101 37 dans
1503 1340 37 38 la
1562 1342 103 37 suite
1688 1354 69 24 sur
1778 1349 103 31 cette
1900 1340 180 39 manière
2103 1340 49 38 de

375 1404 105 49 voir,
505 1413 39 30 et
563 1405 101 50 qu'il
687 1406 136 38 blâma
843 1406 364 50 vigoureusement
1225 1423 15 21 «
1259 1422 65 25 ces
1347 1408 304 52 inqualifiables
1673 1418 189 42 outrages
1881 1422 52 25 au
1952 1409 118 50 génie
2086 1409 69 37 des

378 1472 182 38 maîtres.
592 1488 15 20 »

429 1540 265 38 L'exécution
711 1542 214 39 d'Armide
946 1556 22 24 a
991 1543 61 38 été
1073 1544 123 38 d'une
1213 1545 153 49 grande
1389 1543 196 40 faiblesse.
1612 1546 190 37 Madame
1818 1545 335 39 Fursch-Madier

375 1616 40 29 et
438 1610 58 36 M.
526 1610 151 50 Bouhy
700 1619 92 29 sont
810 1611 68 38 des
900 1611 159 39 artistes
1081 1613 48 38 de
1152 1614 140 47 talent,
1315 1614 226 37 mesdames
1564 1613 333 47 Nivet-Grenier,
1933 1614 160 37 Soubre
2113 1622 40 29 et

379 1677 57 37 M.
459 1677 148 39 Clodio
628 1691 52 25 ne
702 1688 229 40 manquent
951 1693 70 36 pas
1043 1681 49 38 de
1114 1683 138 36 bonne
1274 1681 180 49 volonté,
1488 1682 102 37 mais
1608 1694 137 25 aucun
1769 1681 120 38 d'eux
1910 1693 50 26 ne
1981 1681 172 49 possède

376 1745 36 37 le
446 1746 100 50 style
580 1746 217 50 grandiose
828 1756 39 29 et
901 1748 170 39 l'accent
1102 1750 241 49 pathétique
1378 1750 71 50 qui
1484 1749 280 40 conviennent
1790 1750 22 37 à
1833 1749 37 38 la
1893 1749 187 50 musique
2103 1749 48 38 de

374 1811 156 43 Gluck.

426 1883 78 36 Les
537 1883 166 38 chœurs
737 1897 39 25 se
811 1893 93 30 sont
939 1887 180 37 montrés
1150 1900 120 25 mous
1292 1895 40 30 et
1354 1886 263 40 insuffisants.
1654 1889 117 36 Nous
1793 1888 93 38 n'en
1909 1899 148 27 savons
2079 1898 69 39 pas

372 1949 136 38 moins
532 1951 36 38 le
589 1952 92 49 plus
703 1954 129 48 grand
852 1955 70 46 gré
942 1952 22 39 à
986 1956 61 36 M.
1077 1956 230 49 Pasdeloup
1330 1956 48 37 de
1398 1969 105 25 nous
1521 1956 114 38 avoir
1655 1955 166 39 restitué
1845 1956 68 38 des
1928 1956 223 50 fragments

372 2020 108 36 aussi
515 2018 245 51 importants
793 2021 98 36 d'un
930 2021 299 39 chef-d'œuvre
1259 2024 127 48 qu'on
1421 2024 149 38 n'avait
1601 2037 70 36 pas
1703 2025 182 37 entendu
1919 2037 51 25 en
1995 2025 155 36 France

372 2086 143 49 depuis
553 2087 118 50 1837.
703 2088 171 38 Armide
909 2088 175 39 n'aurait
1115 2088 142 50 jamais
1291 2091 54 36 dû
1376 2091 154 49 quitter
1560 2092 35 37 le
1620 2092 219 50 répertoire
1875 2092 48 37 de
1964 2091 177 49 l'Opéra.

372 2154 108 37 C'est
513 2154 206 50 l'ouvrage
754 2156 36 37 le
824 2156 91 49 plus
956 2157 235 50 mélodique
1223 2166 38 30 et
1292 2159 37 37 le
1362 2159 91 49 plus
1486 2159 109 38 varié
1630 2160 50 37 de
1708 2167 93 30 tons
1830 2167 40 30 et
1904 2158 245 39 d'incidents

370 2221 129 50 qu'ait
533 2222 99 38 écrit
668 2224 148 48 Gluck,
857 2224 95 38 c'est
981 2225 108 37 aussi
1118 2225 106 39 celui
1251 2226 88 49 qui,
1369 2238 72 37 par
1465 2227 35 38 !a
1522 2235 145 30 nature
1689 2227 54 38 du
1766 2227 105 52 sujet
1889 2235 40 30 et
1949 2227 36 37 le
2011 2239 114 26 carac-

370 2290 85 35 tère
496 2289 48 37 de
585 2289 38 37 la
663 2289 205 51 musique,
913 2291 154 39 semble
1111 2304 40 26 se
1194 2293 250 49 rapprocher
1478 2294 37 37 le
1546 2294 90 50 plus
1676 2294 69 38 des
1785 2293 120 51 goûts
1945 2294 50 37 de
2029 2301 119 31 notre

368 2363 148 43 temps.

421 2425 77 37 Les
522 2425 118 51 longs
668 2427 363 51 développements
1059 2441 80 37 que
1169 2429 64 52 j'ai
1254 2430 54 37 dû
1332 2430 162 37 donner
1515 2443 50 24 au
1585 2439 161 41 compte
1771 2431 127 37 rendu
1921 2431 25 37 d
1949 2431 196 48 'Armide,

367 2491 36 37 le
433 2492 195 38 véritable
657 2495 244 38 événement
932 2498 48 36 de
1012 2505 103 30 cette
1141 2497 237 49 quinzaine,
1409 2511 51 24 ne
1489 2511 64 24 me
1580 2505 248 42 permettent
1856 2511 70 37 pas
1948 2499 48 38 de
2015 2499 135 49 parler

367 2572 97 26 avec
493 2561 142 38 détails
662 2563 48 37 de
743 2565 37 36 la
809 2566 254 50 Symphonie
1091 2578 96 25 avec
1214 2566 158 37 chœurs
1395 2566 71 49 qui
1494 2579 22 24 a
1538 2566 62 37 été
1619 2568 193 36 exécutée
1835 2566 101 37 dans
1957 2567 36 36 la
2013 2567 135 38 même

367 2629 157 37 séance.
559 2631 349 50 J'entreprendrai
937 2641 105 29 cette
1068 2633 119 37 étude
1218 2634 36 36 la
1275 2634 202 48 première
1499 2634 75 37 fois
1596 2646 79 37 que
1706 2636 56 36 M.
1792 2635 226 50 Pasdeloup
2038 2648 109 25 nous

365 2696 85 36 fera
480 2699 196 37 entendre
713 2712 44 24 ce
786 2708 109 30 vaste
930 2704 147 45 poème
1111 2700 184 49 musical,
1338 2701 210 50 splendide
1588 2702 224 49 apothéose
1853 2703 55 36 du
1943 2704 120 47 génie
2094 2704 50 37 de

368 2763 252 50 Beethoven,
660 2765 70 50 qui
759 2767 152 38 semble
946 2767 143 39 devoir
1123 2777 126 29 rester
1281 2768 37 38 le
1349 2769 162 39 dernier
1538 2779 88 28 mot
1655 2770 50 38 de
1738 2770 37 38 la
1811 2770 190 50 musique
2033 2783 83 37 sym-

363 2831 236 53 phonique.

1726 2907 57 39 H.
1807 2909 216 38 Marcello.

411 3148 178 38 SALLE
616 3149 230 37 HERZ.—
874 3149 204 38 Première
1094 3147 188 39 audition
1305 3149 49 37 de
1381 3149 39 37 la
1432 3149 214 41 Sulamite.
1659 3173 47 6 —
1726 3152 53 37 Le
1793 3153 163 36 dernier
1971 3161 171 30 concert

362 3215 54 37 du
439 3214 187 40 Châtelet
645 3217 167 49 n'ayant
834 3215 122 39 offert
971 3229 106 37 pour
1099 3224 136 30 toutes
1258 3217 255 37 nouveautés
1529 3230 79 36 que
1632 3218 107 37 deux
1762 3227 139 28 courts
1919 3231 222 26 morceaux

365 3283 339 51 symphoniques,
729 3285 36 37 le
795 3285 109 37 désir
926 3285 147 37 daller,
1089 3285 198 37 entendre
1317 3284 58 37 les
1404 3285 224 49 fragments
1647 3287 39 35 à!
1688 3287 170 36 Armide
1880 3288 72 47 qui
1985 3296 73 29 ont
2079 3288 63 37 été

363 3349 169 39 chantés
555 3365 52 23 au
629 3352 347 49 Cirque-dHiver
995 3354 106 37 Font
1129 3353 186 49 emporté
1340 3365 50 24 en
1412 3352 83 37 moi
1519 3366 70 24 sur
1611 3353 106 37 celui
1739 3354 204 38 d'assister
1965 3367 52 26 au
2039 3368 75 26 con-

363 3426 85 29 cert
475 3419 48 37 de
557 3419 290 39 l'Association
870 3421 231 50 artistique.
1127 3422 45 37 Je
1198 3433 51 25 ne
1268 3419 92 52 puis
1383 3422 106 36 donc
1513 3422 88 36 rien
1620 3421 86 38 dire
1729 3422 49 38 de
1801 3435 64 26 ces
1884 3423 108 38 deux
2022 3437 88 25 mor-

363 3500 140 25 ceaux.
537 3489 52 36 Et
622 3489 35 38 le
694 3499 160 41 compte
880 3491 132 38 rendu
1035 3491 69 38 des
1137 3491 199 37 Concerts
1358 3490 234 51 populaires
1613 3500 271 41 appartenant
1912 3493 49 39 de
1983 3492 110 40 droit
2112 3497 21 33 à
