2570 4140
978 412 76 44 LA
1085 415 389 56 CHRONIQUE
1505 423 322 44 MUSICALE

495 417 59 42 94

496 553 150 42 avenir
666 558 83 40 très
773 560 226 54 prochain,
1038 577 87 29 une
1157 565 52 42 de
1246 582 66 27 ces
1341 569 234 44 solennités
1612 573 230 43 musicales
1865 576 78 54 qui
1967 576 93 43 font
2082 579 171 56 époque

496 627 107 43 dans
624 630 209 44 l'histoire
856 635 51 42 de
932 635 114 47 lart.

1646 741 52 43 O.
1720 743 62 40 Le
1812 744 194 44 Trioux.

548 986 306 56 THÉÂTRE
877 1001 111 43 DES
1012 994 321 56 VARIÉTÉS.
1367 1032 52 8 —
1445 1011 126 42 Deux
1592 1016 177 41 maîtres
1791 1017 60 41 du
1873 1018 164 42 théâtre
2059 1032 174 31 contem-

492 1073 158 53 porain
669 1074 76 53 qui
763 1083 79 34 ont
865 1079 114 39 semé
996 1077 115 43 leurs
1137 1080 162 42 saillies
1321 1082 108 42 dans
1451 1085 128 55 vingt
1597 1087 139 54 pièces
1754 1091 100 54 plus
1876 1103 265 44 amusantes,
2159 1096 100 55 plus

492 1146 278 54 spirituelles,
795 1150 98 54 plus
924 1153 171 53 vécues,
1120 1154 59 40 les
1213 1169 108 27 unes
1353 1171 87 40 que
1459 1157 60 42 les
1553 1171 158 43 autres,
1742 1163 196 43 s'étaient
1966 1167 147 41 réunis
2148 1182 112 41 pour

492 1218 132 42 écrire
647 1234 87 27 une
757 1220 138 54 féerie,
922 1234 40 31 et
984 1225 38 39 le
1037 1226 151 53 public
1203 1226 248 44 s'attendait
1471 1234 23 37 à
1517 1245 87 27 une
1625 1233 208 42 véritable
1856 1235 117 53 joute
1993 1238 192 56 d'esprit.

551 1293 63 40 La
636 1294 115 53 pièce
772 1295 51 41 de
842 1296 121 44 MM.
989 1298 192 43 Labiche
1196 1309 41 33 et
1254 1301 215 44 Delacour
1489 1305 123 50 n'est,
1632 1305 139 43 hélas!
1790 1308 141 54 qu'un
1953 1311 308 44 chef-d'œuvre

491 1367 52 41 de
560 1367 171 41 nullité.

548 1441 264 55 Singulières
851 1455 232 33 aventures
1117 1462 86 41 que
1237 1449 125 42 celles
1396 1451 74 42 des
1508 1464 178 31 auteurs
1724 1458 214 51 patentés,
1972 1466 41 33 et
2053 1461 205 41 combien

494 1524 97 31 sont
614 1516 197 53 étranges
834 1517 60 42 les
924 1519 266 43 aberrations
1219 1523 73 40 des
1315 1523 198 43 hommes
1539 1528 60 40 les
1623 1528 99 54 plus
1745 1537 167 47 experts
1934 1530 109 42 dans
2063 1532 95 41 leur
2178 1541 80 37 art.

551 1589 111 41 Hier
684 1591 141 42 c'était
855 1592 69 43 M.
954 1594 227 43 Gondinet
1204 1611 99 28 avec
1327 1599 40 40 le
1389 1601 135 41 Dada
1530 1635 10 16 ,
1565 1611 134 32 avant
1728 1603 65 41 lui
1818 1604 62 43 M.
1908 1592 143 54 Émile
2073 1608 186 54 Augier,

501 1675 55 27 au
584 1662 322 58 Palais-Royal.
941 1669 103 39 Aux
1077 1669 491 59 Folies-Dramatiques,
1603 1676 122 41 MM.
1763 1677 130 42 Duru
1922 1687 42 32 et
1994 1679 184 56 Chivot;
2202 1697 57 27 au

500 1735 237 56 Gymnase,
763 1738 63 44 M.
856 1740 162 56 Davyl;
1043 1756 86 28 aux
1149 1744 223 57 Français,
1400 1747 169 43 Dumas
1588 1749 83 53 fils,
1696 1759 100 42 etc.,
1818 1762 78 32 etc.

548 1809 124 42 Voici
701 1811 39 42 le
762 1811 112 56 sujet
896 1814 52 41 de
966 1816 42 40 la
1030 1816 127 42 féerie
1179 1818 73 42 des
1272 1820 206 43 Variétés.

550 1882 62 42 Le
637 1884 374 59 Roi-des-Songes
1033 1903 24 27 a
1088 1904 101 45 reçu
1211 1906 62 27 un
1296 1893 172 42 soufflet
1493 1895 60 41 du
1588 1897 138 52 gentil
1750 1907 40 33 et
1825 1907 156 47 coquet
2008 1901 224 42 Rêve-d'A-

498 1970 146 29 mour.
673 1958 37 41 Il
744 1962 212 40 assemble
979 1977 80 27 son
1094 1965 195 42 tribunal
1322 1968 78 53 qui
1426 1968 108 41 exile
1566 1969 39 40 le
1640 1973 214 54 coupable
1875 1988 74 27 sur
1969 1974 42 41 la
2044 1982 125 34 terre.
2198 1978 61 40 La

491 2031 126 54 peine
640 2032 51 40 de
716 2032 178 43 Rêve-d
913 2037 174 42 Amour
1110 2053 54 26 ne
1186 2054 93 27 sera
1300 2041 116 41 levée
1435 2056 84 40 que
1541 2044 62 40 s'il
1635 2046 139 40 arrive
1799 2051 22 37 à
1858 2062 43 26 se
1935 2048 105 41 faire
2077 2051 184 53 épouser

490 2103 60 42 du
572 2105 153 54 prince
748 2115 195 35 terrestre
966 2110 218 44 Alzéador
1217 2123 42 31 et
1282 2119 22 36 à
1327 2129 42 27 se
1390 2116 103 41 faire
1513 2117 140 54 giffler
1673 2133 77 41 par
1764 2120 84 42 lui.

548 2176 367 47 Rêve-d'Amour
936 2183 186 43 descend
1140 2201 78 27 sur
1240 2188 42 41 la
1305 2196 107 34 terre
1432 2201 41 30 et
1506 2205 42 26 se
1569 2202 157 32 trouve
1746 2208 53 26 en
1828 2196 204 54 présence
2065 2197 172 42 d'Alzéa-

490 2252 91 50 dor,
612 2253 144 54 lequel
789 2269 52 28 ne
869 2267 106 44 peut
1008 2260 97 54 plus
1139 2261 170 42 dormir
1344 2278 127 40 parce
1501 2265 139 55 qu'un
1674 2267 115 54 jour,
1828 2283 44 27 se
1906 2278 210 34 trouvant
2154 2272 86 40 éloi-

490 2328 85 50 gné
598 2326 52 42 de
665 2342 81 26 son
761 2330 138 53 palais
917 2340 41 32 et
983 2333 180 55 n'ayant
1186 2335 93 42 rien
1303 2342 23 35 à
1343 2347 156 33 mettre
1520 2353 101 27 sous
1641 2341 40 41 la
1697 2342 118 52 dent,
1835 2343 30 40 il
1887 2357 24 27 a
1931 2345 92 51 tué,
2047 2345 73 41 fait
2136 2345 123 42 cuire

492 2406 41 35 et
548 2402 158 52 mangé
730 2415 61 28 un
814 2403 150 43 oiseau
986 2405 52 41 de
1063 2408 99 40 nuit
1186 2409 229 44 enchanté.

546 2474 64 41 Or
640 2483 65 33 cet
736 2475 165 56 oiseau,
927 2483 124 51 après
1073 2481 122 41 avoir
1217 2483 74 40 élu
1329 2498 75 41 par
1444 2484 113 44 force
1577 2486 202 44 domicile
1801 2491 107 40 dans
1941 2491 223 42 l'estomac
2200 2493 60 42 du

680 2563 16 26 s
715 2561 61 30 est
798 2551 193 55 imaginé
1010 2554 49 40 de
1080 2555 183 42 chanter
1281 2560 24 37 à
1325 2566 98 33 tout
1444 2573 173 42 propos.
1644 2562 72 41 On
1733 2577 23 26 a
1772 2565 199 41 consulté
1992 2566 73 42 des
2084 2578 176 32 savants

490 2622 217 53 docteurs,
732 2625 71 40 des
828 2627 263 53 professeurs
1122 2629 206 56 illustres,
1355 2633 50 40 ils
1427 2643 79 31 ont
1535 2635 168 42 déclaré
1738 2651 85 41 que
1856 2653 111 40 pour
2000 2641 168 55 apaiser
2196 2642 59 41 les

489 2696 204 44 instincts
722 2698 52 42 de
795 2709 66 31 cet
891 2700 149 42 oiseau
1063 2704 78 53 qui
1165 2712 63 33 est
1258 2719 62 27 un
1355 2708 129 53 mâle,
1509 2709 31 40 il
1575 2709 135 43 fallait
1734 2712 65 41 lui
1832 2714 168 40 donner
2028 2729 87 27 une
2136 2730 92 27 com-

487 2784 153 40 pagne.
669 2772 35 40 L
723 2772 282 44 ordonnance
1021 2791 23 25 a
1065 2778 66 40 été
1150 2780 220 42 exécutée,
1397 2781 115 42 Mais
1534 2796 46 28 ce
1605 2784 112 41 n'est
1749 2786 98 54 plus
1871 2801 62 26 un
1963 2788 98 40 solo
2068 2820 9 19 ,
2105 2789 153 54 depuis

488 2858 45 27 ce
552 2845 98 54 jour
672 2847 56 53 là,
753 2862 21 26 c
792 2859 60 29 est
875 2863 62 26 un
959 2850 88 41 duo
1073 2851 26 41 d
1117 2866 244 29 amoureux
1383 2859 223 52 perpétuel
1629 2867 102 37 et...
1760 2874 170 28 comme
1953 2864 38 38 le
2013 2864 245 55 printemps

490 2934 17 25 s
524 2934 180 39 avance,
730 2921 30 41 il
782 2931 62 32 est
866 2926 23 37 à
920 2924 200 42 craindre
1141 2941 85 40 que
1247 2928 38 41 le
1312 2944 163 40 pauvre
1497 2933 227 53 Alzéador,
1751 2936 200 41 converti
1983 2951 54 26 en
2059 2951 115 41 cage,
2202 2954 54 26 ne

487 2997 216 38 renferme
727 2996 167 42 bientôt
925 2998 106 41 dans
1054 3013 78 28 son
1156 3013 189 32 estomac
1379 3019 87 27 une
1500 3006 154 41 nichée
1687 3010 214 53 complète
1929 3010 218 42 d'oiseaux
2181 3027 52 27 en-

485 3067 235 42 chanteurs
741 3078 41 33 et
803 3069 249 45 chanteurs.
1079 3074 59 41 Ce
1160 3090 96 26 sera
1277 3092 60 26 un
1361 3078 319 55 inimaginable
1699 3092 194 32 concert.

543 3143 59 41 Ce
626 3144 289 42 malheureux
948 3147 151 54 prince
1134 3150 212 43 Alzéador
1368 3167 54 26 ne
1452 3164 105 44 peut
1579 3156 98 53 plus
1699 3157 178 42 dormir.
1915 3159 80 40 Les
2030 3160 152 41 chants
2204 3162 51 41 de

489 3231 62 26 ses
573 3217 225 42 locataires
831 3220 177 42 intimes
1038 3223 38 40 le
1112 3224 204 42 tiennent
1351 3239 321 32 constamment
1705 3231 162 42 éveillé.
1907 3232 73 41 On
2015 3248 24 26 a
2073 3235 183 43 cherché

485 3300 99 31 tous
606 3292 58 40 les
683 3306 184 41 moyens
888 3294 52 41 de
963 3296 58 41 les
1054 3298 152 41 rendre
1240 3311 160 42 muets,
1427 3316 73 40 pas
1524 3318 62 25 un
1616 3304 68 40 n'a
1707 3306 152 42 réussi.
1886 3306 59 42 Ce
1967 3309 78 54 qui
2083 3318 62 33 est
2174 3325 54 28 en-

486 3376 96 28 core
604 3366 100 53 plus
728 3368 192 52 terrible,
945 3370 102 40 c'est
1069 3372 294 54 qu'Alzéador
1395 3375 94 41 doit
1510 3379 181 52 épouser
1715 3379 42 41 la
1788 3380 132 42 haute
1950 3391 41 33 et
2028 3384 226 55 puissante

485 3435 89 42 fille
607 3439 59 39 du
701 3440 62 40 roi
809 3441 240 59 Flic-Flac,
1092 3445 266 45 Romboïde.
1392 3448 120 42 Cette
1545 3452 206 55 péripétie
1789 3456 198 53 pourrait
2022 3460 232 54 empêcher
