2570 4140
833 496 266 56 L'ÉCOLE
1132 502 81 42 DE
1249 493 433 47 L'ORCHESTRE

2084 488 50 42 81

371 667 125 55 tique
526 663 227 52 musicale,
778 673 55 28 on
858 667 105 47 peut
995 653 119 43 aussi
1146 649 183 44 devenir
1350 662 64 28 un
1442 647 51 42 de
1522 658 67 28 ces
1611 642 186 42 cuistres
1820 640 52 41 de
1894 642 41 39 la
1954 639 189 55 critique

374 741 212 43 musicale
607 739 138 55 qu'on
766 733 92 42 voit
878 727 277 59 quelquefois
1178 739 50 27 en
1258 723 165 42 France
1446 732 40 30 et
1504 720 34 41 si
1569 724 188 36 souvent
1785 728 52 28 en
1861 713 281 53 Allemagne;

374 817 111 43 mais
507 830 58 28 on
582 825 61 31 est
673 807 229 57 incapable
924 803 216 44 d'infuser
1161 802 128 40 l'âme
1312 807 41 33 et
1377 797 39 42 la
1438 797 71 40 vie
1527 798 23 38 à
1574 807 89 29 une
1689 788 296 57 composition
2009 786 112 41 musi-

374 893 108 41 cale.
507 889 74 42 On
611 894 64 33 est
701 897 64 29 un
797 879 219 45 musicien
1039 875 101 42 chef
1156 874 279 52 d'orchestre,
1458 880 42 33 et
1522 882 101 29 avec
1646 866 61 42 les
1730 864 224 42 meilleuis
1985 861 142 41 instru-

378 964 242 51 mentistes,
642 973 57 28 on
724 957 188 42 n'arrive
934 953 104 56 qu'à
1060 952 72 40 des
1153 948 258 44 exécutions
1429 944 288 57 déplorables.

435 1040 128 41 Nous
598 1038 195 39 bornons
826 1030 56 42 ici
910 1043 67 27 ces
1009 1024 321 44 observations.
1355 1023 125 42 Cette
1513 1019 194 42 dernière
1730 1029 108 43 page
1860 1028 53 28 en
1933 1013 141 41 forme
2111 1009 39 42 la

380 1113 164 43 morale
567 1110 101 42 bien
690 1101 194 56 trouvée,
908 1117 113 28 nous
1044 1113 205 44 pouvons
1272 1096 243 47 l'affirmer,
1537 1107 71 27 car
1628 1093 79 40 elle
1725 1091 109 41 n'est
1847 1103 75 42 pas
1943 1087 52 41 de
2018 1099 134 41 nous,

380 1187 111 41 mais
511 1185 52 41 de
585 1184 198 53 Wagner
806 1178 256 50 lui-même,
1085 1181 41 35 et
1145 1187 113 27 nous
1280 1170 185 42 n'avons
1486 1169 132 53 guère
1637 1179 55 27 eu
1712 1165 102 53 qu'à
1834 1164 41 39 la
1899 1160 257 56 reproduire

380 1277 99 28 sans
503 1261 40 41 la
573 1258 219 43 modifier.
819 1255 36 42 Il
879 1267 113 27 nous
1025 1249 165 43 semble
1213 1260 85 42 que
1321 1259 109 28 ceux
1461 1242 80 56 qui
1562 1240 178 43 veulent
1763 1236 246 43 s'instruire
2034 1244 99 33 trou-

385 1344 155 34 veront
560 1334 40 42 là
620 1347 86 29 une
731 1328 232 60 profitable
985 1326 139 59 leçon.

1329 1462 333 48 MAURICE
1698 1458 318 47 CRISTAL.
