2730 4066
1275 3716 128 124 223

259 3754 68 36 LA
357 3743 123 49 CITÉ

2160 3755 102 36 MAI
2297 3756 91 36 1920

318 347 27 39 à
365 360 87 24 une
472 341 161 41 hausse
655 338 213 43 nouvelle
889 349 44 29 et
953 336 248 52 prochaine
1225 336 61 41 du
1307 338 100 48 prix
1427 335 80 41 des
1529 337 187 40 terrains
1739 338 304 39 environnant
2063 335 64 42 les
2149 337 197 50 grandes

318 415 140 46 villes,
496 414 50 41 ils
579 430 56 24 en
670 411 263 41 achetèrent
966 410 80 40 des
1079 409 233 51 parcelles,
1350 426 92 24 non
1495 408 99 51 plus
1630 409 114 41 dans
1780 410 39 40 le
1854 410 81 41 but
1987 410 77 50 d'y
2097 414 248 38 construire

320 488 177 53 quelqu'
507 486 175 47 édifice,
724 502 163 23 encore
926 487 149 38 moins
1111 483 57 41 de
1206 483 62 41 les
1305 482 167 42 utiliser
1509 499 116 35 pour
1663 482 94 42 leur
1794 487 236 47 agrément
2068 501 58 23 ou
2164 499 183 26 comme

315 563 167 49 champ
510 561 57 40 de
592 559 183 46 culture,
804 561 113 38 mais
940 574 112 24 avec
1078 556 41 42 la
1145 556 122 42 seule
1292 560 221 38 intention
1543 557 56 41 de
1626 556 62 42 les
1715 558 223 41 revendre
1965 558 114 41 dans
2103 575 61 25 un
2189 561 156 38 avenir

316 636 99 50 plus
440 652 59 23 ou
522 636 149 38 moins
695 631 192 51 éloigné,
915 634 26 38 à
966 648 57 24 un
1049 633 100 49 prix
1171 633 230 48 supérieur
1422 648 58 23 au
1503 633 98 49 prix
1628 630 195 42 d'achat,

452 707 125 41 C'est
602 705 42 41 là
669 722 58 24 un
754 722 213 24 nouveau
991 721 139 34 genre
1155 704 58 41 de
1239 706 289 44 transaction,
1559 707 74 47 qui
1659 703 218 43 substitue
1904 708 26 38 à
1957 705 40 41 la
2025 704 157 42 valeur
2207 704 114 42 effec-

317 784 90 38 tive
441 781 60 40 du
534 778 80 47 sol,
651 795 47 24 sa
732 778 157 41 valeur
921 777 290 51 spéculative.
1249 777 92 42 Son
1374 781 259 47 apparition
1666 795 189 33 marque
1886 796 59 23 un
1982 789 214 30 tournant
2229 779 115 40 dans

317 854 215 42 l'histoire
557 854 303 47 économique
886 850 58 42 de
969 868 83 24 nos
1075 850 148 48 villes;
1252 850 86 42 elle
1364 868 141 24 ouvre
1529 868 87 25 une
1644 854 73 38 ère
1743 852 164 41 durant
1932 851 196 51 laquelle
2153 863 102 31 tous
2281 852 63 40 les

316 929 183 39 intérêts
530 925 56 41 de
616 924 209 41 l'habitat
853 924 158 41 urbain
1041 936 154 29 seront
1220 923 196 43 sacrifiés
1445 927 25 38 à
1500 924 40 41 la
1571 924 157 41 chasse
1755 942 89 24 aux
1872 925 230 42 bénéfices
2131 925 59 42 de
2220 925 98 51 quel-

316 1016 109 34 ques
451 998 306 51 spéculateurs
783 1009 45 29 et
852 1000 27 38 à
906 996 40 42 la
974 1000 200 48 rapacité
1203 997 81 42 des
1310 1000 332 49 propriétaires.

450 1072 44 41 A
519 1074 140 46 partir
686 1071 57 40 de
768 1088 52 23 ce
844 1075 103 46 jour
974 1070 39 41 le
1038 1069 67 43 sol
1132 1073 74 49 qui
1230 1072 251 41 environne
1505 1087 85 26 nos
1616 1071 197 52 grandes
1836 1071 131 43 villes
1992 1089 27 24 a
2044 1075 125 39 cessé
2198 1071 146 42 d'être

315 1148 177 38 réservé
517 1147 25 37 à
567 1143 11 41 1
598 1143 176 41 habitat
799 1162 59 22 ou
882 1146 26 38 à
933 1143 302 52 l'agriculture
1258 1162 116 33 pour
1399 1144 186 42 devenir
1608 1162 59 23 un
1695 1144 128 51 objet
1849 1145 57 41 de
1931 1162 270 24 commerce.

449 1216 85 41 Les
556 1219 337 48 conséquences
916 1234 54 23 en
996 1217 149 42 furent
1169 1217 208 42 d'autant
1397 1218 100 50 plus
1518 1234 161 34 graves
1703 1236 86 32 que
1813 1218 40 41 le
1878 1219 65 40 sol
1968 1218 160 42 urbain
2154 1236 57 23 ne
2232 1230 110 39 peut

315 1294 92 37 être
436 1293 230 46 comparé,
698 1308 57 22 au
783 1292 130 48 point
943 1290 58 40 de
1027 1307 88 24 vue
1141 1291 304 46 commercial,
1478 1294 26 38 à
1534 1292 41 41 la
1604 1292 184 50 plupart
1818 1292 81 40 des
1926 1303 150 30 autres
2105 1292 206 40 marchan-

315 1363 129 41 dises.
473 1362 69 41 De
566 1380 81 32 par
672 1363 40 41 la
736 1363 333 51 configuration
1093 1367 149 38 même
1268 1365 56 40 de
1346 1382 83 23 nos
1451 1364 140 47 villes,
1619 1383 83 32 par
1726 1365 40 41 la
1792 1369 144 37 rareté
1963 1365 80 41 des
2067 1383 191 32 moyens
2284 1366 58 39 de

316 1447 241 38 transport,
588 1435 92 42 seul
708 1454 58 23 un
793 1436 194 41 nombre
1014 1437 139 41 limité
1180 1437 58 41 de
1264 1441 186 39 terrains
1477 1455 46 24 se
1550 1442 127 47 prête
1703 1442 26 37 à
1757 1439 40 40 la
1825 1439 179 41 bâtisse.
2036 1439 30 41 11
2095 1456 55 24 en
2177 1439 165 41 résulte

315 1525 85 33 que
429 1509 79 40 des
536 1511 322 48 propriétaires
882 1527 56 24 en
964 1510 193 41 nombre
1185 1514 205 39 restreint
1416 1528 47 23 se
1493 1522 212 31 trouvent
1733 1515 93 37 être
1855 1515 185 38 maîtres
2066 1511 186 42 absolus
2281 1513 59 39 du

314 1581 183 42 marché
531 1581 79 41 des
643 1584 187 39 terrains
861 1586 26 37 à
918 1583 117 41 bâtir
1068 1595 44 30 et
1144 1600 99 35 que,
1282 1584 79 40 dès
1394 1584 102 47 lors,
1531 1584 51 42 ils
1615 1597 223 39 pourront
1870 1602 47 24 se
1950 1586 172 40 refuser
2155 1588 25 38 à
2215 1597 126 29 toute

312 1664 137 30 vente
480 1658 116 37 aussi
631 1654 261 52 longtemps
925 1673 86 33 que
1046 1657 40 40 le
1117 1659 99 47 prix
1250 1657 136 42 offert
1416 1658 273 41 n'atteindra
1723 1675 83 33 pas
1839 1658 40 41 le
1913 1661 251 39 maximum
2199 1659 59 41 de
2290 1675 52 24 ce

315 1745 57 33 qu
393 1746 58 23 un
483 1727 207 42 habitant
722 1729 56 40 de
809 1729 40 40 la
880 1729 118 47 ville,
1034 1746 52 25 en
1120 1733 133 47 quête
1285 1731 57 40 de
1373 1731 245 50 logement,
1653 1748 167 34 pourra
1852 1731 260 41 débourser.
2149 1731 104 42 Etat
2286 1732 56 40 de

311 1800 160 42 choses
501 1801 254 42 semblable
785 1805 26 38 à
840 1802 112 42 celui
984 1805 73 49 qui
1087 1806 139 38 existe
1254 1807 27 38 à
1310 1807 195 47 présent,
1540 1816 43 30 et
1616 1805 138 41 d'une
1785 1805 134 51 façon
1952 1809 242 47 passagère
2225 1823 116 34 pour

311 1891 87 24 une
430 1876 111 39 série
576 1875 56 40 de
665 1875 207 50 produits
906 1875 126 48 dont,
1068 1894 82 32 par
1182 1880 111 38 suite
1329 1877 56 41 de
1418 1877 42 41 la
1494 1878 392 50 désorganisation
1921 1883 323 37 momentanée
2278 1880 60 40 du

312 1946 182 42 marché
524 1947 218 46 mondial,
774 1948 42 41 la
846 1952 201 46 quantité
1078 1950 260 50 disponible
1366 1963 66 29 est
1460 1951 179 41 limitée.
1673 1952 114 41 L'on
1815 1964 108 38 peut
1952 1953 95 40 dire
2077 1953 134 50 qu'en
2242 1964 98 30 tout

313 2030 146 40 temps
494 2023 138 39 existe
666 2038 117 34 pour
818 2021 38 40 le
891 2021 182 42 marché
1108 2023 79 41 des
1221 2026 187 39 terrains
1442 2027 25 38 à
1502 2025 117 41 bâtir
1651 2042 88 24 une
1773 2029 211 38 situation
2020 2027 320 41 commerciale

312 2092 224 51 analogue
566 2096 25 38 à
621 2093 113 42 celle
762 2112 87 33 que
879 2098 189 38 créerait
1095 2113 60 24 un
1182 2097 223 41 véritable
1439 2113 22 25 «
1495 2098 252 50 monopole
1778 2111 35 28 ».

448 2166 130 42 Cette
609 2170 161 47 espèce
801 2167 57 40 de
888 2168 252 50 monopole
1168 2172 102 38 crée
1300 2181 160 30 autour
1493 2171 55 40 de
1580 2182 147 30 toutes
1757 2189 84 24 nos
1870 2172 196 50 grandes
2095 2173 126 41 villes
2252 2191 88 23 une

312 2242 198 40 ceinture
539 2242 56 39 de
623 2244 186 38 terrains
836 2246 73 46 qui
935 2254 167 30 restent
1129 2246 233 39 soustraits
1388 2247 25 37 à
1441 2244 39 41 la
1508 2245 166 41 bâtisse
1701 2248 115 38 aussi
1846 2245 259 51 longtemps
2133 2265 86 32 que
2248 2247 92 40 leur

311 2315 99 47 prix
444 2315 208 40 n'atteint
686 2332 81 33 pas
801 2315 39 40 le
876 2327 105 30 taux
1016 2333 86 33 que
1138 2317 60 40 les
1232 2320 322 47 propriétaires
1604 2318 94 42 leur
1731 2322 241 48 assignent.
2012 2320 86 41 Ces
2152 2325 187 38 terrains

312 2386 201 42 forment
543 2404 87 24 une
661 2404 116 24 zone
808 2391 174 48 étroite,
1017 2392 72 47 qui
1123 2390 203 41 encercle
1355 2408 84 24 nos
1469 2391 127 41 villes
1629 2403 44 30 et
1705 2392 223 50 empêche
1958 2393 94 42 leur
2086 2398 251 48 expansion

310 2459 218 42 normale.
564 2460 53 41 Ils
647 2464 287 44 constituent,
969 2480 115 32 pour
1115 2463 40 40 la
1186 2463 180 47 bâtisse,
1400 2480 88 25 une
1518 2465 197 41 barrière
1746 2465 241 52 beaucoup
2017 2466 100 53 plus
2151 2467 187 42 difficile

311 2534 25 38 à
366 2531 197 42 franchir
593 2551 86 33 que
708 2551 56 24 ne
793 2534 200 42 l'étaient
1021 2534 63 42 les
1114 2539 226 39 enceintes
1369 2537 218 42 fortifiées
1617 2538 79 42 des
1722 2538 129 42 villes
1881 2540 61 41 du
1971 2557 168 33 moyen
2168 2545 97 47 âge.

445 2605 38 41 C
503 2618 67 29 est
597 2609 25 37 à
653 2606 40 41 la
724 2607 158 41 faveur
912 2607 55 41 de
997 2619 116 30 cette
1142 2612 212 39 situation
1385 2613 365 48 écononomique
1781 2630 86 33 que
1898 2612 39 42 la
1968 2614 283 50 spéculation
2281 2633 56 24 en

315 2681 186 39 terrains
537 2682 28 38 à
597 2679 118 42 bâtir
748 2698 26 22 a
809 2698 58 33 pu
905 2698 180 24 exercer
1120 2682 9 40 1
1154 2682 222 42 influence
1411 2683 176 42 néfaste
1623 2701 59 33 qu
1703 2684 85 42 elle
1822 2703 26 23 a
1886 2686 59 40 de
1980 2703 82 24 nos
2098 2691 137 45 jours.
2277 2687 60 41 La

308 2753 284 48 spéculation
625 2754 218 45 normale,
880 2755 115 42 dont
1028 2771 112 25 nous
1173 2773 146 24 avons
1350 2757 127 50 parlé
1511 2758 99 50 plus
1643 2759 121 46 haut,
1802 2759 261 52 davantage
2096 2777 165 27 encore
2295 2761 40 42 la

309 2825 281 49 spéculation
620 2826 218 42 malsaine
866 2844 58 24 ou
951 2827 259 52 l'agiotage,
1241 2832 74 48 qui
1341 2847 46 25 se
1415 2830 240 42 manifeste
1684 2834 25 37 à
1738 2830 176 52 chaque
1942 2834 191 48 période
2163 2834 174 41 d'essor

312 2897 173 47 urbain,
524 2899 289 42 contribuent
847 2904 25 37 à
908 2901 172 42 relever
1118 2902 114 41 dans
1265 2921 87 24 une
1387 2903 119 42 forte
1541 2921 177 25 mesure
1752 2905 40 40 le
1827 2908 99 47 prix
1963 2907 60 40 du
2058 2907 66 40 sol
2163 2907 57 41 de
2254 2924 84 26 nos

310 2970 141 42 villes.

448 3044 118 42 Pour
593 3046 162 41 rendre
785 3047 39 40 la
853 3047 137 41 chose
1016 3049 208 46 sensible,
1256 3068 113 24 nous
1398 3068 55 23 ne
1482 3054 203 39 saurions
1714 3055 151 38 mieux
1894 3052 112 42 faire
2034 3070 87 33 que
2151 3054 58 41 de
2236 3071 77 34 rap-

309 3115 124 50 peler
459 3119 53 38 ici
539 3135 51 23 ce
618 3122 73 47 qui
719 3136 19 23 s
759 3131 65 30 est
851 3124 131 47 passé
1008 3139 54 23 en
1090 3122 276 52 Allemagne
1392 3127 132 47 après
1552 3125 40 41 la
1621 3141 159 34 guerre
1809 3125 59 42 de
1903 3126 136 42 1870.
2072 3126 61 42 La
2163 3128 174 50 grande

308 3192 254 47 prospérité
590 3191 115 42 dont
733 3192 40 41 la
799 3196 189 39 victoire
1014 3199 123 38 avait
1164 3199 70 38 été
1263 3197 193 42 l'aurore
1482 3216 162 24 amena
1674 3216 57 24 un
1761 3199 391 52 développement
2178 3200 160 51 rapide

311 3260 80 42 des
420 3262 128 42 villes
579 3275 44 30 et
656 3276 98 31 tout
784 3267 416 50 particulièrement
1232 3270 57 42 de
1321 3270 161 43 Berlin.
1519 3271 120 43 Pour
1670 3270 111 44 faire
1811 3272 101 42 face
1942 3275 26 39 à
1999 3284 72 31 cet
2102 3274 144 42 afflux
2277 3274 61 42 de

308 3335 285 50 population,
624 3338 28 40 d
673 3340 245 41 immenses
942 3357 186 35 espaces
1153 3343 58 42 de
1237 3347 186 39 terrains
1449 3345 149 42 furent
1623 3345 134 42 livrés
1782 3349 26 38 à
1834 3345 43 43 la
1902 3345 181 44 bâtisse.
2114 3347 85 42 Les
2223 3366 86 33 pou-

305 3409 123 40 voirs
451 3409 175 49 publics
650 3428 56 24 ne
729 3416 298 47 poursuivant
1051 3433 60 32 qu
1129 3433 61 25 un
1211 3420 106 40 vain
1341 3418 178 51 étalage
1544 3418 57 42 de
1625 3419 115 42 faste
1766 3431 45 31 et
1836 3420 58 41 de
1919 3420 150 43 fausse
2092 3422 241 50 grandeur,

308 3496 30 33 y
372 3484 223 40 tracèrent
632 3484 56 41 de
724 3484 146 52 larges
906 3490 181 46 artères,
1128 3489 58 42 de
1221 3494 195 39 coûteux
1450 3491 291 43 boulevards.
1782 3493 87 42 Ces
1906 3493 224 52 dépenses
2167 3495 171 41 devant
