2730 4066
280 3737 64 36 LA
397 3725 123 48 CITÉ

1261 3692 166 91 239

2201 3738 101 36 MAI
2359 3740 92 35 1920

970 215 812 51 CONCOURS

178 439 353 83 Echos
600 452 99 70 et
782 444 556 87 Nouvelles

249 599 207 41 HOTEL
483 599 78 42 DE
590 600 176 44 VILLE
795 603 79 43 DE
903 605 249 44 DINANT.
1277 609 62 40 Ce

179 673 103 29 sont
305 661 62 40 les
391 661 265 44 architectes
682 663 239 46 Moenaert
944 680 43 30 et
1012 668 114 43 Petit
1149 674 73 47 qui
1246 689 68 24 sor-

182 734 92 30 tent
307 726 250 39 victorieux
591 725 58 41 de
683 726 41 41 la
758 727 240 44 deuxième
1048 735 198 46 épreuve
1279 734 58 41 du

181 785 233 41 Concours
448 804 117 31 pour
602 787 40 41 la
679 796 356 37 reconstruction
1074 794 57 41 de
1167 795 169 42 l'Hôtel

181 848 55 40 de
260 847 104 41 ville
391 847 57 41 de
473 847 183 44 Dinant.

247 909 60 42 Le
341 914 102 46 jury
477 927 27 24 n
525 929 25 22 a
587 929 82 32 pas
705 917 193 48 ménagé
932 933 69 24 ses
1034 918 152 50 éloges
1221 937 117 32 pour

178 971 93 42 leur
292 976 152 46 projet
468 973 103 50 qu'il
595 992 25 22 a
646 974 180 42 déclaré
849 980 316 49 remarquable
1187 984 25 38 à
1237 993 99 30 tous

183 1034 59 40 les
283 1037 152 47 points
477 1035 57 40 de
572 1053 101 29 vue,
718 1041 112 38 mais
871 1039 114 42 dont
1026 1041 26 41 il
1095 1061 25 21 a
1163 1054 173 30 surtout

177 1098 136 39 vanté
347 1096 40 40 la
423 1096 268 51 disposition
724 1112 307 40 avantageuse
1063 1103 78 42 des
1174 1105 162 42 locaux

177 1169 42 30 et
253 1157 79 42 des
365 1161 192 39 services
590 1161 356 44 administratifs.

246 1220 69 41 Un
378 1220 240 42 deuxième
679 1227 98 47 prix
835 1243 25 22 a
922 1229 71 38 été
1053 1230 194 40 accordé
1309 1233 25 37 à

177 1282 59 40 M.
268 1282 229 47 Blomme;
526 1301 59 23 un
614 1288 226 39 troisième
866 1291 25 37 à
918 1288 112 41 MM.
1062 1289 203 52 Diongre
1292 1303 42 29 et

178 1343 231 42 Brunfaut.

245 1465 334 44 CONCOURS
622 1468 484 46 D'HABITATIONS
1149 1473 151 41 BOUR-

177 1528 249 41 GEOISES
489 1528 165 43 DANS
698 1531 81 42 LA
835 1531 233 44 REGION
1114 1533 79 43 DE
1255 1535 81 42 LA

178 1589 213 47 MEUSE,
423 1595 207 47 organisé
657 1610 82 32 par
767 1594 39 41 le
833 1594 157 42 Crédit
1016 1595 198 42 Général
1241 1595 64 51 Hy-

177 1651 263 51 pothécaire
473 1665 43 30 et
550 1654 222 42 Mobilier.
904 1656 62 42 Le
996 1662 114 47 jury,
1146 1658 114 41 dans
1289 1676 45 23 sa

176 1717 161 39 séance
365 1715 60 41 du
456 1716 58 40 24
544 1728 203 35 courant,
779 1736 25 22 a
833 1722 188 37 terminé
1050 1736 69 24 ses
1146 1731 190 30 travaux

177 1789 42 29 et
243 1794 25 23 a
295 1780 145 37 arrêté
466 1795 182 24 comme
673 1782 84 38 suit
782 1779 41 41 le
846 1780 271 43 classement
1143 1782 79 40 des
1250 1782 63 40 dif-

176 1839 168 40 férents
372 1851 291 30 concurrents
690 1844 168 47 primés
891 1860 8 23 :

243 1901 114 41 MM.
395 1902 141 41 Henri
569 1902 222 42 Leemans
822 1915 42 30 et
896 1903 160 42 Victor
1088 1904 243 48 Danneels,

176 1963 278 47 architectes,
506 1964 248 48 Bruxelles;
802 1966 161 41 André
1011 1966 134 51 Bage,
1194 1966 117 42 archi-

175 2036 128 35 tecte,
355 2025 154 51 Liège;
560 2027 239 41 Baudouin
849 2027 174 48 Vallée,
1073 2029 256 46 architecte,

174 2087 242 48 Bressoux;
445 2088 210 50 Léopold
680 2089 218 47 Thomée,
927 2090 255 47 architecte,
1211 2091 91 49 Jam-

174 2150 294 46 bes-Namur;
539 2150 143 41 Emile
753 2150 247 51 Deshayes,
1074 2152 256 47 architecte,

174 2211 154 51 Liège;
370 2212 169 41 Marcel
577 2213 193 46 Simons,
810 2213 255 47 architecte,
1106 2213 224 51 Tongres;

172 2273 139 51 Alph.
347 2274 106 42 Van
485 2274 202 47 Brackel,
722 2274 256 48 architecte,
1012 2276 200 47 Anvers;
1247 2276 56 40 Ca-

172 2347 132 35 mort,
343 2336 256 48 architecte,
639 2337 248 47 Bruxelles;
927 2337 224 47 Delfosse,
1191 2338 117 40 archi-

172 2409 127 35 tecte,
332 2398 411 41 Bruxelles-Forest
754 2417 7 28 ;
793 2398 248 48 Housiaux,
1072 2399 255 47 architecte,

170 2460 249 47 Bruxelles;
456 2459 211 52 François
698 2460 629 48 Scheemaekers,architecte,

171 2522 150 42 Uccle.

239 2643 335 43 CONCOURS
623 2644 166 42 POUR
837 2645 82 41 LA
983 2645 309 41 CONSTRUC-

172 2705 144 43 TION
349 2705 80 43 DE
461 2706 271 43 MAISONS
759 2707 45 40 A
835 2706 121 42 BON
988 2706 268 43 MARCHE
1287 2709 43 40 A

170 2767 400 43 SAVENTHEM.
723 2767 64 41 Ce
837 2785 221 24 concours
1107 2785 224 25 concerne

173 2829 79 41 des
283 2829 279 43 habitations
593 2834 25 37 à
649 2847 196 33 grouper
875 2847 54 23 en
962 2831 367 50 quartier-jardin

171 2909 71 23 sur
276 2910 58 23 un
370 2895 162 38 terrain
570 2892 57 41 de
662 2902 157 40 quatre
852 2892 215 41 hectares.
1106 2892 84 41 Les
1222 2910 80 23 con-

171 2965 201 31 currents
403 2966 104 29 sont
539 2957 162 39 invités
734 2956 26 39 à
793 2964 211 31 remettre
1037 2972 58 22 un
1129 2954 108 50 plan
1273 2955 57 40 de

172 3015 293 47 lotissement,
502 3034 58 23 un
591 3016 108 50 plan
734 3016 79 41 des
844 3018 199 37 maisons
1074 3027 43 29 et
1148 3033 59 23 un
1237 3019 62 37 mé-

172 3081 144 38 moire
345 3078 245 50 explicatif.

240 3139 61 41 Le
332 3145 112 46 jury,
480 3143 73 47 qui
583 3158 47 24 se
660 3157 220 33 compose
911 3139 58 41 de
998 3139 61 41 M.
1095 3139 39 40 le
1163 3139 137 49 bourg-

171 3213 164 30 mestre
361 3213 44 30 et
431 3202 119 41 deux
576 3201 223 47 échevins,
829 3201 57 41 de
913 3200 113 42 MM.
1058 3200 238 50 Metdepen-

170 3263 289 51 ninghen,De
487 3263 194 51 Cuyper,
712 3263 206 44 Puissant
943 3274 43 30 et
1011 3262 314 46 Vermeersch,

171 3342 46 23 se
249 3343 288 33 prononcera
570 3326 204 41 endéans
807 3325 63 41 les
903 3328 65 38 six
1000 3327 221 38 semaines
1256 3328 73 47 qui

170 3391 204 38 suivront
402 3388 41 41 la
473 3391 162 38 remise
663 3388 80 41 des
772 3392 172 46 projets
974 3389 73 47 qui
1077 3386 95 41 doit
1201 3389 128 38 avoir

170 3452 128 40 avoir
332 3450 86 41 lieu
451 3450 39 40 le
541 3450 26 40 4
604 3450 272 50 septembre.
915 3448 60 41 Le
1028 3448 170 41 lauréat
1231 3465 97 23 sera

169 3511 164 51 chargé
398 3513 57 40 de
518 3513 284 40 l'exécution.
868 3511 101 41 Une
1031 3527 176 24 somme
1272 3510 57 40 de

1423 439 143 47 5,000
1606 440 149 41 francs
1791 457 166 34 pourra
1993 444 95 38 être
2125 444 194 49 répartie
2356 454 126 31 entre
2519 443 62 42 les

1418 513 180 30 auteurs
1622 503 79 40 des
1724 508 175 45 projets
1919 503 177 42 classés.

1580 612 335 43 CONCOURS
1966 613 168 43 POUR
2183 614 363 44 L'ETABLISSE-

1418 673 171 43 MENT
1646 674 87 42 DU
1790 674 161 43 PLAN
2009 675 566 47 D'AMENAGEMENT,

1415 736 606 44 D'EMBELLISSEMENT
2058 738 76 43 ET
2169 738 408 44 D'EXTENSION

1416 797 80 43 DE
1531 799 179 41 LILLE.
1844 799 46 41 L'
1899 818 60 24 on
1993 803 83 39 sait
2110 802 134 50 qu'en
2277 814 127 30 vertu
2440 803 28 41 d
2489 820 88 24 une

1416 861 72 46 loi,
1515 861 61 42 les
1597 861 128 42 villes
1748 863 244 50 françaises
2016 863 57 41 de
2094 863 100 51 plus
2218 864 57 41 de
2305 865 9 40 1
2332 865 144 46 0,000
2501 865 50 41 ha-

1416 924 169 42 bitants
1620 935 104 31 sont
1759 935 156 31 tenues
1950 924 220 43 d'arrêter
2204 943 58 24 un
2299 926 107 51 plan
2441 930 108 46 géné-

1417 986 62 41 ral
1515 987 414 50 d'aménagement.

1482 1048 62 41 La
1570 1048 106 41 ville
1701 1049 58 40 de
1785 1049 121 47 Lille,
1936 1053 178 38 suivant
2140 1050 243 51 l'exemple
2409 1051 58 40 de
2494 1051 53 40 Pa-

1414 1114 68 43 ris,
1510 1128 141 24 ouvre
1672 1129 59 23 un
1753 1128 224 24 concours
1999 1111 154 51 public
2176 1129 56 25 en
2255 1130 87 24 vue
2367 1113 58 41 de
2450 1113 98 41 réta-

1411 1173 264 43 blissement
1705 1173 108 41 d'un
1844 1173 139 51 pareil
2014 1173 108 52 plan
2154 1174 415 51 d'aménagement,

1414 1235 434 42 d'embellissement
1882 1247 44 30 et
1961 1236 299 47 d'extension,
2300 1254 54 23 en
2389 1237 156 40 confor-

1412 1300 107 38 mité
1552 1297 57 41 de
1639 1297 41 41 la
1711 1298 59 40 loi
1802 1298 59 40 du
1900 1298 52 41 14
1985 1315 120 25 mars
2141 1298 136 42 1919.

1484 1359 61 40 Le
1578 1376 221 24 concours
1832 1371 65 30 est
1931 1371 162 30 ouvert
2126 1360 160 50 depuis
2320 1361 39 40 le
2397 1361 9 40 1
2427 1360 21 41 5
2486 1362 89 39 mai

1421 1420 143 47 1920;
1598 1422 27 40 il
1657 1437 98 25 sera
1786 1421 94 41 clos
1910 1421 40 41 le
1988 1420 50 43 15
2076 1422 191 41 octobre
2305 1422 136 41 1920.

1482 1482 84 42 Les
1598 1494 291 30 concurrents
1922 1501 58 23 ou
2012 1483 116 42 leurs
2159 1484 309 41 mandataires
2498 1502 51 22 au-

1416 1547 157 38 torisés
1602 1557 200 38 peuvent
1834 1548 166 45 retirer,
2033 1549 26 37 à
2090 1545 173 42 l'Hôtel
2295 1546 58 40 de
2380 1545 106 42 ville
2517 1546 58 40 de

1414 1606 110 41 Lille
1570 1606 257 50 (Direction
1867 1607 80 41 des
1982 1606 213 42 Travaux
2234 1608 337 50 municipaux),

1414 1668 40 41 le
1477 1686 294 33 programme
1797 1669 60 41 du
1881 1686 222 24 concours
2128 1681 43 29 et
2195 1669 63 41 les
2284 1669 261 41 documents-

1414 1748 199 23 annexes
1652 1742 157 29 contre
1848 1730 41 41 le
1924 1742 259 30 versement
2223 1731 58 40 de
2317 1731 40 40 la
2397 1747 179 24 somme

1414 1792 58 41 de
1515 1791 91 42 300
1646 1792 149 42 francs
1832 1796 73 47 qui
1943 1793 267 41 demeurera
2249 1796 181 47 acquise
2467 1795 26 38 à
2533 1792 41 41 la

1412 1854 118 48 ville,
1559 1854 99 41 sauf
1684 1854 395 41 remboursement
2105 1855 57 40 de
2196 1855 9 40 1
2225 1854 59 41 50
2312 1854 149 41 francs
2487 1872 88 23 aux

1414 1927 292 30 concurrents
1747 1919 73 47 qui
1861 1928 164 29 auront
2067 1919 90 47 pris
2198 1928 102 38 part
2341 1916 211 41 effective-

1413 1990 126 30 ment
1564 1996 56 23 au
1644 1995 234 24 concours.
1909 1978 83 41 Les
2019 1978 253 42 demandes
2299 1996 81 32 par
2406 1994 145 24 corres-

1411 2041 245 49 pondance
1684 2051 103 30 sont
1813 2040 258 50 également
2097 2039 217 47 admises;
2343 2039 108 42 elles
2477 2039 73 41 doi-

1411 2114 109 30 vent
1555 2106 94 38 être
1684 2102 233 41 adressées
1952 2105 26 37 à
2013 2102 61 41 M.
2114 2102 41 41 le
2189 2102 144 40 Maire
2371 2102 57 41 de
2463 2101 111 41 Lille

1423 2164 257 50 (Direction
1745 2164 79 41 des
1868 2163 214 41 Travaux
2144 2163 315 50 municipaux)
2531 2173 44 30 et

1411 2229 205 38 contenir
1650 2243 59 24 un
1747 2226 191 41 mandat
1992 2225 148 51 postal
2194 2243 57 23 ou
2288 2225 175 51 chèque
2515 2225 58 40 de

1411 2288 93 42 300
1542 2288 161 42 francs.

1461 2347 93 44 Des
1578 2353 179 48 primes,
1786 2352 178 39 variant
1988 2349 57 42 de
2072 2349 144 47 3,000
2242 2352 25 38 à
2295 2349 177 47 30,000
2500 2349 68 46 fr.,

1409 2425 103 30 sont
1549 2415 133 38 mises
1718 2415 26 38 à
1799 2411 41 42 la
1879 2411 271 51 disposition
2188 2411 61 42 du
2301 2415 113 47 jury,
2456 2429 115 33 pour

1409 2474 264 41 affectation
1698 2491 88 23 aux
1811 2478 174 47 projets
2009 2473 165 41 classés
2198 2491 58 23 ou
2281 2490 116 33 pour
2421 2476 125 47 acqui-

1409 2538 132 39 sition
1567 2536 58 41 de
1646 2540 174 47 projets
1841 2538 303 44 intéressants,
2171 2552 56 25 en
2253 2535 115 41 leurs
2392 2535 174 45 détails,

1409 2601 197 47 quoique
1640 2615 91 24 non
1766 2598 182 46 classés;
1985 2597 94 41 leur
2113 2608 211 30 montant
2358 2596 111 42 total
2504 2608 65 29 est

1408 2660 57 40 de
1497 2660 9 41 1
1524 2659 179 47 28,000
1729 2660 162 40 francs.

1479 2721 60 42 Le
1570 2739 222 24 concours
1822 2733 66 29 est
1919 2733 162 30 ouvert
2112 2732 125 30 entre
2268 2721 63 40 les
2362 2720 209 50 Français

1409 2796 43 29 et
1495 2787 328 38 ressortissants
1867 2784 79 40 des
2001 2786 259 48 puissances
2315 2782 153 42 alliées
2510 2799 58 24 ou

1407 2849 223 37 associées
1661 2864 57 22 ou
1751 2846 164 40 faisant
1945 2848 144 47 partie
2120 2845 58 41 de
2208 2845 40 40 la
2279 2845 177 41 Société
2488 2844 80 40 des

1406 2907 204 43 Nations.

1479 3017 335 42 CONCOURS
1867 3016 80 42 DE
2002 3015 463 42 CANDELABRES.

1411 3079 127 42 Nous
1570 3096 145 24 avons
1746 3081 209 38 annoncé
1988 3095 99 33 que,
2124 3095 71 24 sur
2228 3078 251 41 l'initiative
2514 3077 57 41 de

1410 3144 228 47 généreux
1689 3140 268 46 industriels,
1995 3140 40 40 la
2091 3156 22 24 «
2152 3139 304 41 Renaissance
2491 3139 80 41 des

1410 3203 122 40 Cités
1560 3220 40 29 »,
1633 3203 57 40 de
1717 3203 134 45 Paris,
1880 3205 123 38 avait
2030 3205 207 47 organisé
2263 3219 58 24 un
2348 3219 222 23 concours

1411 3283 113 32 pour
1562 3266 78 40 des
1676 3269 173 46 projets
1885 3264 58 41 de
1974 3263 300 42 candélabres
2310 3264 199 41 destinés
2543 3266 26 38 à

1409 3327 24 40 F
1442 3327 222 50 éclairage
1693 3327 79 40 des
1798 3325 128 42 villes
1952 3337 43 30 et
2021 3328 163 48 petites
2206 3325 141 42 villes.
2380 3325 62 41 Le
2467 3329 100 47 jury

1407 3407 25 22 a
1463 3389 144 41 rendu
1635 3406 82 23 son
1747 3393 246 45 jugement.
2028 3387 133 42 Deux
2189 3391 167 47 primes
2385 3399 82 30 ont
2495 3390 73 39 été

1407 3451 246 41 accordées
1689 3469 8 21 :
1729 3453 25 37 à
1802 3450 59 40 M.
1896 3449 247 41 Théodore
2191 3449 217 42 Lambert
2453 3460 43 30 et
2540 3452 26 39 à

1408 3513 60 40 M.
1496 3513 113 49 Saps
1633 3513 155 40 Maier.
