2730 4066
256 3746 63 35 LA
372 3734 122 48 CITÉ

1262 3708 178 99 237

2166 3758 101 37 MAI
2324 3760 91 36 1920

413 234 506 58 ECHOS
1056 240 146 45 ET
1343 244 903 48 NOUVELLES

153 464 353 80 Echos
574 474 98 72 et
752 469 555 84 Nouvelles

222 743 291 43 L'EFFORT
550 745 111 43 DES
696 747 394 45 INDUSTRIELS
1124 751 149 43 FRAN-

153 805 136 51 ÇAIS
312 823 116 33 pour
452 808 216 41 résoudre
690 808 41 41 la
757 813 111 37 crise
891 810 60 41 du
976 811 232 50 logement
1232 832 51 23 ou-

153 869 128 38 vrier.
421 867 62 41 La
519 871 186 48 pénurie
757 870 57 41 de
848 871 254 51 logements
1154 886 66 30 est
1253 893 55 24 en

154 927 169 42 France
349 940 97 29 tout
470 947 181 23 comme
675 948 55 23 en
756 931 227 52 Belgique,
1012 952 86 24 une
1123 947 188 30 entrave

152 992 193 38 sérieuse
371 992 25 38 à
424 990 41 40 la
492 994 167 47 reprise
687 992 58 41 de
772 992 258 43 l'industrie.
1061 995 63 42 La
1152 1015 156 32 guerre

152 1061 137 37 ayant
320 1050 228 42 d'ailleurs
574 1070 54 23 eu
658 1071 114 32 pour
800 1059 314 48 conséquence
1144 1059 57 40 de
1232 1058 50 42 dé-

151 1110 152 50 placer
329 1112 58 40 de
411 1113 296 43 nombreuses
733 1115 250 49 industries,
1014 1118 41 41 la
1081 1130 201 31 construc-

153 1175 92 38 tion
275 1173 56 40 de
358 1173 253 50 logements
637 1180 201 38 ouvriers
862 1178 227 51 s'impose.

220 1233 83 41 Les
343 1235 169 49 grands
552 1236 255 43 industriels
847 1256 56 24 ne
942 1241 184 42 veulent
1163 1253 120 30 atten-

154 1294 79 41 dre
273 1295 57 40 de
374 1295 7 40 I
406 1295 102 42 Etat
548 1296 40 41 la
627 1298 197 42 solution
865 1300 57 41 de
962 1319 50 23 ce
1053 1302 250 50 problème.

152 1355 101 41 Non
284 1373 102 24 sans
416 1361 163 43 raison,
614 1359 240 43 d'ailleurs.

219 1416 62 41 La
314 1416 60 42 loi
407 1418 221 51 française
661 1420 60 41 du
755 1422 60 41 24
851 1423 189 41 octobre
1072 1424 177 42 dernier
1282 1444 25 22 a

152 1477 103 41 bien
285 1482 130 46 porté
444 1483 25 37 à
499 1479 92 42 500
621 1482 195 41 millions
847 1484 57 40 de
933 1484 149 42 francs
1110 1485 40 41 le
1178 1503 96 23 mon-

152 1549 95 31 tant
285 1539 154 50 global
481 1542 78 40 des
599 1545 121 47 prêts
774 1560 86 34 que
917 1557 108 38 peut
1080 1552 226 37 consentir

150 1599 10 41 1
181 1600 115 47 Etat,
324 1606 113 37 mais
459 1620 73 23 ces
557 1607 121 46 prêts
701 1622 19 23 s
741 1608 234 40 émiettent
1001 1612 204 46 toujours
1229 1625 50 25 en-

149 1672 65 30 tre
245 1680 58 23 un
336 1664 144 48 grand
512 1665 194 41 nombre
738 1666 57 41 de
826 1670 135 47 petits
992 1680 314 39 emprunteurs

148 1734 44 29 et
223 1723 57 40 de
306 1727 162 47 petites
494 1728 192 39 sociétés
721 1745 8 23 :
760 1727 50 42 ils
839 1731 264 40 intéressent
1131 1742 174 29 surtout

149 1784 62 40 les
245 1785 280 42 travailleurs
557 1787 133 41 isolés
819 1791 218 48 auxquels
1069 1791 51 40 ils
1153 1794 152 38 créent

150 1844 79 42 des
263 1846 188 42 facilités
481 1848 158 41 réelles
764 1861 45 30 et
840 1867 92 24 non
966 1850 40 42 la
1038 1853 173 48 grande
1242 1855 42 38 in-

150 1906 167 41 dustrie
362 1923 54 25 en
461 1909 195 49 général.
705 1909 210 43 D'autres
976 1912 82 41 lois
1117 1924 103 30 sont
1280 1918 25 36 à

150 1966 179 48 l'étude,
369 1973 73 45 qui
478 1970 323 42 amélioreront
836 1977 224 45 peut-être
1095 1974 39 41 la
1171 1978 110 37 situa-

147 2032 93 38 tion
270 2031 202 40 actuelle.
506 2031 115 41 Mais
649 2032 25 40 il
703 2051 18 22 s
742 2036 121 47 agira
894 2039 204 46 toujours
1127 2036 57 41 de
1211 2054 61 23 me-

145 2108 122 24 sures
296 2091 270 51 législatives
594 2093 99 51 plus
721 2112 58 23 ou
806 2099 147 38 moins
980 2097 176 50 rigides,
1188 2098 114 41 dont

146 2152 312 51 l'application
519 2155 259 50 s'adaptera
842 2158 313 42 difficilement
1216 2177 87 24 aux

146 2215 258 41 conditions
442 2217 311 47 industrielles,
793 2218 235 51 lesquelles
1065 2223 175 39 varient
1277 2224 25 38 à

146 2276 170 42 l'infini.

214 2351 124 41 C'est
364 2356 224 45 pourquoi
704 2370 113 24 nous
846 2353 64 41 dit
936 2354 40 40 le
1006 2370 22 25 «
1059 2354 169 51 Temps
1258 2372 40 29 »,

148 2412 114 41 dont
299 2430 115 23 nous
451 2413 324 49 reproduisons
812 2417 51 37 ici
901 2414 218 51 l'exposé,
1261 2416 40 41 la

146 2474 174 49 grande
345 2474 216 40 industrie
585 2492 24 22 a
634 2474 190 41 cherché
849 2478 25 38 à
898 2479 125 37 créer
1046 2476 257 42 elle-même

148 2533 80 41 des
264 2552 191 32 moyens
494 2535 200 41 d'action
732 2536 215 50 capables
985 2537 57 41 de
1081 2539 222 40 remédier

147 2598 25 37 à
204 2595 40 41 la
273 2598 111 38 crise
414 2596 60 40 du
505 2596 242 50 logement.
780 2596 95 42 Elle
902 2615 27 23 n
948 2616 25 22 a
1003 2615 82 32 pas
1113 2599 190 42 attendu

149 2656 62 41 les
252 2674 161 32 graves
458 2657 243 41 difficultés
745 2657 213 42 actuelles
1001 2676 116 33 pour
1159 2670 120 30 entre-

147 2718 197 48 prendre
383 2729 116 30 cette
540 2735 155 24 œuvre
737 2719 197 41 féconde
974 2720 58 40 de
1071 2720 231 41 solidarité

147 2779 178 40 sociale.
369 2779 71 40 Un
483 2782 255 47 organisme
778 2780 179 49 spécial,
1001 2780 40 41 la
1086 2797 22 25 «
1150 2782 153 40 Caisse

147 2839 199 41 foncière
376 2840 56 41 de
459 2840 144 42 crédit
628 2858 115 33 pour
770 2841 348 42 l'amélioration
1149 2843 59 40 du
1238 2843 42 40 lo-

147 2913 184 36 gement
366 2901 112 41 dans
512 2901 250 41 l'industrie
793 2914 35 35 »,
863 2920 25 23 a
922 2906 70 37 été
1024 2906 101 38 créé
1157 2904 26 40 il
1217 2921 29 32 y
1277 2922 24 23 a

148 2961 118 41 deux
297 2979 92 29 ans,
424 2980 103 23 sous
560 2963 39 40 le
631 2974 253 39 patronage
916 2963 57 40 de
1004 2963 185 42 l'Union
1222 2965 79 41 des

148 3022 237 42 industries
423 3024 367 50 métallurgiques
825 3036 43 30 et
905 3027 219 44 minières,
1166 3025 57 41 de
1261 3026 41 41 la

145 3087 306 38 construction
480 3088 279 47 mécanique,
792 3085 240 50 méallique
1060 3097 43 30 et
1131 3086 149 42 électri-

146 3161 98 33 que,
275 3148 87 46 qui,
392 3163 58 23 on
477 3146 40 40 le
542 3149 95 44 sait,
667 3157 236 39 groupent,
933 3163 111 24 avec
1071 3146 41 42 le
1134 3150 167 39 comité

149 3206 79 40 des
262 3206 152 50 forges
447 3219 44 29 et
525 3207 40 41 le
598 3210 167 39 comité
801 3207 79 41 des
912 3207 251 48 houillères,
1202 3219 99 31 tous

147 3267 62 41 les
236 3268 168 48 grands
430 3268 229 49 syndicats
685 3280 255 38 patronaux
967 3268 58 41 de
1051 3286 73 23 ces
1150 3269 126 42 indus-

147 3330 114 38 tries.

217 3400 309 51 L'organisme
548 3404 112 39 ainsi
682 3405 101 38 créé
807 3421 25 22 a
856 3419 114 33 pour
992 3402 81 41 but
1098 3402 57 41 de
1180 3402 96 42 four-

149 3463 65 39 nir
244 3479 87 23 aux
360 3462 255 42 industriels
644 3462 63 42 les
736 3466 211 47 capitaux
976 3466 73 47 qui
1079 3463 93 41 leur
1200 3475 103 31 sont

148 3525 271 39 nécessaires
446 3542 114 31 pour
588 3524 110 41 faire
725 3527 247 39 construire
999 3524 80 41 des
1105 3527 198 39 maisons

1390 469 228 38 ouvrières
1650 467 202 41 salubres
1881 470 26 38 à
1941 467 10 40 1
1972 485 137 33 usage
2143 469 57 41 de
2233 469 94 41 leur
2359 487 159 32 person-

1391 526 91 47 nel;
1525 545 81 22 son
1648 527 395 43 fonctionnement
2082 541 65 29 est
2188 529 79 42 des
2307 531 99 50 plus
2443 534 76 38 sim-

1390 588 108 50 ples.
1547 588 61 41 La
1651 588 153 42 Caisse
1851 589 199 42 foncière
2093 608 18 24 s
2131 592 183 40 adresse
2358 592 163 42 directe-

1388 661 127 29 ment
1542 667 55 23 au
1626 650 143 41 crédit
1797 651 164 50 public,
1992 668 54 25 en
2076 654 221 40 émettant
2325 653 79 41 des
2432 653 90 41 obli-

1389 714 179 46 gations
1604 728 56 23 au
1699 722 104 30 taux
1843 713 175 41 normal
2057 713 80 41 des
2171 714 275 51 obligations
2483 719 41 37 in-

1390 771 263 42 dustrielles.
1689 772 72 41 Un
1795 773 220 41 véritable
2069 790 21 25 «
2128 778 98 38 titre
2256 788 21 23 »
2312 776 61 41 du
2422 776 98 51 loge-

1387 844 126 30 ment
1543 836 179 38 ouvrier
1753 846 66 29 est
1848 837 109 38 ainsi
1988 838 114 43 créé,
2138 839 98 38 titre
2267 841 73 47 qui
2372 837 146 42 bénéfi-

1387 896 66 39 cie
1482 894 108 41 d'un
1619 894 121 51 large
1768 895 182 41 marché
1978 900 25 37 à
2032 896 40 42 la
2098 897 169 41 Bourse
2294 910 42 30 et
2364 902 87 47 qui,
2484 917 59 23 on

1388 971 56 24 va
1478 955 38 40 le
1546 959 110 42 voir,
1692 956 116 41 offre
1837 956 62 41 les
1929 957 100 51 plus
2058 961 214 39 sérieuses
2301 963 237 46 garanties.

1456 1016 83 40 Les
1570 1021 122 45 prêts
1724 1017 216 42 effectués
1972 1036 81 33 par
2086 1019 40 41 la
2159 1020 153 41 Caisse
2344 1022 199 40 foncière

1388 1077 58 40 de
1478 1078 143 41 crédit
1653 1096 56 23 ne
1742 1091 103 30 sont
1877 1096 82 33 pas
1992 1080 103 41 faits
2126 1081 296 43 directement
2454 1100 88 24 aux

1387 1138 254 42 industriels
1676 1143 247 39 intéressés.
1964 1141 118 41 Pour
2116 1160 85 32 que
2236 1143 62 40 les
2331 1147 211 47 capitaux

1387 1199 172 42 fournis
1587 1204 145 38 soient
1761 1201 104 41 bien
1894 1202 237 51 employés
2159 1222 57 22 au
2244 1204 80 41 but
2352 1205 165 41 susindi-

1388 1263 86 47 qué
1596 1261 40 41 le
1663 1262 91 41 seul
1785 1265 196 39 autorisé
2011 1281 81 33 par
2121 1264 63 41 les
2211 1276 160 31 statuts
2491 1267 51 40 ils

1385 1333 103 30 sont
1514 1325 149 46 prêtés
1689 1326 25 37 à
1742 1323 78 41 des
1846 1327 190 39 sociétés
2062 1326 334 47 immobilières,
2427 1327 115 41 dont

1387 1382 158 43 l'objet
1578 1384 186 41 exclusif
1799 1397 66 28 est
1900 1385 297 51 l'acquisition
2234 1405 57 24 ou
2327 1388 187 41 l'aména-

1387 1456 182 37 gement
1613 1444 318 43 d'immeubles
1973 1446 197 42 destinés
2211 1466 56 23 au
2310 1448 232 52 logement

1388 1508 188 37 ouvrier.
1616 1505 30 41 Il
1684 1523 26 23 n
1733 1517 65 30 est
1832 1510 129 47 exigé
1998 1508 79 41 des
2113 1509 255 41 industriels
2404 1514 42 36 ni
2484 1511 57 40 de

1387 1569 200 45 garantie
1643 1566 335 51 hypothécaire,
2020 1573 43 37 ni
2103 1571 57 39 de
2216 1577 326 36 nantissement

1385 1643 72 22 sur
1484 1625 40 41 le
1550 1627 137 41 fonds
1714 1629 57 39 de
1797 1646 270 30 commerce,
2098 1634 42 38 ni
2168 1631 40 40 le
2236 1632 142 49 dépôt
2405 1632 57 40 de
2490 1637 32 37 ti-

1387 1698 99 30 tres.
1526 1688 115 41 Mais
1676 1689 60 40 les
1769 1693 121 46 prêts
1924 1703 79 29 ont
2037 1691 86 42 lieu
2157 1710 72 23 sur
2263 1693 40 40 la
2337 1697 201 47 garantie

1384 1749 295 41 individuelle
1713 1750 79 42 des
1826 1752 360 42 établissements
2219 1754 113 41 dont
2367 1755 39 40 le
2439 1773 75 31 per-

1385 1810 157 40 sonnel
1569 1810 272 42 bénéficiera
1869 1812 80 41 des
1973 1817 331 39 constructions
2330 1819 26 37 à
2383 1816 159 41 édifier

1385 1888 81 31 par
1503 1871 61 40 les
1599 1875 190 37 sociétés
1825 1874 321 42 immobilières
2184 1888 352 38 emprunteuses.

1455 1956 107 40 Afin
1604 1973 86 33 que
1731 1968 117 30 cette
1905 1963 202 45 garantie
2147 1964 86 37 soit
2291 1961 147 46 réelle,
2501 1962 41 41 la

1385 2016 153 41 Caisse
1564 2017 200 41 foncière
1789 2018 58 40 de
1870 2020 143 40 crédit
2037 2024 141 47 exige,
2186 2034 138 29 avant
2351 2023 57 40 de
2430 2040 84 24 con-

1386 2081 135 37 sentir
1560 2095 57 23 un
1657 2083 111 45 prêt,
1812 2098 85 32 que
1938 2081 278 50 l'entreprise
2256 2095 187 38 garante
2483 2084 57 41 lui

1385 2138 117 40 fasse
1538 2143 236 37 connaître
1810 2158 91 24 non
1939 2142 250 42 seulement
2243 2161 47 24 sa
2326 2147 212 39 situation

1386 2198 243 43 financière
1679 2205 223 46 présente,
1956 2206 111 38 mais
2116 2221 81 24 son
2249 2222 293 33 programme

1387 2260 28 40 d
1437 2264 155 38 avenir
1634 2273 44 29 et
1723 2262 60 41 les
1825 2281 190 31 moyens
2056 2265 28 40 d
2105 2269 151 38 action
2300 2267 115 41 dont
2457 2267 85 41 elle

1385 2321 194 50 dispose.
1613 2322 60 41 Le
1698 2324 167 41 conseil
1895 2325 413 43 d'administration
2336 2332 72 46 qui
2437 2346 78 33 pro-

1383 2382 113 42 cède
1521 2385 26 38 à
1573 2396 70 29 cet
1668 2401 192 25 examen
1887 2386 232 50 préalable
2145 2399 66 30 est
2236 2392 219 47 composé
2484 2390 57 41 de

1382 2443 276 49 spécialistes
1692 2449 199 38 notoires
1927 2448 56 40 de
2020 2448 247 42 l'industrie
2303 2450 232 50 française,

1385 2504 114 41 dont
1536 2504 10 40 1
1569 2509 267 46 expérience
1874 2511 222 38 constitue
2132 2526 87 25 une
2256 2514 188 38 sécurité
2484 2512 56 40 de

1384 2565 111 49 plus.
1539 2566 65 41 En
1642 2585 145 23 aucun
1826 2586 87 29 cas,
1959 2570 28 40 d
2008 2570 189 47 ailleurs,
2242 2572 62 41 les
2340 2589 200 24 sommes

1385 2626 198 41 fournies
1622 2645 88 24 aux
1747 2633 189 38 sociétés
1976 2632 322 42 immobilières
2337 2651 55 23 ne
2431 2651 81 32 peu-

1382 2699 108 29 vent
1524 2689 193 41 excéder
1752 2690 38 40 le
1822 2694 254 47 cinquième
2109 2693 59 41 du
2201 2694 163 50 capital
2399 2695 137 40 social

1380 2758 43 30 et
1460 2748 78 41 des
1573 2753 200 38 réserves
1808 2752 57 40 de
1901 2753 9 39 1
1933 2753 338 43 établissement
2304 2755 231 42 industriel

1382 2812 74 47 qui
1482 2810 169 41 avalise
1677 2811 40 41 le
1741 2815 111 47 prêt.

1449 2894 84 41 Les
1569 2907 208 38 porteurs
1815 2897 325 51 d'obligations
2177 2912 79 29 ont
2292 2901 120 41 donc
2450 2919 85 23 une

1384 2955 130 50 triple
1564 2961 202 45 garantie
1806 2977 8 21 :
1856 2959 9 40 1
1881 2967 14 13 °
1930 2959 38 40 le
2001 2961 163 48 capital
2215 2962 136 40 social
2387 2962 56 40 de
2495 2963 39 41 la

1381 3015 152 42 Caisse
1558 3017 199 42 foncière
1782 3019 56 41 de
1862 3020 160 47 crédit;
2051 3020 46 42 2°
2123 3021 61 41 les
2207 3026 197 38 maisons
2427 3041 79 23 con-

1380 3081 175 38 struites
1576 3097 82 31 par
1681 3080 61 40 les
1764 3083 189 38 sociétés
1975 3083 334 47 immobilières,
2335 3097 43 29 et
2402 3084 46 41 3°
2472 3085 61 42 les

1382 3153 324 36 engagements
1750 3145 89 46 pris
1884 3160 82 33 par
2012 3144 61 40 les
2134 3147 189 39 sociétés
2385 3146 125 42 indus-

1380 3201 162 40 trielles
1566 3214 222 37 garantes.

1448 3285 61 41 Le
1544 3287 167 41 conseil
1750 3287 412 43 d'administration
2201 3302 107 37 peut
2344 3294 189 38 émettre

1382 3347 78 39 des
1499 3347 273 50 obligations
1826 3351 177 47 jusqu'à
2038 3367 302 26 concurrence
2396 3353 137 41 d'une

1381 3424 176 24 somme
1600 3408 127 49 égale
1768 3412 25 38 à
1834 3412 99 47 cinq
1979 3410 87 41 fois
2108 3412 39 40 le
2187 3413 165 49 capital
2396 3414 136 41 social

1380 3471 198 38 souscrit.
1612 3468 186 42 Celui-ci
1826 3482 138 38 ayant
1991 3474 71 38 été
2092 3483 97 31 tout
2218 3473 198 42 d'abord
2446 3475 88 41 fixé

1380 3531 26 38 à
1431 3528 19 41 5
1478 3528 206 47 millions,
1711 3548 86 24 une
1819 3535 223 44 première
2065 3534 184 41 tranche
2272 3535 58 40 de
2352 3535 56 42 25
2438 3536 72 41 mil-
