3363 4272
1627 168 105 50 378

157 316 301 65 überpopulär
486 332 50 30 zu
566 313 249 58 schreiben,
856 312 214 48 vielmehr
1106 317 138 41 etwas
1281 311 230 47 aufstellen
1540 311 106 56 will,

152 392 79 48 das
259 392 189 55 inneres,
478 390 207 63 kräftiges
712 388 155 49 Leben
906 388 117 47 habe
1065 386 89 47 und
1196 386 113 47 auch
1348 386 87 47 den
1461 387 186 46 Kenner

148 485 79 30 zur
255 467 168 47 öfteren
454 465 364 63 Wiederholung
858 465 142 47 seines
1031 462 195 48 Werkes
1263 461 188 48 einlade.
1498 461 148 48 Allein

148 545 43 45 in
221 543 114 47 allen
358 543 203 46 Künsten
584 542 94 62 gibt
701 557 44 31 es
767 542 68 46 ein
858 537 302 56 Ueberladen,
1190 537 77 48 das
1296 555 84 31 von
1407 555 52 29 zu
1488 537 155 48 vielem

147 616 94 49 und
269 617 226 63 häufigem
517 616 428 66 Wirkungsdrange
974 613 89 48 und
1087 613 298 48 Gelehrtthun
1416 613 228 56 herrührt,

148 693 85 48 wie
263 708 44 31 es
335 693 96 46 eine
452 692 206 47 Klarheit
680 692 88 47 und
785 691 201 48 Anmuth
1012 689 109 65 gibt,
1150 688 71 48 die
1243 688 71 48 bei
1338 689 109 47 aller
1464 688 150 48 Gründ-

146 768 179 48 lichkeit
364 768 90 47 und
496 768 403 64 Mannigfaltigkeit
938 767 79 47 der
1055 766 304 63 Composition
1402 781 81 48 gar
1522 766 120 47 wohl

147 843 215 50 bestehen
613 846 47 44 In
703 844 149 62 Bezug
892 843 82 47 auf
1004 842 282 47 Oekonomie
1322 840 203 47 wünscht
1564 839 80 48 der

152 919 344 50 wohlwollende
525 922 263 53 Rccensent,
818 919 100 47 dass
946 918 80 47 der
1056 918 262 63 Componist
1343 918 92 47 sich
1463 933 82 32 von
1573 918 71 47 ihr

151 995 136 50 leiten
316 995 141 47 lassen
486 995 255 65 möge,und
765 995 157 65 knüpft
948 994 116 48 noch
1086 993 365 49 Nachstehendes
1480 993 163 48 daran:

161 1073 88 54 „Es
277 1070 95 49 sind
401 1072 117 47 wohl
544 1073 172 62 wenige
741 1073 229 53 Künstler,
998 1070 145 49 denen
1167 1086 103 31 man
1291 1070 186 47 zurufen
1498 1086 144 31 muss:

148 1148 142 63 Spare
330 1145 129 49 deine
497 1148 183 46 Schätze
720 1147 89 47 und
848 1148 114 63 gehe
998 1145 349 49 haushälterisch
1378 1144 139 48 damit
1544 1145 99 47 um!

144 1224 133 47 Denn
306 1223 120 47 nicht
453 1224 107 46 viele
589 1223 95 47 sind
710 1223 233 48 überreich
965 1239 56 32 an
1044 1221 134 49 Ideen
1201 1221 92 49 und
1314 1223 103 45 sehr
1432 1221 212 65 gewandt

148 1299 45 48 in
223 1298 371 48 Combinationen

260 1374 171 47 Ferner
453 1390 78 31 aus
553 1374 101 47 dem
673 1374 207 48 Februar
908 1373 139 49 1800
1073 1374 113 48 über
1201 1374 128 63 Opus
1359 1373 90 49 13:
1484 1374 159 54 „Nicht

146 1449 78 47 mit
252 1449 199 47 Unrecht
480 1450 131 47 heisst
637 1449 120 48 diese
786 1450 443 64 wohlgeschriebene
1251 1451 167 47 Sonate
1446 1450 162 64 pathe-

147 1524 165 57 tisch,
341 1524 116 48 denn
485 1525 61 47 sie
576 1526 76 47 hat
679 1526 201 47 wirklich
919 1525 280 48 bestimmt
1238 1525 372 48 leidenschaft-

148 1601 186 47 lichen
365 1601 262 48 Charakter.
659 1602 110 47 Edle
792 1602 313 49 Schwermut!)
1131 1604 188 63 kündigt
1346 1602 90 49 sich
1465 1602 43 47 in
1538 1601 101 48 dem

147 1676 292 57 effectvollen,
481 1677 117 47 wohl
638 1679 91 47 und
768 1679 202 47 fliessend
1000 1679 267 48 inodulirten
1477 1695 80 32 aus

153 1751 107 48 moll
274 1768 72 39 an,
376 1752 77 47 das
481 1752 85 49 den
597 1754 199 63 feurigen
819 1755 327 63 Allegro-Satz,
1174 1755 80 47 der
1280 1755 80 47 viel
1381 1754 152 49 starke
1554 1755 58 47 Be-

146 1844 195 48 wegung
369 1827 76 49 des
475 1836 176 41 ernsten
680 1831 220 47 Gemüths
928 1831 260 56 ausdrückt,
1230 1831 228 48 bisweilen
1488 1837 127 42 unter-

147 1902 157 48 bricht.
334 1905 48 45 In
411 1903 99 49 dem
541 1905 175 63 Adagio
745 1922 79 32 aus
852 1905 195 61 As-dur,
1077 1907 77 47 das
1185 1907 109 49 aber
1320 1907 122 47 nicht
1469 1906 146 65 schlep-

147 1978 114 65 pend
284 1996 269 47 genommen
578 1982 180 48 werden
782 1999 117 31 muss
920 1983 92 47 und
1033 1985 171 47 sowohl
1226 1983 166 49 schöne
1411 1983 229 49 fliessende

146 2055 193 48 Melodie
369 2056 61 47 als
452 2056 277 49 Modulation
758 2058 89 49 und
871 2066 107 57 gute
999 2061 264 63 Bewegung
1284 2061 92 56 hat,
1406 2060 134 64 wiegt
1562 2060 78 48 das

150 2131 194 48 Gemüth
374 2132 89 47 sich
494 2133 70 47 ein
597 2133 43 47 in
668 2135 132 48 Ruhe
837 2136 90 47 und
957 2137 309 62 Trostgefühl,
1305 2152 80 32 aus
1421 2136 217 47 welchem

148 2221 45 33 es
216 2206 109 48 aber
345 2206 140 48 durch
509 2207 77 48 das
608 2208 161 50 Rondo
792 2211 43 46 in
858 2210 101 48 dem
984 2218 147 41 ersten
1160 2213 148 46 Tone
1336 2211 76 48 des
1436 2212 202 64 Allegro,

144 2282 46 47 in
218 2281 211 49 beiderlei
458 2284 136 47 Sinne
622 2284 76 49 des
730 2287 201 56 Wortes,
972 2287 168 48 wieder
1177 2287 204 65 geweckt
1421 2287 129 56 wird,
1590 2303 48 32 so

146 2357 99 49 dass
274 2358 90 47 also
393 2358 79 48 das
500 2358 79 48 der
607 2362 165 47 Sonate
800 2380 98 30 zum
917 2363 185 48 Grunde
1125 2364 175 64 gelegte
1322 2364 316 64 Hauptgefühl

146 2433 330 66 durchgeführt
499 2437 127 56 wird,
655 2438 215 48 wodurch
891 2439 62 49 sie
980 2441 136 47 selbst
1138 2441 180 47 Einheit
1345 2441 90 48 und
1464 2441 176 48 inneres

146 2511 171 57 Leben,
364 2512 90 48 also
499 2513 199 48 wirklich
741 2516 384 48 ästhetischen
1157 2517 166 48 Werth
1367 2517 157 48 erhält.
1578 2518 61 47 So

147 2593 138 41 etwas
326 2603 83 31 von
439 2588 121 47 einer
589 2591 165 47 Sonate
795 2607 136 48 sagen
971 2610 52 29 zu
1060 2592 194 56 können,
1296 2599 344 58 vorausgesetzt,

148 2663 84 47 wie
260 2663 95 47 hier
383 2663 79 47 der
491 2665 94 47 Fall
614 2667 69 56 ist,
725 2665 99 50 dass
858 2668 126 63 jedes
1025 2669 158 64 übrige
1214 2669 306 49 Erforderniss
1562 2669 80 49 der

148 2739 332 47 musicalischen
511 2742 177 47 Kunst
715 2743 120 48 nicht
863 2745 216 47 unerfüllt
1101 2747 200 63 gelassen
1332 2747 67 54 ist,
1430 2745 214 50 beweiset

150 2814 205 48 offenbar
384 2817 74 44 für
487 2815 94 49 ihre

261 2892 125 45 Höre
426 2908 103 30 man
571 2893 111 48 aber
722 2895 196 47 vollends
953 2894 97 65 (aus
1078 2895 100 49 dem
1206 2897 141 48 Jahre
1381 2897 159 63 1802)
1571 2897 69 48 die

146 2965 207 65 leipziger
379 2966 361 68 Musik-Zeitung
771 2970 111 49 über
905 2973 87 63 Op.
1011 2972 68 48 26
1112 2972 214 64 (As-dur)
1350 2973 91 48 und
1463 2974 87 65 Op.
1568 2974 67 48 27

148 3040 160 67 [Quasi
330 3043 226 49 Fantasia
583 3046 41 46 in
654 3046 183 49 Es-dur
865 3049 87 47 und
981 3049 42 47 in
1055 3048 236 66 Cis-moll):

270 3120 120 53 „Das
416 3120 95 47 sind
541 3120 70 48 die
638 3121 93 49 drei
764 3124 362 65 Compositionen
1155 3126 77 47 für
1258 3125 78 50 das
1364 3126 274 58 Pianoforte,

143 3195 154 47 womit
324 3196 121 47 Herr
472 3213 83 32 van
583 3199 255 48 Beethoven
877 3217 79 31 vor
984 3203 195 47 Kurzem
1219 3201 71 49 die
1324 3204 315 47 auserlesenen

144 3271 320 65 Sammlungen
487 3274 248 62 gebildeter
755 3276 198 50 Musiker
976 3276 89 49 und
1088 3278 192 64 geübter
1303 3279 337 65 Clavierspieler

147 3345 250 51 bereichert
425 3349 89 47 hat.
543 3350 259 52 Bereichert
812 3353 183 48 —denn
1023 3354 63 48 sie
1106 3354 95 48 sind
1225 3355 155 48 wahre
1400 3355 213 48 Bereiche-

148 3439 116 48 rung
290 3424 89 47 und
409 3424 199 63 gehören
637 3434 131 40 unter
788 3427 71 50 die
881 3430 203 63 wenigen
1105 3430 224 48 Producte
1352 3430 76 48 des
1445 3431 193 65 jetzigen

147 3497 174 57 Jahres,
349 3499 68 48 die
444 3500 259 49 schwerlich
727 3502 160 65 jemals
910 3506 195 47 veralten
1127 3506 183 48 werden
1334 3506 92 48 und
1447 3523 84 31 von
1560 3506 52 50 de-

146 3589 89 33 nen
263 3573 237 49 besonders
527 3579 78 47 Nr.
636 3577 30 50 3
698 3580 160 63 gewiss
898 3581 69 47 nie
1007 3582 195 47 veralten
1244 3582 134 49 kann.
1493 3584 81 48 Nr.
1610 3585 22 48 1

147 3648 179 49 möchte
354 3650 110 48 doch
494 3652 118 48 wohl
650 3656 291 48 stellenweise
979 3657 109 49 allzu
1130 3657 218 49 künstlich
1390 3659 250 63 gearbeitet

146 3726 108 48 sein.
282 3727 92 46 Das
402 3728 76 46 soll
509 3728 109 47 aber
645 3731 274 66 keineswegs
947 3750 83 32 von
1059 3734 100 48 dem
1190 3735 226 48 wahrhaft
1436 3751 202 49 grossen,

144 3802 213 48 düsteren
381 3802 90 47 und
492 3806 299 61 prachtvollen
819 3810 512 49 Harmonie-Stücke
1352 3819 158 57 gesagt
1530 3812 109 57 sein,

146 3878 80 51 das
252 3878 80 49 der
360 3880 248 55 Verfasser,
647 3899 75 30 um
751 3883 84 49 den
865 3886 171 63 Spieler
1063 3887 143 64 gleich
1235 3887 83 48 auf
1340 3887 85 48 den
1454 3888 185 49 rechten

144 3954 287 65 Standpunkt
451 3972 52 31 zu
527 3956 162 57 heben,
720 3958 329 51 überschreibt:
1075 3960 190 50 Marcia
1290 3963 207 50 Funebre
1524 3963 116 50 sulla

143 4035 139 45 morfe
307 4031 109 49 d'un
444 4029 145 63 Eroe;
631 4032 117 51 denn
790 4035 95 49 hier
919 4038 161 64 gehört
1108 4040 106 48 alles
1243 4040 276 64 Schwierige
1547 4041 91 48 und

1717 307 299 48 Kunstreiche
2042 321 99 32 zum
2171 305 240 48 Ausdruck
2456 305 90 48 und
2589 304 177 64 folglich
2804 321 77 29 zur
2912 305 305 63 Hauptsache.

1719 386 118 47 Wer
1864 385 90 47 sich
1985 383 111 55 hier,
2133 398 47 32 so
2211 382 84 47 wie
2322 382 44 47 in
2395 381 345 48 verschiedenen
2771 381 165 47 Stellen
2966 379 79 49 der
3073 383 79 46 Nr.
3185 382 30 47 2

1717 459 90 49 und
1836 459 84 49 wie
1947 459 44 47 in
2020 458 31 48 3
2084 458 82 47 fast
2194 473 126 49 ganz,
2350 457 115 47 über
2486 456 343 64 Schwierigkeit
2851 454 79 47 der
2951 456 133 47 Ideen
3110 456 109 48 oder

1715 537 115 47 auch
1859 536 80 48 der
1967 534 305 64 Ausführung
2301 533 198 64 beklagt,
2541 532 79 48 der
2663 533 165 64 gleicht
2869 532 101 48 den
2998 533 221 64 Popular-

1714 612 319 65 Philosophen,
2080 611 68 47 die
2189 609 106 65 jede
2340 608 309 65 tiefgreifende
2696 608 311 65 Abhandlung
3053 608 44 47 in
3139 608 80 48 der

1713 687 201 65 Spräche
1941 688 124 47 einer
2086 686 174 63 artigen
2284 684 319 49 Conversation
2627 683 118 47 beim
2772 683 125 48 Thee
2918 691 299 58 vorgetragen

1714 763 149 48 haben
1893 764 175 47 wollen.

1836 840 112 55 „Die
1971 838 238 48 Phantasie
2237 837 44 48 in
2311 834 202 52 Cis-moll
2536 835 54 47 ist
2617 852 84 30 von
2723 835 180 63 Anfang
2926 834 65 48 bis
3015 853 50 29 zu
3088 834 131 51 Ende

1710 917 85 47 Ein
1826 915 269 64 gediegenes
2124 914 188 57 Ganzes,
2342 913 78 48 mit
2447 913 161 47 Einem
2639 912 118 47 Male
2787 927 80 32 aus
2895 910 101 49 dem
3026 927 189 48 ganzen,

1710 993 135 47 tiefen
1886 992 92 48 und
2019 990 122 65 innig
2183 990 294 65 aufgeregten
2509 988 226 48 Gemüthe
2776 994 306 57 entsprungen
3124 988 93 48 und

1712 1086 92 30 nun
1840 1068 244 63 gleichsam
2122 1083 80 31 aus
2229 1067 161 47 Einem
2422 1063 336 49 Marmorblock
2796 1063 222 63 gehauen.
3073 1064 62 46 Es
3163 1064 55 47 ist

1712 1144 119 48 wohl
1853 1144 120 47 nicht
1996 1143 211 64 möglich,
2236 1141 99 49 dass
2358 1140 159 65 irgend
2540 1140 70 47 ein
2634 1139 200 56 Mensch,
2858 1139 101 47 dem
2983 1139 71 48 die
3071 1140 147 47 Natur

1712 1221 120 47 nicht
1861 1220 70 48 die
1959 1219 155 48 innere
2142 1219 147 47 Musik
2319 1225 177 56 versagt
2523 1216 94 55 hat,
2655 1216 122 47 nicht
2811 1216 126 47 sollte
2968 1215 141 48 durch
3139 1215 78 48 das

1712 1304 116 41 erste
1855 1296 178 64 Adagio
2063 1295 212 65 ergriffen
2314 1294 91 48 und
2437 1293 251 49 allmählich
2719 1293 161 47 immer
2908 1293 145 47 höher
3081 1293 112 64 gelei-

1710 1379 65 41 tet
1797 1373 90 47 und
1910 1371 118 49 dann
2051 1371 139 47 durch
2215 1370 77 48 das
2311 1370 165 48 Presto
2504 1366 168 68 agitato
2698 1384 47 30 so
2775 1368 123 63 innig
2927 1368 179 64 bewegt
3125 1369 93 47 und

1712 1465 48 32 so
1790 1449 115 48 hoch
1936 1448 209 66 gehoben
2174 1448 201 54 werden,
2415 1448 64 47 als
2508 1463 48 30 er
2583 1445 142 47 durch
2757 1445 105 47 freie
2893 1445 322 47 Ciaviermusik

1710 1543 87 29 nur
1823 1543 52 29 zu
1907 1524 145 47 heben
2081 1524 66 47 ist.
2178 1524 82 47 Mit
2279 1522 377 49 vollkommenem
2677 1519 156 48 Grund
2856 1520 95 47 sind
2977 1520 119 47 diese
3120 1520 70 48 bei-

1712 1601 86 48 den
1827 1604 273 61 Hauptsätze
2128 1601 45 47 in
2194 1600 101 47 dem
2319 1597 339 50 schauerlichen
2900 1596 315 65 geschrieben;

1713 1677 173 49 überall
1916 1679 76 47 hat
2020 1677 115 47 auch
2164 1676 80 47 der
2274 1675 248 56 Verfasser,
2556 1690 56 32 so
2650 1674 128 47 weit
2814 1689 55 32 so
2912 1680 172 41 etwas
3124 1674 95 48 mit

1710 1752 737 50 conventionellenZeichen
2476 1756 301 59 ausgesagt
2806 1749 223 48 werden
3051 1749 167 55 kann,

1710 1830 87 48 den
1827 1830 198 63 Vortrag
2058 1829 92 48 und
2185 1829 115 48 auch
2330 1829 71 47 die
2429 1825 329 64 Handhabung
2785 1825 77 47 des
2890 1825 203 64 Eigenen
3123 1826 92 47 und

1709 1907 332 64 Vorzüglichen
2074 1905 77 48 des
2178 1905 260 48 Pianoforte
2476 1903 316 64 hinzugesetzt,
2833 1902 171 47 welche
3039 1902 179 48 letztere

1710 1983 257 47 Beethoven
2008 1982 114 48 nach
2161 1981 85 48 den
2274 1980 374 64 Bezeichnungen
2688 1977 93 48 und
2813 1977 117 48 noch
2966 1977 251 50 sichtbarer

1710 2058 115 49 nach
1854 2057 80 50 der
1962 2074 170 49 ganzen
2160 2057 175 64 Anlage
2363 2055 93 49 und
2477 2055 287 63 Hinstellung
2792 2053 145 49 seiner
2956 2052 136 50 Ideen
3120 2070 74 32 ver-

1710 2136 134 54 steht,
1872 2135 85 48 wie
1987 2136 135 47 kaum
2151 2133 159 65 irgend
2340 2133 70 47 ein
2432 2132 194 48 anderer
2649 2130 263 64 Componist
2935 2131 75 47 für
3037 2130 178 49 dieses

1710 2212 290 55 Instrument,
2029 2210 92 48 und
2148 2211 86 47 wie
2260 2210 89 47 Ph.
2377 2210 113 47 Em.
2518 2207 142 48 Bach
2690 2206 78 48 das
2797 2206 267 64 eigentliche
3095 2207 92 48 Cia-

1710 2287 115 48 vier
1850 2303 55 31 zu
1933 2286 274 49 handhaben
2235 2283 222 50 verstand.
2485 2283 86 48 Ein
2602 2282 126 48 recht
2753 2282 105 48 sehr
2886 2288 130 59 gutes
3045 2283 146 47 Instru-

1712 2371 123 40 ment
1863 2380 119 31 muss
2005 2380 104 31 man
2140 2362 110 48 aber
2278 2361 211 57 besitzen,
2518 2376 133 33 wenn
2679 2376 106 32 man
2813 2358 91 48 sich
2933 2358 138 50 selbst
3096 2358 121 50 beim

1712 2441 226 62 Vortrage
1977 2438 217 50 mancher
2232 2438 146 47 seiner
2415 2438 144 53 Sätze,
2598 2453 36 30 z.
2662 2436 50 47 B.
2743 2434 76 49 des
2858 2451 171 47 ganzen
3069 2443 146 41 ersten

1712 2518 151 47 Satzes
1889 2532 84 33 von
2004 2516 49 55 3,
2082 2516 171 63 einiger
2279 2516 207 47 Maassen
2517 2516 208 62 genügen

1825 2593 66 47 Im
1919 2593 236 64 Jahrgang
2189 2591 140 49 1805
2361 2591 135 47 heisst
2523 2606 46 32 es
2596 2589 160 47 schon:
2796 2588 283 56 „Beethoven
3104 2588 113 48 wird

1713 2668 80 48 mit
1821 2669 80 47 der
1926 2669 98 47 Zeit
2057 2668 116 48 eben
2209 2667 70 48 die
2301 2667 268 48 Revolution
2604 2665 42 47 in
2677 2664 81 47 der
2780 2665 146 47 Musik
2969 2664 248 59 bewirken,

1713 2745 85 47 wie
1825 2745 185 47 Mozart.
2052 2744 83 47 Mit
2162 2759 183 49 grossen
2376 2742 223 48 Schritten
2630 2740 73 47 eilt
2733 2757 49 30 er
2809 2757 99 30 zum

1712 2823 172 46 Ferner
1921 2820 113 47 wird
2075 2819 79 50 das
2698 2819 379 50 C-moll-Concert
2583 2855 10 20 ,
2644 2815 79 50 das
2764 2815 141 49 1804
2947 2815 148 50 neben
3137 2817 80 49 der

1710 2898 187 47 zweiten
1939 2898 199 47 Sinfonie
2179 2895 60 65 (in
2281 2893 181 66 D-dur)
2507 2894 217 56 erschien,
2772 2893 142 63 gleich
2957 2894 115 47 nach
3112 2894 102 48 dem

1712 2980 147 41 ersten
1888 2973 227 63 Vortrage
2152 2972 234 48 desselben
2427 2970 142 49 durch
2607 2968 258 48 Ferdinand
2894 2969 105 47 Ries
3040 2987 51 30 zu
3130 2969 87 50 den

1723 3050 263 56 „schönsten
2447 3048 188 64 gezählt,
2664 3045 93 48 und
2786 3045 70 48 die
2884 3046 155 49 zweite
3067 3048 123 48 Sinfo-

1710 3126 73 47 nie
1822 3126 97 55 „ein
1949 3125 150 48 Werk
2141 3125 82 47 voll
2253 3140 156 41 neuer,
2446 3123 256 64 origineller
2730 3121 154 58 Ideen,
2924 3138 83 32 von
3037 3139 181 48 grosser

1712 3203 146 54 Kraft,
1886 3201 289 49 seelenvoller
2201 3200 410 65 Instrumentirung
2639 3198 90 49 und
2759 3199 228 63 gelehrter
3007 3199 178 48 Ausfüh-

1892 3284 210 58 genannt.

1825 3355 133 47 Diese
1987 3354 339 63 Anführungen
2362 3353 225 49 beweisen
2622 3369 80 32 zur
2731 3353 209 63 Genüge,
2982 3351 100 49 dass
3111 3369 106 32 man

1710 3431 126 56 viele,
1858 3431 64 64 ja,
1952 3430 69 48 die
2051 3430 186 48 meisten
2268 3430 176 50 Werke
2474 3430 294 48 Beethoven's
2796 3430 146 62 gleich
2973 3429 70 47 bei
3071 3429 144 49 ihrem

1709 3507 277 49 Erscheinen
2002 3506 242 65 würdigte,
2267 3506 146 50 wobei
2437 3506 223 48 natürlich
2679 3505 122 48 nicht
2818 3505 117 48 bloss
2957 3521 82 32 von
3058 3506 157 56 Wien,

1709 3584 193 47 sondern
1931 3600 83 31 von
2044 3600 111 47 ganz
2184 3582 306 50 Deutschland
2522 3582 70 47 die
2621 3581 124 48 Rede
2773 3581 68 47 ist.
2871 3582 104 47 Erst
3002 3581 71 48 die
3101 3584 87 47 Ros-

1710 3660 202 48 sini'sche
1935 3659 192 49 Periode
2148 3659 92 48 und
2263 3659 70 48 die
2348 3656 523 51 Virtuosenwirthschaft
2894 3657 189 65 drängte
3106 3659 109 48 viele

1712 3736 177 48 Werke
1916 3753 84 30 von
2029 3736 92 47 ihm
2150 3735 185 57 zurück,
2364 3735 70 48 die
2465 3734 167 48 wieder
2658 3750 52 31 zu
2742 3734 204 48 frischem
2977 3735 154 48 Leben
3162 3753 51 30 zu

1710 3811 191 65 bringen
1930 3811 84 48 den
2037 3812 157 47 letzten
2216 3810 344 49 Jahrzehenden
2582 3810 293 48 aufbehalten
2898 3827 110 32 war.
3037 3811 153 50 Schrei-

1710 3887 82 48 ber
1820 3887 142 48 dieses
1990 3887 198 47 erinnert
2215 3886 91 47 sich
2336 3902 82 32 aus
2442 3886 150 48 seinen
2608 3886 215 48 Knaben-
2841 3886 92 48 und
2954 3888 234 65 Jünglings-

1706 3965 161 63 jahren
1897 3963 164 64 (1808
2075 3962 254 64 —1818),
2371 3962 71 48 die
2483 3979 49 31 er
2566 3963 44 47 in
2639 3965 191 54 Dessau,
2874 3981 71 31 wo
2980 3965 99 48 eine
3115 3981 74 33 vor-

1710 4040 226 48 treffliche
1964 4038 265 64 Hofcapelle
2258 4037 91 50 und
2378 4038 209 50 mehrere
2616 4040 392 57 Quartett-Cirkel
3044 4057 170 41 waren,
