3596 4409
1731 145 106 51 397

196 282 70 47 ein
308 281 446 48 culturhistoriscbes
797 284 237 48 Interesse.
1091 285 195 48 Freilich
1331 286 99 48 liess
1472 286 92 48 sich
1612 287 121 47 nicht

197 359 327 57 vorhersehen,
562 359 101 48 dass
695 359 80 48 der
806 361 202 64 Vortrag
1038 378 48 30 so
1118 362 201 63 geistvoll
1352 364 90 47 und
1475 365 183 61 elegant
1687 365 42 47 in

194 436 81 48 der
304 437 140 46 Form
477 436 213 65 gehalten
722 437 184 49 werden
940 437 177 56 würde,
1161 440 85 47 wie
1277 440 93 47 dies
1400 441 142 47 durch
1579 442 151 47 Herrn

192 530 85 32 von
309 515 226 48 Dommer
564 515 214 65 geschah.
809 517 134 47 Seine
976 517 373 65 Betrachtungen
1381 519 248 48 umfassten
1662 520 69 48 die

192 591 287 65 hamburger
507 593 370 49 Musikzustände
905 610 86 32 von
1029 593 145 49 ihrem
1207 596 250 47 Entstehen
1498 596 141 50 1692
1674 614 56 32 an

192 668 68 49 bis
299 687 52 31 zu
390 670 124 48 ihrer
552 672 143 47 vollen
737 671 326 65 Entwicklung
1099 672 163 57 1703,
1309 673 87 47 und
1439 675 176 47 endlich
1660 675 71 47 ihr

192 747 170 48 Sinken
403 747 65 48 bis
505 765 100 32 zum
648 750 263 63 gänzlichen
944 750 285 48 Auslöschen
1268 750 159 50 1738.
1486 753 94 46 Der
1615 752 85 48 Vor-

190 825 224 63 tragende
456 834 172 40 vertrat
674 825 71 48 die
778 826 207 57 Ansicht,
1036 826 101 49 dass
1180 827 80 50 das
1306 828 222 49 übereilte
1571 830 42 47 in
1659 830 71 48 die

191 902 137 48 Höhe
359 903 218 59 Treiben,
620 903 85 47 wie
738 902 69 48 bei
839 903 125 49 einer
999 905 485 66 Warmhauspflanze,
1528 908 70 46 ein
1629 924 75 31 vor-

188 981 182 65 zeitiges
403 980 274 49 Verwelken
709 982 250 48 veranlasst
991 982 132 48 habe.
1185 985 251 52 Händel,
1480 985 214 48 Matthe-

190 1075 54 32 so
260 1076 25 29 n
328 1058 90 49 und
463 1060 143 63 Kays
623 1076 54 31 er
718 1060 191 48 wurden
939 1061 57 46 im
1032 1061 301 48 lebhaftesten
1367 1061 171 48 Colorit
1569 1079 134 48 vorge-

192 1137 130 47 führt
351 1136 89 48 und
473 1137 71 47 ihr
571 1137 195 50 Wirken
793 1138 81 49 auf
897 1138 330 65 scharfsinnige
1259 1140 89 48 und
1382 1140 348 49 kenntnissvolle

194 1215 160 49 Weise
384 1216 276 65 gewürdigt.

586 1465 185 72 Sophia
817 1466 521 57 Schoberlechner
1337 1465 1 72 †.

308 1606 122 47 Frau
461 1604 209 65 Sophia
700 1606 130 48 dall'
862 1606 736 58 Occa-Schoberlechner,
1630 1609 99 46 eine

191 1681 80 49 der
303 1682 346 49 berühmtesten
681 1684 469 66 Opernsängerinnen
1194 1686 82 47 der
1319 1686 207 56 Neuzeit,
1569 1687 53 47 ist
1651 1703 79 31 vor

187 1761 201 48 Kurzem
421 1761 42 47 in
489 1762 64 47 St.
578 1763 284 64 Petersburg
893 1763 261 64 gestorben.
1187 1764 122 47 Frau
1334 1764 397 49 Scboberlechner

190 1856 96 30 war
317 1838 71 48 die
418 1839 201 49 Tochter
662 1839 79 49 des
782 1842 276 47 berühmten
1103 1842 311 47 italiänischen
1447 1843 255 62 Gesangleh-

187 1933 97 31 rers
310 1917 177 65 Philipp
639 1918 127 48 Occa
792 1919 89 46 und
909 1921 161 45 wurde
1107 1918 143 50 1809
1283 1937 51 29 zu
1361 1921 63 45 St.
1451 1921 279 63 Petersburg

188 1996 221 63 geboren.
441 1996 151 48 Schon
624 1997 57 47 im
713 2004 222 41 zartesten
968 1999 128 46 Alter
1127 2015 84 30 von
1239 1998 29 48 6
1358 1997 27 48 7
1411 1998 173 48 Jahren
1616 2016 115 48 sang

187 2073 64 47 sie
282 2073 82 47 mit
393 2072 157 49 Beifall
583 2073 42 48 in
652 2074 243 49 mehreren
920 2076 371 53 Privathäusern,
1321 2081 153 59 später
1500 2077 41 46 in
1568 2077 140 48 öffent-

191 2152 146 47 lichen
384 2152 274 54 Concerten,
722 2153 90 48 und
872 2154 158 49 wurde
1075 2156 114 45 nach
1236 2154 325 64 Entwicklung
1606 2157 122 47 ihrer

188 2229 195 47 Stimme
413 2229 99 47 eine
544 2229 80 48 der
657 2231 156 46 besten
846 2231 90 48 und
971 2232 296 47 beliebtesten
1306 2233 330 62 Sängerinnen.
1682 2234 48 46 In

187 2307 126 47 ihrer
338 2307 362 48 Glanz-Periode
723 2309 243 49 schilderte
990 2311 61 47 sie
1075 2311 70 47 ein
1173 2309 353 49 Musikkenner:
1568 2312 163 53 „Brust

191 2401 83 31 von
305 2385 107 55 Erz,
451 2385 351 56 Silberstimme,
845 2388 217 63 goldenes
1093 2389 181 54 Talent,
1320 2388 175 47 kühnes
1528 2388 206 63 Wagen,

188 2464 275 64 siegreiches
792 2467 85 47 Ein
905 2468 211 46 Anderer
1143 2474 130 56 sagte
1303 2468 41 46 in
1377 2467 87 47 den
1489 2467 244 61 dreissiger

188 2542 174 48 Jahren
389 2558 83 31 von
498 2543 93 47 ihr:
622 2544 104 55 „Ihr
745 2544 339 48 Kunst-Talent
1108 2545 225 46 erscheint
1357 2545 42 46 in
1423 2544 101 47 dem
1555 2545 179 47 Kranze

190 2619 124 48 ihrer
347 2619 353 65 Eigenschaften
732 2623 124 47 nicht
884 2623 64 47 als
978 2624 99 46 eine
1108 2623 199 47 einzelne
1342 2623 174 48 Blume.
1547 2623 75 48 Sie
1654 2623 52 48 be-

191 2698 98 47 sitzt
318 2698 147 47 neben
497 2698 147 48 dieser
677 2699 355 48 bezaubernden
1063 2700 263 49 Tonblume
1357 2700 377 64 ausgezeichnete

197 2777 461 64 Sprachkenntnisse,
685 2779 255 47 Heiterkeit
963 2780 78 47 des
1066 2780 192 55 Geistes,
1282 2779 206 48 Anmuth
1514 2779 89 47 und
1631 2780 77 47 Lie-

191 2854 395 65 benswürdigkeit
609 2855 58 47 im
696 2857 282 55 Benehmen,
1010 2857 221 49 wodurch
1263 2858 62 48 sie
1357 2858 62 48 als
1450 2858 99 47 eine
1573 2858 158 48 wahre

190 2933 132 47 Perle
351 2933 42 47 in
426 2933 246 63 geselligen
705 2934 193 48 Kreisen
931 2935 148 64 glänzt
1119 2935 89 47 und
1251 2935 41 49 in
1325 2944 174 40 ernster
1532 2935 173 49 Conver-

188 3010 145 49 sation
366 3009 144 50 durch
541 3012 294 48 Scharfblick
868 3014 90 47 und
996 3014 214 64 richtiges
1241 3014 174 48 Urlheil
1448 3014 285 48 überrascht.

190 3089 274 64 Vorzüglich
492 3090 155 47 waltet
676 3089 57 48 da
761 3090 99 49 ihre
887 3092 362 54 Herzensmilde,
1281 3107 71 32 wo
1382 3108 45 32 es
1456 3093 96 63 gilt,
1583 3108 119 32 erwa-

188 3166 177 49 chende
392 3168 193 47 Talente
628 3184 57 31 an
727 3168 79 48 das
848 3169 132 48 Licht
1022 3187 52 30 zu
1114 3169 173 50 ziehen.
1347 3169 302 66 Ueberhaupt
1678 3169 53 48 ist

188 3245 200 65 Signora
418 3245 104 48 dall'
554 3247 127 48 Occa
709 3248 173 63 Sophia
911 3248 400 48 Scboberlechner
1354 3250 125 47 nicht
1521 3248 118 48 bloss
1672 3248 58 48 im

187 3323 305 57 Kunstfache,
521 3324 200 48 sondern
760 3325 116 49 auch
909 3327 41 45 in
983 3327 298 47 moralischer
1312 3328 89 46 und
1434 3328 273 47 intellectuel-

194 3401 66 49 ler
293 3403 210 47 Hinsicht
531 3403 85 47 den
644 3404 468 65 Ausgezeichnetsten
1142 3405 121 49 ihres
1287 3405 320 49 Geschlechtes
1639 3405 69 47 bei-

582 3481 66 47 Im
679 3481 143 49 Jahre
860 3481 145 50 1824
1038 3484 123 48 hatte
1190 3484 63 48 sie
1283 3484 92 47 sich
1410 3485 78 46 mit
1518 3483 100 48 dem
1655 3483 50 48 be-

190 3558 217 48 rühmten
450 3559 229 48 Pianisten
726 3560 89 47 und
849 3560 327 66 Comporiisten
1221 3563 175 47 Franz
1441 3563 66 47 Sc
1523 3561 173 49 hober-

191 3635 122 48 iech
331 3652 96 31 ner
456 3653 82 30 aus
572 3638 157 53 Wien,
774 3638 82 47 der
897 3639 116 47 eben
1053 3643 42 44 in
1128 3640 65 47 St.
1226 3639 279 65 Petersburg
1545 3654 159 32 concer-

190 3714 123 57 tirte,
343 3715 245 57 vermählt;
641 3714 162 57 1831,
848 3718 62 47 als
942 3718 71 47 die
1042 3718 358 62 Vorstellungen
1433 3718 80 48 der
1541 3716 169 49 italiäni-

191 3791 137 49 schen
356 3793 299 48 Gesellschaft
679 3794 40 47 in
745 3795 63 47 St.
834 3795 283 65 Petersburg
1137 3796 69 47 ihr
1225 3795 131 48 Ende
1382 3795 179 53 fanden,
1582 3794 149 65 begab

191 3871 62 47 sie
284 3871 91 47 sich
408 3871 116 47 nach
553 3873 178 57 Italien,
775 3890 71 31 wo
889 3874 64 47 sie
994 3874 104 47 bald
1143 3876 101 46 eine
1274 3875 82 47 der
1387 3874 344 48 berühmtesten

192 3949 316 63 Sängerinnen
540 3950 175 48 wurde.
780 3950 142 51 1832
968 3968 113 47 sang
1123 3954 62 46 sie
1226 3953 41 47 in
1307 3953 206 63 Bologna
1546 3951 79 47 mit
1654 3950 80 47 der

194 4026 278 50 berühmten
510 4028 128 48 Mali
658 4028 139 49 bran
842 4029 92 48 und
966 4030 156 47 theilte
1154 4030 80 48 mit
1263 4030 70 48 ihr
1363 4030 71 48 die
1464 4030 160 47 Palme
1655 4028 78 49 des

194 4105 222 50 Ruhmes.
475 4106 64 47 Im
572 4108 145 47 Laufe
757 4109 174 64 einiger
959 4110 144 47 Jahre
1143 4125 98 32 war
1279 4110 63 47 sie
1380 4110 351 47 Prima-Donna

1829 305 73 32 am
1935 290 199 49 Theater
2168 295 130 47 Deila
2327 296 131 49 Scala
2486 315 51 30 zu
2570 299 217 58 Mailand,
2819 319 68 31 wo
2918 304 61 47 sie
3009 305 113 47 auch
3155 323 78 30 zur
3257 306 96 49 Zeit

1831 366 80 48 der
1942 367 226 68 Krönung
2200 370 76 49 des
2306 375 403 50 österreichischen
2744 380 181 47 Kaisers
2954 398 127 44 sang,
3112 383 80 47 der
3229 383 124 49 beste

1836 445 188 54 Beweis,
2048 449 171 45 welche
2251 449 119 47 hohe
2393 451 135 47 Stelle
2557 454 62 45 sie
2651 463 131 39 unter
2811 456 86 49 den
2924 458 311 63 Sängerinnen
3267 461 66 47 Ita-

1833 522 108 47 liens
1973 524 230 49 einnahm.
2260 527 76 46 Ihr
2368 529 181 64 Gesang
2593 533 190 62 gehörte
2814 534 80 48 der
2937 535 202 50 höheren
3172 538 181 54 Schule,

1832 599 137 48 deren
1998 602 468 64 Repräsentantinnen
2499 606 40 47 in
2571 607 154 50 Italien
2756 611 99 49 eine
2887 613 167 48 Pasta
3087 613 88 48 und
3208 615 149 47 Grisi

1834 693 171 39 waren,
2049 695 71 33 an.
2179 682 85 46 Die
2293 682 247 50 Recitative
2570 701 113 49 sang
2721 689 61 45 sie
2821 691 398 55 unnachahmlich,
3262 694 98 47 ihre

1833 753 323 68 Phraseologie
2186 757 92 49 und
2308 759 71 47 ihr
2410 761 293 50 Portamento
2735 781 152 32 waren
2915 769 206 47 classisch
3155 769 88 47 und
3276 770 84 47 alle

1832 832 228 65 Passagen
2088 835 190 48 wurden
2312 837 77 49 mit
2420 839 322 49 musterhafter
2764 844 212 49 Reinheit
3005 846 90 47 und
3125 846 235 65 Rundung

1831 912 290 61 ausgelührt.
2154 914 75 45 Ihr
2252 914 245 63 jährliches
2523 916 165 50 Gehalt
2711 934 54 30 an
2792 920 79 47 der
2896 921 306 51 italiänischen
3230 924 128 64 Oper

1831 987 43 47 in
1904 988 62 47 St.
2001 990 278 64 Petersburg
2323 991 165 66 betrug
2533 994 207 54 20,000
2774 997 161 49 Rubel.
2999 997 142 52 1833
3174 1016 94 32 war
3297 1001 63 47 sie

1832 1066 80 46 mit
1941 1066 79 48 der
2050 1067 308 50 italiänischen
2389 1071 129 63 Oper
2547 1072 42 47 in
2622 1072 159 57 Wien,
2825 1093 70 31 wo
2925 1076 63 48 sie
3026 1079 219 47 immense
3273 1079 58 47 Er-

1832 1143 117 65 folge
1979 1161 184 48 errang,
2194 1147 115 47 eben
2340 1164 48 33 so
2426 1147 158 51 1838.
2634 1151 199 50 Seitdem
2866 1154 119 48 lebte
3014 1155 62 48 sie
3108 1156 41 47 in
3181 1156 62 47 St.
3278 1156 55 48 Pe-

1829 1221 233 65 tersburg,
2092 1225 80 45 seit
2210 1222 143 51 1843
2386 1227 63 46 als
2482 1226 188 48 Witwe.

2332 1476 216 55 Gaetano
2590 1479 271 53 Fraschini.

1951 1613 94 45 Der
2073 1613 212 50 Tenorist
2316 1617 249 48 Gaetano
2610 1620 327 54 Fraschini,
2981 1620 80 48 der
3092 1627 239 59 gegenwär-

1837 1688 90 64 tige
1959 1689 115 47 Held
2109 1689 80 49 der
2223 1692 309 51 italiänischen
2563 1696 347 65 Opern-Saison
2941 1698 41 47 in
3017 1700 142 53 Paris,
3205 1700 157 47 wurde

1841 1766 138 48 1817
2017 1768 41 46 in
2092 1769 134 47 Pavia
2257 1771 221 63 geboren,
2521 1790 72 32 wo
2637 1791 48 31 er
2723 1776 56 47 im
2829 1777 152 47 Hause
3023 1778 147 47 seiner
3206 1778 155 49 Eltern

1834 1844 99 49 eine
1963 1847 269 65 sorgtältige
2266 1850 255 64 Lrziehung
2552 1869 176 45 genoss.
2778 1855 113 45 Zum
2923 1855 247 63 Jünglinge
3201 1856 137 47 heran-

1836 1924 292 61 gewachsen,
2161 1924 179 65 begann
2365 1942 48 32 er
2438 1930 73 45 auf
2537 1928 80 47 der
2640 1930 208 63 dortigen
2876 1931 268 48 Universität
3173 1932 71 47 die
3268 1933 72 64 phi-

1836 2001 316 63 losophischen
2179 2003 187 48 Studien
2393 2004 90 49 und
2510 2022 95 32 war
2629 2015 107 40 stets
2760 2008 69 47 ein
2853 2008 105 47 sehr
2982 2008 234 66 fleissiger,
3247 2011 97 46 eifri-

1833 2095 83 48 ger
1946 2079 208 49 Student.
2212 2083 95 47 Der
2337 2083 98 48 Tod
2480 2086 148 47 seiner
2657 2086 275 54 Schwester,
2976 2104 55 31 an
3073 2087 81 48 der
3196 2105 48 30 er
3287 2088 79 47 mit

1832 2157 236 48 zärtlicher
2092 2158 141 48 Liebe
2259 2159 125 65 hing,
2406 2171 214 39 versetzte
2643 2163 75 47 ihn
2746 2164 202 64 plötzlich
2975 2164 40 47 in
3042 2166 103 45 tiefe
3169 2166 194 52 Trauer,

1834 2234 91 47 und
1969 2237 83 46 seit
2095 2237 166 48 diesem
2295 2241 318 62 Augenblicke
2655 2243 147 46 verlor
2847 2258 48 31 er
2937 2242 71 48 die
3040 2243 108 47 Lust
3189 2261 50 28 zu
3273 2244 85 47 den

1833 2313 208 57 Studien,
2071 2314 119 49 ohne
2214 2316 90 48 sich
2325 2317 165 65 jedoch
2518 2319 75 46 für
2615 2319 159 64 irgend
2800 2319 97 47 eine
2921 2321 169 45 andere
3113 2321 248 48 Laufbahn

1933 2407 72 31 am
2039 2393 364 64 allerwenigsten
2449 2396 112 47 aber
2601 2397 75 47 für
2718 2397 70 47 die
2825 2397 319 48 theatralische
3264 2408 73 38 ent-

1832 2468 227 48 schlossen
2090 2487 52 29 zu
2176 2471 164 49 haben.
2372 2473 135 47 Eines
2533 2474 148 63 Tages
2713 2474 161 47 befand
2906 2474 90 47 sich
3026 2476 228 47 Fraschini
3291 2476 67 47 bei

1832 2547 169 47 seinem
2035 2548 267 48 Bekannten
2336 2551 75 47 Fei
2420 2552 63 47 ice
2514 2553 200 53 Moretti,
2759 2570 143 30 einem
2935 2553 307 55 talentvollen,
3283 2554 57 47 lei-

1833 2624 81 48 der
1944 2643 50 29 zu
2027 2624 101 50 früh
2159 2628 326 50 verstorbenen
2518 2631 216 53 Maestro,
2773 2631 79 47 der
2882 2631 113 48 eben
3036 2632 68 46 ein
3141 2633 219 64 Requiem

1833 2704 257 64 componirt
2121 2705 139 55 hatte,
2304 2707 195 47 welches
2528 2707 239 48 nächstens
2810 2709 42 46 in
2890 2708 78 47 der
3000 2708 281 48 Kathedrale
3310 2727 52 29 zu

1834 2782 134 47 Pavia
1988 2782 271 64 aufgeführt
2281 2784 186 48 werden
2492 2785 141 47 sollte.
2670 2787 79 45 Ein
2768 2788 176 62 Sänger
2967 2785 203 65 probirte
3196 2788 167 62 gerade

1836 2858 80 49 das
1945 2859 292 51 Incarnatus
2274 2878 79 32 aus
2396 2863 101 48 dem
2539 2864 264 47 erwähnten
2836 2866 238 64 Requiem,
3106 2864 90 48 und
3231 2867 105 47 Fras-

1833 2937 118 48 chini
1984 2954 95 32 war
2110 2939 146 48 davon
2286 2957 49 32 so
2364 2942 105 47 sehr
2499 2942 232 63 ergriffen,
2760 2940 102 49 dass
2891 2958 50 32 er
2971 2940 222 58 dasselbe,
3224 2943 111 47 nach-

1833 3017 102 47 dem
1988 3015 81 50 der
2118 3018 175 63 Sänger
2341 3019 330 65 fortgegangen
2720 3037 110 37 war,
2881 3020 333 65 nachzusingen
3264 3037 73 32 ver-

1832 3093 171 48 suchte.
2065 3095 309 49 Ueberrascht
2415 3113 84 31 von
2544 3097 80 48 der
2675 3098 217 56 schönen,
2935 3113 195 33 sonoren
3173 3098 190 48 Stimme

1834 3173 291 57 Fraschini's,
2167 3191 169 48 sprang
2368 3177 181 47 Moretti
2581 3177 81 47 auf
2689 3175 88 49 und
2808 3177 86 47 rief
2919 3192 103 33 aus:
3055 3177 204 48 Freund!
3290 3178 72 47 Du

1834 3259 141 38 musst
2001 3252 84 45 mir
2109 3253 128 47 einen
2264 3253 203 48 Gefallen
2492 3254 136 47 thun!
2714 3253 100 49 Und
2847 3253 80 48 der
2954 3254 84 47 ist?
3050 3254 146 47 —Du
3222 3262 140 39 musst

1834 3329 118 47 mein
1983 3329 292 50 Incarnatus
2312 3330 43 49 in
2396 3332 80 47 der
2506 3332 169 47 Kirche
2713 3333 173 62 singen.
3010 3332 116 48 Was
3156 3332 96 47 fällt
3283 3332 83 47 Dir

1832 3407 103 47 ein?
1979 3408 75 47 Ich
2090 3409 146 48 kenne
2259 3409 48 64 ja
2340 3409 129 48 keine
2499 3410 141 49 Note!
2761 3410 124 47 Thut
2914 3409 167 56 nichts;
3127 3410 85 47 lass
3244 3409 116 48 mich

1833 3484 140 47 dafür
1993 3502 193 49 sorgen;
2219 3485 65 49 bis
2307 3504 80 31 zur
2410 3488 304 63 Aufführung
2737 3487 97 49 sind
2858 3487 116 49 noch
2996 3487 111 48 zwei
3134 3487 231 57 Wochen,

1834 3561 92 49 und
1973 3564 65 47 bis
2082 3564 136 48 dahin
2259 3565 100 49 hast
2391 3568 71 46 Du
2500 3583 46 31 es
2577 3568 145 62 längst
2759 3567 118 47 inne.
2934 3565 87 49 Die
3051 3565 105 49 Idee
3187 3582 95 32 war
3309 3583 53 29 zu

1831 3640 158 57 schön,
2031 3659 52 29 zu
2129 3643 199 62 poetisch
2375 3644 91 47 und
2510 3662 51 29 zu
2605 3643 179 48 reizend
2833 3643 218 65 zugleich.
3130 3641 231 50 Fraschini

1832 3716 151 51 durfte
2013 3719 93 48 und
2130 3719 169 49 konnte
2330 3723 91 47 sich
2454 3721 122 49 nicht
2605 3721 156 64 länger
2783 3720 234 56 sträuben,
3041 3719 91 48 und
3155 3720 208 48 vierzehn

1833 3798 127 62 Tage
1989 3799 169 47 darauf
2180 3815 114 49 sang
2325 3817 49 30 er
2403 3800 79 48 das
2502 3800 294 48 Incarnatus
2822 3800 44 47 in
2896 3800 81 47 der
2999 3798 282 49 Kathedrale
3310 3815 53 31 zu

1832 3875 136 47 Pavia
1998 3892 50 31 so
2081 3876 291 49 bezaubernd
2403 3878 157 57 schön,
2584 3878 103 48 dass
2709 3879 122 47 Alles
2854 3876 93 49 sich
2971 3876 114 49 nach
3111 3875 103 50 dem
3240 3875 123 50 Chor

1833 3953 282 58 hinwandte,
2158 3972 84 31 von
2275 3956 218 49 welchem
2524 3955 122 50 diese
2690 3955 223 50 herrliche
2943 3955 192 48 Stimme
3165 3958 195 53 ertönte,

1836 4030 91 48 und
1969 4031 91 49 sich
2093 4034 115 47 nach
2250 4034 101 48 dem
2397 4033 455 49 beneidenswerthen
2886 4034 194 47 Besitzer
3122 4031 239 50 derselben

1834 4109 290 66 erkundigte.
2182 4113 94 47 Der
2308 4111 250 56 Eindruck,
2589 4113 85 48 den
2706 4111 81 49 der
2810 4113 142 63 junge
2981 4111 175 65 Sänger
3186 4110 174 50 damals
