2573 3836
1248 157 119 61 16

1280 493 116 76 [32]

404 735 469 60 l'lnconscient.
919 734 59 58 le
1007 734 313 76 principe,
1353 734 187 75 après
1585 732 253 72 l'effort,
1875 730 391 76 l'apothéose
2298 731 66 56 de

308 814 61 57 la
385 814 372 58 conscience
786 811 340 75 artistique
1138 811 463 75 parnassienne
1625 828 66 40 se
1714 809 335 59 consolant
2070 809 162 57 dans
2252 809 109 57 des

306 891 463 74 protestations
817 889 438 80 boudhiques,
1424 889 60 58 le
1540 887 288 78 principe
1885 901 78 42 en
2008 886 220 75 poésie
2284 886 82 56 du

305 961 429 84 bégaiement,
767 967 78 59 de
874 966 125 59 l'en
1030 965 146 60 allé.

312 1119 165 59 Chez
496 1119 87 58 M.
610 1119 335 59 Mallarmé
977 1119 483 76 contemporain
1481 1119 114 58 des
1620 1117 419 76 parnassiens
2060 1117 37 59 à
2126 1116 240 60 facture

309 1197 338 60 raisonnée
680 1200 60 56 et
766 1199 87 55 du
882 1197 282 75 premier
1195 1197 428 74 engouement
1663 1197 76 56 de
1778 1196 64 57 la
1871 1195 220 75 poésie
2131 1193 235 59 faisant

310 1275 78 58 de
425 1276 62 57 la
530 1275 414 76 psychologie
976 1275 386 75 descriptive
1414 1276 60 56 et
1513 1273 367 75 didactique
1922 1272 409 76 (Sully-Prud-

308 1352 258 59 homme
609 1353 329 74 Bourget),
981 1369 67 40 ce
1090 1352 160 57 n'est
1287 1367 114 58 pas
1447 1351 60 57 le
1545 1350 406 75 bégaiement
1999 1351 60 56 et
2103 1347 266 60 l'enfant

309 1430 112 75 qui
452 1446 36 41 a
527 1430 154 70 mal,
715 1430 167 57 mais
929 1430 58 57 le
1018 1432 174 69 Sage
1218 1433 117 65 qui
1670 1473 16 25 ,
1728 1444 170 40 —ce
1941 1427 164 59 n'est
2128 1426 240 75 jamais

310 1524 127 42 une
464 1507 372 75 divagation
867 1506 309 76 d'images
1220 1522 246 42 comme
1510 1506 163 57 dans
1719 1506 59 57 le
1825 1505 148 58 rêve
2007 1507 61 56 et
2102 1505 264 58 l'extase

309 1585 458 69 inconsciente,
793 1601 51 41 c.
878 1585 35 55 à
944 1585 62 55 d.
1037 1585 76 57 de
1145 1583 387 59 sentiments
1559 1582 325 75 exprimés
1916 1599 149 41 avec
2095 1581 235 58 l'immé-

308 1661 136 58 diat
460 1662 76 58 de
559 1662 268 57 l'enfant
853 1661 111 75 qui
986 1661 101 57 n'a
1118 1662 29 57 à
1184 1677 71 41 sa
1273 1660 386 74 disposition
1679 1676 122 58 que
1832 1661 58 56 le
1922 1658 344 76 répertoire
2290 1658 78 57 de

309 1755 104 42 ses
442 1737 286 71 besoins,
757 1740 165 54 mais
953 1738 76 57 de
1068 1738 64 57 la
1161 1737 372 76 divagation
1574 1740 449 54 raisonneuse
2036 1784 10 10 .
2082 1736 80 57 Sa
2197 1736 139 57 tech-

306 1817 197 72 nique
571 1818 96 56 est
724 1816 358 73 également
1128 1816 360 58 raisonnée
1532 1814 366 59 consciente
1947 1817 61 55 et
2054 1813 128 57 l'on
2237 1813 133 59 voit

309 1894 273 56 souvent
613 1892 231 75 qu'elle
870 1892 164 58 n'est
1062 1908 114 58 pas
1209 1892 77 57 de
1311 1891 279 75 premier
1608 1889 118 75 jet.

383 1971 301 75 toujours
713 1971 275 70 concret,
1010 1969 240 77 jamais
1282 1968 418 78 impalpable.

389 2122 335 60 Rimbaud
753 2122 167 58 fleur
947 2122 215 60 hâtive
1195 2123 60 57 et
1287 2121 268 59 absolue
1588 2137 150 42 sans
1769 2123 191 56 avant
1990 2122 69 57 ni
2091 2122 186 75 après

315 2201 251 57 Jamais
593 2201 78 57 de
699 2201 320 73 strophes,
1066 2201 76 57 de
1173 2199 268 71 facture,
1468 2199 78 57 de
1576 2198 289 58 rimes—
1891 2199 165 59 Tout
2098 2202 97 56 est
2220 2199 163 57 dans

314 2277 61 57 la
408 2277 282 57 richesse
720 2277 219 57 inouïe
981 2278 86 56 du
1114 2277 274 75 pouvoir
1435 2277 77 57 de
1556 2274 391 73 confession,
1982 2278 59 55 et
2086 2277 265 73 l'inépui-

315 2354 176 59 sable
530 2354 296 75 imprévu
882 2355 113 58 des
1034 2355 248 74 images
1333 2354 298 75 toujours
1679 2353 374 75 adéquates.
2084 2355 183 58 Dans
2316 2371 64 40 ce

315 2447 150 42 sens
497 2430 47 58 il
576 2433 95 56 est
700 2430 59 59 le
786 2436 148 54 seul
963 2430 287 60 isomère
1284 2430 77 58 de
1388 2429 407 59 Baudelaire.

393 2509 82 57 Ce
506 2509 164 57 n'est
700 2508 149 76 qu'à
882 2508 63 57 la
973 2509 36 59 3
1013 2519 20 28 e
1071 2509 241 57 lecture
1349 2509 193 73 qu'on
1574 2523 67 41 se
1682 2507 117 58 dit.
1849 2508 171 58 tiens
2051 2526 12 38 :
2098 2508 167 57 mais
2313 2523 66 43 ce

317 2589 144 55 sont
486 2588 111 56 des
621 2587 333 75 quatrains
976 2587 461 73 quelconques,
1467 2585 113 59 des
1597 2584 198 59 rimes
1814 2585 353 75 platement
2194 2587 157 57 alter-

315 2664 176 69 nées,
522 2664 94 57 les
647 2663 198 60 rimes
872 2681 77 40 ne
981 2665 143 58 sont
1154 2664 67 56 ni
1264 2663 210 58 riches
1508 2662 68 57 ni
1616 2678 298 58 pauvres.
2086 2663 115 58 nul
2234 2664 148 57 effet

317 2742 76 57 de
423 2740 262 60 césures
812 2742 179 57 nulle
1020 2740 479 60 combinaisons
1540 2740 76 57 de
1644 2738 350 61 féminines
2022 2744 61 55 et
2110 2742 77 57 de
2214 2758 126 41 mas-

313 2818 270 59 culines.

312 2971 58 59 le
400 2988 193 60 genre
620 2970 455 60 somnambule
1208 2970 370 78 divagation
1621 2969 154 60 d'un
1801 2987 178 42 cœur
2017 2968 363 77 magnétisé

313 3067 114 57 par
454 3051 63 58 la
545 3067 283 58 paresse,
858 3049 165 71 l'été,
1053 3049 268 72 l'ennui,
1354 3067 126 40 une
1509 3049 321 76 digestion
1861 3049 324 75 copieuse.

313 3285 99 59 On
437 3286 153 75 peut
616 3285 372 60 hardiment
1015 3285 307 59 l'avouer.

310 3363 140 58 Une
480 3363 215 73 poésie
727 3364 162 58 n'est
926 3380 116 57 pas
1085 3380 91 42 un
1216 3361 352 59 sentiment
1599 3377 125 57 que
1753 3359 131 59 l'on
1919 3358 465 74 communique
