2573 3836
1212 201 111 64 29

210 331 204 63 totale
461 334 92 60 du
597 335 133 60 bon
783 334 176 62 droit
1010 335 65 60 et
1122 335 81 60 de
1254 335 66 60 la
1354 337 253 77 justice
1645 357 11 40 :
1712 339 159 60 c'est
1918 334 335 83 pourquoi
2307 331 49 61 il

215 414 369 75 s'enrichit,
616 418 61 59 et
710 417 156 60 c'est
893 417 335 77 pourquoi
1259 418 48 58 il
1339 436 82 41 ne
1454 437 174 43 nous
1661 422 173 58 reste
1866 420 146 60 rien
2050 420 169 59 dans
2257 417 99 59 les

211 497 273 74 poches,
520 498 194 77 après
742 498 164 79 qu'il
939 516 175 41 nous
1144 498 100 59 les
1277 514 36 42 a
1338 499 228 61 vidées
1600 517 83 43 au
1711 500 157 78 jour
1908 502 61 58 le
2007 500 179 78 jour.
2225 498 134 59 Son

212 575 287 79 épargne
543 596 69 44 se
662 596 309 61 compose
1006 579 80 59 de
1123 579 225 60 toutes
1392 579 98 60 les
1537 579 325 78 épargnes
1905 582 164 76 qu'il
2116 596 173 44 nous
2322 594 37 42 a

215 657 354 77 empêchés
628 660 80 60 de
767 659 191 72 faire,
1011 659 65 60 et
1131 676 120 42 son
1312 676 154 61 gros
1509 662 231 58 ventre
1790 663 354 75 augmente
2202 676 155 43 avec

215 739 189 59 notre
437 738 274 62 famine.
742 740 169 60 Mais
934 739 37 60 à
991 739 157 78 quoi
1174 739 129 60 bon
1339 740 278 60 insister
1647 758 119 42 sur
1805 759 68 42 ce
1904 742 116 76 qui
2046 740 187 60 crève
2258 740 99 59 les

215 834 183 45 veux
422 820 65 59 et
509 837 120 42 sur
654 838 70 42 ce
758 820 158 60 dont
946 836 169 44 vous
1139 837 331 42 convenez
1500 820 502 60 vous-mêmes?
2032 820 127 61 Car
2190 837 167 42 vous

212 916 253 42 avouez
513 917 130 61 que
695 902 60 58 le
805 900 359 79 bourgeois
1212 917 82 43 ne
1334 902 139 58 voit
1524 902 169 59 dans
1743 900 318 61 l'ouvrier
2111 902 245 76 qu'une

212 979 313 61 machine
558 980 87 78 (p.
692 982 98 72 19,
824 980 138 77 87):
1001 984 62 56 et
1113 980 162 78 qu'il
1308 982 149 77 paie
1509 983 169 58 cette
1724 982 309 59 machine
2079 998 85 42 au
2200 980 157 77 plus

209 1058 123 61 bas
363 1060 153 77 prix
558 1062 164 77 qu'il
761 1063 183 77 peut,
983 1062 172 61 mais
1207 1079 129 60 que
1387 1062 318 61 l'ouvrier
1757 1067 99 56 est
1903 1062 221 77 obligé
2172 1062 79 58 de
2286 1077 70 43 se

207 1140 252 61 vendre
493 1143 37 57 à
558 1143 91 60 vil
681 1144 152 76 prix
875 1161 172 59 pour
1078 1159 79 44 ne
1191 1161 122 59 pas
1355 1144 259 59 mourir
1659 1144 80 60 de
1781 1142 188 61 faim.
2007 1140 348 78 Pourquoi

211 1220 170 60 donc
414 1239 170 42 vous
628 1239 278 61 moquer
939 1224 78 59 de
1052 1222 217 61 nous?
1301 1224 335 76 pourquoi
1683 1239 171 44 nous
1906 1223 144 58 dire
2103 1220 218 78 d'épar-

209 1318 163 60 gner
417 1304 228 76 quand
695 1322 169 42 vous
910 1321 191 43 savez
1153 1321 129 61 que
1331 1306 189 59 notre
1574 1304 240 60 salaire
1865 1321 82 42 ne
1998 1302 193 61 suffit
2239 1318 120 62 pas

209 1382 314 77 toujours
551 1384 37 57 à
619 1402 172 42 nous
822 1384 173 61 vêtir
1025 1387 62 57 et
1118 1384 37 59 à
1199 1402 172 42 nous
1405 1386 310 59 nourrir?
1749 1386 89 76 (p.
1873 1383 102 72 43,
2006 1383 124 77 45).

291 1462 168 59 Bien
511 1480 128 60 que
686 1464 133 60 l'on
865 1466 213 58 essaie
1132 1464 79 60 de
1258 1482 175 42 nous
1482 1464 164 61 faire
1696 1466 189 58 vivre
1937 1480 255 43 comme
2239 1462 120 59 des

210 1540 259 75 brutes,
503 1562 172 42 nous
706 1562 262 58 voyons
1001 1561 232 44 encore
1268 1562 186 43 assez
1484 1546 162 59 clair
1682 1563 172 60 pour
1893 1562 174 42 nous
2097 1560 225 59 aperce-

210 1623 146 58 voir
410 1641 154 59 que,
610 1642 160 43 sous
826 1626 59 59 le
936 1626 247 77 régime
1240 1626 81 59 de
1381 1627 66 58 la
1492 1626 332 78 propriété
1879 1623 476 72 individuelle,

209 1704 259 60 chacun
494 1706 169 59 n'est
695 1707 57 58 si
785 1707 366 71 prévoyant
1179 1725 164 47 pour
1362 1707 353 62 lui-même
1740 1707 154 71 qu'à
1917 1708 64 57 la
2013 1704 344 61 condition

785 1765 21 17 -L
995 1771 18 12 t/
1179 1772 15 11 à.
1759 1765 22 19 _L

207 1784 207 60 d'être
466 1786 444 61 entièrement
950 1787 474 77 imprévoyant
1470 1788 90 59 du
1617 1789 138 59 sort
1801 1787 118 58 des
1971 1787 263 71 autres;
2296 1786 63 57 et

217 1882 130 60 que
382 1867 218 60 même
634 1867 47 58 il
717 1885 80 42 ne
842 1868 306 78 pratique
1191 1867 491 62 sérieusement
1724 1869 167 59 cette
1938 1867 419 77 prévoyance

210 1946 475 73 individuelle,
743 1948 164 60 dont
955 1966 168 42 vous
1166 1947 197 62 faites
1415 1949 259 78 l'éloge,
1735 1948 198 78 qu'en
1988 1947 369 77 empiétant

215 2042 119 43 sur
363 2026 61 59 le
464 2027 94 60 lot
610 2028 314 60 d'autrui.
963 2028 170 61 C'est
1162 2029 330 75 pourquoi
1537 2046 171 61 pour
1736 2032 155 57 tous
1923 2045 170 43 ceux
2125 2043 128 60 que
2294 2026 63 58 la

211 2107 105 60 vie
351 2111 65 56 et
445 2108 62 60 le
540 2108 241 60 travail
817 2111 115 58 ont
955 2109 143 73 usé,
1131 2127 171 42 nous
1324 2111 287 59 voulons
1652 2127 126 43 une
1810 2109 338 60 vieillesse
2186 2111 140 54 tran-

212 2188 214 76 quille
460 2205 84 43 au
569 2188 137 60 lieu
733 2188 79 60 de
845 2189 65 60 la
932 2191 174 58 mort
1128 2189 263 78 ignoble
1416 2192 167 58 dans
1607 2208 92 42 un
1717 2191 214 76 bouge
1951 2206 128 60 que
2102 2189 60 59 le
2187 2187 140 76 capi-

209 2268 95 59 tal
336 2267 264 61 réserve
633 2268 34 59 à
691 2269 149 59 tout
870 2271 269 58 homme
1166 2271 114 76 qui
1311 2271 170 59 n'est
1510 2271 155 77 plus
1693 2272 64 57 la
1806 2269 150 60 bête
1987 2269 80 60 de
2101 2283 256 45 somme

210 2348 406 76 vigoureuse
642 2349 161 59 dont
833 2351 49 57 il
911 2351 230 76 puisse
1190 2349 159 61 tirer
1393 2352 229 76 profit;
1649 2369 170 60 pour
1847 2352 153 57 tous
2030 2366 167 42 ceux
2242 2347 115 76 qui

211 2431 302 58 naissent
540 2429 36 59 à
616 2429 65 60 la
714 2431 105 58 vie
859 2432 62 58 et
959 2449 85 41 au
1068 2431 257 72 travail,
1341 2449 129 44 une
1500 2433 356 60 éducation
1875 2429 216 73 virile,
2119 2428 115 78 qui
2256 2428 100 60 les

209 2526 45 58 y
281 2509 202 60 rende
507 2526 274 61 propres
798 2530 15 53 ;
838 2513 63 56 et
917 2529 169 58 pour
1108 2512 152 58 tous
1284 2529 167 43 ceux
1476 2512 114 77 qui
1627 2512 221 60 créent
1879 2511 63 58 la
1967 2511 295 58 richesse
2294 2508 61 60 le

204 2589 275 77 produit
499 2589 284 78 intégral
807 2591 80 59 de
939 2591 146 59 leur
1122 2591 254 61 labeur.
1404 2593 82 60 Et
1515 2593 107 60 s'il
1640 2610 171 43 nous
1835 2591 168 72 faut,
2022 2606 166 62 pour
2219 2587 104 61 réa-

206 2671 166 59 liser
395 2673 168 59 cette
588 2671 393 77 répartition
1002 2671 339 77 équitable
1362 2673 391 61 l'ensemble
1772 2671 428 62 detoutesles
2223 2686 101 43 res-

209 2767 273 43 sources
511 2769 129 59 que
673 2751 60 59 le
777 2752 240 60 travail
1051 2751 204 61 social
1288 2770 37 42 a
1368 2755 363 71 amassées,
1778 2752 173 60 mais
1995 2767 129 61 que
2169 2751 188 58 notre

206 2830 320 62 faiblesse
558 2832 63 60 et
648 2833 189 59 notre
866 2832 469 78 aveuglement
1364 2837 116 57 ont
1512 2835 266 59 réunies
1797 2835 184 58 entre
2003 2832 98 60 les
2135 2830 225 59 mains

211 2911 161 61 d'un
393 2913 170 77 petit
584 2912 306 74 nombre,
926 2913 316 77 qu'est-ce
1264 2913 65 60 là
1349 2917 185 59 autre
1567 2917 199 59 chose
1791 2931 127 60 que
1953 2913 80 59 de
2054 2912 202 60 sortir
2276 2911 81 58 de

206 2991 66 61 la
294 2992 322 60 tradition
635 3010 172 61 pour
827 2995 216 58 entrer
1071 2993 166 59 dans
1263 2992 61 61 le
1354 2995 217 61 droit?
1607 2996 85 60 Et
1731 2995 275 59 n'est-ce
2050 3009 119 61 pas
2224 2990 135 59 être

206 3073 156 78 plus
394 3072 373 78 prévoyant
800 3091 130 60 que
962 3073 63 60 la
1054 3073 225 60 raison
1316 3075 425 81 bourgeoise,
1773 3078 61 58 et
1875 3075 157 77 plus
2063 3071 298 61 chrétien

207 3170 130 60 que
370 3155 185 58 votre
590 3155 241 75 dogme
851 3153 29 60 ?

299 3235 188 58 Vous
523 3233 263 78 ajoutez
822 3251 127 60 que
987 3232 52 61 le
1071 3233 242 78 capital
1364 3238 64 59 et
1458 3238 61 60 le
1561 3237 243 61 travail
1837 3254 69 42 se
1962 3232 394 79 supposent.

220 3313 84 60 Et
336 3330 175 43 nous
569 3313 151 61 n'en
762 3313 493 60 disconvenons
1285 3332 141 60 pas.
1471 3320 171 58 Mais
1688 3317 158 79 quel
1889 3311 474 63 inconvénient

222 3412 417 59 voyez-vous
686 3395 37 58 à
763 3412 70 42 ce
871 3411 130 61 que
1051 3396 60 58 le
1157 3397 243 75 capital
1449 3418 174 41 nous
1654 3397 437 80 appartienne
2138 3393 36 60 à
2206 3395 157 58 tous

221 3475 559 72 collectivement,
817 3492 84 42 au
948 3476 138 58 lieu
1138 3475 448 78 d'appartenir
1625 3480 36 59 à
1707 3473 539 84 quelques-uns?
2279 3473 84 60 Et

220 3556 61 61 le
319 3556 243 78 capital
615 3556 361 77 bourgeois
1024 3572 68 44 se
1144 3557 360 62 soucie-t-il
1553 3561 347 73 beaucoup
1948 3557 91 59 du
2093 3555 268 73 travail,
