2573 3836
1298 145 39 61 2

739 454 173 58 UNE
953 439 284 76 ÉTUDE
1275 454 166 58 SUR
1481 439 421 76 CORBIÈRE

1263 682 119 77 [20]

294 860 284 61 Bohême
624 863 76 58 de
742 861 240 59 l'océan
1109 861 306 58 chantant
1444 861 60 59 le
1535 861 266 58 matelot
1830 860 228 59 breton
2084 860 164 60 libre
2294 864 61 56 et

294 940 353 74 méprisant
676 941 93 56 les
803 940 295 57 terriens.
1232 939 379 75 picaresque
1643 941 59 56 et
1728 939 157 57 falot
2029 936 59 71 (a
2116 939 137 74 pris
2285 955 67 41 ce

294 1018 268 75 prénom
606 1018 259 57 Tristan
894 1035 12 37 :
939 1015 320 60 chevalier
1292 1021 216 54 errant
1555 1016 76 59 de
1669 1016 65 58 la
1775 1019 214 56 Triste
2020 1015 226 78 figure)

414 1142 96 59 les
553 1142 283 59 Amours
893 1143 268 58 Jaunes,
1236 1159 116 42 sur
1400 1142 223 75 papier
1667 1142 199 75 jaune
1922 1159 145 57 gras
2115 1142 151 72 (bon
2318 1143 36 56 à

294 1220 399 59 eaux-fortes
750 1221 433 75 lumineuses)
1229 1220 46 57 il
1328 1218 118 59 fait
1488 1221 76 57 de
1602 1221 392 68 beau-forte,
2032 1221 46 57 il
2112 1221 63 57 la
2233 1222 92 73 gri-

294 1297 241 57 bouille
568 1300 61 55 et
665 1298 63 57 la
770 1297 116 58 fait
915 1298 156 57 tirer
1100 1315 78 40 en
1208 1297 231 57 rouillé
1471 1298 61 57 et
1563 1298 45 57 il
1641 1315 68 40 se
1753 1297 74 57 lit
1855 1298 157 57 tirer
2041 1298 35 59 9
2107 1315 98 40 ex.
2243 1316 112 39 sur

286 1373 348 75 jonquille,
676 1376 306 57 souvenir
1025 1391 150 42 sans
1230 1375 194 58 doute
1484 1375 113 58 des
1664 1376 224 73 genêts
1941 1375 113 58 des
2119 1376 228 57 landes

291 1452 266 57 natales.

2030 1522 35 61 $

393 1576 44 58 il
469 1593 78 42 11e
576 1576 175 75 parle
788 1593 86 60 qu
900 1594 124 42 une
1067 1576 127 60 fois
1221 1578 76 58 de
1326 1578 270 58 l'Ennui
1639 1576 82 75 (p.
1756 1576 99 77 89)
1992 1578 240 75 jamais
2265 1580 86 57 du

294 1654 241 75 spleen.

291 1782 280 69 cassant,
602 1781 237 68 concis,
872 1781 285 75 cinglant
1194 1782 59 57 le
1283 1799 146 42 vers
1461 1782 34 56 à
1538 1782 63 57 la
1631 1781 306 58 cravache
2087 1782 81 59 Sa
2213 1783 105 73 pré-

294 1857 133 57 face
470 1858 173 73 porte
679 1876 76 41 en
788 1860 148 57 titre
971 1863 89 67 Ça
1093 1860 166 73 noyé
1306 1876 76 41 en
1411 1876 124 41 une
1564 1876 159 57 page
1754 1858 295 59 blanche.
2186 1861 168 56 mais

287 1935 239 75 jamais
557 1935 355 71 d'ordures,
959 1937 431 57 d'obscénités
1419 1941 314 70 voyantes
1766 1937 76 57 de
1874 1937 293 59 commis.

369 2012 277 57 strident
709 2030 249 40 comme
996 2015 60 55 le
1104 2015 90 55 cri
1227 2015 113 57 des
1391 2015 323 57 mouettes
1782 2016 61 56 et
1891 2030 251 43 comme
2192 2015 159 58 elles

293 2084 232 63 ianiais
553 2090 118 58 las.

287 2145 19 18 o
412 2145 2 20 ,
744 2145 4 20 <

290 2214 165 57 beau
479 2214 183 71 forte,
696 2232 89 40 un
811 2217 189 73 profil
1028 2218 76 57 de
1138 2218 216 73 satyre
1386 2217 368 58 libidineux
1781 2218 61 57 et
1867 2217 179 71 falot,
2082 2218 268 73 maigre,

291 2291 113 74 qui
435 2309 35 40 a
513 2291 154 59 bien
721 2294 205 70 roulé,
978 2295 271 69 inculte,
1293 2295 249 74 trempé
1573 2312 113 57 par
1720 2294 273 58 l'averse
2046 2295 87 57 du
2175 2295 177 74 large

291 2369 158 74 qu'il
479 2369 262 71 regarde
769 2387 79 42 en
878 2370 157 71 face,
1071 2371 249 59 attaché
1349 2373 97 56 les
1491 2373 214 56 mains
1738 2388 81 41 au
1861 2373 117 57 dos
2008 2373 35 56 à
2074 2389 88 40 un
2194 2373 155 70 mât,

286 2445 150 75 près
468 2446 189 59 d'une
687 2446 224 73 borne,
945 2465 116 41 son
1093 2449 205 58 feutre
1330 2450 36 57 à
1408 2451 163 56 terre

403 2573 184 73 vécu,
623 2576 222 57 mâché
877 2594 117 40 son
1023 2577 233 75 cigare,
1305 2577 161 59 dans
1502 2577 59 59 le
1592 2578 175 70 vent,
1794 2577 92 59 les
1921 2577 263 59 hamacs
2223 2595 132 41 aux

289 2650 259 72 rafales,
581 2652 62 57 la
674 2670 138 41 mer
842 2670 152 42 sans
1024 2656 240 57 routes.

392 2780 34 58 à
458 2780 247 77 chaque
737 2782 196 58 sortie
963 2783 47 57 il
1041 2784 233 57 avertit
1310 2801 11 39 :
1356 2801 163 40 vous
1561 2801 183 42 savez
1773 2784 12 57 !
1822 2799 104 42 me
1960 2799 231 58 prenez
2241 2801 114 57 pas

289 2874 80 41 au
402 2858 280 58 sérieux,
734 2860 141 58 tout
917 2878 73 51 ça
1049 2862 153 57 c'est
1249 2860 122 59 fait
1414 2863 76 56 de
1523 2862 164 67 chic,
1735 2862 66 73 je
1858 2877 178 57 pose.
2093 2862 75 57 Je
2213 2862 143 57 vais

287 2934 209 60 même
527 2952 163 43 vous
722 2937 339 76 expliquer
1085 2939 326 59 comment
1434 2956 70 53 ça
1537 2956 67 42 se
1653 2938 318 75 fabrique.

289 3090 125 59 Les
442 3092 296 76 strophes
867 3095 143 58 tout
1037 3094 419 76 simplement
1488 3095 193 59 celles
1721 3095 115 59 des
1870 3098 397 57 Orientales.

441 3266 320 67 Qu'est-ce
790 3271 196 73 qu'un
1029 3272 182 75 poète
1237 3271 435 61 intéressant?

366 3362 28 34 «
425 3342 174 77 léger
624 3348 314 75 peigneur
968 3351 76 57 de
1084 3349 279 60 comètes
1396 3371 52 37 ».
