2573 3836
1246 246 80 63 20

249 378 53 57 Il
369 379 99 57 est
527 378 138 57 vrai
723 378 201 73 qu'un
972 377 199 59 vieux
1219 379 247 58 colonel
1512 379 253 60 célèbre
1813 379 302 76 pratique
2160 378 171 59 ainsi

249 456 355 74 l'apocope;
641 456 166 58 mais
834 456 372 61 lacrânerie
1233 458 311 59 militaire
1566 475 35 41 a
1632 475 105 42 ses
1752 459 437 75 prérogatives
2218 474 113 42 sur

251 534 154 75 quoi
443 550 166 41 nous
645 535 269 59 n'avons
947 553 117 58 pas
1102 536 36 58 à
1182 536 329 75 empiéter.
1549 536 370 75 L'exemple
1968 536 112 58 des
2122 536 167 59 comé-

249 611 190 58 diens
469 610 164 60 n'est
663 625 116 63 pas
806 613 150 75 plus
986 613 365 72 concluant,
1390 614 60 60 le
1483 613 282 72 français
1786 614 180 58 étant
1990 614 58 57 la
2077 613 239 76 langue

250 690 77 57 de
364 689 192 75 Hugo
594 693 62 56 et
675 691 78 59 de
792 691 306 60 Verlaine
1131 694 193 56 avant
1365 693 199 58 d'être
1590 693 157 59 celle
1770 693 79 58 de
1878 691 251 60 Paulus
2156 698 61 53 et
2249 693 77 57 de

250 768 340 75 Goquelin.
627 768 218 69 Quant
871 771 37 59 à
932 771 315 59 admettre
1276 788 124 58 que
1433 773 143 57 tout
1606 773 229 58 cocher
1859 770 292 76 parisien
2187 771 139 58 dise

246 849 174 56 Plaz
454 850 334 57 Vendôme
797 895 14 24 ,
845 865 167 42 nous
1041 865 80 42 ne
1164 850 61 57 le
1253 849 335 58 saurions:
1625 849 153 58 bien
1817 865 151 59 que,
2002 848 234 76 depuis
2265 849 63 57 la

247 940 250 59 guerre,
541 925 269 60 nombre
850 926 383 61 d'honnêtes
1263 928 320 58 alsaciens
1624 928 175 59 aient
1833 928 136 73 pris
2000 926 180 75 place
2213 943 115 42 sur

243 1003 60 58 le
336 1003 173 77 siège
541 1004 114 60 des
685 1004 296 61 roulants
1013 1006 476 59 observatoires
1521 1009 61 57 et
1621 1006 280 59 diraient
1943 1005 381 71 volontiers,

252 1080 173 60 Blâz
659 1081 156 61 Fentôm
816 1085 86 57 et
903 1085 43 57 la
1689 1086 330 59 Mattléne
1323 1084 72 75 (il
1426 1102 43 58 y
1501 1102 35 40 a
1564 1085 214 59 même
1811 1083 235 77 depuis
2086 1084 208 75 l'expo-

247 1159 200 59 sition
481 1178 81 40 au
593 1161 160 59 haut
782 1163 114 58 des
936 1163 278 58 hansom
1248 1163 154 58 cabs
1446 1163 116 59 des
1611 1164 209 75 sujets
1865 1161 460 75 britanniques

247 1236 257 60 idoines
532 1239 34 57 à
595 1255 362 59 prononcer
1004 1237 452 79 Vannedôme)
1479 1259 13 52 ;
1527 1241 168 57 mais
1727 1257 167 43 nous
1917 1257 79 40 ne
2025 1239 301 58 saurions

250 1319 288 73 accepter
558 1318 195 74 qu'on
781 1319 358 75 généralise
1165 1335 107 42 ces
1303 1337 105 40 cas
1440 1320 425 75 d'exception,
1898 1318 433 74 parcequ'une

250 1395 405 75 corporation
678 1398 339 74 composée
1046 1414 164 58 pour
1238 1398 63 57 la
1324 1398 225 58 moitié
1577 1399 76 57 de
1684 1398 363 58 bacheliers
2080 1400 63 55 et
2165 1413 163 58 pour

249 1489 90 41 un
363 1476 189 71 quart
576 1474 328 59 d'anciens
922 1475 525 75 écclésiastiques
1469 1493 166 42 nous
1668 1474 403 71 semblerait,
2099 1491 115 59 par
2237 1475 85 71 là,

249 1549 386 62 incriminée
668 1568 153 43 sans
843 1552 218 60 raison
1108 1552 444 60 d'alitérature
1583 1554 60 58 et
1670 1552 431 75 d'asmatique
2132 1552 156 75 apho-

249 1629 130 70 nie,
403 1646 186 58 parce
646 1646 127 60 que
817 1631 60 60 le
931 1631 344 76 pourboire
1337 1632 137 58 doit
1529 1632 207 59 rester
1784 1631 234 75 (parmi
2060 1631 139 57 tant
2247 1631 78 57 de

249 1706 226 60 ruines
519 1709 434 77 accumulées)
1003 1710 58 58 le
1094 1710 296 74 symbole
1445 1709 192 61 d'une
1684 1710 199 58 haute
1941 1711 61 57 et
2040 1709 284 58 cordiale

249 1785 257 71 estime,
539 1803 186 58 parce
758 1804 123 58 que
905 1787 199 73 enfin,
1136 1787 80 60 l'e
1261 1789 181 57 muet
1473 1789 98 57 est
1597 1787 65 59 la
1699 1787 156 59 base
1887 1787 312 58 musicale
2241 1786 79 60 de

247 1862 62 57 la
339 1862 237 77 langue
612 1862 343 73 française.

326 1940 138 67 Que
537 1942 87 59 M.
684 1944 332 67 Psichari,
1093 1942 254 60 affirme
1400 1944 187 75 après
1647 1942 86 60 M.
1786 1942 361 60 Toussaint
2203 1942 116 59 des

247 2019 261 59 Mornes
543 2036 126 59 que
703 2043 28 33 «
767 2022 45 58 il
844 2025 97 56 est
991 2039 140 42 rare
1179 2039 125 58 que
1345 2022 174 59 deux
1550 2021 291 76 syllabes
1894 2022 213 58 soient
2152 2022 135 58 vrai-

247 2099 179 57 ment
458 2097 78 59 de
563 2097 213 61 même
805 2100 247 71 valeur,
1087 2101 61 57 et
1183 2116 149 59 que,
1364 2116 119 57 par
1507 2100 401 76 conséquent
1934 2116 91 41 un
2062 2116 145 41 vers
2240 2100 77 57 de

250 2175 146 59 huit
424 2176 188 75 pieds
643 2179 64 57 et
734 2195 89 41 un
849 2195 144 43 vers
1021 2180 76 57 de
1130 2179 113 57 dix
1267 2179 185 74 pieds
1483 2195 128 42 non
1644 2179 366 59 seulement
2038 2179 286 74 peuvent

249 2253 177 58 avoir
449 2253 64 58 la
556 2255 212 59 même
805 2257 231 59 valeur
1084 2256 414 74 numérique,
1531 2257 168 57 mais
1742 2256 61 58 le
1859 2273 147 41 vers
2049 2256 78 58 de
2175 2255 147 58 huit

249 2331 187 75 pieds
467 2335 155 72 peut
668 2334 132 59 être
838 2335 152 76 plus
1035 2335 152 75 long
1219 2351 124 59 que
1375 2335 166 58 celui
1583 2336 79 58 de
1694 2335 113 57 dix
1842 2356 28 33 »
1907 2334 83 76 (1)
2136 2334 48 57 il
2213 2351 45 57 y
2288 2350 34 42 a

247 2411 144 57 tout
419 2410 136 58 lieu
585 2411 78 58 de
692 2412 117 74 luq
840 2430 78 41 en
951 2412 216 59 savoir
1196 2412 128 76 gré.
1384 2445 77 8 —•
1506 2412 167 59 Mais
1732 2412 161 76 qu'il
1934 2412 216 57 n'aille
2179 2427 142 60 pas,

247 2505 118 58 par
393 2488 280 60 l'amour
712 2491 39 57 d
786 2509 87 42 un
905 2490 732 77 duodecapodevirtuel,
1661 2491 269 76 jusqu'à
1959 2491 372 75 supprimer

249 2584 119 40 nos
414 2567 391 61 demis-tons
840 2588 12 39 :
887 2568 372 75 n'a-t-ilpas
1296 2568 60 59 le
1399 2586 147 41 vers
1576 2570 287 75 volapuk
1892 2568 114 75 qui
2037 2585 80 42 ne
2150 2584 129 42 com-

246 2647 182 73 porte
456 2662 125 58 que
613 2646 113 58 des
769 2647 294 76 syllabes
1089 2647 296 76 longues,
1426 2647 245 76 jamais
1715 2650 313 67 muettes,
2081 2648 62 58 et
2174 2648 109 58 tou-

242 2723 188 77 jours
459 2725 355 75 isophones
847 2726 28 57 ?
941 2750 19 41 \

322 2802 183 60 Nous
529 2805 398 58 remercions
956 2802 86 61 M.
1088 2802 298 60 Psichari
1417 2803 79 60 de
1526 2820 120 42 son
1676 2803 224 59 article
1934 2802 113 76 qui
2080 2802 235 60 n'aura

245 2896 115 60 pas
419 2880 123 72 été,
584 2897 499 60 croyons-nous,
1122 2882 235 59 inutile
1384 2900 14 53 ;
1441 2883 168 58 mais
1662 2899 165 42 nous
1894 2897 80 42 ne
2023 2897 296 59 pouvons

246 2975 169 43 nous
471 2961 341 75 empêcher
857 2962 76 57 de
975 2962 310 75 regretter
1322 2961 59 58 le
1432 2961 113 58 ton
1588 2961 132 75 poli
1765 2961 79 60 de
1888 2977 71 42 sa
2009 2961 274 58 discerta-

246 3037 138 59 tion
421 3056 13 38 :
468 3054 116 59 par
616 3056 125 50 une
776 3040 238 58 bordée
1059 3040 77 58 de
1181 3056 146 59 gros
1360 3041 170 56 mots
1560 3042 61 55 et
1661 3040 321 75 quelques
2030 3040 258 57 insinua-

245 3116 176 58 tions
471 3116 470 61 diffamatoires
977 3116 178 73 (c'est
1209 3118 142 73 trop
1398 3117 353 59 demander
1795 3117 324 76 peut-être
2171 3117 155 59 d'un

247 3193 262 60 homme
532 3195 151 58 bien
711 3195 198 76 élevé)
942 3196 47 58 il
1008 3196 95 57 lui
1146 3197 110 57 eut
1287 3195 99 58 été
1414 3196 308 75 pourtant
1753 3196 56 57 si
1860 3196 188 58 facile
2080 3196 77 58 de
2185 3212 108 42 con-

250 3289 212 43 sacrer
490 3272 522 61 définitivement
1041 3275 183 58 notre
1272 3273 318 60 incertain
1621 3275 244 58 avenir.

1344 3379 281 60 FRANCIS
1658 3379 509 61 VIELÉ-GRIFFIN

316 3527 67 60 (1)
409 3527 302 49 Entretiens
740 3527 290 61 politiques
1055 3529 48 44 et
1125 3525 300 59 littéraires,
1461 3525 26 47 l
1493 3535 34 22 re
1553 3526 151 47 Mars
1736 3525 130 48 1890.
