2573 3836
551 470 483 146 NOTES
1131 470 193 146 ET
1421 470 677 146 NOTULES

330 1104 90 58 Le
463 1100 286 64 Théâtre
1310 1107 207 54 Libre
995 1147 16 26 ,
1046 1118 66 42 se
1156 1101 119 59 fait
1307 1101 127 60 fort
1468 1104 79 57 de
1581 1104 255 58 monter
1873 1103 60 57 la
1985 1107 370 55 Princesse

251 1187 297 57 Maleine
581 1199 79 42 en
682 1180 390 71 novembre;
1105 1181 85 58 M.
1222 1181 426 60 Maeterlinck
1680 1181 254 60 déclare
1967 1198 69 42 se
2069 1180 266 71 désintéresser

251 1180 210 66 de
566 1180 526 66 cette
1197 1180 1158 66 entreprise.

337 1458 397 61 Théâtres:

320 1557 185 59 Nous
534 1556 312 76 ignorons
876 1556 326 76 pourquoi
1228 1556 76 57 de
1322 1556 62 57 la
1406 1555 519 76 représentation
1949 1556 41 57 d
1995 1555 127 61 'Un
2144 1553 208 74 Mâle,

247 1636 78 57 de
355 1635 85 58 M.
471 1635 399 58 Lemonnier
926 1651 82 41 on
1040 1652 35 41 a
1125 1633 204 59 voulu
1380 1632 163 61 faire
1602 1652 89 41 un
1749 1633 410 72 événement,
2220 1652 133 41 une

245 1712 1168 76 solemnitélittéraire?—Pourquoi
1444 1713 85 58 M.
1556 1713 256 75 Rosny,
1848 1713 157 59 dont
2032 1712 293 60 l'admira-

241 1790 107 61 ble
396 1796 246 55 Daniel
679 1795 369 67 Valgraive
1074 1791 283 57 humilie
1392 1790 547 77 singulièrement
1972 1791 95 58 les
2100 1807 215 42 roman-

240 1871 162 57 ciers
437 1870 513 76 d'aujourd'hui,
984 1868 375 60 aborde-t-il
1385 1885 154 43 avec
1571 1872 160 57 Nell
1760 1873 199 55 Ilorn
1978 1868 65 60 la
2072 1870 279 59 carrière

242 1947 464 78 dramatique?

421 2027 186 57 Nous
639 2026 436 75 entrevoyons
1103 2026 327 76 pourquoi
1451 2044 92 40 un
1578 2047 30 35 «
1641 2026 327 60 auditoire
1995 2026 220 60 d'élite
2248 2046 28 34 »
2314 2044 35 40 a

240 2105 418 72 redemandé,
701 2107 61 56 et
792 2103 120 60 fait
931 2105 193 76 jouer
1150 2110 187 56 deux
1366 2108 134 69 fois
1542 2111 77 53 de
1665 2110 178 56 suite
1870 2107 65 57 la
1964 2110 224 56 Morte
2211 2111 104 55 vio-

242 2183 96 61 lée
387 2185 79 58 de
504 2183 89 60 M.
646 2185 78 58 de
769 2183 229 59 Chirac
1030 2202 16 54 ;
1100 2186 61 57 et
1208 2185 59 58 le
1309 2183 118 60 fait
1475 2201 126 60 que
1656 2185 174 58 Mme
1890 2185 162 58 Tola
2098 2185 250 58 Dorian

239 2263 90 57 ait
359 2262 310 60 transcrit
701 2279 77 41 en
810 2279 211 54 russe,
1058 2279 158 41 sous
1263 2262 60 58 le
1362 2262 155 61 titre
1552 2265 76 57 de
1986 2309 15 23 ,
2036 2280 91 40 un
2160 2265 187 57 conte

237 2341 78 60 de
335 2341 215 58 Ouida
570 2340 267 58 intitulé
861 2340 401 71 Pépisirello
1272 2388 14 24 ,
1315 2357 171 42 nous
1510 2341 250 60 semble
1782 2341 265 75 appeler
2066 2340 247 76 l'appro-

235 2418 246 60 bation.
508 2420 190 69 Mais,
722 2420 178 58 entre
931 2420 96 57 les
1049 2423 345 56 Fourches
1426 2423 340 56 Caudines
1789 2425 62 53 et
1879 2418 272 59 l'affaire
2180 2420 135 58 Glai-

233 2498 279 71 rainval,
565 2497 43 58 il
640 2498 110 76 n'y
781 2515 35 40 a
846 2515 116 58 pas
994 2498 36 57 à
1060 2498 245 59 choisir
1350 2501 62 56 et
1458 2498 63 59 la
1557 2498 208 76 police
1815 2498 536 60 correctionnelle

233 2594 80 41 ne
345 2577 269 58 redoute
639 2592 116 60 pas
783 2577 63 57 la
871 2592 434 42 concurrence
1342 2578 78 57 de
1449 2577 86 58 M.
1564 2576 289 59 Antoine
1989 2577 94 57 La
2108 2594 244 58 preuve

232 2657 97 57 est
349 2655 154 59 faite
532 2656 181 57 aussi
741 2671 113 58 par
875 2655 212 58 Leurs
1117 2658 176 66 filles
1323 2672 125 59 que
1478 2655 60 58 le
1568 2656 153 75 plus
1745 2651 42 63 à
1815 2657 212 57 tiroir
2050 2656 113 58 des
2194 2674 118 40 vau-

232 2735 272 58 devilles
528 2733 311 60 obscènes
865 2735 97 58 est
992 2733 35 59 à
1058 2750 71 42 sa
1153 2733 179 76 place
1356 2752 83 41 au
1478 2732 283 62 Théâtre
1788 2736 222 57 Libre.

305 2973 92 59 Le
674 2970 84 63 Rêve
759 2972 149 59 drame
961 2970 266 77 lyrique
1289 2971 179 58 vient
1521 2972 78 59 de
1658 2970 251 61 révéler
1966 2987 84 42 au
2107 2970 238 58 monde

223 3052 261 59 troublé
512 3052 58 59 le
602 3067 155 42 nom
809 3048 297 60 d'Alfred
1153 3050 333 59 Bruneau.
1535 3051 181 60 Cette
1752 3066 223 43 œuvre
2018 3066 35 41 a
2102 3048 152 59 ému
2285 3050 58 57 le

225 3131 237 60 monde
495 3130 280 59 musical
802 3130 63 59 et
893 3128 229 59 secoué
1152 3128 57 58 le
1239 3130 240 59 monde
1524 3131 113 75 qui
1669 3146 67 42 se
1768 3128 265 77 qualifie
2066 3128 78 58 de
2175 3127 142 59 litté-

223 3210 168 58 raire
421 3226 190 60 parce
641 3207 160 78 qu'il
829 3207 122 59 fait
992 3224 117 42 son
1150 3207 324 61 bréviaire
1520 3211 76 57 de
1638 3208 39 59 Y
1683 3193 179 76 Écho
1892 3212 78 54 de
2000 3211 212 55 Paris

221 3290 338 70 invalides
604 3288 77 59 de
724 3286 315 76 quelques
1065 3286 202 60 vieux
1298 3286 479 62 écrivailleurs.
1904 3286 372 75 Beaucoup,
2309 3286 35 57 à
