4219 5603
169 652 1354 407 DER
1740 653 2289 419 STURM

169 1110 1175 91 MONATSSCHRIFT
1401 1127 44 81 /
1493 1113 1009 95 HERAUSGEBER:
2576 1120 790 88 HERWARTH
3447 1123 603 88 WALDEN

252 1321 409 66 Liedopfer
702 1323 323 54 Reinhard
1073 1321 293 68 Goering

252 1426 403 70 Stuttgart,
699 1428 128 56 die
866 1428 405 66 Wohnung
1315 1426 855 70 (Werkbundausstellung)
2214 1426 154 58 Kurt
2405 1426 395 60 Schwitters

253 1531 776 73 Abbildungen:
1085 1535 453 68 Zeichnungen
1581 1548 120 43 von
1748 1533 309 58 Reinhard
2104 1533 274 70 Goering

1315 1786 576 85 Herausgegeben
1938 1806 141 51 von
2128 1788 354 71 Professor
2529 1789 117 70 Dr.
2695 1789 200 72 Oito
2942 1791 447 85 Hoetzsch,
3438 1794 286 72 M.d.R.

3782 2015 149 105 it

1115 2257 445 64 Zeitschrift
1625 2258 118 63 fur
1811 2257 120 64 die
2007 2258 395 82 gesamten
2468 2258 288 83 Fragen
2818 2260 143 66 des
3020 2264 559 81 europSischen
3635 2267 296 66 Ostens

2196 2460 79 50 Im
2312 2460 262 62 Auftrage
2614 2462 100 50 der

2196 2533 307 51 Deutschen
2586 2533 360 53 Gesellschafi
3028 2551 128 37 gum
3242 2536 253 52 Stadium
3580 2537 349 63 Osteuropas

2193 2646 57 48 in
2277 2642 359 63 Verbindung
2664 2646 98 48 mil
2788 2642 135 53 Ofio
2948 2643 289 62 Auhagen,
3266 2645 188 51 Berlin
3481 2642 24 70 /
3531 2645 137 52 Otto
3697 2646 232 62 Goebel,

2194 2716 304 52 Hannover
2571 2710 24 70 /
2668 2716 207 51 Arthur
2937 2716 214 61 Luther,
3216 2717 215 62 Leipzig
3509 2717 22 64 /
3605 2718 135 53 Fritz
3799 2720 131 52 Karl

2195 2792 182 58 Mann,
2419 2789 204 50 Insiitut
2659 2789 88 51 fur
2785 2788 360 52 Osideutsche
3172 2789 317 61 Wirtschaft,
3523 2792 344 62 K6nigsberg
3906 2791 23 64 /

2195 2861 228 53 Richard
2481 2859 289 64 Salomon,
2826 2862 284 60 Hamburg
3187 2859 19 67 /
3282 2862 266 53 Friedridi
3606 2862 320 69 SchOndorf,

2194 2935 612 60 Ost-Europa-Institut,
2855 2934 235 52 Breslau
3137 2928 23 71 /
3206 2934 290 53 Hermann
3553 2937 371 57 Schumacher,

2193 3010 191 52 Berlin
2421 3005 24 66 /
2483 3008 125 51 Max
2634 3007 210 62 Sering,
2874 3007 188 52 Berlin
3103 3004 18 66 /
3163 3007 133 52 Kurt
3321 3008 359 62 Wiedenfeld,
3711 3009 217 62 Leipzig

251 3120 171 63 Das
485 3119 760 83 ausgezeichnete
1306 3119 292 83 Organ
1660 3137 149 46 zur
1872 3119 699 78 Erschliessung
2631 3114 157 64 der
2851 3112 457 68 Probleme
3367 3117 164 63 des
3582 3115 346 66 Ostens

1139 3224 308 56 Politik
1525 3220 44 73 If
1643 3222 518 58 Wirtschaft
2238 3224 42 66 //
2361 3220 666 58 Geistesleben

1290 3318 270 51 Erscheint
1595 3318 293 51 monatlich
1937 3345 67 6 —
2053 3317 496 61 Vierteljahrspreis
2588 3321 50 45 9.
2646 3343 65 5 —
2751 3313 106 53 Rm

766 3408 308 61 Verlangen
1113 3407 89 52 Sie
1240 3412 91 46 ein
1369 3407 432 53 unberechnetes
1840 3407 294 52 Probeheft
2169 3411 164 48 unter
2371 3406 395 60 Bezugnahme
2805 3404 98 53 auf
2935 3406 153 51 diese
3126 3406 270 61 Anzeigel

243 3566 1361 98 OST-EUROPA-VERLAG,
1682 3566 434 81 BERLIN
2177 3566 257 84 W35
2512 3569 179 78 und
2776 3552 837 98 KONIGSBERG
3677 3572 41 75 i.
3779 3569 138 81 Pr.

238 4045 718 169 Aufruf

238 4302 161 78 zu
473 4277 349 101 einer
893 4304 415 74 neuen
1384 4270 750 127 Spielbuhne

231 4465 25 30 *
2178 4412 479 83 Rcinhard
2713 4412 410 105 Goerlng

2612 4519 399 83 Gerhari
3067 4522 417 82 Seherler

3391 4632 221 82 Karl
3668 4634 249 103 Vogt

558 4770 142 71 Auf
742 4770 161 71 dem
951 4771 287 70 Theater
1284 4770 132 71 soli
1462 4771 147 70 und
1657 4770 167 71 mufe
1868 4770 251 71 wieder
2168 4771 334 87 gcspielt
2549 4771 308 71 werden!
2977 4773 464 85 Schauspieler
3499 4773 146 71 und
3692 4776 222 88 Laien,

234 4878 110 71 die
392 4878 181 71 akliv
603 4878 173 71 oder
822 4883 228 80 passiv
1096 4900 93 49 an
1237 4878 122 69 der
1391 4878 233 71 Arbeit
1669 4878 104 69 fur
1821 4878 110 71 die
1977 4876 418 87 Spielbuhne
2441 4881 133 68 sich
2622 4880 355 86 beteiligen
3023 4881 271 83 wollen,
3343 4881 210 72 bitten
3594 4888 139 78 wir,
3782 4888 134 68 sich

233 5010 86 49 zu
368 4988 274 70 melden
690 4986 110 72 bei
847 4988 354 71 Gcrhort
1247 4986 393 85 Seherler,
1689 4988 274 70 Berlin
2011 4988 74 71 O
2112 4997 131 76 34,
2288 4990 971 88 Wiihelm-Siolzesirafje
3309 5000 129 63 31.

1096 5113 202 72 Auch
1347 5115 123 70 ein
1523 5113 499 87 Spredi-Chor
2063 5117 152 69 soil
2254 5118 431 85 gegrundei
2723 5118 326 70 werden.
