2679 3806
703 250 474 54 ARTISTIC
1224 248 693 53 DEBAUCHERY.

2457 260 68 45 35

180 358 70 46 In
287 357 102 47 the
426 357 207 53 Ranks
666 362 107 42 and
811 358 305 49 Harbour
1143 360 237 61 Lights.
1414 361 237 44 Artistic
1699 358 242 55 atrophy
1976 360 44 42 is
2058 358 346 54 benumbing
2439 370 84 43 us,

171 465 84 31 we
294 464 97 32 are
428 451 182 55 losing
645 465 103 32 our
779 452 149 46 liner
960 452 212 56 feeling
1205 454 89 44 for
1329 455 224 52 beauty,
1586 452 96 45 the
1719 463 126 31 rose
1882 451 44 45 is
2161 451 142 43 back
2335 451 61 43 to
2420 451 97 43 the

174 545 169 42 briar.
382 544 16 42 1
434 541 113 45 will
586 546 99 41 not
718 544 172 53 speak
924 544 56 46 of
1012 545 98 45 the
1143 543 118 47 fine
1295 545 89 43 old
1419 545 224 43 crusted
1677 543 225 52 stories,
1936 553 134 31 ever
2101 541 101 43 the
2236 551 175 42 same,
2447 553 70 31 on

1312 603 12 16 %

171 638 184 43 which
393 648 168 44 every
595 638 191 44 drama
821 638 49 44 is
905 639 186 52 based,
1118 649 103 33 nor
1253 640 97 52 yet
1381 635 58 46 of
1461 638 99 43 the
1596 638 188 53 musty
1808 635 323 43 characters
2166 634 137 43 with
2339 634 182 43 which

170 730 133 54 they
337 741 94 31 are
466 729 393 54 peopled...the
895 732 169 43 miser
1097 732 56 42 in
1187 730 98 44 the
1319 729 89 45 old
1446 729 173 45 castle
1654 729 271 52 counting
1959 725 87 45 his
2079 725 127 55 gold
2236 727 67 53 by
2339 725 183 55 night,

174 823 101 42 the
311 821 339 45 dishevelled
701 835 217 33 woman
953 823 181 43 whom
1187 824 67 42 he
1291 822 169 55 keeps
1503 821 90 45 for
1626 823 329 52 ambiguous
1991 831 231 33 reasons
2259 817 260 47 confined

174 916 53 39 in
266 926 28 31 a
331 913 192 45 cellar.

276 1007 102 44 Let
433 1007 72 42 ail
541 1007 114 44 this
692 1009 66 42 be
816 1007 233 45 waived.
1083 1009 96 43 We
1215 1009 151 42 must
1411 1009 99 42 not
1558 1006 226 55 quarrel
1820 1006 137 43 with
2011 1006 99 43 the
2146 1004 375 54 ingredients.

174 1098 118 43 The
327 1100 170 42 miser
520 1099 110 43 and
666 1100 97 42 the
788 1099 87 43 old
913 1099 170 44 castle
1111 1110 95 32 are
1242 1109 59 33 as
1323 1099 151 52 true,
1507 1100 108 42 and
1644 1099 99 42 not
1778 1109 106 33 one
1919 1096 83 52 jot
2027 1108 154 31 more
2204 1096 151 52 true,
2381 1094 137 43 than

174 1190 99 43 the
311 1189 213 44 million
560 1193 200 42 events
795 1190 181 45 wiiich
1011 1202 68 42 go
1115 1192 59 43 to
1211 1190 160 43 make
1407 1202 72 42 up
1512 1190 97 43 the
1646 1190 351 52 phenomena
2030 1186 56 46 of
2132 1189 204 42 human
2373 1186 116 44 exis-

171 1287 191 39 tence.
400 1284 106 43 Not
556 1285 58 41 at
649 1283 161 43 these
844 1284 191 52 things
1070 1283 327 43 considered
1423 1282 318 54 separately
1775 1284 67 41 do
1879 1283 18 41 1
1921 1280 133 45 take
2091 1282 289 52 umbrage,
2416 1279 105 43 but

175 1377 60 39 at
269 1376 99 42 the
405 1374 296 45 miserable
739 1386 95 32 use
871 1374 126 44 that
1031 1376 46 42 is
1112 1376 156 42 made
1304 1373 56 45 of
1393 1374 175 52 them,
1600 1374 98 42 the
1732 1373 284 55 vulgarity
2060 1372 57 43 of
2150 1373 100 43 the
2286 1371 199 54 compli-

172 1466 221 43 cations
429 1467 228 42 evolved
712 1465 145 44 from
892 1467 182 50 them,
1110 1468 106 41 and
1251 1467 97 42 the
1404 1467 234 52 poverty
1671 1465 57 45 of
1761 1466 207 53 beauty
2004 1467 54 41 in
2094 1465 99 43 the
2240 1463 279 55 dialogue.

274 1557 107 42 Not
412 1559 99 41 the
566 1557 163 54 thing
782 1556 169 53 itself,
1017 1559 100 40 but
1169 1557 98 43 the
1324 1559 128 43 idea
1498 1556 56 44 of
1606 1559 100 43 the
1759 1557 166 52 thing
1978 1555 206 45 evokes
2218 1557 98 42 the
2372 1555 147 43 idea.

175 1647 432 51 Schopenhauer
638 1659 113 33 was
786 1649 189 52 right;
1011 1660 83 31 we
1130 1650 68 42 do
1237 1651 99 41 not
1369 1653 153 40 want
1553 1651 101 42 the
1681 1649 182 53 thing,
1900 1650 102 42 but
2033 1647 100 45 the
2170 1647 124 44 idea
2330 1645 56 46 of
2419 1647 98 44 the

167 1739 183 52 thing.
387 1736 113 45 The
533 1739 166 53 thing
724 1738 154 44 itself
913 1740 45 42 is
984 1739 297 46 worthless
1305 1754 14 39 ;
1355 1743 106 40 and
1488 1740 97 45 the
1610 1740 176 45 moral
1807 1739 228 44 writers
2060 1739 127 43 who
2221 1736 293 46 embellish

169 1830 43 41 it
246 1829 137 43 with
420 1832 159 49 pious
613 1833 455 42 ornamentation
1103 1843 98 33 are
1238 1833 118 52 just
1409 1844 59 32 as
1503 1832 424 53 reprehensible
1967 1843 58 32 as
2062 1832 145 53 Zola,
2241 1832 126 43 who
2401 1842 78 33 em-

2127 1905 10 12 %

170 1920 260 44 belltshes
457 1922 44 42 it
524 1922 139 43 with
688 1923 179 42 erotic
891 1926 354 50 arabesques.
1263 1924 112 42 You
1402 1924 155 43 want
1582 1924 98 43 the
1704 1923 126 44 idea
1847 1924 192 42 drawn
2065 1926 101 39 out
2199 1922 57 43 of
2287 1923 196 43 obscur-

167 2013 97 54 ing
288 2016 226 51 matter,
539 2017 107 41 and
671 2014 116 44 this
810 2026 100 32 can
938 2016 122 43 best
1110 2017 64 42 be
1216 2017 144 43 done
1404 2017 68 55 by
1516 2017 98 43 the
1649 2014 238 56 symbol.
1921 2016 112 43 The
2068 2014 215 55 symbol
2320 2026 63 32 or
2415 2014 99 45 the

166 2107 163 52 thing
369 2105 170 54 itself,
574 2106 127 44 that
735 2107 47 42 is
815 2107 98 42 the
950 2108 162 51 great
1134 2108 227 45 artistic
1384 2108 286 55 question.
1708 2110 58 42 In
1794 2108 206 44 earlier
2033 2119 131 43 ages
2188 2110 46 40 it
2267 2120 113 32 was
2415 2108 97 44 the

167 2197 234 52 symbol;
424 2210 29 31 a
480 2210 181 39 name,
682 2211 30 31 a
735 2199 204 54 plume,
965 2199 239 45 sufficed
1225 2202 59 41 to
1310 2200 176 44 evoke
1508 2201 101 43 the
1630 2201 141 52 idea,
1798 2211 124 33 now
1949 2211 84 33 we
2052 2199 175 44 evoke
2255 2200 259 53 nothing,

169 2286 90 43 for
293 2300 81 31 we
410 2289 123 53 give
583 2291 349 54 everything,
967 2293 99 42 the
1122 2291 370 54 imagination
1527 2291 56 44 of
1632 2293 100 42 the
1766 2294 288 51 spectator
2089 2291 45 44 is
2192 2303 69 32 no
2317 2291 197 54 longer

171 2379 173 42 called
411 2381 119 42 into
586 2380 144 55 play.

271 2473 58 41 In
364 2472 429 53 Shakespeare's
828 2474 133 54 days
1016 2477 58 40 to
1111 2477 185 40 create
1331 2474 204 43 wealth
1592 2474 55 42 in
1685 2486 29 30 a
1748 2477 224 40 theatre
2007 2474 47 43 it
2098 2486 114 31 was
2246 2474 132 55 only
2413 2486 64 31 ne-

169 2573 220 45 cessary
423 2564 58 42 to
516 2566 164 42 write
717 2576 145 42 upon
900 2578 29 30 a
966 2567 192 52 board,
1193 2568 33 23 44
1256 2567 42 41 A
1334 2564 369 55 magnificent
1724 2569 323 50 apartment
2080 2566 57 43 in
2174 2578 28 32 a
2239 2564 210 55 palace.

167 2653 131 45 This
331 2666 112 32 was
480 2667 71 32 no
577 2656 177 43 doubt
787 2656 288 53 primitive
1099 2660 105 40 and
1242 2658 100 42 not
1365 2670 30 29 a
1431 2656 147 44 little
1605 2658 325 52 barbarous,
1966 2660 100 42 but
2100 2660 47 40 it
2180 2670 116 32 was
2320 2660 188 42 better

167 2749 68 49 by
269 2745 85 44 far
378 2747 137 43 than
553 2750 69 52 by
654 2750 124 42 dint
812 2747 56 43 of
896 2750 233 42 anxious
1163 2747 354 55 archaeology
1549 2750 61 43 to
1634 2752 292 41 construct
1958 2751 100 42 the
2084 2750 198 54 Doge's
2315 2749 192 53 palace

165 2849 148 42 upon
349 2840 98 42 the
482 2841 179 52 stage.
699 2841 75 52 By
815 2851 107 32 one
958 2840 120 43 rich
1113 2839 185 54 pillar,
1333 2841 69 54 by
1435 2851 152 32 some
1624 2840 312 53 projecting
1973 2840 325 47 balustrade
2331 2844 172 44 taken

162 2931 52 41 in
254 2930 367 52 conjunction
669 2934 136 42 with
842 2945 30 31 a
909 2934 223 42 moored
1192 2933 257 53 gondola,
1483 2944 84 31 we
1624 2931 197 45 should
1858 2934 179 43 strive
2091 2936 59 42 to
2185 2935 176 43 evoke
2409 2938 95 43 the

163 3022 120 41 soul
335 3022 56 43 of
436 3023 98 43 the
579 3024 114 55 city
729 3024 54 43 of
819 3025 311 44 Veronese:
1168 3027 69 52 by
1270 3027 99 42 the
1405 3025 232 54 magical
1694 3025 105 42 and
1840 3025 331 55 unequalled
2228 3027 274 45 selection

166 3112 55 42 of
256 3124 31 31 a
322 3113 186 44 subtle
532 3116 105 41 and
674 3118 343 51 unexpected
1041 3116 221 44 feature
1287 3116 56 44 of
1376 3128 29 31 a
1430 3117 246 53 thought
1709 3128 64 31 or
1807 3119 190 50 aspect
2029 3117 57 44 of
2119 3131 29 30 a
2184 3118 318 57 landscape,

165 3206 110 40 and
313 3206 101 42 not
448 3206 67 54 by
547 3207 96 43 the
680 3208 277 55 up-piling
981 3207 56 46 of
1070 3211 339 42 extraneous
1445 3210 189 52 detail,
1659 3220 96 31 are
1790 3208 70 43 all
1900 3213 162 49 great
2085 3212 184 51 poetic
2302 3211 200 47 effects

166 3293 284 46 achieved.

645 3394 35 21 44
718 3391 73 53 By
826 3392 97 44 the
957 3392 230 45 tideless
1220 3392 266 44 dolorous
1530 3392 190 44 inland
1759 3404 113 38 sea,

712 3484 57 40 In
805 3495 30 31 a
872 3483 126 43 land
1035 3483 57 44 of
1126 3486 159 50 sand,
1319 3484 56 43 of
1411 3485 146 50 ruin,
1604 3485 108 41 and
1748 3484 146 52 gold.
1922 3485 12 19 '
1941 3490 14 19 4
