2573 3807
174 1267 203 66 THE
438 1264 403 69 TUSCAN
1362 1262 145 81 OR
1555 1262 404 68 MONTH
2002 1262 140 68 OF
2180 1262 163 68 MA
2363 1262 10 81 Y
2383 1262 50 81 PLAYS

538 1371 113 85 by
694 1369 310 66 Pierre
1051 1369 330 79 Rames.

1474 1371 88 53 (0.

678 1595 33 32 n
748 1595 159 42 many
956 1587 151 49 parts
1161 1584 54 43 of
1276 1585 262 55 Tuscany,
1587 1587 106 42 and
1727 1584 290 55 especially
2066 1585 170 42 about
2282 1584 139 53 Pisa,

683 1674 187 54 Lucca,
903 1677 184 42 Monte
1119 1676 216 43 Amiata
1357 1677 105 40 and
1496 1673 320 53 Versiliano,
1837 1676 158 40 there
2028 1673 170 43 exists
2230 1684 30 31 a
2281 1672 138 45 form

683 1761 55 43 of
771 1764 185 41 drama
1008 1764 174 42 which
1216 1767 251 49 presents
1519 1764 54 41 in
1609 1776 30 29 a
1691 1762 277 52 primitive
2014 1761 142 44 form
2210 1763 208 43 certain

687 1851 256 53 qualities
974 1852 235 55 entirely
1232 1852 214 52 lacking
1477 1852 56 43 in
1566 1853 95 42 the
1694 1852 284 53 European
2011 1853 256 51 Theatre,
2290 1852 130 42 such

687 1951 57 32 as
776 1940 240 44 freedom
1069 1942 139 43 from
1243 1945 267 40 restraint
1542 1945 64 51 by
1660 1943 96 42 the
1799 1942 228 55 literary
2077 1940 344 56 playwright,

683 2031 122 42 love
838 2031 53 42 of
921 2032 95 42 the
1049 2031 152 43 work
1232 2030 87 44 for
1341 2032 74 42 its
1448 2043 119 31 own
1600 2031 131 43 sake
1754 2034 105 40 and
1892 2032 340 42 enthusiasm
2268 2031 56 41 in
2347 2029 73 45 Its

682 2123 306 50 execution,
1020 2123 104 40 and
1158 2133 67 30 an
1261 2120 188 52 appeal
1502 2121 69 54 by
1600 2121 319 51 suggestion
1968 2120 104 42 and
2121 2119 208 54 symbol
2361 2121 58 42 to

682 2210 96 42 the
813 2211 354 51 imagination
1200 2210 242 42 existent
1488 2210 55 41 in
1577 2209 95 43 the
1705 2210 306 52 spectators
2062 2209 192 42 rather
2284 2210 134 42 than

682 2299 95 42 the
809 2299 245 43 realistic
1084 2298 379 52 presentation
1498 2297 55 43 of
1582 2297 130 44 fact.

777 2389 169 43 These
978 2388 151 54 plays
1162 2398 91 32 are
1308 2385 213 55 usually
1556 2387 199 42 known
1789 2398 59 32 as
1879 2388 96 42 the
2065 2387 181 53 Maggl
2358 2397 62 32 or

159 2479 191 40 month
386 2477 53 43 of
470 2479 119 54 May
631 2478 156 53 Plays
829 2479 103 41 and
971 2488 93 32 are
1086 2477 243 48 written,
1347 2477 269 51 produced
1641 2476 104 42 and
1779 2476 156 43 acted
1970 2477 67 53 by
2069 2476 95 43 the
2188 2477 232 52 country

156 2562 113 46 folk
284 2566 344 44 themselves.

259 2727 60 42 In
371 2738 148 32 some
570 2730 243 43 districts
843 2731 202 51 where,
1097 2730 179 52 owing
1328 2732 56 38 to
1435 2730 94 40 the
1580 2728 114 44 fact
1743 2730 125 42 that
1909 2728 95 44 the
2058 2741 125 31 men
2216 2730 57 43 of
2321 2730 96 43 the

160 2817 354 51 community,
546 2817 181 43 whose
774 2820 209 40 custom
1017 2817 44 42 it
1093 2819 46 40 is
1169 2819 60 40 to
1261 2816 152 43 work
1445 2816 57 42 In
1534 2817 95 42 the
1662 2817 292 42 Maremma
1987 2819 106 41 and
2127 2817 104 43 low
2264 2817 154 43 lands

159 2905 196 52 during
388 2906 97 42 the
518 2907 201 42 winter
750 2918 212 41 season,
1004 2907 137 44 have
1177 2909 98 40 not
1321 2907 262 42 returned
1618 2909 58 40 to
1709 2906 148 43 their
1902 2906 228 55 villages
2164 2910 68 52 by
2278 2910 140 52 May,

157 2991 97 43 the
286 2991 151 55 plays
475 3005 92 31 are
603 2995 157 52 given
811 2995 141 43 later
985 2998 55 40 in
1073 2996 95 42 the
1200 3006 131 44 year
1380 2996 104 41 and
1519 2994 198 43 known
1751 2996 69 52 by
1851 3005 149 33 some
2053 2996 160 42 other
2254 3006 159 33 name

154 3081 132 42 such
320 3093 57 30 as
466 3083 211 43 Giostre

255 3170 320 42 Sometimes
607 3172 129 53 they
767 3182 93 31 are
884 3173 287 52 organised
1206 3174 68 51 by
1307 3183 102 32 one
1445 3183 145 41 man,
1620 3173 97 42 the
1801 3173 387 54 Capo-Magglo
2296 3175 121 42 who

162 3286 33 34 ]•
221 3285 65 35 For
308 3287 98 33 much
442 3287 202 42 interesting
669 3288 230 35 information
927 3292 190 40 respecting
1143 3291 57 33 the
1455 3290 92 33 Iam
1572 3290 161 34 indebted
1760 3291 36 33 to
1818 3291 182 34 Professor
2022 3291 219 36 D'Aocona's
2262 3292 160 36 valuable

152 3358 114 43 study
288 3360 34 33 of
346 3361 58 32 the
428 3360 136 41 subject
588 3361 39 33 in
654 3362 53 33 his
783 3362 131 42 Origin!
938 3363 57 35 del
1022 3363 81 35 Teat
1124 3373 20 23 o
1168 3365 150 33 Italiano
1409 3363 68 35 and
1502 3366 75 32 also
1615 3365 34 33 to
1671 3373 46 26 an
1749 3365 208 42 interesting
1992 3366 201 34 illustrated
2226 3367 123 34 article
2384 3367 34 33 in

268 3434 138 33 Lettura
490 3436 79 40 May
593 3434 62 35 1911
680 3436 42 42 by
739 3436 122 42 Signor
885 3437 143 34 Roberto
1053 3438 243 35 Palmarocchi.
1322 3438 38 35 P.
1385 3438 41 33 R.
