2645 3805
734 391 191 45 THE
992 391 408 47 TUSCAN
1461 391 64 44 M
1550 389 44 46 A
1630 388 130 47 GG
1787 389 29 45 I

2407 401 67 45 33

130 499 111 54 sity
303 501 180 41 which
551 498 332 46 manifested
939 499 154 45 itself
1127 502 55 40 in
1239 501 95 41 the
1370 502 312 51 spectators
1718 499 54 42 in
1828 496 274 54 profound
2141 498 226 51 silence,
2402 511 70 30 no

130 588 264 54 applause
431 591 168 53 being
633 592 164 52 given
834 592 259 42 however
1127 589 197 56 deeply
1357 592 136 52 they
1530 600 148 33 were
2406 598 67 35 -<£•

131 689 68 34 JZ?
233 681 128 51 But,
394 681 270 55 although
698 683 98 42 the
849 683 179 54 Maggi
1059 685 97 52 yet
1189 685 183 40 retain
1428 682 149 42 their
1612 680 395 44 conventional
2033 677 143 46 form
2214 678 57 45 of
2304 682 172 42 chant

134 774 107 40 and
279 775 183 42 metre
497 775 57 43 in
590 776 72 41 its
685 774 212 53 purity,
929 769 161 49 those
1117 776 123 42 who
1274 775 244 52 produce
1553 774 153 42 them
1742 784 96 32 are
1864 772 289 44 conscious
2176 774 128 43 that
2327 774 149 44 their

134 864 157 52 stage
323 864 220 54 setting
577 868 98 42 has
709 865 112 45 lost
853 866 320 52 something
1207 864 56 46 of
1297 865 74 43 its
1405 864 187 52 value,
1625 866 107 41 and
1770 864 202 53 village
2008 875 124 32 now
2190 868 283 49 competes

135 954 139 43 with
308 955 204 54 village
545 955 89 46 for
680 958 99 42 the
812 958 315 51 possession
1164 957 55 43 of
1269 969 30 31 a
1334 957 117 43 real
1487 957 223 43 theatre
1762 957 137 40 with
1937 957 71 41 its
2067 958 168 42 broad
2288 958 182 43 raised

138 1044 263 52 platform
438 1058 71 31 on
544 1048 179 43 which
759 1050 60 41 to
855 1049 69 42 do
959 1059 153 32 more
1146 1048 201 53 justice
1382 1050 60 40 to
1476 1047 154 44 their
1664 1057 215 33 scenes.

238 1138 168 53 Many
441 1138 137 43 have
614 1138 144 45 built
791 1138 151 43 little
976 1141 251 43 theatres
1254 1141 136 42 with
1426 1142 163 41 stone
1622 1142 181 49 stage,
1826 1141 221 42 curtain
2083 1142 107 41 and
2218 1151 254 43 scenery,

139 1230 105 40 and
281 1230 233 43 wooden
552 1231 240 43 benches
827 1242 64 32 or
926 1233 164 41 stone
1122 1233 151 42 seats
1305 1231 89 43 for
1428 1232 97 42 the
1559 1231 268 43 audience
1870 1232 211 52 ranged
2119 1232 55 42 in
2210 1233 97 42 the
2330 1230 142 45 form

139 1317 57 45 of
229 1332 69 31 an
335 1322 434 54 amphitheatre,
802 1334 71 31 an
929 1324 225 52 awning
1189 1324 165 52 being
1409 1324 273 43 extended
1720 1322 276 45 overhead
2043 1334 59 33 as
2156 1325 317 51 protection

138 1411 145 43 from
318 1412 97 44 the
450 1424 127 32 sun.
617 1415 127 43 Less
777 1412 268 45 favoured
1100 1414 233 53 villages
1367 1415 235 41 content
1659 1412 342 45 themselves
2034 1414 137 42 with
2205 1414 272 53 adapting

140 1514 155 33 some
332 1505 135 42 barn
504 1517 64 30 or
601 1505 179 43 stable
813 1508 61 40 to
907 1505 152 43 their
1095 1517 96 31 use
1227 1505 206 52 during
1455 1506 96 41 the
1586 1505 221 53 Maggio
1841 1517 217 40 season,
2083 1505 166 45 while
2283 1506 193 44 others

140 1597 98 52 yet
272 1597 125 50 give
430 1597 151 40 their
613 1595 151 55 plays
799 1597 56 42 in
890 1597 97 42 the
1022 1598 188 41 woods
1244 1608 62 31 or
1339 1595 200 54 village
1573 1607 222 42 square.
1906 1605 66 36 &

144 1696 66 35 JZ?
247 1688 126 51 But,
407 1687 259 43 however
698 1688 320 52 presented,
1052 1688 98 42 the
1186 1688 123 43 love
1346 1687 54 42 of
1433 1687 97 43 the
1567 1687 179 53 Maggi
1799 1688 46 42 is
1880 1688 366 52 deep=rooted
2284 1689 57 42 in
2376 1692 100 42 the

145 1778 188 41 hearts
368 1774 56 45 of
454 1777 99 42 the
586 1774 216 55 people,
835 1776 109 43 and
980 1787 137 32 even
1158 1778 53 41 in
1248 1777 160 42 these
1443 1778 155 51 days,
1633 1776 270 53 although
1940 1777 135 53 they
2120 1790 125 43 may
2278 1779 133 45 take
2447 1793 29 31 a

142 1866 158 53 tinge
335 1866 56 43 of
424 1867 193 43 colour
647 1866 145 44 from
829 1870 195 40 recent
1047 1868 107 42 and
1191 1867 423 53 revolutionary
1648 1870 218 50 events,
1890 1879 126 43 may
2050 1880 210 43 occupy
2296 1872 182 43 theun«=

143 1956 180 53 selves
355 1959 137 41 with
519 1969 152 33 some
699 1959 231 41 modern
954 1957 117 43 fact
1093 1956 142 46 from
1264 1970 29 30 a
1323 1970 326 41 newspaper
1674 1970 60 32 as
1757 1957 127 45 well
1911 1970 61 32 as
2003 1959 140 44 with
2167 1961 98 45 the
2289 1962 189 55 legen»

144 2049 136 52 dary
311 2046 212 55 figures
558 2046 55 45 of
646 2049 86 42 old
769 2060 281 40 romance,
1085 2050 134 52 they
1252 2051 95 49 yet
1384 2051 181 41 retain
1603 2050 151 42 their
1788 2050 267 43 essential
2108 2051 370 47 characterise

142 2140 127 50 tics,
302 2141 105 42 and
444 2141 150 42 their
634 2141 226 42 ancient
893 2141 171 42 chant
1097 2143 105 40 and
1266 2144 196 41 metre.
1652 2152 67 34 &

147 2321 132 43 THE
329 2321 237 49 DRAMA
613 2323 148 43 DIES
812 2321 81 43 OF
942 2321 248 45 STALLS
1249 2324 133 40 AND
1438 2324 290 43 EVENING
1784 2323 208 48 DRESS
2044 2324 136 43 AND
2218 2326 259 47 PEOPLE

147 2397 158 42 WHO
341 2397 86 42 GO
462 2396 83 43 TO
581 2396 131 45 THE
746 2396 312 46 THEATRE
1091 2396 83 45 TO
1212 2399 240 43 DIGEST
1488 2397 204 50 THEIR
1733 2397 269 49 DINNER.

1676 2491 252 42 Madame
1964 2490 272 47 Eleonora
2271 2497 146 42 Duse
