2656 3876
183 330 342 69 SOME
590 329 435 80 EARLY
1099 330 524 69 ITALIAN
1728 329 756 71 WOODCUTS.

182 454 61 64 A
342 452 216 66 Note
676 473 229 67 upon
993 454 228 67 their
1330 452 160 69 Use
1575 454 81 64 to
1731 452 381 68 Modern
2222 454 269 68 Scene

182 570 476 89 Designers

767 576 107 85 by
922 576 237 64 Felix
1216 576 313 66 Urban.

553 779 165 43 think
774 783 43 40 it
864 794 113 30 was
1009 784 84 42 Mr
1145 781 158 43 Allen
1357 781 188 43 Carrie
1578 780 122 43 who
1755 791 113 31 was
1902 780 98 42 the
2049 779 130 44 first
2232 781 60 42 to
2329 783 160 52 bring

556 874 186 44 before
797 875 224 43 readers
1076 873 56 44 of
1191 870 118 47 The
1365 869 178 47 Mask
1576 871 96 44 the
1729 870 196 45 Italian
1978 871 259 44 woodcut
2287 873 105 43 and
2428 874 61 42 to

562 968 158 52 point
773 969 100 41 out
946 968 72 42 its
1070 965 161 44 value
1285 967 58 40 to
1398 965 96 42 the
1551 963 228 44 modern
1835 973 165 33 scene
2054 963 281 53 designer.
2405 964 84 42 Mr

560 1061 219 44 Oordon
814 1057 162 54 Craig
1010 1058 96 41 has
1139 1054 114 45 also
1276 1056 237 42 touched
1549 1064 135 34 once
1718 1064 63 32 or
1813 1053 163 43 twice
2000 1063 70 33 on
2105 1053 116 45 this
2254 1052 235 53 subject.

175 1164 20 39 1
233 1173 84 31 am
372 1155 284 47 therefore
711 1154 60 41 to
824 1161 152 33 some
1009 1150 195 40 extent
1257 1148 291 53 poaching.
1586 1148 15 42 I
1637 1148 138 51 hope
1827 1148 257 42 however
2141 1146 132 44 both
2329 1146 159 44 these

178 1253 191 41 artists
423 1247 113 45 will
602 1246 79 42 let
731 1242 117 44 this
923 1239 549 52 acknowledgement
1534 1240 163 41 stand
1768 1249 59 32 as
1878 1250 88 42 my
2019 1237 252 55 apology,
2335 1247 151 34 more

178 1340 289 55 especially
504 1340 147 43 since
679 1338 17 40 I
721 1331 321 56 practically
1062 1330 149 42 leave
1246 1329 96 42 the
1378 1330 222 52 designs
1634 1331 59 41 to
1717 1329 170 54 speak
1920 1329 86 43 for
2024 1329 338 44 themselves
2380 1331 105 41 and

176 1446 93 30 sav
305 1432 129 52 only
466 1430 151 42 what
655 1428 47 42 is
740 1421 285 47 essential.
1172 1430 66 35 >£?
2173 1428 66 37 JG/

274 1524 17 40 I
348 1521 141 44 offer
542 1518 154 52 eight
750 1515 151 42 wood
971 1510 333 54 engravings
1361 1509 56 43 of
1469 1512 98 42 the
1585 1509 265 46 fifteenth
1907 1514 235 52 century
2206 1509 89 46 for
2348 1522 141 43 your

175 1611 432 45 consideration.
1183 1616 65 34 &

181 1711 55 34 g?
269 1703 89 52 My
391 1709 197 34 reason
622 1697 86 43 for
741 1693 271 51 selecting
1048 1692 158 43 these
1241 1692 307 53 particular
1581 1693 124 42 cuts
1741 1693 44 42 is
1821 1695 98 41 not
1952 1693 126 43 that
2109 1695 135 52 they
2278 1695 69 41 do
2389 1696 100 40 not

173 1792 222 42 contain
430 1801 31 31 a
495 1789 113 41 line
644 1789 91 40 too
773 1785 160 42 much
970 1794 64 31 or
1067 1794 30 30 a
1133 1781 109 44 line
1277 1782 94 42 too
1425 1781 165 51 little,
1614 1781 88 44 for
1733 1783 127 42 that
1892 1783 182 44 would
2125 1785 66 42 be
2224 1786 59 41 to
2319 1785 167 52 Judge

171 1882 149 41 them
355 1890 59 32 as
447 1879 98 42 the
578 1877 190 51 things
815 1874 133 52 they
984 1871 288 55 obviously
1321 1882 115 40 are,
1737 1874 128 43 that
1916 1876 43 41 is
1994 1876 59 41 to
2088 1885 114 43 say,
2236 1885 59 32 as
2328 1876 157 42 wood

174 1974 119 39 cuts
326 1968 88 44 for
463 1966 348 51 illustrating
862 1974 150 32 some
1063 1961 221 43 stories.
1323 1963 107 41 But
1464 1964 45 40 it
1558 1974 123 43 may
1716 1964 64 42 be
1817 1963 172 54 easily
2037 1966 273 41 admitted
2359 1964 130 43 that

171 2063 135 51 good
341 2060 191 51 things
556 2068 158 33 serve
741 2067 150 30 more
915 2054 135 42 than
1078 2065 103 31 one
1204 2063 259 42 purpose,
1496 2054 104 42 and
1625 2055 96 41 the
1746 2056 240 51 settings
2011 2067 63 30 or
2099 2055 389 54 backgiounds

171 2150 55 44 of
256 2152 160 42 these
451 2150 155 41 wood
642 2149 122 43 cuts
814 2157 94 30 are
942 2145 139 52 good
1117 2145 219 51 enough
1373 2147 57 39 to
1479 2147 93 39 act
1604 2144 87 42 for
1726 2157 85 29 me
1845 2157 60 32 as
1940 2145 143 44 ideal
2119 2145 279 52 examples
2432 2148 54 42 of

173 2243 152 50 stage
381 2250 246 41 scenery,
682 2247 230 42 scenery
965 2236 243 41 without
1261 2246 29 29 a
1343 2234 164 52 thing
1572 2237 94 40 too
1703 2237 161 42 much
1901 2247 63 32 or
1998 2239 91 41 too
2126 2237 150 43 little
2320 2239 57 42 in
2423 2239 63 44 it.

272 2331 16 40 1
324 2330 228 52 suggest
603 2327 126 42 that
785 2326 255 42 nowhere
1097 2324 111 42 else
1243 2336 92 30 are
1409 2326 133 40 such
1599 2327 136 51 good
1794 2326 212 44 lessons
2039 2328 61 41 to
2156 2330 65 40 be
2277 2326 170 45 found
2472 2341 14 38 ;

175 2422 102 41 and
311 2420 96 42 the
440 2417 115 43 fact
606 2418 125 42 that
762 2417 133 51 they
951 2417 66 41 do
1055 2417 97 40 not
1187 2417 222 41 contain
1465 2415 251 44 features
1751 2420 56 39 to
1845 2420 62 40 be
1942 2417 170 43 found
2161 2421 54 41 in
2253 2421 230 43 modern

174 2512 150 50 stage
359 2519 231 42 scenery
625 2509 54 40 in
717 2517 68 31 no
819 2506 129 42 wise
985 2504 257 43 weakens
1277 2516 88 42 my
1399 2507 343 51 suggestion.
1917 2515 67 37 &

171 2608 64 34 &
269 2600 108 42 The
411 2596 130 45 first
574 2598 162 52 thing
771 2595 176 43 which
984 2595 207 43 strikes
1225 2606 104 32 one
1364 2606 58 31 as
1456 2596 197 42 absent
1688 2596 45 43 is
1769 2595 212 46 detail.

270 2691 55 41 in
362 2690 95 42 the
491 2690 96 41 cut
618 2686 186 54 facing
855 2698 135 42 page
1045 2686 83 52 48,
1194 2685 87 45 for
1335 2688 271 50 instance,
1655 2700 81 30 we
1773 2689 137 43 have
1945 2703 30 29 a
2010 2700 151 33 room
2216 2693 53 40 in
2305 2693 178 43 which

169 2792 165 32 seven
368 2791 187 44 young
589 2791 125 30 men
750 2779 105 42 and
890 2791 31 29 a
956 2779 106 50 dog
1112 2788 96 30 are
1243 2778 288 52 gathered.
1568 2778 145 43 Look
1768 2782 57 40 at
1858 2780 96 42 the
1989 2780 174 51 walls,
2218 2784 267 42 windows

169 2869 104 41 and
308 2865 219 55 ceiling.
561 2867 109 43 The
706 2868 165 42 artist
905 2877 111 32 was
1050 2877 105 32 one
1190 2864 56 43 of
1279 2867 161 42 those
1474 2877 103 32 our
1628 2868 229 41 modern
1893 2869 183 52 cynics
2132 2882 94 32 are
2262 2871 219 52 pleased

170 2961 58 39 to
263 2956 100 44 call
413 2962 34 20 44
471 2957 591 53 post-Impressionists
1275 2961 34 20 44
1333 2956 322 54 symbolists
1867 2971 151 30 some
2074 2962 133 42 such
2265 2963 220 50 phrase,

174 3047 256 53 meaning
466 3050 43 40 it
542 3060 57 32 as
634 3060 30 30 a
697 3050 145 42 term
876 3046 57 46 of
970 3048 288 54 reproach.
1295 3050 18 39 1
1350 3051 190 49 regret
1572 3050 127 42 that
1733 3051 18 41 1
1789 3061 85 31 am
1923 3051 214 53 obliged
2174 3053 58 42 to
2268 3055 215 42 remind

167 3149 106 43 you
308 3140 60 40 at
410 3137 110 43 this
571 3141 247 41 moment
852 3139 56 43 of
941 3140 99 42 the
1097 3140 283 42 existence
1416 3137 54 43 of
1517 3139 97 43 the
1665 3141 202 51 cynics,
1902 3142 101 42 but
2055 3144 133 52 they
2224 3155 130 42 crop
2405 3156 71 41 up

170 3229 165 52 today
369 3230 55 41 in
461 3230 133 42 such
635 3230 266 42 numbers
938 3231 107 42 and
1103 3233 55 40 in
1197 3231 134 42 such
1390 3231 342 50 unexpected
1790 3230 182 52 places
2024 3234 126 43 that
2210 3246 81 32 we
2347 3236 137 42 have

170 3329 164 43 every
382 3329 196 33 reason
613 3323 57 39 at
702 3320 71 43 all
810 3321 166 44 times
1013 3323 296 53 nowadays
1342 3323 59 40 to
1435 3319 119 44 fear
1578 3320 150 45 their
1763 3324 335 51 unpleasant
2131 3328 353 52 suggestions

169 3409 105 42 and
308 3410 59 41 to
405 3410 62 42 be
500 3412 267 50 prepared
802 3410 87 45 for
922 3413 151 42 their
1114 3423 354 43 ungenerous
1501 3412 237 44 attacks.

170 3506 61 38 &
265 3498 283 56 Anything
573 3502 176 42 which
768 3502 159 44 takes
961 3503 153 43 them
1136 3502 78 45 off
1237 3503 151 43 their
1418 3503 196 53 guard,
1634 3504 272 55 anything
1924 3507 178 43 which
2122 3508 136 52 they
2277 3511 208 40 cannot
