2573 3807
727 326 381 52 ETERNITY
1138 326 164 46 AND
1332 325 198 45 SOAP
1564 322 338 46 BUBBLES

152 347 63 43 44

156 424 151 51 Club,
345 424 173 51 might
551 424 95 39 not
680 419 187 52 nearly
899 429 58 30 as
992 420 155 48 great
1183 428 31 29 a
1247 417 281 41 sensation
1566 416 63 40 be
1662 414 272 50 produced
1961 413 25 40 ?

255 513 132 52 Why
419 514 133 48 drag
585 511 54 40 in
674 509 95 42 the
804 506 233 42 Theatre
1061 505 27 42 ?
1128 505 109 42 The
1270 514 216 32 answer
1517 504 46 40 is
1600 501 71 43 all
1694 504 94 40 too
1822 510 202 45 easy:...
2061 503 227 41 because
2320 505 91 42 the

156 603 212 40 theatre
401 603 45 39 is
479 598 332 51 sufficiently
846 596 104 42 low
983 598 57 39 to
1081 593 177 52 oblige
1293 591 266 54 willingly
1609 591 159 42 when
1817 591 133 41 such
1997 602 32 30 a
2077 593 244 49 proposal
2367 595 42 42 is

156 692 150 39 made
339 693 58 37 to
432 688 44 41 It
508 688 104 41 and
646 698 29 29 a
708 685 204 52 cheque
946 682 229 43 offered.
1209 682 110 43 The
1352 682 220 41 theatre
1610 682 45 39 is
1691 680 192 42 indeed
1942 680 283 51 becoming
2271 682 142 43 what

152 779 95 40 the
282 786 255 42 manager
569 777 56 39 in
656 773 169 43 Zola's
858 777 33 20 44
917 773 148 42 Nana
1159 770 120 42 held
1315 772 44 40 it
1389 772 59 39 to
1483 770 84 41 be.
1604 768 109 42 The
1747 768 219 43 theatre
2000 769 47 42 is
2079 779 58 32 so
2170 768 102 43 low
2295 773 118 42 that

156 868 42 40 it
231 867 201 41 cannot
462 864 215 50 protect
708 862 167 43 itself.
909 862 116 52 Any
1059 859 198 51 vulgar
1288 870 212 31 woman
1549 868 62 32 or
1644 868 122 32 man
1818 870 96 30 can
1968 857 156 43 make
2174 861 43 39 it
2263 871 148 34 serve

153 955 146 40 their
331 951 330 44 sensational
697 961 249 41 purpose.
1129 957 63 34 js>
2352 961 61 34 &

156 1049 61 34 &
249 1042 167 51 Again
451 1041 104 41 and
590 1040 158 51 again
786 1041 15 39 1
835 1040 120 51 give
989 1038 178 50 praise
1202 1037 124 41 that
1359 1037 92 41 the
1487 1036 206 42 Censor
1724 1036 149 42 rules
1906 1047 130 32 over
2067 1037 96 41 the
2198 1038 215 45 London

153 1130 152 49 stage
338 1129 323 50 preventing
691 1125 219 43 further
942 1125 324 52 vulgarities
1299 1124 56 40 In
1388 1124 95 40 the
1517 1134 168 31 name
1718 1122 55 43 of
1803 1125 118 42 Art.
1957 1126 86 51 My
2076 1125 127 53 only
2236 1131 179 48 regret

155 1218 44 41 is
232 1218 121 40 that
387 1218 64 40 he
487 1218 44 40 is
565 1218 96 39 not
708 1218 93 39 ten
835 1216 162 41 times
1030 1225 58 31 as
1125 1214 161 42 strict
1328 1224 59 30 as
1421 1214 66 40 he
1536 1214 79 40 is:
1652 1214 126 40 that
1810 1215 68 41 he
1926 1225 185 40 passes
2144 1216 154 42 these
2331 1228 56 31 ex-

156 1305 258 42 hibitions
447 1304 54 43 of
548 1306 94 41 the
677 1305 141 41 nude
866 1314 67 32 on
988 1305 93 40 the
1130 1304 185 51 stage;
1349 1303 123 40 that
1525 1301 67 41 he
1627 1300 104 43 lets
1776 1304 159 42 much
1978 1304 127 42 that
2154 1305 43 41 Is
2230 1304 187 54 vulgar

157 1404 121 41 pass
311 1404 68 32 on
413 1395 93 40 the
540 1393 172 42 Music
748 1393 117 40 Hall
898 1397 171 47 stage.

254 1483 91 43 We
378 1483 69 42 all
482 1482 157 42 know
672 1480 265 54 perfectly
984 1480 119 42 well
1139 1480 123 41 that
1317 1482 272 40 eccentric
1646 1482 311 42 comedians
1991 1493 97 32 can
2145 1483 134 53 keep
2328 1487 90 42 the

160 1573 165 41 house
359 1573 52 39 in
444 1582 31 30 a
506 1582 124 30 roar
663 1571 53 41 of
759 1571 257 50 laughter
1051 1569 235 41 without
1324 1571 277 49 resorting
1634 1572 62 38 to
1752 1571 343 50 vulgarities.
2132 1573 112 42 Dan
2281 1576 138 40 Leno

157 1672 108 31 was
319 1661 92 40 the
447 1662 141 39 most
621 1658 294 43 successful
951 1658 224 51 English
1229 1658 281 42 comedian
1545 1661 61 43 of
1642 1662 82 42 his
1779 1662 119 50 day,
1933 1663 103 40 and
2091 1663 225 42 avoided
2351 1663 67 43 all

159 1747 288 52 vulgarity.
500 1748 93 41 We
640 1748 112 41 also
807 1747 155 41 know
1016 1746 124 42 that
1194 1745 208 50 perfect
1451 1750 235 52 dancing
1737 1751 46 41 is
1836 1750 234 50 possible
2123 1752 235 43 without
2390 1766 28 29 a

159 1836 205 53 display
396 1835 55 43 of
486 1835 169 43 naked
692 1847 61 31 or
786 1836 335 42 semi-naked
1159 1835 177 43 limbs.
1369 1837 137 41 Sada
1552 1841 169 41 Yacco
1755 1850 108 32 was
1895 1841 235 52 perhaps
2163 1844 94 40 the
2282 1847 138 40 most

159 1924 209 53 perfect
400 1926 199 40 dancer
635 1922 53 44 of
722 1925 96 41 her
851 1925 118 51 day,
1002 1925 103 39 and
1143 1924 94 42 she
1271 1926 224 42 avoided
1531 1926 72 42 all
1641 1927 132 42 such
1808 1929 226 52 display.
2114 1940 64 34 &

160 2023 63 34 .<2/
256 2014 82 42 All
371 2014 155 42 these
561 2013 245 41 liberties
858 2014 164 40 taken
1059 2024 142 38 upon
1257 2015 95 39 the
1385 2016 154 51 stage
1577 2027 94 31 are
1721 2018 224 52 ruining
1976 2020 95 42 the
2118 2023 174 50 stage.
2328 2025 92 42 Let

160 2103 92 42 the
286 2103 203 42 Censor
520 2104 87 38 act
639 2101 157 41 twice
829 2112 57 30 as
921 2100 336 52 stringently
1289 2113 60 30 as
1384 2103 205 43 before.
1628 2105 98 42 Let
1759 2105 85 42 his
1877 2105 156 45 office
2074 2109 63 42 be
2178 2110 240 45 invested

164 2192 128 40 with
330 2202 117 30 new
479 2200 228 40 powers,
730 2192 100 39 and
858 2190 75 41 let
955 2190 93 41 the
1087 2190 225 41 modern
1332 2192 565 44 theatre-music-hall
1923 2195 135 44 have
2091 2208 31 31 a
2140 2199 203 43 chance
2366 2203 53 39 to

161 2278 222 51 develop
419 2279 70 40 its
523 2279 272 50 strength.
876 2286 65 34 &
2116 2296 63 35 &
2359 2297 61 36 &

259 2367 43 42 If
331 2368 94 40 the
460 2367 201 42 Censor
692 2369 292 47 postpones
1027 2366 184 43 action
1248 2378 104 42 any
1387 2368 189 52 longer
1627 2372 96 42 the
1761 2374 205 41 matter
1997 2374 111 44 will
2145 2378 62 42 be
2241 2381 97 39 out
2371 2378 49 42 of

165 2457 80 41 his
282 2454 185 51 hands,
500 2456 103 39 and
637 2454 94 41 the
766 2452 180 51 public
978 2453 108 42 will
1145 2454 134 42 have
1313 2458 60 40 to
1408 2460 118 49 step
1561 2460 133 41 in....
1717 2460 150 43 Then
1902 2462 125 43 look
2069 2467 100 40 out
2198 2466 88 42 for
2316 2468 78 41 dis-

161 2545 291 39 turbances
470 2543 12 40 1
547 2541 102 42 For
679 2541 156 42 there
861 2542 44 41 is
937 2552 29 29 a
999 2552 131 41 very
1163 2542 152 52 large
1347 2547 207 41 section
1582 2547 54 42 of
1665 2550 95 40 the
1784 2551 180 50 public
1996 2554 177 43 which
2197 2555 222 46 realizes

161 2631 123 41 that
313 2631 135 41 such
485 2630 201 42 licence
721 2640 56 30 as
811 2630 45 40 is
887 2628 225 44 allowed
1168 2634 168 50 today
1370 2635 53 39 in
1458 2636 95 41 the
1587 2640 170 41 music
1794 2640 104 42 hall
1950 2642 44 41 is
2028 2644 305 52 dangerous
2363 2648 56 39 to

162 2719 94 40 the
292 2720 207 41 nation.
2114 2743 64 34 &
2359 2742 59 34 &

254 2806 109 42 The
397 2806 211 43 Church
644 2806 185 41 knows
861 2804 113 42 this
1008 2805 126 53 only
1167 2810 91 39 too
1291 2811 121 41 well
1446 2815 103 40 and
1586 2815 248 51 deplores
1857 2818 95 42 the
1989 2824 217 41 matter.

161 2903 64 34 &
255 2895 108 42 The
399 2895 328 51 Archbishop
752 2893 53 43 of
838 2894 150 41 Paris
1011 2896 301 53 protested,
1345 2903 103 39 and
1476 2904 222 52 rightly,
1732 2908 218 51 against
1971 2910 96 42 the
2100 2913 318 49 production

160 2982 53 41 of
245 2984 32 23 44
299 2984 157 41 Saint
487 2982 281 41 Sebastian
900 2982 196 41 Others
1153 2984 135 42 have
1341 2994 295 47 supported
1685 2996 126 41 that
1843 3001 232 47 protest.
2111 2998 146 53 They
2290 3002 129 39 have

161 3074 135 40 been
333 3072 355 42 keen-witted
725 3070 213 51 enough
976 3072 56 39 to
1067 3074 252 47 perceive
1354 3077 96 43 the
1483 3083 125 41 vast
1638 3082 118 52 gulf
1787 3086 175 42 which
1996 3092 278 48 separates
2315 3089 105 42 this

161 3159 306 50 confuseed,
517 3162 261 41 decadent
832 3161 101 39 and
989 3159 299 51 hysterical
1349 3170 273 45 spectacle
1670 3170 138 45 from
1863 3176 160 42 those
2086 3189 164 40 grave
2316 3177 101 42 and

166 3250 208 40 sincere
428 3251 33 21 44
860 3246 54 43 of
980 3246 93 42 the
1108 3250 199 44 middle
1368 3266 125 41 ages
1526 3261 183 42 whose
1761 3263 123 42 title
1939 3266 45 41 it
2036 3276 279 40 presumes
2366 3267 53 40 to

166 3338 180 50 adopt.

185 3432 64 33 &
263 3425 144 52 They
438 3425 107 42 feel
578 3427 95 40 the
708 3424 374 53 impropriety,
1114 3427 95 41 the
1244 3431 98 42 bad
1380 3437 163 49 taste,
1585 3439 54 42 of
1670 3441 95 41 the
1801 3453 193 39 person
2046 3444 54 40 of
2132 3446 94 41 the
2278 3444 141 43 saint
