2643 3873
145 339 66 66 A
285 331 848 82 HISTORICAL
1220 331 569 71 PAGEANT
1850 329 127 68 IN
2043 326 426 84 KYOTO

148 471 729 71 Described

990 472 147 89 by
1560 467 617 73 Lafcadioe
2446 517 19 15 Hearn.

421 665 162 43 these
616 663 212 45 visions
862 663 56 43 of
941 665 134 41 dead
1112 665 283 41 centuries
1417 672 150 33 were
1604 661 223 52 passing
1864 662 85 52 by,
1983 659 98 44 the
2117 658 195 54 people
2339 657 131 53 kept

288 753 273 55 perfectly
595 753 437 54 sllent,...wh'?h
1065 752 135 53 fact,
1233 755 226 50 strange
1496 762 57 32 as
1587 752 97 42 the
1719 752 309 42 statement
2067 761 123 42 may
2225 760 148 32 seem
2409 750 60 40 to

144 849 244 42 western
424 846 245 52 readers,
694 846 129 42 indi-
848 846 124 43 a«.ed
999 846 248 43 extreme
1280 845 273 53 pleasure.
1580 846 49 39 It
1647 844 46 43 is
1721 846 99 39 not
1842 842 176 54 really
2041 844 54 40 in
2132 842 337 43 accordance

144 938 135 43 with
317 936 254 45 national
597 938 312 43 sentiment
943 939 59 40 to
1036 946 223 42 express
1294 935 259 53 applause
1580 936 68 51 by
1685 935 157 53 noisy
1868 932 602 53 demonstration,...by

147 1030 272 51 shouting
453 1029 105 42 and
597 1026 257 54 clapping
876 1025 57 45 of
955 1028 195 51 hands,
1173 1024 88 46 for
1282 1025 267 54 example.
1577 1026 150 44 Even
1751 1025 97 42 the
1873 1024 245 53 military
2142 1025 167 42 cheer
2330 1025 47 42 is
2399 1034 70 32 an

150 1120 393 54 importation;
578 1120 107 42 and
720 1119 98 42 the
851 1120 287 53 tendency
1159 1120 61 41 to
1256 1118 315 43 boisterous
1595 1118 575 43 demonstrativeness
2194 1118 55 42 in
2286 1115 184 54 Tokyo

150 1213 44 42 is
228 1209 268 56 probably
528 1222 60 32 as
611 1209 294 44 factitious
939 1220 59 31 as
1023 1209 46 42 it
1103 1209 46 42 is
1651 1217 64 34 jg?

247 1302 18 41 1
313 1301 315 43 remember
671 1301 115 40 two
832 1297 328 53 impressive
1209 1298 235 43 silences
1477 1298 54 41 in
1591 1298 145 43 Kobe
1784 1298 203 52 during
2020 1298 144 52 1895.
2199 1298 111 42 The
2343 1298 131 45 first

148 1401 113 33 was
296 1401 69 32 on
401 1390 98 43 the
533 1390 252 43 occasion
844 1386 57 44 of
933 1399 70 31 an
1056 1387 253 52 imperial
1343 1388 149 44 visit.
1527 1387 178 43 There
1741 1399 110 33 was
1901 1400 30 30 a
1964 1391 125 41 vast
2122 1391 181 41 crowd
2326 1400 14 39 ;
2375 1391 97 42 the

147 1479 270 44 foremost
464 1477 172 45 ranks
673 1479 159 41 knelt
881 1479 164 41 down
1082 1489 59 31 as
1190 1479 96 41 the
1323 1477 263 54 Emperor
1619 1480 193 49 passed
1836 1490 13 39 ;
1896 1481 99 41 but
2027 1481 163 42 there
2225 1491 113 33 was
2375 1482 97 41 not

147 1579 136 34 even
320 1580 30 31 a
384 1569 261 51 whisper.
679 1567 112 44 The
826 1569 202 42 second
1065 1566 348 46 remarkable
1447 1567 207 45 silence
1687 1579 114 33 was
1835 1580 70 32 on
1931 1570 97 43 the
2062 1573 200 40 return
2297 1570 59 44 of
2375 1573 97 41 the

146 1661 306 42 victorious
485 1661 194 53 troops
711 1658 147 44 from
894 1659 193 51 China,
1121 1659 126 44 who
1284 1660 256 43 marched
1590 1663 177 40 under
1801 1663 97 42 the
1931 1661 311 55 triumphal
2277 1664 198 43 arches

147 1752 222 43 erected
406 1753 60 41 to
500 1749 262 45 welcome
796 1749 154 45 them
1003 1749 248 45 without
1284 1750 236 54 hearing
1553 1763 29 31 a
1627 1750 231 54 syllable
1891 1750 143 45 from
2070 1753 99 43 the
2202 1754 214 54 people.
2452 1757 18 40 1

148 1842 165 43 asked
340 1842 146 53 why,
520 1843 108 41 and
655 1853 112 32 was
791 1843 308 51 answered,
1181 1843 95 43 We
1309 1843 276 52 Japanese
1607 1843 168 43 think
1798 1855 81 31 we
1905 1855 97 31 can
2033 1846 185 43 better
2250 1857 224 42 express

147 1945 105 33 our
284 1931 238 54 feelings
579 1935 67 52 by

249 2025 16 39 1
304 2034 124 40 may
482 2022 131 43 here
647 2023 252 51 observe,
948 2022 136 52 also,
1117 2023 129 42 that
1299 2025 99 42 the
1432 2025 233 43 sinister
1718 2025 208 43 silence
1961 2025 57 43 of
2072 2026 96 44 the
2201 2028 271 53 Japanese

150 2114 200 41 armies
387 2111 191 44 before
631 2122 152 33 some
818 2112 55 43 of
923 2115 98 42 the
1075 2114 113 43 late
1243 2117 400 51 engagements
1696 2115 258 44 terrified
2010 2117 97 42 the
2162 2119 313 44 clamorous

150 2201 237 45 Chinese
430 2202 163 42 much
628 2213 153 31 more
814 2204 137 40 than
985 2204 97 42 the
1115 2202 131 45 first
1279 2204 245 53 opening
1555 2204 58 44 of
1648 2205 98 43 the
1781 2206 290 43 batteries.

252 2293 228 50 Despite
503 2293 335 52 exceptions,
873 2294 45 42 it
951 2304 124 42 may
1110 2294 67 43 be
1200 2295 188 43 stated
1412 2305 60 33 as
1496 2307 31 31 a
1550 2295 228 54 general
1813 2298 163 42 truth
2000 2298 127 43 that
2148 2299 97 43 the
2269 2302 206 53 deeper

150 2383 101 42 the
285 2382 273 50 emotion,
593 2384 254 43 whether
901 2383 56 44 of
989 2385 259 51 pleasure
1299 2396 63 33 or
1394 2384 57 45 of
1482 2387 147 52 pain,
1680 2389 105 41 and
1823 2388 97 43 the
1967 2401 154 31 more
2162 2390 214 45 solemn
2409 2404 65 32 or

151 2473 192 42 heroic
374 2473 101 42 the
510 2473 277 53 occasion,
823 2476 55 40 in
913 2476 195 52 Japan,
1141 2476 97 43 the
1275 2486 152 33 more
1464 2476 283 54 natnrally
1797 2478 171 43 silent
1999 2481 163 43 those
2208 2483 125 42 who
2364 2482 107 46 feel

148 2573 65 32 or
247 2566 111 40 act.

1546 2658 300 54 Gleanings
1884 2664 52 40 in
1975 2663 263 44 Buddhah
2276 2666 198 45 Fields.

163 2861 199 47 DOES
390 2862 149 47 THE
571 2864 198 53 REAL
802 2866 522 48 ENGLISHMAN
1358 2866 108 47 GO
1507 2867 95 47 TO
1642 2869 149 47 THE
1829 2869 404 57 THEATRE?
2277 2875 201 48 DOES

149 2951 105 46 HE
286 2951 154 46 ACT
473 2954 85 44 IN
597 2954 131 47 IT?
778 2958 43 44 A
874 2958 159 47 Note
1090 2972 79 33 on
1227 2959 102 46 the
1387 2958 211 48 Above
1654 2960 368 60 Paragraph

2079 2965 82 59 by
2218 2965 120 59 Gordon
2358 2965 119 59 Craig.

153 3171 409 94 Qentlemen:
598 3206 84 14 ...
708 3179 122 55 May
866 3182 16 40 1
919 3183 234 51 suggest
1204 3183 128 43 that
1378 3183 97 43 the
1524 3184 161 42 exact
1737 3184 169 52 depth
1957 3184 56 45 of
2060 3188 96 43 the
2207 3192 269 51 emotion,

242 3265 261 44 whether
534 3268 46 41 it
617 3269 65 42 be
721 3271 53 40 in
821 3272 172 53 Kyoto
1044 3283 64 33 or
1143 3274 243 50 London,
1423 3274 45 42 is
1521 3273 207 53 always
1752 3277 212 51 guaged
2002 3278 70 52 by
2105 3279 96 42 the
2235 3282 156 43 noise
2415 3295 63 30 or

147 3354 94 42 the
275 3353 206 45 silence
519 3354 57 44 of
630 3357 163 44 those
829 3359 123 44 who
986 3371 96 34 are
1138 3365 194 41 moved
1390 3365 70 53 by
1506 3363 129 43 that
1687 3365 248 44 emotion
1959 3366 26 43 ?
2018 3368 123 55 May
2175 3371 18 41 1
2249 3376 228 48 suggest

146 3446 125 42 that
310 3446 100 43 the
447 3447 156 53 noisy
633 3450 183 44 actors
848 3451 98 44 tell
984 3464 62 31 us
1079 3453 215 55 exactly
1328 3455 123 42 how
1487 3453 230 45 shallow
1773 3456 47 44 Is
1853 3457 149 43 their
2035 3462 282 49 emotion,
2368 3467 104 40 and

143 3537 99 41 the
289 3536 160 53 noisy
482 3539 271 44 audience
801 3542 213 54 exactly
1049 3544 120 43 how
1225 3544 150 43 little
1409 3545 134 53 they
1592 3545 139 44 h<ive
1766 3545 103 44 felt
1902 3559 64 32 or
2016 3552 341 44 understood
2395 3555 77 50 it;
