2573 3807
731 347 455 56 ARTISTIC
1220 347 180 46 DEB
1418 347 42 43 A
1493 344 111 46 UC
1623 343 181 52 HER
1836 343 60 43 V.

157 357 68 54 36

254 461 133 50 And,
421 460 182 41 better
625 456 240 51 example
898 455 133 51 still,

579 545 131 42 Dleu
745 555 104 41 que
884 544 48 42 le
965 554 98 32 son
1098 544 69 40 du
1204 551 91 32 cor
1328 543 85 40 est
1444 540 162 41 triste
1639 549 68 30 au
1740 536 129 43 fond
1903 537 94 41 des
2032 537 134 50 bois,

160 638 119 39 that
312 634 340 52 impeccable,
684 634 122 39 that
838 630 127 52 only
989 631 109 41 line
1133 628 54 43 of
1207 628 113 43 real
1354 630 193 48 poetry
1571 624 184 44 Alfred
1781 626 67 40 de
1873 624 173 52 Vigny
2069 634 128 32 ever
2221 626 188 44 wrote.

161 724 164 50 Being
358 734 29 30 a
420 725 154 49 great
603 723 129 49 poet
763 719 370 51 Shakespeare
1183 715 339 52 consciously
1569 725 61 32 or
1680 711 416 54 unconsciously
2146 713 263 43 observed

161 822 147 32 more
340 809 276 52 faithfully
645 811 133 40 than
814 819 103 41 any
950 809 160 41 other
1139 808 131 51 poet
1303 805 152 41 these
1489 803 291 52 principles
1820 802 54 42 of
1915 805 123 45 art;
2085 802 127 53 and,
2263 813 56 32 as
2367 803 44 43 is

157 901 405 43 characteristic
593 897 54 44 of
677 899 95 41 the
805 899 223 49 present
1061 897 120 51 day,
1216 896 257 42 nowhere
1507 894 67 41 do
1609 903 80 32 we
1722 889 114 45 find
1859 891 160 43 these
2043 891 293 50 principles
2359 903 55 32 so

156 953 1 9 »

161 987 206 52 grossly
397 986 236 43 violated
668 997 58 31 as
762 987 50 39 in
848 987 93 39 the
975 985 439 49 representation
1450 979 56 45 of
1539 982 82 41 his
1654 981 169 51 plays.
2356 990 58 34 &

257 1077 18 40 l
315 1076 99 41 had
447 1073 211 54 painful
691 1071 156 53 proof
879 1072 54 42 of
962 1072 112 42 this
1097 1082 150 32 some
1279 1068 104 45 few
1420 1070 184 50 nights
1638 1068 145 42 after
1828 1078 87 41 my
1949 1066 202 43 arrival
2188 1066 55 40 in
2282 1067 101 43 Lon-

161 1166 124 39 don.
320 1165 16 39 I
373 1165 98 39 had
499 1171 166 33 never
696 1171 128 32 seen
857 1159 372 50 Shakespeare
1252 1159 176 50 acted,
1461 1159 105 40 and
1602 1157 17 41 1
1654 1157 150 41 went
1836 1159 60 38 to
1919 1156 95 41 the
2049 1156 230 52 Lyceum
2315 1157 99 41 and

160 1252 156 41 there
350 1251 17 40 1
392 1261 109 31 saw
523 1250 123 41 that
679 1249 266 52 exquisite
967 1246 281 52 love-song
1362 1244 87 43 for
1470 1241 226 52 Romeo
1727 1241 124 46 and
1872 1240 199 58 Juliet
2103 1244 43 40 is
2182 1252 68 32 no
2276 1254 139 30 more

161 1341 132 41 than
317 1350 28 31 a
369 1339 117 42 love
510 1349 132 41 song
665 1338 55 41 in
745 1335 515 53 dialogue...tricked
1295 1338 98 39 out
1416 1335 54 41 in
1494 1334 133 42 silks
1651 1335 103 39 and
1779 1335 215 47 carpets
2016 1334 105 39 and
2146 1331 242 42 illumina-

161 1429 89 39 ted
288 1425 262 52 building,
583 1438 29 29 a
644 1425 191 52 vulgar
885 1425 150 41 bawd
1069 1425 179 40 suited
1282 1425 58 40 to
1373 1423 94 42 the
1515 1433 153 40 gross
1703 1421 216 50 passion
1971 1419 54 43 of
2057 1432 66 30 an
2161 1421 257 50 ignorant

164 1515 193 50 public.

261 1604 17 41 1
313 1604 160 41 hated
505 1602 69 42 all
621 1603 124 41 that
777 1602 129 40 with
956 1602 94 42 the
1084 1600 191 44 hatred
1312 1599 54 43 of
1397 1612 30 29 a
1461 1599 309 51 passionate
1820 1599 176 50 heart,
2032 1599 105 41 and
2175 1599 15 40 1
2227 1597 187 53 longed

162 1691 85 43 for
280 1703 30 30 a
344 1691 189 50 simple
585 1692 170 49 stage,
788 1701 28 29 a
849 1688 103 43 few
985 1688 192 52 simple
1232 1687 348 53 indications,
1613 1689 102 40 and
1759 1687 96 42 the
1888 1686 192 50 simple
2131 1687 284 42 recitation

165 1777 54 43 of
250 1780 119 40 that
392 1781 151 49 story
575 1777 55 42 of
661 1778 93 41 the
777 1776 246 43 sacrifice
1059 1776 52 43 of
1135 1777 92 41 the
1260 1778 110 40 two
1394 1776 165 42 white
1592 1776 148 42 souls
1761 1773 88 43 for
1882 1776 93 40 the
2008 1774 408 42 reconciliation

166 1867 53 42 of
249 1870 109 39 two
392 1868 154 50 great
575 1866 250 42 families.
875 1867 86 50 My
994 1866 191 41 hatred
1219 1866 89 41 did
1361 1866 97 39 not
1488 1866 161 39 reach
1698 1866 59 39 to
1790 1865 94 40 the
1920 1875 96 39 age
2065 1861 56 44 of
2151 1862 97 42 the
2297 1875 119 30 man

165 1956 119 41 who
317 1955 187 52 played
538 1955 94 40 the
669 1954 297 52 boy-lover,
994 1955 98 40 but
1122 1956 58 39 to
1213 1954 94 41 the
1341 1951 390 43 offensiveness
1766 1951 134 42 with
1928 1951 174 42 which
2140 1952 63 41 he
2237 1951 182 43 thrust

166 2044 81 40 his
269 2042 378 52 individuality
673 2053 141 40 upon
840 2051 103 41 me,
966 2041 224 52 longing
1210 2042 57 40 to
1290 2040 198 42 realise
1505 2041 96 41 the
1623 2039 172 50 poet's
1821 2040 181 42 divine
2027 2040 356 51 imagination
2406 2050 12 32 :

167 2133 103 39 and
324 2131 94 41 the
470 2140 228 35 woman,
731 2131 112 49 too,
876 2130 16 39 1
928 2129 202 42 wished
1187 2130 131 41 with
1354 2140 86 41 my
1493 2128 175 43 whole
1704 2128 118 41 soul
1877 2139 169 41 away,
2079 2128 186 41 subtle
2320 2129 98 40 and

164 2221 219 49 strange
414 2219 208 51 though
663 2218 94 42 she
790 2228 129 40 was,
965 2220 101 38 and
1105 2218 14 40 1
1150 2218 235 50 yearned
1437 2215 88 42 for
1557 2216 99 41 her
1707 2218 124 48 part
1863 2219 58 38 to
1975 2218 64 40 be
2072 2215 190 53 played
2300 2218 63 52 by
2394 2228 24 30 a

164 2308 168 52 youth
368 2317 56 31 as
459 2310 54 37 in
547 2305 85 43 old
669 2305 166 51 time;
871 2317 29 29 a
932 2307 170 49 youth
1136 2304 299 52 cunningly
1469 2304 293 52 disguised,
1798 2304 174 42 would
2019 2305 63 42 be
2116 2315 30 31 a
2179 2304 239 52 symbol;

162 2398 103 41 and
302 2407 85 41 my
421 2395 144 41 mind
621 2394 176 42 would
838 2395 60 41 be
931 2394 115 42 free
1101 2395 57 41 to
1191 2394 239 51 Imagine
1463 2395 95 40 the
1613 2395 181 40 divine
1840 2393 173 43 Juliet
2044 2392 56 44 of
2151 2395 97 41 the
2282 2394 136 51 poet,

165 2486 240 40 whereas
439 2484 15 40 1
508 2483 155 41 could
720 2484 96 40 but
848 2484 184 41 dream
1066 2483 54 41 of
1166 2483 95 41 the
1296 2483 183 50 bright
1511 2493 124 42 eyes
1690 2484 103 38 and
1830 2482 231 42 delicate
2118 2483 145 41 mien
2317 2482 99 42 and

167 2573 204 42 motion
405 2569 54 44 of
489 2572 92 39 the
614 2580 209 31 woman
857 2572 121 41 who
1014 2573 101 40 had
1148 2572 189 41 thrust
1369 2571 204 42 herself
1605 2572 245 42 between
1887 2582 85 31 me
2006 2572 104 41 and
2147 2573 61 41 it.

890 2661 203 49 George
1126 2661 200 41 Moore.
1416 2658 344 44 Confessions
1794 2657 56 43 of
1882 2670 29 30 a
1945 2661 190 49 Young
2166 2661 143 41 Man.
