3095 4293
523 307 378 94 THE
1008 307 556 86 MASK.
1666 299 508 92 JULY

550 485 915 78 LITERARY
1602 472 957 76 CONTENTS.

285 654 140 42 TWO
459 652 206 44 POEMS
1712 646 136 42 Walt
1868 645 283 42 Whitman.
2202 669 14 13 .
2333 649 14 30 :
2465 664 14 14 .
2547 677 7 6 .
2597 661 14 13 •
2787 638 40 32 *•

285 724 79 40 TO
396 724 160 43 SAVE
597 724 123 41 THE
767 722 289 46 THEATRE
1715 717 136 42 John
1883 717 179 40 Semar
2590 732 16 14 .
2780 710 48 39 4.

287 795 122 43 THE
440 795 162 43 OPEN
635 796 125 44 AIR.-
1715 788 213 42 Edward
1968 783 413 46 Edwardovitch.
2457 807 14 13 .
2589 804 31 25 r
2777 772 47 42 8.

288 867 231 46 BRIEUX
552 866 128 42 AND
713 867 291 45 BERNARD
1035 865 186 41 SHAW
1312 891 12 14 .
1442 891 13 13 .
1574 890 14 14 .
1707 859 151 42 Louis
1889 857 199 42 Madrid
2183 884 13 11 .
2312 881 14 14 .
2446 879 14 13 .
2578 876 15 14 .
2753 854 71 38 >3-

287 937 124 43 THE
444 937 290 47 COURAGE
765 937 78 41 OF
875 937 122 42 THE
1030 934 383 47 IMPRESARIO
1439 961 15 14 .
1572 960 14 14 .
1703 931 150 40 Adolf
1895 929 168 41 Furst.
2183 955 14 12 .
2316 953 14 12 .
2447 950 13 12 •
2579 946 15 15 •
2753 924 72 40 >7-

289 1008 226 42 FIDDLE
548 1008 80 43 DE
661 1008 139 42 DEE.
1700 1002 145 40 Allen
1879 1002 193 39 Carrie.
2182 1027 14 13 .
2312 1023 14 14 .
2446 1021 12 12 •
2753 995 70 40 >9-

289 1078 61 41 IN
384 1077 281 43 DEFENCE
697 1078 77 41 OF
805 1078 122 42 THE
960 1077 236 45 ARTIST.
1313 1103 13 13 .
1442 1101 14 12 .
1574 1102 14 13 .
1704 1073 135 39 John
1874 1070 219 41 Balance
2744 1066 80 31 22.

288 1148 394 44 WONDERFUL
712 1148 404 42 ABOMINABLE
1148 1145 379 46 AMERICANS.
1559 1174 14 13 .
1689 1145 134 40 John
1846 1145 201 38 Semar.
2171 1167 13 14 .
2303 1166 13 12 .
2436 1163 12 11 .
2566 1159 13 13 .
2744 1136 80 37 25.

287 1218 124 43 THE
443 1218 240 42 TUSCAN
786 1219 200 41 MAGGI
1698 1216 175 40 Pierre
1916 1211 198 47 Ram6s.
2176 1228 14 24 ;
2747 1197 78 42 28.

287 1287 284 47 ARTISTIC
622 1289 415 45 DEBAUCHERY
1693 1286 76 41 An
1804 1285 211 43 Extract
2047 1282 135 41 from
2211 1280 95 42 the
2338 1276 245 48 writings

1691 1357 54 42 of
1774 1359 198 47 George
2004 1356 176 39 Moore
2216 1351 129 42 with
2390 1359 29 30 a
2451 1348 131 40 Note

1693 1431 64 48 by
1787 1430 44 39 J.
2743 1422 80 39 34«

288 1501 41 40 A
362 1500 368 47 HISTORICAL
762 1501 289 43 PAGEANT
1084 1503 59 40 IN
1178 1501 215 42 KYOTO.
1427 1530 14 13 .
1559 1529 13 12 .
1691 1496 235 45 Lafcadio
1985 1498 188 40 Hearn.
2305 1515 277 18 ...
2743 1494 79 40 37-

289 1571 158 43 DOES
477 1572 123 42 THE
646 1571 161 47 REAL
851 1573 400 41 ENGLISHMAN
1299 1573 80 40 GO

457 1642 77 39 TO
569 1642 123 42 THE
722 1642 289 46 THEATRE
1030 1643 25 39 ?
1086 1643 39 39 A
1158 1644 128 40 Note
1318 1644 63 50 by
1442 1671 14 11 .
1572 1670 14 12 .
1704 1642 204 39 Gordon
1958 1638 151 48 Craig
2188 1657 410 20 ....
2744 1635 80 40 37.

289 1710 40 41 A
362 1712 186 44 WORD
579 1710 208 42 ABOUT
826 1712 343 42 APPLAUSE.
1314 1741 14 13 .
1445 1740 14 12 .
1576 1740 12 11 .
1707 1710 194 41 Goethe
2745 1710 80 40 39-

291 1783 368 44 CAMBRIDGE
693 1783 367 45 UNIVERSITY
1092 1784 126 39 AND
1251 1783 94 40 ITS
1378 1783 120 40 BAN
1531 1784 79 38 ON

458 1851 347 46 ACTRESSES
922 1882 14 13 .
1704 1853 55 39 C.
1790 1853 56 39 G.
1877 1850 166 41 Smith
2754 1851 70 38 4>.

293 1922 302 46 ETERNITY
626 1921 126 42 AND
783 1924 160 40 SOAP
975 1925 278 42 BUBBLES
1313 1953 13 11 .
1450 1952 13 12 .
1541 1950 8 13 -
1582 1952 13 12 .
1712 1924 143 39 J.van
1892 1921 118 40 Holt
2748 1925 79 38 43-

293 1994 174 45 MORE
498 1994 217 44 CIRCUS
746 1994 305 41 CLASSICS.
1183 2024 13 11 .
1707 1992 152 42 Adolf
1892 1992 155 40 Furst
2187 2015 412 17 ....
2749 1997 78 38 45.

292 2063 251 44 ITALIAN
578 2063 363 42 WOODCUTS.
988 2065 39 39 A
1070 2066 127 39 Note
1244 2076 135 38 upon
1426 2067 141 40 their

466 2136 95 39 Use
592 2136 55 38 to
678 2135 90 40 the
790 2136 213 39 Modern
1026 2137 161 39 Scene
1213 2137 265 48 Designer.
1552 2165 11 11 .
1684 2135 138 41 Felix
1868 2135 170 40 Urban
2751 2138 78 40 47*

293 2204 271 46 LETTERS
598 2204 77 41 TO
707 2204 122 44 THE
862 2206 229 45 EDITOR
2751 2211 78 38 57-

291 2282 62 34 &
384 2276 163 39 BOOK
580 2274 296 45 REVIEWS.
1000 2276 266 45 FOREIGN
1299 2277 213 42 NOTES.
1544 2283 62 34 £>
1638 2274 334 46 EDITORIAL
2004 2273 216 42 NOTES.

383 2345 158 40 Short
572 2345 235 41 Extracts
838 2344 133 42 from
1003 2347 91 39 the
1129 2348 181 39 Words
1343 2358 59 29 or
1431 2348 250 48 Writings
1728 2345 52 41 of
1811 2347 233 39 Madame
2076 2345 254 41 Eleonora
2366 2344 155 48 Duse,
2554 2342 279 48 Garibaldi,

296 2415 213 50 Ruskin,
556 2416 55 44 R.
663 2416 50 41 L.
760 2418 305 48 Stevensen,
1129 2419 64 39 La
1240 2418 246 49 Bruyere,
1547 2418 289 45 Nietzsche,
1884 2416 136 42 Walt
2081 2416 286 49 Whitman,
2428 2415 159 41 Oscar
2648 2413 185 48 Wilde,

292 2485 160 51 Pages
484 2495 45 40 3,
560 2495 47 38 7.
638 2485 69 48 16,
739 2497 72 38 21,
842 2497 77 39 24,
951 2498 77 38 27.

629 2583 1864 79 ILLUSTRATIONS.

307 2775 183 43 WALT
520 2777 328 42 WHITMAN.
879 2778 415 53 (Frontispiece).
1328 2809 13 13 .
1459 2809 14 13 .
1591 2809 14 13 .
1721 2781 204 39 Gordon
1958 2780 168 49 Craig.
2162 2777 162 54 (1898)
2357 2808 13 12 .
2502 2778 127 42 Face
2805 2786 33 31 1.

303 2843 40 40 A
379 2846 172 40 MASK
583 2848 170 45 FROM
782 2850 123 41 THE
927 2850 335 41 JAVANESE.
1324 2880 14 11 .
1455 2879 14 12 .
1587 2880 14 13 .
1717 2851 169 40 Julius
1931 2851 190 40 Oliver.
2215 2879 12 19 ,
2345 2880 14 13 .
2776 2860 62 31 11.

302 2919 357 50 PROFESSOR
691 2923 293 45 BRANDER
1022 2922 376 43 MATTHEWS.
1460 2951 14 13 .
1590 2951 14 13 .
1722 2924 147 40 From
1961 2926 118 38 New
2110 2924 136 40 York
2281 2923 202 46 Review
2596 2955 14 14 .
2768 2935 70 31 21.

294 2996 220 42 MONTH
569 2994 77 41 OF
691 2994 130 40 MAY
885 2993 316 43 FESTIVAL.
1319 3022 275 13 ...
1710 2994 92 41 Old
1839 2994 320 42 Florentine.
2202 3024 13 12 .
2334 3025 14 13 .
2527 3024 29 21 „
2758 3007 78 39 32.

294 3067 299 42 COMPANY
623 3065 78 40 OF
732 3064 122 42 THE
885 3064 460 43 MANTELACCIO.
1436 3093 14 13 .
1567 3093 14 13 .
1815 3096 29 19 „
2075 3096 34 19 „
2329 3095 14 12 .
2756 3067 77 49 48.

293 3137 201 45 SACRE
517 3135 609 46 RAPPRESENTAZION1
1190 3163 12 13 .
1320 3163 14 13 .
1564 3163 13 13 .
2071 3165 32 21 „
2176 3134 271 52 following
2519 3168 35 19 ,,
2756 3138 77 49 48.

296 3206 163 46 FOUR
487 3206 229 42 SCENES
750 3205 169 46 FROM
951 3208 121 40 OLD
1103 3206 275 45 STORIES.
1439 3236 14 12 .
1569 3234 13 14 .
1815 3238 31 19 „
2079 3238 34 19 „
2314 3237 15 14 .
2517 3236 33 20 „
2645 3219 79 40 57.
2757 3209 76 47 58.

296 3278 167 41 HEAD
496 3279 126 39 AND
654 3276 160 45 TALE
846 3278 213 43 PIECES
1136 3280 63 50 by
1246 3278 189 50 Oliver,
1469 3279 243 40 Borrow:
1746 3281 99 38 and
1879 3281 196 40 others.
2541 3290 77 38 49,
2653 3290 70 41 51,
2757 3290 77 37 55.

294 3455 145 45 'The
472 3459 177 42 Editor
693 3459 104 41 will
832 3462 59 39 be
941 3460 115 50 glad
1088 3464 56 38 to
1191 3463 265 39 consider,
1479 3464 118 40 MSS
1644 3463 219 41 relative
1895 3464 54 38 to
1995 3463 90 39 the
2118 3463 95 39 Art
2264 3463 99 39 and
2413 3463 212 50 History
2659 3460 52 42 of
2740 3462 93 40 the

378 3532 240 47 Theatre,
650 3532 94 39 but
773 3532 169 40 would
989 3533 147 48 point
1168 3534 93 38 out
1291 3533 118 40 that
1454 3534 65 39 he
1552 3544 92 29 can
1677 3533 122 51 only
1844 3532 148 41 make
2028 3543 89 30 use
2149 3532 53 40 of
2248 3532 208 41 articles
2503 3534 214 39 written
2768 3534 65 48 by

294 3604 126 41 such
454 3613 52 29 as
541 3603 127 39 have
699 3613 28 28 a
758 3601 105 41 real
898 3601 302 51 knowledge
1232 3603 52 39 of
1314 3604 90 39 the
1436 3603 230 48 subjects
1698 3605 226 40 treated.
2767 3609 61 34 ■£?

386 3673 77 41 All
510 3673 221 49 possible
762 3683 115 30 care
909 3673 104 40 will
1065 3675 61 39 be
1157 3674 175 48 taken,
1365 3675 95 41 but
1506 3678 63 40 he
1602 3676 193 40 cannot
1826 3674 119 42 hold
1995 3673 208 41 himself
2248 3674 323 48 responsible
2620 3674 81 42 for
2740 3676 93 38 the

297 3744 286 43 accidental
607 3742 103 42 loss
740 3742 52 41 of
815 3745 136 39 MSS.
984 3745 162 41 These
1186 3749 138 38 must
1356 3746 52 41 In
1446 3758 155 40 every
1634 3759 114 29 case
1792 3749 61 39 be
1884 3746 364 50 accompanied
2293 3747 64 51 by
2387 3759 28 28 a
2457 3747 238 50 stamped
2730 3747 101 39 and

296 3816 273 41 addressed
602 3813 246 50 envelope
879 3825 54 30 as
965 3816 277 41 otherwise
1275 3817 123 50 they
1431 3820 190 38 cannot
1654 3820 60 39 be
1747 3820 272 39 returned.

386 3885 475 42 Communications
920 3885 186 42 should
1160 3888 60 39 be
1271 3888 278 41 addressed
1600 3890 57 39 to
1707 3890 91 40 the
1851 3891 172 39 Arena
2072 3888 240 42 Goldoni.
2368 3888 264 41 Florence.
2683 3886 149 50 Italy.
