3482 4338
1734 128 59 54 82

173 273 97 49 eine
308 271 399 67 handgreiflichere
736 271 141 56 Kost;
922 289 48 33 es
1011 271 94 51 hält
1145 272 91 51 sich
1276 290 55 32 an
1373 272 77 51 das
1482 272 203 51 Christen-

173 356 130 48 thum
345 355 112 49 oder
498 372 54 32 an
594 355 85 49 den
719 355 381 51 Communismus.
1142 356 94 50 Das
1266 355 118 49 Volk
1423 355 44 49 in
1495 355 122 51 Noth
1656 355 57 49 ist

174 439 123 48 nicht
324 437 69 51 die
418 439 146 57 Well,
593 439 43 49 in
670 437 78 50 der
778 437 71 50 die
874 439 213 67 Symbole
1111 439 130 67 jener
1270 440 274 49 vornehmen
1562 440 152 48 Kunst

173 521 96 50 ihre
302 522 149 49 Stätte
477 521 163 48 finden.
780 521 85 50 Die
896 521 211 69 Symbole
1148 522 79 50 des
1257 524 203 48 Kreuzes
1501 521 91 50 und
1634 522 79 49 der

175 604 243 49 Guillotine
447 602 199 50 versteht
674 620 75 41 es;
794 602 109 51 aber
943 605 79 48 mit
1065 605 87 48 den
1180 605 185 66 Mythen
1394 623 103 31 vom
1530 604 153 49 Schwa-

174 686 218 50 nenritter
420 686 93 48 und
542 703 102 33 vom
674 686 288 67 Venusberg,
992 687 80 49 mit
1101 687 84 49 den
1216 687 244 66 Mysterien
1490 705 101 31 vom
1620 686 69 50 hei-

174 770 117 66 ligen
320 769 104 49 Gral
454 769 94 51 und
576 788 89 32 von
696 770 85 50 den
810 771 184 49 Nornen
1035 771 75 49 hat
1150 788 49 32 es
1239 771 144 50 nichts
1415 789 53 31 zu
1501 770 209 51 schaffen.

306 889 129 58 „Aus
481 889 86 51 den
620 930 16 18 „
660 891 167 57 „freien
1258 892 107 66 ging
1408 891 78 50 das
1534 892 180 65 Dogma

174 991 85 30 von
291 972 81 49 der
401 973 213 50 Identität
656 973 79 48 der
764 973 219 66 Religion,
1023 976 80 48 der
1131 976 154 47 Kunst
1316 973 91 50 und
1439 974 80 49 der
1547 973 142 50 wirkli-

171 1056 117 49 chen
317 1054 295 51 Gesellschaft
653 1056 177 58 hervor,
875 1075 49 32 so
970 1057 84 50 wie
1098 1075 87 32 von
1229 1057 80 50 der
1349 1057 213 51 Identität
1604 1056 109 49 aller

169 1138 697 68 Künste—Wiederholungen
895 1140 80 49 der
1006 1140 367 66 Weissagungen
1404 1157 87 32 von
1519 1138 193 59 Novalis,

171 1221 384 49 Schleiermacher
585 1240 42 30 u.
660 1222 55 48 A.
853 1222 186 50 Danach
1079 1222 172 50 fordert
1280 1222 208 66 Wagner
1516 1222 73 48 für
1619 1221 93 48 sein

170 1305 282 49 Kunstwerk
481 1303 80 51 der
589 1305 199 49 Zukunft
818 1305 77 49 das
936 1306 584 48 Zusammenwirken
1563 1305 150 49 aller

167 1387 248 56 Künste,
456 1386 70 49 die
565 1386 152 51 bisher
757 1387 71 50 ein
866 1387 371 68 selbstständiges
1262 1387 230 50 Gedeihen
1530 1385 180 68 gehabt.

167 1469 129 49 Aber
319 1469 120 49 diese
454 1470 329 67 Forderungen
806 1470 362 68 widersprechen
1192 1471 116 50 sich:
1345 1471 48 66 1)
1420 1470 68 49 die
1511 1470 201 49 reichere

166 1551 269 67 Entfaltung
465 1551 80 51 der
573 1552 149 50 Musik
752 1552 203 68 verlangt
985 1554 98 49 eine
1112 1554 191 67 gewisse
1333 1552 377 51 Enthaltsamkeit

171 1635 82 49 der
279 1635 186 58 Poesie;
499 1635 52 67 2)
581 1636 70 50 die
681 1636 233 51 detaillirte
936 1637 266 66 Entfaltung
1225 1637 80 50 der
1321 1637 274 49 Charaktere
1619 1636 91 50 und

167 1717 374 51 Leidenschaften
579 1719 112 49 lässt
730 1719 97 49 eine
855 1720 186 49 weitere
1069 1720 307 49 musicalische
1406 1719 306 66 Bearbeitung

169 1800 124 50 nicht
324 1818 69 39 zu,
424 1800 99 50 weil
555 1801 80 49 der
664 1801 295 51 dramatische
988 1803 251 49 Realismus
1279 1803 91 49 und
1413 1801 80 50 der
1524 1801 162 50 musica-

170 1883 138 49 lische
339 1883 262 50 Idealismus
646 1884 92 49 sich
781 1885 44 48 in
867 1885 122 48 ihrer
1031 1884 287 67 Ausbildung
1357 1884 213 49 einander
1610 1902 75 31 aus-

170 1965 268 58 schliessen;
471 1964 53 67 3)
556 1968 244 66 Wagner's
832 1973 256 64 geträumte
1112 1969 126 66 Oper
1265 1968 200 49 schliesst
1495 1966 114 50 eben
1641 1984 46 32 so-

169 2048 120 49 wohl
334 2048 70 49 die
444 2049 228 66 poetische
702 2050 299 66 Detaillirung
1044 2050 80 48 der
1153 2050 281 50 Situationen
1474 2049 92 51 und
1597 2049 87 49 Cha-

166 2131 181 49 raktere
377 2148 95 39 aus,
501 2131 87 50 wie
620 2131 67 50 die
717 2133 197 49 virtuose
947 2133 90 53 und
1060 2133 43 48 in
1128 2133 91 49 sich
1241 2133 139 48 selbst
1403 2131 310 66 abgerundete

167 2213 268 66 Entfaltung
475 2214 81 48 der
595 2215 338 50 musicalischen
962 2215 174 56 Mittel;
1182 2214 114 50 eben
1341 2214 207 50 desshalb
1592 2214 118 48 kann

173 2297 60 48 sie
273 2295 104 66 jene
421 2297 199 49 anderen
658 2298 330 52 Kunstformen
1032 2298 122 49 nicht
1195 2297 278 57 absorbiren,
1519 2297 195 49 sondern

171 2396 126 31 muss
340 2379 62 48 sie
446 2378 147 51 neben
637 2380 92 49 sich
761 2379 215 51 bestehen
1006 2380 161 58 lassen,
1213 2380 77 49 das
1319 2380 168 49 Drama
1519 2378 115 49 eben
1665 2396 49 31 so

171 2469 83 59 gut
284 2462 85 49 wie
400 2462 68 49 die
500 2464 274 66 Symphonie
806 2464 89 48 und
928 2464 76 48 das
1037 2463 279 49 Oratorium.

305 2582 115 59 „Die
451 2584 194 48 wahre
675 2584 146 49 Kritik
852 2585 108 66 geht
990 2585 162 49 darauf
1176 2603 95 39 aus,
1303 2585 68 48 die
1389 2584 327 49 Kunstformen

173 2675 154 57 streng
349 2684 86 32 von
460 2667 210 49 einander
694 2685 54 32 zu
774 2667 196 50 sondern
995 2669 89 48 und
1110 2669 198 49 dadurch
1340 2669 95 48 rein
1464 2685 56 31 zu
1550 2667 163 50 halten.

174 2749 85 48 Die
300 2749 405 49 romantische
735 2750 146 49 Kritik
924 2751 205 66 dagegen
1171 2751 109 65 geht
1323 2751 78 47 auf
1437 2750 69 48 die
1536 2750 148 49 Vermi-

173 2832 189 64 schung,
406 2831 84 57 die,
531 2832 99 49 weil
673 2832 61 50 sie
774 2834 388 49 widerstrebende
1214 2834 193 48 Zwecke
1459 2832 253 67 vereinigen

173 2914 104 57 will,
308 2933 55 30 zu
395 2915 151 48 keiner
576 2915 229 50 endlichen
837 2916 270 66 Gestaltung
1135 2916 136 50 führt.
1304 2918 62 48 So
1390 2915 69 50 bei
1488 2916 225 65 Wagner,

173 2996 80 50 der
280 2996 122 50 nicht
430 2996 124 50 bloss
584 2998 43 48 in
651 2998 144 49 seiner
814 2999 228 58 Tendenz,
1074 2998 195 50 sondern
1296 2999 111 48 auch
1439 2998 44 48 in
1514 2998 80 49 der
1617 2999 64 47 Me-

171 3080 139 50 thode
341 3080 145 48 seiner
514 3080 147 50 Kritik
700 3080 59 50 im
799 3081 218 50 höchsten
1050 3081 147 50 Grade
1227 3081 296 49 Romantiker
1561 3080 57 48 ist

175 3180 50 32 er
251 3169 116 60 regt,
399 3163 83 48 wie
514 3163 69 49 die
614 3164 224 49 Schriften
866 3165 79 48 der
974 3164 330 51 romantischen
1329 3164 181 56 Schule,
1540 3163 170 49 überall

174 3263 71 39 an,
277 3245 94 66 gibt
401 3245 108 50 aber
538 3247 211 66 nirgends
781 3248 101 48 dem
914 3247 172 49 Urtheil
1117 3248 127 49 einen
1275 3247 168 57 klaren,
1486 3245 228 51 fassbaren

171 3328 135 57 Halt;
443 3329 84 48 wir
567 3329 149 66 folgen
758 3330 65 50 oft
861 3338 221 58 gespannt
1122 3330 144 50 seiner
1296 3329 291 66 Darstellung
1627 3347 87 30 von

174 3408 350 59 Uebelständen,
567 3412 167 49 seinem
781 3413 409 65 Gedankengange,
1234 3412 109 49 aber
1385 3429 74 32 wo
1490 3412 82 48 wir
1601 3412 84 47 Auf-

176 3492 174 49 schluss
381 3501 236 50 erwarten,
647 3494 145 51 bricht
820 3512 50 32 er
900 3494 207 69 plötzlich
1138 3494 238 51 ab.—An
1404 3494 201 66 ruhiger,
1636 3493 52 51 be-

176 3592 228 33 sonnener
430 3575 505 70 Auseinandersetzung
962 3577 108 51 fehlt
1100 3594 47 34 es
1178 3596 110 48 ganz
1321 3578 90 50 und
1439 3594 81 49 gar
1647 3577 69 48 die

175 3659 118 49 Hast
321 3658 93 50 und
447 3658 195 51 Willkür
670 3662 206 49 verwirrt
904 3678 100 38 uns,
1034 3668 168 43 anstatt
1230 3678 84 32 uns
1345 3661 289 50 aufzuklären

178 3741 92 49 und
298 3741 162 49 immer
490 3741 170 50 scheint
701 3744 68 49 die
810 3743 165 51 falsche
1002 3743 294 66 Vorstellung
1327 3743 156 58 durch,
1529 3742 79 48 mit
1637 3742 80 48 der

178 3823 209 51 Tendenz
419 3824 60 50 sei
504 3826 70 49 die
601 3827 288 67 Hauptsache
913 3827 239 66 abgethan.
1180 3827 86 49 Ein
1282 3824 327 52 Uebertreiben
1638 3826 80 48 der

180 3906 216 66 geistigen
425 3907 268 68 Ansprüche
738 3907 106 67 geht
886 3909 85 50 fast
1012 3909 159 50 immer
1209 3909 134 50 Hand
1382 3909 44 50 in
1464 3907 135 51 Hand
1639 3907 79 49 mit

180 3987 145 49 einem
354 3989 178 68 Mangel
564 4009 54 31 an
649 3991 338 51 Productivität.
1072 3993 124 49 Nach
1220 3992 210 66 Wagner
1459 3991 146 51 haben
1637 3989 81 50 wir

184 4086 86 34 uns
301 4069 148 53 bisher
477 4091 87 32 nur
594 4073 78 51 mit
701 4075 81 49 der
810 4073 104 51 Idee
945 4075 207 66 gewiegt,
1194 4075 63 50 als
1286 4073 157 52 hätten
1472 4073 84 54 wir
1583 4071 134 52 über-

1806 272 142 69 Haupt
1977 272 98 51 eine
2090 273 174 59 Kunst;
2296 275 61 49 sie
2387 273 117 51 kann
2536 284 93 42 erst
2658 276 42 50 in
2732 277 100 51 dem
2862 318 16 19 „
2903 279 337 58 „Kunstwerke
3271 282 80 51 der

2118 356 233 52 erblühen.

1940 440 82 56 „In
2066 439 166 49 diesem
2276 441 78 50 soll
2401 460 106 39 nun,
2550 442 83 49 wie
2664 444 211 64 Wagner
2916 445 103 57 will,
3064 464 92 32 was
3196 447 154 50 früher

1806 521 202 50 Zweck
2039 539 108 39 war,
2179 522 93 49 sich
2293 522 282 61 bescheiden,
2605 525 195 49 Mittel
2832 544 52 30 zu
2913 529 198 58 werden,
3137 530 92 50 also
3246 533 68 48 Mu-

1807 604 79 58 sik,
1929 605 197 58 Malerei,
2168 606 119 48 Tanz
2329 625 44 31 u.
2405 625 33 32 s.
2471 625 59 33 w.
2572 626 86 31 nur
2682 609 158 56 Mittel,
2885 610 141 50 durch
3058 614 169 49 welche
3257 615 93 50 sich

1808 686 69 50 die
1907 687 211 50 Poesie
2160 693 189 45 äussern
2380 690 105 57 soll;
2530 690 134 58 diese,
2696 691 69 49 die
2795 693 173 58 Poesie,
3000 694 80 48 soll
3111 695 121 50 nicht
3261 715 88 31 nur

1808 769 80 48 der
1917 770 263 65 eigentliche
2211 771 179 59 Zweck,
2422 773 197 49 sondern
2649 774 112 48 auch
2795 774 67 49 die
2894 775 455 69 schöpferische

1807 854 173 48 Kraft
2024 854 117 57 sein;
2187 854 68 48 die
2298 855 307 50 musicalische
2635 858 301 67 Ausführung
2978 860 80 48 soll
3101 860 249 69 unbedingt

1807 952 80 31 aus
1917 935 102 50 dem
2050 935 260 69 poetischen
2349 938 146 48 Inhalt
2536 939 325 65 hervorgehen,
2907 941 79 49 der
3027 943 322 68 nothwendige

1804 1018 314 50 Ausdruck
2151 1019 234 49 desselben
2417 1021 92 49 sein
2540 1021 90 50 und
2662 1023 194 48 nichts
2888 1024 268 51 Anderes
3187 1027 159 66 geben,

1804 1100 64 48 als
1898 1101 88 49 ihn.
2126 1101 203 50 Nehmen
2359 1103 82 49 wir
2470 1122 94 32 nun
2594 1103 108 49 aber
2733 1104 76 50 das
2838 1105 141 50 Wort
3002 1108 158 49 Poesie
3190 1109 42 48 in
3265 1110 61 49 sei-

1803 1199 83 33 ner
1909 1183 199 49 höheren
2127 1184 286 67 Bedeutung,
2443 1185 63 50 als
2531 1203 275 51 synonymen
2831 1188 243 51 Ausdruck
3104 1190 71 49 für
3196 1193 154 49 Kunst

1804 1265 270 69 überhaupt,
2116 1284 50 32 so
2196 1268 113 48 wird
2340 1286 103 31 man
2474 1269 114 50 doch
2629 1270 122 50 nicht
2780 1270 195 66 läugnen
3007 1273 194 57 können,
3245 1275 103 51 dass

1804 1349 63 48 sie
1895 1349 115 50 nach
2041 1350 398 50 Verschiedenheit
2479 1352 80 49 der
2598 1353 244 51 sinnlichen
2874 1355 185 67 Organe
3099 1358 113 48 auch
3243 1376 74 32 ver-

1804 1430 235 51 schiedene
2069 1433 250 48 Formen
2349 1433 250 49 annehmen
2630 1452 140 42 muss,
2817 1437 87 49 die
2949 1438 120 48 sich
3110 1444 197 63 unmög-

1803 1513 116 51 lich
1964 1514 284 51 einander
2288 1515 235 51 decken.
2568 1517 85 49 Die
2691 1519 165 59 Kunst,
2900 1519 72 50 die
3001 1521 259 50 Beethoven
3290 1542 56 31 zu

1804 1597 145 48 seiner
1977 1598 302 51 Fidelio-Arie
2306 1617 45 31 u.
2382 1616 33 32 s.
2447 1617 57 31 w.
2549 1599 199 69 befähigt
2777 1602 92 57 hat,
2908 1603 56 48 ist
2994 1603 115 50 doch
3141 1604 97 50 eine
3268 1623 52 32 an-

1804 1679 122 57 dere,
1958 1681 61 48 als
2052 1681 69 49 die
2141 1682 152 48 Kunst
2321 1682 364 67 Shakespeare's,
2714 1684 94 50 und
2834 1684 99 50 das
2964 1687 143 49 Eine
3137 1687 77 49 ist
3245 1706 105 32 aus

1804 1763 122 48 dem
1957 1763 274 51 Anderen
2260 1764 165 50 nicht
2455 1764 393 54 herzuleiten.
2907 1769 62 49 Es
3000 1771 106 65 geht
3135 1787 84 33 uns
3251 1771 95 51 hier

1804 1846 84 48 wie
1919 1844 68 50 bei
2013 1846 129 66 jeder
2170 1847 503 67 Verallgemeinerung:
2704 1850 83 49 wir
2817 1851 214 51 verlieren
3062 1870 87 33 uns
3181 1853 165 51 zuletzt

1803 1928 45 49 in
1878 1928 118 49 leere

1926 2012 98 47 Der
2055 2012 233 48 Verfasser
2319 2013 120 56 fasst,
2470 2013 217 50 nachdem
2719 2032 48 31 er
2798 2015 78 49 mit
2908 2017 207 62 Wagner
3144 2020 64 48 als
3237 2021 78 47 Kri-

1804 2092 115 50 tiker
1938 2093 89 49 und
2041 2095 346 49 theoretischem
2404 2096 220 67 Schöpfer
2638 2097 130 66 fertig
2791 2098 69 56 ist,
2890 2097 74 50 ihn
2978 2100 62 48 als
3054 2101 186 49 Dichter
3256 2102 94 50 und

1807 2175 320 67 Componisten
2147 2176 66 49 ins
2232 2178 147 64 Auge.
2409 2178 230 49 Zunächst
2662 2180 120 49 seine
2813 2181 208 50 Stoffe.
3054 2184 131 48 Auch
3200 2186 110 65 Wag-

1806 2276 81 31 ner
1917 2260 169 48 konnte
2118 2260 102 48 dem
2250 2260 294 66 allgemeinen
2573 2262 395 66 Experimentiren
3010 2265 42 48 in
3094 2266 81 48 der
3201 2269 150 48 Musik

1807 2341 121 48 nicht
1952 2341 251 65 entgehen;
2234 2359 49 32 er
2314 2342 119 50 steht
2462 2361 112 49 ganz
2605 2344 43 49 in
2679 2345 167 49 seinem
2870 2346 211 50 Zeitalter
3104 2349 90 49 und
3217 2358 107 41 wett-

1808 2422 127 49 eifert
1976 2424 77 47 mit
2094 2424 196 66 Meyer
2302 2424 141 49 beer
2483 2426 89 57 „im
2601 2427 180 65 Mangel
2812 2445 55 31 an
2897 2429 177 48 innerer
3104 2431 245 51 Wahrheit

1808 2506 93 48 und
1926 2506 59 48 im
2019 2507 339 49 Vorherrschen
2390 2509 80 48 der
2498 2509 272 49 rellectirten
2799 2511 194 66 Bildung
3022 2512 113 50 über
3165 2515 86 48 den
3275 2516 49 49 In-

2028 2590 133 48 Seine
2187 2598 119 41 erste
2324 2591 142 66 Oper,
2827 2595 189 63 gehörte
3040 2595 101 51 dem
3172 2598 156 49 histori-

1808 2671 150 57 schen,
1977 2671 120 48 seine
2118 2672 172 56 zweite,
2330 2674 148 56 „Der
2508 2674 307 66 fliegende
3248 2680 102 50 dem

1811 2755 359 66 phantastischen
2191 2756 149 49 Genre
2363 2774 69 32 an.
2464 2758 83 48 Die
2570 2766 170 41 erstere
2763 2759 292 67 verläugnete
3085 2778 49 32 er
3165 2763 186 49 seitdem

1912 2838 61 48 sie
2018 2836 185 51 brachte
2246 2839 74 48 ihn
2366 2839 114 49 auch
2523 2840 43 48 in
2608 2858 80 48 gar
2729 2859 53 31 zu
2823 2843 116 48 nahe
2968 2844 272 67 Berührung
3269 2846 77 49 mit

1807 2919 288 67 Meyerbeer!
2133 2951 88 26 —,
2268 2920 69 50 die
2377 2920 187 51 letztere
2588 2921 164 66 jedoch
2784 2924 190 49 erkennt
3005 2942 62 42 er,
3111 2928 63 48 als
3205 2928 145 49 seiner

1807 3001 404 66 eigentümlichen
2253 3003 228 66 Richtung
2512 3005 345 66 entsprechend,
2900 3024 82 41 an;
3022 3008 82 49 wir
3134 3012 216 49 Anderen

1808 3084 109 49 aber
1948 3085 178 48 können
2160 3085 61 48 sie
2252 3103 86 32 nur
2368 3086 63 49 als
2461 3085 128 51 einen
2619 3088 209 49 Ausfluss
2859 3089 78 50 des
2969 3092 273 50 Bestrebens
3273 3094 78 50 des

1807 3168 235 49 Zeitalters
2058 3168 150 49 halten
2234 3168 211 66 (welches
2470 3170 94 49 sich
2587 3170 113 50 auch
2723 3170 42 51 in
2790 3172 79 49 der
2881 3173 207 67 Neigung
3104 3175 80 49 der
3196 3177 130 48 Dicht-

1808 3249 135 50 kunst
1976 3268 100 31 zum
2105 3250 274 66 Mystischen
2413 3252 279 68 offenbarte),
2738 3253 86 49 den
2865 3254 356 52 künstlerischen
3250 3259 76 48 Mit-

1807 3333 207 66 telpunkt
2044 3333 79 48 der
2156 3333 129 66 Oper
2321 3333 42 48 in
2405 3333 102 49 dem
2539 3334 593 64 Uebernatürlichen,
3177 3340 42 49 in
3265 3342 85 49 den

1808 3415 247 50 Wundern
2084 3414 90 50 und
2196 3415 370 68 Erscheinungen
2579 3419 92 48 und
2695 3418 43 49 in
2760 3419 80 48 der
2861 3419 142 50 durch
3020 3420 119 51 diese
3168 3423 157 51 hervor-

1807 3498 246 65 gerufenen
2078 3499 257 65 Stimmung
2365 3517 53 32 zu
2451 3501 180 49 suchen.
2666 3503 177 47 Daraus
2875 3504 267 50 erwuchsen
3163 3507 188 66 Spohr's

1807 3582 142 47 Faust
1985 3581 169 57 1814,
2182 3581 213 50 Weber's
2418 3583 261 50 Freischütz
2701 3583 169 58 1821,
2900 3586 261 68 Euryanthe
3182 3588 171 60 1823,

1810 3662 188 51 Oberon
2048 3663 168 56 1826,
2258 3664 300 50 Marschner's
2592 3667 198 66 Vampvr
2837 3667 168 60 1828,
3049 3672 304 66 Meyerbeer's

1808 3744 178 51 Robert
2018 3746 80 48 der
2128 3747 154 48 Teufel
2321 3746 169 59 1830,
2521 3748 299 50 Marschners
2837 3752 123 48 Hans
2979 3753 179 66 Meiling
3184 3753 169 51 1833.

1808 3828 92 48 und
1933 3828 166 48 zuletzt
2130 3829 242 65 Wagners
2403 3829 246 66 fliegender
2679 3832 249 50 Holländer
2967 3833 167 54 1843.

1934 3912 67 48 Im
2033 3912 184 50 Grunde
2246 3930 286 48 genommen,
2564 3913 121 50 steht
2707 3916 209 66 Wagner
2945 3917 115 50 noch
3091 3918 159 50 immer
3279 3922 78 48 auf

1811 3992 169 51 diesem
1998 3993 313 68 Standpunkte
2340 3996 94 49 und
2464 3995 200 52 befindet
2693 3997 92 50 sich
2814 3998 42 49 in
2885 3998 468 71 Uebereinstimmung

1811 4076 81 49 mit
1920 4076 81 49 der
2029 4077 332 52 romantischen
2391 4078 179 51 Schule.
2612 4119 17 19 „
2643 4081 63 48 Er
2738 4081 142 49 findet
2908 4099 86 33 nur
3025 4082 57 51 im
3113 4085 237 66 Mythus
