<?xml version="1.0" encoding="UTF-8"?>
<alto xmlns:xsi="http://www.w3.org/2001/XMLSchema-instance" xmlns="http://www.loc.gov/standards/alto/ns-v2#" xsi:schemaLocation="http://www.loc.gov/standards/alto/ns-v2# http://www.loc.gov/standards/alto/alto-v2.0.xsd" xmlns:xlink="http://www.w3.org/1999/xlink">
	<Description>
		<MeasurementUnit>mm10</MeasurementUnit>
		<sourceImageInformation>
			<fileName>//fileserver7/IN2/Princeton/Batch5/bmtnabi/1855/03/17_01/00000084.tif</fileName>
		</sourceImageInformation>
		<OCRProcessing ID="OCRPROCESSING_1">
			<preProcessingStep>
				<processingSoftware>
					<softwareCreator>CCS Content Conversion Specialists GmbH, Germany</softwareCreator>
					<softwareName>CCS docWORKS</softwareName>
					<softwareVersion>6.6-1.18</softwareVersion>
				</processingSoftware>
			</preProcessingStep>
			<ocrProcessingStep>
				<processingSoftware>
					<softwareCreator>ABBYY (BIT Software), Russia</softwareCreator>
					<softwareName>FineReader</softwareName>
					<softwareVersion>10.0</softwareVersion>
				</processingSoftware>
			</ocrProcessingStep>
		</OCRProcessing>
		<OCRProcessing ID="OCRPROCESSING_2">
			<preProcessingStep>
				<processingSoftware>
					<softwareCreator>CCS Content Conversion Specialists GmbH, Germany</softwareCreator>
					<softwareName>CCS docWORKS</softwareName>
					<softwareVersion>6.6-1.18</softwareVersion>
				</processingSoftware>
			</preProcessingStep>
			<ocrProcessingStep>
				<processingSoftware>
					<softwareCreator>ABBYY (BIT Software), Russia</softwareCreator>
					<softwareName>NA</softwareName>
				</processingSoftware>
			</ocrProcessingStep>
		</OCRProcessing>
	</Description>
	<Styles>
		<TextStyle ID="TXT_0" FONTSIZE="19" FONTFAMILY="Times New Roman"/>
		<TextStyle ID="TXT_1" FONTSIZE="15" FONTFAMILY="Times New Roman"/>
		<TextStyle ID="TXT_2" FONTSIZE="13" FONTFAMILY="Times New Roman"/>
		<TextStyle ID="TXT_3" FONTSIZE="18" FONTFAMILY="Arial" FONTSTYLE="bold"/>
		<ParagraphStyle ID="PAR_RIGHT" ALIGN="Right"/>
		<ParagraphStyle ID="PAR_LEFT" ALIGN="Left"/>
		<ParagraphStyle ID="PAR_BLOCK" ALIGN="Block"/>
	</Styles>
	<Layout>
		<Page ID="P6" PHYSICAL_IMG_NR="6" HEIGHT="4338" WIDTH="3482" PRINTED_IMG_NR="86" PC="0.923">
			<TopMargin ID="P6_TM00001" HPOS="0" VPOS="0" WIDTH="3482" HEIGHT="182">
				<TextBlock ID="P6_TB00001" HPOS="1740" VPOS="126" WIDTH="58" HEIGHT="54" STYLEREFS="TXT_0 PAR_RIGHT">
					<TextLine ID="P6_TL00001" HPOS="1741" VPOS="126" WIDTH="57" HEIGHT="54">
						<String ID="P6_ST00001" HPOS="1741" VPOS="126" WIDTH="57" HEIGHT="54" CONTENT="86" WC="0.28" CC="67"/>
					</TextLine>
				</TextBlock>
			</TopMargin>
			<LeftMargin ID="P6_LM00001" HPOS="0" VPOS="182" WIDTH="171" HEIGHT="3951"/>
			<RightMargin ID="P6_RM00001" HPOS="3355" VPOS="182" WIDTH="127" HEIGHT="3951"/>
			<BottomMargin ID="P6_BM00001" HPOS="0" VPOS="4133" WIDTH="3482" HEIGHT="205"/>
			<PrintSpace ID="P6_PS00001" HPOS="171" VPOS="182" WIDTH="3184" HEIGHT="3951">
				<TextBlock ID="P6_TB00002" HPOS="171" VPOS="264" WIDTH="1555" HEIGHT="3524" STYLEREFS="TXT_1 PAR_LEFT">
					<TextLine ID="P6_TL00002" HPOS="185" VPOS="264" WIDTH="1538" HEIGHT="68">
						<String ID="P6_ST00002" HPOS="185" VPOS="265" WIDTH="80" HEIGHT="50" CONTENT="der" WC="0.96" CC="611"/>
						<SP ID="P6_SP00001" HPOS="265" VPOS="315" WIDTH="29"/>
						<String ID="P6_ST00003" HPOS="294" VPOS="264" WIDTH="234" HEIGHT="53" CONTENT="Flammen" WC="0.99" CC="0055504"/>
						<SP ID="P6_SP00002" HPOS="528" VPOS="317" WIDTH="31"/>
						<String ID="P6_ST00004" HPOS="559" VPOS="265" WIDTH="81" HEIGHT="50" CONTENT="der" WC="0.97" CC="600"/>
						<SP ID="P6_SP00003" HPOS="640" VPOS="317" WIDTH="26"/>
						<String ID="P6_ST00005" HPOS="666" VPOS="265" WIDTH="152" HEIGHT="50" CONTENT="Kunst" WC="0.98" CC="64500"/>
						<SP ID="P6_SP00004" HPOS="818" VPOS="317" WIDTH="30"/>
						<String ID="P6_ST00006" HPOS="848" VPOS="283" WIDTH="55" HEIGHT="32" CONTENT="zu" WC="0.70" CC="05"/>
						<SP ID="P6_SP00005" HPOS="903" VPOS="317" WIDTH="31"/>
						<String ID="P6_ST00007" HPOS="934" VPOS="266" WIDTH="239" HEIGHT="60" CONTENT='athmen",' WC="0.51" CC="62341855"/>
						<SP ID="P6_SP00006" HPOS="1173" VPOS="326" WIDTH="45"/>
						<String ID="P6_ST00008" HPOS="1218" VPOS="265" WIDTH="199" HEIGHT="67" CONTENT="gehören" WC="0.98" CC="6075204"/>
						<SP ID="P6_SP00007" HPOS="1417" VPOS="332" WIDTH="29"/>
						<String ID="P6_ST00009" HPOS="1446" VPOS="265" WIDTH="116" HEIGHT="51" CONTENT="noch" WC="0.97" CC="7206"/>
						<SP ID="P6_SP00008" HPOS="1562" VPOS="332" WIDTH="30"/>
						<String ID="P6_ST00010" HPOS="1592" VPOS="266" WIDTH="131" HEIGHT="66" CONTENT="lange" WC="0.98" CC="04090"/>
					</TextLine>
					<TextLine ID="P6_TL00003" HPOS="183" VPOS="346" WIDTH="1541" HEIGHT="70">
						<String ID="P6_ST00011" HPOS="183" VPOS="346" WIDTH="122" HEIGHT="50" CONTENT="nicht" WC="0.98" CC="90020"/>
						<SP ID="P6_SP00009" HPOS="305" VPOS="396" WIDTH="30"/>
						<String ID="P6_ST00012" HPOS="335" VPOS="364" WIDTH="55" HEIGHT="31" CONTENT="zu" WC="0.56" CC="53"/>
						<SP ID="P6_SP00010" HPOS="390" VPOS="396" WIDTH="31"/>
						<String ID="P6_ST00013" HPOS="421" VPOS="346" WIDTH="87" HEIGHT="50" CONTENT="den" WC="0.96" CC="504"/>
						<SP ID="P6_SP00011" HPOS="508" VPOS="396" WIDTH="30"/>
						<String ID="P6_ST00014" HPOS="538" VPOS="348" WIDTH="79" HEIGHT="49" CONTENT="auf" WC="0.97" CC="007"/>
						<SP ID="P6_SP00012" HPOS="617" VPOS="397" WIDTH="24"/>
						<String ID="P6_ST00015" HPOS="641" VPOS="346" WIDTH="80" HEIGHT="50" CONTENT="der" WC="0.94" CC="906"/>
						<SP ID="P6_SP00013" HPOS="721" VPOS="397" WIDTH="28"/>
						<String ID="P6_ST00016" HPOS="749" VPOS="346" WIDTH="220" HEIGHT="51" CONTENT="höchsten" WC="0.99" CC="65010402"/>
						<SP ID="P6_SP00014" HPOS="969" VPOS="397" WIDTH="19"/>
						<String ID="P6_ST00017" HPOS="988" VPOS="348" WIDTH="151" HEIGHT="67" CONTENT="Spitze" WC="0.99" CC="360000"/>
						<SP ID="P6_SP00015" HPOS="1139" VPOS="415" WIDTH="21"/>
						<String ID="P6_ST00018" HPOS="1160" VPOS="348" WIDTH="79" HEIGHT="51" CONTENT="der" WC="0.97" CC="800"/>
						<SP ID="P6_SP00016" HPOS="1239" VPOS="415" WIDTH="23"/>
						<String ID="P6_ST00019" HPOS="1262" VPOS="348" WIDTH="231" HEIGHT="68" CONTENT="Hyperbel" WC="0.98" CC="57406705"/>
						<SP ID="P6_SP00017" HPOS="1493" VPOS="416" WIDTH="28"/>
						<String ID="P6_ST00020" HPOS="1521" VPOS="348" WIDTH="181" HEIGHT="51" CONTENT="flattern" SUBS_TYPE="HypPart1" SUBS_CONTENT="flatternden," WC="0.99" CC="00432059"/>
						<HYP HPOS="1702" VPOS="348" WIDTH="22" CONTENT="-"/>
					</TextLine>
					<TextLine ID="P6_TL00004" HPOS="184" VPOS="429" WIDTH="1109" HEIGHT="57">
						<String ID="P6_ST00021" HPOS="184" VPOS="430" WIDTH="100" HEIGHT="56" CONTENT="den," SUBS_TYPE="HypPart2" SUBS_CONTENT="flatternden," WC="0.97" CC="0066"/>
						<SP ID="P6_SP00018" HPOS="284" VPOS="486" WIDTH="31"/>
						<String ID="P6_ST00022" HPOS="315" VPOS="429" WIDTH="364" HEIGHT="51" CONTENT="bombastischen" WC="0.99" CC="3596608100707"/>
						<SP ID="P6_SP00019" HPOS="679" VPOS="486" WIDTH="28"/>
						<String ID="P6_ST00023" HPOS="707" VPOS="430" WIDTH="173" HEIGHT="49" CONTENT="Unsinn" WC="0.97" CC="743056"/>
						<SP ID="P6_SP00020" HPOS="880" VPOS="486" WIDTH="29"/>
						<String ID="P6_ST00024" HPOS="909" VPOS="432" WIDTH="384" HEIGHT="49" CONTENT="ausdrückenden." WC="0.99" CC="43096001069030"/>
					</TextLine>
					<TextLine ID="P6_TL00005" HPOS="307" VPOS="512" WIDTH="1417" HEIGHT="66">
						<String ID="P6_ST00025" HPOS="307" VPOS="512" WIDTH="160" HEIGHT="49" CONTENT="Bisher" WC="0.98" CC="640606"/>
						<SP ID="P6_SP00021" HPOS="467" VPOS="561" WIDTH="28"/>
						<String ID="P6_ST00026" HPOS="495" VPOS="513" WIDTH="77" HEIGHT="49" CONTENT="hat" WC="0.97" CC="700"/>
						<SP ID="P6_SP00022" HPOS="572" VPOS="562" WIDTH="31"/>
						<String ID="P6_ST00027" HPOS="603" VPOS="513" WIDTH="76" HEIGHT="48" CONTENT="das" WC="0.98" CC="060"/>
						<SP ID="P6_SP00023" HPOS="679" VPOS="562" WIDTH="32"/>
						<String ID="P6_ST00028" HPOS="711" VPOS="513" WIDTH="236" HEIGHT="65" CONTENT="geistreich" WC="0.99" CC="7000033206"/>
						<SP ID="P6_SP00024" HPOS="947" VPOS="578" WIDTH="32"/>
						<String ID="P6_ST00029" HPOS="979" VPOS="514" WIDTH="91" HEIGHT="50" CONTENT="sein" WC="0.99" CC="2003"/>
						<SP ID="P6_SP00025" HPOS="1070" VPOS="578" WIDTH="28"/>
						<String ID="P6_ST00030" HPOS="1098" VPOS="513" WIDTH="220" HEIGHT="51" CONTENT="wollende" WC="1.00" CC="03200100"/>
						<SP ID="P6_SP00026" HPOS="1318" VPOS="578" WIDTH="15"/>
						<String ID="P6_ST00031" HPOS="1333" VPOS="513" WIDTH="391" HEIGHT="51" CONTENT="Feuilletonisten-" WC="0.81" CC="0000012506020073"/>
					</TextLine>
					<TextLine ID="P6_TL00006" HPOS="185" VPOS="593" WIDTH="1538" HEIGHT="68">
						<String ID="P6_ST00032" HPOS="185" VPOS="593" WIDTH="267" HEIGHT="51" CONTENT="Geschwätz" WC="0.80" CC="600014004"/>
						<SP ID="P6_SP00027" HPOS="452" VPOS="644" WIDTH="44"/>
						<String ID="P6_ST00033" HPOS="496" VPOS="594" WIDTH="112" HEIGHT="48" CONTENT="nach" WC="0.99" CC="6000"/>
						<SP ID="P6_SP00028" HPOS="608" VPOS="644" WIDTH="43"/>
						<String ID="P6_ST00034" HPOS="651" VPOS="594" WIDTH="332" HEIGHT="51" CONTENT="französischen" WC="0.99" CC="6536200033500"/>
						<SP ID="P6_SP00029" HPOS="983" VPOS="645" WIDTH="38"/>
						<String ID="P6_ST00035" HPOS="1021" VPOS="597" WIDTH="206" HEIGHT="48" CONTENT="Mustern" WC="0.99" CC="4820000"/>
						<SP ID="P6_SP00030" HPOS="1227" VPOS="645" WIDTH="41"/>
						<String ID="P6_ST00036" HPOS="1268" VPOS="594" WIDTH="69" HEIGHT="50" CONTENT="die" WC="0.96" CC="901"/>
						<SP ID="P6_SP00031" HPOS="1337" VPOS="645" WIDTH="32"/>
						<String ID="P6_ST00037" HPOS="1369" VPOS="595" WIDTH="185" HEIGHT="66" CONTENT="Spalten" WC="0.99" CC="0030007"/>
						<SP ID="P6_SP00032" HPOS="1554" VPOS="661" WIDTH="40"/>
						<String ID="P6_ST00038" HPOS="1594" VPOS="595" WIDTH="104" HEIGHT="49" CONTENT="deut" SUBS_TYPE="HypPart1" SUBS_CONTENT="deutscher" WC="0.99" CC="0006"/>
						<HYP HPOS="1698" VPOS="595" WIDTH="25" CONTENT="-"/>
					</TextLine>
					<TextLine ID="P6_TL00007" HPOS="186" VPOS="675" WIDTH="1537" HEIGHT="69">
						<String ID="P6_ST00039" HPOS="186" VPOS="677" WIDTH="130" HEIGHT="48" CONTENT="scher" SUBS_TYPE="HypPart2" SUBS_CONTENT="deutscher" WC="1.00" CC="30000"/>
						<SP ID="P6_SP00033" HPOS="316" VPOS="725" WIDTH="28"/>
						<String ID="P6_ST00040" HPOS="344" VPOS="675" WIDTH="361" HEIGHT="66" CONTENT="Musik-Organe" WC="1.00" CC="060000500500"/>
						<SP ID="P6_SP00034" HPOS="705" VPOS="741" WIDTH="29"/>
						<String ID="P6_ST00041" HPOS="734" VPOS="678" WIDTH="117" HEIGHT="48" CONTENT="noch" WC="0.97" CC="6202"/>
						<SP ID="P6_SP00035" HPOS="851" VPOS="741" WIDTH="29"/>
						<String ID="P6_ST00042" HPOS="880" VPOS="678" WIDTH="122" HEIGHT="49" CONTENT="nicht" WC="0.97" CC="73056"/>
						<SP ID="P6_SP00036" HPOS="1002" VPOS="741" WIDTH="30"/>
						<String ID="P6_ST00043" HPOS="1032" VPOS="678" WIDTH="165" HEIGHT="66" CONTENT="gefüllt." WC="0.99" CC="00500600"/>
						<SP ID="P6_SP00037" HPOS="1197" VPOS="744" WIDTH="33"/>
						<String ID="P6_ST00044" HPOS="1230" VPOS="678" WIDTH="84" HEIGHT="48" CONTENT="Die" WC="0.95" CC="650"/>
						<SP ID="P6_SP00038" HPOS="1314" VPOS="744" WIDTH="29"/>
						<String ID="P6_ST00045" HPOS="1343" VPOS="678" WIDTH="124" HEIGHT="48" CONTENT="Ehre" WC="0.99" CC="0600"/>
						<SP ID="P6_SP00039" HPOS="1467" VPOS="744" WIDTH="30"/>
						<String ID="P6_ST00046" HPOS="1497" VPOS="678" WIDTH="79" HEIGHT="49" CONTENT="des" WC="0.99" CC="002"/>
						<SP ID="P6_SP00040" HPOS="1576" VPOS="744" WIDTH="30"/>
						<String ID="P6_ST00047" HPOS="1606" VPOS="679" WIDTH="88" HEIGHT="48" CONTENT="Vor" SUBS_TYPE="HypPart1" SUBS_CONTENT="Vortrittes" WC="0.97" CC="309"/>
						<HYP HPOS="1694" VPOS="679" WIDTH="29" CONTENT="-"/>
					</TextLine>
					<TextLine ID="P6_TL00008" HPOS="185" VPOS="758" WIDTH="1537" HEIGHT="61">
						<String ID="P6_ST00048" HPOS="185" VPOS="758" WIDTH="147" HEIGHT="49" CONTENT="trittes" SUBS_TYPE="HypPart2" SUBS_CONTENT="Vortrittes" WC="0.98" CC="6607405"/>
						<SP ID="P6_SP00041" HPOS="332" VPOS="807" WIDTH="44"/>
						<String ID="P6_ST00049" HPOS="376" VPOS="774" WIDTH="95" HEIGHT="33" CONTENT="war" WC="0.97" CC="070"/>
						<SP ID="P6_SP00042" HPOS="471" VPOS="807" WIDTH="41"/>
						<String ID="P6_ST00050" HPOS="512" VPOS="758" WIDTH="124" HEIGHT="49" CONTENT="Liszt" WC="0.71" CC="00770"/>
						<SP ID="P6_SP00043" HPOS="636" VPOS="807" WIDTH="42"/>
						<String ID="P6_ST00051" HPOS="678" VPOS="759" WIDTH="306" HEIGHT="51" CONTENT="vorbehalten." WC="0.99" CC="703617560364"/>
						<SP ID="P6_SP00044" HPOS="984" VPOS="810" WIDTH="58"/>
						<String ID="P6_ST00052" HPOS="1042" VPOS="759" WIDTH="253" HEIGHT="59" CONTENT="Wahrlich," WC="0.99" CC="365050070"/>
						<SP ID="P6_SP00045" HPOS="1295" VPOS="818" WIDTH="53"/>
						<String ID="P6_ST00053" HPOS="1348" VPOS="759" WIDTH="164" HEIGHT="60" CONTENT="Göthe," WC="0.74" CC="150141"/>
						<SP ID="P6_SP00046" HPOS="1512" VPOS="819" WIDTH="59"/>
						<String ID="P6_ST00054" HPOS="1571" VPOS="760" WIDTH="151" HEIGHT="59" CONTENT="Tieck," WC="0.68" CC="030780"/>
					</TextLine>
					<TextLine ID="P6_TL00009" HPOS="185" VPOS="840" WIDTH="1539" HEIGHT="67">
						<String ID="P6_ST00055" HPOS="185" VPOS="840" WIDTH="239" HEIGHT="58" CONTENT="Gutzkow," WC="0.98" CC="90067695"/>
						<SP ID="P6_SP00047" HPOS="424" VPOS="898" WIDTH="43"/>
						<String ID="P6_ST00056" HPOS="467" VPOS="842" WIDTH="287" HEIGHT="65" CONTENT="Dingelstedt" WC="0.77" CC="61690000000"/>
						<SP ID="P6_SP00048" HPOS="754" VPOS="907" WIDTH="38"/>
						<String ID="P6_ST00057" HPOS="792" VPOS="843" WIDTH="93" HEIGHT="48" CONTENT="und" WC="0.97" CC="450"/>
						<SP ID="P6_SP00049" HPOS="885" VPOS="907" WIDTH="39"/>
						<String ID="P6_ST00058" HPOS="924" VPOS="861" WIDTH="50" HEIGHT="30" CONTENT="so" WC="0.49" CC="63"/>
						<SP ID="P6_SP00050" HPOS="974" VPOS="907" WIDTH="40"/>
						<String ID="P6_ST00059" HPOS="1014" VPOS="842" WIDTH="110" HEIGHT="49" CONTENT="viele" WC="0.98" CC="77020"/>
						<SP ID="P6_SP00051" HPOS="1124" VPOS="907" WIDTH="39"/>
						<String ID="P6_ST00060" HPOS="1163" VPOS="843" WIDTH="198" HEIGHT="57" CONTENT="Andere," WC="0.99" CC="6350004"/>
						<SP ID="P6_SP00052" HPOS="1361" VPOS="907" WIDTH="45"/>
						<String ID="P6_ST00061" HPOS="1406" VPOS="842" WIDTH="68" HEIGHT="49" CONTENT="die" WC="1.00" CC="000"/>
						<SP ID="P6_SP00053" HPOS="1474" VPOS="907" WIDTH="41"/>
						<String ID="P6_ST00062" HPOS="1515" VPOS="860" WIDTH="47" HEIGHT="31" CONTENT="es" WC="1.00" CC="00"/>
						<SP ID="P6_SP00054" HPOS="1562" VPOS="907" WIDTH="40"/>
						<String ID="P6_ST00063" HPOS="1602" VPOS="842" WIDTH="122" HEIGHT="51" CONTENT="nicht" WC="0.98" CC="70061"/>
					</TextLine>
					<TextLine ID="P6_TL00010" HPOS="185" VPOS="923" WIDTH="1538" HEIGHT="60">
						<String ID="P6_ST00064" HPOS="185" VPOS="923" WIDTH="340" HEIGHT="60" CONTENT="verschmähen," WC="0.99" CC="743404460062"/>
						<SP ID="P6_SP00055" HPOS="525" VPOS="983" WIDTH="28"/>
						<String ID="P6_ST00065" HPOS="553" VPOS="924" WIDTH="44" HEIGHT="49" CONTENT="in" WC="0.77" CC="04"/>
						<SP ID="P6_SP00056" HPOS="597" VPOS="983" WIDTH="31"/>
						<String ID="P6_ST00066" HPOS="628" VPOS="924" WIDTH="275" HEIGHT="59" CONTENT="schlichtem," WC="0.99" CC="00410072060"/>
						<SP ID="P6_SP00057" HPOS="903" VPOS="983" WIDTH="26"/>
						<String ID="P6_ST00067" HPOS="929" VPOS="926" WIDTH="370" HEIGHT="48" CONTENT="verständlichem" WC="0.99" CC="00304778400009"/>
						<SP ID="P6_SP00058" HPOS="1299" VPOS="983" WIDTH="18"/>
						<String ID="P6_ST00068" HPOS="1317" VPOS="926" WIDTH="203" HEIGHT="49" CONTENT="Deutsch" WC="0.99" CC="7056001"/>
						<String ID="P6_ST00069" HPOS="1529" VPOS="926" WIDTH="194" HEIGHT="49" CONTENT="—ohne" WC="0.96" CC="85770"/>
					</TextLine>
					<TextLine ID="P6_TL00011" HPOS="181" VPOS="1006" WIDTH="1541" HEIGHT="68">
						<String ID="P6_ST00070" HPOS="181" VPOS="1006" WIDTH="484" HEIGHT="68" CONTENT="Phrasen-Geklapper" WC="0.99" CC="67503474400140715"/>
						<SP ID="P6_SP00059" HPOS="665" VPOS="1074" WIDTH="104"/>
						<String ID="P6_ST00071" HPOS="769" VPOS="1007" WIDTH="112" HEIGHT="49" CONTENT="über" WC="0.98" CC="0604"/>
						<SP ID="P6_SP00060" HPOS="881" VPOS="1074" WIDTH="28"/>
						<String ID="P6_ST00072" HPOS="909" VPOS="1008" WIDTH="260" HEIGHT="66" CONTENT="wichtigere" WC="0.99" CC="0304009050"/>
						<SP ID="P6_SP00061" HPOS="1169" VPOS="1074" WIDTH="30"/>
						<String ID="P6_ST00073" HPOS="1199" VPOS="1008" WIDTH="147" HEIGHT="66" CONTENT="Dinge" WC="0.98" CC="02603"/>
						<SP ID="P6_SP00062" HPOS="1346" VPOS="1074" WIDTH="42"/>
						<String ID="P6_ST00074" HPOS="1388" VPOS="1026" WIDTH="54" HEIGHT="30" CONTENT="zu" WC="0.94" CC="10"/>
						<SP ID="P6_SP00063" HPOS="1442" VPOS="1074" WIDTH="31"/>
						<String ID="P6_ST00075" HPOS="1473" VPOS="1007" WIDTH="249" HEIGHT="60" CONTENT="schreiben," WC="0.99" CC="0053007002"/>
					</TextLine>
					<TextLine ID="P6_TL00012" HPOS="184" VPOS="1087" WIDTH="1537" HEIGHT="71">
						<String ID="P6_ST00076" HPOS="184" VPOS="1087" WIDTH="63" HEIGHT="49" CONTENT="als" WC="0.97" CC="520"/>
						<SP ID="P6_SP00064" HPOS="247" VPOS="1136" WIDTH="30"/>
						<String ID="P6_ST00077" HPOS="277" VPOS="1087" WIDTH="138" HEIGHT="58" CONTENT="Liszt," WC="0.67" CC="405620"/>
						<SP ID="P6_SP00065" HPOS="415" VPOS="1145" WIDTH="37"/>
						<String ID="P6_ST00078" HPOS="452" VPOS="1088" WIDTH="148" HEIGHT="50" CONTENT="haben" WC="0.98" CC="23605"/>
						<SP ID="P6_SP00066" HPOS="600" VPOS="1145" WIDTH="39"/>
						<String ID="P6_ST00079" HPOS="639" VPOS="1089" WIDTH="69" HEIGHT="49" CONTENT="für" WC="0.92" CC="795"/>
						<SP ID="P6_SP00067" HPOS="708" VPOS="1145" WIDTH="40"/>
						<String ID="P6_ST00080" HPOS="748" VPOS="1089" WIDTH="119" HEIGHT="50" CONTENT="diese" WC="0.98" CC="05060"/>
						<SP ID="P6_SP00068" HPOS="867" VPOS="1145" WIDTH="39"/>
						<String ID="P6_ST00081" HPOS="906" VPOS="1107" WIDTH="117" HEIGHT="32" CONTENT="neue" WC="0.97" CC="7500"/>
						<SP ID="P6_SP00069" HPOS="1023" VPOS="1145" WIDTH="31"/>
						<String ID="P6_ST00082" HPOS="1054" VPOS="1089" WIDTH="279" HEIGHT="69" CONTENT="Acquisition" WC="0.67" CC="50532209024"/>
						<SP ID="P6_SP00070" HPOS="1333" VPOS="1158" WIDTH="40"/>
						<String ID="P6_ST00083" HPOS="1373" VPOS="1089" WIDTH="81" HEIGHT="50" CONTENT="der" WC="0.97" CC="025"/>
						<SP ID="P6_SP00071" HPOS="1454" VPOS="1158" WIDTH="47"/>
						<String ID="P6_ST00084" HPOS="1501" VPOS="1089" WIDTH="196" HEIGHT="51" CONTENT="musicali" SUBS_TYPE="HypPart1" SUBS_CONTENT="musicalischen" WC="0.99" CC="05010627"/>
						<HYP HPOS="1697" VPOS="1089" WIDTH="24" CONTENT="-"/>
					</TextLine>
					<TextLine ID="P6_TL00013" HPOS="184" VPOS="1169" WIDTH="1535" HEIGHT="52">
						<String ID="P6_ST00085" HPOS="184" VPOS="1169" WIDTH="137" HEIGHT="50" CONTENT="schen" SUBS_TYPE="HypPart2" SUBS_CONTENT="musicalischen" WC="0.98" CC="50404"/>
						<SP ID="P6_SP00072" HPOS="321" VPOS="1219" WIDTH="29"/>
						<String ID="P6_ST00086" HPOS="350" VPOS="1169" WIDTH="149" HEIGHT="50" CONTENT="Kritik" WC="1.00" CC="200000"/>
						<SP ID="P6_SP00073" HPOS="499" VPOS="1219" WIDTH="28"/>
						<String ID="P6_ST00087" HPOS="527" VPOS="1171" WIDTH="101" HEIGHT="48" CONTENT="kein" WC="0.98" CC="0037"/>
						<SP ID="P6_SP00074" HPOS="628" VPOS="1219" WIDTH="28"/>
						<String ID="P6_ST00088" HPOS="656" VPOS="1172" WIDTH="178" HEIGHT="48" CONTENT="Muster" WC="0.98" CC="055040"/>
						<SP ID="P6_SP00075" HPOS="834" VPOS="1220" WIDTH="28"/>
						<String ID="P6_ST00089" HPOS="862" VPOS="1171" WIDTH="43" HEIGHT="49" CONTENT="in" WC="0.98" CC="00"/>
						<SP ID="P6_SP00076" HPOS="905" VPOS="1220" WIDTH="29"/>
						<String ID="P6_ST00090" HPOS="934" VPOS="1172" WIDTH="80" HEIGHT="48" CONTENT="der" WC="0.98" CC="005"/>
						<SP ID="P6_SP00077" HPOS="1014" VPOS="1220" WIDTH="31"/>
						<String ID="P6_ST00091" HPOS="1045" VPOS="1172" WIDTH="404" HEIGHT="49" CONTENT="Ausdrucksweise" WC="1.00" CC="60003037000004"/>
						<SP ID="P6_SP00078" HPOS="1449" VPOS="1221" WIDTH="28"/>
						<String ID="P6_ST00092" HPOS="1477" VPOS="1172" WIDTH="218" HEIGHT="49" CONTENT="hinzustel" SUBS_TYPE="HypPart1" SUBS_CONTENT="hinzustellen" WC="0.99" CC="404550406"/>
						<HYP HPOS="1695" VPOS="1172" WIDTH="24" CONTENT="-"/>
					</TextLine>
					<TextLine ID="P6_TL00014" HPOS="183" VPOS="1252" WIDTH="1536" HEIGHT="70">
						<String ID="P6_ST00093" HPOS="183" VPOS="1252" WIDTH="73" HEIGHT="48" CONTENT="len" SUBS_TYPE="HypPart2" SUBS_CONTENT="hinzustellen" WC="0.98" CC="120"/>
						<SP ID="P6_SP00079" HPOS="256" VPOS="1300" WIDTH="28"/>
						<String ID="P6_ST00094" HPOS="284" VPOS="1252" WIDTH="257" HEIGHT="49" CONTENT="vermocht!" WC="0.99" CC="524001600"/>
						<SP ID="P6_SP00080" HPOS="541" VPOS="1301" WIDTH="56"/>
						<String ID="P6_ST00095" HPOS="597" VPOS="1253" WIDTH="158" HEIGHT="51" CONTENT="Wenn" WC="0.96" CC="5065"/>
						<SP ID="P6_SP00081" HPOS="755" VPOS="1304" WIDTH="31"/>
						<String ID="P6_ST00096" HPOS="786" VPOS="1253" WIDTH="120" HEIGHT="50" CONTENT="diese" WC="1.00" CC="00000"/>
						<SP ID="P6_SP00082" HPOS="906" VPOS="1304" WIDTH="28"/>
						<String ID="P6_ST00097" HPOS="934" VPOS="1256" WIDTH="173" HEIGHT="65" CONTENT="Jünger" WC="0.99" CC="506000"/>
						<SP ID="P6_SP00083" HPOS="1107" VPOS="1321" WIDTH="26"/>
						<String ID="P6_ST00098" HPOS="1133" VPOS="1254" WIDTH="91" HEIGHT="50" CONTENT="und" WC="0.91" CC="679"/>
						<SP ID="P6_SP00084" HPOS="1224" VPOS="1321" WIDTH="30"/>
						<String ID="P6_ST00099" HPOS="1254" VPOS="1254" WIDTH="190" HEIGHT="68" CONTENT="Apostel" WC="0.99" CC="1040704"/>
						<SP ID="P6_SP00085" HPOS="1444" VPOS="1322" WIDTH="30"/>
						<String ID="P6_ST00100" HPOS="1474" VPOS="1256" WIDTH="245" HEIGHT="65" CONTENT="Wagner's" WC="0.81" CC="04050500"/>
					</TextLine>
					<TextLine ID="P6_TL00015" HPOS="184" VPOS="1333" WIDTH="1534" HEIGHT="69">
						<String ID="P6_ST00101" HPOS="184" VPOS="1333" WIDTH="208" HEIGHT="66" CONTENT="glauben," WC="0.98" CC="96637170"/>
						<SP ID="P6_SP00086" HPOS="392" VPOS="1399" WIDTH="31"/>
						<String ID="P6_ST00102" HPOS="423" VPOS="1335" WIDTH="77" HEIGHT="49" CONTENT="das" WC="1.00" CC="000"/>
						<SP ID="P6_SP00087" HPOS="500" VPOS="1399" WIDTH="31"/>
						<String ID="P6_ST00103" HPOS="531" VPOS="1335" WIDTH="119" HEIGHT="67" CONTENT="Spiel" WC="1.00" CC="00003"/>
						<SP ID="P6_SP00088" HPOS="650" VPOS="1402" WIDTH="30"/>
						<String ID="P6_ST00104" HPOS="680" VPOS="1336" WIDTH="140" HEIGHT="49" CONTENT="schon" WC="0.98" CC="30560"/>
						<SP ID="P6_SP00089" HPOS="820" VPOS="1402" WIDTH="29"/>
						<String ID="P6_ST00105" HPOS="849" VPOS="1352" WIDTH="253" HEIGHT="50" CONTENT="gewonnen" WC="0.99" CC="00004607"/>
						<SP ID="P6_SP00090" HPOS="1102" VPOS="1402" WIDTH="31"/>
						<String ID="P6_ST00106" HPOS="1133" VPOS="1355" WIDTH="55" HEIGHT="30" CONTENT="zu" WC="0.70" CC="04"/>
						<SP ID="P6_SP00091" HPOS="1188" VPOS="1402" WIDTH="30"/>
						<String ID="P6_ST00107" HPOS="1218" VPOS="1336" WIDTH="160" HEIGHT="59" CONTENT="haben," WC="0.97" CC="547073"/>
						<SP ID="P6_SP00092" HPOS="1378" VPOS="1402" WIDTH="40"/>
						<String ID="P6_ST00108" HPOS="1418" VPOS="1337" WIDTH="85" HEIGHT="48" CONTENT="wie" WC="0.99" CC="010"/>
						<SP ID="P6_SP00093" HPOS="1503" VPOS="1402" WIDTH="32"/>
						<String ID="P6_ST00109" HPOS="1535" VPOS="1337" WIDTH="61" HEIGHT="48" CONTENT="sie" WC="0.96" CC="071"/>
						<SP ID="P6_SP00094" HPOS="1596" VPOS="1402" WIDTH="32"/>
						<String ID="P6_ST00110" HPOS="1628" VPOS="1336" WIDTH="90" HEIGHT="49" CONTENT="sich" WC="0.98" CC="3300"/>
					</TextLine>
					<TextLine ID="P6_TL00016" HPOS="179" VPOS="1416" WIDTH="1540" HEIGHT="68">
						<String ID="P6_ST00111" HPOS="179" VPOS="1416" WIDTH="242" HEIGHT="66" CONTENT="geberden," WC="0.99" CC="015050062"/>
						<SP ID="P6_SP00095" HPOS="421" VPOS="1482" WIDTH="40"/>
						<String ID="P6_ST00112" HPOS="461" VPOS="1435" WIDTH="49" HEIGHT="32" CONTENT="so" WC="0.76" CC="04"/>
						<SP ID="P6_SP00096" HPOS="510" VPOS="1482" WIDTH="31"/>
						<String ID="P6_ST00113" HPOS="541" VPOS="1417" WIDTH="98" HEIGHT="50" CONTENT="sind" WC="0.99" CC="0030"/>
						<SP ID="P6_SP00097" HPOS="639" VPOS="1482" WIDTH="29"/>
						<String ID="P6_ST00114" HPOS="668" VPOS="1418" WIDTH="62" HEIGHT="49" CONTENT="sie" WC="0.96" CC="405"/>
						<SP ID="P6_SP00098" HPOS="730" VPOS="1482" WIDTH="39"/>
						<String ID="P6_ST00115" HPOS="769" VPOS="1420" WIDTH="42" HEIGHT="48" CONTENT="in" WC="0.46" CC="46"/>
						<SP ID="P6_SP00099" HPOS="811" VPOS="1482" WIDTH="49"/>
						<String ID="P6_ST00116" HPOS="860" VPOS="1436" WIDTH="203" HEIGHT="48" CONTENT="grossem" WC="0.99" CC="9010500"/>
						<SP ID="P6_SP00100" HPOS="1063" VPOS="1484" WIDTH="29"/>
						<String ID="P6_ST00117" HPOS="1092" VPOS="1420" WIDTH="240" HEIGHT="48" CONTENT="Irrthume." WC="0.78" CC="040431500"/>
						<SP ID="P6_SP00101" HPOS="1332" VPOS="1484" WIDTH="30"/>
						<String ID="P6_ST00118" HPOS="1362" VPOS="1420" WIDTH="86" HEIGHT="49" CONTENT="Die" WC="0.96" CC="703"/>
						<SP ID="P6_SP00102" HPOS="1448" VPOS="1484" WIDTH="29"/>
						<String ID="P6_ST00119" HPOS="1477" VPOS="1420" WIDTH="242" HEIGHT="50" CONTENT="Wahrheit" WC="0.99" CC="02353004"/>
					</TextLine>
					<TextLine ID="P6_TL00017" HPOS="183" VPOS="1497" WIDTH="1541" HEIGHT="70">
						<String ID="P6_ST00120" HPOS="183" VPOS="1497" WIDTH="110" HEIGHT="50" CONTENT="wird" WC="0.99" CC="0230"/>
						<SP ID="P6_SP00103" HPOS="293" VPOS="1547" WIDTH="29"/>
						<String ID="P6_ST00121" HPOS="322" VPOS="1498" WIDTH="116" HEIGHT="50" CONTENT="auch" WC="0.98" CC="4023"/>
						<SP ID="P6_SP00104" HPOS="438" VPOS="1548" WIDTH="28"/>
						<String ID="P6_ST00122" HPOS="466" VPOS="1498" WIDTH="42" HEIGHT="50" CONTENT="in" WC="0.61" CC="07"/>
						<SP ID="P6_SP00105" HPOS="508" VPOS="1548" WIDTH="31"/>
						<String ID="P6_ST00123" HPOS="539" VPOS="1498" WIDTH="167" HEIGHT="51" CONTENT="diesem" WC="0.99" CC="070003"/>
						<SP ID="P6_SP00106" HPOS="706" VPOS="1549" WIDTH="27"/>
						<String ID="P6_ST00124" HPOS="733" VPOS="1501" WIDTH="121" HEIGHT="49" CONTENT="Falle" WC="0.97" CC="05570"/>
						<SP ID="P6_SP00107" HPOS="854" VPOS="1550" WIDTH="26"/>
						<String ID="P6_ST00125" HPOS="880" VPOS="1501" WIDTH="227" HEIGHT="66" CONTENT="obsiegen," WC="0.99" CC="664000064"/>
						<SP ID="P6_SP00108" HPOS="1107" VPOS="1567" WIDTH="31"/>
						<String ID="P6_ST00126" HPOS="1138" VPOS="1501" WIDTH="94" HEIGHT="49" CONTENT="und" WC="0.98" CC="500"/>
						<SP ID="P6_SP00109" HPOS="1232" VPOS="1567" WIDTH="29"/>
						<String ID="P6_ST00127" HPOS="1261" VPOS="1501" WIDTH="120" HEIGHT="49" CONTENT="diese" WC="1.00" CC="00030"/>
						<SP ID="P6_SP00110" HPOS="1381" VPOS="1567" WIDTH="28"/>
						<String ID="P6_ST00128" HPOS="1409" VPOS="1501" WIDTH="58" HEIGHT="49" CONTENT="ist" WC="0.98" CC="600"/>
						<SP ID="P6_SP00111" HPOS="1467" VPOS="1567" WIDTH="28"/>
						<String ID="P6_ST00129" HPOS="1495" VPOS="1501" WIDTH="121" HEIGHT="49" CONTENT="nicht" WC="0.98" CC="60140"/>
						<SP ID="P6_SP00112" HPOS="1616" VPOS="1567" WIDTH="30"/>
						<String ID="P6_ST00130" HPOS="1646" VPOS="1502" WIDTH="78" HEIGHT="48" CONTENT="auf" WC="0.98" CC="400"/>
					</TextLine>
					<TextLine ID="P6_TL00018" HPOS="179" VPOS="1580" WIDTH="286" HEIGHT="50">
						<String ID="P6_ST00131" HPOS="179" VPOS="1580" WIDTH="120" HEIGHT="49" CONTENT="ihrer" WC="0.99" CC="00610"/>
						<SP ID="P6_SP00113" HPOS="299" VPOS="1629" WIDTH="30"/>
						<String ID="P6_ST00132" HPOS="329" VPOS="1581" WIDTH="136" HEIGHT="49" CONTENT="Seite." WC="0.99" CC="523001"/>
					</TextLine>
					<TextLine ID="P6_TL00019" HPOS="306" VPOS="1663" WIDTH="1413" HEIGHT="70">
						<String ID="P6_ST00133" HPOS="306" VPOS="1663" WIDTH="112" HEIGHT="51" CONTENT="Wie" WC="0.97" CC="063"/>
						<SP ID="P6_SP00114" HPOS="418" VPOS="1714" WIDTH="30"/>
						<String ID="P6_ST00134" HPOS="448" VPOS="1663" WIDTH="69" HEIGHT="50" CONTENT="die" WC="1.00" CC="000"/>
						<SP ID="P6_SP00115" HPOS="517" VPOS="1714" WIDTH="30"/>
						<String ID="P6_ST00135" HPOS="547" VPOS="1666" WIDTH="266" HEIGHT="65" CONTENT="grauenhaft" WC="0.98" CC="0753065258"/>
						<SP ID="P6_SP00116" HPOS="813" VPOS="1731" WIDTH="30"/>
						<String ID="P6_ST00136" HPOS="843" VPOS="1666" WIDTH="141" HEIGHT="50" CONTENT="durch" WC="0.98" CC="03604"/>
						<SP ID="P6_SP00117" HPOS="984" VPOS="1731" WIDTH="30"/>
						<String ID="P6_ST00137" HPOS="1014" VPOS="1666" WIDTH="213" HEIGHT="51" CONTENT="einander" WC="0.99" CC="04530006"/>
						<SP ID="P6_SP00118" HPOS="1227" VPOS="1731" WIDTH="29"/>
						<String ID="P6_ST00138" HPOS="1256" VPOS="1667" WIDTH="289" HEIGHT="66" CONTENT="geworfenen" WC="1.00" CC="0000500016"/>
						<SP ID="P6_SP00119" HPOS="1545" VPOS="1733" WIDTH="26"/>
						<String ID="P6_ST00139" HPOS="1571" VPOS="1666" WIDTH="148" HEIGHT="66" CONTENT="Dinge" WC="0.99" CC="70002"/>
					</TextLine>
					<TextLine ID="P6_TL00020" HPOS="181" VPOS="1743" WIDTH="1537" HEIGHT="72">
						<String ID="P6_ST00140" HPOS="181" VPOS="1743" WIDTH="60" HEIGHT="50" CONTENT="im" WC="1.00" CC="00"/>
						<SP ID="P6_SP00120" HPOS="241" VPOS="1793" WIDTH="28"/>
						<String ID="P6_ST00141" HPOS="269" VPOS="1745" WIDTH="286" HEIGHT="66" CONTENT="Augenblick" WC="1.00" CC="0200470000"/>
						<SP ID="P6_SP00121" HPOS="555" VPOS="1811" WIDTH="30"/>
						<String ID="P6_ST00142" HPOS="585" VPOS="1749" WIDTH="172" HEIGHT="57" CONTENT="stehen," WC="0.99" CC="0030050"/>
						<SP ID="P6_SP00122" HPOS="757" VPOS="1811" WIDTH="31"/>
						<String ID="P6_ST00143" HPOS="788" VPOS="1766" WIDTH="50" HEIGHT="33" CONTENT="so" WC="0.77" CC="40"/>
						<SP ID="P6_SP00123" HPOS="838" VPOS="1811" WIDTH="29"/>
						<String ID="P6_ST00144" HPOS="867" VPOS="1750" WIDTH="56" HEIGHT="48" CONTENT="ist" WC="0.99" CC="020"/>
						<SP ID="P6_SP00124" HPOS="923" VPOS="1811" WIDTH="30"/>
						<String ID="P6_ST00145" HPOS="953" VPOS="1750" WIDTH="69" HEIGHT="48" CONTENT="die" WC="0.96" CC="900"/>
						<SP ID="P6_SP00125" HPOS="1022" VPOS="1811" WIDTH="31"/>
						<String ID="P6_ST00146" HPOS="1053" VPOS="1750" WIDTH="215" HEIGHT="48" CONTENT="deutsche" WC="1.00" CC="00400050"/>
						<SP ID="P6_SP00126" HPOS="1268" VPOS="1811" WIDTH="27"/>
						<String ID="P6_ST00147" HPOS="1295" VPOS="1750" WIDTH="146" HEIGHT="48" CONTENT="Kritik" WC="0.99" CC="451000"/>
						<SP ID="P6_SP00127" HPOS="1441" VPOS="1811" WIDTH="31"/>
						<String ID="P6_ST00148" HPOS="1472" VPOS="1766" WIDTH="147" HEIGHT="49" CONTENT="gegen" WC="0.99" CC="01004"/>
						<SP ID="P6_SP00128" HPOS="1619" VPOS="1815" WIDTH="29"/>
						<String ID="P6_ST00149" HPOS="1648" VPOS="1749" WIDTH="70" HEIGHT="49" CONTENT="die" WC="1.00" CC="000"/>
					</TextLine>
					<TextLine ID="P6_TL00021" HPOS="180" VPOS="1827" WIDTH="1538" HEIGHT="64">
						<String ID="P6_ST00150" HPOS="180" VPOS="1827" WIDTH="300" HEIGHT="50" CONTENT="französische" WC="0.99" CC="867668030065"/>
						<SP ID="P6_SP00129" HPOS="480" VPOS="1877" WIDTH="30"/>
						<String ID="P6_ST00151" HPOS="510" VPOS="1848" WIDTH="87" HEIGHT="30" CONTENT="nur" WC="0.99" CC="300"/>
						<SP ID="P6_SP00130" HPOS="597" VPOS="1878" WIDTH="28"/>
						<String ID="P6_ST00152" HPOS="625" VPOS="1830" WIDTH="43" HEIGHT="48" CONTENT="in" WC="0.46" CC="46"/>
						<SP ID="P6_SP00131" HPOS="668" VPOS="1878" WIDTH="24"/>
						<String ID="P6_ST00153" HPOS="692" VPOS="1831" WIDTH="157" HEIGHT="50" CONTENT="Einem" WC="0.99" CC="00201"/>
						<SP ID="P6_SP00132" HPOS="849" VPOS="1881" WIDTH="30"/>
						<String ID="P6_ST00154" HPOS="879" VPOS="1832" WIDTH="179" HEIGHT="49" CONTENT="Punkte" WC="0.98" CC="745062"/>
						<SP ID="P6_SP00133" HPOS="1058" VPOS="1881" WIDTH="30"/>
						<String ID="P6_ST00155" HPOS="1088" VPOS="1832" WIDTH="116" HEIGHT="50" CONTENT="noch" WC="0.97" CC="5007"/>
						<SP ID="P6_SP00134" HPOS="1204" VPOS="1882" WIDTH="30"/>
						<String ID="P6_ST00156" HPOS="1234" VPOS="1832" WIDTH="182" HEIGHT="59" CONTENT="zurück," WC="0.99" CC="6630000"/>
						<SP ID="P6_SP00135" HPOS="1416" VPOS="1891" WIDTH="32"/>
						<String ID="P6_ST00157" HPOS="1448" VPOS="1831" WIDTH="44" HEIGHT="50" CONTENT="in" WC="0.66" CC="06"/>
						<SP ID="P6_SP00136" HPOS="1492" VPOS="1891" WIDTH="30"/>
						<String ID="P6_ST00158" HPOS="1522" VPOS="1832" WIDTH="79" HEIGHT="49" CONTENT="der" WC="0.94" CC="923"/>
						<SP ID="P6_SP00137" HPOS="1601" VPOS="1891" WIDTH="31"/>
						<String ID="P6_ST00159" HPOS="1632" VPOS="1831" WIDTH="58" HEIGHT="48" CONTENT="Ge" SUBS_TYPE="HypPart1" SUBS_CONTENT="Geschicklichkeit" WC="0.98" CC="00"/>
						<HYP HPOS="1690" VPOS="1831" WIDTH="28" CONTENT="-"/>
					</TextLine>
					<TextLine ID="P6_TL00022" HPOS="181" VPOS="1910" WIDTH="1537" HEIGHT="71">
						<String ID="P6_ST00160" HPOS="181" VPOS="1910" WIDTH="329" HEIGHT="51" CONTENT="schicklichkeit" SUBS_TYPE="HypPart2" SUBS_CONTENT="Geschicklichkeit" WC="1.00" CC="50400007070052"/>
						<SP ID="P6_SP00138" HPOS="510" VPOS="1961" WIDTH="40"/>
						<String ID="P6_ST00161" HPOS="550" VPOS="1912" WIDTH="128" HEIGHT="66" CONTENT="(oder" WC="0.96" CC="77705"/>
						<SP ID="P6_SP00139" HPOS="678" VPOS="1978" WIDTH="41"/>
						<String ID="P6_ST00162" HPOS="719" VPOS="1914" WIDTH="288" HEIGHT="67" CONTENT="Frechheit?)" WC="0.99" CC="65006600718"/>
						<SP ID="P6_SP00140" HPOS="1007" VPOS="1981" WIDTH="43"/>
						<String ID="P6_ST00163" HPOS="1050" VPOS="1915" WIDTH="207" HEIGHT="57" CONTENT="nämlich," WC="0.98" CC="69467052"/>
						<SP ID="P6_SP00141" HPOS="1257" VPOS="1981" WIDTH="47"/>
						<String ID="P6_ST00164" HPOS="1304" VPOS="1915" WIDTH="69" HEIGHT="48" CONTENT="für" WC="0.95" CC="805"/>
						<SP ID="P6_SP00142" HPOS="1373" VPOS="1981" WIDTH="29"/>
						<String ID="P6_ST00165" HPOS="1402" VPOS="1915" WIDTH="98" HEIGHT="48" CONTENT="eine" WC="0.98" CC="3060"/>
						<SP ID="P6_SP00143" HPOS="1500" VPOS="1981" WIDTH="28"/>
						<String ID="P6_ST00166" HPOS="1528" VPOS="1914" WIDTH="163" HEIGHT="49" CONTENT="ansehn" SUBS_TYPE="HypPart1" SUBS_CONTENT="ansehnliche" WC="0.98" CC="357060"/>
						<HYP HPOS="1691" VPOS="1914" WIDTH="27" CONTENT="-"/>
					</TextLine>
					<TextLine ID="P6_TL00023" HPOS="181" VPOS="1991" WIDTH="1536" HEIGHT="71">
						<String ID="P6_ST00167" HPOS="181" VPOS="1991" WIDTH="112" HEIGHT="50" CONTENT="liche" SUBS_TYPE="HypPart2" SUBS_CONTENT="ansehnliche" WC="0.97" CC="67070"/>
						<SP ID="P6_SP00144" HPOS="293" VPOS="2041" WIDTH="31"/>
						<String ID="P6_ST00168" HPOS="324" VPOS="1994" WIDTH="448" HEIGHT="68" CONTENT="Jahres-Bestallung" WC="0.56" CC="26700515048646670"/>
						<SP ID="P6_SP00145" HPOS="772" VPOS="2062" WIDTH="28"/>
						<String ID="P6_ST00169" HPOS="800" VPOS="1996" WIDTH="181" HEIGHT="50" CONTENT="Ruhm" WC="0.96" CC="7264"/>
						<SP ID="P6_SP00146" HPOS="981" VPOS="2062" WIDTH="32"/>
						<String ID="P6_ST00170" HPOS="1013" VPOS="2015" WIDTH="64" HEIGHT="31" CONTENT="zu" WC="0.51" CC="27"/>
						<SP ID="P6_SP00147" HPOS="1077" VPOS="2062" WIDTH="33"/>
						<String ID="P6_ST00171" HPOS="1110" VPOS="1997" WIDTH="241" HEIGHT="49" CONTENT="machen" WC="0.98" CC="060506"/>
						<SP ID="P6_SP00148" HPOS="1351" VPOS="2062" WIDTH="33"/>
						<String ID="P6_ST00172" HPOS="1384" VPOS="1996" WIDTH="145" HEIGHT="50" CONTENT="—in" WC="0.91" CC="815"/>
						<SP ID="P6_SP00149" HPOS="1529" VPOS="2062" WIDTH="30"/>
						<String ID="P6_ST00173" HPOS="1559" VPOS="2014" WIDTH="127" HEIGHT="48" CONTENT="gros" SUBS_TYPE="HypPart1" SUBS_CONTENT="grossen" WC="0.99" CC="0400"/>
						<HYP HPOS="1686" VPOS="2014" WIDTH="31" CONTENT="-"/>
					</TextLine>
					<TextLine ID="P6_TL00024" HPOS="180" VPOS="2075" WIDTH="1537" HEIGHT="61">
						<String ID="P6_ST00174" HPOS="180" VPOS="2091" WIDTH="100" HEIGHT="31" CONTENT="sen" SUBS_TYPE="HypPart2" SUBS_CONTENT="grossen" WC="0.94" CC="707"/>
						<SP ID="P6_SP00150" HPOS="280" VPOS="2122" WIDTH="32"/>
						<String ID="P6_ST00175" HPOS="312" VPOS="2075" WIDTH="205" HEIGHT="49" CONTENT="Blättern" WC="0.98" CC="85960066"/>
						<SP ID="P6_SP00151" HPOS="517" VPOS="2124" WIDTH="44"/>
						<String ID="P6_ST00176" HPOS="561" VPOS="2077" WIDTH="208" HEIGHT="59" CONTENT="nämlich," WC="0.98" CC="79350170"/>
						<SP ID="P6_SP00152" HPOS="769" VPOS="2136" WIDTH="44"/>
						<String ID="P6_ST00177" HPOS="813" VPOS="2077" WIDTH="41" HEIGHT="50" CONTENT="in" WC="0.60" CC="61"/>
						<SP ID="P6_SP00153" HPOS="854" VPOS="2136" WIDTH="47"/>
						<String ID="P6_ST00178" HPOS="901" VPOS="2079" WIDTH="234" HEIGHT="49" CONTENT="kleinen" WC="0.98" CC="0407407"/>
						<SP ID="P6_SP00154" HPOS="1135" VPOS="2136" WIDTH="41"/>
						<String ID="P6_ST00179" HPOS="1176" VPOS="2079" WIDTH="137" HEIGHT="49" CONTENT="treibt" WC="0.98" CC="091077"/>
						<SP ID="P6_SP00155" HPOS="1313" VPOS="2136" WIDTH="38"/>
						<String ID="P6_ST00180" HPOS="1351" VPOS="2079" WIDTH="62" HEIGHT="49" CONTENT="sie" WC="0.97" CC="700"/>
						<SP ID="P6_SP00156" HPOS="1413" VPOS="2136" WIDTH="42"/>
						<String ID="P6_ST00181" HPOS="1455" VPOS="2079" WIDTH="144" HEIGHT="48" CONTENT="dieses" WC="1.00" CC="000030"/>
						<SP ID="P6_SP00157" HPOS="1599" VPOS="2136" WIDTH="31"/>
						<String ID="P6_ST00182" HPOS="1630" VPOS="2079" WIDTH="58" HEIGHT="48" CONTENT="Ge" SUBS_TYPE="HypPart1" SUBS_CONTENT="Geschäft" WC="0.98" CC="00"/>
						<HYP HPOS="1688" VPOS="2079" WIDTH="29" CONTENT="-"/>
					</TextLine>
					<TextLine ID="P6_TL00025" HPOS="178" VPOS="2156" WIDTH="1539" HEIGHT="70">
						<String ID="P6_ST00183" HPOS="178" VPOS="2156" WIDTH="140" HEIGHT="48" CONTENT="schäft" SUBS_TYPE="HypPart2" SUBS_CONTENT="Geschäft" WC="0.96" CC="716966"/>
						<SP ID="P6_SP00158" HPOS="318" VPOS="2204" WIDTH="32"/>
						<String ID="P6_ST00184" HPOS="350" VPOS="2157" WIDTH="139" HEIGHT="50" CONTENT="schon" WC="0.97" CC="20745"/>
						<SP ID="P6_SP00159" HPOS="489" VPOS="2207" WIDTH="29"/>
						<String ID="P6_ST00185" HPOS="518" VPOS="2159" WIDTH="82" HEIGHT="48" CONTENT="seit" WC="0.98" CC="0009"/>
						<SP ID="P6_SP00160" HPOS="600" VPOS="2207" WIDTH="39"/>
						<String ID="P6_ST00186" HPOS="639" VPOS="2160" WIDTH="142" HEIGHT="65" CONTENT="lange." WC="0.98" CC="760020"/>
						<SP ID="P6_SP00161" HPOS="781" VPOS="2225" WIDTH="57"/>
						<String ID="P6_ST00187" HPOS="838" VPOS="2161" WIDTH="61" HEIGHT="49" CONTENT="Es" WC="1.00" CC="00"/>
						<SP ID="P6_SP00162" HPOS="899" VPOS="2225" WIDTH="44"/>
						<String ID="P6_ST00188" HPOS="943" VPOS="2161" WIDTH="121" HEIGHT="49" CONTENT="steht" WC="0.97" CC="50059"/>
						<SP ID="P6_SP00163" HPOS="1064" VPOS="2225" WIDTH="37"/>
						<String ID="P6_ST00189" HPOS="1101" VPOS="2161" WIDTH="164" HEIGHT="65" CONTENT="jedoch" WC="0.98" CC="560047"/>
						<SP ID="P6_SP00164" HPOS="1265" VPOS="2226" WIDTH="44"/>
						<String ID="P6_ST00190" HPOS="1309" VPOS="2179" WIDTH="56" HEIGHT="31" CONTENT="zu" WC="0.73" CC="50"/>
						<SP ID="P6_SP00165" HPOS="1365" VPOS="2226" WIDTH="43"/>
						<String ID="P6_ST00191" HPOS="1408" VPOS="2161" WIDTH="164" HEIGHT="57" CONTENT="hoffen," WC="0.99" CC="6000074"/>
						<SP ID="P6_SP00166" HPOS="1572" VPOS="2226" WIDTH="44"/>
						<String ID="P6_ST00192" HPOS="1616" VPOS="2160" WIDTH="101" HEIGHT="50" CONTENT="dass" WC="0.88" CC="0400"/>
					</TextLine>
					<TextLine ID="P6_TL00026" HPOS="176" VPOS="2237" WIDTH="1537" HEIGHT="68">
						<String ID="P6_ST00193" HPOS="176" VPOS="2237" WIDTH="78" HEIGHT="49" CONTENT="das" WC="0.94" CC="096"/>
						<SP ID="P6_SP00167" HPOS="254" VPOS="2286" WIDTH="30"/>
						<String ID="P6_ST00194" HPOS="284" VPOS="2239" WIDTH="437" HEIGHT="66" CONTENT="Heldengeschlecht" WC="0.99" CC="3669659470607660"/>
						<SP ID="P6_SP00168" HPOS="721" VPOS="2305" WIDTH="32"/>
						<String ID="P6_ST00195" HPOS="753" VPOS="2241" WIDTH="81" HEIGHT="49" CONTENT="der" WC="0.97" CC="044"/>
						<SP ID="P6_SP00169" HPOS="834" VPOS="2305" WIDTH="28"/>
						<String ID="P6_ST00196" HPOS="862" VPOS="2243" WIDTH="125" HEIGHT="48" CONTENT="Jules" WC="0.99" CC="25000"/>
						<SP ID="P6_SP00170" HPOS="987" VPOS="2305" WIDTH="29"/>
						<String ID="P6_ST00197" HPOS="1016" VPOS="2243" WIDTH="147" HEIGHT="57" CONTENT="Janin," WC="0.98" CC="033260"/>
						<SP ID="P6_SP00171" HPOS="1163" VPOS="2305" WIDTH="37"/>
						<String ID="P6_ST00198" HPOS="1200" VPOS="2243" WIDTH="259" HEIGHT="48" CONTENT="Fiorentino" WC="0.73" CC="1027050046"/>
						<SP ID="P6_SP00172" HPOS="1459" VPOS="2305" WIDTH="29"/>
						<String ID="P6_ST00199" HPOS="1488" VPOS="2260" WIDTH="45" HEIGHT="31" CONTENT="u." WC="0.75" CC="40"/>
						<SP ID="P6_SP00173" HPOS="1533" VPOS="2305" WIDTH="31"/>
						<String ID="P6_ST00200" HPOS="1564" VPOS="2243" WIDTH="58" HEIGHT="47" CONTENT="A." WC="0.78" CC="04"/>
						<SP ID="P6_SP00174" HPOS="1622" VPOS="2305" WIDTH="34"/>
						<String ID="P6_ST00201" HPOS="1656" VPOS="2259" WIDTH="57" HEIGHT="31" CONTENT="m." WC="0.51" CC="63"/>
					</TextLine>
					<TextLine ID="P6_TL00027" HPOS="178" VPOS="2319" WIDTH="1540" HEIGHT="71">
						<String ID="P6_ST00202" HPOS="178" VPOS="2319" WIDTH="90" HEIGHT="48" CONTENT="sich" WC="0.97" CC="0446"/>
						<SP ID="P6_SP00175" HPOS="268" VPOS="2367" WIDTH="31"/>
						<String ID="P6_ST00203" HPOS="299" VPOS="2320" WIDTH="122" HEIGHT="48" CONTENT="wohl" WC="0.97" CC="0375"/>
						<SP ID="P6_SP00176" HPOS="421" VPOS="2368" WIDTH="31"/>
						<String ID="P6_ST00204" HPOS="452" VPOS="2320" WIDTH="100" HEIGHT="51" CONTENT="bald" WC="0.95" CC="6555"/>
						<SP ID="P6_SP00177" HPOS="552" VPOS="2371" WIDTH="31"/>
						<String ID="P6_ST00205" HPOS="583" VPOS="2323" WIDTH="78" HEIGHT="48" CONTENT="auf" WC="0.92" CC="658"/>
						<SP ID="P6_SP00178" HPOS="661" VPOS="2371" WIDTH="25"/>
						<String ID="P6_ST00206" HPOS="686" VPOS="2323" WIDTH="247" HEIGHT="49" CONTENT="deutschen" WC="1.00" CC="000000307"/>
						<SP ID="P6_SP00179" HPOS="933" VPOS="2372" WIDTH="18"/>
						<String ID="P6_ST00207" HPOS="951" VPOS="2324" WIDTH="159" HEIGHT="49" CONTENT="Boden" WC="0.99" CC="11006"/>
						<SP ID="P6_SP00180" HPOS="1110" VPOS="2373" WIDTH="31"/>
						<String ID="P6_ST00208" HPOS="1141" VPOS="2324" WIDTH="152" HEIGHT="48" CONTENT="werde" WC="0.99" CC="00401"/>
						<SP ID="P6_SP00181" HPOS="1293" VPOS="2373" WIDTH="29"/>
						<String ID="P6_ST00209" HPOS="1322" VPOS="2324" WIDTH="283" HEIGHT="66" CONTENT="verpflanzen" WC="0.99" CC="60606037325"/>
						<SP ID="P6_SP00182" HPOS="1605" VPOS="2390" WIDTH="28"/>
						<String ID="P6_ST00210" HPOS="1633" VPOS="2323" WIDTH="64" HEIGHT="48" CONTENT="las" SUBS_TYPE="HypPart1" SUBS_CONTENT="lassen" WC="0.99" CC="202"/>
						<HYP HPOS="1697" VPOS="2323" WIDTH="21" CONTENT="-"/>
					</TextLine>
					<TextLine ID="P6_TL00028" HPOS="179" VPOS="2403" WIDTH="1540" HEIGHT="68">
						<String ID="P6_ST00211" HPOS="179" VPOS="2418" WIDTH="77" HEIGHT="33" CONTENT="sen" SUBS_TYPE="HypPart2" SUBS_CONTENT="lassen" WC="0.95" CC="805"/>
						<SP ID="P6_SP00183" HPOS="256" VPOS="2451" WIDTH="32"/>
						<String ID="P6_ST00212" HPOS="288" VPOS="2403" WIDTH="93" HEIGHT="49" CONTENT="und" WC="0.92" CC="669"/>
						<SP ID="P6_SP00184" HPOS="381" VPOS="2452" WIDTH="31"/>
						<String ID="P6_ST00213" HPOS="412" VPOS="2404" WIDTH="202" HEIGHT="66" CONTENT="würdige" WC="0.98" CC="9060601"/>
						<SP ID="P6_SP00185" HPOS="614" VPOS="2470" WIDTH="31"/>
						<String ID="P6_ST00214" HPOS="645" VPOS="2405" WIDTH="287" HEIGHT="66" CONTENT="Schösslinge" WC="0.55" CC="04800508498"/>
						<SP ID="P6_SP00186" HPOS="932" VPOS="2471" WIDTH="39"/>
						<String ID="P6_ST00215" HPOS="971" VPOS="2406" WIDTH="176" HEIGHT="49" CONTENT="treiben" WC="0.99" CC="6402001"/>
						<SP ID="P6_SP00187" HPOS="1147" VPOS="2471" WIDTH="29"/>
						<String ID="P6_ST00216" HPOS="1176" VPOS="2406" WIDTH="166" HEIGHT="50" CONTENT="werde." WC="1.00" CC="000030"/>
						<SP ID="P6_SP00188" HPOS="1342" VPOS="2471" WIDTH="61"/>
						<String ID="P6_ST00217" HPOS="1403" VPOS="2406" WIDTH="231" HEIGHT="49" CONTENT="Vielleicht" WC="0.99" CC="0400600133"/>
						<SP ID="P6_SP00189" HPOS="1634" VPOS="2471" WIDTH="28"/>
						<String ID="P6_ST00218" HPOS="1662" VPOS="2405" WIDTH="57" HEIGHT="50" CONTENT="ist" WC="0.98" CC="004"/>
					</TextLine>
					<TextLine ID="P6_TL00029" HPOS="176" VPOS="2485" WIDTH="1346" HEIGHT="70">
						<String ID="P6_ST00219" HPOS="176" VPOS="2502" WIDTH="82" HEIGHT="47" CONTENT="gar" WC="0.91" CC="967"/>
						<SP ID="P6_SP00190" HPOS="258" VPOS="2549" WIDTH="29"/>
						<String ID="P6_ST00220" HPOS="287" VPOS="2485" WIDTH="138" HEIGHT="50" CONTENT="schon" WC="0.96" CC="61757"/>
						<SP ID="P6_SP00191" HPOS="425" VPOS="2549" WIDTH="33"/>
						<String ID="P6_ST00221" HPOS="458" VPOS="2504" WIDTH="55" HEIGHT="31" CONTENT="zu" WC="0.49" CC="36"/>
						<SP ID="P6_SP00192" HPOS="513" VPOS="2549" WIDTH="29"/>
						<String ID="P6_ST00222" HPOS="542" VPOS="2486" WIDTH="185" HEIGHT="68" CONTENT="Leipzig" WC="0.97" CC="4059579"/>
						<SP ID="P6_SP00193" HPOS="727" VPOS="2554" WIDTH="30"/>
						<String ID="P6_ST00223" HPOS="757" VPOS="2488" WIDTH="76" HEIGHT="48" CONTENT="das" WC="0.93" CC="764"/>
						<SP ID="P6_SP00194" HPOS="833" VPOS="2554" WIDTH="33"/>
						<String ID="P6_ST00224" HPOS="866" VPOS="2489" WIDTH="204" HEIGHT="48" CONTENT="Seminar" WC="0.99" CC="5003053"/>
						<SP ID="P6_SP00195" HPOS="1070" VPOS="2554" WIDTH="31"/>
						<String ID="P6_ST00225" HPOS="1101" VPOS="2489" WIDTH="128" HEIGHT="48" CONTENT="dafür" WC="0.99" CC="00601"/>
						<SP ID="P6_SP00196" HPOS="1229" VPOS="2554" WIDTH="29"/>
						<String ID="P6_ST00226" HPOS="1258" VPOS="2490" WIDTH="264" HEIGHT="65" CONTENT="gegründet." WC="1.00" CC="0206060000"/>
					</TextLine>
					<TextLine ID="P6_TL00030" HPOS="299" VPOS="2566" WIDTH="1418" HEIGHT="70">
						<String ID="P6_ST00227" HPOS="299" VPOS="2566" WIDTH="221" HEIGHT="51" CONTENT="Welcher" WC="0.98" CC="8000725"/>
						<SP ID="P6_SP00197" HPOS="520" VPOS="2617" WIDTH="30"/>
						<String ID="P6_ST00228" HPOS="550" VPOS="2568" WIDTH="250" HEIGHT="49" CONTENT="Sterbliche" WC="0.99" CC="0500602060"/>
						<SP ID="P6_SP00198" HPOS="800" VPOS="2617" WIDTH="40"/>
						<String ID="P6_ST00229" HPOS="840" VPOS="2587" WIDTH="183" HEIGHT="49" CONTENT="vermag" WC="0.97" CC="006779"/>
						<SP ID="P6_SP00199" HPOS="1023" VPOS="2636" WIDTH="28"/>
						<String ID="P6_ST00230" HPOS="1051" VPOS="2588" WIDTH="64" HEIGHT="39" CONTENT="es," WC="0.96" CC="054"/>
						<SP ID="P6_SP00200" HPOS="1115" VPOS="2636" WIDTH="42"/>
						<String ID="P6_ST00231" HPOS="1157" VPOS="2570" WIDTH="99" HEIGHT="48" CONTENT="dem" WC="0.95" CC="705"/>
						<SP ID="P6_SP00201" HPOS="1256" VPOS="2636" WIDTH="33"/>
						<String ID="P6_ST00232" HPOS="1289" VPOS="2570" WIDTH="141" HEIGHT="48" CONTENT="Laufe" WC="0.98" CC="01606"/>
						<SP ID="P6_SP00202" HPOS="1430" VPOS="2636" WIDTH="29"/>
						<String ID="P6_ST00233" HPOS="1459" VPOS="2570" WIDTH="146" HEIGHT="50" CONTENT="dieser" WC="0.99" CC="000306"/>
						<SP ID="P6_SP00203" HPOS="1605" VPOS="2636" WIDTH="30"/>
						<String ID="P6_ST00234" HPOS="1635" VPOS="2587" WIDTH="55" HEIGHT="31" CONTENT="un" SUBS_TYPE="HypPart1" SUBS_CONTENT="unheilvollen" WC="0.98" CC="06"/>
						<HYP HPOS="1690" VPOS="2587" WIDTH="27" CONTENT="-"/>
					</TextLine>
					<TextLine ID="P6_TL00031" HPOS="174" VPOS="2648" WIDTH="1541" HEIGHT="71">
						<String ID="P6_ST00235" HPOS="174" VPOS="2648" WIDTH="232" HEIGHT="50" CONTENT="heilvollen" SUBS_TYPE="HypPart2" SUBS_CONTENT="unheilvollen" WC="0.98" CC="7574908700"/>
						<SP ID="P6_SP00204" HPOS="406" VPOS="2698" WIDTH="31"/>
						<String ID="P6_ST00236" HPOS="437" VPOS="2651" WIDTH="229" HEIGHT="49" CONTENT="Zustände" WC="0.98" CC="57068602"/>
						<SP ID="P6_SP00205" HPOS="666" VPOS="2700" WIDTH="41"/>
						<String ID="P6_ST00237" HPOS="707" VPOS="2651" WIDTH="66" HEIGHT="50" CONTENT="ins" WC="0.96" CC="044"/>
						<SP ID="P6_SP00206" HPOS="773" VPOS="2701" WIDTH="31"/>
						<String ID="P6_ST00238" HPOS="804" VPOS="2653" WIDTH="99" HEIGHT="49" CONTENT="Rad" WC="0.95" CC="750"/>
						<SP ID="P6_SP00207" HPOS="903" VPOS="2702" WIDTH="38"/>
						<String ID="P6_ST00239" HPOS="941" VPOS="2672" WIDTH="53" HEIGHT="29" CONTENT="zu" WC="0.38" CC="65"/>
						<SP ID="P6_SP00208" HPOS="994" VPOS="2702" WIDTH="43"/>
						<String ID="P6_ST00240" HPOS="1037" VPOS="2653" WIDTH="169" HEIGHT="65" CONTENT="greifen" WC="0.99" CC="9004302"/>
						<SP ID="P6_SP00209" HPOS="1206" VPOS="2718" WIDTH="46"/>
						<String ID="P6_ST00241" HPOS="1252" VPOS="2654" WIDTH="90" HEIGHT="48" CONTENT="und" WC="0.98" CC="040"/>
						<SP ID="P6_SP00210" HPOS="1342" VPOS="2718" WIDTH="28"/>
						<String ID="P6_ST00242" HPOS="1370" VPOS="2654" WIDTH="263" HEIGHT="65" CONTENT="Besserung" WC="0.99" CC="701000670"/>
						<SP ID="P6_SP00211" HPOS="1633" VPOS="2719" WIDTH="29"/>
						<String ID="P6_ST00243" HPOS="1662" VPOS="2671" WIDTH="53" HEIGHT="30" CONTENT="zu" WC="0.61" CC="34"/>
					</TextLine>
					<TextLine ID="P6_TL00032" HPOS="172" VPOS="2730" WIDTH="1541" HEIGHT="71">
						<String ID="P6_ST00244" HPOS="172" VPOS="2730" WIDTH="247" HEIGHT="60" CONTENT="bewirken," WC="0.99" CC="700060082"/>
						<SP ID="P6_SP00212" HPOS="419" VPOS="2790" WIDTH="46"/>
						<String ID="P6_ST00245" HPOS="465" VPOS="2751" WIDTH="86" HEIGHT="31" CONTENT="von" WC="0.95" CC="077"/>
						<SP ID="P6_SP00213" HPOS="551" VPOS="2790" WIDTH="41"/>
						<String ID="P6_ST00246" HPOS="592" VPOS="2734" WIDTH="78" HEIGHT="48" CONTENT="der" WC="0.92" CC="866"/>
						<SP ID="P6_SP00214" HPOS="670" VPOS="2790" WIDTH="29"/>
						<String ID="P6_ST00247" HPOS="699" VPOS="2735" WIDTH="275" HEIGHT="65" CONTENT="wenigstens" WC="1.00" CC="0022003232"/>
						<SP ID="P6_SP00215" HPOS="974" VPOS="2800" WIDTH="40"/>
						<String ID="P6_ST00248" HPOS="1014" VPOS="2735" WIDTH="69" HEIGHT="50" CONTENT="die" WC="1.00" CC="000"/>
						<SP ID="P6_SP00216" HPOS="1083" VPOS="2800" WIDTH="31"/>
						<String ID="P6_ST00249" HPOS="1114" VPOS="2735" WIDTH="199" HEIGHT="50" CONTENT="Zukunft" WC="0.98" CC="0364604"/>
						<SP ID="P6_SP00217" HPOS="1313" VPOS="2800" WIDTH="42"/>
						<String ID="P6_ST00250" HPOS="1355" VPOS="2735" WIDTH="138" HEIGHT="66" CONTENT="(nicht" WC="0.98" CC="570021"/>
						<SP ID="P6_SP00218" HPOS="1493" VPOS="2801" WIDTH="32"/>
						<String ID="P6_ST00251" HPOS="1525" VPOS="2735" WIDTH="69" HEIGHT="50" CONTENT="die" WC="1.00" CC="000"/>
						<SP ID="P6_SP00219" HPOS="1594" VPOS="2801" WIDTH="29"/>
						<String ID="P6_ST00252" HPOS="1623" VPOS="2737" WIDTH="60" HEIGHT="47" CONTENT="Zu" SUBS_TYPE="HypPart1" SUBS_CONTENT="Zukunfts-Musik)" WC="1.00" CC="00"/>
						<HYP HPOS="1683" VPOS="2737" WIDTH="30" CONTENT="-"/>
					</TextLine>
					<TextLine ID="P6_TL00033" HPOS="176" VPOS="2813" WIDTH="1541" HEIGHT="71">
						<String ID="P6_ST00253" HPOS="176" VPOS="2813" WIDTH="341" HEIGHT="68" CONTENT="kunfts-Musik)" SUBS_TYPE="HypPart2" SUBS_CONTENT="Zukunfts-Musik)" WC="0.99" CC="6478730791832"/>
						<SP ID="P6_SP00220" HPOS="517" VPOS="2881" WIDTH="19"/>
						<String ID="P6_ST00254" HPOS="536" VPOS="2817" WIDTH="232" HEIGHT="64" CONTENT="profitircn" WC="0.23" CC="9678377977"/>
						<SP ID="P6_SP00221" HPOS="768" VPOS="2881" WIDTH="18"/>
						<String ID="P6_ST00255" HPOS="786" VPOS="2817" WIDTH="115" HEIGHT="49" CONTENT="kann" WC="0.94" CC="7656"/>
						<SP ID="P6_SP00222" HPOS="901" VPOS="2881" WIDTH="18"/>
						<String ID="P6_ST00256" HPOS="919" VPOS="2819" WIDTH="22" HEIGHT="47" CONTENT="?" WC="0.84" CC="1"/>
						<SP ID="P6_SP00223" HPOS="941" VPOS="2881" WIDTH="30"/>
						<String ID="P6_ST00257" HPOS="971" VPOS="2818" WIDTH="84" HEIGHT="48" CONTENT="Die" WC="0.93" CC="864"/>
						<SP ID="P6_SP00224" HPOS="1055" VPOS="2881" WIDTH="18"/>
						<String ID="P6_ST00258" HPOS="1073" VPOS="2818" WIDTH="274" HEIGHT="66" CONTENT="Gegenwart" WC="0.99" CC="000570341"/>
						<SP ID="P6_SP00225" HPOS="1347" VPOS="2884" WIDTH="28"/>
						<String ID="P6_ST00259" HPOS="1375" VPOS="2818" WIDTH="57" HEIGHT="49" CONTENT="ist" WC="0.98" CC="050"/>
						<SP ID="P6_SP00226" HPOS="1432" VPOS="2884" WIDTH="24"/>
						<String ID="P6_ST00260" HPOS="1456" VPOS="2818" WIDTH="93" HEIGHT="49" CONTENT="und" WC="0.96" CC="460"/>
						<SP ID="P6_SP00227" HPOS="1549" VPOS="2884" WIDTH="27"/>
						<String ID="P6_ST00261" HPOS="1576" VPOS="2817" WIDTH="141" HEIGHT="49" CONTENT="bleibt" WC="0.98" CC="700064"/>
					</TextLine>
					<TextLine ID="P6_TL00034" HPOS="172" VPOS="2895" WIDTH="1542" HEIGHT="69">
						<String ID="P6_ST00262" HPOS="172" VPOS="2895" WIDTH="266" HEIGHT="60" CONTENT="verstimmt," WC="0.99" CC="7067250043"/>
						<SP ID="P6_SP00228" HPOS="438" VPOS="2955" WIDTH="41"/>
						<String ID="P6_ST00263" HPOS="479" VPOS="2897" WIDTH="100" HEIGHT="66" CONTENT="läge" WC="0.99" CC="5000"/>
						<SP ID="P6_SP00229" HPOS="579" VPOS="2963" WIDTH="33"/>
						<String ID="P6_ST00264" HPOS="612" VPOS="2916" WIDTH="47" HEIGHT="30" CONTENT="es" WC="0.94" CC="01"/>
						<SP ID="P6_SP00230" HPOS="659" VPOS="2963" WIDTH="33"/>
						<String ID="P6_ST00265" HPOS="692" VPOS="2899" WIDTH="264" HEIGHT="65" CONTENT="gleichwohl" WC="0.99" CC="0500070050"/>
						<SP ID="P6_SP00231" HPOS="956" VPOS="2964" WIDTH="31"/>
						<String ID="P6_ST00266" HPOS="987" VPOS="2900" WIDTH="41" HEIGHT="49" CONTENT="in" WC="0.65" CC="07"/>
						<SP ID="P6_SP00232" HPOS="1028" VPOS="2964" WIDTH="32"/>
						<String ID="P6_ST00267" HPOS="1060" VPOS="2900" WIDTH="80" HEIGHT="49" CONTENT="der" WC="1.00" CC="000"/>
						<SP ID="P6_SP00233" HPOS="1140" VPOS="2964" WIDTH="28"/>
						<String ID="P6_ST00268" HPOS="1168" VPOS="2900" WIDTH="245" HEIGHT="49" CONTENT="Menschen" WC="0.99" CC="50600606"/>
						<SP ID="P6_SP00234" HPOS="1413" VPOS="2964" WIDTH="28"/>
						<String ID="P6_ST00269" HPOS="1441" VPOS="2900" WIDTH="154" HEIGHT="49" CONTENT="Macht" WC="0.99" CC="10070"/>
						<SP ID="P6_SP00235" HPOS="1595" VPOS="2964" WIDTH="28"/>
						<String ID="P6_ST00270" HPOS="1623" VPOS="2899" WIDTH="91" HEIGHT="50" CONTENT="und" WC="0.98" CC="500"/>
					</TextLine>
					<TextLine ID="P6_TL00035" HPOS="171" VPOS="2977" WIDTH="1542" HEIGHT="66">
						<String ID="P6_ST00271" HPOS="171" VPOS="2977" WIDTH="306" HEIGHT="66" CONTENT="Möglichkeit," WC="0.99" CC="100660606070"/>
						<SP ID="P6_SP00236" HPOS="477" VPOS="3043" WIDTH="46"/>
						<String ID="P6_ST00272" HPOS="523" VPOS="2979" WIDTH="79" HEIGHT="50" CONTENT="das" WC="0.97" CC="060"/>
						<SP ID="P6_SP00237" HPOS="602" VPOS="3043" WIDTH="42"/>
						<String ID="P6_ST00273" HPOS="644" VPOS="2980" WIDTH="453" HEIGHT="51" CONTENT="Kunstrichter-Amt" WC="0.62" CC="5040090465070376"/>
						<SP ID="P6_SP00238" HPOS="1097" VPOS="3043" WIDTH="44"/>
						<String ID="P6_ST00274" HPOS="1141" VPOS="2982" WIDTH="167" HEIGHT="48" CONTENT="wieder" WC="1.00" CC="000003"/>
						<SP ID="P6_SP00239" HPOS="1308" VPOS="3043" WIDTH="40"/>
						<String ID="P6_ST00275" HPOS="1348" VPOS="2982" WIDTH="44" HEIGHT="48" CONTENT="in" WC="1.00" CC="00"/>
						<SP ID="P6_SP00240" HPOS="1392" VPOS="3043" WIDTH="45"/>
						<String ID="P6_ST00276" HPOS="1437" VPOS="2982" WIDTH="69" HEIGHT="48" CONTENT="die" WC="0.98" CC="005"/>
						<SP ID="P6_SP00241" HPOS="1506" VPOS="3043" WIDTH="43"/>
						<String ID="P6_ST00277" HPOS="1549" VPOS="2982" WIDTH="164" HEIGHT="48" CONTENT="Hände" WC="0.99" CC="50200"/>
					</TextLine>
					<TextLine ID="P6_TL00036" HPOS="175" VPOS="3059" WIDTH="1540" HEIGHT="70">
						<String ID="P6_ST00278" HPOS="175" VPOS="3059" WIDTH="119" HEIGHT="50" CONTENT="eines" WC="0.99" CC="01502"/>
						<SP ID="P6_SP00242" HPOS="294" VPOS="3109" WIDTH="32"/>
						<String ID="P6_ST00279" HPOS="326" VPOS="3060" WIDTH="201" HEIGHT="66" CONTENT="einzigen" WC="0.99" CC="06553006"/>
						<SP ID="P6_SP00243" HPOS="527" VPOS="3126" WIDTH="30"/>
						<String ID="P6_ST00280" HPOS="557" VPOS="3062" WIDTH="238" HEIGHT="49" CONTENT="Tribunals" WC="0.98" CC="500776720"/>
						<SP ID="P6_SP00244" HPOS="795" VPOS="3126" WIDTH="40"/>
						<String ID="P6_ST00281" HPOS="835" VPOS="3063" WIDTH="154" HEIGHT="50" CONTENT="nieder" WC="0.99" CC="600006"/>
						<SP ID="P6_SP00245" HPOS="989" VPOS="3126" WIDTH="31"/>
						<String ID="P6_ST00282" HPOS="1020" VPOS="3082" WIDTH="53" HEIGHT="31" CONTENT="zu" WC="0.52" CC="72"/>
						<SP ID="P6_SP00246" HPOS="1073" VPOS="3126" WIDTH="32"/>
						<String ID="P6_ST00283" HPOS="1105" VPOS="3064" WIDTH="144" HEIGHT="65" CONTENT="legen," WC="0.97" CC="609063"/>
						<SP ID="P6_SP00247" HPOS="1249" VPOS="3129" WIDTH="44"/>
						<String ID="P6_ST00284" HPOS="1293" VPOS="3064" WIDTH="85" HEIGHT="49" CONTENT="wie" WC="1.00" CC="000"/>
						<SP ID="P6_SP00248" HPOS="1378" VPOS="3129" WIDTH="31"/>
						<String ID="P6_ST00285" HPOS="1409" VPOS="3064" WIDTH="77" HEIGHT="49" CONTENT="das" WC="0.98" CC="050"/>
						<SP ID="P6_SP00249" HPOS="1486" VPOS="3129" WIDTH="31"/>
						<String ID="P6_ST00286" HPOS="1517" VPOS="3064" WIDTH="113" HEIGHT="49" CONTENT="einst" WC="0.98" CC="00074"/>
						<SP ID="P6_SP00250" HPOS="1630" VPOS="3129" WIDTH="30"/>
						<String ID="P6_ST00287" HPOS="1660" VPOS="3082" WIDTH="55" HEIGHT="31" CONTENT="zu" WC="0.68" CC="06"/>
					</TextLine>
					<TextLine ID="P6_TL00037" HPOS="175" VPOS="3142" WIDTH="1540" HEIGHT="71">
						<String ID="P6_ST00288" HPOS="175" VPOS="3142" WIDTH="183" HEIGHT="66" CONTENT="Leipzig" WC="1.00" CC="0000530"/>
						<SP ID="P6_SP00251" HPOS="358" VPOS="3208" WIDTH="43"/>
						<String ID="P6_ST00289" HPOS="401" VPOS="3161" WIDTH="226" HEIGHT="48" CONTENT="gewesen," WC="1.00" CC="00400002"/>
						<SP ID="P6_SP00252" HPOS="627" VPOS="3209" WIDTH="56"/>
						<String ID="P6_ST00290" HPOS="683" VPOS="3146" WIDTH="91" HEIGHT="49" CONTENT="und" WC="0.96" CC="270"/>
						<SP ID="P6_SP00253" HPOS="774" VPOS="3209" WIDTH="55"/>
						<String ID="P6_ST00291" HPOS="829" VPOS="3147" WIDTH="267" HEIGHT="66" CONTENT="verspräche" WC="0.99" CC="0093037040"/>
						<SP ID="P6_SP00254" HPOS="1096" VPOS="3213" WIDTH="56"/>
						<String ID="P6_ST00292" HPOS="1152" VPOS="3147" WIDTH="142" HEIGHT="48" CONTENT="dieses" WC="0.99" CC="006600"/>
						<SP ID="P6_SP00255" HPOS="1294" VPOS="3213" WIDTH="43"/>
						<String ID="P6_ST00293" HPOS="1337" VPOS="3163" WIDTH="118" HEIGHT="32" CONTENT="neue" WC="0.98" CC="6040"/>
						<SP ID="P6_SP00256" HPOS="1455" VPOS="3213" WIDTH="46"/>
						<String ID="P6_ST00294" HPOS="1501" VPOS="3146" WIDTH="214" HEIGHT="49" CONTENT="Tribunal" WC="0.98" CC="05042567"/>
					</TextLine>
					<TextLine ID="P6_TL00038" HPOS="175" VPOS="3224" WIDTH="1535" HEIGHT="71">
						<String ID="P6_ST00295" HPOS="175" VPOS="3224" WIDTH="264" HEIGHT="65" CONTENT="gleichwohl" WC="0.99" CC="0033053274"/>
						<SP ID="P6_SP00257" HPOS="439" VPOS="3289" WIDTH="56"/>
						<String ID="P6_ST00296" HPOS="495" VPOS="3226" WIDTH="316" HEIGHT="57" CONTENT="„absolute" WC="0.99" CC="767003500"/>
						<SP ID="P6_SP00258" HPOS="811" VPOS="3289" WIDTH="41"/>
						<String ID="P6_ST00297" HPOS="852" VPOS="3228" WIDTH="606" HEIGHT="67" CONTENT='Unparteilichkeit",' WC="1.00" CC="630450005155010660"/>
						<SP ID="P6_SP00259" HPOS="1458" VPOS="3295" WIDTH="45"/>
						<String ID="P6_ST00298" HPOS="1503" VPOS="3229" WIDTH="84" HEIGHT="49" CONTENT="wie" WC="0.99" CC="020"/>
						<SP ID="P6_SP00260" HPOS="1587" VPOS="3295" WIDTH="31"/>
						<String ID="P6_ST00299" HPOS="1618" VPOS="3228" WIDTH="92" HEIGHT="50" CONTENT="dies" WC="0.99" CC="0042"/>
					</TextLine>
					<TextLine ID="P6_TL00039" HPOS="174" VPOS="3308" WIDTH="1538" HEIGHT="69">
						<String ID="P6_ST00300" HPOS="174" VPOS="3323" WIDTH="54" HEIGHT="31" CONTENT="zu" WC="0.29" CC="67"/>
						<SP ID="P6_SP00261" HPOS="228" VPOS="3354" WIDTH="33"/>
						<String ID="P6_ST00301" HPOS="261" VPOS="3323" WIDTH="207" HEIGHT="32" CONTENT="unserem" WC="0.98" CC="4850713"/>
						<SP ID="P6_SP00262" HPOS="468" VPOS="3355" WIDTH="44"/>
						<String ID="P6_ST00302" HPOS="512" VPOS="3308" WIDTH="120" HEIGHT="50" CONTENT="nicht" WC="0.98" CC="60070"/>
						<SP ID="P6_SP00263" HPOS="632" VPOS="3358" WIDTH="41"/>
						<String ID="P6_ST00303" HPOS="673" VPOS="3311" WIDTH="216" HEIGHT="64" CONTENT="geringen" WC="0.99" CC="00065006"/>
						<SP ID="P6_SP00264" HPOS="889" VPOS="3375" WIDTH="28"/>
						<String ID="P6_ST00304" HPOS="917" VPOS="3311" WIDTH="255" HEIGHT="49" CONTENT="Erstaunen" WC="0.98" CC="440045556"/>
						<SP ID="P6_SP00265" HPOS="1172" VPOS="3375" WIDTH="46"/>
						<String ID="P6_ST00305" HPOS="1218" VPOS="3311" WIDTH="43" HEIGHT="48" CONTENT="in" WC="0.63" CC="07"/>
						<SP ID="P6_SP00266" HPOS="1261" VPOS="3375" WIDTH="43"/>
						<String ID="P6_ST00306" HPOS="1304" VPOS="3312" WIDTH="102" HEIGHT="48" CONTENT="dem" WC="0.97" CC="043"/>
						<SP ID="P6_SP00267" HPOS="1406" VPOS="3375" WIDTH="30"/>
						<String ID="P6_ST00307" HPOS="1436" VPOS="3312" WIDTH="276" HEIGHT="65" CONTENT="Prospectus" WC="0.62" CC="6516006441"/>
					</TextLine>
					<TextLine ID="P6_TL00040" HPOS="174" VPOS="3388" WIDTH="1540" HEIGHT="70">
						<String ID="P6_ST00308" HPOS="174" VPOS="3388" WIDTH="80" HEIGHT="50" CONTENT="der" WC="0.98" CC="006"/>
						<SP ID="P6_SP00268" HPOS="254" VPOS="3438" WIDTH="40"/>
						<String ID="P6_ST00309" HPOS="294" VPOS="3389" WIDTH="202" HEIGHT="56" CONTENT="„Blätter" WC="0.98" CC="47098014"/>
						<SP ID="P6_SP00269" HPOS="496" VPOS="3445" WIDTH="32"/>
						<String ID="P6_ST00310" HPOS="528" VPOS="3392" WIDTH="69" HEIGHT="47" CONTENT="lür" WC="0.73" CC="700"/>
						<SP ID="P6_SP00270" HPOS="597" VPOS="3445" WIDTH="25"/>
						<String ID="P6_ST00311" HPOS="622" VPOS="3393" WIDTH="179" HEIGHT="48" CONTENT='Musik"' WC="0.98" CC="745006"/>
						<SP ID="P6_SP00271" HPOS="801" VPOS="3445" WIDTH="42"/>
						<String ID="P6_ST00312" HPOS="843" VPOS="3393" WIDTH="244" HEIGHT="65" CONTENT="geschieht," WC="0.99" CC="9050114600"/>
						<SP ID="P6_SP00272" HPOS="1087" VPOS="3458" WIDTH="30"/>
						<String ID="P6_ST00313" HPOS="1117" VPOS="3394" WIDTH="137" HEIGHT="49" CONTENT="deren" WC="0.98" CC="00605"/>
						<SP ID="P6_SP00273" HPOS="1254" VPOS="3458" WIDTH="23"/>
						<String ID="P6_ST00314" HPOS="1277" VPOS="3393" WIDTH="275" HEIGHT="50" CONTENT="Erscheinen" WC="0.99" CC="0300763405"/>
						<SP ID="P6_SP00274" HPOS="1552" VPOS="3458" WIDTH="29"/>
						<String ID="P6_ST00315" HPOS="1581" VPOS="3401" WIDTH="133" HEIGHT="40" CONTENT="unter" WC="0.97" CC="54505"/>
					</TextLine>
					<TextLine ID="P6_TL00041" HPOS="172" VPOS="3469" WIDTH="1541" HEIGHT="56">
						<String ID="P6_ST00316" HPOS="172" VPOS="3469" WIDTH="248" HEIGHT="50" CONTENT="Redaction" WC="0.58" CC="700506367"/>
						<SP ID="P6_SP00275" HPOS="420" VPOS="3519" WIDTH="41"/>
						<String ID="P6_ST00317" HPOS="461" VPOS="3472" WIDTH="77" HEIGHT="48" CONTENT="des" WC="0.99" CC="030"/>
						<SP ID="P6_SP00276" HPOS="538" VPOS="3520" WIDTH="33"/>
						<String ID="P6_ST00318" HPOS="571" VPOS="3474" WIDTH="149" HEIGHT="47" CONTENT="Herrn" WC="0.96" CC="60956"/>
						<SP ID="P6_SP00277" HPOS="720" VPOS="3521" WIDTH="30"/>
						<String ID="P6_ST00319" HPOS="750" VPOS="3476" WIDTH="51" HEIGHT="47" CONTENT="L." WC="1.00" CC="00"/>
						<SP ID="P6_SP00278" HPOS="801" VPOS="3523" WIDTH="33"/>
						<String ID="P6_ST00320" HPOS="834" VPOS="3477" WIDTH="53" HEIGHT="46" CONTENT="A." WC="0.78" CC="40"/>
						<SP ID="P6_SP00279" HPOS="887" VPOS="3523" WIDTH="33"/>
						<String ID="P6_ST00321" HPOS="920" VPOS="3474" WIDTH="239" HEIGHT="50" CONTENT="Zellner" WC="0.98" CC="6205654"/>
						<SP ID="P6_SP00280" HPOS="1159" VPOS="3524" WIDTH="38"/>
						<String ID="P6_ST00322" HPOS="1197" VPOS="3476" WIDTH="44" HEIGHT="47" CONTENT="in" WC="0.66" CC="06"/>
						<SP ID="P6_SP00281" HPOS="1241" VPOS="3524" WIDTH="30"/>
						<String ID="P6_ST00323" HPOS="1271" VPOS="3474" WIDTH="141" HEIGHT="51" CONTENT="Wien" WC="0.97" CC="0066"/>
						<SP ID="P6_SP00282" HPOS="1412" VPOS="3525" WIDTH="39"/>
						<String ID="P6_ST00324" HPOS="1451" VPOS="3474" WIDTH="262" HEIGHT="50" CONTENT="bevorsteht" WC="0.99" CC="3307466046"/>
					</TextLine>
					<TextLine ID="P6_TL00042" HPOS="256" VPOS="3552" WIDTH="1454" HEIGHT="72">
						<String ID="P6_ST00325" HPOS="256" VPOS="3552" WIDTH="43" HEIGHT="48" CONTENT="in" WC="0.64" CC="07"/>
						<SP ID="P6_SP00283" HPOS="299" VPOS="3600" WIDTH="25"/>
						<String ID="P6_ST00326" HPOS="324" VPOS="3552" WIDTH="151" HEIGHT="65" CONTENT="jenem" WC="0.97" CC="44707"/>
						<SP ID="P6_SP00284" HPOS="475" VPOS="3617" WIDTH="14"/>
						<String ID="P6_ST00327" HPOS="489" VPOS="3554" WIDTH="137" HEIGHT="50" CONTENT="Wien" WC="0.97" CC="0066"/>
						<SP ID="P6_SP00285" HPOS="626" VPOS="3617" WIDTH="23"/>
						<String ID="P6_ST00328" HPOS="649" VPOS="3557" WIDTH="205" HEIGHT="57" CONTENT="nämlich," WC="0.98" CC="87907070"/>
						<SP ID="P6_SP00286" HPOS="854" VPOS="3617" WIDTH="19"/>
						<String ID="P6_ST00329" HPOS="873" VPOS="3575" WIDTH="74" HEIGHT="30" CONTENT="wo" WC="0.71" CC="05"/>
						<SP ID="P6_SP00287" HPOS="947" VPOS="3617" WIDTH="26"/>
						<String ID="P6_ST00330" HPOS="973" VPOS="3557" WIDTH="148" HEIGHT="50" CONTENT="bisher" WC="0.97" CC="635635"/>
						<SP ID="P6_SP00288" HPOS="1121" VPOS="3617" WIDTH="18"/>
						<String ID="P6_ST00331" HPOS="1139" VPOS="3558" WIDTH="68" HEIGHT="49" CONTENT="die" WC="0.98" CC="050"/>
						<SP ID="P6_SP00289" HPOS="1207" VPOS="3617" WIDTH="27"/>
						<String ID="P6_ST00332" HPOS="1234" VPOS="3557" WIDTH="210" HEIGHT="67" CONTENT="simple" WC="0.99" CC="007060"/>
						<SP ID="P6_SP00290" HPOS="1444" VPOS="3624" WIDTH="28"/>
						<String ID="P6_ST00333" HPOS="1472" VPOS="3557" WIDTH="212" HEIGHT="67" CONTENT="Unpartei" SUBS_TYPE="HypPart1" SUBS_CONTENT="Unparteilichkeit" WC="0.99" CC="52013730"/>
						<HYP HPOS="1684" VPOS="3557" WIDTH="26" CONTENT="-"/>
					</TextLine>
					<TextLine ID="P6_TL00043" HPOS="174" VPOS="3634" WIDTH="1540" HEIGHT="72">
						<String ID="P6_ST00334" HPOS="174" VPOS="3634" WIDTH="178" HEIGHT="49" CONTENT="lichkeit" SUBS_TYPE="HypPart2" SUBS_CONTENT="Unparteilichkeit" WC="0.99" CC="14060011"/>
						<SP ID="P6_SP00291" HPOS="352" VPOS="3683" WIDTH="31"/>
						<String ID="P6_ST00335" HPOS="383" VPOS="3652" WIDTH="54" HEIGHT="32" CONTENT="zu" WC="0.38" CC="65"/>
						<SP ID="P6_SP00292" HPOS="437" VPOS="3684" WIDTH="30"/>
						<String ID="P6_ST00336" HPOS="467" VPOS="3636" WIDTH="86" HEIGHT="48" CONTENT="den" WC="0.98" CC="005"/>
						<SP ID="P6_SP00293" HPOS="553" VPOS="3684" WIDTH="30"/>
						<String ID="P6_ST00337" HPOS="583" VPOS="3637" WIDTH="321" HEIGHT="51" CONTENT="absoluten" WC="0.98" CC="645143516"/>
						<SP ID="P6_SP00294" HPOS="904" VPOS="3688" WIDTH="33"/>
						<String ID="P6_ST00338" HPOS="937" VPOS="3638" WIDTH="558" HEIGHT="68" CONTENT="Unmöglichkeiten" WC="0.99" CC="767006002000903"/>
						<SP ID="P6_SP00295" HPOS="1495" VPOS="3706" WIDTH="31"/>
						<String ID="P6_ST00339" HPOS="1526" VPOS="3638" WIDTH="188" HEIGHT="68" CONTENT="gehörte" WC="0.98" CC="8070203"/>
					</TextLine>
					<TextLine ID="P6_TL00044" HPOS="174" VPOS="3717" WIDTH="1539" HEIGHT="71">
						<String ID="P6_ST00340" HPOS="174" VPOS="3717" WIDTH="92" HEIGHT="50" CONTENT="und" WC="0.95" CC="760"/>
						<SP ID="P6_SP00296" HPOS="266" VPOS="3767" WIDTH="40"/>
						<String ID="P6_ST00341" HPOS="306" VPOS="3717" WIDTH="359" HEIGHT="67" CONTENT="Musik-Organe" WC="0.99" CC="142500700560"/>
						<SP ID="P6_SP00297" HPOS="665" VPOS="3784" WIDTH="45"/>
						<String ID="P6_ST00342" HPOS="710" VPOS="3721" WIDTH="128" HEIGHT="49" CONTENT="meist" WC="1.00" CC="00000"/>
						<SP ID="P6_SP00298" HPOS="838" VPOS="3784" WIDTH="44"/>
						<String ID="P6_ST00343" HPOS="882" VPOS="3722" WIDTH="79" HEIGHT="48" CONTENT="auf" WC="0.97" CC="250"/>
						<SP ID="P6_SP00299" HPOS="961" VPOS="3784" WIDTH="37"/>
						<String ID="P6_ST00344" HPOS="998" VPOS="3722" WIDTH="121" HEIGHT="50" CONTENT="Sand" WC="0.95" CC="7656"/>
						<SP ID="P6_SP00300" HPOS="1119" VPOS="3784" WIDTH="40"/>
						<String ID="P6_ST00345" HPOS="1159" VPOS="3721" WIDTH="168" HEIGHT="67" CONTENT="gebaut" WC="0.98" CC="007424"/>
						<SP ID="P6_SP00301" HPOS="1327" VPOS="3788" WIDTH="41"/>
						<String ID="P6_ST00346" HPOS="1368" VPOS="3722" WIDTH="170" HEIGHT="50" CONTENT="hatten." WC="0.98" CC="6405034"/>
						<SP ID="P6_SP00302" HPOS="1538" VPOS="3788" WIDTH="43"/>
						<String ID="P6_ST00347" HPOS="1581" VPOS="3722" WIDTH="132" HEIGHT="57" CONTENT="Jenu," WC="0.68" CC="00463"/>
					</TextLine>
				</TextBlock>
				<TextBlock ID="P6_TB00003" HPOS="175" VPOS="3797" WIDTH="760" HEIGHT="73" STYLEREFS="TXT_1 PAR_LEFT">
					<TextLine ID="P6_TL00045" HPOS="176" VPOS="3800" WIDTH="756" HEIGHT="70">
						<String ID="P6_ST00348" HPOS="176" VPOS="3800" WIDTH="141" HEIGHT="49" CONTENT="Gluck" WC="0.98" CC="60500"/>
						<SP ID="P6_SP00303" HPOS="317" VPOS="3849" WIDTH="31"/>
						<String ID="P6_ST00349" HPOS="348" VPOS="3801" WIDTH="89" HEIGHT="58" CONTENT="auf," WC="0.94" CC="7865"/>
						<SP ID="P6_SP00304" HPOS="437" VPOS="3859" WIDTH="30"/>
						<String ID="P6_ST00350" HPOS="467" VPOS="3801" WIDTH="227" HEIGHT="66" CONTENT="muthiger" WC="0.63" CC="64741004"/>
						<SP ID="P6_SP00305" HPOS="694" VPOS="3867" WIDTH="30"/>
						<String ID="P6_ST00351" HPOS="724" VPOS="3803" WIDTH="208" HEIGHT="67" CONTENT="Mann*)!" WC="0.98" CC="3226080"/>
					</TextLine>
				</TextBlock>
				<TextBlock ID="P6_TB00004" HPOS="1199" VPOS="3801" WIDTH="433" HEIGHT="56" STYLEREFS="TXT_1 PAR_LEFT">
					<TextLine ID="P6_TL00046" HPOS="1201" VPOS="3804" WIDTH="427" HEIGHT="51">
						<String ID="P6_ST00352" HPOS="1201" VPOS="3804" WIDTH="56" HEIGHT="48" CONTENT="A." WC="0.97" CC="00"/>
						<SP ID="P6_SP00306" HPOS="1257" VPOS="3852" WIDTH="47"/>
						<String ID="P6_ST00353" HPOS="1304" VPOS="3804" WIDTH="324" HEIGHT="51" CONTENT="Schindler." WC="0.99" CC="1050664060"/>
					</TextLine>
				</TextBlock>
				<TextBlock ID="P6_TB00005" HPOS="246" VPOS="4009" WIDTH="1467" HEIGHT="116" STYLEREFS="TXT_2 PAR_LEFT">
					<TextLine ID="P6_TL00047" HPOS="250" VPOS="4010" WIDTH="1463" HEIGHT="53">
						<String ID="P6_ST00354" HPOS="250" VPOS="4011" WIDTH="33" HEIGHT="47" CONTENT="*)" WC="0.83" CC="03"/>
						<SP ID="P6_SP00307" HPOS="283" VPOS="4058" WIDTH="23"/>
						<String ID="P6_ST00355" HPOS="306" VPOS="4010" WIDTH="73" HEIGHT="38" CONTENT="Die" WC="0.95" CC="760"/>
						<SP ID="P6_SP00308" HPOS="379" VPOS="4058" WIDTH="28"/>
						<String ID="P6_ST00356" HPOS="407" VPOS="4010" WIDTH="259" HEIGHT="53" CONTENT="Schilderung" WC="0.99" CC="30306503124"/>
						<SP ID="P6_SP00309" HPOS="666" VPOS="4063" WIDTH="29"/>
						<String ID="P6_ST00357" HPOS="695" VPOS="4011" WIDTH="102" HEIGHT="41" CONTENT="noch" WC="0.97" CC="5414"/>
						<SP ID="P6_SP00310" HPOS="797" VPOS="4063" WIDTH="29"/>
						<String ID="P6_ST00358" HPOS="826" VPOS="4012" WIDTH="177" HEIGHT="46" CONTENT="anderer," WC="0.99" CC="26402120"/>
						<SP ID="P6_SP00311" HPOS="1003" VPOS="4063" WIDTH="38"/>
						<String ID="P6_ST00359" HPOS="1041" VPOS="4012" WIDTH="82" HEIGHT="40" CONTENT="sich" WC="1.00" CC="0000"/>
						<SP ID="P6_SP00312" HPOS="1123" VPOS="4063" WIDTH="30"/>
						<String ID="P6_ST00360" HPOS="1153" VPOS="4012" WIDTH="304" HEIGHT="51" CONTENT="aufdringender" WC="1.00" CC="4050004004000"/>
						<SP ID="P6_SP00313" HPOS="1457" VPOS="4063" WIDTH="27"/>
						<String ID="P6_ST00361" HPOS="1484" VPOS="4014" WIDTH="229" HEIGHT="47" CONTENT="Parallelen," WC="0.99" CC="41444601060"/>
					</TextLine>
					<TextLine ID="P6_TL00048" HPOS="306" VPOS="4071" WIDTH="1407" HEIGHT="54">
						<String ID="P6_ST00362" HPOS="306" VPOS="4083" WIDTH="31" HEIGHT="27" CONTENT="z." WC="0.69" CC="60"/>
						<SP ID="P6_SP00314" HPOS="337" VPOS="4110" WIDTH="29"/>
						<String ID="P6_ST00363" HPOS="366" VPOS="4071" WIDTH="65" HEIGHT="39" CONTENT="B.:" WC="0.79" CC="401"/>
						<SP ID="P6_SP00315" HPOS="431" VPOS="4110" WIDTH="37"/>
						<String ID="P6_ST00364" HPOS="468" VPOS="4072" WIDTH="47" HEIGHT="41" CONTENT="Je" WC="1.00" CC="00"/>
						<SP ID="P6_SP00316" HPOS="515" VPOS="4113" WIDTH="39"/>
						<String ID="P6_ST00365" HPOS="554" VPOS="4073" WIDTH="113" HEIGHT="40" CONTENT="mehr" WC="0.98" CC="3006"/>
						<SP ID="P6_SP00317" HPOS="667" VPOS="4113" WIDTH="36"/>
						<String ID="P6_ST00366" HPOS="703" VPOS="4073" WIDTH="213" HEIGHT="52" CONTENT="gedruckte" WC="0.99" CC="900600200"/>
						<SP ID="P6_SP00318" HPOS="916" VPOS="4125" WIDTH="31"/>
						<String ID="P6_ST00367" HPOS="947" VPOS="4072" WIDTH="420" HEIGHT="52" CONTENT="Gesangs-Methoden," WC="1.00" CC="60032900300110600"/>
						<SP ID="P6_SP00319" HPOS="1367" VPOS="4125" WIDTH="37"/>
						<String ID="P6_ST00368" HPOS="1404" VPOS="4073" WIDTH="108" HEIGHT="41" CONTENT="desto" WC="0.99" CC="80002"/>
						<SP ID="P6_SP00320" HPOS="1512" VPOS="4125" WIDTH="28"/>
						<String ID="P6_ST00369" HPOS="1540" VPOS="4073" WIDTH="173" HEIGHT="52" CONTENT="weniger" WC="0.98" CC="2063903"/>
					</TextLine>
				</TextBlock>
				<TextBlock ID="P6_TB00006" HPOS="2243" VPOS="260" WIDTH="694" HEIGHT="63" STYLEREFS="TXT_3 PAR_RIGHT">
					<TextLine ID="P6_TL00049" HPOS="2243" VPOS="261" WIDTH="694" HEIGHT="62">
						<String ID="P6_ST00370" HPOS="2243" VPOS="261" WIDTH="98" HEIGHT="58" CONTENT="Aus" WC="0.93" CC="872"/>
						<SP ID="P6_SP00321" HPOS="2341" VPOS="319" WIDTH="38"/>
						<String ID="P6_ST00371" HPOS="2379" VPOS="261" WIDTH="263" HEIGHT="58" CONTENT="Frankfurt" WC="0.98" CC="527662763"/>
						<SP ID="P6_SP00322" HPOS="2642" VPOS="319" WIDTH="36"/>
						<String ID="P6_ST00372" HPOS="2678" VPOS="281" WIDTH="79" HEIGHT="41" CONTENT="am" WC="0.23" CC="68"/>
						<SP ID="P6_SP00323" HPOS="2757" VPOS="322" WIDTH="36"/>
						<String ID="P6_ST00373" HPOS="2793" VPOS="263" WIDTH="144" HEIGHT="60" CONTENT="Main." WC="1.00" CC="03000"/>
					</TextLine>
				</TextBlock>
				<TextBlock ID="P6_TB00007" HPOS="1805" VPOS="370" WIDTH="1550" HEIGHT="3446" STYLEREFS="TXT_1 PAR_BLOCK">
					<TextLine ID="P6_TL00050" HPOS="1939" VPOS="370" WIDTH="1412" HEIGHT="73">
						<String ID="P6_ST00374" HPOS="1939" VPOS="371" WIDTH="67" HEIGHT="48" CONTENT="Zu" WC="0.65" CC="06"/>
						<SP ID="P6_SP00324" HPOS="2006" VPOS="419" WIDTH="32"/>
						<String ID="P6_ST00375" HPOS="2038" VPOS="370" WIDTH="86" HEIGHT="50" CONTENT="den" WC="0.98" CC="005"/>
						<SP ID="P6_SP00325" HPOS="2124" VPOS="420" WIDTH="30"/>
						<String ID="P6_ST00376" HPOS="2154" VPOS="371" WIDTH="359" HEIGHT="50" CONTENT="bedeutendsten" WC="1.00" CC="1000360200047"/>
						<SP ID="P6_SP00326" HPOS="2513" VPOS="421" WIDTH="31"/>
						<String ID="P6_ST00377" HPOS="2544" VPOS="373" WIDTH="374" HEIGHT="67" CONTENT="Erscheinungen" WC="0.99" CC="0120403555007"/>
						<SP ID="P6_SP00327" HPOS="2918" VPOS="440" WIDTH="28"/>
						<String ID="P6_ST00378" HPOS="2946" VPOS="373" WIDTH="43" HEIGHT="51" CONTENT="in" WC="0.38" CC="75"/>
						<SP ID="P6_SP00328" HPOS="2989" VPOS="440" WIDTH="33"/>
						<String ID="P6_ST00379" HPOS="3022" VPOS="376" WIDTH="80" HEIGHT="48" CONTENT="der" WC="0.99" CC="001"/>
						<SP ID="P6_SP00329" HPOS="3102" VPOS="440" WIDTH="35"/>
						<String ID="P6_ST00380" HPOS="3137" VPOS="376" WIDTH="127" HEIGHT="67" CONTENT="Oper" WC="0.98" CC="4004"/>
						<SP ID="P6_SP00330" HPOS="3264" VPOS="443" WIDTH="29"/>
						<String ID="P6_ST00381" HPOS="3293" VPOS="378" WIDTH="58" HEIGHT="50" CONTENT="im" WC="0.64" CC="15"/>
					</TextLine>
					<TextLine ID="P6_TL00051" HPOS="1817" VPOS="453" WIDTH="1534" HEIGHT="69">
						<String ID="P6_ST00382" HPOS="1817" VPOS="453" WIDTH="142" HEIGHT="48" CONTENT="Laufe" WC="0.98" CC="07401"/>
						<SP ID="P6_SP00331" HPOS="1959" VPOS="501" WIDTH="32"/>
						<String ID="P6_ST00383" HPOS="1991" VPOS="453" WIDTH="142" HEIGHT="50" CONTENT="dieses" WC="1.00" CC="030000"/>
						<SP ID="P6_SP00332" HPOS="2133" VPOS="503" WIDTH="31"/>
						<String ID="P6_ST00384" HPOS="2164" VPOS="454" WIDTH="211" HEIGHT="51" CONTENT="Winters" WC="0.99" CC="0045405"/>
						<SP ID="P6_SP00333" HPOS="2375" VPOS="505" WIDTH="44"/>
						<String ID="P6_ST00385" HPOS="2419" VPOS="456" WIDTH="161" HEIGHT="66" CONTENT="gehört" WC="0.98" CC="946050"/>
						<SP ID="P6_SP00334" HPOS="2580" VPOS="522" WIDTH="45"/>
						<String ID="P6_ST00386" HPOS="2625" VPOS="456" WIDTH="371" HEIGHT="50" CONTENT="Cherubini's" WC="0.68" CC="75062307010"/>
						<SP ID="P6_SP00335" HPOS="2996" VPOS="522" WIDTH="29"/>
						<String ID="P6_ST00387" HPOS="3025" VPOS="459" WIDTH="212" HEIGHT="58" CONTENT="Medea," WC="0.84" CC="220030"/>
						<SP ID="P6_SP00336" HPOS="3237" VPOS="522" WIDTH="44"/>
						<String ID="P6_ST00388" HPOS="3281" VPOS="461" WIDTH="70" HEIGHT="49" CONTENT="die" WC="0.99" CC="003"/>
					</TextLine>
					<TextLine ID="P6_TL00052" HPOS="1815" VPOS="534" WIDTH="1538" HEIGHT="72">
						<String ID="P6_ST00389" HPOS="1815" VPOS="534" WIDTH="114" HEIGHT="50" CONTENT="nach" WC="0.98" CC="0404"/>
						<SP ID="P6_SP00337" HPOS="1929" VPOS="584" WIDTH="29"/>
						<String ID="P6_ST00390" HPOS="1958" VPOS="536" WIDTH="300" HEIGHT="67" CONTENT="langjähriger" WC="0.99" CC="254010473005"/>
						<SP ID="P6_SP00338" HPOS="2258" VPOS="603" WIDTH="26"/>
						<String ID="P6_ST00391" HPOS="2284" VPOS="537" WIDTH="286" HEIGHT="67" CONTENT="Entfernung" WC="0.99" CC="0609706060"/>
						<SP ID="P6_SP00339" HPOS="2570" VPOS="604" WIDTH="27"/>
						<String ID="P6_ST00392" HPOS="2597" VPOS="538" WIDTH="335" HEIGHT="68" CONTENT="Capellmeister" WC="0.47" CC="8600728187349"/>
						<SP ID="P6_SP00340" HPOS="2932" VPOS="606" WIDTH="41"/>
						<String ID="P6_ST00393" HPOS="2973" VPOS="542" WIDTH="264" HEIGHT="50" CONTENT="Schmidt" WC="0.99" CC="0061003"/>
						<SP ID="P6_SP00341" HPOS="3237" VPOS="606" WIDTH="43"/>
						<String ID="P6_ST00394" HPOS="3280" VPOS="561" WIDTH="73" HEIGHT="32" CONTENT="am" WC="0.26" CC="77"/>
					</TextLine>
					<TextLine ID="P6_TL00053" HPOS="1825" VPOS="617" WIDTH="1528" HEIGHT="70">
						<String ID="P6_ST00395" HPOS="1825" VPOS="617" WIDTH="44" HEIGHT="51" CONTENT="1." WC="0.44" CC="74"/>
						<SP ID="P6_SP00342" HPOS="1869" VPOS="668" WIDTH="31"/>
						<String ID="P6_ST00396" HPOS="1900" VPOS="619" WIDTH="124" HEIGHT="49" CONTENT="März" WC="0.95" CC="7636"/>
						<SP ID="P6_SP00343" HPOS="2024" VPOS="668" WIDTH="33"/>
						<String ID="P6_ST00397" HPOS="2057" VPOS="637" WIDTH="56" HEIGHT="31" CONTENT="zu" WC="0.47" CC="54"/>
						<SP ID="P6_SP00344" HPOS="2113" VPOS="668" WIDTH="29"/>
						<String ID="P6_ST00398" HPOS="2142" VPOS="619" WIDTH="167" HEIGHT="50" CONTENT="seinem" WC="0.99" CC="000306"/>
						<SP ID="P6_SP00345" HPOS="2309" VPOS="669" WIDTH="30"/>
						<String ID="P6_ST00399" HPOS="2339" VPOS="621" WIDTH="210" HEIGHT="49" CONTENT="Benefice" WC="0.64" CC="80606600"/>
						<SP ID="P6_SP00346" HPOS="2549" VPOS="670" WIDTH="44"/>
						<String ID="P6_ST00400" HPOS="2593" VPOS="621" WIDTH="205" HEIGHT="66" CONTENT="gegeben" WC="0.99" CC="0200634"/>
						<SP ID="P6_SP00347" HPOS="2798" VPOS="687" WIDTH="44"/>
						<String ID="P6_ST00401" HPOS="2842" VPOS="621" WIDTH="90" HEIGHT="59" CONTENT="hat," WC="0.96" CC="7624"/>
						<SP ID="P6_SP00348" HPOS="2932" VPOS="687" WIDTH="45"/>
						<String ID="P6_ST00402" HPOS="2977" VPOS="623" WIDTH="90" HEIGHT="49" CONTENT="und" WC="0.97" CC="170"/>
						<SP ID="P6_SP00349" HPOS="3067" VPOS="687" WIDTH="43"/>
						<String ID="P6_ST00403" HPOS="3110" VPOS="642" WIDTH="122" HEIGHT="32" CONTENT="zwar" WC="0.97" CC="5062"/>
						<SP ID="P6_SP00350" HPOS="3232" VPOS="687" WIDTH="39"/>
						<String ID="P6_ST00404" HPOS="3271" VPOS="626" WIDTH="82" HEIGHT="49" CONTENT="mit" WC="0.97" CC="601"/>
					</TextLine>
					<TextLine ID="P6_TL00054" HPOS="1817" VPOS="700" WIDTH="1534" HEIGHT="69">
						<String ID="P6_ST00405" HPOS="1817" VPOS="700" WIDTH="86" HEIGHT="49" CONTENT="den" WC="0.98" CC="005"/>
						<SP ID="P6_SP00351" HPOS="1903" VPOS="749" WIDTH="30"/>
						<String ID="P6_ST00406" HPOS="1933" VPOS="717" WIDTH="86" HEIGHT="32" CONTENT="von" WC="0.96" CC="045"/>
						<SP ID="P6_SP00352" HPOS="2019" VPOS="749" WIDTH="41"/>
						<String ID="P6_ST00407" HPOS="2060" VPOS="701" WIDTH="185" HEIGHT="49" CONTENT="Franz" WC="0.98" CC="32404"/>
						<SP ID="P6_SP00353" HPOS="2245" VPOS="750" WIDTH="42"/>
						<String ID="P6_ST00408" HPOS="2287" VPOS="702" WIDTH="270" HEIGHT="50" CONTENT="Lachner" WC="0.98" CC="0517502"/>
						<SP ID="P6_SP00354" HPOS="2557" VPOS="752" WIDTH="40"/>
						<String ID="P6_ST00409" HPOS="2597" VPOS="703" WIDTH="132" HEIGHT="50" CONTENT="hinzu" WC="0.98" CC="50600"/>
						<SP ID="P6_SP00355" HPOS="2729" VPOS="753" WIDTH="29"/>
						<String ID="P6_ST00410" HPOS="2758" VPOS="703" WIDTH="351" HEIGHT="66" CONTENT="geschriebenen" WC="0.99" CC="0360790070765"/>
						<SP ID="P6_SP00356" HPOS="3109" VPOS="769" WIDTH="29"/>
						<String ID="P6_ST00411" HPOS="3138" VPOS="706" WIDTH="190" HEIGHT="51" CONTENT="Recitati" SUBS_TYPE="HypPart1" SUBS_CONTENT="Recitativen." WC="0.64" CC="86026003"/>
						<HYP HPOS="3328" VPOS="706" WIDTH="23" CONTENT="-"/>
					</TextLine>
					<TextLine ID="P6_TL00055" HPOS="1817" VPOS="783" WIDTH="1537" HEIGHT="73">
						<String ID="P6_ST00412" HPOS="1817" VPOS="800" WIDTH="97" HEIGHT="33" CONTENT="ven." SUBS_TYPE="HypPart2" SUBS_CONTENT="Recitativen." WC="0.41" CC="9364"/>
						<SP ID="P6_SP00357" HPOS="1914" VPOS="833" WIDTH="44"/>
						<String ID="P6_ST00413" HPOS="1958" VPOS="785" WIDTH="119" HEIGHT="48" CONTENT="Frau" WC="0.96" CC="6064"/>
						<SP ID="P6_SP00358" HPOS="2077" VPOS="833" WIDTH="45"/>
						<String ID="P6_ST00414" HPOS="2122" VPOS="783" WIDTH="99" HEIGHT="50" CONTENT="Lei" WC="1.00" CC="000"/>
						<SP ID="P6_SP00359" HPOS="2221" VPOS="833" WIDTH="16"/>
						<String ID="P6_ST00415" HPOS="2237" VPOS="783" WIDTH="127" HEIGHT="68" CONTENT="sing" WC="0.99" CC="0060"/>
						<SP ID="P6_SP00360" HPOS="2364" VPOS="851" WIDTH="14"/>
						<String ID="P6_ST00416" HPOS="2378" VPOS="801" WIDTH="74" HEIGHT="42" CONTENT="er," WC="0.97" CC="060"/>
						<SP ID="P6_SP00361" HPOS="2452" VPOS="851" WIDTH="43"/>
						<String ID="P6_ST00417" HPOS="2495" VPOS="786" WIDTH="70" HEIGHT="48" CONTENT="die" WC="0.98" CC="032"/>
						<SP ID="P6_SP00362" HPOS="2565" VPOS="851" WIDTH="45"/>
						<String ID="P6_ST00418" HPOS="2610" VPOS="787" WIDTH="232" HEIGHT="48" CONTENT="Gemahlin" WC="0.98" CC="02677374"/>
						<SP ID="P6_SP00363" HPOS="2842" VPOS="851" WIDTH="44"/>
						<String ID="P6_ST00419" HPOS="2886" VPOS="788" WIDTH="119" HEIGHT="49" CONTENT="eines" WC="0.99" CC="00401"/>
						<SP ID="P6_SP00364" HPOS="3005" VPOS="851" WIDTH="43"/>
						<String ID="P6_ST00420" HPOS="3048" VPOS="788" WIDTH="43" HEIGHT="49" CONTENT="in" WC="0.48" CC="37"/>
						<SP ID="P6_SP00365" HPOS="3091" VPOS="851" WIDTH="32"/>
						<String ID="P6_ST00421" HPOS="3123" VPOS="790" WIDTH="231" HEIGHT="66" CONTENT="Stuttgart" WC="0.98" CC="055850557"/>
					</TextLine>
					<TextLine ID="P6_TL00056" HPOS="1816" VPOS="865" WIDTH="1534" HEIGHT="73">
						<String ID="P6_ST00422" HPOS="1816" VPOS="865" WIDTH="357" HEIGHT="67" CONTENT="praklicirenden" WC="0.61" CC="00660406905076"/>
						<SP ID="P6_SP00366" HPOS="2173" VPOS="932" WIDTH="30"/>
						<String ID="P6_ST00423" HPOS="2203" VPOS="868" WIDTH="178" HEIGHT="56" CONTENT="Arztes," WC="0.99" CC="0470063"/>
						<SP ID="P6_SP00367" HPOS="2381" VPOS="932" WIDTH="32"/>
						<String ID="P6_ST00424" HPOS="2413" VPOS="868" WIDTH="67" HEIGHT="49" CONTENT="die" WC="0.93" CC="973"/>
						<SP ID="P6_SP00368" HPOS="2480" VPOS="932" WIDTH="32"/>
						<String ID="P6_ST00425" HPOS="2512" VPOS="868" WIDTH="137" HEIGHT="50" CONTENT="kurze" WC="0.98" CC="07530"/>
						<SP ID="P6_SP00369" HPOS="2649" VPOS="932" WIDTH="16"/>
						<String ID="P6_ST00426" HPOS="2665" VPOS="870" WIDTH="100" HEIGHT="48" CONTENT="Zeit" WC="0.96" CC="7066"/>
						<SP ID="P6_SP00370" HPOS="2765" VPOS="932" WIDTH="29"/>
						<String ID="P6_ST00427" HPOS="2794" VPOS="870" WIDTH="216" HEIGHT="49" CONTENT="hindurch" WC="0.98" CC="67700707"/>
						<SP ID="P6_SP00371" HPOS="3010" VPOS="932" WIDTH="31"/>
						<String ID="P6_ST00428" HPOS="3041" VPOS="871" WIDTH="69" HEIGHT="48" CONTENT="ein" WC="0.97" CC="062"/>
						<SP ID="P6_SP00372" HPOS="3110" VPOS="932" WIDTH="29"/>
						<String ID="P6_ST00429" HPOS="3139" VPOS="871" WIDTH="181" HEIGHT="67" CONTENT="Engage" SUBS_TYPE="HypPart1" SUBS_CONTENT="Engagement" WC="0.99" CC="250604"/>
						<HYP HPOS="3320" VPOS="871" WIDTH="30" CONTENT="-"/>
					</TextLine>
					<TextLine ID="P6_TL00057" HPOS="1813" VPOS="950" WIDTH="1538" HEIGHT="67">
						<String ID="P6_ST00430" HPOS="1813" VPOS="955" WIDTH="126" HEIGHT="43" CONTENT="ment" SUBS_TYPE="HypPart2" SUBS_CONTENT="Engagement" WC="0.96" CC="7360"/>
						<SP ID="P6_SP00373" HPOS="1939" VPOS="998" WIDTH="29"/>
						<String ID="P6_ST00431" HPOS="1968" VPOS="965" WIDTH="55" HEIGHT="32" CONTENT="an" WC="0.83" CC="30"/>
						<SP ID="P6_SP00374" HPOS="2023" VPOS="998" WIDTH="32"/>
						<String ID="P6_ST00432" HPOS="2055" VPOS="965" WIDTH="209" HEIGHT="33" CONTENT="unserem" WC="0.98" CC="7060406"/>
						<SP ID="P6_SP00375" HPOS="2264" VPOS="998" WIDTH="31"/>
						<String ID="P6_ST00433" HPOS="2295" VPOS="950" WIDTH="198" HEIGHT="48" CONTENT="Theater" WC="0.98" CC="0634703"/>
						<SP ID="P6_SP00376" HPOS="2493" VPOS="998" WIDTH="42"/>
						<String ID="P6_ST00434" HPOS="2535" VPOS="967" WIDTH="329" HEIGHT="50" CONTENT="angenommen" WC="0.98" CC="5590767736"/>
						<SP ID="P6_SP00377" HPOS="2864" VPOS="1017" WIDTH="43"/>
						<String ID="P6_ST00435" HPOS="2907" VPOS="954" WIDTH="138" HEIGHT="57" CONTENT="hatte," WC="0.98" CC="605033"/>
						<SP ID="P6_SP00378" HPOS="3045" VPOS="1017" WIDTH="43"/>
						<String ID="P6_ST00436" HPOS="3088" VPOS="971" WIDTH="78" HEIGHT="31" CONTENT="um" WC="0.42" CC="56"/>
						<SP ID="P6_SP00379" HPOS="3166" VPOS="1017" WIDTH="43"/>
						<String ID="P6_ST00437" HPOS="3209" VPOS="954" WIDTH="142" HEIGHT="50" CONTENT="ihrem" WC="0.98" CC="05006"/>
					</TextLine>
					<TextLine ID="P6_TL00058" HPOS="1813" VPOS="1030" WIDTH="1537" HEIGHT="68">
						<String ID="P6_ST00438" HPOS="1813" VPOS="1030" WIDTH="211" HEIGHT="49" CONTENT="früheren" WC="0.99" CC="00060632"/>
						<SP ID="P6_SP00380" HPOS="2024" VPOS="1079" WIDTH="18"/>
						<String ID="P6_ST00439" HPOS="2042" VPOS="1031" WIDTH="354" HEIGHT="50" CONTENT="künstlerischen" WC="1.00" CC="00426520000606"/>
						<SP ID="P6_SP00381" HPOS="2396" VPOS="1081" WIDTH="23"/>
						<String ID="P6_ST00440" HPOS="2419" VPOS="1032" WIDTH="164" HEIGHT="50" CONTENT="Berufe" WC="0.98" CC="700191"/>
						<SP ID="P6_SP00382" HPOS="2583" VPOS="1082" WIDTH="29"/>
						<String ID="P6_ST00441" HPOS="2612" VPOS="1034" WIDTH="121" HEIGHT="48" CONTENT="nicht" WC="0.97" CC="73077"/>
						<SP ID="P6_SP00383" HPOS="2733" VPOS="1082" WIDTH="30"/>
						<String ID="P6_ST00442" HPOS="2763" VPOS="1051" WIDTH="111" HEIGHT="47" CONTENT="ganz" WC="0.94" CC="9667"/>
						<SP ID="P6_SP00384" HPOS="2874" VPOS="1098" WIDTH="29"/>
						<String ID="P6_ST00443" HPOS="2903" VPOS="1035" WIDTH="141" HEIGHT="49" CONTENT="fremd" WC="0.97" CC="73670"/>
						<SP ID="P6_SP00385" HPOS="3044" VPOS="1098" WIDTH="29"/>
						<String ID="P6_ST00444" HPOS="3073" VPOS="1054" WIDTH="53" HEIGHT="30" CONTENT="zu" WC="0.36" CC="57"/>
						<SP ID="P6_SP00386" HPOS="3126" VPOS="1098" WIDTH="26"/>
						<String ID="P6_ST00445" HPOS="3152" VPOS="1036" WIDTH="198" HEIGHT="60" CONTENT="werden," WC="0.99" CC="0000080"/>
					</TextLine>
					<TextLine ID="P6_TL00059" HPOS="1811" VPOS="1112" WIDTH="1538" HEIGHT="68">
						<String ID="P6_ST00446" HPOS="1811" VPOS="1129" WIDTH="110" HEIGHT="48" CONTENT="sang" WC="0.99" CC="0060"/>
						<SP ID="P6_SP00387" HPOS="1921" VPOS="1177" WIDTH="22"/>
						<String ID="P6_ST00447" HPOS="1943" VPOS="1112" WIDTH="67" HEIGHT="49" CONTENT="die" WC="0.99" CC="003"/>
						<SP ID="P6_SP00388" HPOS="2010" VPOS="1177" WIDTH="14"/>
						<String ID="P6_ST00448" HPOS="2024" VPOS="1112" WIDTH="240" HEIGHT="51" CONTENT="Titelrolle." WC="0.99" CC="20445007500"/>
						<SP ID="P6_SP00389" HPOS="2264" VPOS="1177" WIDTH="33"/>
						<String ID="P6_ST00449" HPOS="2297" VPOS="1114" WIDTH="111" HEIGHT="48" CONTENT="Eine" WC="0.96" CC="0864"/>
						<SP ID="P6_SP00390" HPOS="2408" VPOS="1177" WIDTH="30"/>
						<String ID="P6_ST00450" HPOS="2438" VPOS="1115" WIDTH="234" HEIGHT="65" CONTENT="Sängerin," WC="0.98" CC="607904450"/>
						<SP ID="P6_SP00391" HPOS="2672" VPOS="1180" WIDTH="24"/>
						<String ID="P6_ST00451" HPOS="2696" VPOS="1115" WIDTH="67" HEIGHT="51" CONTENT="die" WC="0.96" CC="072"/>
						<SP ID="P6_SP00392" HPOS="2763" VPOS="1180" WIDTH="15"/>
						<String ID="P6_ST00452" HPOS="2778" VPOS="1115" WIDTH="89" HEIGHT="49" CONTENT="sich" WC="0.96" CC="3607"/>
						<SP ID="P6_SP00393" HPOS="2867" VPOS="1180" WIDTH="17"/>
						<String ID="P6_ST00453" HPOS="2884" VPOS="1134" WIDTH="54" HEIGHT="30" CONTENT="an" WC="0.35" CC="57"/>
						<SP ID="P6_SP00394" HPOS="2938" VPOS="1180" WIDTH="16"/>
						<String ID="P6_ST00454" HPOS="2954" VPOS="1116" WIDTH="278" HEIGHT="51" CONTENT="Cherubini's" WC="0.49" CC="86057787400"/>
						<SP ID="P6_SP00395" HPOS="3232" VPOS="1180" WIDTH="21"/>
						<String ID="P6_ST00455" HPOS="3253" VPOS="1120" WIDTH="64" HEIGHT="48" CONTENT="Me" SUBS_TYPE="HypPart1" SUBS_CONTENT="Medea" WC="0.63" CC="63"/>
						<HYP HPOS="3317" VPOS="1120" WIDTH="32" CONTENT="-"/>
					</TextLine>
					<TextLine ID="P6_TL00060" HPOS="1813" VPOS="1195" WIDTH="1538" HEIGHT="71">
						<String ID="P6_ST00456" HPOS="1813" VPOS="1195" WIDTH="82" HEIGHT="49" CONTENT="dea" SUBS_TYPE="HypPart2" SUBS_CONTENT="Medea" WC="0.83" CC="004"/>
						<SP ID="P6_SP00396" HPOS="1895" VPOS="1244" WIDTH="31"/>
						<String ID="P6_ST00457" HPOS="1926" VPOS="1202" WIDTH="136" HEIGHT="59" CONTENT="wagt," WC="0.98" CC="05070"/>
						<SP ID="P6_SP00397" HPOS="2062" VPOS="1261" WIDTH="29"/>
						<String ID="P6_ST00458" HPOS="2091" VPOS="1213" WIDTH="125" HEIGHT="31" CONTENT="muss" WC="0.72" CC="4600"/>
						<SP ID="P6_SP00398" HPOS="2216" VPOS="1261" WIDTH="29"/>
						<String ID="P6_ST00459" HPOS="2245" VPOS="1196" WIDTH="71" HEIGHT="48" CONTENT="ein" WC="0.98" CC="400"/>
						<SP ID="P6_SP00399" HPOS="2316" VPOS="1261" WIDTH="31"/>
						<String ID="P6_ST00460" HPOS="2347" VPOS="1197" WIDTH="172" HEIGHT="49" CONTENT="starkes" WC="1.00" CC="0030000"/>
						<SP ID="P6_SP00400" HPOS="2519" VPOS="1261" WIDTH="18"/>
						<String ID="P6_ST00461" HPOS="2537" VPOS="1199" WIDTH="305" HEIGHT="48" CONTENT="Bewusstsein" WC="0.83" CC="73040300000"/>
						<SP ID="P6_SP00401" HPOS="2842" VPOS="1261" WIDTH="29"/>
						<String ID="P6_ST00462" HPOS="2871" VPOS="1199" WIDTH="121" HEIGHT="48" CONTENT="ihrer" WC="0.97" CC="40936"/>
						<SP ID="P6_SP00402" HPOS="2992" VPOS="1261" WIDTH="23"/>
						<String ID="P6_ST00463" HPOS="3015" VPOS="1200" WIDTH="219" HEIGHT="66" CONTENT="geistigen" WC="0.99" CC="001070937"/>
						<SP ID="P6_SP00403" HPOS="3234" VPOS="1266" WIDTH="23"/>
						<String ID="P6_ST00464" HPOS="3257" VPOS="1202" WIDTH="94" HEIGHT="51" CONTENT="und" WC="0.97" CC="430"/>
					</TextLine>
					<TextLine ID="P6_TL00061" HPOS="1813" VPOS="1277" WIDTH="1538" HEIGHT="68">
						<String ID="P6_ST00465" HPOS="1813" VPOS="1277" WIDTH="280" HEIGHT="66" CONTENT="physischen," WC="0.99" CC="06600336014"/>
						<SP ID="P6_SP00404" HPOS="2093" VPOS="1343" WIDTH="31"/>
						<String ID="P6_ST00466" HPOS="2124" VPOS="1277" WIDTH="254" HEIGHT="68" CONTENT="überhaupt" WC="0.98" CC="960060296"/>
						<SP ID="P6_SP00405" HPOS="2378" VPOS="1345" WIDTH="30"/>
						<String ID="P6_ST00467" HPOS="2408" VPOS="1279" WIDTH="353" HEIGHT="50" CONTENT="künstlerischen" WC="0.99" CC="09510544800604"/>
						<SP ID="P6_SP00406" HPOS="2761" VPOS="1345" WIDTH="31"/>
						<String ID="P6_ST00468" HPOS="2792" VPOS="1281" WIDTH="158" HEIGHT="50" CONTENT="Kräfte" WC="0.98" CC="850053"/>
						<SP ID="P6_SP00407" HPOS="2950" VPOS="1345" WIDTH="32"/>
						<String ID="P6_ST00469" HPOS="2982" VPOS="1281" WIDTH="219" HEIGHT="60" CONTENT="besitzen;" WC="0.99" CC="703063072"/>
						<SP ID="P6_SP00408" HPOS="3201" VPOS="1345" WIDTH="32"/>
						<String ID="P6_ST00470" HPOS="3233" VPOS="1284" WIDTH="118" HEIGHT="51" CONTENT="denn" WC="0.96" CC="0747"/>
					</TextLine>
					<TextLine ID="P6_TL00062" HPOS="1813" VPOS="1359" WIDTH="1538" HEIGHT="71">
						<String ID="P6_ST00471" HPOS="1813" VPOS="1359" WIDTH="68" HEIGHT="49" CONTENT="die" WC="0.98" CC="050"/>
						<SP ID="P6_SP00409" HPOS="1881" VPOS="1408" WIDTH="22"/>
						<String ID="P6_ST00472" HPOS="1903" VPOS="1359" WIDTH="210" HEIGHT="67" CONTENT="Aufgabe" WC="0.98" CC="0880402"/>
						<SP ID="P6_SP00410" HPOS="2113" VPOS="1426" WIDTH="28"/>
						<String ID="P6_ST00473" HPOS="2141" VPOS="1360" WIDTH="57" HEIGHT="49" CONTENT="ist" WC="0.97" CC="430"/>
						<SP ID="P6_SP00411" HPOS="2198" VPOS="1426" WIDTH="31"/>
						<String ID="P6_ST00474" HPOS="2229" VPOS="1361" WIDTH="96" HEIGHT="50" CONTENT="eine" WC="0.98" CC="2050"/>
						<SP ID="P6_SP00412" HPOS="2325" VPOS="1426" WIDTH="32"/>
						<String ID="P6_ST00475" HPOS="2357" VPOS="1361" WIDTH="80" HEIGHT="48" CONTENT="der" WC="0.95" CC="805"/>
						<SP ID="P6_SP00413" HPOS="2437" VPOS="1426" WIDTH="30"/>
						<String ID="P6_ST00476" HPOS="2467" VPOS="1365" WIDTH="211" HEIGHT="63" CONTENT="grössten" WC="0.75" CC="00033507"/>
						<SP ID="P6_SP00414" HPOS="2678" VPOS="1428" WIDTH="26"/>
						<String ID="P6_ST00477" HPOS="2704" VPOS="1364" WIDTH="87" HEIGHT="48" CONTENT="und" WC="0.91" CC="879"/>
						<SP ID="P6_SP00415" HPOS="2791" VPOS="1428" WIDTH="26"/>
						<String ID="P6_ST00478" HPOS="2817" VPOS="1364" WIDTH="336" HEIGHT="66" CONTENT="schwierigsten" WC="0.99" CC="5064009007545"/>
						<SP ID="P6_SP00416" HPOS="3153" VPOS="1430" WIDTH="29"/>
						<String ID="P6_ST00479" HPOS="3182" VPOS="1366" WIDTH="42" HEIGHT="49" CONTENT="in" WC="0.50" CC="09"/>
						<SP ID="P6_SP00417" HPOS="3224" VPOS="1430" WIDTH="24"/>
						<String ID="P6_ST00480" HPOS="3248" VPOS="1366" WIDTH="103" HEIGHT="50" CONTENT="dem" WC="0.99" CC="003"/>
					</TextLine>
					<TextLine ID="P6_TL00063" HPOS="1811" VPOS="1442" WIDTH="1538" HEIGHT="70">
						<String ID="P6_ST00481" HPOS="1811" VPOS="1442" WIDTH="315" HEIGHT="50" CONTENT="umfassenden" WC="0.99" CC="31040006600"/>
						<SP ID="P6_SP00418" HPOS="2126" VPOS="1492" WIDTH="31"/>
						<String ID="P6_ST00482" HPOS="2157" VPOS="1442" WIDTH="187" HEIGHT="50" CONTENT="Gebiete" WC="0.99" CC="6000024"/>
						<SP ID="P6_SP00419" HPOS="2344" VPOS="1492" WIDTH="31"/>
						<String ID="P6_ST00483" HPOS="2375" VPOS="1444" WIDTH="320" HEIGHT="49" CONTENT="dramatischer" WC="0.99" CC="026000540405"/>
						<SP ID="P6_SP00420" HPOS="2695" VPOS="1493" WIDTH="29"/>
						<String ID="P6_ST00484" HPOS="2724" VPOS="1446" WIDTH="340" HEIGHT="66" CONTENT="Gesangskunst" WC="0.99" CC="000540486610"/>
						<SP ID="P6_SP00421" HPOS="3064" VPOS="1512" WIDTH="31"/>
						<String ID="P6_ST00485" HPOS="3095" VPOS="1448" WIDTH="91" HEIGHT="49" CONTENT="und" WC="0.93" CC="467"/>
						<SP ID="P6_SP00422" HPOS="3186" VPOS="1512" WIDTH="31"/>
						<String ID="P6_ST00486" HPOS="3217" VPOS="1448" WIDTH="106" HEIGHT="49" CONTENT="über" SUBS_TYPE="HypPart1" SUBS_CONTENT="überragt," WC="0.97" CC="0409"/>
						<HYP HPOS="3323" VPOS="1448" WIDTH="26" CONTENT="-"/>
					</TextLine>
					<TextLine ID="P6_TL00064" HPOS="1812" VPOS="1525" WIDTH="1539" HEIGHT="70">
						<String ID="P6_ST00487" HPOS="1812" VPOS="1531" WIDTH="116" HEIGHT="59" CONTENT="ragt," SUBS_TYPE="HypPart2" SUBS_CONTENT="überragt," WC="0.99" CC="35000"/>
						<SP ID="P6_SP00423" HPOS="1928" VPOS="1590" WIDTH="30"/>
						<String ID="P6_ST00488" HPOS="1958" VPOS="1525" WIDTH="305" HEIGHT="50" CONTENT="vornehmlich" WC="0.99" CC="04360676106"/>
						<SP ID="P6_SP00424" HPOS="2263" VPOS="1590" WIDTH="30"/>
						<String ID="P6_ST00489" HPOS="2293" VPOS="1526" WIDTH="42" HEIGHT="49" CONTENT="in" WC="0.27" CC="76"/>
						<SP ID="P6_SP00425" HPOS="2335" VPOS="1590" WIDTH="22"/>
						<String ID="P6_ST00490" HPOS="2357" VPOS="1528" WIDTH="152" HEIGHT="64" CONTENT="Bezug" WC="0.96" CC="62649"/>
						<SP ID="P6_SP00426" HPOS="2509" VPOS="1592" WIDTH="27"/>
						<String ID="P6_ST00491" HPOS="2536" VPOS="1528" WIDTH="80" HEIGHT="47" CONTENT="auf" WC="0.96" CC="540"/>
						<SP ID="P6_SP00427" HPOS="2616" VPOS="1592" WIDTH="20"/>
						<String ID="P6_ST00492" HPOS="2636" VPOS="1528" WIDTH="233" HEIGHT="67" CONTENT="physische" WC="0.99" CC="867000070"/>
						<SP ID="P6_SP00428" HPOS="2869" VPOS="1595" WIDTH="17"/>
						<String ID="P6_ST00493" HPOS="2886" VPOS="1529" WIDTH="338" HEIGHT="66" CONTENT="Anforderung," WC="0.99" CC="697360127404"/>
						<SP ID="P6_SP00429" HPOS="3224" VPOS="1595" WIDTH="31"/>
						<String ID="P6_ST00494" HPOS="3255" VPOS="1531" WIDTH="96" HEIGHT="49" CONTENT="eine" WC="0.96" CC="5661"/>
					</TextLine>
					<TextLine ID="P6_TL00065" HPOS="1811" VPOS="1606" WIDTH="1538" HEIGHT="60">
						<String ID="P6_ST00495" HPOS="1811" VPOS="1606" WIDTH="162" HEIGHT="49" CONTENT="Donna" WC="0.98" CC="00760"/>
						<SP ID="P6_SP00430" HPOS="1973" VPOS="1655" WIDTH="14"/>
						<String ID="P6_ST00496" HPOS="1987" VPOS="1606" WIDTH="146" HEIGHT="59" CONTENT="Anna," WC="0.97" CC="05642"/>
						<SP ID="P6_SP00431" HPOS="2133" VPOS="1665" WIDTH="30"/>
						<String ID="P6_ST00497" HPOS="2163" VPOS="1608" WIDTH="151" HEIGHT="58" CONTENT="Rezia," WC="0.72" CC="503113"/>
						<SP ID="P6_SP00432" HPOS="2314" VPOS="1666" WIDTH="23"/>
						<String ID="P6_ST00498" HPOS="2337" VPOS="1609" WIDTH="184" HEIGHT="56" CONTENT="Fidelio," WC="0.86" CC="00006102"/>
						<SP ID="P6_SP00433" HPOS="2521" VPOS="1666" WIDTH="17"/>
						<String ID="P6_ST00499" HPOS="2538" VPOS="1610" WIDTH="201" HEIGHT="48" CONTENT="Vestalin" WC="0.69" CC="90033007"/>
						<SP ID="P6_SP00434" HPOS="2739" VPOS="1666" WIDTH="24"/>
						<String ID="P6_ST00500" HPOS="2763" VPOS="1609" WIDTH="70" HEIGHT="49" CONTENT="bei" WC="0.96" CC="602"/>
						<SP ID="P6_SP00435" HPOS="2833" VPOS="1666" WIDTH="25"/>
						<String ID="P6_ST00501" HPOS="2858" VPOS="1610" WIDTH="218" HEIGHT="51" CONTENT="Weitem." WC="0.99" CC="0044081"/>
						<SP ID="P6_SP00436" HPOS="3076" VPOS="1666" WIDTH="31"/>
						<String ID="P6_ST00502" HPOS="3107" VPOS="1613" WIDTH="120" HEIGHT="48" CONTENT="Frau" WC="0.99" CC="0204"/>
						<SP ID="P6_SP00437" HPOS="3227" VPOS="1666" WIDTH="20"/>
						<String ID="P6_ST00503" HPOS="3247" VPOS="1614" WIDTH="77" HEIGHT="48" CONTENT="Lei" SUBS_TYPE="HypPart1" SUBS_CONTENT="Leisinger," WC="1.00" CC="000"/>
						<HYP HPOS="3324" VPOS="1614" WIDTH="25" CONTENT="-"/>
					</TextLine>
					<TextLine ID="P6_TL00066" HPOS="1812" VPOS="1689" WIDTH="1533" HEIGHT="70">
						<String ID="P6_ST00504" HPOS="1812" VPOS="1689" WIDTH="163" HEIGHT="66" CONTENT="singer," SUBS_TYPE="HypPart2" SUBS_CONTENT="Leisinger," WC="0.80" CC="0060060"/>
						<SP ID="P6_SP00438" HPOS="1975" VPOS="1755" WIDTH="30"/>
						<String ID="P6_ST00505" HPOS="2005" VPOS="1708" WIDTH="89" HEIGHT="30" CONTENT="von" WC="0.96" CC="037"/>
						<SP ID="P6_SP00439" HPOS="2094" VPOS="1755" WIDTH="29"/>
						<String ID="P6_ST00506" HPOS="2123" VPOS="1689" WIDTH="123" HEIGHT="51" CONTENT="einer" WC="0.99" CC="00604"/>
						<SP ID="P6_SP00440" HPOS="2246" VPOS="1755" WIDTH="30"/>
						<String ID="P6_ST00507" HPOS="2276" VPOS="1690" WIDTH="80" HEIGHT="50" CONTENT="der" WC="1.00" CC="000"/>
						<SP ID="P6_SP00441" HPOS="2356" VPOS="1755" WIDTH="20"/>
						<String ID="P6_ST00508" HPOS="2376" VPOS="1691" WIDTH="129" HEIGHT="50" CONTENT="Rolle" WC="0.98" CC="90410"/>
						<SP ID="P6_SP00442" HPOS="2505" VPOS="1755" WIDTH="25"/>
						<String ID="P6_ST00509" HPOS="2530" VPOS="1709" WIDTH="110" HEIGHT="48" CONTENT="ganz" WC="0.97" CC="0606"/>
						<SP ID="P6_SP00443" HPOS="2640" VPOS="1757" WIDTH="25"/>
						<String ID="P6_ST00510" HPOS="2665" VPOS="1693" WIDTH="385" HEIGHT="66" CONTENT="entsprechenden" WC="0.99" CC="00640903627034"/>
						<SP ID="P6_SP00444" HPOS="3050" VPOS="1759" WIDTH="18"/>
						<String ID="P6_ST00511" HPOS="3068" VPOS="1695" WIDTH="252" HEIGHT="50" CONTENT="Persönlich" SUBS_TYPE="HypPart1" SUBS_CONTENT="Persönlichkeit" WC="0.99" CC="6050900003"/>
						<HYP HPOS="3320" VPOS="1695" WIDTH="25" CONTENT="-"/>
					</TextLine>
					<TextLine ID="P6_TL00067" HPOS="1812" VPOS="1770" WIDTH="1537" HEIGHT="71">
						<String ID="P6_ST00512" HPOS="1812" VPOS="1770" WIDTH="90" HEIGHT="51" CONTENT="keit" SUBS_TYPE="HypPart2" SUBS_CONTENT="Persönlichkeit" WC="0.99" CC="0300"/>
						<SP ID="P6_SP00445" HPOS="1902" VPOS="1821" WIDTH="22"/>
						<String ID="P6_ST00513" HPOS="1924" VPOS="1776" WIDTH="289" HEIGHT="54" CONTENT="unterstützt," WC="0.99" CC="671004406474"/>
						<SP ID="P6_SP00446" HPOS="2213" VPOS="1830" WIDTH="30"/>
						<String ID="P6_ST00514" HPOS="2243" VPOS="1773" WIDTH="264" HEIGHT="66" CONTENT="befriedigte" WC="0.99" CC="60065000900"/>
						<SP ID="P6_SP00447" HPOS="2507" VPOS="1839" WIDTH="21"/>
						<String ID="P6_ST00515" HPOS="2528" VPOS="1774" WIDTH="123" HEIGHT="49" CONTENT="nicht" WC="0.98" CC="60350"/>
						<SP ID="P6_SP00448" HPOS="2651" VPOS="1839" WIDTH="21"/>
						<String ID="P6_ST00516" HPOS="2672" VPOS="1793" WIDTH="87" HEIGHT="30" CONTENT="nur" WC="0.93" CC="765"/>
						<SP ID="P6_SP00449" HPOS="2759" VPOS="1839" WIDTH="28"/>
						<String ID="P6_ST00517" HPOS="2787" VPOS="1775" WIDTH="44" HEIGHT="50" CONTENT="in" WC="0.69" CC="06"/>
						<SP ID="P6_SP00450" HPOS="2831" VPOS="1839" WIDTH="24"/>
						<String ID="P6_ST00518" HPOS="2855" VPOS="1775" WIDTH="129" HEIGHT="66" CONTENT="jeder" WC="0.99" CC="31003"/>
						<SP ID="P6_SP00451" HPOS="2984" VPOS="1841" WIDTH="21"/>
						<String ID="P6_ST00519" HPOS="3005" VPOS="1776" WIDTH="222" HEIGHT="60" CONTENT="Hinsicht," WC="0.99" CC="671300634"/>
						<SP ID="P6_SP00452" HPOS="3227" VPOS="1841" WIDTH="28"/>
						<String ID="P6_ST00520" HPOS="3255" VPOS="1778" WIDTH="94" HEIGHT="48" CONTENT="ihre" WC="0.97" CC="0193"/>
					</TextLine>
					<TextLine ID="P6_TL00068" HPOS="1811" VPOS="1853" WIDTH="1536" HEIGHT="72">
						<String ID="P6_ST00521" HPOS="1811" VPOS="1853" WIDTH="219" HEIGHT="67" CONTENT="Leistung" WC="0.98" CC="10500778"/>
						<SP ID="P6_SP00453" HPOS="2030" VPOS="1920" WIDTH="30"/>
						<String ID="P6_ST00522" HPOS="2060" VPOS="1854" WIDTH="63" HEIGHT="49" CONTENT="als" WC="0.95" CC="650"/>
						<SP ID="P6_SP00454" HPOS="2123" VPOS="1920" WIDTH="31"/>
						<String ID="P6_ST00523" HPOS="2154" VPOS="1855" WIDTH="218" HEIGHT="66" CONTENT="Sängerin" WC="0.99" CC="00400007"/>
						<SP ID="P6_SP00455" HPOS="2372" VPOS="1921" WIDTH="41"/>
						<String ID="P6_ST00524" HPOS="2413" VPOS="1855" WIDTH="91" HEIGHT="50" CONTENT="und" WC="1.00" CC="000"/>
						<SP ID="P6_SP00456" HPOS="2504" VPOS="1921" WIDTH="31"/>
						<String ID="P6_ST00525" HPOS="2535" VPOS="1856" WIDTH="292" HEIGHT="50" CONTENT="Darstellerin" WC="0.99" CC="029071050614"/>
						<SP ID="P6_SP00457" HPOS="2827" VPOS="1921" WIDTH="29"/>
						<String ID="P6_ST00526" HPOS="2856" VPOS="1874" WIDTH="123" HEIGHT="32" CONTENT="muss" WC="0.67" CC="6500"/>
						<SP ID="P6_SP00458" HPOS="2979" VPOS="1921" WIDTH="31"/>
						<String ID="P6_ST00527" HPOS="3010" VPOS="1858" WIDTH="96" HEIGHT="48" CONTENT="eine" WC="0.98" CC="0073"/>
						<SP ID="P6_SP00459" HPOS="3106" VPOS="1921" WIDTH="41"/>
						<String ID="P6_ST00528" HPOS="3147" VPOS="1877" WIDTH="167" HEIGHT="48" CONTENT="ausge" SUBS_TYPE="HypPart1" SUBS_CONTENT="ausgezeichnete" WC="1.00" CC="01000"/>
						<HYP HPOS="3314" VPOS="1877" WIDTH="33" CONTENT="-"/>
					</TextLine>
					<TextLine ID="P6_TL00069" HPOS="1812" VPOS="1936" WIDTH="1538" HEIGHT="67">
						<String ID="P6_ST00529" HPOS="1812" VPOS="1936" WIDTH="314" HEIGHT="50" CONTENT="zeichnete" SUBS_TYPE="HypPart2" SUBS_CONTENT="ausgezeichnete" WC="1.00" CC="000017300"/>
						<SP ID="P6_SP00460" HPOS="2126" VPOS="1986" WIDTH="30"/>
						<String ID="P6_ST00530" HPOS="2156" VPOS="1945" WIDTH="197" HEIGHT="58" CONTENT="genannt" WC="0.99" CC="0005055"/>
						<SP ID="P6_SP00461" HPOS="2353" VPOS="2003" WIDTH="32"/>
						<String ID="P6_ST00531" HPOS="2385" VPOS="1939" WIDTH="199" HEIGHT="57" CONTENT="werden," WC="1.00" CC="0000060"/>
						<SP ID="P6_SP00462" HPOS="2584" VPOS="2003" WIDTH="41"/>
						<String ID="P6_ST00532" HPOS="2625" VPOS="1939" WIDTH="68" HEIGHT="48" CONTENT="die" WC="0.97" CC="043"/>
						<SP ID="P6_SP00463" HPOS="2693" VPOS="2003" WIDTH="31"/>
						<String ID="P6_ST00533" HPOS="2724" VPOS="1958" WIDTH="85" HEIGHT="31" CONTENT="von" WC="0.98" CC="005"/>
						<SP ID="P6_SP00464" HPOS="2809" VPOS="2003" WIDTH="32"/>
						<String ID="P6_ST00534" HPOS="2841" VPOS="1940" WIDTH="152" HEIGHT="49" CONTENT="keiner" WC="0.98" CC="766600"/>
						<SP ID="P6_SP00465" HPOS="2993" VPOS="2003" WIDTH="31"/>
						<String ID="P6_ST00535" HPOS="3024" VPOS="1940" WIDTH="78" HEIGHT="50" CONTENT="der" WC="0.98" CC="006"/>
						<SP ID="P6_SP00466" HPOS="3102" VPOS="2003" WIDTH="28"/>
						<String ID="P6_ST00536" HPOS="3130" VPOS="1940" WIDTH="220" HEIGHT="52" CONTENT="lebenden" WC="0.98" CC="60737907"/>
					</TextLine>
					<TextLine ID="P6_TL00070" HPOS="1809" VPOS="2019" WIDTH="1541" HEIGHT="56">
						<String ID="P6_ST00537" HPOS="1809" VPOS="2019" WIDTH="432" HEIGHT="50" CONTENT="Kunstschwestern" WC="1.00" CC="016070070000007"/>
						<SP ID="P6_SP00467" HPOS="2241" VPOS="2069" WIDTH="29"/>
						<String ID="P6_ST00538" HPOS="2270" VPOS="2020" WIDTH="252" HEIGHT="50" CONTENT="überboten" WC="0.99" CC="054370000"/>
						<SP ID="P6_SP00468" HPOS="2522" VPOS="2070" WIDTH="29"/>
						<String ID="P6_ST00539" HPOS="2551" VPOS="2022" WIDTH="184" HEIGHT="48" CONTENT="werden" WC="0.97" CC="920906"/>
						<SP ID="P6_SP00469" HPOS="2735" VPOS="2070" WIDTH="32"/>
						<String ID="P6_ST00540" HPOS="2767" VPOS="2022" WIDTH="160" HEIGHT="49" CONTENT="dürfte." WC="0.98" CC="6900534"/>
						<SP ID="P6_SP00470" HPOS="2927" VPOS="2071" WIDTH="41"/>
						<String ID="P6_ST00541" HPOS="2968" VPOS="2024" WIDTH="52" HEIGHT="47" CONTENT="In" WC="0.30" CC="67"/>
						<SP ID="P6_SP00471" HPOS="3020" VPOS="2071" WIDTH="29"/>
						<String ID="P6_ST00542" HPOS="3049" VPOS="2024" WIDTH="100" HEIGHT="48" CONTENT="dem" WC="0.96" CC="009"/>
						<SP ID="P6_SP00472" HPOS="3149" VPOS="2072" WIDTH="33"/>
						<String ID="P6_ST00543" HPOS="3182" VPOS="2024" WIDTH="168" HEIGHT="51" CONTENT="kurzen" WC="0.97" CC="075447"/>
					</TextLine>
					<TextLine ID="P6_TL00071" HPOS="1809" VPOS="2100" WIDTH="1537" HEIGHT="73">
						<String ID="P6_ST00544" HPOS="1809" VPOS="2100" WIDTH="257" HEIGHT="50" CONTENT="Zeiträume" WC="0.99" CC="020664000"/>
						<SP ID="P6_SP00473" HPOS="2066" VPOS="2150" WIDTH="29"/>
						<String ID="P6_ST00545" HPOS="2095" VPOS="2119" WIDTH="85" HEIGHT="32" CONTENT="von" WC="0.99" CC="020"/>
						<SP ID="P6_SP00474" HPOS="2180" VPOS="2151" WIDTH="31"/>
						<String ID="P6_ST00546" HPOS="2211" VPOS="2119" WIDTH="118" HEIGHT="32" CONTENT="neun" WC="0.95" CC="7156"/>
						<SP ID="P6_SP00475" HPOS="2329" VPOS="2151" WIDTH="33"/>
						<String ID="P6_ST00547" HPOS="2362" VPOS="2104" WIDTH="152" HEIGHT="64" CONTENT="Tagen" WC="0.99" CC="05003"/>
						<SP ID="P6_SP00476" HPOS="2514" VPOS="2168" WIDTH="42"/>
						<String ID="P6_ST00548" HPOS="2556" VPOS="2103" WIDTH="120" HEIGHT="49" CONTENT="diese" WC="0.98" CC="08600"/>
						<SP ID="P6_SP00477" HPOS="2676" VPOS="2168" WIDTH="29"/>
						<String ID="P6_ST00549" HPOS="2705" VPOS="2104" WIDTH="150" HEIGHT="48" CONTENT="Partie" WC="0.98" CC="740702"/>
						<SP ID="P6_SP00478" HPOS="2855" VPOS="2168" WIDTH="29"/>
						<String ID="P6_ST00550" HPOS="2884" VPOS="2104" WIDTH="80" HEIGHT="48" CONTENT="mit" WC="0.95" CC="705"/>
						<SP ID="P6_SP00479" HPOS="2964" VPOS="2168" WIDTH="29"/>
						<String ID="P6_ST00551" HPOS="2993" VPOS="2105" WIDTH="141" HEIGHT="65" CONTENT="gleich" WC="0.99" CC="070005"/>
						<SP ID="P6_SP00480" HPOS="3134" VPOS="2170" WIDTH="32"/>
						<String ID="P6_ST00552" HPOS="3166" VPOS="2107" WIDTH="158" HEIGHT="66" CONTENT="siegrei" SUBS_TYPE="HypPart1" SUBS_CONTENT="siegreicher" WC="0.98" CC="4060906"/>
						<HYP HPOS="3324" VPOS="2107" WIDTH="22" CONTENT="-"/>
					</TextLine>
					<TextLine ID="P6_TL00072" HPOS="1809" VPOS="2183" WIDTH="1537" HEIGHT="68">
						<String ID="P6_ST00553" HPOS="1809" VPOS="2183" WIDTH="108" HEIGHT="48" CONTENT="cher" SUBS_TYPE="HypPart2" SUBS_CONTENT="siegreicher" WC="0.98" CC="0406"/>
						<SP ID="P6_SP00481" HPOS="1917" VPOS="2231" WIDTH="14"/>
						<String ID="P6_ST00554" HPOS="1931" VPOS="2183" WIDTH="131" HEIGHT="48" CONTENT="Kraft" WC="0.98" CC="03106"/>
						<SP ID="P6_SP00482" HPOS="2062" VPOS="2231" WIDTH="28"/>
						<String ID="P6_ST00555" HPOS="2090" VPOS="2183" WIDTH="93" HEIGHT="49" CONTENT="drei" WC="0.98" CC="0604"/>
						<SP ID="P6_SP00483" HPOS="2183" VPOS="2232" WIDTH="18"/>
						<String ID="P6_ST00556" HPOS="2201" VPOS="2185" WIDTH="87" HEIGHT="49" CONTENT="Mal" WC="0.94" CC="853"/>
						<SP ID="P6_SP00484" HPOS="2288" VPOS="2234" WIDTH="26"/>
						<String ID="P6_ST00557" HPOS="2314" VPOS="2184" WIDTH="376" HEIGHT="59" CONTENT="durchzuführen," WC="0.99" CC="00018056174070"/>
						<SP ID="P6_SP00485" HPOS="2690" VPOS="2243" WIDTH="25"/>
						<String ID="P6_ST00558" HPOS="2715" VPOS="2193" WIDTH="135" HEIGHT="58" CONTENT="zeugt" WC="0.98" CC="62600"/>
						<SP ID="P6_SP00486" HPOS="2850" VPOS="2251" WIDTH="24"/>
						<String ID="P6_ST00559" HPOS="2874" VPOS="2203" WIDTH="85" HEIGHT="32" CONTENT="von" WC="0.96" CC="047"/>
						<SP ID="P6_SP00487" HPOS="2959" VPOS="2251" WIDTH="24"/>
						<String ID="P6_ST00560" HPOS="2983" VPOS="2190" WIDTH="201" HEIGHT="46" CONTENT="äusserst" WC="0.98" CC="97243094"/>
						<SP ID="P6_SP00488" HPOS="3184" VPOS="2251" WIDTH="29"/>
						<String ID="P6_ST00561" HPOS="3213" VPOS="2189" WIDTH="111" HEIGHT="48" CONTENT="selte" SUBS_TYPE="HypPart1" SUBS_CONTENT="seltener" WC="0.99" CC="00052"/>
						<HYP HPOS="3324" VPOS="2189" WIDTH="22" CONTENT="-"/>
					</TextLine>
					<TextLine ID="P6_TL00073" HPOS="1811" VPOS="2264" WIDTH="1533" HEIGHT="69">
						<String ID="P6_ST00562" HPOS="1811" VPOS="2281" WIDTH="81" HEIGHT="31" CONTENT="ner" SUBS_TYPE="HypPart2" SUBS_CONTENT="seltener" WC="0.98" CC="203"/>
						<SP ID="P6_SP00489" HPOS="1892" VPOS="2312" WIDTH="28"/>
						<String ID="P6_ST00563" HPOS="1920" VPOS="2264" WIDTH="264" HEIGHT="66" CONTENT="Begabung." WC="0.98" CC="740563790"/>
						<SP ID="P6_SP00490" HPOS="2184" VPOS="2330" WIDTH="61"/>
						<String ID="P6_ST00564" HPOS="2245" VPOS="2267" WIDTH="84" HEIGHT="48" CONTENT="Die" WC="0.98" CC="040"/>
						<SP ID="P6_SP00491" HPOS="2329" VPOS="2330" WIDTH="30"/>
						<String ID="P6_ST00565" HPOS="2359" VPOS="2267" WIDTH="202" HEIGHT="66" CONTENT="würdige" WC="0.99" CC="0007200"/>
						<SP ID="P6_SP00492" HPOS="2561" VPOS="2333" WIDTH="28"/>
						<String ID="P6_ST00566" HPOS="2589" VPOS="2267" WIDTH="277" HEIGHT="57" CONTENT="Künstlerin," WC="0.99" CC="60665335072"/>
						<SP ID="P6_SP00493" HPOS="2866" VPOS="2333" WIDTH="42"/>
						<String ID="P6_ST00567" HPOS="2908" VPOS="2268" WIDTH="163" HEIGHT="49" CONTENT="bereits" WC="0.98" CC="4090061"/>
						<SP ID="P6_SP00494" HPOS="3071" VPOS="2333" WIDTH="33"/>
						<String ID="P6_ST00568" HPOS="3104" VPOS="2269" WIDTH="167" HEIGHT="50" CONTENT="wieder" WC="0.99" CC="004004"/>
						<SP ID="P6_SP00495" HPOS="3271" VPOS="2333" WIDTH="29"/>
						<String ID="P6_ST00569" HPOS="3300" VPOS="2272" WIDTH="44" HEIGHT="48" CONTENT="in" WC="0.68" CC="05"/>
					</TextLine>
					<TextLine ID="P6_TL00074" HPOS="1809" VPOS="2347" WIDTH="1540" HEIGHT="67">
						<String ID="P6_ST00570" HPOS="1809" VPOS="2347" WIDTH="127" HEIGHT="47" CONTENT="ihren" WC="0.96" CC="56275"/>
						<SP ID="P6_SP00496" HPOS="1936" VPOS="2394" WIDTH="31"/>
						<String ID="P6_ST00571" HPOS="1967" VPOS="2347" WIDTH="334" HEIGHT="49" CONTENT="Familienkreis" WC="0.99" CC="3685201300680"/>
						<SP ID="P6_SP00497" HPOS="2301" VPOS="2396" WIDTH="32"/>
						<String ID="P6_ST00572" HPOS="2333" VPOS="2349" WIDTH="373" HEIGHT="65" CONTENT="zurückgekehrt," WC="0.99" CC="66500000027204"/>
						<SP ID="P6_SP00498" HPOS="2706" VPOS="2414" WIDTH="47"/>
						<String ID="P6_ST00573" HPOS="2753" VPOS="2349" WIDTH="76" HEIGHT="50" CONTENT="hat" WC="0.94" CC="743"/>
						<SP ID="P6_SP00499" HPOS="2829" VPOS="2414" WIDTH="40"/>
						<String ID="P6_ST00574" HPOS="2869" VPOS="2349" WIDTH="91" HEIGHT="50" CONTENT="sich" WC="0.97" CC="6007"/>
						<SP ID="P6_SP00500" HPOS="2960" VPOS="2414" WIDTH="37"/>
						<String ID="P6_ST00575" HPOS="2997" VPOS="2351" WIDTH="67" HEIGHT="48" CONTENT="ein" WC="0.97" CC="107"/>
						<SP ID="P6_SP00501" HPOS="3064" VPOS="2414" WIDTH="32"/>
						<String ID="P6_ST00576" HPOS="3096" VPOS="2352" WIDTH="253" HEIGHT="51" CONTENT="dauerndes" WC="0.99" CC="050456009"/>
					</TextLine>
					<TextLine ID="P6_TL00075" HPOS="1811" VPOS="2428" WIDTH="1536" HEIGHT="74">
						<String ID="P6_ST00577" HPOS="1811" VPOS="2428" WIDTH="251" HEIGHT="50" CONTENT="Andenken" WC="0.99" CC="40005006"/>
						<SP ID="P6_SP00502" HPOS="2062" VPOS="2478" WIDTH="29"/>
						<String ID="P6_ST00578" HPOS="2091" VPOS="2429" WIDTH="70" HEIGHT="49" CONTENT="bei" WC="0.96" CC="730"/>
						<SP ID="P6_SP00503" HPOS="2161" VPOS="2478" WIDTH="32"/>
						<String ID="P6_ST00579" HPOS="2193" VPOS="2447" WIDTH="210" HEIGHT="33" CONTENT="unserem" WC="0.97" CC="7750348"/>
						<SP ID="P6_SP00504" HPOS="2403" VPOS="2480" WIDTH="31"/>
						<String ID="P6_ST00580" HPOS="2434" VPOS="2431" WIDTH="68" HEIGHT="48" CONTENT="für" WC="0.98" CC="600"/>
						<SP ID="P6_SP00505" HPOS="2502" VPOS="2480" WIDTH="21"/>
						<String ID="P6_ST00581" HPOS="2523" VPOS="2431" WIDTH="219" HEIGHT="49" CONTENT="wahrhaft" WC="0.98" CC="07767607"/>
						<SP ID="P6_SP00506" HPOS="2742" VPOS="2480" WIDTH="24"/>
						<String ID="P6_ST00582" HPOS="2766" VPOS="2432" WIDTH="189" HEIGHT="49" CONTENT="Grosses" WC="0.99" CC="0011006"/>
						<SP ID="P6_SP00507" HPOS="2955" VPOS="2481" WIDTH="24"/>
						<String ID="P6_ST00583" HPOS="2979" VPOS="2433" WIDTH="114" HEIGHT="50" CONTENT="noch" WC="0.97" CC="2306"/>
						<SP ID="P6_SP00508" HPOS="3093" VPOS="2483" WIDTH="25"/>
						<String ID="P6_ST00584" HPOS="3118" VPOS="2434" WIDTH="201" HEIGHT="68" CONTENT="empfäng" SUBS_TYPE="HypPart1" SUBS_CONTENT="empfänglichen" WC="0.99" CC="0900040"/>
						<HYP HPOS="3319" VPOS="2434" WIDTH="28" CONTENT="-"/>
					</TextLine>
					<TextLine ID="P6_TL00076" HPOS="1811" VPOS="2509" WIDTH="1536" HEIGHT="71">
						<String ID="P6_ST00585" HPOS="1811" VPOS="2509" WIDTH="142" HEIGHT="50" CONTENT="lichen" SUBS_TYPE="HypPart2" SUBS_CONTENT="empfänglichen" WC="0.99" CC="100506"/>
						<SP ID="P6_SP00509" HPOS="1953" VPOS="2559" WIDTH="30"/>
						<String ID="P6_ST00586" HPOS="1983" VPOS="2511" WIDTH="235" HEIGHT="49" CONTENT="Publicum" WC="0.98" CC="45535203"/>
						<SP ID="P6_SP00510" HPOS="2218" VPOS="2560" WIDTH="44"/>
						<String ID="P6_ST00587" HPOS="2262" VPOS="2512" WIDTH="141" HEIGHT="49" CONTENT="durch" WC="0.99" CC="00405"/>
						<SP ID="P6_SP00511" HPOS="2403" VPOS="2561" WIDTH="36"/>
						<String ID="P6_ST00588" HPOS="2439" VPOS="2512" WIDTH="120" HEIGHT="49" CONTENT="diese" WC="0.98" CC="02460"/>
						<SP ID="P6_SP00512" HPOS="2559" VPOS="2561" WIDTH="39"/>
						<String ID="P6_ST00589" HPOS="2598" VPOS="2513" WIDTH="95" HEIGHT="48" CONTENT="ihre" WC="0.97" CC="0605"/>
						<SP ID="P6_SP00513" HPOS="2693" VPOS="2561" WIDTH="28"/>
						<String ID="P6_ST00590" HPOS="2721" VPOS="2514" WIDTH="219" HEIGHT="66" CONTENT="Leistung" WC="0.98" CC="04604760"/>
						<SP ID="P6_SP00514" HPOS="2940" VPOS="2580" WIDTH="39"/>
						<String ID="P6_ST00591" HPOS="2979" VPOS="2516" WIDTH="247" HEIGHT="64" CONTENT="gesichert;" WC="0.99" CC="0130433550"/>
						<SP ID="P6_SP00515" HPOS="3226" VPOS="2580" WIDTH="44"/>
						<String ID="P6_ST00592" HPOS="3270" VPOS="2518" WIDTH="77" HEIGHT="48" CONTENT="das" WC="0.99" CC="030"/>
					</TextLine>
					<TextLine ID="P6_TL00077" HPOS="1809" VPOS="2592" WIDTH="1537" HEIGHT="72">
						<String ID="P6_ST00593" HPOS="1809" VPOS="2592" WIDTH="223" HEIGHT="66" CONTENT="bezeugte" WC="0.99" CC="00007060"/>
						<SP ID="P6_SP00516" HPOS="2032" VPOS="2658" WIDTH="28"/>
						<String ID="P6_ST00594" HPOS="2060" VPOS="2593" WIDTH="70" HEIGHT="48" CONTENT="ihr" WC="0.95" CC="273"/>
						<SP ID="P6_SP00517" HPOS="2130" VPOS="2658" WIDTH="29"/>
						<String ID="P6_ST00595" HPOS="2159" VPOS="2594" WIDTH="76" HEIGHT="50" CONTENT="das" WC="0.97" CC="051"/>
						<SP ID="P6_SP00518" HPOS="2235" VPOS="2658" WIDTH="25"/>
						<String ID="P6_ST00596" HPOS="2260" VPOS="2602" WIDTH="110" HEIGHT="42" CONTENT="stets" WC="0.98" CC="55020"/>
						<SP ID="P6_SP00519" HPOS="2370" VPOS="2658" WIDTH="31"/>
						<String ID="P6_ST00597" HPOS="2401" VPOS="2596" WIDTH="181" HEIGHT="64" CONTENT="gefüllte" WC="0.99" CC="90000860"/>
						<SP ID="P6_SP00520" HPOS="2582" VPOS="2660" WIDTH="21"/>
						<String ID="P6_ST00598" HPOS="2603" VPOS="2597" WIDTH="130" HEIGHT="48" CONTENT="Haus" WC="0.96" CC="5770"/>
						<SP ID="P6_SP00521" HPOS="2733" VPOS="2660" WIDTH="23"/>
						<String ID="P6_ST00599" HPOS="2756" VPOS="2597" WIDTH="92" HEIGHT="49" CONTENT="und" WC="0.91" CC="679"/>
						<SP ID="P6_SP00522" HPOS="2848" VPOS="2660" WIDTH="24"/>
						<String ID="P6_ST00600" HPOS="2872" VPOS="2597" WIDTH="79" HEIGHT="49" CONTENT="der" WC="0.97" CC="710"/>
						<SP ID="P6_SP00523" HPOS="2951" VPOS="2660" WIDTH="22"/>
						<String ID="P6_ST00601" HPOS="2973" VPOS="2601" WIDTH="342" HEIGHT="63" CONTENT="außergewöhn" SUBS_TYPE="HypPart1" SUBS_CONTENT="außergewöhnliche" WC="0.99" CC="98870070084"/>
						<HYP HPOS="3315" VPOS="2601" WIDTH="31" CONTENT="-"/>
					</TextLine>
					<TextLine ID="P6_TL00078" HPOS="1808" VPOS="2676" WIDTH="1538" HEIGHT="69">
						<String ID="P6_ST00602" HPOS="1808" VPOS="2676" WIDTH="112" HEIGHT="48" CONTENT="liche" SUBS_TYPE="HypPart2" SUBS_CONTENT="außergewöhnliche" WC="0.97" CC="47050"/>
						<SP ID="P6_SP00524" HPOS="1920" VPOS="2724" WIDTH="29"/>
						<String ID="P6_ST00603" HPOS="1949" VPOS="2676" WIDTH="168" HEIGHT="58" CONTENT="Beifall," WC="0.99" CC="70007044"/>
						<SP ID="P6_SP00525" HPOS="2117" VPOS="2734" WIDTH="32"/>
						<String ID="P6_ST00604" HPOS="2149" VPOS="2676" WIDTH="80" HEIGHT="49" CONTENT="der" WC="0.98" CC="005"/>
						<SP ID="P6_SP00526" HPOS="2229" VPOS="2734" WIDTH="28"/>
						<String ID="P6_ST00605" HPOS="2257" VPOS="2677" WIDTH="69" HEIGHT="48" CONTENT="ihr" WC="0.92" CC="559"/>
						<SP ID="P6_SP00527" HPOS="2326" VPOS="2734" WIDTH="28"/>
						<String ID="P6_ST00606" HPOS="2354" VPOS="2677" WIDTH="42" HEIGHT="49" CONTENT="in" WC="0.80" CC="12"/>
						<SP ID="P6_SP00528" HPOS="2396" VPOS="2734" WIDTH="24"/>
						<String ID="P6_ST00607" HPOS="2420" VPOS="2677" WIDTH="131" HEIGHT="66" CONTENT="jeder" WC="0.99" CC="20030"/>
						<SP ID="P6_SP00529" HPOS="2551" VPOS="2743" WIDTH="17"/>
						<String ID="P6_ST00608" HPOS="2568" VPOS="2679" WIDTH="294" HEIGHT="66" CONTENT="Vorstellung" WC="0.99" CC="96506062670"/>
						<SP ID="P6_SP00530" HPOS="2862" VPOS="2745" WIDTH="30"/>
						<String ID="P6_ST00609" HPOS="2892" VPOS="2679" WIDTH="139" HEIGHT="50" CONTENT="durch" WC="0.96" CC="96906"/>
						<SP ID="P6_SP00531" HPOS="3031" VPOS="2745" WIDTH="32"/>
						<String ID="P6_ST00610" HPOS="3063" VPOS="2681" WIDTH="283" HEIGHT="64" CONTENT="allgemeines" WC="0.99" CC="74200000603"/>
					</TextLine>
					<TextLine ID="P6_TL00079" HPOS="1808" VPOS="2758" WIDTH="1538" HEIGHT="70">
						<String ID="P6_ST00611" HPOS="1808" VPOS="2758" WIDTH="310" HEIGHT="48" CONTENT="Hervorrufen" WC="0.99" CC="70605757073"/>
						<SP ID="P6_SP00532" HPOS="2118" VPOS="2806" WIDTH="41"/>
						<String ID="P6_ST00612" HPOS="2159" VPOS="2758" WIDTH="111" HEIGHT="48" CONTENT="nach" WC="0.96" CC="7714"/>
						<SP ID="P6_SP00533" HPOS="2270" VPOS="2806" WIDTH="41"/>
						<String ID="P6_ST00613" HPOS="2311" VPOS="2759" WIDTH="149" HEIGHT="65" CONTENT="jedem" WC="1.00" CC="03000"/>
						<SP ID="P6_SP00534" HPOS="2460" VPOS="2824" WIDTH="35"/>
						<String ID="P6_ST00614" HPOS="2495" VPOS="2761" WIDTH="292" HEIGHT="48" CONTENT="Actschlusse" WC="0.71" CC="30000606265"/>
						<SP ID="P6_SP00535" HPOS="2787" VPOS="2824" WIDTH="45"/>
						<String ID="P6_ST00615" HPOS="2832" VPOS="2780" WIDTH="56" HEIGHT="29" CONTENT="zu" WC="0.79" CC="30"/>
						<SP ID="P6_SP00536" HPOS="2888" VPOS="2824" WIDTH="29"/>
						<String ID="P6_ST00616" HPOS="2917" VPOS="2762" WIDTH="126" HEIGHT="47" CONTENT="Theil" WC="0.57" CC="07067"/>
						<SP ID="P6_SP00537" HPOS="3043" VPOS="2824" WIDTH="45"/>
						<String ID="P6_ST00617" HPOS="3088" VPOS="2765" WIDTH="258" HEIGHT="63" CONTENT="geworden." WC="0.99" CC="000590475"/>
					</TextLine>
					<TextLine ID="P6_TL00080" HPOS="1808" VPOS="2838" WIDTH="1538" HEIGHT="70">
						<String ID="P6_ST00618" HPOS="1808" VPOS="2838" WIDTH="137" HEIGHT="50" CONTENT="Jeder" WC="1.00" CC="01000"/>
						<SP ID="P6_SP00538" HPOS="1945" VPOS="2888" WIDTH="31"/>
						<String ID="P6_ST00619" HPOS="1976" VPOS="2839" WIDTH="152" HEIGHT="59" CONTENT="fühlte," WC="0.99" CC="7003601"/>
						<SP ID="P6_SP00539" HPOS="2128" VPOS="2898" WIDTH="31"/>
						<String ID="P6_ST00620" HPOS="2159" VPOS="2841" WIDTH="101" HEIGHT="48" CONTENT="dass" WC="0.50" CC="9702"/>
						<SP ID="P6_SP00540" HPOS="2260" VPOS="2898" WIDTH="32"/>
						<String ID="P6_ST00621" HPOS="2292" VPOS="2859" WIDTH="100" HEIGHT="31" CONTENT="man" WC="0.96" CC="053"/>
						<SP ID="P6_SP00541" HPOS="2392" VPOS="2898" WIDTH="31"/>
						<String ID="P6_ST00622" HPOS="2423" VPOS="2842" WIDTH="68" HEIGHT="48" CONTENT="ihr" WC="0.95" CC="075"/>
						<SP ID="P6_SP00542" HPOS="2491" VPOS="2898" WIDTH="31"/>
						<String ID="P6_ST00623" HPOS="2522" VPOS="2842" WIDTH="127" HEIGHT="50" CONTENT="allein" WC="1.00" CC="010001"/>
						<SP ID="P6_SP00543" HPOS="2649" VPOS="2898" WIDTH="25"/>
						<String ID="P6_ST00624" HPOS="2674" VPOS="2842" WIDTH="150" HEIGHT="50" CONTENT="diesen" WC="0.98" CC="001536"/>
						<SP ID="P6_SP00544" HPOS="2824" VPOS="2898" WIDTH="17"/>
						<String ID="P6_ST00625" HPOS="2841" VPOS="2843" WIDTH="302" HEIGHT="65" CONTENT="Hochgenuss" WC="0.60" CC="6337009800"/>
						<SP ID="P6_SP00545" HPOS="3143" VPOS="2908" WIDTH="25"/>
						<String ID="P6_ST00626" HPOS="3168" VPOS="2865" WIDTH="54" HEIGHT="29" CONTENT="zu" WC="0.67" CC="24"/>
						<SP ID="P6_SP00546" HPOS="3222" VPOS="2908" WIDTH="19"/>
						<String ID="P6_ST00627" HPOS="3241" VPOS="2847" WIDTH="79" HEIGHT="48" CONTENT="dan" SUBS_TYPE="HypPart1" SUBS_CONTENT="danken" WC="0.97" CC="057"/>
						<HYP HPOS="3320" VPOS="2847" WIDTH="26" CONTENT="-"/>
					</TextLine>
					<TextLine ID="P6_TL00081" HPOS="1808" VPOS="2922" WIDTH="1539" HEIGHT="56">
						<String ID="P6_ST00628" HPOS="1808" VPOS="2922" WIDTH="87" HEIGHT="50" CONTENT="ken" SUBS_TYPE="HypPart2" SUBS_CONTENT="danken" WC="0.98" CC="005"/>
						<SP ID="P6_SP00547" HPOS="1895" VPOS="2972" WIDTH="30"/>
						<String ID="P6_ST00629" HPOS="1925" VPOS="2922" WIDTH="127" HEIGHT="50" CONTENT="habe." WC="0.97" CC="74700"/>
						<SP ID="P6_SP00548" HPOS="2052" VPOS="2972" WIDTH="34"/>
						<String ID="P6_ST00630" HPOS="2086" VPOS="2923" WIDTH="83" HEIGHT="49" CONTENT="Die" WC="0.99" CC="003"/>
						<SP ID="P6_SP00549" HPOS="2169" VPOS="2972" WIDTH="27"/>
						<String ID="P6_ST00631" HPOS="2196" VPOS="2925" WIDTH="268" HEIGHT="48" CONTENT="heimischen" WC="0.99" CC="7044050706"/>
						<SP ID="P6_SP00550" HPOS="2464" VPOS="2973" WIDTH="13"/>
						<String ID="P6_ST00632" HPOS="2477" VPOS="2926" WIDTH="159" HEIGHT="47" CONTENT="Kräfte" WC="0.99" CC="000074"/>
						<SP ID="P6_SP00551" HPOS="2636" VPOS="2973" WIDTH="23"/>
						<String ID="P6_ST00633" HPOS="2659" VPOS="2926" WIDTH="191" HEIGHT="48" CONTENT="wirkten" WC="0.98" CC="0069616"/>
						<SP ID="P6_SP00552" HPOS="2850" VPOS="2974" WIDTH="25"/>
						<String ID="P6_ST00634" HPOS="2875" VPOS="2926" WIDTH="108" HEIGHT="48" CONTENT="aber" WC="0.96" CC="7630"/>
						<SP ID="P6_SP00553" HPOS="2983" VPOS="2974" WIDTH="30"/>
						<String ID="P6_ST00635" HPOS="3013" VPOS="2927" WIDTH="112" HEIGHT="48" CONTENT="auch" WC="0.97" CC="4604"/>
						<SP ID="P6_SP00554" HPOS="3125" VPOS="2975" WIDTH="31"/>
						<String ID="P6_ST00636" HPOS="3156" VPOS="2928" WIDTH="82" HEIGHT="50" CONTENT="alle" WC="0.98" CC="5004"/>
						<SP ID="P6_SP00555" HPOS="3238" VPOS="2978" WIDTH="29"/>
						<String ID="P6_ST00637" HPOS="3267" VPOS="2930" WIDTH="80" HEIGHT="48" CONTENT="mit" WC="0.97" CC="006"/>
					</TextLine>
					<TextLine ID="P6_TL00082" HPOS="1809" VPOS="3005" WIDTH="1535" HEIGHT="68">
						<String ID="P6_ST00638" HPOS="1809" VPOS="3021" WIDTH="194" HEIGHT="32" CONTENT="warmer" WC="0.97" CC="075906"/>
						<SP ID="P6_SP00556" HPOS="2003" VPOS="3053" WIDTH="16"/>
						<String ID="P6_ST00639" HPOS="2019" VPOS="3005" WIDTH="288" HEIGHT="50" CONTENT="Theilnahme" WC="0.50" CC="8610065776"/>
						<SP ID="P6_SP00557" HPOS="2307" VPOS="3055" WIDTH="18"/>
						<String ID="P6_ST00640" HPOS="2325" VPOS="3025" WIDTH="100" HEIGHT="29" CONTENT="zum" WC="0.95" CC="660"/>
						<SP ID="P6_SP00558" HPOS="2425" VPOS="3055" WIDTH="23"/>
						<String ID="P6_ST00641" HPOS="2448" VPOS="3006" WIDTH="216" HEIGHT="66" CONTENT="Gelingen" WC="0.99" CC="50855001"/>
						<SP ID="P6_SP00559" HPOS="2664" VPOS="3072" WIDTH="23"/>
						<String ID="P6_ST00642" HPOS="2687" VPOS="3007" WIDTH="78" HEIGHT="48" CONTENT="des" WC="1.00" CC="000"/>
						<SP ID="P6_SP00560" HPOS="2765" VPOS="3072" WIDTH="19"/>
						<String ID="P6_ST00643" HPOS="2784" VPOS="3008" WIDTH="405" HEIGHT="65" CONTENT="unvergänglichen" WC="0.99" CC="630100964686606"/>
						<SP ID="P6_SP00561" HPOS="3189" VPOS="3073" WIDTH="15"/>
						<String ID="P6_ST00644" HPOS="3204" VPOS="3012" WIDTH="105" HEIGHT="50" CONTENT="Wer" SUBS_TYPE="HypPart1" SUBS_CONTENT="Werkes" WC="1.00" CC="000"/>
						<HYP HPOS="3309" VPOS="3012" WIDTH="35" CONTENT="-"/>
					</TextLine>
					<TextLine ID="P6_TL00083" HPOS="1808" VPOS="3086" WIDTH="1536" HEIGHT="71">
						<String ID="P6_ST00645" HPOS="1808" VPOS="3086" WIDTH="79" HEIGHT="48" CONTENT="kes" SUBS_TYPE="HypPart2" SUBS_CONTENT="Werkes" WC="0.96" CC="900"/>
						<SP ID="P6_SP00562" HPOS="1887" VPOS="3134" WIDTH="28"/>
						<String ID="P6_ST00646" HPOS="1915" VPOS="3086" WIDTH="79" HEIGHT="48" CONTENT="mit" WC="0.97" CC="511"/>
						<SP ID="P6_SP00563" HPOS="1994" VPOS="3134" WIDTH="30"/>
						<String ID="P6_ST00647" HPOS="2024" VPOS="3087" WIDTH="89" HEIGHT="50" CONTENT="und" WC="0.96" CC="550"/>
						<SP ID="P6_SP00564" HPOS="2113" VPOS="3137" WIDTH="32"/>
						<String ID="P6_ST00648" HPOS="2145" VPOS="3088" WIDTH="237" HEIGHT="49" CONTENT="verdienen" WC="1.00" CC="005000500"/>
						<SP ID="P6_SP00565" HPOS="2382" VPOS="3137" WIDTH="31"/>
						<String ID="P6_ST00649" HPOS="2413" VPOS="3088" WIDTH="354" HEIGHT="68" CONTENT="Anerkennung." WC="0.99" CC="260450566701"/>
						<SP ID="P6_SP00566" HPOS="2767" VPOS="3156" WIDTH="41"/>
						<String ID="P6_ST00650" HPOS="2808" VPOS="3091" WIDTH="61" HEIGHT="48" CONTENT="Es" WC="0.86" CC="20"/>
						<SP ID="P6_SP00567" HPOS="2869" VPOS="3156" WIDTH="30"/>
						<String ID="P6_ST00651" HPOS="2899" VPOS="3107" WIDTH="95" HEIGHT="32" CONTENT="war" WC="0.96" CC="055"/>
						<SP ID="P6_SP00568" HPOS="2994" VPOS="3156" WIDTH="28"/>
						<String ID="P6_ST00652" HPOS="3022" VPOS="3092" WIDTH="188" HEIGHT="65" CONTENT="nirgend" WC="0.99" CC="0390040"/>
						<SP ID="P6_SP00569" HPOS="3210" VPOS="3157" WIDTH="29"/>
						<String ID="P6_ST00653" HPOS="3239" VPOS="3095" WIDTH="79" HEIGHT="48" CONTENT="Stö" SUBS_TYPE="HypPart1" SUBS_CONTENT="Störendes" WC="1.00" CC="000"/>
						<HYP HPOS="3318" VPOS="3095" WIDTH="26" CONTENT="-"/>
					</TextLine>
					<TextLine ID="P6_TL00084" HPOS="1807" VPOS="3168" WIDTH="833" HEIGHT="52">
						<String ID="P6_ST00654" HPOS="1807" VPOS="3170" WIDTH="162" HEIGHT="49" CONTENT="rendes" SUBS_TYPE="HypPart2" SUBS_CONTENT="Störendes" WC="0.98" CC="807041"/>
						<SP ID="P6_SP00570" HPOS="1969" VPOS="3219" WIDTH="30"/>
						<String ID="P6_ST00655" HPOS="1999" VPOS="3168" WIDTH="57" HEIGHT="50" CONTENT="im" WC="0.84" CC="03"/>
						<SP ID="P6_SP00571" HPOS="2056" VPOS="3219" WIDTH="29"/>
						<String ID="P6_ST00656" HPOS="2085" VPOS="3170" WIDTH="244" HEIGHT="49" CONTENT="Ensemble" WC="0.99" CC="06100550"/>
						<SP ID="P6_SP00572" HPOS="2329" VPOS="3219" WIDTH="29"/>
						<String ID="P6_ST00657" HPOS="2358" VPOS="3171" WIDTH="282" HEIGHT="49" CONTENT="bemerkbar." WC="0.98" CC="7155086093"/>
					</TextLine>
					<TextLine ID="P6_TL00085" HPOS="1928" VPOS="3251" WIDTH="1414" HEIGHT="72">
						<String ID="P6_ST00658" HPOS="1928" VPOS="3251" WIDTH="85" HEIGHT="48" CONTENT="Die" WC="0.96" CC="703"/>
						<SP ID="P6_SP00573" HPOS="2013" VPOS="3299" WIDTH="28"/>
						<String ID="P6_ST00659" HPOS="2041" VPOS="3253" WIDTH="337" HEIGHT="65" CONTENT="gegenwärtige" WC="0.99" CC="000770006095"/>
						<SP ID="P6_SP00574" HPOS="2378" VPOS="3318" WIDTH="30"/>
						<String ID="P6_ST00660" HPOS="2408" VPOS="3255" WIDTH="379" HEIGHT="66" CONTENT="Inscenesetzung" WC="0.74" CC="20500600065720"/>
						<SP ID="P6_SP00575" HPOS="2787" VPOS="3321" WIDTH="24"/>
						<String ID="P6_ST00661" HPOS="2811" VPOS="3256" WIDTH="145" HEIGHT="48" CONTENT="dieser" WC="0.99" CC="000305"/>
						<SP ID="P6_SP00576" HPOS="2956" VPOS="3321" WIDTH="22"/>
						<String ID="P6_ST00662" HPOS="2978" VPOS="3257" WIDTH="141" HEIGHT="66" CONTENT="Oper," WC="0.96" CC="89904"/>
						<SP ID="P6_SP00577" HPOS="3119" VPOS="3323" WIDTH="30"/>
						<String ID="P6_ST00663" HPOS="3149" VPOS="3257" WIDTH="68" HEIGHT="49" CONTENT="die" WC="0.96" CC="063"/>
						<SP ID="P6_SP00578" HPOS="3217" VPOS="3323" WIDTH="25"/>
						<String ID="P6_ST00664" HPOS="3242" VPOS="3276" WIDTH="100" HEIGHT="32" CONTENT="zum" WC="0.95" CC="355"/>
					</TextLine>
					<TextLine ID="P6_TL00086" HPOS="1808" VPOS="3332" WIDTH="1538" HEIGHT="73">
						<String ID="P6_ST00665" HPOS="1808" VPOS="3340" WIDTH="150" HEIGHT="42" CONTENT="ersten" WC="0.99" CC="002145"/>
						<SP ID="P6_SP00579" HPOS="1958" VPOS="3382" WIDTH="31"/>
						<String ID="P6_ST00666" HPOS="1989" VPOS="3333" WIDTH="118" HEIGHT="49" CONTENT="Male" WC="0.98" CC="0603"/>
						<SP ID="P6_SP00580" HPOS="2107" VPOS="3382" WIDTH="36"/>
						<String ID="P6_ST00667" HPOS="2143" VPOS="3332" WIDTH="150" HEIGHT="51" CONTENT="1797" WC="0.33" CC="7747"/>
						<SP ID="P6_SP00581" HPOS="2293" VPOS="3383" WIDTH="45"/>
						<String ID="P6_ST00668" HPOS="2338" VPOS="3335" WIDTH="43" HEIGHT="48" CONTENT="in" WC="0.70" CC="05"/>
						<SP ID="P6_SP00582" HPOS="2381" VPOS="3383" WIDTH="30"/>
						<String ID="P6_ST00669" HPOS="2411" VPOS="3336" WIDTH="124" HEIGHT="48" CONTENT="Paris" WC="0.99" CC="07000"/>
						<SP ID="P6_SP00583" HPOS="2535" VPOS="3384" WIDTH="43"/>
						<String ID="P6_ST00670" HPOS="2578" VPOS="3336" WIDTH="80" HEIGHT="48" CONTENT="auf" WC="0.96" CC="740"/>
						<SP ID="P6_SP00584" HPOS="2658" VPOS="3384" WIDTH="34"/>
						<String ID="P6_ST00671" HPOS="2692" VPOS="3337" WIDTH="69" HEIGHT="49" CONTENT="die" WC="1.00" CC="000"/>
						<SP ID="P6_SP00585" HPOS="2761" VPOS="3386" WIDTH="29"/>
						<String ID="P6_ST00672" HPOS="2790" VPOS="3339" WIDTH="159" HEIGHT="47" CONTENT="Bühne" WC="0.96" CC="76664"/>
						<SP ID="P6_SP00586" HPOS="2949" VPOS="3386" WIDTH="42"/>
						<String ID="P6_ST00673" HPOS="2991" VPOS="3339" WIDTH="115" HEIGHT="57" CONTENT="kam," WC="0.99" CC="0600"/>
						<SP ID="P6_SP00587" HPOS="3106" VPOS="3396" WIDTH="45"/>
						<String ID="P6_ST00674" HPOS="3151" VPOS="3340" WIDTH="195" HEIGHT="65" CONTENT="geschah" WC="0.99" CC="0300266"/>
					</TextLine>
					<TextLine ID="P6_TL00087" HPOS="1807" VPOS="3417" WIDTH="1538" HEIGHT="65">
						<String ID="P6_ST00675" HPOS="1807" VPOS="3422" WIDTH="161" HEIGHT="59" CONTENT="getreu" WC="0.99" CC="000046"/>
						<SP ID="P6_SP00588" HPOS="1968" VPOS="3481" WIDTH="29"/>
						<String ID="P6_ST00676" HPOS="1997" VPOS="3417" WIDTH="112" HEIGHT="47" CONTENT="nach" WC="0.97" CC="0606"/>
						<SP ID="P6_SP00589" HPOS="2109" VPOS="3481" WIDTH="33"/>
						<String ID="P6_ST00677" HPOS="2142" VPOS="3417" WIDTH="79" HEIGHT="47" CONTENT="der" WC="0.97" CC="033"/>
						<SP ID="P6_SP00590" HPOS="2221" VPOS="3481" WIDTH="20"/>
						<String ID="P6_ST00678" HPOS="2241" VPOS="3417" WIDTH="278" HEIGHT="65" CONTENT="gedruckten" WC="0.99" CC="0096670007"/>
						<SP ID="P6_SP00591" HPOS="2519" VPOS="3482" WIDTH="16"/>
						<String ID="P6_ST00679" HPOS="2535" VPOS="3420" WIDTH="212" HEIGHT="48" CONTENT="Partitur." WC="0.99" CC="065034750"/>
						<SP ID="P6_SP00592" HPOS="2747" VPOS="3482" WIDTH="29"/>
						<String ID="P6_ST00680" HPOS="2776" VPOS="3420" WIDTH="85" HEIGHT="48" CONTENT="Die" WC="0.99" CC="003"/>
						<SP ID="P6_SP00593" HPOS="2861" VPOS="3482" WIDTH="24"/>
						<String ID="P6_ST00681" HPOS="2885" VPOS="3420" WIDTH="57" HEIGHT="48" CONTENT="im" WC="0.74" CC="05"/>
						<SP ID="P6_SP00594" HPOS="2942" VPOS="3482" WIDTH="18"/>
						<String ID="P6_ST00682" HPOS="2960" VPOS="3421" WIDTH="385" HEIGHT="51" CONTENT="Theater-Archiv" WC="1.00" CC="06000021700702"/>
					</TextLine>
					<TextLine ID="P6_TL00088" HPOS="1806" VPOS="3496" WIDTH="1539" HEIGHT="70">
						<String ID="P6_ST00683" HPOS="1806" VPOS="3496" WIDTH="270" HEIGHT="50" CONTENT="befindliche" WC="0.99" CC="62007064050"/>
						<SP ID="P6_SP00595" HPOS="2076" VPOS="3546" WIDTH="31"/>
						<String ID="P6_ST00684" HPOS="2107" VPOS="3499" WIDTH="80" HEIGHT="48" CONTENT="soll" WC="0.96" CC="6750"/>
						<SP ID="P6_SP00596" HPOS="2187" VPOS="3547" WIDTH="33"/>
						<String ID="P6_ST00685" HPOS="2220" VPOS="3499" WIDTH="139" HEIGHT="48" CONTENT="durch" WC="0.99" CC="02303"/>
						<SP ID="P6_SP00597" HPOS="2359" VPOS="3547" WIDTH="26"/>
						<String ID="P6_ST00686" HPOS="2385" VPOS="3500" WIDTH="162" HEIGHT="49" CONTENT="Guhr's" WC="0.82" CC="006400"/>
						<SP ID="P6_SP00598" HPOS="2547" VPOS="3549" WIDTH="31"/>
						<String ID="P6_ST00687" HPOS="2578" VPOS="3501" WIDTH="189" HEIGHT="65" CONTENT="geübtes" WC="0.99" CC="0006009"/>
						<SP ID="P6_SP00599" HPOS="2767" VPOS="3566" WIDTH="23"/>
						<String ID="P6_ST00688" HPOS="2790" VPOS="3501" WIDTH="310" HEIGHT="59" CONTENT="Secirmesser," WC="0.71" CC="705006263200"/>
						<SP ID="P6_SP00600" HPOS="3100" VPOS="3566" WIDTH="30"/>
						<String ID="P6_ST00689" HPOS="3130" VPOS="3505" WIDTH="112" HEIGHT="48" CONTENT="nach" WC="0.97" CC="5405"/>
						<SP ID="P6_SP00601" HPOS="3242" VPOS="3566" WIDTH="15"/>
						<String ID="P6_ST00690" HPOS="3257" VPOS="3506" WIDTH="88" HEIGHT="48" CONTENT="Art" WC="0.97" CC="350"/>
					</TextLine>
					<TextLine ID="P6_TL00089" HPOS="1807" VPOS="3580" WIDTH="1537" HEIGHT="68">
						<String ID="P6_ST00691" HPOS="1807" VPOS="3580" WIDTH="229" HEIGHT="66" CONTENT="gefälliger" WC="0.99" CC="0070031006"/>
						<SP ID="P6_SP00602" HPOS="2036" VPOS="3646" WIDTH="30"/>
						<String ID="P6_ST00692" HPOS="2066" VPOS="3581" WIDTH="109" HEIGHT="48" CONTENT="oder" WC="0.96" CC="3903"/>
						<SP ID="P6_SP00603" HPOS="2175" VPOS="3646" WIDTH="31"/>
						<String ID="P6_ST00693" HPOS="2206" VPOS="3581" WIDTH="341" HEIGHT="67" CONTENT="leichtsinniger," WC="0.99" CC="651070607670463"/>
						<SP ID="P6_SP00604" HPOS="2547" VPOS="3648" WIDTH="32"/>
						<String ID="P6_ST00694" HPOS="2579" VPOS="3601" WIDTH="75" HEIGHT="31" CONTENT="um" WC="0.69" CC="60"/>
						<SP ID="P6_SP00605" HPOS="2654" VPOS="3648" WIDTH="33"/>
						<String ID="P6_ST00695" HPOS="2687" VPOS="3582" WIDTH="226" HEIGHT="66" CONTENT="logischen" WC="0.99" CC="330300604"/>
						<SP ID="P6_SP00606" HPOS="2913" VPOS="3648" WIDTH="29"/>
						<String ID="P6_ST00696" HPOS="2942" VPOS="3587" WIDTH="157" HEIGHT="49" CONTENT="Nexus" WC="0.97" CC="50571"/>
						<SP ID="P6_SP00607" HPOS="3099" VPOS="3648" WIDTH="30"/>
						<String ID="P6_ST00697" HPOS="3129" VPOS="3587" WIDTH="90" HEIGHT="49" CONTENT="sich" WC="0.99" CC="0600"/>
						<SP ID="P6_SP00608" HPOS="3219" VPOS="3648" WIDTH="34"/>
						<String ID="P6_ST00698" HPOS="3253" VPOS="3605" WIDTH="61" HEIGHT="32" CONTENT="we" SUBS_TYPE="HypPart1" SUBS_CONTENT="wenig" WC="1.00" CC="00"/>
						<HYP HPOS="3314" VPOS="3605" WIDTH="30" CONTENT="-"/>
					</TextLine>
					<TextLine ID="P6_TL00090" HPOS="1806" VPOS="3661" WIDTH="1539" HEIGHT="71">
						<String ID="P6_ST00699" HPOS="1806" VPOS="3661" WIDTH="75" HEIGHT="66" CONTENT="nig" SUBS_TYPE="HypPart2" SUBS_CONTENT="wenig" WC="0.98" CC="500"/>
						<SP ID="P6_SP00609" HPOS="1881" VPOS="3727" WIDTH="30"/>
						<String ID="P6_ST00700" HPOS="1911" VPOS="3661" WIDTH="319" HEIGHT="51" CONTENT="kümmernder" WC="0.99" CC="8946060006"/>
						<SP ID="P6_SP00610" HPOS="2230" VPOS="3727" WIDTH="28"/>
						<String ID="P6_ST00701" HPOS="2258" VPOS="3664" WIDTH="571" HEIGHT="67" CONTENT="Theater-Capellmeister," WC="0.81" CC="0410405042000600004032"/>
						<SP ID="P6_SP00611" HPOS="2829" VPOS="3731" WIDTH="40"/>
						<String ID="P6_ST00702" HPOS="2869" VPOS="3674" WIDTH="138" HEIGHT="42" CONTENT="etwas" WC="0.98" CC="40070"/>
						<SP ID="P6_SP00612" HPOS="3007" VPOS="3731" WIDTH="42"/>
						<String ID="P6_ST00703" HPOS="3049" VPOS="3670" WIDTH="296" HEIGHT="62" CONTENT="grausamlich" WC="0.47" CC="04481766656"/>
					</TextLine>
					<TextLine ID="P6_TL00091" HPOS="1805" VPOS="3745" WIDTH="1536" HEIGHT="71">
						<String ID="P6_ST00704" HPOS="1805" VPOS="3746" WIDTH="311" HEIGHT="48" CONTENT="verstümmelt" WC="0.99" CC="81026000056"/>
						<SP ID="P6_SP00613" HPOS="2116" VPOS="3794" WIDTH="29"/>
						<String ID="P6_ST00705" HPOS="2145" VPOS="3745" WIDTH="106" HEIGHT="49" CONTENT="sein." WC="0.99" CC="00060"/>
						<SP ID="P6_SP00614" HPOS="2251" VPOS="3794" WIDTH="59"/>
						<String ID="P6_ST00706" HPOS="2310" VPOS="3748" WIDTH="84" HEIGHT="48" CONTENT="Die" WC="0.98" CC="006"/>
						<SP ID="P6_SP00615" HPOS="2394" VPOS="3796" WIDTH="31"/>
						<String ID="P6_ST00707" HPOS="2425" VPOS="3746" WIDTH="225" HEIGHT="51" CONTENT="frevelnde" WC="1.00" CC="030020700"/>
						<SP ID="P6_SP00616" HPOS="2650" VPOS="3797" WIDTH="29"/>
						<String ID="P6_ST00708" HPOS="2679" VPOS="3748" WIDTH="134" HEIGHT="49" CONTENT="Hand" WC="0.97" CC="3460"/>
						<SP ID="P6_SP00617" HPOS="2813" VPOS="3797" WIDTH="40"/>
						<String ID="P6_ST00709" HPOS="2853" VPOS="3749" WIDTH="78" HEIGHT="49" CONTENT="des" WC="1.00" CC="000"/>
						<SP ID="P6_SP00618" HPOS="2931" VPOS="3798" WIDTH="33"/>
						<String ID="P6_ST00710" HPOS="2964" VPOS="3750" WIDTH="377" HEIGHT="66" CONTENT="Capeilmeisters," WC="0.65" CC="670450502700714"/>
					</TextLine>
				</TextBlock>
				<TextBlock ID="P6_TB00008" HPOS="1937" VPOS="3889" WIDTH="1408" HEIGHT="244" STYLEREFS="TXT_2 PAR_BLOCK">
					<TextLine ID="P6_TL00092" HPOS="1937" VPOS="3889" WIDTH="1408" HEIGHT="51">
						<String ID="P6_ST00711" HPOS="1937" VPOS="3893" WIDTH="92" HEIGHT="46" CONTENT="gute" WC="0.98" CC="6400"/>
						<SP ID="P6_SP00619" HPOS="2029" VPOS="3939" WIDTH="25"/>
						<String ID="P6_ST00712" HPOS="2054" VPOS="3889" WIDTH="168" HEIGHT="51" CONTENT="Sänger;" WC="0.98" CC="0639520"/>
						<SP ID="P6_SP00620" HPOS="2222" VPOS="3940" WIDTH="107"/>
						<String ID="P6_ST00713" HPOS="2329" VPOS="3892" WIDTH="45" HEIGHT="39" CONTENT="Je" WC="0.65" CC="70"/>
						<SP ID="P6_SP00621" HPOS="2374" VPOS="3940" WIDTH="37"/>
						<String ID="P6_ST00714" HPOS="2411" VPOS="3892" WIDTH="112" HEIGHT="40" CONTENT="mehr" WC="0.96" CC="4076"/>
						<SP ID="P6_SP00622" HPOS="2523" VPOS="3940" WIDTH="39"/>
						<String ID="P6_ST00715" HPOS="2562" VPOS="3904" WIDTH="77" HEIGHT="27" CONTENT="von" WC="0.93" CC="576"/>
						<SP ID="P6_SP00623" HPOS="2639" VPOS="3940" WIDTH="34"/>
						<String ID="P6_ST00716" HPOS="2673" VPOS="3893" WIDTH="193" HEIGHT="39" CONTENT="Weisheit" WC="0.99" CC="40065000"/>
						<SP ID="P6_SP00624" HPOS="2866" VPOS="3940" WIDTH="29"/>
						<String ID="P6_ST00717" HPOS="2895" VPOS="3896" WIDTH="78" HEIGHT="38" CONTENT="und" WC="0.98" CC="060"/>
						<SP ID="P6_SP00625" HPOS="2973" VPOS="3940" WIDTH="29"/>
						<String ID="P6_ST00718" HPOS="3002" VPOS="3897" WIDTH="322" HEIGHT="42" CONTENT="Fortschritts-Ge" SUBS_TYPE="HypPart1" SUBS_CONTENT="Fortschritts-Geschrei" WC="0.99" CC="696500000730060"/>
						<HYP HPOS="3324" VPOS="3897" WIDTH="21" CONTENT="-"/>
					</TextLine>
					<TextLine ID="P6_TL00093" HPOS="1937" VPOS="3949" WIDTH="1406" HEIGHT="57">
						<String ID="P6_ST00719" HPOS="1937" VPOS="3949" WIDTH="127" HEIGHT="39" CONTENT="schrei" SUBS_TYPE="HypPart2" SUBS_CONTENT="Fortschritts-Geschrei" WC="0.99" CC="600104"/>
						<SP ID="P6_SP00626" HPOS="2064" VPOS="3988" WIDTH="36"/>
						<String ID="P6_ST00720" HPOS="2100" VPOS="3951" WIDTH="323" HEIGHT="41" CONTENT="überströmende" WC="0.99" CC="0102069710604"/>
						<SP ID="P6_SP00627" HPOS="2423" VPOS="3992" WIDTH="29"/>
						<String ID="P6_ST00721" HPOS="2452" VPOS="3953" WIDTH="303" HEIGHT="50" CONTENT="Compositions-" WC="0.69" CC="4063600065230"/>
						<SP ID="P6_SP00628" HPOS="2755" VPOS="4003" WIDTH="41"/>
						<String ID="P6_ST00722" HPOS="2796" VPOS="3955" WIDTH="80" HEIGHT="38" CONTENT="und" WC="0.95" CC="740"/>
						<SP ID="P6_SP00629" HPOS="2876" VPOS="4003" WIDTH="30"/>
						<String ID="P6_ST00723" HPOS="2906" VPOS="3956" WIDTH="144" HEIGHT="40" CONTENT="andere" WC="0.99" CC="450030"/>
						<SP ID="P6_SP00630" HPOS="3050" VPOS="4003" WIDTH="28"/>
						<String ID="P6_ST00724" HPOS="3078" VPOS="3958" WIDTH="265" HEIGHT="48" CONTENT="Lehrbücher," WC="0.99" CC="70647400054"/>
					</TextLine>
					<TextLine ID="P6_TL00094" HPOS="1939" VPOS="4010" WIDTH="1406" HEIGHT="58">
						<String ID="P6_ST00725" HPOS="1939" VPOS="4010" WIDTH="109" HEIGHT="39" CONTENT="desto" WC="0.99" CC="00071"/>
						<SP ID="P6_SP00631" HPOS="2048" VPOS="4049" WIDTH="16"/>
						<String ID="P6_ST00726" HPOS="2064" VPOS="4011" WIDTH="172" HEIGHT="52" CONTENT="weniger" WC="0.99" CC="6050043"/>
						<SP ID="P6_SP00632" HPOS="2236" VPOS="4063" WIDTH="15"/>
						<String ID="P6_ST00727" HPOS="2251" VPOS="4014" WIDTH="342" HEIGHT="39" CONTENT="wissenschaftlich" WC="1.00" CC="0060000154444600"/>
						<SP ID="P6_SP00633" HPOS="2593" VPOS="4063" WIDTH="15"/>
						<String ID="P6_ST00728" HPOS="2608" VPOS="4015" WIDTH="265" HEIGHT="51" CONTENT="ausgebildete" WC="1.00" CC="000005048000"/>
						<SP ID="P6_SP00634" HPOS="2873" VPOS="4066" WIDTH="12"/>
						<String ID="P6_ST00729" HPOS="2885" VPOS="4015" WIDTH="281" HEIGHT="52" CONTENT="Componisten" WC="0.62" CC="56850450500"/>
						<SP ID="P6_SP00635" HPOS="3166" VPOS="4067" WIDTH="17"/>
						<String ID="P6_ST00730" HPOS="3183" VPOS="4031" WIDTH="38" HEIGHT="27" CONTENT="u." WC="0.76" CC="40"/>
						<SP ID="P6_SP00636" HPOS="3221" VPOS="4067" WIDTH="16"/>
						<String ID="P6_ST00731" HPOS="3237" VPOS="4031" WIDTH="29" HEIGHT="28" CONTENT="s." WC="0.64" CC="51"/>
						<SP ID="P6_SP00637" HPOS="3266" VPOS="4067" WIDTH="18"/>
						<String ID="P6_ST00732" HPOS="3284" VPOS="4033" WIDTH="61" HEIGHT="35" CONTENT="w.," WC="0.93" CC="002"/>
					</TextLine>
					<TextLine ID="P6_TL00095" HPOS="1937" VPOS="4073" WIDTH="1408" HEIGHT="60">
						<String ID="P6_ST00733" HPOS="1937" VPOS="4073" WIDTH="191" HEIGHT="41" CONTENT="überlässt" WC="0.69" CC="060060057"/>
						<SP ID="P6_SP00638" HPOS="2128" VPOS="4114" WIDTH="28"/>
						<String ID="P6_ST00734" HPOS="2156" VPOS="4075" WIDTH="68" HEIGHT="39" CONTENT="der" WC="0.98" CC="004"/>
						<SP ID="P6_SP00639" HPOS="2224" VPOS="4114" WIDTH="28"/>
						<String ID="P6_ST00735" HPOS="2252" VPOS="4075" WIDTH="205" HEIGHT="40" CONTENT="Verfasser" WC="0.99" CC="701463004"/>
						<SP ID="P6_SP00640" HPOS="2457" VPOS="4115" WIDTH="35"/>
						<String ID="P6_ST00736" HPOS="2492" VPOS="4076" WIDTH="172" HEIGHT="41" CONTENT="anderen" WC="0.99" CC="6502006"/>
						<SP ID="P6_SP00641" HPOS="2664" VPOS="4117" WIDTH="28"/>
						<String ID="P6_ST00737" HPOS="2692" VPOS="4077" WIDTH="154" HEIGHT="41" CONTENT="Federn" WC="0.97" CC="700567"/>
						<SP ID="P6_SP00642" HPOS="2846" VPOS="4118" WIDTH="36"/>
						<String ID="P6_ST00738" HPOS="2882" VPOS="4090" WIDTH="68" HEIGHT="29" CONTENT="zur" WC="0.93" CC="566"/>
						<SP ID="P6_SP00643" HPOS="2950" VPOS="4119" WIDTH="26"/>
						<String ID="P6_ST00739" HPOS="2976" VPOS="4078" WIDTH="369" HEIGHT="55" CONTENT="Ausschmückung." WC="0.99" CC="60670300060497"/>
					</TextLine>
				</TextBlock>
			</PrintSpace>
		</Page>
	</Layout>
</alto>
