<?xml version="1.0" encoding="UTF-8"?>
<alto xmlns:xsi="http://www.w3.org/2001/XMLSchema-instance" xmlns="http://www.loc.gov/standards/alto/ns-v2#" xsi:schemaLocation="http://www.loc.gov/standards/alto/ns-v2# http://www.loc.gov/standards/alto/alto-v2.0.xsd" xmlns:xlink="http://www.w3.org/1999/xlink">
	<Description>
		<MeasurementUnit>mm10</MeasurementUnit>
		<sourceImageInformation>
			<fileName>//fileserver7/IN2/Princeton/Batch2/bmtnaav/1914/12_01/00000035.tif</fileName>
		</sourceImageInformation>
		<OCRProcessing ID="OCRPROCESSING_1">
			<preProcessingStep>
				<processingSoftware>
					<softwareCreator>CCS Content Conversion Specialists GmbH, Germany</softwareCreator>
					<softwareName>CCS docWORKS</softwareName>
					<softwareVersion>6.6-0.29</softwareVersion>
				</processingSoftware>
			</preProcessingStep>
			<ocrProcessingStep>
				<processingSoftware>
					<softwareCreator>ABBYY (BIT Software), Russia</softwareCreator>
					<softwareName>FineReader</softwareName>
					<softwareVersion>10.0</softwareVersion>
				</processingSoftware>
			</ocrProcessingStep>
		</OCRProcessing>
	</Description>
	<Styles>
		<TextStyle ID="TXT_0" FONTSIZE="10" FONTFAMILY="Times New Roman"/>
		<ParagraphStyle ID="PAR_LEFT" ALIGN="Left"/>
		<ParagraphStyle ID="PAR_RIGHT" ALIGN="Right"/>
		<ParagraphStyle ID="PAR_CENTER" ALIGN="Center"/>
	</Styles>
	<Layout>
		<Page ID="P32" PHYSICAL_IMG_NR="32" HEIGHT="4089" WIDTH="2644" PRINTED_IMG_NR="181" PC="0.926">
			<TopMargin ID="P32_TM00001" HPOS="0" VPOS="0" WIDTH="2644" HEIGHT="472">
				<TextBlock ID="P32_TB00001" HPOS="164" VPOS="405" WIDTH="716" HEIGHT="65" STYLEREFS="TXT_0 PAR_LEFT">
					<TextLine ID="P32_TL00001" HPOS="165" VPOS="406" WIDTH="712" HEIGHT="61">
						<String ID="P32_ST00001" HPOS="165" VPOS="406" WIDTH="178" HEIGHT="60" CONTENT="THE" WC="0.99" CC="003"/>
						<SP ID="P32_SP00001" HPOS="343" VPOS="466" WIDTH="45"/>
						<String ID="P32_ST00002" HPOS="388" VPOS="407" WIDTH="489" HEIGHT="60" CONTENT="STAIRCASE" WC="0.99" CC="200551012"/>
						<SP ID="P32_SP00002" HPOS="877" VPOS="467" WIDTH="0"/>
					</TextLine>
				</TextBlock>
				<TextBlock ID="P32_TB00002" HPOS="1592" VPOS="405" WIDTH="872" HEIGHT="65" STYLEREFS="TXT_0 PAR_RIGHT">
					<TextLine ID="P32_TL00002" HPOS="1596" VPOS="407" WIDTH="868" HEIGHT="63">
						<String ID="P32_ST00003" HPOS="1596" VPOS="409" WIDTH="338" HEIGHT="61" CONTENT="Lascelles" WC="0.72" CC="355000045"/>
						<SP ID="P32_SP00003" HPOS="1934" VPOS="470" WIDTH="52"/>
						<String ID="P32_ST00004" HPOS="1986" VPOS="407" WIDTH="478" HEIGHT="61" CONTENT="Abercrombie" WC="0.94" CC="20000040000"/>
					</TextLine>
				</TextBlock>
			</TopMargin>
			<LeftMargin ID="P32_LM00001" HPOS="0" VPOS="472" WIDTH="6" HEIGHT="3107"/>
			<RightMargin ID="P32_RM00001" HPOS="2637" VPOS="472" WIDTH="7" HEIGHT="3107"/>
			<BottomMargin ID="P32_BM00001" HPOS="0" VPOS="3579" WIDTH="2644" HEIGHT="510">
				<TextBlock ID="P32_TB00003" HPOS="1270" VPOS="3581" WIDTH="82" HEIGHT="48" STYLEREFS="TXT_0 PAR_CENTER">
					<TextLine ID="P32_TL00003" HPOS="1271" VPOS="3584" WIDTH="81" HEIGHT="45">
						<String ID="P32_ST00005" HPOS="1271" VPOS="3584" WIDTH="81" HEIGHT="45" CONTENT="181" WC="0.55" CC="434"/>
					</TextLine>
				</TextBlock>
			</BottomMargin>
			<PrintSpace ID="P32_PS00001" HPOS="6" VPOS="472" WIDTH="2631" HEIGHT="3107">
				<TextBlock ID="P32_TB00004" HPOS="161" VPOS="607" WIDTH="1922" HEIGHT="2936" STYLEREFS="TXT_0 PAR_LEFT">
					<TextLine ID="P32_TL00004" HPOS="167" VPOS="608" WIDTH="1604" HEIGHT="74">
						<String ID="P32_ST00006" HPOS="167" VPOS="611" WIDTH="125" HEIGHT="54" CONTENT="But" WC="0.95" CC="570"/>
						<SP ID="P32_SP00004" HPOS="292" VPOS="665" WIDTH="31"/>
						<String ID="P32_ST00007" HPOS="323" VPOS="609" WIDTH="141" HEIGHT="56" CONTENT="he'll" WC="0.98" CC="93300"/>
						<SP ID="P32_SP00005" HPOS="464" VPOS="665" WIDTH="32"/>
						<String ID="P32_ST00008" HPOS="496" VPOS="609" WIDTH="75" HEIGHT="56" CONTENT="be" WC="0.80" CC="04"/>
						<SP ID="P32_SP00006" HPOS="571" VPOS="665" WIDTH="32"/>
						<String ID="P32_ST00009" HPOS="603" VPOS="608" WIDTH="160" HEIGHT="57" CONTENT="tried" WC="0.99" CC="04006"/>
						<SP ID="P32_SP00007" HPOS="763" VPOS="665" WIDTH="30"/>
						<String ID="P32_ST00010" HPOS="793" VPOS="609" WIDTH="94" HEIGHT="56" CONTENT="for" WC="0.98" CC="042"/>
						<SP ID="P32_SP00008" HPOS="887" VPOS="665" WIDTH="32"/>
						<String ID="P32_ST00011" HPOS="919" VPOS="609" WIDTH="184" HEIGHT="56" CONTENT="blood" WC="0.98" CC="00065"/>
						<SP ID="P32_SP00009" HPOS="1103" VPOS="665" WIDTH="33"/>
						<String ID="P32_ST00012" HPOS="1136" VPOS="628" WIDTH="66" HEIGHT="39" CONTENT="as" WC="1.00" CC="00"/>
						<SP ID="P32_SP00010" HPOS="1202" VPOS="667" WIDTH="32"/>
						<String ID="P32_ST00013" HPOS="1234" VPOS="612" WIDTH="132" HEIGHT="55" CONTENT="well" WC="1.00" CC="0000"/>
						<SP ID="P32_SP00011" HPOS="1366" VPOS="667" WIDTH="34"/>
						<String ID="P32_ST00014" HPOS="1400" VPOS="630" WIDTH="65" HEIGHT="38" CONTENT="as" WC="1.00" CC="00"/>
						<SP ID="P32_SP00012" HPOS="1465" VPOS="668" WIDTH="31"/>
						<String ID="P32_ST00015" HPOS="1496" VPOS="611" WIDTH="275" HEIGHT="71" CONTENT="burning," WC="0.99" CC="07300523"/>
					</TextLine>
					<TextLine ID="P32_TL00005" HPOS="163" VPOS="703" WIDTH="1582" HEIGHT="75">
						<String ID="P32_ST00016" HPOS="163" VPOS="705" WIDTH="60" HEIGHT="55" CONTENT="If" WC="0.80" CC="30"/>
						<SP ID="P32_SP00013" HPOS="223" VPOS="760" WIDTH="32"/>
						<String ID="P32_ST00017" HPOS="255" VPOS="703" WIDTH="101" HEIGHT="57" CONTENT="it's" WC="0.98" CC="0034"/>
						<SP ID="P32_SP00014" HPOS="356" VPOS="760" WIDTH="33"/>
						<String ID="P32_ST00018" HPOS="389" VPOS="705" WIDTH="106" HEIGHT="55" CONTENT="the" WC="0.98" CC="060"/>
						<SP ID="P32_SP00015" HPOS="495" VPOS="760" WIDTH="32"/>
						<String ID="P32_ST00019" HPOS="527" VPOS="703" WIDTH="176" HEIGHT="57" CONTENT="truth" WC="0.98" CC="04700"/>
						<SP ID="P32_SP00016" HPOS="703" VPOS="760" WIDTH="32"/>
						<String ID="P32_ST00020" HPOS="735" VPOS="724" WIDTH="90" HEIGHT="36" CONTENT="we" WC="1.00" CC="00"/>
						<SP ID="P32_SP00017" HPOS="825" VPOS="760" WIDTH="31"/>
						<String ID="P32_ST00021" HPOS="856" VPOS="703" WIDTH="202" HEIGHT="57" CONTENT="heard." WC="0.99" CC="050404"/>
						<SP ID="P32_SP00018" HPOS="1058" VPOS="760" WIDTH="85"/>
						<String ID="P32_ST00022" HPOS="1143" VPOS="706" WIDTH="55" HEIGHT="54" CONTENT="A" WC="1.00" CC="0"/>
						<SP ID="P32_SP00019" HPOS="1198" VPOS="760" WIDTH="34"/>
						<String ID="P32_ST00023" HPOS="1232" VPOS="705" WIDTH="256" HEIGHT="73" CONTENT="shippen" WC="0.71" CC="0025622"/>
						<SP ID="P32_SP00020" HPOS="1488" VPOS="778" WIDTH="33"/>
						<String ID="P32_ST00024" HPOS="1521" VPOS="706" WIDTH="224" HEIGHT="71" CONTENT="caught" WC="0.99" CC="007000"/>
					</TextLine>
					<TextLine ID="P32_TL00006" HPOS="163" VPOS="800" WIDTH="1684" HEIGHT="72">
						<String ID="P32_ST00025" HPOS="163" VPOS="800" WIDTH="141" HEIGHT="57" CONTENT="And" WC="0.96" CC="460"/>
						<SP ID="P32_SP00021" HPOS="304" VPOS="857" WIDTH="30"/>
						<String ID="P32_ST00026" HPOS="334" VPOS="807" WIDTH="137" HEIGHT="50" CONTENT="sent" WC="0.99" CC="0040"/>
						<SP ID="P32_SP00022" HPOS="471" VPOS="857" WIDTH="29"/>
						<String ID="P32_ST00027" HPOS="500" VPOS="800" WIDTH="105" HEIGHT="57" CONTENT="the" WC="1.00" CC="000"/>
						<SP ID="P32_SP00023" HPOS="605" VPOS="857" WIDTH="28"/>
						<String ID="P32_ST00028" HPOS="633" VPOS="801" WIDTH="171" HEIGHT="56" CONTENT="blaze" WC="0.99" CC="00004"/>
						<SP ID="P32_SP00024" HPOS="804" VPOS="857" WIDTH="30"/>
						<String ID="P32_ST00029" HPOS="834" VPOS="801" WIDTH="178" HEIGHT="71" CONTENT="along" WC="1.00" CC="00300"/>
						<SP ID="P32_SP00025" HPOS="1012" VPOS="872" WIDTH="29"/>
						<String ID="P32_ST00030" HPOS="1041" VPOS="801" WIDTH="80" HEIGHT="56" CONTENT="its" WC="0.97" CC="071"/>
						<SP ID="P32_SP00026" HPOS="1121" VPOS="872" WIDTH="29"/>
						<String ID="P32_ST00031" HPOS="1150" VPOS="801" WIDTH="215" HEIGHT="56" CONTENT="thatch" WC="0.99" CC="000800"/>
						<SP ID="P32_SP00027" HPOS="1365" VPOS="872" WIDTH="29"/>
						<String ID="P32_ST00032" HPOS="1394" VPOS="809" WIDTH="66" HEIGHT="49" CONTENT="to" WC="0.77" CC="04"/>
						<SP ID="P32_SP00028" HPOS="1460" VPOS="872" WIDTH="31"/>
						<String ID="P32_ST00033" HPOS="1491" VPOS="802" WIDTH="106" HEIGHT="58" CONTENT="the" WC="0.99" CC="003"/>
						<SP ID="P32_SP00029" HPOS="1597" VPOS="872" WIDTH="28"/>
						<String ID="P32_ST00034" HPOS="1625" VPOS="802" WIDTH="222" HEIGHT="64" CONTENT="house;" WC="0.98" CC="066006"/>
					</TextLine>
					<TextLine ID="P32_TL00007" HPOS="163" VPOS="895" WIDTH="1433" HEIGHT="74">
						<String ID="P32_ST00035" HPOS="163" VPOS="895" WIDTH="140" HEIGHT="56" CONTENT="And" WC="0.98" CC="050"/>
						<SP ID="P32_SP00030" HPOS="303" VPOS="951" WIDTH="32"/>
						<String ID="P32_ST00036" HPOS="335" VPOS="896" WIDTH="65" HEIGHT="55" CONTENT="in" WC="0.88" CC="02"/>
						<SP ID="P32_SP00031" HPOS="400" VPOS="951" WIDTH="34"/>
						<String ID="P32_ST00037" HPOS="434" VPOS="895" WIDTH="105" HEIGHT="57" CONTENT="the" WC="1.00" CC="000"/>
						<SP ID="P32_SP00032" HPOS="539" VPOS="952" WIDTH="32"/>
						<String ID="P32_ST00038" HPOS="571" VPOS="914" WIDTH="168" HEIGHT="38" CONTENT="scare" WC="0.98" CC="03054"/>
						<SP ID="P32_SP00033" HPOS="739" VPOS="952" WIDTH="31"/>
						<String ID="P32_ST00039" HPOS="770" VPOS="896" WIDTH="172" HEIGHT="56" CONTENT="there" WC="0.98" CC="00354"/>
						<SP ID="P32_SP00034" HPOS="942" VPOS="952" WIDTH="32"/>
						<String ID="P32_ST00040" HPOS="974" VPOS="914" WIDTH="123" HEIGHT="38" CONTENT="was" WC="1.00" CC="000"/>
						<SP ID="P32_SP00035" HPOS="1097" VPOS="952" WIDTH="34"/>
						<String ID="P32_ST00041" HPOS="1131" VPOS="915" WIDTH="36" HEIGHT="36" CONTENT="a" WC="1.00" CC="0"/>
						<SP ID="P32_SP00036" HPOS="1167" VPOS="952" WIDTH="33"/>
						<String ID="P32_ST00042" HPOS="1200" VPOS="896" WIDTH="162" HEIGHT="56" CONTENT="child" WC="0.99" CC="30020"/>
						<SP ID="P32_SP00037" HPOS="1362" VPOS="952" WIDTH="32"/>
						<String ID="P32_ST00043" HPOS="1394" VPOS="898" WIDTH="202" HEIGHT="71" CONTENT="forgot" WC="0.98" CC="024540"/>
					</TextLine>
					<TextLine ID="P32_TL00008" HPOS="165" VPOS="992" WIDTH="1567" HEIGHT="72">
						<String ID="P32_ST00044" HPOS="165" VPOS="992" WIDTH="161" HEIGHT="57" CONTENT="That" WC="0.98" CC="7000"/>
						<SP ID="P32_SP00038" HPOS="326" VPOS="1049" WIDTH="25"/>
						<String ID="P32_ST00045" HPOS="351" VPOS="993" WIDTH="158" HEIGHT="71" CONTENT="slept" WC="1.00" CC="30000"/>
						<SP ID="P32_SP00039" HPOS="509" VPOS="1064" WIDTH="27"/>
						<String ID="P32_ST00046" HPOS="536" VPOS="993" WIDTH="172" HEIGHT="56" CONTENT="alone" WC="1.00" CC="00200"/>
						<SP ID="P32_SP00040" HPOS="708" VPOS="1064" WIDTH="23"/>
						<String ID="P32_ST00047" HPOS="731" VPOS="992" WIDTH="65" HEIGHT="56" CONTENT="in" WC="0.61" CC="43"/>
						<SP ID="P32_SP00041" HPOS="796" VPOS="1064" WIDTH="25"/>
						<String ID="P32_ST00048" HPOS="821" VPOS="992" WIDTH="106" HEIGHT="56" CONTENT="the" WC="0.99" CC="002"/>
						<SP ID="P32_SP00042" HPOS="927" VPOS="1064" WIDTH="26"/>
						<String ID="P32_ST00049" HPOS="953" VPOS="992" WIDTH="163" HEIGHT="56" CONTENT="attic." WC="1.00" CC="000040"/>
						<String ID="P32_ST00050" HPOS="1126" VPOS="1026" WIDTH="79" HEIGHT="5" CONTENT="—" WC="0.20" CC="8"/>
						<SP ID="P32_SP00043" HPOS="1205" VPOS="1064" WIDTH="75"/>
						<String ID="P32_ST00051" HPOS="1280" VPOS="994" WIDTH="166" HEIGHT="61" CONTENT="Well," WC="0.99" CC="04006"/>
						<SP ID="P32_SP00044" HPOS="1446" VPOS="1064" WIDTH="34"/>
						<String ID="P32_ST00052" HPOS="1480" VPOS="1012" WIDTH="105" HEIGHT="51" CONTENT="my" WC="0.98" CC="00"/>
						<SP ID="P32_SP00045" HPOS="1585" VPOS="1064" WIDTH="25"/>
						<String ID="P32_ST00053" HPOS="1610" VPOS="994" WIDTH="122" HEIGHT="67" CONTENT="boy" WC="0.99" CC="020"/>
					</TextLine>
					<TextLine ID="P32_TL00009" HPOS="165" VPOS="1087" WIDTH="1655" HEIGHT="63">
						<String ID="P32_ST00054" HPOS="165" VPOS="1091" WIDTH="63" HEIGHT="53" CONTENT="Is" WC="0.94" CC="01"/>
						<SP ID="P32_SP00046" HPOS="228" VPOS="1144" WIDTH="28"/>
						<String ID="P32_ST00055" HPOS="256" VPOS="1088" WIDTH="121" HEIGHT="57" CONTENT="like" WC="0.99" CC="0050"/>
						<SP ID="P32_SP00047" HPOS="377" VPOS="1145" WIDTH="30"/>
						<String ID="P32_ST00056" HPOS="407" VPOS="1095" WIDTH="68" HEIGHT="49" CONTENT="to" WC="1.00" CC="00"/>
						<SP ID="P32_SP00048" HPOS="475" VPOS="1145" WIDTH="30"/>
						<String ID="P32_ST00057" HPOS="505" VPOS="1089" WIDTH="76" HEIGHT="55" CONTENT="be" WC="1.00" CC="00"/>
						<SP ID="P32_SP00049" HPOS="581" VPOS="1145" WIDTH="31"/>
						<String ID="P32_ST00058" HPOS="612" VPOS="1087" WIDTH="280" HEIGHT="57" CONTENT="clemm'd" WC="0.80" CC="0023340"/>
						<SP ID="P32_SP00050" HPOS="892" VPOS="1145" WIDTH="28"/>
						<String ID="P32_ST00059" HPOS="920" VPOS="1088" WIDTH="94" HEIGHT="55" CONTENT="for" WC="0.99" CC="002"/>
						<SP ID="P32_SP00051" HPOS="1014" VPOS="1145" WIDTH="30"/>
						<String ID="P32_ST00060" HPOS="1044" VPOS="1087" WIDTH="95" HEIGHT="56" CONTENT="his" WC="1.00" CC="000"/>
						<SP ID="P32_SP00052" HPOS="1139" VPOS="1145" WIDTH="32"/>
						<String ID="P32_ST00061" HPOS="1171" VPOS="1087" WIDTH="184" HEIGHT="57" CONTENT="death" WC="1.00" CC="00000"/>
						<SP ID="P32_SP00053" HPOS="1355" VPOS="1145" WIDTH="24"/>
						<String ID="P32_ST00062" HPOS="1379" VPOS="1108" WIDTH="9" HEIGHT="33" CONTENT=":" WC="1.00" CC="0"/>
						<SP ID="P32_SP00054" HPOS="1388" VPOS="1145" WIDTH="61"/>
						<String ID="P32_ST00063" HPOS="1449" VPOS="1088" WIDTH="100" HEIGHT="56" CONTENT="it's" WC="1.00" CC="0010"/>
						<SP ID="P32_SP00055" HPOS="1549" VPOS="1145" WIDTH="32"/>
						<String ID="P32_ST00064" HPOS="1581" VPOS="1089" WIDTH="78" HEIGHT="55" CONTENT="all" WC="1.00" CC="000"/>
						<SP ID="P32_SP00056" HPOS="1659" VPOS="1145" WIDTH="31"/>
						<String ID="P32_ST00065" HPOS="1690" VPOS="1107" WIDTH="130" HEIGHT="43" CONTENT="one," WC="0.98" CC="0522"/>
					</TextLine>
					<TextLine ID="P32_TL00010" HPOS="163" VPOS="1183" WIDTH="1485" HEIGHT="73">
						<String ID="P32_ST00066" HPOS="163" VPOS="1187" WIDTH="253" HEIGHT="69" CONTENT="Hunger" WC="0.98" CC="663034"/>
						<SP ID="P32_SP00057" HPOS="416" VPOS="1256" WIDTH="31"/>
						<String ID="P32_ST00067" HPOS="447" VPOS="1185" WIDTH="120" HEIGHT="54" CONTENT="and" WC="0.98" CC="040"/>
						<SP ID="P32_SP00058" HPOS="567" VPOS="1256" WIDTH="30"/>
						<String ID="P32_ST00068" HPOS="597" VPOS="1183" WIDTH="149" HEIGHT="64" CONTENT="cold," WC="0.99" CC="20104"/>
						<SP ID="P32_SP00059" HPOS="746" VPOS="1256" WIDTH="38"/>
						<String ID="P32_ST00069" HPOS="784" VPOS="1202" WIDTH="68" HEIGHT="37" CONTENT="or" WC="0.85" CC="02"/>
						<SP ID="P32_SP00060" HPOS="852" VPOS="1256" WIDTH="28"/>
						<String ID="P32_ST00070" HPOS="880" VPOS="1183" WIDTH="122" HEIGHT="58" CONTENT="fire." WC="0.98" CC="00343"/>
						<String ID="P32_ST00071" HPOS="1011" VPOS="1218" WIDTH="77" HEIGHT="5" CONTENT="—" WC="0.20" CC="8"/>
						<SP ID="P32_SP00061" HPOS="1088" VPOS="1256" WIDTH="76"/>
						<String ID="P32_ST00072" HPOS="1164" VPOS="1187" WIDTH="31" HEIGHT="52" CONTENT="I" WC="0.74" CC="2"/>
						<SP ID="P32_SP00062" HPOS="1195" VPOS="1256" WIDTH="30"/>
						<String ID="P32_ST00073" HPOS="1225" VPOS="1183" WIDTH="159" HEIGHT="73" CONTENT="hope" WC="1.00" CC="0200"/>
						<SP ID="P32_SP00063" HPOS="1384" VPOS="1256" WIDTH="29"/>
						<String ID="P32_ST00074" HPOS="1413" VPOS="1183" WIDTH="104" HEIGHT="58" CONTENT="the" WC="0.99" CC="002"/>
						<SP ID="P32_SP00064" HPOS="1517" VPOS="1256" WIDTH="28"/>
						<String ID="P32_ST00075" HPOS="1545" VPOS="1185" WIDTH="103" HEIGHT="54" CONTENT="lad" WC="1.00" CC="000"/>
					</TextLine>
					<TextLine ID="P32_TL00011" HPOS="165" VPOS="1280" WIDTH="1726" HEIGHT="71">
						<String ID="P32_ST00076" HPOS="165" VPOS="1284" WIDTH="143" HEIGHT="53" CONTENT="Was" WC="1.00" CC="000"/>
						<SP ID="P32_SP00065" HPOS="308" VPOS="1337" WIDTH="35"/>
						<String ID="P32_ST00077" HPOS="343" VPOS="1280" WIDTH="199" HEIGHT="57" CONTENT="stifled" WC="0.99" CC="2006630"/>
						<SP ID="P32_SP00066" HPOS="542" VPOS="1337" WIDTH="33"/>
						<String ID="P32_ST00078" HPOS="575" VPOS="1280" WIDTH="149" HEIGHT="62" CONTENT="first," WC="0.98" CC="861002"/>
						<SP ID="P32_SP00067" HPOS="724" VPOS="1342" WIDTH="41"/>
						<String ID="P32_ST00079" HPOS="765" VPOS="1280" WIDTH="268" HEIGHT="71" CONTENT="though;" WC="0.99" CC="0047000"/>
						<SP ID="P32_SP00068" HPOS="1033" VPOS="1351" WIDTH="65"/>
						<String ID="P32_ST00080" HPOS="1098" VPOS="1280" WIDTH="130" HEIGHT="56" CONTENT="I've" WC="0.97" CC="0336"/>
						<SP ID="P32_SP00069" HPOS="1228" VPOS="1351" WIDTH="33"/>
						<String ID="P32_ST00081" HPOS="1261" VPOS="1280" WIDTH="155" HEIGHT="56" CONTENT="been" WC="0.98" CC="0313"/>
						<SP ID="P32_SP00070" HPOS="1416" VPOS="1351" WIDTH="33"/>
						<String ID="P32_ST00082" HPOS="1449" VPOS="1280" WIDTH="256" HEIGHT="71" CONTENT="praying" WC="0.99" CC="0200340"/>
						<SP ID="P32_SP00071" HPOS="1705" VPOS="1351" WIDTH="35"/>
						<String ID="P32_ST00083" HPOS="1740" VPOS="1280" WIDTH="151" HEIGHT="56" CONTENT="that." WC="1.00" CC="00002"/>
					</TextLine>
					<TextLine ID="P32_TL00012" HPOS="238" VPOS="1393" WIDTH="1845" HEIGHT="76">
						<String ID="P32_ST00084" HPOS="238" VPOS="1397" WIDTH="211" HEIGHT="72" CONTENT="Joiner" WC="0.99" CC="000607"/>
						<SP ID="P32_SP00072" HPOS="449" VPOS="1469" WIDTH="26"/>
						<String ID="P32_ST00085" HPOS="475" VPOS="1413" WIDTH="19" HEIGHT="38" CONTENT=":" WC="1.00" CC="0"/>
						<SP ID="P32_SP00073" HPOS="494" VPOS="1469" WIDTH="62"/>
						<String ID="P32_ST00086" HPOS="556" VPOS="1394" WIDTH="141" HEIGHT="57" CONTENT="And" WC="0.98" CC="050"/>
						<SP ID="P32_SP00074" HPOS="697" VPOS="1469" WIDTH="28"/>
						<String ID="P32_ST00087" HPOS="725" VPOS="1394" WIDTH="103" HEIGHT="57" CONTENT="it's" WC="0.98" CC="0043"/>
						<SP ID="P32_SP00075" HPOS="828" VPOS="1469" WIDTH="25"/>
						<String ID="P32_ST00088" HPOS="853" VPOS="1413" WIDTH="123" HEIGHT="50" CONTENT="you" WC="0.97" CC="026"/>
						<SP ID="P32_SP00076" HPOS="976" VPOS="1469" WIDTH="31"/>
						<String ID="P32_ST00089" HPOS="1007" VPOS="1393" WIDTH="211" HEIGHT="72" CONTENT="telling" WC="1.00" CC="0300010"/>
						<SP ID="P32_SP00077" HPOS="1218" VPOS="1469" WIDTH="30"/>
						<String ID="P32_ST00090" HPOS="1248" VPOS="1413" WIDTH="97" HEIGHT="37" CONTENT="me" WC="0.91" CC="01"/>
						<SP ID="P32_SP00078" HPOS="1345" VPOS="1469" WIDTH="27"/>
						<String ID="P32_ST00091" HPOS="1372" VPOS="1394" WIDTH="140" HEIGHT="62" CONTENT="this," WC="1.00" CC="00003"/>
						<SP ID="P32_SP00079" HPOS="1512" VPOS="1469" WIDTH="40"/>
						<String ID="P32_ST00092" HPOS="1552" VPOS="1413" WIDTH="64" HEIGHT="38" CONTENT="as" WC="0.97" CC="00"/>
						<SP ID="P32_SP00080" HPOS="1616" VPOS="1469" WIDTH="28"/>
						<String ID="P32_ST00093" HPOS="1644" VPOS="1394" WIDTH="155" HEIGHT="56" CONTENT="calm" WC="0.99" CC="1030"/>
						<SP ID="P32_SP00081" HPOS="1799" VPOS="1469" WIDTH="32"/>
						<String ID="P32_ST00094" HPOS="1831" VPOS="1412" WIDTH="66" HEIGHT="38" CONTENT="as" WC="1.00" CC="00"/>
						<SP ID="P32_SP00082" HPOS="1897" VPOS="1469" WIDTH="28"/>
						<String ID="P32_ST00095" HPOS="1925" VPOS="1412" WIDTH="158" HEIGHT="38" CONTENT="news" WC="0.99" CC="5000"/>
					</TextLine>
					<TextLine ID="P32_TL00013" HPOS="165" VPOS="1491" WIDTH="846" HEIGHT="73">
						<String ID="P32_ST00096" HPOS="165" VPOS="1492" WIDTH="80" HEIGHT="57" CONTENT="Of" WC="0.87" CC="02"/>
						<SP ID="P32_SP00083" HPOS="245" VPOS="1549" WIDTH="29"/>
						<String ID="P32_ST00097" HPOS="274" VPOS="1492" WIDTH="197" HEIGHT="72" CONTENT="prices" WC="0.99" CC="035050"/>
						<SP ID="P32_SP00084" HPOS="471" VPOS="1564" WIDTH="32"/>
						<String ID="P32_ST00098" HPOS="503" VPOS="1497" WIDTH="66" HEIGHT="51" CONTENT="at" WC="1.00" CC="00"/>
						<SP ID="P32_SP00085" HPOS="569" VPOS="1564" WIDTH="30"/>
						<String ID="P32_ST00099" HPOS="599" VPOS="1491" WIDTH="107" HEIGHT="57" CONTENT="the" WC="1.00" CC="000"/>
						<SP ID="P32_SP00086" HPOS="706" VPOS="1564" WIDTH="31"/>
						<String ID="P32_ST00100" HPOS="737" VPOS="1491" WIDTH="274" HEIGHT="56" CONTENT="market!" WC="0.99" CC="0044000"/>
					</TextLine>
					<TextLine ID="P32_TL00014" HPOS="247" VPOS="1604" WIDTH="1268" HEIGHT="68">
						<String ID="P32_ST00101" HPOS="247" VPOS="1608" WIDTH="248" HEIGHT="55" CONTENT="Woman" WC="0.99" CC="00620"/>
						<SP ID="P32_SP00087" HPOS="495" VPOS="1663" WIDTH="25"/>
						<String ID="P32_ST00102" HPOS="520" VPOS="1624" WIDTH="19" HEIGHT="38" CONTENT=":" WC="1.00" CC="0"/>
						<SP ID="P32_SP00088" HPOS="539" VPOS="1663" WIDTH="370"/>
						<String ID="P32_ST00103" HPOS="909" VPOS="1609" WIDTH="152" HEIGHT="51" CONTENT="Now" WC="0.98" CC="600"/>
						<SP ID="P32_SP00089" HPOS="1061" VPOS="1663" WIDTH="37"/>
						<String ID="P32_ST00104" HPOS="1098" VPOS="1604" WIDTH="78" HEIGHT="56" CONTENT="do" WC="0.86" CC="02"/>
						<SP ID="P32_SP00090" HPOS="1176" VPOS="1663" WIDTH="35"/>
						<String ID="P32_ST00105" HPOS="1211" VPOS="1623" WIDTH="123" HEIGHT="49" CONTENT="you" WC="0.97" CC="006"/>
						<SP ID="P32_SP00091" HPOS="1334" VPOS="1672" WIDTH="37"/>
						<String ID="P32_ST00106" HPOS="1371" VPOS="1623" WIDTH="98" HEIGHT="38" CONTENT="see" WC="1.00" CC="000"/>
						<SP ID="P32_SP00092" HPOS="1469" VPOS="1672" WIDTH="25"/>
						<String ID="P32_ST00107" HPOS="1494" VPOS="1610" WIDTH="21" HEIGHT="47" CONTENT="?" WC="1.00" CC="0"/>
					</TextLine>
					<TextLine ID="P32_TL00015" HPOS="165" VPOS="1702" WIDTH="1319" HEIGHT="74">
						<String ID="P32_ST00108" HPOS="165" VPOS="1705" WIDTH="132" HEIGHT="56" CONTENT="I've" WC="0.99" CC="0300"/>
						<SP ID="P32_SP00093" HPOS="297" VPOS="1761" WIDTH="28"/>
						<String ID="P32_ST00109" HPOS="325" VPOS="1709" WIDTH="117" HEIGHT="67" CONTENT="put" WC="0.97" CC="060"/>
						<SP ID="P32_SP00094" HPOS="442" VPOS="1776" WIDTH="30"/>
						<String ID="P32_ST00110" HPOS="472" VPOS="1703" WIDTH="220" HEIGHT="68" CONTENT="myself" WC="1.00" CC="000000"/>
						<SP ID="P32_SP00095" HPOS="692" VPOS="1776" WIDTH="29"/>
						<String ID="P32_ST00111" HPOS="721" VPOS="1702" WIDTH="170" HEIGHT="57" CONTENT="clean" WC="0.99" CC="00205"/>
						<SP ID="P32_SP00096" HPOS="891" VPOS="1776" WIDTH="29"/>
						<String ID="P32_ST00112" HPOS="920" VPOS="1702" WIDTH="132" HEIGHT="55" CONTENT="into" WC="0.99" CC="0600"/>
						<SP ID="P32_SP00097" HPOS="1052" VPOS="1776" WIDTH="31"/>
						<String ID="P32_ST00113" HPOS="1083" VPOS="1718" WIDTH="155" HEIGHT="51" CONTENT="your" WC="0.97" CC="0363"/>
						<SP ID="P32_SP00098" HPOS="1238" VPOS="1776" WIDTH="30"/>
						<String ID="P32_ST00114" HPOS="1268" VPOS="1718" WIDTH="216" HEIGHT="51" CONTENT="mercy." WC="0.99" CC="023100"/>
					</TextLine>
					<TextLine ID="P32_TL00016" HPOS="166" VPOS="1796" WIDTH="1587" HEIGHT="69">
						<String ID="P32_ST00115" HPOS="166" VPOS="1799" WIDTH="220" HEIGHT="58" CONTENT="Would" WC="0.99" CC="00600"/>
						<SP ID="P32_SP00099" HPOS="386" VPOS="1857" WIDTH="29"/>
						<String ID="P32_ST00116" HPOS="415" VPOS="1802" WIDTH="30" HEIGHT="53" CONTENT="I" WC="0.68" CC="3"/>
						<SP ID="P32_SP00100" HPOS="445" VPOS="1857" WIDTH="32"/>
						<String ID="P32_ST00117" HPOS="477" VPOS="1799" WIDTH="156" HEIGHT="55" CONTENT="have" WC="1.00" CC="0000"/>
						<SP ID="P32_SP00101" HPOS="633" VPOS="1857" WIDTH="30"/>
						<String ID="P32_ST00118" HPOS="663" VPOS="1797" WIDTH="156" HEIGHT="57" CONTENT="riskt" WC="0.89" CC="40000"/>
						<SP ID="P32_SP00102" HPOS="819" VPOS="1857" WIDTH="26"/>
						<String ID="P32_ST00119" HPOS="845" VPOS="1815" WIDTH="155" HEIGHT="50" CONTENT="your" WC="0.97" CC="0065"/>
						<SP ID="P32_SP00103" HPOS="1000" VPOS="1865" WIDTH="30"/>
						<String ID="P32_ST00120" HPOS="1030" VPOS="1796" WIDTH="184" HEIGHT="62" CONTENT="mind," WC="1.00" CC="00003"/>
						<SP ID="P32_SP00104" HPOS="1214" VPOS="1865" WIDTH="37"/>
						<String ID="P32_ST00121" HPOS="1251" VPOS="1796" WIDTH="260" HEIGHT="55" CONTENT="without" WC="0.99" CC="0000370"/>
						<SP ID="P32_SP00105" HPOS="1511" VPOS="1865" WIDTH="28"/>
						<String ID="P32_ST00122" HPOS="1539" VPOS="1798" WIDTH="32" HEIGHT="52" CONTENT="I" WC="1.00" CC="0"/>
						<SP ID="P32_SP00106" HPOS="1571" VPOS="1865" WIDTH="29"/>
						<String ID="P32_ST00123" HPOS="1600" VPOS="1812" WIDTH="153" HEIGHT="38" CONTENT="were" WC="0.99" CC="0050"/>
					</TextLine>
					<TextLine ID="P32_TL00017" HPOS="162" VPOS="1890" WIDTH="1773" HEIGHT="73">
						<String ID="P32_ST00124" HPOS="162" VPOS="1898" WIDTH="174" HEIGHT="54" CONTENT="Your" WC="0.98" CC="0062"/>
						<SP ID="P32_SP00107" HPOS="336" VPOS="1952" WIDTH="32"/>
						<String ID="P32_ST00125" HPOS="368" VPOS="1914" WIDTH="136" HEIGHT="38" CONTENT="own" WC="1.00" CC="000"/>
						<SP ID="P32_SP00108" HPOS="504" VPOS="1952" WIDTH="33"/>
						<String ID="P32_ST00126" HPOS="537" VPOS="1895" WIDTH="119" HEIGHT="55" CONTENT="fine" WC="0.96" CC="8711"/>
						<SP ID="P32_SP00109" HPOS="656" VPOS="1952" WIDTH="34"/>
						<String ID="P32_ST00127" HPOS="690" VPOS="1893" WIDTH="207" HEIGHT="56" CONTENT="dream" WC="0.99" CC="04100"/>
						<SP ID="P32_SP00110" HPOS="897" VPOS="1952" WIDTH="34"/>
						<String ID="P32_ST00128" HPOS="931" VPOS="1892" WIDTH="245" HEIGHT="71" CONTENT="rousing" WC="0.99" CC="4210031"/>
						<SP ID="P32_SP00111" HPOS="1176" VPOS="1963" WIDTH="30"/>
						<String ID="P32_ST00129" HPOS="1206" VPOS="1910" WIDTH="125" HEIGHT="51" CONTENT="you" WC="0.96" CC="036"/>
						<SP ID="P32_SP00112" HPOS="1331" VPOS="1963" WIDTH="31"/>
						<String ID="P32_ST00130" HPOS="1362" VPOS="1891" WIDTH="132" HEIGHT="56" CONTENT="into" WC="1.00" CC="0000"/>
						<SP ID="P32_SP00113" HPOS="1494" VPOS="1963" WIDTH="36"/>
						<String ID="P32_ST00131" HPOS="1530" VPOS="1890" WIDTH="273" HEIGHT="71" CONTENT="daylight" WC="1.00" CC="00000000"/>
						<SP ID="P32_SP00114" HPOS="1803" VPOS="1963" WIDTH="24"/>
						<String ID="P32_ST00132" HPOS="1827" VPOS="1895" WIDTH="20" HEIGHT="48" CONTENT="?" WC="1.00" CC="0"/>
						<String ID="P32_ST00133" HPOS="1858" VPOS="1924" WIDTH="77" HEIGHT="6" CONTENT="—" WC="0.20" CC="8"/>
					</TextLine>
					<TextLine ID="P32_TL00018" HPOS="165" VPOS="1986" WIDTH="1761" HEIGHT="75">
						<String ID="P32_ST00134" HPOS="165" VPOS="1992" WIDTH="146" HEIGHT="58" CONTENT="This" WC="0.98" CC="7000"/>
						<SP ID="P32_SP00115" HPOS="311" VPOS="2050" WIDTH="30"/>
						<String ID="P32_ST00135" HPOS="341" VPOS="1992" WIDTH="174" HEIGHT="56" CONTENT="takes" WC="0.99" CC="00050"/>
						<SP ID="P32_SP00116" HPOS="515" VPOS="2050" WIDTH="28"/>
						<String ID="P32_ST00136" HPOS="543" VPOS="2009" WIDTH="125" HEIGHT="52" CONTENT="you" WC="0.97" CC="006"/>
						<SP ID="P32_SP00117" HPOS="668" VPOS="2061" WIDTH="31"/>
						<String ID="P32_ST00137" HPOS="699" VPOS="1990" WIDTH="178" HEIGHT="56" CONTENT="down" WC="0.99" CC="0301"/>
						<SP ID="P32_SP00118" HPOS="877" VPOS="2061" WIDTH="29"/>
						<String ID="P32_ST00138" HPOS="906" VPOS="1989" WIDTH="160" HEIGHT="55" CONTENT="from" WC="0.99" CC="0200"/>
						<SP ID="P32_SP00119" HPOS="1066" VPOS="2061" WIDTH="30"/>
						<String ID="P32_ST00139" HPOS="1096" VPOS="2006" WIDTH="155" HEIGHT="51" CONTENT="your" WC="0.97" CC="0563"/>
						<SP ID="P32_SP00120" HPOS="1251" VPOS="2061" WIDTH="27"/>
						<String ID="P32_ST00140" HPOS="1278" VPOS="1987" WIDTH="187" HEIGHT="56" CONTENT="fool'd" WC="0.88" CC="003030"/>
						<SP ID="P32_SP00121" HPOS="1465" VPOS="2061" WIDTH="29"/>
						<String ID="P32_ST00141" HPOS="1494" VPOS="1987" WIDTH="119" HEIGHT="63" CONTENT="life," WC="1.00" CC="00003"/>
						<SP ID="P32_SP00122" HPOS="1613" VPOS="2061" WIDTH="39"/>
						<String ID="P32_ST00142" HPOS="1652" VPOS="1990" WIDTH="30" HEIGHT="52" CONTENT="I" WC="1.00" CC="0"/>
						<SP ID="P32_SP00123" HPOS="1682" VPOS="2061" WIDTH="32"/>
						<String ID="P32_ST00143" HPOS="1714" VPOS="1986" WIDTH="212" HEIGHT="56" CONTENT="think!" WC="0.98" CC="000753"/>
					</TextLine>
					<TextLine ID="P32_TL00019" HPOS="165" VPOS="2083" WIDTH="1350" HEIGHT="74">
						<String ID="P32_ST00144" HPOS="165" VPOS="2086" WIDTH="80" HEIGHT="61" CONTENT="So" WC="0.41" CC="64"/>
						<SP ID="P32_SP00124" HPOS="245" VPOS="2147" WIDTH="30"/>
						<String ID="P32_ST00145" HPOS="275" VPOS="2088" WIDTH="121" HEIGHT="56" CONTENT="will" WC="1.00" CC="0000"/>
						<SP ID="P32_SP00125" HPOS="396" VPOS="2147" WIDTH="27"/>
						<String ID="P32_ST00146" HPOS="423" VPOS="2105" WIDTH="125" HEIGHT="51" CONTENT="you" WC="0.98" CC="004"/>
						<SP ID="P32_SP00126" HPOS="548" VPOS="2156" WIDTH="28"/>
						<String ID="P32_ST00147" HPOS="576" VPOS="2085" WIDTH="137" HEIGHT="72" CONTENT="give" WC="0.99" CC="4000"/>
						<SP ID="P32_SP00127" HPOS="713" VPOS="2157" WIDTH="27"/>
						<String ID="P32_ST00148" HPOS="740" VPOS="2103" WIDTH="74" HEIGHT="38" CONTENT="us" WC="0.65" CC="60"/>
						<SP ID="P32_SP00128" HPOS="814" VPOS="2157" WIDTH="26"/>
						<String ID="P32_ST00149" HPOS="840" VPOS="2102" WIDTH="99" HEIGHT="54" CONTENT="up," WC="0.97" CC="600"/>
						<SP ID="P32_SP00129" HPOS="939" VPOS="2157" WIDTH="39"/>
						<String ID="P32_ST00150" HPOS="978" VPOS="2102" WIDTH="105" HEIGHT="50" CONTENT="my" WC="1.00" CC="00"/>
						<SP ID="P32_SP00130" HPOS="1083" VPOS="2157" WIDTH="30"/>
						<String ID="P32_ST00151" HPOS="1113" VPOS="2102" WIDTH="143" HEIGHT="36" CONTENT="man" WC="1.00" CC="000"/>
						<SP ID="P32_SP00131" HPOS="1256" VPOS="2157" WIDTH="31"/>
						<String ID="P32_ST00152" HPOS="1287" VPOS="2083" WIDTH="121" HEIGHT="55" CONTENT="and" WC="0.98" CC="050"/>
						<SP ID="P32_SP00132" HPOS="1408" VPOS="2157" WIDTH="29"/>
						<String ID="P32_ST00153" HPOS="1437" VPOS="2085" WIDTH="31" HEIGHT="53" CONTENT="I" WC="0.71" CC="2"/>
						<SP ID="P32_SP00133" HPOS="1468" VPOS="2157" WIDTH="28"/>
						<String ID="P32_ST00154" HPOS="1496" VPOS="2088" WIDTH="19" HEIGHT="48" CONTENT="?" WC="1.00" CC="0"/>
					</TextLine>
					<TextLine ID="P32_TL00020" HPOS="163" VPOS="2177" WIDTH="1711" HEIGHT="69">
						<String ID="P32_ST00155" HPOS="163" VPOS="2185" WIDTH="150" HEIGHT="58" CONTENT="He's" WC="0.98" CC="5031"/>
						<SP ID="P32_SP00134" HPOS="313" VPOS="2243" WIDTH="30"/>
						<String ID="P32_ST00156" HPOS="343" VPOS="2185" WIDTH="222" HEIGHT="54" CONTENT="known" WC="1.00" CC="02000"/>
						<SP ID="P32_SP00135" HPOS="565" VPOS="2243" WIDTH="32"/>
						<String ID="P32_ST00157" HPOS="597" VPOS="2183" WIDTH="93" HEIGHT="56" CONTENT="for" WC="0.97" CC="052"/>
						<SP ID="P32_SP00136" HPOS="690" VPOS="2243" WIDTH="28"/>
						<String ID="P32_ST00158" HPOS="718" VPOS="2180" WIDTH="97" HEIGHT="58" CONTENT="his" WC="1.00" CC="000"/>
						<SP ID="P32_SP00137" HPOS="815" VPOS="2243" WIDTH="29"/>
						<String ID="P32_ST00159" HPOS="844" VPOS="2180" WIDTH="165" HEIGHT="58" CONTENT="talk:" WC="0.99" CC="00206"/>
						<SP ID="P32_SP00138" HPOS="1009" VPOS="2243" WIDTH="60"/>
						<String ID="P32_ST00160" HPOS="1069" VPOS="2179" WIDTH="236" HEIGHT="57" CONTENT="there'll" WC="0.99" CC="00525301"/>
						<SP ID="P32_SP00139" HPOS="1305" VPOS="2243" WIDTH="29"/>
						<String ID="P32_ST00161" HPOS="1334" VPOS="2179" WIDTH="77" HEIGHT="56" CONTENT="be" WC="0.91" CC="01"/>
						<SP ID="P32_SP00140" HPOS="1411" VPOS="2243" WIDTH="31"/>
						<String ID="P32_ST00162" HPOS="1442" VPOS="2197" WIDTH="36" HEIGHT="37" CONTENT="a" WC="1.00" CC="0"/>
						<SP ID="P32_SP00141" HPOS="1478" VPOS="2243" WIDTH="30"/>
						<String ID="P32_ST00163" HPOS="1508" VPOS="2196" WIDTH="108" HEIGHT="50" CONTENT="cry" WC="0.99" CC="030"/>
						<SP ID="P32_SP00142" HPOS="1616" VPOS="2246" WIDTH="32"/>
						<String ID="P32_ST00164" HPOS="1648" VPOS="2177" WIDTH="226" HEIGHT="57" CONTENT="abroad" WC="1.00" CC="005000"/>
					</TextLine>
					<TextLine ID="P32_TL00021" HPOS="162" VPOS="2274" WIDTH="1688" HEIGHT="69">
						<String ID="P32_ST00165" HPOS="162" VPOS="2281" WIDTH="178" HEIGHT="58" CONTENT="After" WC="0.99" CC="00005"/>
						<SP ID="P32_SP00143" HPOS="340" VPOS="2339" WIDTH="38"/>
						<String ID="P32_ST00166" HPOS="378" VPOS="2298" WIDTH="89" HEIGHT="45" CONTENT="us," WC="0.97" CC="700"/>
						<SP ID="P32_SP00144" HPOS="467" VPOS="2343" WIDTH="47"/>
						<String ID="P32_ST00167" HPOS="514" VPOS="2278" WIDTH="99" HEIGHT="57" CONTENT="I'll" WC="0.99" CC="3200"/>
						<SP ID="P32_SP00145" HPOS="613" VPOS="2343" WIDTH="37"/>
						<String ID="P32_ST00168" HPOS="650" VPOS="2278" WIDTH="77" HEIGHT="56" CONTENT="be" WC="0.92" CC="01"/>
						<SP ID="P32_SP00146" HPOS="727" VPOS="2343" WIDTH="38"/>
						<String ID="P32_ST00169" HPOS="765" VPOS="2274" WIDTH="223" HEIGHT="59" CONTENT="bound." WC="0.99" CC="007300"/>
						<String ID="P32_ST00170" HPOS="997" VPOS="2309" WIDTH="78" HEIGHT="7" CONTENT="—" WC="0.20" CC="8"/>
						<SP ID="P32_SP00147" HPOS="1075" VPOS="2343" WIDTH="75"/>
						<String ID="P32_ST00171" HPOS="1150" VPOS="2274" WIDTH="206" HEIGHT="56" CONTENT="You'll" WC="0.99" CC="206400"/>
						<SP ID="P32_SP00148" HPOS="1356" VPOS="2343" WIDTH="38"/>
						<String ID="P32_ST00172" HPOS="1394" VPOS="2281" WIDTH="125" HEIGHT="56" CONTENT="not," WC="0.99" CC="0004"/>
						<SP ID="P32_SP00149" HPOS="1519" VPOS="2343" WIDTH="47"/>
						<String ID="P32_ST00173" HPOS="1566" VPOS="2277" WIDTH="31" HEIGHT="53" CONTENT="I" WC="0.70" CC="2"/>
						<SP ID="P32_SP00150" HPOS="1597" VPOS="2343" WIDTH="40"/>
						<String ID="P32_ST00174" HPOS="1637" VPOS="2274" WIDTH="213" HEIGHT="64" CONTENT="know;" WC="0.98" CC="05105"/>
					</TextLine>
					<TextLine ID="P32_TL00022" HPOS="166" VPOS="2368" WIDTH="1587" HEIGHT="75">
						<String ID="P32_ST00175" HPOS="166" VPOS="2380" WIDTH="268" HEIGHT="53" CONTENT="Because" WC="0.99" CC="6400600"/>
						<SP ID="P32_SP00151" HPOS="434" VPOS="2433" WIDTH="30"/>
						<String ID="P32_ST00176" HPOS="464" VPOS="2377" WIDTH="32" HEIGHT="54" CONTENT="I" WC="1.00" CC="0"/>
						<SP ID="P32_SP00152" HPOS="496" VPOS="2433" WIDTH="34"/>
						<String ID="P32_ST00177" HPOS="530" VPOS="2392" WIDTH="100" HEIGHT="37" CONTENT="am" WC="1.00" CC="00"/>
						<SP ID="P32_SP00153" HPOS="630" VPOS="2433" WIDTH="27"/>
						<String ID="P32_ST00178" HPOS="657" VPOS="2390" WIDTH="157" HEIGHT="53" CONTENT="your" WC="0.98" CC="0073"/>
						<SP ID="P32_SP00154" HPOS="814" VPOS="2443" WIDTH="28"/>
						<String ID="P32_ST00179" HPOS="842" VPOS="2370" WIDTH="202" HEIGHT="69" CONTENT="lovely" WC="1.00" CC="000200"/>
						<SP ID="P32_SP00155" HPOS="1044" VPOS="2443" WIDTH="31"/>
						<String ID="P32_ST00180" HPOS="1075" VPOS="2368" WIDTH="209" HEIGHT="57" CONTENT="dream" WC="1.00" CC="01000"/>
						<SP ID="P32_SP00156" HPOS="1284" VPOS="2443" WIDTH="30"/>
						<String ID="P32_ST00181" HPOS="1314" VPOS="2387" WIDTH="172" HEIGHT="38" CONTENT="come" WC="1.00" CC="0002"/>
						<SP ID="P32_SP00157" HPOS="1486" VPOS="2443" WIDTH="29"/>
						<String ID="P32_ST00182" HPOS="1515" VPOS="2375" WIDTH="152" HEIGHT="50" CONTENT="true." WC="0.98" CC="04604"/>
						<String ID="P32_ST00183" HPOS="1675" VPOS="2401" WIDTH="78" HEIGHT="8" CONTENT="—" WC="0.20" CC="8"/>
					</TextLine>
					<TextLine ID="P32_TL00023" HPOS="165" VPOS="2464" WIDTH="1162" HEIGHT="77">
						<String ID="P32_ST00184" HPOS="165" VPOS="2471" WIDTH="214" HEIGHT="70" CONTENT="Surely" WC="0.98" CC="390600"/>
						<SP ID="P32_SP00158" HPOS="379" VPOS="2541" WIDTH="35"/>
						<String ID="P32_ST00185" HPOS="414" VPOS="2470" WIDTH="100" HEIGHT="58" CONTENT="'tis" WC="1.00" CC="2000"/>
						<SP ID="P32_SP00159" HPOS="514" VPOS="2541" WIDTH="32"/>
						<String ID="P32_ST00186" HPOS="546" VPOS="2469" WIDTH="150" HEIGHT="58" CONTENT="time" WC="0.99" CC="0004"/>
						<SP ID="P32_SP00160" HPOS="696" VPOS="2541" WIDTH="29"/>
						<String ID="P32_ST00187" HPOS="725" VPOS="2486" WIDTH="127" HEIGHT="52" CONTENT="you" WC="1.00" CC="010"/>
						<SP ID="P32_SP00161" HPOS="852" VPOS="2541" WIDTH="32"/>
						<String ID="P32_ST00188" HPOS="884" VPOS="2484" WIDTH="156" HEIGHT="39" CONTENT="were" WC="0.99" CC="0050"/>
						<SP ID="P32_SP00162" HPOS="1040" VPOS="2541" WIDTH="30"/>
						<String ID="P32_ST00189" HPOS="1070" VPOS="2464" WIDTH="257" HEIGHT="73" CONTENT="pleased." WC="1.00" CC="01000000"/>
					</TextLine>
					<TextLine ID="P32_TL00024" HPOS="238" VPOS="2578" WIDTH="1531" HEIGHT="82">
						<String ID="P32_ST00190" HPOS="238" VPOS="2587" WIDTH="256" HEIGHT="73" CONTENT="Joiner:" WC="0.99" CC="0207171"/>
						<SP ID="P32_SP00163" HPOS="494" VPOS="2660" WIDTH="826"/>
						<String ID="P32_ST00191" HPOS="1320" VPOS="2580" WIDTH="54" HEIGHT="56" CONTENT="O" WC="0.85" CC="1"/>
						<SP ID="P32_SP00164" HPOS="1374" VPOS="2660" WIDTH="34"/>
						<String ID="P32_ST00192" HPOS="1408" VPOS="2578" WIDTH="85" HEIGHT="58" CONTENT="let" WC="0.97" CC="034"/>
						<SP ID="P32_SP00165" HPOS="1493" VPOS="2660" WIDTH="37"/>
						<String ID="P32_ST00193" HPOS="1530" VPOS="2596" WIDTH="95" HEIGHT="40" CONTENT="me" WC="1.00" CC="00"/>
						<SP ID="P32_SP00166" HPOS="1625" VPOS="2660" WIDTH="33"/>
						<String ID="P32_ST00194" HPOS="1658" VPOS="2579" WIDTH="111" HEIGHT="57" CONTENT="be!" WC="0.97" CC="204"/>
					</TextLine>
					<TextLine ID="P32_TL00025" HPOS="165" VPOS="2673" WIDTH="1392" HEIGHT="71">
						<String ID="P32_ST00195" HPOS="165" VPOS="2682" WIDTH="153" HEIGHT="60" CONTENT="Give" WC="0.98" CC="6400"/>
						<SP ID="P32_SP00167" HPOS="318" VPOS="2742" WIDTH="32"/>
						<String ID="P32_ST00196" HPOS="350" VPOS="2701" WIDTH="98" HEIGHT="38" CONTENT="me" WC="1.00" CC="00"/>
						<SP ID="P32_SP00168" HPOS="448" VPOS="2742" WIDTH="33"/>
						<String ID="P32_ST00197" HPOS="481" VPOS="2699" WIDTH="35" HEIGHT="38" CONTENT="a" WC="1.00" CC="0"/>
						<SP ID="P32_SP00169" HPOS="516" VPOS="2742" WIDTH="31"/>
						<String ID="P32_ST00198" HPOS="547" VPOS="2679" WIDTH="159" HEIGHT="58" CONTENT="little" WC="1.00" CC="000000"/>
						<SP ID="P32_SP00170" HPOS="706" VPOS="2742" WIDTH="30"/>
						<String ID="P32_ST00199" HPOS="736" VPOS="2678" WIDTH="178" HEIGHT="57" CONTENT="while" WC="0.99" CC="00500"/>
						<SP ID="P32_SP00171" HPOS="914" VPOS="2742" WIDTH="30"/>
						<String ID="P32_ST00200" HPOS="944" VPOS="2685" WIDTH="67" HEIGHT="49" CONTENT="to" WC="1.00" CC="00"/>
						<SP ID="P32_SP00172" HPOS="1011" VPOS="2742" WIDTH="33"/>
						<String ID="P32_ST00201" HPOS="1044" VPOS="2674" WIDTH="251" HEIGHT="60" CONTENT="breathe" WC="1.00" CC="0430000"/>
						<SP ID="P32_SP00173" HPOS="1295" VPOS="2742" WIDTH="32"/>
						<String ID="P32_ST00202" HPOS="1327" VPOS="2673" WIDTH="230" HEIGHT="71" CONTENT="myself." WC="1.00" CC="0002004"/>
					</TextLine>
					<TextLine ID="P32_TL00026" HPOS="245" VPOS="2789" WIDTH="1340" HEIGHT="66">
						<String ID="P32_ST00203" HPOS="245" VPOS="2799" WIDTH="291" HEIGHT="56" CONTENT="Woman:" WC="0.98" CC="021443"/>
						<SP ID="P32_SP00174" HPOS="536" VPOS="2855" WIDTH="821"/>
						<String ID="P32_ST00204" HPOS="1357" VPOS="2789" WIDTH="228" HEIGHT="58" CONTENT="Indeed" WC="1.00" CC="010020"/>
					</TextLine>
					<TextLine ID="P32_TL00027" HPOS="163" VPOS="2885" WIDTH="1331" HEIGHT="81">
						<String ID="P32_ST00205" HPOS="163" VPOS="2898" WIDTH="64" HEIGHT="55" CONTENT="It" WC="1.00" CC="00"/>
						<SP ID="P32_SP00175" HPOS="227" VPOS="2953" WIDTH="24"/>
						<String ID="P32_ST00206" HPOS="251" VPOS="2912" WIDTH="144" HEIGHT="54" CONTENT="goes" WC="0.97" CC="7040"/>
						<SP ID="P32_SP00176" HPOS="395" VPOS="2966" WIDTH="24"/>
						<String ID="P32_ST00207" HPOS="419" VPOS="2911" WIDTH="84" HEIGHT="53" CONTENT="up" WC="0.77" CC="40"/>
						<SP ID="P32_SP00177" HPOS="503" VPOS="2966" WIDTH="27"/>
						<String ID="P32_ST00208" HPOS="530" VPOS="2890" WIDTH="122" HEIGHT="64" CONTENT="hill," WC="0.99" CC="60000"/>
						<SP ID="P32_SP00178" HPOS="652" VPOS="2966" WIDTH="35"/>
						<String ID="P32_ST00209" HPOS="687" VPOS="2897" WIDTH="111" HEIGHT="49" CONTENT="out" WC="0.97" CC="160"/>
						<SP ID="P32_SP00179" HPOS="798" VPOS="2966" WIDTH="26"/>
						<String ID="P32_ST00210" HPOS="824" VPOS="2888" WIDTH="63" HEIGHT="57" CONTENT="of" WC="0.85" CC="20"/>
						<SP ID="P32_SP00180" HPOS="887" VPOS="2966" WIDTH="27"/>
						<String ID="P32_ST00211" HPOS="914" VPOS="2907" WIDTH="36" HEIGHT="37" CONTENT="a" WC="0.51" CC="4"/>
						<SP ID="P32_SP00181" HPOS="950" VPOS="2966" WIDTH="28"/>
						<String ID="P32_ST00212" HPOS="978" VPOS="2886" WIDTH="208" HEIGHT="58" CONTENT="dream" WC="1.00" CC="02000"/>
						<SP ID="P32_SP00182" HPOS="1186" VPOS="2966" WIDTH="25"/>
						<String ID="P32_ST00213" HPOS="1211" VPOS="2893" WIDTH="66" HEIGHT="49" CONTENT="to" WC="0.98" CC="00"/>
						<SP ID="P32_SP00183" HPOS="1277" VPOS="2966" WIDTH="28"/>
						<String ID="P32_ST00214" HPOS="1305" VPOS="2885" WIDTH="189" HEIGHT="57" CONTENT="truth." WC="0.98" CC="046074"/>
					</TextLine>
					<TextLine ID="P32_TL00028" HPOS="166" VPOS="2980" WIDTH="1627" HEIGHT="74">
						<String ID="P32_ST00215" HPOS="166" VPOS="2994" WIDTH="126" HEIGHT="55" CONTENT="But" WC="0.94" CC="609"/>
						<SP ID="P32_SP00184" HPOS="292" VPOS="3049" WIDTH="30"/>
						<String ID="P32_ST00216" HPOS="322" VPOS="2991" WIDTH="132" HEIGHT="55" CONTENT="I've" WC="0.99" CC="0204"/>
						<SP ID="P32_SP00185" HPOS="454" VPOS="3049" WIDTH="29"/>
						<String ID="P32_ST00217" HPOS="483" VPOS="3006" WIDTH="172" HEIGHT="38" CONTENT="come" WC="0.99" CC="4000"/>
						<SP ID="P32_SP00186" HPOS="655" VPOS="3049" WIDTH="30"/>
						<String ID="P32_ST00218" HPOS="685" VPOS="2986" WIDTH="178" HEIGHT="55" CONTENT="down" WC="0.99" CC="0003"/>
						<SP ID="P32_SP00187" HPOS="863" VPOS="3049" WIDTH="33"/>
						<String ID="P32_ST00219" HPOS="896" VPOS="3002" WIDTH="36" HEIGHT="37" CONTENT="a" WC="1.00" CC="0"/>
						<SP ID="P32_SP00188" HPOS="932" VPOS="3049" WIDTH="29"/>
						<String ID="P32_ST00220" HPOS="961" VPOS="2983" WIDTH="192" HEIGHT="63" CONTENT="little;" WC="0.99" CC="0000109"/>
						<SP ID="P32_SP00189" HPOS="1153" VPOS="3049" WIDTH="59"/>
						<String ID="P32_ST00221" HPOS="1212" VPOS="2984" WIDTH="32" HEIGHT="55" CONTENT="I" WC="0.67" CC="3"/>
						<SP ID="P32_SP00190" HPOS="1244" VPOS="3049" WIDTH="32"/>
						<String ID="P32_ST00222" HPOS="1276" VPOS="2980" WIDTH="263" HEIGHT="74" CONTENT="thought" WC="1.00" CC="0007000"/>
						<SP ID="P32_SP00191" HPOS="1539" VPOS="3054" WIDTH="29"/>
						<String ID="P32_ST00223" HPOS="1568" VPOS="2988" WIDTH="66" HEIGHT="50" CONTENT="to" WC="0.94" CC="01"/>
						<SP ID="P32_SP00192" HPOS="1634" VPOS="3054" WIDTH="31"/>
						<String ID="P32_ST00224" HPOS="1665" VPOS="2980" WIDTH="128" HEIGHT="58" CONTENT="find" WC="0.99" CC="0050"/>
					</TextLine>
					<TextLine ID="P32_TL00029" HPOS="162" VPOS="3077" WIDTH="1404" HEIGHT="80">
						<String ID="P32_ST00225" HPOS="162" VPOS="3090" WIDTH="107" HEIGHT="67" CONTENT="My" WC="1.00" CC="00"/>
						<SP ID="P32_SP00193" HPOS="269" VPOS="3157" WIDTH="30"/>
						<String ID="P32_ST00226" HPOS="299" VPOS="3085" WIDTH="103" HEIGHT="58" CONTENT="old" WC="0.99" CC="200"/>
						<SP ID="P32_SP00194" HPOS="402" VPOS="3157" WIDTH="31"/>
						<String ID="P32_ST00227" HPOS="433" VPOS="3102" WIDTH="194" HEIGHT="54" CONTENT="angry" WC="0.99" CC="70000"/>
						<SP ID="P32_SP00195" HPOS="627" VPOS="3157" WIDTH="29"/>
						<String ID="P32_ST00228" HPOS="656" VPOS="3081" WIDTH="235" HEIGHT="63" CONTENT="father;" WC="0.99" CC="0000026"/>
						<SP ID="P32_SP00196" HPOS="891" VPOS="3157" WIDTH="61"/>
						<String ID="P32_ST00229" HPOS="952" VPOS="3078" WIDTH="122" HEIGHT="56" CONTENT="and" WC="0.94" CC="860"/>
						<SP ID="P32_SP00197" HPOS="1074" VPOS="3157" WIDTH="31"/>
						<String ID="P32_ST00230" HPOS="1105" VPOS="3082" WIDTH="30" HEIGHT="52" CONTENT="I" WC="1.00" CC="0"/>
						<SP ID="P32_SP00198" HPOS="1135" VPOS="3157" WIDTH="32"/>
						<String ID="P32_ST00231" HPOS="1167" VPOS="3077" WIDTH="125" HEIGHT="56" CONTENT="find" WC="1.00" CC="0000"/>
						<SP ID="P32_SP00199" HPOS="1292" VPOS="3157" WIDTH="28"/>
						<String ID="P32_ST00232" HPOS="1320" VPOS="3096" WIDTH="125" HEIGHT="51" CONTENT="you" WC="0.97" CC="007"/>
						<SP ID="P32_SP00200" HPOS="1445" VPOS="3157" WIDTH="24"/>
						<String ID="P32_ST00233" HPOS="1469" VPOS="3082" WIDTH="10" HEIGHT="50" CONTENT="!" WC="0.92" CC="0"/>
						<String ID="P32_ST00234" HPOS="1487" VPOS="3110" WIDTH="79" HEIGHT="8" CONTENT="—" WC="0.20" CC="8"/>
					</TextLine>
					<TextLine ID="P32_TL00030" HPOS="162" VPOS="3171" WIDTH="1710" HEIGHT="79">
						<String ID="P32_ST00235" HPOS="162" VPOS="3186" WIDTH="168" HEIGHT="59" CONTENT="Now," WC="0.98" CC="6104"/>
						<SP ID="P32_SP00201" HPOS="330" VPOS="3245" WIDTH="38"/>
						<String ID="P32_ST00236" HPOS="368" VPOS="3199" WIDTH="102" HEIGHT="38" CONTENT="are" WC="0.99" CC="001"/>
						<SP ID="P32_SP00202" HPOS="470" VPOS="3245" WIDTH="26"/>
						<String ID="P32_ST00237" HPOS="496" VPOS="3199" WIDTH="89" HEIGHT="37" CONTENT="we" WC="0.97" CC="00"/>
						<SP ID="P32_SP00203" HPOS="585" VPOS="3245" WIDTH="28"/>
						<String ID="P32_ST00238" HPOS="613" VPOS="3177" WIDTH="163" HEIGHT="73" CONTENT="right" WC="1.00" CC="03000"/>
						<SP ID="P32_SP00204" HPOS="776" VPOS="3250" WIDTH="26"/>
						<String ID="P32_ST00239" HPOS="802" VPOS="3181" WIDTH="108" HEIGHT="65" CONTENT="yet" WC="1.00" CC="000"/>
						<SP ID="P32_SP00205" HPOS="910" VPOS="3250" WIDTH="24"/>
						<String ID="P32_ST00240" HPOS="934" VPOS="3180" WIDTH="21" HEIGHT="49" CONTENT="?" WC="1.00" CC="0"/>
						<SP ID="P32_SP00206" HPOS="955" VPOS="3250" WIDTH="86"/>
						<String ID="P32_ST00241" HPOS="1041" VPOS="3175" WIDTH="85" HEIGHT="57" CONTENT="Or" WC="0.75" CC="04"/>
						<SP ID="P32_SP00207" HPOS="1126" VPOS="3250" WIDTH="28"/>
						<String ID="P32_ST00242" HPOS="1154" VPOS="3173" WIDTH="151" HEIGHT="58" CONTENT="shall" WC="1.00" CC="00003"/>
						<SP ID="P32_SP00208" HPOS="1305" VPOS="3250" WIDTH="28"/>
						<String ID="P32_ST00243" HPOS="1333" VPOS="3176" WIDTH="31" HEIGHT="53" CONTENT="I" WC="1.00" CC="0"/>
						<SP ID="P32_SP00209" HPOS="1364" VPOS="3250" WIDTH="30"/>
						<String ID="P32_ST00244" HPOS="1394" VPOS="3173" WIDTH="105" HEIGHT="58" CONTENT="tell" WC="0.97" CC="0513"/>
						<SP ID="P32_SP00210" HPOS="1499" VPOS="3250" WIDTH="26"/>
						<String ID="P32_ST00245" HPOS="1525" VPOS="3191" WIDTH="123" HEIGHT="52" CONTENT="you" WC="0.97" CC="006"/>
						<SP ID="P32_SP00211" HPOS="1648" VPOS="3250" WIDTH="28"/>
						<String ID="P32_ST00246" HPOS="1676" VPOS="3171" WIDTH="196" HEIGHT="58" CONTENT="where" WC="0.98" CC="00541"/>
					</TextLine>
					<TextLine ID="P32_TL00031" HPOS="162" VPOS="3269" WIDTH="1757" HEIGHT="71">
						<String ID="P32_ST00247" HPOS="162" VPOS="3279" WIDTH="128" HEIGHT="57" CONTENT="The" WC="0.96" CC="900"/>
						<SP ID="P32_SP00212" HPOS="290" VPOS="3336" WIDTH="36"/>
						<String ID="P32_ST00248" HPOS="326" VPOS="3276" WIDTH="180" HEIGHT="59" CONTENT="stairs" WC="1.00" CC="000040"/>
						<SP ID="P32_SP00213" HPOS="506" VPOS="3336" WIDTH="35"/>
						<String ID="P32_ST00249" HPOS="541" VPOS="3292" WIDTH="153" HEIGHT="40" CONTENT="were" WC="0.99" CC="0020"/>
						<SP ID="P32_SP00214" HPOS="694" VPOS="3336" WIDTH="36"/>
						<String ID="P32_ST00250" HPOS="730" VPOS="3270" WIDTH="204" HEIGHT="58" CONTENT="rotted" WC="1.00" CC="010000"/>
						<SP ID="P32_SP00215" HPOS="934" VPOS="3336" WIDTH="35"/>
						<String ID="P32_ST00251" HPOS="969" VPOS="3276" WIDTH="184" HEIGHT="51" CONTENT="worst" WC="0.99" CC="00500"/>
						<SP ID="P32_SP00216" HPOS="1153" VPOS="3336" WIDTH="24"/>
						<String ID="P32_ST00252" HPOS="1177" VPOS="3275" WIDTH="20" HEIGHT="50" CONTENT="?" WC="1.00" CC="0"/>
						<String ID="P32_ST00253" HPOS="1207" VPOS="3304" WIDTH="78" HEIGHT="7" CONTENT="—" WC="0.20" CC="8"/>
						<SP ID="P32_SP00217" HPOS="1285" VPOS="3336" WIDTH="74"/>
						<String ID="P32_ST00254" HPOS="1359" VPOS="3269" WIDTH="186" HEIGHT="57" CONTENT="Third" WC="1.00" CC="00030"/>
						<SP ID="P32_SP00218" HPOS="1545" VPOS="3336" WIDTH="34"/>
						<String ID="P32_ST00255" HPOS="1579" VPOS="3269" WIDTH="158" HEIGHT="56" CONTENT="from" WC="0.99" CC="0400"/>
						<SP ID="P32_SP00219" HPOS="1737" VPOS="3336" WIDTH="36"/>
						<String ID="P32_ST00256" HPOS="1773" VPOS="3274" WIDTH="107" HEIGHT="66" CONTENT="top" WC="0.97" CC="008"/>
						<SP ID="P32_SP00220" HPOS="1880" VPOS="3340" WIDTH="25"/>
						<String ID="P32_ST00257" HPOS="1905" VPOS="3285" WIDTH="14" HEIGHT="37" CONTENT=":" WC="0.46" CC="5"/>
					</TextLine>
					<TextLine ID="P32_TL00032" HPOS="163" VPOS="3364" WIDTH="1401" HEIGHT="75">
						<String ID="P32_ST00258" HPOS="163" VPOS="3374" WIDTH="149" HEIGHT="57" CONTENT="Half" WC="0.99" CC="6000"/>
						<SP ID="P32_SP00221" HPOS="312" VPOS="3431" WIDTH="29"/>
						<String ID="P32_ST00259" HPOS="341" VPOS="3373" WIDTH="64" HEIGHT="56" CONTENT="of" WC="0.88" CC="20"/>
						<SP ID="P32_SP00222" HPOS="405" VPOS="3431" WIDTH="28"/>
						<String ID="P32_ST00260" HPOS="433" VPOS="3372" WIDTH="52" HEIGHT="57" CONTENT="it" WC="1.00" CC="00"/>
						<SP ID="P32_SP00223" HPOS="485" VPOS="3431" WIDTH="26"/>
						<String ID="P32_ST00261" HPOS="511" VPOS="3370" WIDTH="201" HEIGHT="69" CONTENT="flimsy" WC="0.98" CC="870000"/>
						<SP ID="P32_SP00224" HPOS="712" VPOS="3439" WIDTH="31"/>
						<String ID="P32_ST00262" HPOS="743" VPOS="3367" WIDTH="120" HEIGHT="57" CONTENT="and" WC="1.00" CC="000"/>
						<SP ID="P32_SP00225" HPOS="863" VPOS="3439" WIDTH="29"/>
						<String ID="P32_ST00263" HPOS="892" VPOS="3365" WIDTH="122" HEIGHT="59" CONTENT="soft" WC="0.99" CC="0300"/>
						<SP ID="P32_SP00226" HPOS="1014" VPOS="3439" WIDTH="31"/>
						<String ID="P32_ST00264" HPOS="1045" VPOS="3384" WIDTH="66" HEIGHT="38" CONTENT="as" WC="1.00" CC="00"/>
						<SP ID="P32_SP00227" HPOS="1111" VPOS="3439" WIDTH="27"/>
						<String ID="P32_ST00265" HPOS="1138" VPOS="3365" WIDTH="264" HEIGHT="62" CONTENT="blanket," WC="0.99" CC="01010053"/>
						<SP ID="P32_SP00228" HPOS="1402" VPOS="3439" WIDTH="34"/>
						<String ID="P32_ST00266" HPOS="1436" VPOS="3364" WIDTH="128" HEIGHT="57" CONTENT="half" WC="0.98" CC="9000"/>
					</TextLine>
					<TextLine ID="P32_TL00033" HPOS="165" VPOS="3468" WIDTH="449" HEIGHT="75">
						<String ID="P32_ST00267" HPOS="165" VPOS="3468" WIDTH="238" HEIGHT="75" CONTENT="Gaping" WC="0.98" CC="650053"/>
						<SP ID="P32_SP00229" HPOS="403" VPOS="3543" WIDTH="40"/>
						<String ID="P32_ST00268" HPOS="443" VPOS="3483" WIDTH="171" HEIGHT="58" CONTENT="open." WC="0.98" CC="20054"/>
					</TextLine>
				</TextBlock>
			</PrintSpace>
		</Page>
	</Layout>
</alto>
