2644 4089
1625 413 277 76 Wilfrid
1941 412 257 62 Wilson
2241 409 255 62 Gibson

173 431 181 62 THE
412 427 286 62 SHAFT

1245 3668 93 46 203

336 631 162 56 That
529 648 84 55 up
647 629 107 57 the
787 628 181 68 slimy
1000 625 165 58 shaft
1196 621 274 75 gleamed
1500 621 94 55 far
1626 617 122 56 and
1781 616 140 56 dim.

337 727 70 57 'T
408 725 201 59 would
638 724 250 57 flourish
919 742 78 38 on
1029 722 94 55 his
1152 722 190 54 bones
1371 718 175 56 when
1577 717 77 54 he
1683 711 219 59 should
1930 710 76 57 lie

334 824 338 72 Forgotten
705 821 64 56 in
802 821 108 57 the
943 818 180 59 shaft.
1209 819 93 54 Its
1335 814 264 68 clammy
1630 808 220 60 breath

334 924 145 54 Was
516 917 262 73 choking
815 916 129 56 him
981 913 258 70 already.
1325 915 98 53 He
1457 908 201 57 would
1696 906 110 62 die,

336 1017 142 58 And
511 1035 80 38 no
627 1035 115 37 one
775 1015 182 55 know
990 1012 137 56 how
1160 1009 142 58 he'd
1336 1026 169 38 come
1538 1006 86 69 by
1658 1004 94 55 his
1786 1001 201 57 death.
2035 1044 10 10 .
2095 1044 9 10 .

334 1114 199 64 Dank,
573 1113 136 57 cold
742 1110 210 59 mould
982 1108 267 75 growing
1281 1104 221 70 slowly.
1592 1106 95 65 By
1720 1099 122 57 and
1872 1099 86 68 by

338 1211 273 58 'Twould
644 1227 179 41 cover
855 1208 164 63 him;
1081 1205 122 56 and
1236 1209 111 51 not
1382 1221 34 37 a
1450 1200 132 58 soul
1613 1205 68 51 to
1714 1197 108 58 tell
1861 1241 11 10 .
1921 1241 10 10 .
1982 1240 10 10 .

338 1405 170 58 With
547 1423 35 36 a
616 1402 143 57 wild
794 1420 109 51 cry
938 1401 77 56 he
1051 1397 158 59 tried
1244 1402 67 51 to
1347 1392 293 60 scramble
1674 1396 127 57 out,

342 1500 320 74 Clutching
701 1500 108 57 the
848 1496 137 59 wall
1025 1541 12 10 .
1085 1539 11 12 .
1145 1539 10 11 .
1203 1491 208 59 Mould
1450 1487 255 60 covered
1742 1485 129 57 him
1911 1528 129 11 ...
2087 1485 98 54 He
2220 1480 116 63 fell,

341 1599 99 64 As,
477 1598 157 57 close
663 1603 66 51 at
756 1593 182 65 hand,
971 1593 172 57 there
1171 1608 171 38 came
1368 1606 80 36 an
1477 1581 332 74 answering
1834 1580 198 59 shout.
