2644 4089
157 421 179 63 THE
395 423 284 61 SHAFT

1591 421 276 75 Wilfrid
1910 423 258 62 Wilson
2215 423 258 61 Gibson

1297 3628 92 45 200

307 625 155 63 Coal,
505 642 136 40 sure
675 625 254 72 enough.
1013 626 140 56 And
1188 626 77 57 he
1299 644 123 38 was
1456 626 193 56 broad
1688 626 222 63 awake,

306 720 139 57 And
480 720 278 72 crawling
792 721 123 57 still
951 721 262 73 through
1248 722 140 56 that
1421 721 310 73 unending
1766 721 151 59 drift

308 818 79 57 Of
418 837 165 38 some
614 818 101 56 old
745 818 283 71 working,
1066 819 141 71 long
1240 818 253 57 disused.
1580 818 161 57 He'd
1771 819 224 56 known

308 913 160 57 That
500 914 168 57 there
698 932 154 39 were
882 914 163 56 such.
1130 914 57 56 If
1219 915 77 56 he
1327 914 178 57 could
1536 915 145 70 only
1712 914 100 57 lift

308 1009 115 56 His
449 1008 156 57 head
635 1027 35 37 a
699 1016 305 57 moment;
1061 1009 115 58 but
1205 1011 105 56 the
1338 1009 132 58 roof
1498 1011 64 56 of
1590 1017 175 51 stone

310 1103 266 59 Crushed
607 1105 114 56 low
753 1122 164 55 upon
950 1103 141 58 him.
1176 1105 56 57 A
1261 1124 117 53 gey
1408 1124 236 38 narrow
1676 1124 166 39 seam

311 1204 96 53 He
435 1206 164 51 must
625 1201 76 56 be
725 1200 287 63 in,—and
1039 1201 121 56 bad
1187 1208 66 50 to
1282 1202 168 56 work
1474 1223 10 33 :
1540 1222 79 36 no
1648 1202 196 58 doubt

312 1294 211 58 That's
555 1295 139 70 why
730 1296 169 56 'twas
929 1295 181 73 given
1140 1316 98 53 up.
1324 1298 182 56 Held
1536 1298 121 57 like
1689 1304 66 51 to
1788 1317 247 46 scream,

312 1390 114 56 His
457 1397 105 51 cut
592 1392 184 56 knees
806 1392 145 56 hurt
981 1411 66 37 so
1079 1393 230 69 sorely;
1370 1394 114 56 but
1517 1412 35 37 a
1585 1393 183 57 shout

312 1487 194 71 Might
537 1487 175 72 bring
744 1488 105 56 the
881 1488 335 71 crumbling
1249 1490 131 55 roof
1414 1488 176 57 down
1624 1510 79 37 on
1736 1491 95 57 his
1863 1491 171 65 head,

313 1582 140 57 And
485 1583 223 73 squash
739 1582 128 56 him
898 1582 123 57 flat.

1154 1680 59 56 If
1243 1680 76 57 he
1350 1680 176 56 could
1558 1683 143 68 only
1732 1700 175 56 creep

316 1779 282 53 Between
628 1775 106 57 the
764 1777 131 55 cool
926 1775 181 57 white
1138 1777 198 57 sheets
1367 1778 63 54 of
1460 1778 94 56 his
1586 1798 135 36 own
1752 1779 132 65 bed,

313 1871 140 57 And
482 1877 144 51 turn
655 1871 263 57 towards
946 1872 107 56 the
1080 1872 149 62 wall,
1267 1872 121 56 and
1417 1873 174 72 sleep,
1630 1874 122 56 and
1781 1876 242 72 sleep—

313 1966 140 57 And
489 1966 221 63 dream,
752 1967 234 69 maybe,
1028 1967 63 56 of
1122 1966 249 72 pigeons
1406 1968 238 73 soaring
1679 1970 161 72 high,

315 2061 266 72 Turning
616 2061 120 56 and
768 2061 300 72 tumbling
1098 2062 64 55 in
1193 2062 106 57 the
1332 2064 278 72 morning
1639 2065 169 72 light,

316 2159 168 56 With
514 2158 187 72 wings
734 2159 321 57 ashimmer
1083 2159 65 56 in
1182 2178 34 37 a
1248 2160 293 57 cloudless
1572 2161 128 69 sky.

317 2253 181 57 He'ld
528 2253 135 72 give
694 2254 106 56 the
830 2253 188 57 world
1049 2260 67 50 to
1148 2273 98 38 see
1277 2273 36 37 a
1345 2255 221 57 bonnie
1596 2257 175 72 flight

316 2349 80 57 Of
429 2349 94 56 his
557 2368 134 37 own
724 2349 247 73 pigeons
1006 2349 115 57 rise
1154 2351 147 57 with
1336 2352 268 72 flapping
1638 2353 203 74 wings,

317 2443 250 73 Soaring
604 2445 120 55 and
759 2445 296 73 sweeping
1092 2446 220 57 almost
1346 2453 109 51 out
1491 2448 62 55 of
1587 2448 175 73 sight,

317 2541 114 56 Till
467 2541 76 56 he
574 2560 122 37 was
729 2540 186 70 dizzy,
955 2541 302 72 watching
1287 2544 108 55 the
1427 2545 142 54 mad
1601 2545 207 74 things

318 2635 249 72 Tossing
607 2635 119 56 and
763 2635 301 72 tumbling
1105 2644 64 49 at
1207 2638 139 55 that
1385 2638 271 73 dazzling
1693 2641 223 73 height.

318 2732 111 69 Ay,
468 2732 121 55 and
618 2732 93 57 his
741 2732 254 63 homers,
1031 2739 104 50 too
1138 2733 123 56 —if
1291 2734 211 70 they'd
1534 2754 169 40 come
1733 2738 79 65 in,

320 2831 96 53 He
447 2828 199 72 hoped
678 2828 93 57 his
804 2828 301 56 mother'd
1135 2828 102 57 fed
1268 2829 185 58 them.
1538 2831 171 72 They
1741 2836 199 56 would
1972 2838 77 57 be

321 2923 138 57 Fair
489 2923 296 57 famished
818 2925 153 55 after
1003 2925 146 55 such
1182 2944 36 36 a
1249 2926 188 71 flight,
1478 2928 121 55 and
1629 2930 151 57 thin.

325 3119 123 53 But
478 3116 107 58 she
616 3116 198 58 would
844 3116 136 58 feed
1012 3118 184 62 them,
1235 3137 136 39 sure
1402 3121 273 72 enough;
1736 3123 94 58 for
1862 3125 106 57 she

321 3212 190 62 Liked
541 3212 261 73 pigeons,
839 3219 104 51 too
946 3213 275 56 —would
1252 3215 182 55 stand
1464 3217 173 58 there
1668 3226 67 50 at
1766 3221 106 58 the
1905 3222 149 58 door

324 3308 166 57 With
527 3328 160 39 arms
724 3308 257 65 akimbo,
1025 3309 229 73 staring
1294 3318 65 50 at
1394 3313 107 57 the
1536 3314 155 65 blue,

322 3406 127 55 Her
476 3405 176 57 black
680 3424 140 51 eyes
848 3405 238 71 shining
1116 3424 66 38 as
1210 3406 105 57 she
1345 3410 274 57 watched
1648 3412 170 57 them
1846 3433 153 47 soar,

324 3499 276 58 Without
633 3520 36 37 a
701 3501 180 64 word,
920 3501 94 57 till
1046 3501 149 70 they
1225 3523 154 39 were
1412 3513 109 50 out
1553 3508 62 55 of
1647 3508 165 58 view.
