2644 4089
170 272 176 60 THE
404 275 485 62 STAIRCASE

1597 289 337 59 Lascelles
1985 289 483 62 Abercrombie

1224 3441 87 45 190

164 475 225 56 You're
418 483 109 50 not
558 477 105 57 the
692 497 143 37 man

239 591 48 55 3-
907 599 111 59 No,
1056 615 78 38 no
1157 618 12 43 ;
1227 602 32 52 I
1289 619 122 38 saw
1439 602 163 73 right
1631 605 84 55 off

160 686 97 55 He
292 685 122 56 had
450 686 104 57 the
588 689 141 56 look
765 690 61 56 of
861 710 284 40 someone
1180 696 132 56 else.

240 802 46 51 1.
376 802 415 75 {Marshalling
824 806 148 55 them
1006 813 57 48 at
1096 808 88 56 the
1217 811 286 71 staircase)
1590 818 154 52 Now
1776 817 94 56 for
1903 817 82 57 it!

234 915 49 53 2.
370 916 169 55 Mind
570 917 107 57 the
709 921 230 55 reward
972 922 189 58 that's
1192 926 215 70 posted
1439 929 94 54 for
1564 930 128 56 him
1717 938 9 47 !

234 1032 48 54 3-
1288 1042 263 72 Charge!

1251 1162 15 60 [
1278 1157 155 74 They
1458 1161 140 54 rush
1625 1166 81 68 up
1735 1164 89 54 the
1851 1165 185 55 stairs.

225 1259 210 72 Joiner
459 1279 19 38 :
541 1261 144 59 This
719 1265 136 56 falls
891 1274 107 50 out
1034 1269 144 56 well.
1264 1273 212 56 Here's
1513 1293 76 36 an
1626 1296 143 51 easy
1805 1278 302 65 riddance,

149 1354 140 56 And
325 1357 105 57 the
465 1377 135 51 way
635 1362 240 56 smooth
911 1363 157 56 from
1104 1364 156 59 here.

231 1470 243 56 Woman
499 1489 19 38 :
1148 1484 174 54 Were
1354 1502 123 49 you
1510 1493 111 49 not
1654 1488 131 55 told

146 1564 85 56 To
266 1566 189 56 break
488 1575 109 50 out
630 1570 194 72 larger
856 1573 287 58 windows
1175 1575 63 56 in
1274 1578 104 57 the
1414 1580 179 59 attics
1619 1588 20 48 ?

144 1658 256 71 They're
442 1665 165 55 cruel
650 1667 207 54 small!

215 1775 209 72 Joiner
449 1795 19 38 :
761 1781 177 58 Cruel
971 1785 120 54 and
1125 1789 173 54 small
1330 1789 218 58 indeed

141 1867 87 57 To
257 1890 115 38 one
399 1874 135 56 who
564 1875 208 58 thinks
802 1877 62 56 of
892 1881 320 73 squeezing
1238 1883 96 57 his
1360 1904 214 55 escape

141 1964 282 75 Through
452 1988 115 39 one
593 1973 63 54 of
682 1973 269 57 them.—
1029 1980 123 55 But
1180 1982 31 52 I
1238 1999 115 36 can
1378 1982 146 57 hear
1552 1984 148 71 they
1725 1987 157 58 have
1909 1989 142 57 him.

912 2091 144 66 [The
1091 2092 146 56 three
1273 2112 131 38 men
1439 2115 150 38 come
1625 2101 163 56 down
1824 2104 135 55 with
1993 2106 90 56 the
2117 2106 245 60 Tramp.

217 2197 45 54 1.
349 2196 126 59 The
504 2218 144 38 man
677 2201 94 57 for
799 2205 232 56 certain
1062 2206 124 58 this
1216 2208 160 58 time.

219 2312 217 73 Tramp
461 2332 21 38 :
1233 2323 190 74 Copt!
1490 2337 176 64 Copt!

216 2424 244 59 Woman
484 2446 20 37 :
569 2432 108 55 We
705 2432 272 59 couldn't
1006 2435 111 57 flee
1145 2438 95 54 for
1268 2459 152 37 ever.
1506 2445 63 53 Is
1598 2444 49 57 it
1675 2445 111 64 far,

134 2519 125 58 The
287 2542 135 50 way
451 2530 67 51 to
548 2526 106 56 the
682 2526 108 73 jail
816 2534 19 50 ?
922 2529 234 71 They'll
1185 2534 136 71 give
1350 2554 71 38 us
1451 2538 143 57 food
1625 2540 186 66 there,
1848 2544 197 73 likely.

209 2636 35 54 2
289 2642 74 62 {to
396 2639 89 55 the
520 2643 294 69 Woman).
902 2645 199 64 What,
1143 2666 102 39 are
1275 2669 124 50 you
1432 2655 238 72 coming
1703 2662 106 52 too
1835 2664 19 49 ?

212 2749 247 58 Woman
484 2770 19 38 :
1559 2772 138 62 Yes,
1745 2773 120 57 I'm
1903 2775 255 75 coming.

205 2866 48 54 3.
341 2869 172 56 Were
544 2887 123 51 you
700 2871 64 55 in
797 2873 147 57 with
976 2874 94 58 his
1101 2877 292 75 burnings
1419 2887 20 48 ?

207 2979 245 57 Woman
476 3000 21 38 :
1247 2993 171 72 They
1454 3015 102 41 are
1592 3001 162 59 mine

122 3073 87 57 As
239 3076 179 56 much
452 3097 68 38 as
549 3079 109 58 his.
743 3085 32 54 I
808 3086 283 56 screened
1123 3088 94 57 his
1247 3089 154 72 light
1432 3094 160 59 from
1625 3097 306 76 draughts.

195 3188 212 72 Joiner
430 3208 19 39 :
513 3197 98 55 He
635 3197 177 57 made
835 3198 108 57 her
967 3200 77 57 do
1068 3201 50 57 it
1143 3208 174 65 \—{to
1341 3207 89 56 the
1456 3212 274 71 Woman)
1787 3215 245 62 There's
2055 3239 80 39 no
2158 3226 155 56 need
2336 3227 100 58 for

202 3302 217 75 Tramp
447 3323 19 38 :
531 3307 154 73 Copt
711 3310 53 57 is
790 3311 106 59 the
922 3315 167 55 word
1114 3321 9 49 !
2084 3337 148 67 [this
2257 3346 13 48 !
