2644 4089
1602 408 343 62 Lascelles
1996 404 482 65 Abercrombie

167 412 181 62 THE
414 412 493 62 STAIRCASE

1307 3592 87 45 189

249 616 247 56 Woman
521 633 19 38 :
800 618 173 69 Keep
1010 614 171 58 them
1216 612 363 72 blundering

165 713 58 57 A
252 712 193 63 while,
484 731 36 36 a
548 712 160 58 little
737 712 178 57 while
939 718 10 48 !

247 821 49 53 2.
926 817 175 57 We'll
1134 816 158 57 have
1326 822 66 51 to
1427 833 76 54 go

169 925 305 71 Carefully
511 925 192 57 about
737 924 143 57 him.

248 1034 50 55 3.
847 1030 113 70 Ay,
1007 1029 100 57 'tis
1142 1048 37 37 a
1213 1028 134 57 face

168 1137 171 57 With
369 1137 247 72 gallows
645 1136 65 56 in
741 1136 63 57 it.
893 1136 197 57 When
1120 1139 31 53 I
1184 1155 122 38 saw
1335 1134 128 56 him
1493 1134 167 58 leant

172 1233 217 59 Beside
421 1233 106 58 the
560 1240 285 66 taproom
879 1232 165 64 door,
1085 1231 147 57 with
1264 1231 95 57 his
1391 1250 142 51 eyes
1565 1230 268 72 cadging,

169 1334 33 54 I
242 1330 280 72 thought,
635 1329 245 57 There's
921 1348 36 35 a
996 1327 413 73 slaughtering
1447 1326 316 70 visnomy!

253 1440 46 54 1.
386 1438 132 56 I've
549 1454 80 39 no
661 1434 216 59 notion
910 1440 66 51 at
1009 1434 78 56 all
1119 1434 62 56 of
1212 1433 204 72 seeing
1447 1432 127 57 him
1604 1430 239 74 hanged

172 1545 120 56 For
331 1542 351 72 murdering
722 1560 111 39 me.

251 1653 50 53 2.
775 1651 222 69 Young
1034 1646 213 64 fellow,
1293 1664 136 38 own
1466 1651 66 51 to
1570 1644 301 71 yourself!

173 1757 230 56 You're
435 1755 108 58 the
576 1754 393 57 rick-burner.

254 1856 50 54 3.
930 1851 112 68 Ay,
1082 1848 122 56 and
1235 1848 77 57 he
1343 1848 189 56 burnt
1565 1866 36 37 a
1630 1846 117 55 lad.

252 1968 258 74 Joiner:
572 1970 96 53 Do
700 1965 146 57 hold
875 1983 157 52 your
1061 1962 346 72 blathering
1439 1980 36 37 a
1505 1961 94 57 bit
1632 1960 121 56 and
1782 1960 146 57 hear
1959 1978 109 38 me.

177 2067 87 55 Or
292 2064 46 56 if
366 2082 125 52 you
520 2064 202 61 won't,
759 2082 99 38 see
887 2060 138 59 this.
1267 2058 283 73 [Holding
1578 2062 81 68 up
1691 2075 35 36 a
1757 2056 265 56 hammer.

261 2172 45 53 1.
1242 2167 98 53 He
1380 2181 208 38 means
1626 2162 250 67 battery
1900 2166 9 48 !

258 2279 50 53 2.
395 2275 295 58 Dreadful
720 2275 207 71 things
955 2291 116 37 can
1099 2272 76 56 be
1206 2270 157 57 done
1391 2269 147 57 with
1570 2286 36 37 a
1634 2267 285 56 hammer.

261 2385 49 55 3.
1707 2373 196 57 When
1938 2371 77 58 he

182 2479 163 57 That
371 2498 139 38 uses
536 2478 51 57 it
615 2478 51 57 is
692 2477 143 56 wild
864 2476 122 57 and
1013 2477 209 54 knows
1250 2473 107 57 the
1383 2491 136 49 way

183 2576 289 72 Through
501 2594 155 50 your
686 2575 158 55 skull
875 2572 122 56 and
1026 2572 133 56 into
1188 2587 155 52 your
1371 2567 189 57 brain.

259 2691 214 74 Joiner
498 2709 19 38 :
1387 2686 95 52 Do
1519 2688 139 66 stop
1684 2688 9 47 !

182 2790 165 54 lam
375 2787 107 57 the
508 2785 196 73 joiner
731 2784 157 57 here.
972 2780 302 59 Yonder's
1302 2798 105 50 my
1435 2777 182 63 work,

184 2884 129 56 The
346 2883 305 57 staircase.
737 2879 141 58 And
911 2878 107 57 the
1051 2896 143 37 man
1226 2893 124 52 you
1383 2879 167 51 want
1580 2873 111 56 has
1722 2869 210 59 bolted

187 2985 102 68 Up
317 2987 67 50 to
412 2978 106 59 the
544 2978 131 63 loft,
713 2976 122 57 and
860 2994 125 52 you
1011 2975 158 56 have
1194 2972 130 56 him
1350 2970 186 72 caged
1565 2968 121 56 and
1714 2968 141 57 safe.

270 3080 47 53 1.
403 3076 122 57 Are
559 3074 173 57 there
766 3089 283 55 weapons
1082 3067 268 74 upstairs
1373 3071 21 50 ?

266 3192 258 75 Joiner:
897 3185 91 59 Go
1026 3203 81 37 on
1145 3182 122 58 and
1303 3182 144 58 take
1482 3179 144 56 him.

191 3290 129 58 The
351 3288 222 57 room's
604 3287 147 56 bare
780 3282 224 58 boards
1037 3279 120 58 and
1188 3278 181 64 walls,
1409 3277 122 56 and
1561 3277 127 56 he's
1721 3293 65 39 as
1816 3274 171 58 weak

193 3385 172 58 With
395 3381 331 72 famishing
760 3398 66 38 as
860 3398 34 36 a
926 3377 98 71 fly.

271 3485 51 54 2.
950 3472 169 63 Well,
1164 3471 45 57 if
1246 3470 211 70 you're
1495 3485 137 40 sure
