2644 4089
1281 3619 87 46 195

152 405 181 63 THE
376 407 180 61 OLD
599 410 470 64 NAIL-SHOP

1586 416 272 75 Wilfrid
1901 419 253 61 Wilson
2208 419 253 61 Gibson

315 614 30 52 I
379 611 239 57 dreamt
650 614 62 56 of
743 615 411 72 wings,—and
1186 619 211 57 waked
1427 626 66 50 to
1525 620 145 57 hear

313 706 286 74 Through
635 710 104 56 the
772 711 115 56 low
920 713 234 73 sloping
1188 715 213 73 ceiling
1435 717 156 57 clear

313 802 127 57 The
476 804 240 73 nesting
752 807 282 72 starlings
1069 808 208 58 flutter
1314 812 122 54 and
1470 812 238 57 scratch

312 897 240 72 Among
586 899 106 58 the
727 902 218 57 rafters
978 905 62 54 of
1073 905 107 57 the
1211 906 233 63 thatch,

316 997 128 54 Not
484 1001 236 64 twenty
758 996 208 60 inches
1004 1000 159 57 from
1204 1021 105 51 my
1350 1002 192 64 head;

316 1090 141 56 And
491 1091 117 69 lay,
651 1091 480 76 half-dreaming,
1176 1096 63 56 in
1276 1117 106 50 my
1417 1099 133 62 bed,

319 1188 323 72 Watching
678 1189 107 57 the
819 1190 94 56 far
947 1193 164 63 elms,
1154 1194 405 74 bolt-upright

322 1283 188 56 Black
541 1291 219 50 towers
791 1287 62 54 of
882 1287 220 58 silence
1130 1289 65 55 in
1227 1310 35 35 a
1291 1291 176 72 night

320 1380 80 57 Of
434 1386 173 57 stars,
650 1383 480 71 square-framed
1164 1386 273 57 between
1473 1387 105 57 the
1613 1387 94 57 sill

322 1475 79 57 Of
435 1476 107 56 the
574 1485 308 49 casement
917 1480 122 54 and
1072 1480 104 57 the
1210 1500 191 43 eaves,
1441 1482 159 58 until

322 1576 31 52 I
385 1573 287 63 drowsed,
711 1574 122 56 and
863 1583 164 49 must
1056 1576 157 58 have
1241 1578 157 73 slept
1428 1598 36 37 a
1492 1579 163 56 wink
1695 1623 10 11 .
1755 1623 10 11 .
1813 1623 12 11 .

322 1669 141 56 And
499 1670 291 56 wakened
827 1678 64 49 to
932 1691 34 36 a
1002 1673 287 57 ceaseless
1324 1673 162 56 clink

324 1764 80 57 Of
438 1764 305 57 hammers
777 1766 236 72 ringing
1047 1787 81 37 on
1163 1769 104 56 the
1304 1768 86 56 air
1431 1815 9 9 .
1489 1815 11 9 .
1548 1814 10 10 .

325 1861 154 63 And,
532 1862 317 64 somehow,
901 1865 145 68 only
1089 1863 365 65 half-aware,

325 1957 98 56 I'd
452 1957 173 65 risen,
664 1959 122 56 and
815 1966 172 66 crept
1017 1959 178 57 down
1223 1961 106 56 the
1359 1961 165 64 stair,

329 2055 369 57 Bewildered
735 2056 85 69 by
858 2063 257 65 strange,
1162 2058 217 68 smoky
1415 2058 215 71 gloom,

327 2150 174 58 Until
538 2150 97 56 I'd
672 2152 256 57 reached
964 2153 106 56 the
1105 2153 386 72 living-room

327 2246 162 57 That
524 2266 149 37 once
708 2247 124 56 had
867 2248 154 56 been
1059 2266 34 37 a
1129 2248 465 73 nailshop-shed.

327 2342 140 57 And
503 2343 195 58 where
734 2362 106 51 my
874 2345 219 56 hearth
1128 2343 121 56 had
1284 2343 225 64 blazed,
1552 2343 236 58 instead

329 2441 31 52 I
393 2458 125 37 saw
547 2439 108 57 the
686 2439 318 72 nail-forge
1034 2440 256 72 glowing
1322 2440 140 62 red;

329 2535 153 62 And,
526 2535 264 71 through
824 2536 105 56 the
962 2535 140 57 stife
1138 2535 120 56 and
1293 2536 216 69 smoky
1540 2536 178 70 glare,

327 2630 193 58 Three
561 2630 311 74 dreaming
910 2651 235 38 women
1185 2630 283 73 standing
1506 2630 171 58 there

332 2727 168 57 With
534 2728 305 56 hammers
874 2728 246 71 beating
1155 2727 243 57 red-hot
1432 2727 140 57 wire

331 2826 97 56 On
459 2824 263 72 tinkling
758 2824 208 63 anvils,
1007 2825 84 68 by
1124 2825 106 56 the
1262 2824 122 62 fire,

332 2920 87 56 To
456 2926 405 66 ten-a-penny
895 2919 188 63 nails;
1149 2919 122 56 and
1307 2917 188 59 heard
1495 2952 78 6 —

332 3017 257 71 Though
626 3036 159 36 none
819 3015 220 57 looked
1074 3034 83 54 up
1196 3034 67 37 or
1299 3015 293 56 breathed
1632 3033 34 37 a
1703 3014 165 57 word
1869 3048 78 7 —

332 3112 127 57 The
490 3132 150 52 song
669 3113 149 56 each
848 3113 177 56 heart
1054 3130 148 53 sang
1232 3117 66 51 to
1329 3112 106 56 the
1464 3117 147 51 tune

332 3208 82 57 Of
447 3208 319 63 hammers,
806 3207 264 71 through
1105 3226 36 36 a
1174 3206 329 58 Summer's
1535 3224 177 45 noon,

334 3305 197 57 When
565 3304 148 68 they
747 3302 123 56 had
903 3302 278 73 wrought
1213 3301 63 56 in
1309 3302 140 57 that
1483 3301 106 57 red
1619 3301 168 72 glow,

331 3401 192 63 Alive,
571 3419 36 37 a
647 3400 277 57 hundred
962 3418 177 51 years
1180 3418 110 52 ago
1298 3432 80 7 —
