3487 4468
1652 269 105 51 154

84 433 172 60 leiden,
286 432 146 51 durch
461 430 134 49 einen
618 424 120 51 noch
764 422 414 51 sentimentaleren
1193 421 208 64 Vortrag
1427 436 73 32 wo
1526 419 101 63 mög-

87 516 90 49 lich
206 534 59 30 zu
292 511 290 53 überbieten,
625 503 97 51 und
752 521 50 33 so
833 503 176 51 konnte
1048 503 125 50 denn
1202 501 73 50 die
1305 498 247 66 Wirkung
1581 494 81 51 des

89 596 189 49 Ganzen
308 590 124 50 nicht
459 586 109 49 sehr
596 583 288 69 erquicklich
913 582 114 51 sein.

205 672 81 50 Bei
317 668 133 50 Kroll
479 672 94 43 trat
602 665 75 49 die
717 663 287 51 italiänische
1033 656 515 73 Opern-Gesellschaft,
1589 654 75 50 die

88 755 44 48 in
169 750 249 50 mehreren
459 743 349 52 süddeutschen
839 742 191 51 Städten
1061 741 209 68 gastirte,
1314 736 227 50 ebenfalls
1571 734 93 50 auf.

88 833 96 49 Das
229 828 204 52 berliner
469 825 253 50 Publicum
764 823 146 50 nahm
950 822 154 67 wenig
1132 819 136 51 Notiz
1306 817 178 58 davon;
1527 832 141 33 wenn

91 910 151 52 indess
272 908 74 50 die
365 903 306 55 Gesellschaft
699 903 122 50 auch
851 901 291 67 mangelhaft
1170 916 119 41 war,
1319 913 49 35 so
1392 894 277 52 verschaffte

89 992 65 50 sie
184 1006 88 33 uns
301 988 120 50 doch
452 986 91 49 den
572 983 110 51 Reiz
713 982 82 51 der
825 982 320 50 italiänischen
1167 979 258 56 Stimmen;
1456 983 183 45 nament-

94 1071 89 49 lich
214 1068 235 50 zeichnete
478 1066 96 49 sich
605 1063 84 50 der
718 1065 156 48 Tenor
913 1062 150 50 durch
1094 1061 75 49 ein
1198 1058 277 68 mächtiges,
1505 1057 140 66 klang-

93 1151 141 53 volles
265 1150 170 64 Organ
464 1162 98 35 aus.
619 1145 162 50 Wenn
825 1142 87 50 wir
960 1142 47 50 in
1051 1141 85 49 der
1173 1139 179 50 wiener
1394 1139 165 49 Presse
1599 1136 74 49 die

98 1230 140 52 seist-
280 1227 99 50 und
422 1223 432 59 geschmackvollen
886 1221 218 51 Berichte
1134 1218 266 51 Hanslick's
1442 1217 120 49 über
1599 1214 75 51 die

99 1280 26 18 O
423 1272 27 22 O

98 1310 218 66 dortigen
346 1305 317 52 italiänischen
692 1305 199 65 Sänger,
936 1303 73 49 die
1054 1301 121 50 doch
1218 1300 136 49 einen
1392 1298 283 49 berühmten

97 1391 187 49 Namen
313 1387 174 57 haben,
517 1386 141 56 lesen,
687 1401 51 32 so
764 1382 119 51 wird
907 1399 170 33 unsere
1101 1380 284 57 Sehnsucht,
1416 1377 261 66 derartiger

102 1471 229 56 Genüsse,
370 1467 89 50 wie
488 1465 46 49 in
574 1463 223 51 früheren
823 1463 179 57 Zeiten,
1034 1480 50 32 so
1115 1460 121 50 auch
1279 1460 46 49 in
1354 1457 208 50 Zukunft
1592 1472 85 33 uns

103 1550 45 49 in
177 1548 160 50 Berlin
366 1546 217 49 erfreuen
611 1562 56 31 zu
699 1543 207 59 können,
935 1559 126 33 zwar
1090 1547 146 43 etwas
1267 1537 254 69 gedämpft,
1564 1534 85 51 den-

99 1627 122 51 noch
253 1627 123 48 kann
407 1625 63 49 sie
501 1623 127 50 nicht
652 1640 117 49 ganz
793 1621 312 51 unterdrückt
1126 1617 205 51 werden.
1361 1618 55 49 Je
1434 1616 135 49 mehr
1592 1614 87 49 wir

102 1707 62 48 im
193 1705 197 50 Norden
419 1721 89 33 von
540 1702 260 51 abstracter
823 1701 153 51 Musik
1019 1719 56 30 zu
1118 1698 136 50 leben
1282 1696 250 68 genölhigt
1559 1693 120 60 sind,

104 1786 131 51 desto
267 1785 136 49 mehr
432 1782 178 51 sehnen
633 1783 87 47 wir
743 1799 102 40 uns,
868 1800 54 29 zu
953 1780 84 49 der
1060 1777 293 51 natürlichen
1378 1776 170 59 Quelle
1571 1773 80 50 der-

106 1866 178 57 selben,
333 1882 104 31 zum
484 1863 234 65 Gesänge,
760 1860 439 55 zurückzukehren;
1251 1857 74 48 die
1367 1855 189 50 Freude
1602 1871 76 33 am

107 1943 255 54 Menschen
379 1942 157 57 selbst,
555 1959 59 31 an
637 1941 152 48 seiner
809 1938 341 69 Empfindung,
1181 1937 88 48 wie
1298 1936 65 49 sie
1386 1935 95 49 sich
1504 1932 177 52 tönend

108 2030 193 52 äussert,
332 2023 56 49 ist
416 2021 119 51 doch
567 2020 73 50 die
671 2021 141 48 reelle
845 2018 195 52 Wurzel
1071 2017 84 50 der
1184 2016 171 58 Musik,
1390 2031 138 33 wenn
1560 2013 119 50 auch

108 2105 73 48 ihr
210 2102 190 50 ideeller
428 2102 249 65 Ursprung
706 2098 46 50 in
783 2098 83 50 der
897 2097 225 69 geistigen
1145 2095 282 66 Bedeutung
1458 2093 196 50 arithme-

111 2183 170 51 tischer
309 2180 320 52 Verhältnisse
659 2180 153 66 liegen
842 2196 124 50 mag.
1016 2175 225 52 Hanslick
1270 2175 127 49 kann
1427 2173 119 50 nach
1578 2172 104 50 dem

113 2261 347 66 Standpunkte,
501 2258 84 50 auf
621 2257 88 50 den
752 2275 51 30 er
832 2257 95 50 sich
957 2257 47 48 in
1033 2256 150 49 seiner
1216 2253 268 50 bekannten
1514 2251 173 49 Schrift

112 2359 106 33 vom
249 2338 292 51 musicalisch
573 2337 217 50 Schönen
833 2337 182 66 gestellt
1058 2336 97 56 hat,
1200 2333 157 66 wenig
1387 2331 175 52 Werth
1608 2331 76 48 aul

115 2421 73 49 die
219 2418 270 69 specifische
519 2416 279 66 Bedeutung
828 2415 84 52 der
940 2413 441 52 Menschenstimme
1410 2412 159 65 legen;
1601 2426 86 32 uns

115 2502 56 48 ist
210 2500 65 49 sie
310 2498 83 50 der
432 2497 260 51 natürliche
722 2496 162 49 Boden
916 2496 84 49 der
1029 2493 168 51 Musik.
1254 2493 185 49 Darum
1470 2490 101 49 sind
1602 2506 85 32 uns

113 2580 188 49 Italiens
345 2578 196 66 Sänger,
591 2576 142 48 selbst
775 2575 46 48 in
863 2575 128 49 ihrer
1025 2575 287 63 Entartung,
1355 2570 120 49 doch
1519 2570 168 48 immer

116 2667 142 42 etwas
289 2657 172 56 werth;
507 2656 122 49 denn
658 2656 64 48 sie
752 2655 156 50 haben
940 2655 118 48 über
1087 2652 107 50 dem
1225 2650 308 50 Künstlichen
1561 2648 127 50 nicht

116 2738 81 50 das
228 2736 274 51 Natürliche
530 2735 229 50 verloren.

238 2818 75 47 An
351 2816 82 48 der
463 2813 296 68 königlichen
789 2813 132 66 Oper
967 2810 167 50 fanden
1178 2810 219 49 mehrere
1427 2806 262 67 Gastspiele

120 2897 134 48 Statt.
286 2895 106 48 Von
423 2892 106 50 dem
546 2892 229 66 Gastspiel
799 2891 83 48 der
903 2888 399 51 Viardot-Garcia
1331 2886 256 49 berichtete
1616 2884 75 49 ich

120 2976 150 48 Ihnen
299 2973 143 50 schon
470 2972 47 50 in
548 2972 200 48 meinem
778 2970 193 66 vorigen
997 2968 170 50 Briefe.
1198 2968 80 49 Ich
1306 2966 124 49 habe
1462 2964 106 50 dem
1599 2981 90 32 nur

121 3053 368 66 hinzuzufügen,
534 3051 104 49 dass
680 3051 63 49 sie
786 3050 46 49 in
861 3048 84 50 der
974 3048 167 50 letzten
1169 3047 101 50 Zeit
1300 3046 124 49 ihres
1453 3043 240 50 Hierseins

122 3132 186 51 leidend
351 3149 101 31 war
496 3130 91 49 und
633 3130 94 49 sich
771 3128 126 50 nicht
926 3128 85 50 auf
1034 3127 84 50 der
1146 3127 141 50 Höhe
1315 3126 128 49 ihrer
1472 3123 220 50 früheren

124 3212 196 65 Erfolge
364 3227 54 36 zu
464 3208 268 68 behaupten
774 3207 280 51 vermochte.
1112 3207 179 50 Unsere
1325 3202 370 66 Bewunderung

126 3293 80 49 für
252 3291 73 48 die
370 3288 451 52 ausserordentliche
851 3288 172 49 Grösse
1052 3287 127 48 ihrer
1203 3285 226 58 Technik,
1474 3283 80 50 für
1594 3282 102 50 ihre

129 3371 123 49 hohe
284 3370 194 67 geistige
507 3367 263 67 Begabung
814 3366 119 48 wird
976 3365 209 49 dadurch
1223 3365 127 49 nicht
1386 3362 311 69 geschwächt.

129 3451 89 48 Die
259 3446 331 53 Schönheit
619 3446 127 49 ihrer
770 3445 338 64 Gestaltungen
1133 3442 163 50 würde
1320 3442 175 50 freilich
1519 3441 150 67 gewin-

130 3546 107 41 nen,
266 3546 137 32 wenn
433 3527 65 50 sie
529 3527 44 48 in
605 3526 85 49 der
720 3523 210 51 Technik
964 3523 96 49 sich
1090 3540 171 48 engere
1292 3523 211 49 Gränzen
1532 3522 168 56 stellte,

135 3625 135 32 wenn
318 3608 63 49 sie
430 3607 127 50 nicht
605 3606 148 49 ihrem
794 3605 169 66 Organ
1006 3601 224 49 dritthalb
1270 3601 210 49 Octaven
1521 3601 181 49 starker

135 3687 132 48 Töne
296 3686 305 66 abgerungen
625 3685 126 48 hätte
783 3681 122 68 (vom
936 3681 184 49 kleinen
1141 3678 133 68 /bis
1301 3696 104 32 zum
1435 3678 242 66 dreigestri-

136 3765 178 49 chenen
634 3765 60 64 c),
466 3781 136 32 wenn
644 3765 65 48 sie
753 3762 219 51 hinsichts
1016 3760 80 49 des
1138 3757 303 52 Ausdruckes
1482 3757 221 49 ebenfalls

136 3843 299 51 maassvoller
464 3847 142 55 wäre,
644 3843 82 49 das
756 3842 182 50 einfach
967 3840 223 68 Lyrische
1220 3838 137 50 mehr
1385 3855 81 30 zur
1498 3837 204 70 Geltung

135 3923 210 51 brächte.
375 3923 122 47 Dass
525 3939 109 31 man
663 3922 118 48 auch
813 3921 80 49 des
920 3922 156 48 Guten
1104 3937 56 31 zu
1189 3918 86 50 viel
1303 3917 120 48 thun
1452 3916 141 57 kann,
1623 3914 54 51 da-

134 4021 90 32 von
268 4001 102 67 gibt
412 4001 65 47 sie
519 4000 90 48 den
653 3998 302 50 deutlichsten
997 3997 198 51 Beweis.
1253 3998 99 47 Das
1396 3994 183 51 Wesen
1622 3993 84 50 der

135 4081 259 52 Schönheit
422 4082 207 64 verträgt
656 4078 94 49 sich
780 4078 126 49 nicht
933 4077 83 50 mit
1044 4077 108 50 dem
1176 4074 221 60 Streben,
1428 4073 73 50 die
1524 4077 156 44 äusser-

136 4170 101 42 sten
267 4162 215 50 Gränzen
512 4157 81 51 des
623 4156 268 67 Möglichen
919 4174 53 30 zu
1002 4156 263 57 erreichen;
1297 4153 83 51 das
1410 4153 187 50 Schöne
1626 4152 82 49 hat

138 4241 125 49 seine
287 4241 198 66 eigenen
502 4236 292 52 Schranken.
825 4234 132 50 Aber
983 4234 149 50 nichts
1161 4234 130 50 desto
1321 4233 211 66 weniger
1559 4231 57 49 ist
1644 4231 63 49 sie

139 4322 101 48 eine
263 4317 501 53 bewundernswerthe
778 4314 356 66 Erscheinung;
1164 4314 73 49 ihr
1264 4313 57 51 ist
1349 4313 74 50 die
1447 4312 137 49 Kraft
1604 4328 77 33 ver-

1736 414 172 60 liehen,
1950 414 47 50 in
2034 413 177 69 jedem,
2258 413 84 50 der
2383 413 127 52 nicht
2552 409 124 54 bloss
2708 426 76 32 rm
2818 405 256 51 sinnlichen
3105 404 211 50 Genüsse

1736 494 163 66 hängt,
1940 493 103 50 eine
2072 493 354 69 Bereicherung
2462 492 148 51 seines
2641 488 224 69 geistigen
2900 483 419 52 Lebens-Inhaltes

1738 573 448 66 hervorzubringen.
2216 573 227 50 Referent
2469 573 128 50 hatte
2622 564 327 73 Gelegenheit,
2980 565 45 49 in
3055 564 152 50 einem
3238 579 54 51 ge-

1739 653 389 50 sellschaftlichen
2157 653 167 48 Kreise
2354 649 395 54 Beethoven'sche
2780 648 150 50 Trios
2966 663 90 32 von
3094 645 75 49 ihr
3197 644 95 68 spie-

1742 734 73 49 len
1846 751 54 32 zu
1931 733 164 50 hören.
2125 731 78 49 Sie
2232 732 161 66 spielte
2422 732 65 49 sie
2510 750 105 31 vom
2639 731 140 57 Blatt,
2808 725 127 53 nicht
2965 742 88 33 nur
3085 724 240 60 fehlerlos,

1740 812 206 52 sondern
1975 813 84 48 mit
2089 816 411 62 ausgeprägtester
2529 808 320 52 Deutlichkeit
2876 804 96 51 und
3003 804 120 50 eben
3154 822 49 32 so
3235 804 63 50 fei-

1743 911 85 33 ner
1858 894 66 50 als
1952 891 289 53 natürlicher
2269 891 307 66 Auffassung.
2707 888 133 51 Nach
2871 885 83 51 der
2984 884 200 51 Viardot
3211 884 110 51 kam

1745 976 130 47 Frau
1918 971 372 67 Bürde-Ney.
2346 969 229 50 Obschon
2619 969 65 50 sie
2730 983 195 35 unserer
2963 964 198 51 Ansicht
3203 964 120 50 nach

1747 1053 308 51 Fortschritte
2098 1049 219 69 gemacht
2357 1048 100 60 hat,
2498 1048 287 51 namentlich
2817 1048 46 48 in
2892 1046 85 49 der
3006 1044 202 52 Wärme
3240 1043 85 51 der

1747 1133 307 66 Auffassung,
2096 1148 51 33 so
2190 1129 195 51 brachte
2429 1129 64 50 sie
2537 1128 121 51 doch
2703 1128 126 50 beim
2864 1126 249 50 Publicum
3156 1124 170 51 keinen

1750 1230 192 50 grossen
1971 1209 361 52 Enthusiasmus
2363 1208 184 51 hervor.
2576 1208 108 53 Den
2716 1207 196 49 meisten
2929 1206 164 49 Beifall
3123 1203 111 52 fand
3263 1203 63 51 sie

1750 1294 66 50 als
1846 1294 129 49 Frau
2004 1292 143 49 Fluth
2177 1291 47 49 in
2253 1289 90 50 den
2374 1288 201 66 lustigen
2599 1286 239 52 Weibern
2867 1286 96 49 und
2992 1286 46 49 in
3069 1284 106 51 dem
3206 1284 90 50 Vor-

1750 1381 135 59 trage
1929 1372 129 49 einer
2087 1371 113 49 Arie
2243 1386 84 33 aus
2356 1368 179 50 Ernani
2564 1385 91 31 von
2684 1366 160 49 Verdi.
2901 1366 84 49 Als
3015 1363 314 52 dramatische

1752 1452 228 67 Sängerin
2009 1452 58 48 ist
2093 1451 65 48 sie
2189 1449 83 50 der
2302 1449 222 66 Wagner
2564 1446 98 50 und
2704 1444 144 51 selbst
2890 1444 83 50 der
3001 1446 174 48 Köster
3203 1443 129 51 nicht

1753 1533 178 69 gleich;
1975 1531 120 50 doch
2140 1531 83 49 hat
2263 1529 65 50 sie
2371 1528 87 51 auf
2493 1528 83 50 der
2605 1526 210 50 anderen
2844 1524 126 50 Seite
2999 1524 136 50 einen
3163 1541 50 33 so
3241 1523 88 51 viel

1753 1612 254 49 frischeren
2037 1608 97 51 und
2163 1608 84 51 der
2270 1607 278 52 Herrschaft
2573 1607 125 48 ihres
2721 1604 204 51 Willens
2948 1603 384 50 unterworfenen

1755 1691 321 59 Stimmfonds,
2125 1689 105 51 dass
2258 1689 83 59 sie,
2384 1688 61 50 im
2478 1688 189 50 Ganzen
2711 1683 280 60 betrachtet,
3034 1683 122 50 doch
3199 1683 127 51 wohl

1748 1773 113 66 jetzt
1889 1771 73 49 die
1993 1768 339 52 bedeutendste
2363 1767 222 51 deutsche
2603 1764 231 69 Sängerin
2863 1763 98 50 sein
2990 1762 202 51 möchte.
3222 1762 110 49 Von

1753 1852 160 49 Fräul.
1938 1849 205 68 Tietjens
2167 1848 132 50 weiss
2328 1847 74 49 ich
2434 1847 177 49 freilich
2639 1844 143 60 nicht,
2813 1842 61 52 ob
2904 1842 64 49 sie
2998 1842 95 49 sich
3123 1841 87 50 seit
3238 1839 91 52 den

1754 1931 113 49 zwei
1896 1929 196 58 Jahren,
2134 1927 104 51 dass
2280 1927 74 49 ich
2398 1927 65 49 sie
2498 1926 129 50 nicht
2665 1924 171 68 gehört
2873 1922 142 58 habe,
3061 1919 269 52 bedeutend

1757 2009 265 53 entwickelt
2050 2009 108 56 hat;
2196 2007 181 51 damals
2407 2006 117 50 aber
2553 2023 100 33 war
2683 2006 64 48 sie
2777 2002 161 52 weder
2966 2002 46 49 in
3041 2001 84 50 der
3152 2001 151 50 Schön-

1759 2091 97 49 heit
1885 2089 84 50 der
1997 2089 197 50 Stimme
2223 2087 122 51 noch
2374 2087 47 48 in
2450 2086 85 49 der
2564 2083 211 52 Technik
2805 2082 97 49 und
2930 2081 291 66 Auffassung
3250 2079 84 51 der

1758 2171 102 65 Ney
1885 2167 297 66 ebenbürtig.
2194 2166 199 49 —Zwei
2420 2163 268 69 Mitglieder
2709 2162 80 51 des
2811 2158 352 70 Josephstädter
3179 2159 124 50 Thea-

1759 2256 94 43 ters
1885 2248 46 48 in
1959 2248 166 57 Wien,
2170 2244 72 51 die
2272 2247 188 47 Herren
2490 2242 298 52 Kaminski
2818 2239 97 51 und
2944 2238 277 69 Eghardt,
3262 2237 73 51 die

1762 2329 66 49 als
1858 2327 309 51 Tannhäuser
2196 2324 97 51 und
2321 2324 242 51 Wolfram
2594 2322 242 68 gastirten,
2874 2319 220 50 machten
3125 2318 205 67 gänzlich

1762 2408 181 48 Fiasco.
1993 2406 160 49 Fräul.
2186 2403 265 51 Günther
2488 2420 84 33 aus
2601 2403 144 65 Prag,
2787 2399 103 50 eine
2919 2397 240 67 geborene
3183 2397 125 49 Berli-

1763 2487 147 58 nerin,
1941 2486 56 49 ist
2025 2502 125 33 zwar
2178 2483 121 51 noch
2330 2482 313 67 Anfängerin,
2675 2479 116 51 aber
2820 2478 132 50 recht
2978 2476 355 68 talentbegabt;

1762 2567 63 48 sie
1856 2566 81 48 hat
1965 2564 201 68 gefallen
2196 2562 97 49 und
2323 2561 118 49 wird
2470 2558 389 53 wahrscheinlich
2885 2557 217 67 engagirt
3125 2556 208 58 werden,

1763 2646 146 49 damit
1951 2644 81 50 das
2062 2642 275 52 Rollenfach
2375 2641 84 50 der
2486 2641 222 49 Johanna
2736 2639 223 66 Wagner
3000 2636 221 50 zwiefach
3250 2636 56 49 be-

1763 2732 113 42 setzt
1898 2723 172 50 werde.
2082 2721 289 67 —Joseph
2403 2721 54 48 in
2486 2719 296 69 Aegypten
2810 2735 90 33 von
2921 2716 181 59 Mehul,
3131 2714 85 51 seit
3244 2714 66 50 vie-

1764 2806 74 48 len
1866 2804 179 50 Jahren
2073 2802 128 49 nicht
2228 2801 234 67 gegeben,
2493 2801 112 67 ging
2633 2798 178 51 wieder
2838 2798 47 48 in
2914 2798 165 57 Scene,
3125 2794 116 50 aber
3263 2794 48 68 je-

1766 2883 194 59 desmal,
1999 2888 118 43 trotz
2156 2881 83 49 der
2269 2881 337 48 interessanten
2636 2877 172 58 Musik,
2845 2893 81 32 vor
2957 2877 173 48 leerem
3159 2874 176 49 Hause.

1772 2961 199 49 —Zwei
1996 2961 252 57 Matineen,
2280 2958 72 50 die
2382 2976 87 32 von
2501 2958 89 50 den
2613 2956 298 68 Mitgliedern
2934 2954 84 50 der
3041 2952 296 68 königlichen

1766 3042 169 51 Bühne
1964 3058 56 31 zu
2043 3039 336 66 wohlthätigen
2401 3037 232 49 Zwecken
2655 3037 62 48 im
2742 3034 422 68 Schauspielhause
3194 3050 113 50 gege-

1768 3121 92 49 ben
1888 3119 214 56 wurden,
2147 3118 157 50 haben
2332 3135 126 31 zwar
2496 3117 46 49 in
2572 3116 84 50 der
2685 3116 206 50 berliner
2921 3113 306 51 Gesellschaft
3254 3112 85 49 viel

1768 3218 90 32 von
1888 3199 95 50 sich
2012 3198 145 50 reden
2186 3197 236 67 gemacht,
2467 3196 118 50 doch
2618 3196 156 49 haben
2803 3196 65 48 sie
2898 3194 102 50 eine
3031 3193 134 50 mehr
3194 3192 146 49 locale

1771 3278 294 67 Bedeutung.
2110 3276 322 50 Künstlerisch
2463 3276 57 49 ist
2548 3274 146 51 daran
2726 3292 89 32 nur
2850 3271 490 69 erwähnungswerth,

1772 3358 104 51 dass
1917 3359 157 49 Fräul.
2120 3357 259 51 Seebach
2429 3356 184 58 „Schön
2918 3353 287 59 declamirte,
3245 3349 97 51 und

1773 3438 104 51 dass
1900 3439 129 49 Frau
2060 3438 170 50 Clara
2261 3437 328 48 Schumann
2620 3432 489 52 dieSchumann'sche
3136 3431 203 50 Clavier-

1773 3518 282 68 Begleitung
2078 3517 118 49 dazu
2218 3517 188 66 spielte;
2437 3516 155 49 ferner
2620 3514 104 51 dass
2749 3516 129 48 Frau
2900 3531 38 32 v.
2962 3512 155 49 Bock
3149 3509 164 68 (Schrö-

1775 3594 349 68 der-Devrient)
2161 3594 256 51 wiederum
2449 3594 151 68 einige
2628 3593 171 50 Lieder
2826 3610 90 31 von
2945 3591 274 49 Schumann
3246 3586 97 50 und

1776 3676 236 50 Schubert
2050 3677 84 47 mit
2171 3674 134 50 tiefer
2332 3673 326 69 Empfindung
2699 3672 97 51 und
2834 3671 205 49 sicherer
3070 3666 273 53 Herrschalt

1778 3757 120 49 über
1926 3757 101 48 ihre
2058 3756 195 49 Stimme
2281 3762 209 58 vortrug.
2547 3754 137 50 Auch
2714 3758 137 43 unter
2882 3749 89 50 den
3001 3748 209 51 anderen
3238 3744 79 50 Lei-

1777 3843 201 59 stungen
2017 3852 100 32 war
2145 3834 233 50 natürlich
2418 3833 108 51 sehr
2567 3832 86 49 viel
2685 3829 293 58 Treffliches,
3023 3827 114 49 aber
3178 3823 166 57 nichts,

1778 3916 163 49 dessen
1970 3914 309 66 Erwähnung
2308 3917 227 46 auswärts
2564 3911 298 49 interessiren
2891 3908 188 50 könnte.

1894 3996 100 47 Der
2036 3993 243 67 plötzliche
2323 3991 103 50 Tod
2476 3991 205 48 Dehn's
2721 3989 82 50 hat
2841 3986 182 50 überall
3061 3983 133 48 einen
3235 3979 108 52 sehr

1777 4073 361 50 schmerzlichen
2180 4071 242 50 Eindruck
2464 4069 230 68 gemacht.
2756 4067 141 49 Dehn
2926 4080 101 33 war
3064 4060 73 50 ein
3174 4077 139 51 ausge-

1778 4153 261 50 zeichneter
2067 4151 336 58 Bibliothecar,
2448 4149 87 50 wie
2575 4167 52 32 er
2655 4165 49 33 so
2736 4144 138 51 leicht
2902 4142 127 51 nicht
3057 4139 178 51 wieder
3263 4156 54 51 ge-

1780 4232 172 49 funden
1980 4232 195 51 werden
2203 4229 132 51 wird.
2392 4228 287 51 Ausserdem
2708 4224 160 51 suchte
2898 4240 51 31 er
2977 4222 46 48 in
3052 4221 84 49 der
3164 4221 150 49 Kennt-

1780 4312 91 49 niss
1895 4313 114 48 aller
2029 4313 182 47 Künste
2234 4308 80 51 des
2333 4307 397 68 Contrapunktes,
2759 4304 47 51 in
2827 4301 300 52 historischer
3151 4298 168 52 Gelehr-
