3502 4341
1698 175 107 58 295

200 333 82 31 Ren
318 315 116 49 lässt.
489 317 115 49 Dass
646 334 50 32 er
731 317 45 49 in
811 316 81 50 der
919 316 145 52 Wahl
1094 317 235 52 derselben
1358 327 107 42 stets
1493 321 222 65 glücklich

199 392 80 57 sei,
309 391 150 50 dürfte
489 410 104 32 man
623 394 266 48 schwerlich
918 394 274 67 behaupten.
1220 399 51 45 In
1300 397 79 49 der
1407 399 160 47 letzten
1597 399 89 48 Con-

199 468 224 49 certreihe
450 468 163 50 hörten
636 471 84 47 wir
743 470 97 48 eine
863 471 259 50 Ouvertüre
1143 490 53 32 zu
1219 474 349 64 Shakespeare's
1591 475 93 48 Mac-

198 545 106 48 beth
335 559 85 33 von
449 545 66 48 de
552 547 244 64 Hartog,
835 546 145 48 einem
1011 547 334 51 holländischen
1376 550 338 66 Componisten,

196 620 82 48 der
304 620 45 48 in
379 621 127 47 Paris
534 622 94 47 lebt
663 622 94 48 und
783 639 54 30 zu
866 622 167 50 seinem
1063 625 276 66 Vergnügen
1447 626 117 48 auch
1592 626 121 48 wohl

194 714 55 30 zu
290 696 148 48 seiner
471 698 214 49 Freunde
725 700 278 63 Vergnügen
1121 702 254 65 componirt
1414 702 93 48 und
1548 702 165 48 bereits

195 773 216 49 mehrere
440 773 181 50 Werke
651 776 376 63 herausgegeben
1056 777 90 50 hat.
1178 780 64 45 Es
1270 780 54 47 ist
1351 796 76 31 um
1458 780 120 48 diese
1606 780 81 48 cha-

194 849 368 49 rakteristischen
600 851 578 64 Tragödien-Ouverturen
1212 855 163 47 immer
1411 856 99 47 eine
1553 856 157 65 eigene

193 926 171 57 Sache;
407 926 73 49 die
509 927 201 66 einzigen
739 929 174 49 Muster
941 928 81 48 der
1051 931 219 65 Gattung,
1298 931 295 49 Beethoven's
1623 932 58 50 Co-

194 1002 168 48 riolan-
405 1002 92 48 und
523 1004 505 65 Egmont-Ouverture,
1070 1006 156 48 stehen
1267 1023 51 31 zu
1361 1023 127 49 gross
1530 1007 74 58 da,
1646 1008 64 48 als

191 1079 103 49 dass
323 1079 70 49 ein
424 1079 169 49 blosses
622 1082 161 47 Talent
811 1082 62 48 sie
903 1082 233 48 erreichen
1165 1082 191 57 könnte;
1386 1083 93 48 und
1507 1101 94 32 was
1629 1084 54 50 ha-

193 1156 87 48 ben
323 1157 86 47 wir
449 1157 118 48 denn
596 1158 208 48 Anderes
835 1158 109 65 jetzt
981 1166 134 42 unter
1151 1159 87 49 den
1268 1158 337 67 Componisten,
1646 1162 64 48 als

193 1233 205 57 Talente,
426 1233 242 50 höchstens
697 1236 218 48 Talente?

306 1309 85 47 Ein
421 1310 174 47 solches
623 1328 52 29 zu
704 1312 111 57 sein,
849 1310 168 50 darauf
1038 1312 119 48 kann
1187 1313 114 48 auch
1332 1314 123 47 Herr
1482 1314 227 65 Meynne

193 1385 242 64 Anspruch
466 1387 208 56 machen,
717 1387 123 48 einer
868 1388 80 48 der
977 1388 230 49 frühesten
1235 1389 192 48 Schüler
1455 1406 85 33 von
1569 1392 139 56 Fetis,

191 1460 83 49 der
293 1462 110 63 jetzt
431 1469 107 50 erst,
581 1463 168 48 freilich
781 1470 139 42 etwas
950 1469 111 61 spät,
1103 1467 80 47 mit
1221 1467 125 47 einer
1374 1467 199 48 Sinfonie
1602 1467 77 48 her-

190 1545 304 58 vorgetreten,
523 1539 70 48 die
622 1540 121 49 nicht
770 1542 224 63 gedruckt
1021 1543 66 47 ist.
1135 1543 75 48 Sie
1238 1543 159 48 erhielt
1426 1544 173 57 Beifall,
1628 1544 81 48 der

190 1614 234 58 ebenfalls,
469 1617 93 48 und
599 1618 221 48 vielleicht
861 1619 80 47 mit
983 1619 130 48 mehr
1140 1620 163 56 Recht,
1343 1622 123 47 einer
1506 1620 202 50 Sinfonie

190 1708 84 33 von
304 1693 221 49 Samuel
555 1711 54 31 zu
637 1695 130 49 Theil
796 1695 175 59 wurde,
1004 1698 173 47 welche
1205 1698 80 47 viel
1315 1698 271 65 Originelles
1615 1699 90 48 hat.

304 1770 427 50 Bemerkenswerth
762 1789 96 31 war
887 1773 98 48 eine
1014 1773 301 66 Aufführung
1345 1774 77 48 des
1446 1774 155 50 Finale
1629 1774 77 48 des

185 1846 188 49 zweiten
402 1848 135 48 Actes
566 1864 84 32 von
679 1849 207 65 Figaro's
914 1850 220 50 Hochzeit
1171 1851 43 47 in
1256 1851 100 49 dem
1397 1853 158 47 letzten
1587 1853 90 48 Con-

186 1924 510 58 servatoire-Concerte,
725 1925 142 48 durch
891 1926 173 49 welche
1087 1928 137 57 Fetis,
1253 1928 221 64 ärgerlich
1497 1928 117 49 über
1635 1929 73 47 die

188 1999 359 67 Verunstaltung
590 2000 76 50 des
702 2001 255 50 herrlichen
988 2003 189 48 Stückes
1205 2004 43 47 in
1277 2004 102 48 dem
1416 2003 196 50 Theätre
1639 2004 44 65 ly-

191 2074 131 67 rique
342 2094 54 31 zu
425 2078 142 58 Paris,
596 2078 87 49 den
712 2080 189 48 wahren
929 2080 234 48 Eindruck
1192 2080 252 59 desselben,
1474 2098 132 32 wenn
1635 2081 71 49 die

185 2152 151 49 Musik
367 2169 48 32 so
444 2154 208 63 gegeben
682 2155 129 56 wird,
848 2156 85 47 wie
961 2158 175 47 Mozart
1163 2158 62 47 sie
1254 2156 313 64 geschrieben,
1604 2158 101 47 dem

188 2227 243 59 brüsseler,
461 2229 40 48 d.
533 2230 42 47 h.
605 2230 103 48 dem
739 2230 332 66 klein-pariser,
1093 2231 239 48 Publicum
1356 2249 102 30 zum
1478 2234 200 48 Bewusst-

186 2305 94 48 sein
312 2304 192 66 bringen
533 2306 166 59 wollte,
743 2323 92 33 was
872 2307 93 49 ihm
1003 2306 118 51 denn
1150 2307 117 50 auch
1296 2307 304 50 vollkommen
1628 2325 51 48 ge-

188 2381 168 65 lungen
384 2381 68 50 ist.

480 2632 180 71 Tages-
690 2632 90 71 und
810 2632 599 71 Unterhaltungs-Blatt.

264 2767 221 37 Herlill.
541 2768 71 35 Am
650 2766 60 39 27.
738 2768 154 47 August
933 2771 75 33 trat
1049 2768 59 35 die
1147 2769 220 46 königliche
1403 2770 302 47 Opernsängerin

186 2826 128 38 Fräul.
342 2827 208 37 Pollack
593 2839 87 23 zum
721 2831 123 32 ersten
871 2828 100 35 Male
998 2828 98 36 nach
1124 2829 118 35 ihrem
1272 2831 192 45 Gastspiel
1490 2831 39 34 in
1555 2831 125 46 Kopen-

184 2887 124 47 hagen
336 2887 80 36 hier
445 2887 57 35 als
532 2887 169 35 Susanna
729 2888 38 33 in
796 2888 191 46 „Figaro's
1006 2888 205 35 Hochzeit*
1240 2889 139 35 wieder
1406 2890 78 37 auf.
1514 2890 167 35 Bekannt-

184 2947 77 36 lieh
289 2947 104 35 hatte
421 2958 87 23 man
536 2947 59 34 ihr
623 2947 69 34 den
720 2947 177 35 Vorwurf
923 2947 63 35 des
1015 2947 173 46 Mangels
1217 2960 48 22 an
1292 2948 322 37 Vaterlandsliebe
1641 2961 42 35 ge-

184 3007 141 43 macht,
355 3007 87 34 weil
468 3008 54 33 sie
551 3018 68 23 zur
644 3006 234 35 Jahresfeier
905 3007 65 34 der
998 3007 286 47 Unterjochung
1312 3008 227 47 Schleswigs
1567 3021 115 34 gesun-

185 3079 72 35 gen
287 3067 108 36 habe.
450 3068 72 34 Die
551 3067 430 35 General-Intendantur
1010 3068 103 34 hatte
1141 3068 177 36 desshalb
1348 3068 118 35 durch
1496 3070 105 34 einen
1628 3071 50 33 An-

185 3127 134 46 schlag
345 3128 39 33 in
412 3127 71 35 den
523 3128 154 34 inneren
706 3128 170 33 Räumen
918 3127 64 36 des
1012 3128 267 46 Opernhauses
1320 3128 65 35 das
1412 3129 201 35 Publicum
1641 3130 42 35 be-

187 3188 270 46 nachrichtigt,
496 3188 86 34 dass
612 3188 59 34 die
701 3188 184 45 Sängerin
920 3200 47 22 an
995 3188 64 36 der
1084 3188 60 37 ihr
1171 3200 67 24 zur
1265 3189 92 35 Last
1385 3190 174 46 gelegten
1585 3201 95 34 unpa-

184 3248 223 36 triotischen
434 3248 77 35 und
538 3248 185 35 tactlosen
751 3249 209 46 Handlung
986 3248 197 35 schuldlos
1212 3250 67 44 sei,
1321 3249 77 34 und
1425 3261 38 24 es
1491 3249 211 36 unterblieb

184 3309 40 35 in
250 3308 118 46 Folge
396 3307 134 35 dessen
558 3308 58 34 die
644 3320 75 23 von
746 3308 133 35 Vielen
907 3308 275 47 beabsichtigte
1209 3309 315 37 Demonstration.

259 3366 45 37 In
331 3367 169 35 Berlin
529 3367 121 35 haben
681 3365 46 37 17
749 3367 330 47 Gesang-Vereine
1108 3368 80 35 sich
1218 3380 48 23 zu
1294 3370 119 33 einem
1433 3369 263 46 „Märkischen

185 3426 456 46 Central-Sängerbunde*
641 3426 7 16 4
677 3431 111 30 unter
816 3428 45 34 R.
889 3428 185 35 Tschirch
1101 3429 198 45 vereinigt,
1336 3427 132 36 dessen
1496 3428 139 36 Zweck
1662 3440 40 24 es

182 3489 65 43 ist,
287 3486 120 36 durch
432 3486 187 46 jährliche
647 3487 263 46 Gesangfeste,
957 3488 252 46 Verbreitung
1237 3490 110 45 guter
1374 3488 226 35 Musicalien
1627 3488 76 34 und

183 3549 81 33 eine
290 3547 340 46 Vereins-Zeitung
672 3547 60 35 die
772 3548 245 48 Ausbildung
1058 3549 65 36 des
1165 3549 345 47 Männergesanges
1552 3560 48 23 zu
1640 3548 42 36 be-

182 3607 163 37 fördern.

261 3668 72 33 Die
356 3666 297 37 bevorstehende
669 3668 301 36 Winter-Saison
998 3669 220 47 verspricht,
1247 3680 77 24 was
1355 3669 58 35 die
1442 3669 38 37 k.
1499 3669 206 36 Hofbühne

183 3726 156 46 betrifft,
381 3728 82 34 eine
503 3727 137 36 höchst
678 3729 250 35 interessante
965 3740 48 24 zu
1042 3729 167 45 werden;
1246 3730 67 36 wir
1341 3732 151 32 müssen
1522 3729 65 36 der
1614 3730 69 35 Ver-

184 3786 173 45 waltung
385 3786 196 37 derselben
620 3799 48 24 zu
712 3799 170 35 grossem
909 3789 136 37 Danke
1087 3790 77 36 und
1192 3790 198 47 gerechter
1418 3789 287 47 Anerkennung

182 3857 72 25 uns
282 3846 238 47 verpflichtet
546 3848 143 46 fühlen,
720 3849 88 35 dass
838 3849 99 37 diese
961 3850 62 37 bei
1038 3850 83 37 dem
1141 3851 224 47 gänzlichen
1383 3850 153 46 Mangel
1555 3850 129 37 hervor-

184 3908 183 46 ragender
396 3908 157 35 Talente
580 3909 38 34 in
647 3909 272 46 Deutschland,
962 3911 60 36 die
1051 3912 224 46 Anziehung
1314 3911 77 35 und
1418 3910 187 36 Interesse
1645 3913 61 33 für

184 3979 115 24 unser
325 3967 205 36 Publicum
556 3968 123 35 haben
706 3969 179 45 könnten,
929 3982 71 24 uns
1036 3973 68 34 mit
1132 3972 72 35 den
1230 3972 254 35 Celebritäten
1513 3971 65 35 des
1606 3971 75 36 Aus-

182 4028 133 36 landes
344 4028 168 38 bekannt
541 4042 47 22 zu
623 4030 160 36 machen
817 4031 159 37 bemüht
1011 4033 73 45 ist;
1127 4045 42 25 so
1204 4033 94 37 wird
1325 4032 101 37 Mad.
1454 4032 230 37 Miolan-Car-

184 4088 127 46 valho,
341 4090 82 36 eine
449 4089 66 38 der
541 4090 299 39 bedeutendsten
858 4092 424 49 Gesangs-Koryphäen
1312 4094 64 36 der
1392 4093 234 48 Gegenwart,
1654 4097 51 33 im

1787 317 183 38 nächsten
1996 321 131 38 Monat
2154 322 81 38 hier
2265 335 47 24 zu
2341 324 211 37 Gastrollen
2580 329 183 35 auftreten
2797 329 80 36 und
2909 329 136 39 andere
3070 333 108 36 nicht
3204 334 70 35 min-

1791 378 64 37 der
1877 380 297 51 hervorragende
2192 384 307 48 Erscheinungen
2519 387 120 36 dieser
2663 389 134 46 folgen.
2829 390 175 47 [Unserer
3021 393 164 36 Ansicht
3204 395 96 35 nach

1788 439 50 34 ist
1865 452 39 23 es
1931 441 123 36 nichts
2083 445 164 44 weniger
2288 444 56 35 als
2389 445 299 46 dankenswerth,
2735 460 107 24 wenn
2886 450 59 36 die
2985 455 123 33 ersten
3137 453 161 36 Bühnen

1786 498 281 40 Deutschlands
2096 502 84 35 dem
2208 504 309 36 Nothbehelf
2540 507 63 35 der
2630 508 371 49 Provincialtheater,
3032 511 118 36 durch
3180 513 117 35 Gäste

1786 557 65 36 das
1879 559 202 36 Publicum
2117 572 49 24 zu
2200 563 134 44 reizen,
2376 564 99 35 auch
2516 576 48 23 zu
2604 566 158 36 fröhnen
2803 569 198 46 beginnen.
3053 571 122 36 Wenn
3215 573 82 35 eine

1783 617 131 36 Bühne
1940 620 71 34 wie
2030 620 58 35 die
2105 620 162 36 berliner
2284 622 204 36 Hofbühne
2515 624 105 36 nicht
2647 626 103 35 mehr
2775 628 51 33 im
2843 628 137 37 Stande
3005 631 60 44 ist,
3094 632 81 35 eine
3194 631 99 46 Oper

1784 676 78 34 und
1890 679 58 33 ein
1964 679 221 47 Schauspiel
2199 681 264 45 herzustellen,
2492 681 117 38 durch
2627 684 109 37 deren
2764 688 309 38 vollendetes
3103 691 186 35 Ganzes

1784 735 67 35 das
1879 736 202 37 Publicum
2108 751 216 36 angezogen
2352 742 107 46 wird,
2503 743 98 35 dann
2627 747 151 33 müssen
2813 748 68 34 wir
2918 748 144 36 freilich
3085 749 71 36 alle
3182 750 84 37 Hoff-

1782 806 105 35 nung
1913 797 72 33 auf
2006 797 212 48 Besserung
2246 800 64 35 der
2336 800 372 39 Theater-Zustände
2736 806 214 47 aufgeben.]

1856 898 323 37 Musik-Director
2218 900 143 36 Stern
2400 903 38 34 in
2479 903 169 37 Berlin
2689 905 66 35 hat
2792 906 70 36 den
2889 907 101 36 Titel
3020 909 267 47 „Königlicher

2028 959 180 35 erhalten.

1856 1060 328 38 fFftill&foii't;
2212 1072 53 26 a.
2295 1062 74 40 Ml*
2399 1063 76 35 Der
2495 1064 190 37 Vorstand
2712 1067 64 35 der
2801 1068 395 38 Museums-Concerte
3222 1070 66 36 hat

1779 1119 39 35 in
1844 1121 280 47 Ermangelung
2152 1123 102 34 eines
2281 1124 263 45 geeigneteren
2573 1124 130 36 Saales
2744 1138 67 24 zur
2838 1128 219 47 Abhaltung
3095 1130 63 35 der
3184 1131 78 35 Win-

1779 1179 254 37 ter-Concerte
2076 1182 70 34 den
2174 1183 335 45 „Harmonie-Saal
2513 1183 15 18 u
2559 1185 71 33 auf
2662 1185 65 35 der
2768 1185 429 40 Bockenheimer-Gasse
3225 1203 43 33 ge-

1778 1239 168 37 miethet.
1999 1241 118 35 Somit
2144 1243 82 34 tritt
2252 1242 58 35 bis
2339 1253 48 23 zu
2413 1243 221 45 gänzlicher
2661 1244 246 47 Herstellung
2936 1246 64 35 des
3036 1260 121 23 neuen
3184 1250 84 34 Saal-

1778 1300 117 35 baues
1933 1301 109 35 keine
2067 1302 123 34 Pause
2231 1303 71 44 ein,
2348 1303 78 33 und
2469 1303 98 35 auch
2608 1303 67 35 das
2704 1304 383 38 Theater-Orchester
3113 1309 92 34 wird
3232 1309 59 34 die

1780 1371 69 24 aus
1877 1361 71 35 den
1975 1361 420 36 Museums-Concerten
2429 1363 79 35 ihm
2549 1364 255 37 zustehenden
2830 1367 262 36 Emolumente
3130 1370 73 34 fort
3229 1369 43 35 be-

1779 1419 143 45 ziehen,
1966 1432 78 24 was
2079 1421 106 36 recht
2216 1422 201 35 erfreulich
2444 1435 47 23 zu
2517 1436 156 26 nennen.
2727 1427 96 33 Zum
2850 1428 220 45 Dirigenten
3098 1429 60 34 für
3183 1429 81 34 kom-

1779 1479 158 35 menden
1967 1481 145 36 Winter
2141 1483 51 34 ist
2221 1482 119 35 dieser
2367 1484 104 46 Tage
2499 1484 117 35 durch
2637 1484 363 39 Stimmenmehrheit
3025 1488 98 35 Herr
3140 1488 150 36 Musik-

1778 1538 172 36 Director
1974 1540 182 37 Müller
2182 1542 167 46 gewählt
2376 1544 159 35 worden.
2575 1545 67 35 Bei
2668 1545 82 35 dem
2778 1546 214 47 Umstände,
3023 1548 88 35 dass
3138 1560 40 24 es
3206 1549 82 35 sich

1778 1609 66 24 um
1870 1599 296 49 Beantwortung
2194 1603 65 34 der
2284 1604 122 46 Frage
2442 1604 214 46 gehandelt,
2702 1606 46 35 ob
2775 1606 121 35 Herrn
2924 1607 138 36 Müller
3088 1609 88 35 oder
3203 1608 83 35 dem

1779 1658 263 37 Mitbewerber
2068 1661 122 36 Herrn
2218 1663 127 34 Rühl
2373 1662 59 35 die
2452 1663 161 48 Leitung
2642 1674 46 24 zu
2716 1664 213 48 übergeben
2956 1667 64 44 sei,
3048 1667 141 35 konnte
3215 1678 73 24 nur

1778 1717 59 35 für
1867 1722 163 34 ersteren
2058 1721 242 36 entschieden
2327 1721 158 46 werden,
2526 1723 85 35 weil
2651 1723 173 36 letzterer
2858 1725 61 36 bei
2954 1726 92 35 aller
3072 1727 216 36 bewährten

1779 1777 247 46 Tüchtigkeit
2051 1780 61 36 für
2130 1781 149 47 Gesang
2284 1782 123 35 werke
2434 1784 38 33 in
2490 1783 163 47 Leitung
2679 1796 73 23 von
2769 1783 394 38 Instrumentalmusik
3189 1787 98 35 noch

1777 1837 109 36 keine
1913 1839 162 37 Routine
2101 1842 81 35 sich
2209 1854 47 24 zu
2284 1843 233 35 verschaffen
2546 1843 244 47 Gelegenheit
2816 1844 188 47 gefunden
3032 1844 75 45 hat,
3149 1846 58 35 die
3230 1847 38 44 je-

1779 1898 98 37 doch
1905 1900 61 36 bei
1993 1902 70 35 den
2089 1904 39 33 in
2150 1904 127 45 jenem
2304 1904 178 37 Institute
2510 1905 261 37 obwaltenden
2797 1906 284 36 Verhältnissen
3105 1908 116 36 schon
3248 1909 38 34 in

1778 1958 217 47 gehörigem
2016 1961 124 35 Grade
2166 1964 254 45 mitgebracht
2447 1965 148 34 werden
2622 1977 118 24 muss.
2768 1965 69 35 Ein
2865 1966 194 47 Anfänger
3084 1967 127 35 würde
3239 1967 49 36 da

1778 2018 107 35 nicht
1910 2020 181 37 bestehen
2110 2023 161 47 können,
2300 2024 125 35 indem
2453 2025 65 34 das
2546 2036 118 34 ganze
2680 2025 216 46 Programm
2922 2027 42 34 in
2990 2028 99 34 einer
3116 2029 171 45 einzigen

1779 2079 120 37 Probe
1938 2081 208 47 abgespielt
2186 2083 148 36 werden
2376 2096 118 24 muss.
2539 2086 71 34 Die
2649 2086 261 46 intelligenten
2936 2087 190 36 Besucher
3168 2088 121 35 dieser

1780 2137 182 38 Concerte
1987 2142 149 35 werden
2164 2142 81 36 sich
2272 2145 136 43 gewiss
2437 2145 140 42 freuen,
2605 2156 108 23 wenn
2738 2145 97 35 Herr
2858 2145 139 35 Müller
3023 2149 79 33 eine
3130 2148 158 45 richtige

1780 2197 232 46 Auffassung
2039 2199 64 35 der
2130 2199 231 35 classischen
2387 2201 398 35 Instrumentalwerke
2813 2203 200 36 bekundet.

1853 2257 96 36 Herr
1976 2259 287 47 Capellmeister
2287 2260 222 36 Schmidt
2549 2262 52 34 ist
2640 2262 190 36 vielleicht
2865 2263 133 36 darum
3023 2265 106 34 nicht
3154 2266 39 34 in
3222 2266 61 35 die

1779 2317 114 35 Wahl
1920 2328 68 24 zur
2013 2319 167 46 Leitung
2213 2320 108 45 jener
2348 2320 180 36 Concerte
2566 2320 235 46 gekommen,
2843 2323 84 34 weil
2964 2335 39 23 er
3029 2323 57 36 die
3113 2324 172 47 Stellung

1778 2390 60 23 am
1858 2377 161 36 Theater
2046 2379 88 35 bald
2161 2381 193 34 verlassen
2381 2381 137 37 dürfte.
2545 2382 125 35 Ueber
2697 2384 128 33 seinen
2841 2382 231 47 Nachfolger
3097 2384 187 36 verlautet

1777 2438 98 36 noch
1901 2438 138 38 nichts.

1854 2500 76 34 Der
1947 2498 351 36 Philharmonische
2321 2500 134 35 Verein
2481 2500 66 35 hat
2573 2513 78 23 nun
2678 2502 120 35 Herrn
2825 2502 187 35 Henkel
3039 2502 167 36 definitiv
3236 2515 47 24 zu

1778 2559 139 35 seinem
1944 2559 222 44 Dirigenten
2195 2559 171 37 erwählt»

1852 2661 118 38 Ans
1999 2659 352 50 Tliiirliigeit,
2381 2662 60 38 16.
2472 2665 162 45 August.
2688 2666 78 35 Das
2802 2668 38 34 in
2876 2667 134 37 letzter
3037 2669 81 35 Zeit
3145 2668 136 37 wieder

1777 2723 55 34 oft
1858 2725 185 43 genannte
2070 2723 93 34 Lied
2194 2749 17 16 „
2219 2722 159 36 Partant
2400 2736 97 35 j)our
2523 2725 37 34 la
2587 2725 104 46 Syrie
2696 2730 17 17 *
2750 2728 51 34 ist
2834 2728 247 35 bekanntlich
3117 2740 73 23 von
3218 2728 64 37 der

1778 2782 168 45 Königin
1973 2782 184 35 Hortense
2183 2784 38 34 in
2249 2783 129 36 Musik
2406 2787 156 43 gesetzt.
2618 2786 176 47 Weniger
2826 2787 166 35 bekannt
3032 2788 122 35 dürfte
3192 2789 89 35 aber

1776 2843 89 44 sein,
1890 2842 86 35 dass
2006 2842 57 36 die
2092 2845 332 35 Instrumentation
2452 2845 121 35 dieser
2599 2847 267 47 Tondichtung
2893 2860 74 24 von
2994 2850 118 33 einem
3138 2850 119 34 Künst-

1775 2902 55 36 ler
1857 2901 185 44 herrührt,
2072 2902 64 35 der
2162 2902 96 35 noch
2280 2904 108 43 jetzt,
2417 2905 241 46 hochbetagt,
2688 2907 88 35 aber
2803 2909 134 46 rüstig,
2963 2910 38 33 in
3021 2909 257 35 Deutschland

1774 2963 89 37 lebt.
1904 2962 78 36 Der
2008 2963 238 46 herzogliche
2274 2963 285 47 Capellmeister
2585 2967 43 36 L.
2656 2968 144 35 Drouet
2825 2970 39 33 in
2891 2970 122 34 Gotha
3039 2969 162 35 nämlich

1774 3024 59 34 ein
1860 3022 118 35 naher
2002 3023 243 36 Verwandter
2265 3024 108 45 jenes
2400 3026 262 36 Postmeisters
2690 3039 46 23 zu
2763 3029 53 34 St.
2844 3029 236 44 Menehould,
3119 3028 63 36 der
3209 3028 70 35 den

1774 3082 208 36 fliehenden
2009 3083 127 46 König
2163 3083 161 47 Ludwig
2350 3086 100 34 XVI.
2480 3087 178 35 erkannte
2693 3088 75 34 und
2796 3089 188 34 verhaften
3011 3090 88 34 liess
3203 3101 76 23 war

1773 3144 38 33 in
1840 3144 122 34 seiner
1987 3144 154 45 Jugend
2168 3145 174 45 Mitglied
2383 3146 64 35 der
2489 3148 289 36 musicalischen
2808 3149 149 46 Capelle
2993 3161 59 23 am
3080 3150 96 35 Hofe
3214 3150 62 35 des

1774 3204 146 46 Königs
1948 3215 73 23 von
2047 3204 166 34 Holland
2239 3205 78 33 und
2344 3205 120 45 einige
2488 3207 81 34 Zeit
2595 3207 184 36 hindurch
2807 3209 283 35 musicalischer
3115 3208 144 37 Instruc-

1773 3268 59 31 tor
1860 3263 64 36 des
1953 3264 159 35 Prinzen
2139 3264 173 45 Ludwig,
2343 3264 63 35 des
2430 3266 168 45 jetzigen
2620 3268 154 34 Kaisers
2802 3269 64 35 der
2884 3269 220 44 Franzosen,
3132 3270 74 34 und
3227 3271 49 33 im

1774 3324 185 46 Auftrage
1986 3323 63 35 der
2075 3324 165 44 Königin
2268 3325 183 35 Hortense
2485 3327 298 36 instrumentirte
2823 3341 39 23 er
2903 3330 66 35 das
2997 3331 153 35 seitdem
3178 3329 80 35 welt-

1774 3384 167 36 bekannt
1980 3382 217 47 gewordene
2239 3384 101 37 Lied.
2393 3385 77 35 Der
2496 3386 137 35 Kaiser
2668 3388 192 47 Napoleon
2897 3389 66 35 hat
2999 3389 80 36 sich
3115 3388 94 35 noch
3237 3389 38 33 in

1774 3455 155 24 neuerer
1955 3445 81 33 Zeit
2064 3445 119 33 seines
2212 3443 234 47 ehemaligen
2474 3446 160 36 Lehrers
2676 3449 162 35 erinnert
2873 3450 77 35 und
2985 3450 119 35 Herrn
3131 3449 123 45 Capell-

1774 3505 151 34 meister
1952 3504 142 34 Drouet
2121 3514 66 23 vor
2214 3504 145 45 einigen
2385 3505 139 36 Jahren
2553 3507 81 34 eine
2662 3508 217 36 werthvolle
2905 3509 156 46 goldene
3087 3510 96 34 Dose
3211 3510 64 32 mit

1775 3564 207 35 Brillanten
2007 3563 97 35 nach
2133 3563 125 35 Gotha
2284 3564 212 47 geschickt.

1855 3668 296 45 stlitfga<l*t«
2181 3668 58 35 Im
2267 3669 251 35 verflossenen
2540 3671 267 45 Theaterjahre
2835 3684 84 24 vom
2940 3672 216 47 September
3181 3685 33 24 v.
3235 3673 37 36 J.

1776 3728 58 37 bis
1863 3727 59 38 30.
1950 3729 94 34 Juni
2075 3727 96 38 1860
2201 3728 136 36 kamen
2364 3741 46 23 an
2431 3730 123 47 Opern
2574 3743 66 24 zur
2659 3731 258 47 Aufführung:
2946 3744 72 24 von
3039 3732 237 46 Meyerbeer:

1778 3788 169 36 Dinorah
1986 3787 25 37 4
2037 3788 90 45 Mal,
2174 3788 243 47 Hugenotten
2459 3789 23 37 2
2520 3790 91 45 Mal,
2653 3791 141 35 Robert
2821 3790 23 36 2
2871 3791 88 37 Mal.
2999 3792 163 46 Prophet
3201 3793 77 34 und

1777 3848 206 37 Nordstern
2005 3848 38 45 je
2073 3847 17 36 1
2121 3847 100 45 Mal;
2264 3861 73 23 von
2363 3850 173 35 Rossini:
2564 3851 153 36 Barbier
2742 3851 24 35 4
2792 3851 90 46 Mal,
2918 3852 83 35 Teil
3027 3852 75 35 und
3132 3852 149 36 Othello

1773 3909 39 45 je
1840 3906 25 38 2
1890 3908 99 47 Mal;
2035 3907 134 36 Verdi:
2213 3908 248 36 Troubadour
2486 3910 24 35 4
2538 3910 89 47 Mal,
2669 3910 186 47 Rigoletto
2891 3911 75 35 und
2993 3911 165 36 Hernani
3190 3913 39 44 je
3258 3911 21 36 2

1778 3968 99 44 Mal;
1919 3969 162 34 Mozart:
2120 3969 172 45 Figaro'«
2316 3969 184 35 Hochzeit
2527 3969 21 37 3
2576 3970 89 43 Mal,
2703 3972 83 33 Don
2811 3970 103 36 Juan
2939 3972 76 35 und
3043 3972 237 35 Zauberflöte

1773 4031 39 45 je
1840 4028 22 37 2
1891 4028 96 43 Mal;
2028 4030 211 34 Donizetti:
2278 4030 121 34 Lucia
2425 4029 76 36 und
2529 4031 180 35 Lucrezia
2735 4030 137 47 Borgia
2894 4031 38 44 je
2959 4030 23 37 2
3009 4032 88 44 Mal,
3135 4032 141 34 Beiisar

1781 4093 18 37 1
1830 4089 100 44 Mal;
1959 4089 164 37 Flotow:
2151 4090 150 37 Martha
2328 4089 22 38 3
2378 4090 94 47 Mal,
2501 4090 185 37 Stradella
2703 4089 23 38 2
2748 4090 99 45 Mal;
2876 4091 154 36 Weber:
3059 4092 214 36 Freischütz
