2659 4140
560 282 64 33 126

131 398 89 34 THE
255 402 241 35 COMMEDIA

130 462 182 33 DELL'
337 465 159 36 ARTE

558 409 40 28 to
621 407 64 30 the
710 407 174 38 Players:
908 411 23 15 44
945 409 67 29 Let
1035 409 108 29 those
1167 410 84 29 that
1273 410 85 37 play
1381 419 96 29 your
1499 411 151 37 clowns,
1673 411 117 37 speak
1827 420 47 22 no
1909 421 104 22 more
2036 413 93 30 than
2169 416 31 28 is
2237 417 58 28 set
2329 417 108 28 down
2470 416 60 31 for

560 470 24 15 iS
597 470 101 29 them
717 477 8 22 :
749 469 60 30 for
831 471 108 28 there
965 471 43 29 be
1033 470 38 30 of
1092 472 104 29 them
1220 473 85 28 that
1329 473 75 29 will
1427 473 229 31 themselves
1679 473 126 37 laugh,
1828 476 41 27 to
1892 477 60 27 set
1974 484 46 20 on
2046 484 104 21 some
2173 477 146 38 quality
2335 477 38 30 of
2390 479 138 29 barren

558 533 21 14 44
593 533 211 35 spectators
826 534 40 28 to
890 532 112 37 laugh
1026 534 86 34 too;
1136 534 144 37 though
1304 535 37 29 in
1367 536 65 28 the
1456 536 205 29 meantime
1685 544 103 21 some
1814 544 199 30 necessary
2037 539 174 34 question
2236 538 38 30 of
2296 540 66 29 the
2378 540 87 38 play
2483 543 44 29 be

558 596 23 15 44
594 595 92 29 then
711 596 39 27 to
774 595 44 29 be
842 595 221 30 considered
1080 602 9 23 :
1113 596 117 30 that's
1252 596 216 35 villainous,
1491 598 73 29 and
1588 598 124 30 shows
1734 606 21 21 a
1779 599 98 28 most
1905 598 127 37 pitiful
2067 600 184 30 ambition
2275 602 39 28 in
2348 602 67 30 the
2448 603 77 30 fool

558 658 22 13 44
594 657 86 28 that
704 664 86 22 uses
814 658 42 28 it.

621 718 117 30 These
762 727 100 21 were
886 720 135 30 abuses
1044 722 39 28 to
1106 720 120 30 which
1252 720 185 37 certainly
1453 728 70 22 our
1546 722 214 30 Commedia
1794 721 181 32 dell'Arte
2007 723 77 29 also
2122 725 153 35 tended,
2310 727 103 28 since
2451 736 73 29 any

555 781 137 37 liberty
715 783 101 28 must
838 783 228 35 degenerate
1089 783 83 29 Into
1197 783 141 29 license
1362 783 110 29 when
1496 783 31 29 it
1550 783 31 29 is
1605 785 186 27 conceded
1814 785 40 29 to
1878 785 109 29 those
2011 786 84 28 who
2121 788 46 27 do
2192 788 68 28 not
2282 795 150 28 possess
2455 790 66 29 the

556 850 197 29 necessary
777 845 196 34 restraint,
998 845 125 28 either
1146 845 47 36 by
1217 845 134 28 nature
1376 852 43 21 or
1442 845 47 35 by
1513 844 240 31 cultivation.
1777 847 74 28 But
1874 854 70 22 one
1969 849 102 27 must
2095 849 79 35 not,
2202 849 159 30 because
2395 849 39 30 of
2456 851 66 29 the

553 904 71 30 evil
650 903 132 31 effects
806 905 38 29 of
866 905 152 36 license,
1042 906 301 30 underestimate
1366 906 67 29 the
1458 905 246 31 incalculable
1729 908 165 30 benefits
1917 908 38 30 of
1978 910 166 36 Liberty.
2169 912 40 27 In
2234 911 66 28 the
2335 913 114 28 midst
2484 912 38 29 of

553 967 66 29 the
644 968 224 36 obsequious
892 968 173 38 servility
1087 968 37 30 of
1147 976 68 21 our
1239 968 200 29 literature
1461 968 41 29 to
1526 976 46 21 an
1597 969 232 30 irrevocable
1853 972 83 34 past
1970 972 109 29 those
2114 973 217 29 comedians
2364 973 37 29 of
2434 983 89 21 ours

553 1030 103 28 went
677 1037 40 21 as
741 1030 163 35 apostles
928 1032 164 34 through
1117 1031 64 28 the
1205 1030 116 29 world
1346 1029 205 36 preaching
1588 1032 73 27 and
1684 1032 212 36 practising
1929 1033 162 37 liberty:
2128 1035 151 30 humble
2315 1037 68 28 but
2417 1035 86 30 loud-

555 1091 129 29 voiced
709 1093 72 28 and
806 1092 177 30 effectual
1007 1094 176 35 pioneers
1207 1100 99 28 upon
1329 1092 86 28 that
1450 1099 82 28 way
1570 1091 112 38 along
1715 1094 121 29 which
1874 1103 100 21 were
2013 1098 39 27 to
2089 1096 124 30 travel
2244 1098 279 36 triumphantly

556 1153 96 37 Lope
676 1154 44 29 de
746 1155 111 37 Vega,
879 1155 259 37 Shakespeare
1162 1155 71 30 and
1259 1153 167 30 Moliere.

552 1331 91 29 BUT
669 1331 86 33 FOR
778 1331 87 31 ALL
887 1332 102 30 THIS
1014 1333 188 34 LIBERTY
1226 1336 86 29 HAS
1336 1336 87 31 NOT
1446 1338 119 31 GONE
1590 1336 89 31 OUT
1704 1335 56 30 OF
1799 1334 160 37 PLACE,
1993 1336 90 33 NOR
2106 1335 89 32 THE
2230 1336 181 31 INFIDEL
2446 1338 51 29 EN-

562 1393 147 34 TERED
735 1394 102 30 INTO
861 1393 116 32 FULL
1001 1395 281 32 POSSESSION.

554 1456 135 30 WHEN
715 1456 187 33 LIBERTY
925 1457 113 30 GOES
1062 1458 88 29 OUT
1174 1459 55 29 OF
1252 1459 28 30 A
1305 1461 144 31 PLACE
1473 1461 42 30 IT
1539 1463 39 28 IS
1603 1461 89 30 NOT
1716 1460 90 31 THE
1830 1460 127 34 FIRST
1973 1460 55 29 TO
2047 1461 70 34 GO,
2134 1461 91 33 NOR
2240 1460 90 32 THE
2345 1461 176 30 SECOND

551 1519 63 32 OR
635 1517 139 34 THIRD
798 1517 56 31 TO
879 1520 71 28 GO.

553 1579 44 39 JT
621 1578 144 32 WAITS
790 1580 88 38 FOR
901 1580 87 34 ALL
1010 1581 89 33 THE
1123 1583 112 34 REST
1258 1584 55 30 TO
1338 1586 71 35 GO,
1433 1585 42 29 IT
1499 1587 40 28 IS
1562 1585 89 31 THE
1675 1584 125 32 LAST.

2195 1585 98 30 Walt
2317 1585 205 30 Whitman.

551 1935 555 54 BIOGRAPHICAL
1174 1935 238 47 NOTES
1487 1934 90 47 TO
1657 1934 138 47 THE
1852 1934 253 47 ABOVE
2160 1934 247 47 ESSAY.

2480 1948 48 32 <•»

813 2067 194 29 Lodovico.
1031 2066 97 29 Born
1153 2066 170 37 (Reggio)
1346 2072 96 29 1474.
1460 2065 90 29 Died
1575 2072 98 28 1533.
1697 2066 76 28 One
1798 2063 37 30 of
1857 2065 65 28 the
1948 2065 108 35 great
2077 2065 151 28 writers
2251 2064 59 29 for
2322 2065 66 28 the
2415 2066 106 35 stage

615 2129 126 30 whose
756 2128 124 30 works
903 2129 65 28 the
995 2130 125 27 actors
1144 2128 37 29 of
1203 2129 65 28 the
1292 2128 215 29 Commedia
1528 2126 181 30 dell'Arte
1733 2126 126 29 forced
1885 2126 93 29 back
2001 2127 109 35 again
2140 2127 81 28 into
2245 2128 65 27 the
2333 2128 116 36 study
2472 2136 48 21 on

550 2193 158 28 account
731 2190 38 30 of
790 2191 102 29 their
915 2190 83 30 lack
1021 2189 37 31 of
1073 2190 152 38 vitality
1247 2190 110 30 when
1376 2190 122 29 acted.

558 2272 286 65 gELTRAME.
868 2273 162 37 (Niccolo
1055 2274 196 36 Barbierl).
1275 2272 55 30 An
1355 2274 116 28 actor.
1510 2272 89 30 Died
1633 2273 115 28 about
1783 2271 98 36 1640.
1917 2272 52 28 Me
1995 2272 179 29 invented
2208 2272 63 29 the
2308 2272 216 30 characters

633 2338 23 14 44
671 2336 158 35 Scapino
913 2336 72 28 and
1030 2338 23 14 44
1078 2336 188 30 Beltrame
1359 2336 194 34 assuming
1586 2335 65 28 the
1683 2342 109 21 name
1827 2333 37 30 of
1900 2334 76 29 this
2011 2333 115 30 latter
2164 2342 39 21 as
2242 2335 57 28 his
2335 2342 96 21 own.
2468 2335 53 28 Me

554 2399 118 29 wrote
696 2398 208 34 Scenarios,
929 2398 56 28 his
1009 2398 83 29 best
1114 2397 86 37 play
1223 2398 123 34 being,
1364 2396 202 36 according
1589 2397 39 28 to
1653 2396 200 35 Mantzius,
1889 2394 52 30 "1'
1957 2396 244 29 Inavvertito.
2227 2403 113 22 overo
2364 2396 158 36 Scapino

553 2462 212 28 disturbato
789 2469 19 20 e
831 2460 211 31 Mezzetino
1356 2458 121 30 which
1502 2458 46 29 he
1571 2459 119 27 wrote
1713 2458 73 28 and
1811 2456 196 37 published
2025 2456 92 30 with
2133 2456 174 37 dialogue
2323 2457 199 36 complete,

551 2523 146 36 though
721 2523 31 28 it
784 2530 76 22 was
894 2521 200 38 originally
1127 2523 106 28 acted
1268 2530 40 21 as
1341 2529 46 21 an
1422 2520 225 36 improvised
1681 2519 97 37 play.
1818 2521 30 28 It
1882 2520 31 29 is
1946 2519 67 30 the
2037 2520 200 36 prototype
2273 2519 38 30 of
2333 2520 187 29 Moliere's

552 2587 23 14 44
592 2585 23 30 r
640 2585 156 31 Etourdl
821 2592 47 22 ou
892 2584 53 30 les
969 2585 280 35 Contretemps
1326 2584 72 29 and
1423 2583 45 29 he
1492 2582 196 36 published
1712 2582 64 29 the
1799 2582 85 36 play
1907 2583 40 28 to
1970 2583 159 34 prevent
2152 2582 31 29 it
2195 2581 96 30 from
2307 2582 111 36 being
2446 2582 75 29 lost

554 2655 43 22 or
619 2646 142 37 spoiled
786 2648 46 36 by
855 2647 70 29 bad
949 2647 127 36 acting
1099 2647 71 28 and
1195 2647 46 36 by
1264 2653 72 30 any
1369 2645 289 36 improvisation
1682 2644 160 30 inferior
1874 2645 41 28 to
1938 2644 86 28 that
2057 2642 38 30 of
2128 2644 65 28 the
2218 2644 22 14 44
2260 2643 124 30 Geiosi
2448 2645 72 28 and

554 2710 65 28 the
644 2710 22 14 44
685 2708 123 30 Fedeli
871 2709 226 35 companies.
1123 2709 51 28 He
1198 2707 77 30 also
1298 2708 119 29 wrote
1442 2708 21 16 44
1482 2708 49 29 La
1553 2705 174 37 Supplica
1809 2705 196 36 published
2029 2706 38 28 in
2092 2704 176 38 Bologna,
2303 2705 98 35 1836.
2426 2706 32 28 It
2491 2706 31 29 is

555 2780 20 21 a
599 2771 88 29 kind
713 2770 37 30 of
772 2770 179 37 Apologia
972 2769 60 31 for
1054 2771 65 28 the
1142 2771 107 35 stage
1273 2768 37 31 of
1333 2770 56 29 his
1412 2769 92 29 time
1627 2773 45 24 &

558 2853 206 64 £ECCHI,
788 2853 195 30 Giovanni.
1007 2854 98 29 Bom
1131 2853 90 35 1518.
1246 2853 89 28 Died
1360 2852 96 36 1587.
1481 2850 243 37 Playwright.
1748 2851 52 28 He
1824 2851 119 28 wrote
1966 2852 23 15 44
2008 2851 48 30 La
2081 2850 226 33 Romanesca
2365 2850 39 29 In
2429 2851 98 35 1585,

617 2917 73 29 and
715 2917 37 28 in
776 2916 66 29 the
865 2916 179 36 prologue
1078 2917 40 28 to
1143 2915 78 29 this
1254 2914 84 38 play
1362 2915 45 29 he
1432 2913 119 30 extols
1585 2914 64 29 the
1673 2914 23 14 44
1715 2912 110 30 Farsa
1888 2913 72 29 and
1985 2912 126 36 pleads
2145 2912 66 29 the
2250 2921 111 21 cause
2399 2912 37 30 of
2459 2914 65 28 the

558 2979 193 34 Romantic
788 2979 134 29 Drama
945 2978 150 36 against
1130 2978 65 29 the
1219 2985 138 22 canons
1392 2976 36 30 of
1451 2975 193 31 Aristotle.
1669 2975 29 29 A
1720 2974 230 30 translation
1985 2974 36 30 of
2044 2975 77 29 this
2143 2973 76 31 will
2254 2975 44 29 be
2331 2973 117 31 found
2484 2975 38 29 in

557 3043 22 17 44
596 3040 289 36 Shakespeare's
908 3041 266 29 Predecessors
1238 3041 46 36 by
1307 3041 33 28 J.
1364 3039 215 36 Addington
1604 3039 195 36 Symonds.
1824 3038 97 35 Page
1944 3037 80 30 208.
2138 3043 45 24 &
2309 3043 45 24 &

563 3131 253 66 pERRARA,
841 3134 104 30 Duke
964 3133 48 37 of,
1030 3133 128 32 Ercole
1183 3135 24 28 I.
1225 3134 97 29 Born
1341 3140 89 28 1431.
1456 3133 90 28 Died
1569 3139 97 28 1505.
1691 3132 32 29 It
1738 3139 75 22 was
1839 3131 36 28 in
1894 3130 169 35 Ferrara,
2087 3130 121 29 under
2227 3131 54 28 his
2305 3130 96 37 rule,
2439 3132 85 28 that

621 3200 64 29 the
709 3198 204 36 splendour
937 3196 37 30 of
995 3197 66 28 the
1086 3196 153 29 ancient
1261 3196 134 29 Italian
1413 3194 182 30 dramatic
1618 3193 278 37 performances
1919 3200 75 22 was
2018 3192 164 36 revived,
2206 3193 86 34 and,
2317 3193 206 37 beginning

558 3262 92 30 with
675 3269 21 22 a
719 3259 305 37 representation
1047 3260 38 28 in
1110 3258 83 35 i486
1218 3257 36 30 of
1276 3258 64 29 the
1364 3259 22 14 44
1403 3257 183 31 Menecmi
1675 3255 280 37 performances
1979 3262 98 22 were
2101 3255 111 36 given
2248 3256 39 27 at
2322 3255 57 30 his
2402 3257 122 35 court,

558 3324 92 30 with
674 3323 65 29 the
764 3321 256 37 co-operation
1045 3320 36 30 of
1104 3321 162 34 Ariosto,
1290 3320 170 34 Boiardo,
1483 3319 145 31 Strozzi
1652 3319 71 28 and
1748 3325 111 29 many
1875 3317 143 34 others,
2042 3315 37 30 of
2103 3318 98 28 most
2225 3315 38 31 of
2284 3318 67 28 the
2368 3318 104 36 plays
2489 3317 37 30 of

559 3387 163 30 Terence
746 3385 71 29 and
842 3384 155 29 Plautus
1021 3391 39 21 as
1084 3382 84 31 well
1192 3391 41 22 as
1256 3382 36 30 of
1315 3391 103 21 more
1442 3382 155 29 modern
1620 3380 137 30 works.

625 3450 109 28 Some
758 3447 84 29 idea
865 3445 38 31 of
924 3446 64 29 the
1022 3446 167 30 richness
1213 3445 37 29 of
1282 3446 66 28 the
1371 3452 156 29 scenery
1561 3443 72 29 and
1667 3445 188 27 costumes
1879 3443 30 29 is
1934 3442 187 36 conveyed
2155 3441 40 30 in
2219 3442 65 29 the
2321 3441 136 31 letters
2491 3442 36 29 of

561 3509 140 33 Ercole'
725 3517 17 22 s
766 3509 198 36 daughter,
988 3508 156 31 Isabella
1168 3508 126 31 d'Este
1310 3528 10 14 ,
1336 3506 102 39 (wife
1461 3506 37 29 of
1520 3506 65 29 the
1616 3505 104 29 Duke
1745 3504 203 32 Francesco
1973 3503 36 30 of
2031 3505 183 36 Mantua),
2248 3504 156 30 written
2427 3504 97 30 from

561 3575 67 28 her
649 3572 158 30 father's
831 3573 110 28 court
956 3573 39 28 at
1019 3571 157 30 Ferrara
1191 3572 39 29 to
1255 3572 66 29 her
1338 3570 170 29 husband
1532 3576 47 22 on
1595 3568 65 30 the
1684 3568 172 30 occasion
1880 3567 37 30 of
1934 3568 67 29 her
2024 3567 186 30 brother's
2228 3568 187 36 marriage
2432 3568 94 29 with

561 3636 177 31 Lucrezia
762 3635 144 35 Borgia.

568 3772 28 29 (1)
619 3771 104 27 Further
740 3770 91 23 details
848 3769 23 24 of
889 3769 37 24 the
944 3769 60 24 lives
1021 3769 23 23 of
1061 3775 64 17 some
1142 3768 23 24 of
1182 3769 42 23 the
1241 3769 79 23 actors
1337 3767 104 25 referred
1460 3767 26 22 to
1503 3767 24 22 in
1544 3765 85 29 Slgnor
1645 3765 139 24 Scherillo's
1802 3765 73 29 Essay
1892 3764 54 25 will
1965 3765 26 23 be
2008 3765 72 28 given
2098 3765 24 22 in
2151 3764 38 24 the
2214 3765 55 22 next
2286 3765 46 23 two
2363 3765 112 22 numbers
2503 3765 22 22 of

578 3834 60 22 'The
