2733 4138
2064 253 59 34 113

151 363 126 29 leader
300 363 22 17 44
338 370 48 22 no
411 361 131 39 longer
565 373 63 21 are
653 367 90 28 such
771 367 221 35 Companies
1016 366 40 30 to
1082 369 43 27 be
1148 367 116 30 found
1280 375 10 27 ;
1313 371 71 27 and
1409 371 76 29 this
1510 379 84 28 may
1619 372 43 28 be
1686 372 234 37 confidantly
1956 374 168 28 asserted

151 427 21 13 44
188 426 215 35 respecting
438 426 109 30 those
583 428 83 29 that
703 429 91 29 have
831 430 67 29 but
920 429 110 30 three
1054 438 43 21 or
1119 428 87 31 four
1230 433 95 33 good
1351 435 140 34 actors,
1524 435 102 28 their
1649 436 129 28 others
1802 436 112 35 being
1950 434 38 30 of
2025 435 99 30 little

151 489 21 15 44
189 495 65 21 use
278 489 72 28 and
376 490 68 27 not
466 490 111 36 equal
615 492 39 28 to
689 492 65 28 the
789 491 98 30 chief
918 494 123 27 actors
1070 491 38 30 of
1136 493 85 27 that
1253 492 147 31 famous
1424 496 190 37 Company
1637 498 127 29 where
1798 505 113 29 every
1947 498 79 29 role
2049 506 76 22 was

151 551 21 16 44
188 550 250 30 remarkable.
463 553 47 28 So
533 551 78 31 fine
635 562 77 21 was
736 556 29 27 it
790 555 36 28 in
851 554 88 34 fact,
962 555 87 29 that
1073 555 36 28 in
1134 555 66 29 the
1237 556 185 29 dramatic
1459 559 60 27 art
1553 559 30 27 it
1616 560 58 28 set
1707 567 20 21 a
1761 560 181 29 standard
1978 561 145 35 beyond

150 614 23 14 44
186 612 123 29 which
336 621 47 21 no
408 622 182 29 company
614 614 38 31 of
675 617 125 28 actors
825 616 106 30 could
957 624 45 28 go
1025 617 71 29 and
1120 618 58 27 set
1202 625 45 20 an
1273 618 169 36 example
1466 618 60 29 for
1541 618 130 31 future
1689 623 124 28 actors
1830 630 38 22 as
1885 624 39 28 to
1943 623 83 29 how
2043 624 83 28 best

153 675 21 15 44
187 675 41 28 to
246 682 173 28 compose
437 677 71 28 and
527 678 190 35 interpret
733 679 198 36 comedies,
948 680 301 35 tragicomedies,
1263 682 203 34 tragedies,
1485 682 197 36 pastorals,
1699 683 212 30 Interludes
1928 686 71 27 and
2018 685 109 29 other

151 737 23 15 44
191 736 282 35 performances
497 741 91 28 such
613 749 40 21 as
677 749 63 21 are
765 741 193 36 generally
981 750 87 21 seen
1094 750 98 27 upon
1218 743 63 28 the

221 800 90 29 How
335 801 107 37 sadly
464 803 216 35 ephemeral
706 804 32 29 is
760 805 71 28 the
856 804 105 38 glory
978 804 37 30 of
1030 805 66 29 the
1113 807 106 28 actor
1236 807 83 28 who
1336 814 92 21 once
1445 807 163 28 touched
1627 815 69 21 our
1714 808 127 30 hearts
1858 817 42 20 or
1917 809 208 35 gladdened

151 870 71 20 our
246 861 79 36 life,
350 866 216 35 recreating
591 874 45 20 an
663 866 212 37 imaginary
898 866 65 30 life
989 875 98 28 upon
1121 868 66 29 the
1221 869 106 35 stage
1362 870 71 27 and
1458 869 129 35 giving
1619 868 96 29 form
1741 871 72 28 and
1849 871 203 29 substance
2086 873 40 28 to

151 924 203 33 phantoms
378 926 123 29 which
527 929 186 34 appeared
738 929 68 28 but
828 928 98 29 faint
949 929 37 28 in
1012 930 65 28 the
1101 937 114 28 pages
1239 929 38 30 of
1300 931 64 28 the
1389 932 107 33 poets
1510 931 9 28 !
1545 931 113 29 What
1682 931 171 30 survives
1879 940 91 21 even
1989 931 38 31 of
2042 932 86 30 that

151 987 60 27 art
245 987 47 36 by
315 988 121 29 which
462 990 164 29 Gustavo
650 991 159 28 Modena
832 990 192 36 delighted
1050 993 72 28 and
1148 992 230 30 intoxicated
1406 1002 70 20 our
1498 993 146 30 fathers
1659 994 18 29 ?
1700 995 73 28 and
1797 995 31 28 it
1859 996 102 28 must
1992 996 44 28 be
2067 1003 41 21 re-

151 1050 215 28 membered
390 1051 87 29 thai
499 1052 68 29 the
590 1053 23 16 44
793 1051 69 31 left
885 1054 37 27 in
949 1054 147 37 history
1119 1063 46 20 an
1190 1063 93 21 even
1309 1056 138 35 deeper
1472 1055 107 30 mark
1602 1057 91 28 than
1721 1057 60 28 did
1806 1056 79 29 this
1898 1058 109 34 great
2023 1058 105 28 actor

152 1109 38 29 of
213 1118 70 21 our
307 1120 84 21 own
417 1113 112 29 times
553 1113 59 30 for
635 1115 66 28 the
735 1122 133 22 reason
907 1116 99 34 that,
1045 1116 111 30 while
1195 1117 195 30 Modena's
1427 1118 190 37 Company
1654 1118 138 37 always
1829 1118 212 30 resembled
2081 1127 46 21 an

149 1173 173 30 absolute
348 1176 204 35 monarchy
575 1177 87 28 that
685 1176 38 29 of
745 1178 66 28 the
1039 1187 76 22 was
1139 1179 77 30 like
1240 1188 21 21 a
1295 1188 182 30 company
1501 1181 36 28 of
1562 1181 212 29 monarchs.
1800 1181 98 31 Poor
1921 1183 182 28 Andreini
2119 1183 8 28 I

153 1237 110 28 What
287 1244 20 21 a
332 1238 119 28 bitter
475 1237 323 31 disillusionment
823 1240 123 30 would
972 1242 115 28 await
1112 1242 75 29 him
1213 1242 27 29 if
1265 1243 46 28 he
1335 1242 107 30 could
1468 1244 99 29 raise
1592 1244 57 29 his
1675 1244 94 29 head
1794 1244 97 30 from
1928 1245 57 29 his
2024 1245 78 29 Man-

150 1300 39 27 to
192 1306 71 21 van
282 1299 157 35 tomb,...
457 1300 46 29 he
525 1302 84 28 who
627 1302 38 28 in
680 1303 56 28 his
750 1303 189 35 emphatic
955 1304 108 37 style,
1077 1305 36 36 (a
1126 1305 146 29 sincere
1286 1306 231 35 expression,
1531 1306 187 36 however,
1735 1305 38 31 of
1790 1307 57 29 his
1864 1308 264 37 enthusiasm),

152 1361 69 29 had
247 1362 221 35 prophesied
494 1364 86 28 that
604 1364 64 29 the
876 1367 66 29 the
967 1368 22 16 44
1004 1367 122 30 GelosS
1188 1367 121 30 would
1336 1376 115 22 never
1476 1369 92 29 have
1602 1377 90 21 seen
1731 1372 23 14 44
1771 1370 64 28 the
1860 1369 73 30 last

2188 374 89 30 THE
2311 375 240 31 COMMEDIA

2191 437 165 30 DELL'
2381 437 170 32 ARTE.

465 1476 261 39 nfortunately
751 1481 109 28 there
886 1483 66 28 has
978 1491 103 21 come
1105 1484 107 28 down
1238 1485 39 27 to
1302 1491 42 21 us
1369 1483 86 36 only
1479 1483 65 28 the
1569 1483 91 29 echo
1685 1482 37 31 of
1744 1484 68 30 the
1846 1485 189 36 applause,
2069 1485 59 29 for

465 1539 67 29 the
571 1541 84 29 best
677 1544 86 33 part
787 1543 36 28 of
846 1544 64 28 the
935 1545 215 28 Commedia
1175 1544 235 37 deli'Arte,.,,
1432 1545 86 30 that
1541 1547 121 28 which
1687 1547 118 37 really
1836 1548 191 37 delighted
2063 1551 65 28 the

465 1605 194 34 audience,
683 1605 65 27 has
787 1604 136 30 drifted
949 1615 104 28 away
1076 1607 76 29 like
1176 1607 128 31 clouds
1328 1608 129 30 before
1480 1616 20 20 a
1523 1610 89 34 gust
1634 1608 39 30 of
1694 1610 114 29 wind.
1914 1617 44 24 &

465 1672 45 24 &
534 1665 44 30 Of
599 1674 20 20 a
644 1667 129 28 drama
798 1667 86 37 only
908 1669 65 28 the
998 1669 145 30 outline
1168 1678 42 21 or
1234 1671 22 16 44
1270 1671 178 29 Scenario
1511 1679 75 21 was
1620 1672 143 36 traced,
1799 1674 66 29 the
1899 1676 81 28 rest
2016 1677 112 35 being

464 1730 200 28 entrusted
690 1730 40 28 to
754 1730 65 29 the
844 1732 286 34 improvisation
1147 1732 38 29 of
1200 1734 65 29 the
1283 1735 136 28 actors.
1437 1733 80 30 And
1534 1735 86 28 that
1635 1733 88 32 rest
1735 1743 75 22 was
1827 1737 238 37 everything,
2082 1739 46 36 (i)

2197 1492 90 39 Imp
2293 1501 69 23 rov
2366 1494 37 30 is
2411 1495 45 29 at
2464 1494 93 30 ion.

317 1787 100 35 plots
440 1797 100 21 were
565 1790 60 29 for
647 1792 67 27 the
750 1794 99 27 most
883 1794 86 34 part
992 1794 116 29 taken
1143 1795 97 29 from
1266 1796 131 30 novels
1430 1805 43 20 or
1505 1799 98 29 from
1642 1800 154 36 regular
1819 1803 104 35 plays
1959 1811 42 21 or
2035 1808 94 23 even

151 1846 96 29 from
273 1849 64 28 the
362 1850 151 30 classics
536 1854 71 26 and
633 1854 65 28 the
722 1853 176 37 dialogue
923 1863 76 22 was
1023 1857 228 34 improvised
1276 1857 126 30 afresh
1428 1861 91 28 each
1543 1861 93 30 time
1672 1864 45 35 by
1740 1864 67 29 the
1842 1865 140 33 actors,
2020 1864 111 29 there

151 1909 81 30 tore
255 1912 91 28 each
369 1911 261 36 performance
656 1914 36 29 of
714 1915 67 29 the
805 1924 102 21 same
931 1917 85 37 play
1040 1919 230 36 necessarily
1294 1920 160 30 differed
1479 1922 97 30 from
1615 1926 66 28 the
1719 1926 143 30 others.
1887 1926 28 29 A
1940 1927 117 35 word,
2082 1933 46 22 an

151 1973 145 36 accent,
321 1981 21 21 a
364 1981 154 28 gesture
543 1976 38 28 of
602 1978 65 28 the
692 1978 106 29 actor
821 1978 106 29 could
952 1982 158 34 suggest
1133 1990 20 20 a
1176 1984 176 34 repartee
1376 1992 42 21 or
1453 1993 20 21 a
1508 1994 82 22 new
1628 1990 72 28 and
1737 1990 234 35 unexpected
2005 1990 125 34 issue;

152 2042 46 21 an
234 2037 114 28 event
386 2037 37 28 of
445 2038 66 29 the
546 2040 84 35 day,
665 2040 66 28 the
764 2048 181 28 presence
969 2043 39 29 in
1032 2044 66 28 the
1120 2045 151 29 theatre
1306 2047 38 28 of
1378 2056 20 21 a
1421 2049 217 35 gentleman
1674 2051 124 30 friend
1837 2060 42 22 or
1917 2052 37 30 of
1989 2061 20 21 a
2046 2053 85 36 lady

153 2099 174 28 ....who
351 2107 75 22 was
452 2101 66 28 not
542 2109 20 20 a
586 2101 178 38 lady....
790 2103 109 30 could
924 2106 142 34 inspire
1089 2108 104 28 them
1218 2109 92 29 then
1336 2112 71 28 and
1433 2113 108 29 there
1576 2114 93 29 with
1704 2122 21 21 a
1759 2115 160 36 piquant
1949 2114 182 35 allusion;

153 2159 66 29 the
245 2159 75 30 fact
345 2160 38 30 of
407 2162 113 36 being
543 2163 38 29 In
605 2172 20 20 a
649 2166 95 34 good
770 2173 42 21 or
837 2167 69 28 bad
931 2168 148 35 temper
1103 2169 106 30 could
1237 2171 98 36 Sight
1359 2181 41 21 or
1424 2177 147 34 quench
1604 2178 38 28 in
1677 2178 66 29 the
1768 2180 107 28 actor
1908 2179 65 29 the
2007 2180 126 35 poetic

151 2221 86 30 fire.
263 2223 118 37 Every
404 2226 106 28 actor
534 2234 77 21 was
635 2234 47 22 an
706 2228 266 39 extemporary
995 2233 101 34 poet,
1120 2234 86 34 and,
1230 2242 40 21 as
1303 2236 65 29 the
1403 2239 107 28 actor
1546 2240 201 35 Beltrame,
1771 2239 165 40 (known*
1960 2243 37 28 in
2033 2243 80 29 ordi-

155 2292 92 29 nary
271 2284 63 30 life
359 2294 40 21 as
423 2287 148 29 Niccolo
597 2289 184 38 Barbieri)
805 2291 188 36 declared,
1017 2297 23 14 ,4
1053 2296 67 28 the
1145 2296 132 30 Italian
1303 2301 126 28 actors
1454 2301 93 30 have
1570 2304 218 36 something
1804 2304 38 29 in
1859 2305 104 29 them
1988 2305 37 29 of
2042 2306 90 29 both

154 2347 22 16 44
190 2347 66 29 the
282 2355 195 29 composer
501 2352 73 27 and
599 2352 65 29 the
689 2352 223 39 performer,
936 2355 60 30 for
1019 2357 90 37 they
1134 2360 132 29 invent
1289 2360 121 32 fables
1433 2366 72 27 and
1541 2366 93 29 then
1669 2367 119 30 adorn
1812 2369 105 29 them
1942 2370 92 29 with
2059 2371 57 28 dis-

155 2410 191 29 courses
381 2412 93 28 born
510 2413 37 29 of
568 2414 103 28 their
694 2422 84 22 own

223 2472 71 29 For
315 2474 77 29 this
417 2482 134 22 reason
577 2477 65 28 the
670 2478 215 30 Commedia
909 2480 183 32 dell'Arte
1117 2492 74 22 was
1217 2487 67 27 not
1308 2488 164 34 possible
1496 2493 132 33 except
1651 2492 39 29 in
1715 2493 109 37 Italy,
1860 2494 72 28 and
1971 2502 89 28 was,
2094 2494 38 28 In

154 2535 91 34 fact,
270 2537 66 28 not
359 2536 118 31 called
502 2539 23 14 44
539 2538 183 32 dell'Arte
783 2543 39 28 to
845 2542 141 38 signify
1009 2545 85 30 that
1119 2547 29 28 it
1171 2555 76 23 was
1281 2549 66 30 the
1385 2551 212 35 perfection
1636 2562 137 30 among
1806 2555 117 39 plays,
1957 2557 66 29 the
2056 2564 78 23 nec

152 2598 100 38 plus
277 2598 112 32 ultra
428 2600 38 29 of
502 2602 67 29 the
608 2605 60 27 art
705 2611 40 22 as
782 2606 166 29 Maurice
986 2609 98 28 Sand
1122 2609 190 38 affirmed,
1337 2615 68 27 but
1427 2616 131 29 rather
1583 2618 171 36 because,
1778 2619 38 29 in
1847 2619 223 30 distinction
2095 2621 40 28 to

156 2661 65 30 the
245 2663 155 28 written
426 2665 203 34 comedies,
654 2667 30 29 it
708 2675 76 21 was
808 2670 68 27 not
899 2670 72 28 and
997 2672 107 28 could
1131 2675 67 28 not
1222 2675 44 28 be
1290 2675 213 35 performed
1519 2681 131 33 except
1663 2681 47 36 by
1722 2680 249 35 professional
1995 2684 140 28 actors.

256 2726 88 28 here
369 2727 143 28 remain
538 2728 40 29 to
604 2736 41 21 us
670 2729 88 38 only
781 2731 66 28 the
872 2733 21 15 44
1179 2736 67 30 the
1270 2737 174 31 skeleton
1470 2740 38 29 of
1530 2742 50 35 it;
1618 2743 22 14 44
1654 2743 66 29 the
1754 2745 99 28 most
1887 2745 125 29 divine
2049 2746 86 35 part

156 2786 84 30 flies
264 2790 127 35 away!
456 2791 71 29 and
555 2790 129 31 before
705 2793 111 30 those
840 2794 117 30 silent
979 2795 85 31 lists
1093 2797 38 30 of
1153 2800 138 34 actors,
1314 2801 109 31 those
1448 2811 151 28 meagre
1623 2805 230 31 indications
1877 2806 37 30 of
1937 2816 46 20 an
2009 2809 124 28 action

157 2849 123 29 which
305 2851 201 37 entangles
530 2855 72 27 and
627 2855 260 37 disentangles
912 2857 104 30 itself
1052 2867 56 21 we
1146 2862 221 34 experience
1404 2865 85 30 that
1526 2874 111 22 sense
1672 2867 38 29 of
1743 2868 235 38 melancholy
2012 2870 122 29 which

157 2914 133 28 caused
316 2914 64 29 the
404 2916 101 36 poet,
529 2917 38 28 in
592 2917 299 39 contemplating
913 2921 66 28 the
1002 2922 212 35 sepulchral
1239 2924 114 38 effigy
1379 2926 37 30 of
1440 2936 20 21 a
1485 2928 184 31 beautiful
1687 2938 146 23 woman
1857 2933 41 28 to
1922 2932 154 30 exclaim
2091 2938 44 24 &

818 2982 22 16 44
854 2982 63 29 Tal
941 2981 114 31 fosti;
1079 2991 43 22 or
1146 2987 64 33 qui
1233 2987 167 30 sotterra

852 3044 112 30 Polve
988 3053 19 21 e
1030 3046 190 31 scheletro
1245 3049 53 28 sei
1317 3049 9 29 !
1364 3051 53 37 (2)

159 3105 43 24 &
229 3101 142 36 Listen,
395 3100 59 31 for
478 3104 183 36 example,
687 3107 37 26 fco
748 3106 66 29 the
836 3105 88 31 first
948 3109 62 27 act
1033 3107 38 31 of
1094 3117 70 21 one
1188 3109 38 30 of
1247 3111 66 30 the
1338 3114 85 28 best
1446 3117 191 29 scenarios
1660 3116 96 31 from
1781 3119 67 29 the
1874 3121 203 36 repertory
2100 3119 37 31 of

159 3163 64 28 the
248 3166 22 14 44
466 3166 32 28 It
524 3167 29 28 is
577 3167 160 30 entitled
762 3169 24 16 44
789 3168 75 29 The
1095 3172 70 31 Act
1188 3182 84 22 one.
1295 3176 117 29 Scene
1431 3184 26 22 1.
1480 3178 94 30 Here
1599 3179 210 31 Pantalone
1830 3181 87 30 tells
1936 3182 200 29 Pedrolino

157 3225 186 37 (servant)
367 3226 37 29 of
426 3228 66 28 the
517 3228 82 30 Sove
623 3229 45 29 he
691 3229 94 31 feels
807 3230 60 30 for
890 3233 65 29 the
978 3236 134 28 widow
1137 3237 168 36 Isabella,
1328 3238 85 29 that
1437 3240 46 29 he
1506 3243 173 34 suspects
1701 3243 87 28 that
1811 3244 130 30 Oratio
1973 3245 57 29 his
2067 3253 68 21 son

158 3287 32 28 is
213 3287 154 38 already
390 3290 58 29 his
471 3290 109 37 rival,
604 3293 73 28 and
701 3293 97 36 that,
822 3293 147 39 fearing
994 3298 88 35 this,
1117 3298 46 30 he
1200 3300 67 28 has
1292 3300 152 30 decided
1478 3304 41 27 to
1553 3305 92 28 send
1670 3305 77 29 him
1776 3313 105 30 away
1910 3308 40 28 to
1982 3307 153 36 college.

160 3350 200 30 Pedrolino
384 3359 178 29 reproves
586 3355 91 35 him,
701 3355 135 37 taking
858 3358 66 29 the
947 3361 87 34 part
1058 3359 37 31 of
1119 3361 128 29 Oratio
1265 3369 9 27 ;
1298 3363 90 37 they
1411 3364 128 30 attack
1562 3368 91 28 each
1676 3369 111 28 other
1809 3370 92 28 with
1926 3371 124 28 words
2063 3370 72 29 and

162 3413 128 30 blows.
317 3414 207 31 Pantalone
548 3418 107 28 beats
680 3418 202 31 Pedrolino
906 3423 72 28 and
1004 3422 99 31 bites
1127 3424 58 29 his
1209 3432 93 29 arm,
1327 3427 171 36 showing
1521 3429 86 29 that
1632 3430 45 29 he
1701 3431 67 29 has
1798 3432 123 29 bitten
1948 3432 32 28 it
2015 3432 120 37 badly.

160 3474 223 38 Pantalone,
416 3478 263 38 threatening,
714 3488 89 28 goes
826 3490 106 31 away
966 3485 135 37 saying
1135 3487 45 28 he
1219 3486 75 30 will
1319 3489 115 34 speak
1469 3490 38 29 of
1529 3491 76 30 him
1640 3493 41 28 to
1716 3493 272 30 Franceschina
2022 3495 112 35 (maid

160 3539 182 36 servant),

2197 2253 138 37 lively
2372 2254 112 28 actor
2511 2261 52 21 an

2198 2317 159 28 extern
2368 2324 28 30 p
2407 2323 53 22 or
2470 2324 21 21 a
2506 2322 59 33 ry

2195 2380 107 36 poet.

2200 3134 44 24 &
2263 3126 80 30 The
2361 3124 164 31 dentist.
2536 3125 27 29 A

2201 3198 203 32 Scenario.
2523 3203 40 24 j

159 3666 217 34 NOTES
413 3671 134 31 AND
588 3671 299 37 TRANSLA
912 3674 110 34 TIO
1034 3676 78 33 NS
1127 3699 9 9 .

160 3741 48 37 (i)
231 3749 44 24 <?
300 3745 23 15 44
339 3745 75 28 The
438 3747 122 28 words
585 3745 37 29 of
646 3754 60 28 my
733 3747 96 29 book
854 3749 171 38 nothing:,
1049 3752 66 28 the
1139 3751 94 29 drift
1258 3751 38 30 of
1319 3754 30 28 it
1373 3757 228 35 everything
1675 3758 204 29 Whitman.
1902 3759 99 36 (Ed.)
2093 3765 46 26 &

160 3803 54 36 (a)
303 3805 98 29 Such
425 3806 93 29 thou
543 3809 109 34 wert,
676 3815 84 23 now
784 3809 89 30 here
898 3812 163 29 beneath
1085 3814 88 29 dust
1195 3815 73 28 and
1291 3814 174 32 skeleton
1489 3818 93 29 thou
1607 3820 74 28 art.
1755 3826 45 25 &
1926 3827 45 24 &
2096 3829 43 24 &
