2313 4120
188 224 66 40 146

191 341 106 31 mask
319 341 81 31 still
423 342 180 34 remains,
622 350 20 21 a
666 348 129 23 moans
819 339 38 31 of
879 341 219 35 expression
1122 339 29 30 if

189 412 74 30 you
288 405 95 29 have
405 404 66 29 the
500 411 127 28 power
649 405 41 28 to
725 402 112 30 know
860 403 85 29 how
977 404 40 28 to
1042 402 107 29 make

189 468 106 29 them
318 466 129 38 speak,
591 471 45 25 jgr
1105 471 45 25 <£?

191 536 45 25 &
261 530 77 30 Our
361 528 152 38 journal
537 529 31 29 is
583 527 235 38 continually
835 529 139 36 urging
997 536 86 21 men
1108 528 38 29 in

188 593 66 28 the
278 592 152 29 theatre
452 593 41 28 to
518 591 249 37 experiment.
784 592 98 29 Need
906 598 57 22 we
987 591 71 35 beg
1080 590 68 29 the

189 661 103 22 same
329 661 85 22 men
447 654 42 28 to
524 654 149 29 abstain
711 652 98 31 from
848 652 302 36 experimenting

190 715 128 30 before
341 722 47 22 an
414 715 195 37 audience,
636 716 72 29 and
733 717 41 28 to
804 715 114 37 study
935 715 38 28 in
1004 713 147 36 private

188 775 59 31 for
271 784 110 29 many
410 785 110 28 years
554 776 90 30 how
677 777 41 29 to
753 776 45 30 do
821 776 105 29 what
959 783 57 21 we
1049 774 104 28 must

189 845 90 22 ever
297 839 180 28 continue
494 839 40 28 to
552 845 92 29 urge
660 837 105 29 them
783 838 31 28 is
830 837 67 28 the
920 835 105 37 right
1039 834 113 36 thing

186 901 42 28 to
252 900 46 30 do
313 901 19 29 ?
416 907 45 25 jg?
586 905 46 25 &

189 968 46 24 &
259 962 100 31 Even
384 962 28 31 if
433 971 57 22 we
513 962 109 31 could
639 962 68 30 tell
724 962 105 30 them
854 961 66 30 the
943 968 82 29 way
1047 960 41 28 to
1106 960 45 28 do

188 1026 228 37 everything
449 1034 57 22 we
529 1025 124 31 would
689 1026 90 28 not:
815 1025 69 28 but
906 1030 72 23 one
1013 1021 38 30 of
1082 1021 68 29 the

189 1088 84 29 best
295 1096 103 29 ways
420 1089 41 28 to
485 1089 45 28 do
562 1087 187 39 anything
782 1087 31 29 is
837 1084 128 38 surely
997 1085 41 28 to
1061 1082 89 30 take

188 1150 106 30 time.
310 1150 158 38 Twenty
489 1159 111 29 years
617 1152 30 28 is
665 1152 67 28 not
749 1159 19 20 a
783 1149 88 36 long
888 1147 152 36 enough
1056 1147 92 27 time

187 1216 39 28 in
270 1214 127 30 which
431 1216 40 27 to
515 1214 115 37 study
666 1213 66 30 the
760 1212 178 37 question
962 1210 38 30 of
1023 1209 127 31 masks

186 1276 130 31 before
346 1277 172 35 showing
551 1275 183 30 results...
769 1275 129 29 unless
930 1280 74 31 you
1039 1280 64 22 are
1127 1280 22 21 a

189 1340 134 35 genius
346 1339 73 29 and
445 1347 19 20 a
480 1339 136 36 genius
638 1337 111 30 takes
773 1336 145 37 longer.
943 1333 204 31 Therefore

188 1402 45 29 be
256 1402 168 36 warned,
447 1409 73 29 you
544 1401 84 29 who
651 1398 114 32 think
787 1399 32 29 it
835 1407 47 21 an
901 1406 87 29 easy
1007 1399 140 28 matter

183 1465 41 28 to
249 1463 109 30 make
382 1464 73 29 and
478 1471 107 22 wear
609 1462 125 30 masks
758 1470 48 21 on
830 1462 66 29 the
920 1461 123 35 stage.
1102 1465 45 24 &

268 1526 115 30 Treat
414 1527 66 28 the
504 1527 141 28 matter
679 1524 186 37 seriously
899 1524 49 28 Be
988 1522 160 30 content

186 1590 68 28 not
280 1590 39 28 to
342 1589 105 29 show
471 1588 98 30 until
585 1595 73 30 you
693 1587 125 29 know.
840 1587 77 28 You
952 1584 76 30 will
1052 1584 93 29 then

189 1653 44 28 be
257 1651 115 37 doing
395 1652 66 29 the
484 1653 109 35 stage
616 1659 105 22 some
746 1651 108 36 good.

183 1720 44 24 jgt
253 1714 63 29 We
342 1714 91 28 hear
456 1714 85 28 that
563 1714 65 28 the
664 1719 199 29 managers
882 1710 36 30 of
951 1711 67 29 the
1063 1717 83 21 new

182 1775 206 31 Frankfort
410 1776 162 29 Theatre
596 1783 160 29 propose
779 1775 40 29 to
846 1773 149 37 employ
1020 1771 126 30 masks

183 1839 38 28 in
246 1847 104 21 some
374 1837 37 30 of
434 1839 102 29 their
560 1839 137 35 pieces.
757 1842 45 25 &
1101 1840 45 23 &

187 1907 44 24 &
255 1902 65 29 We
344 1900 153 30 counsel
522 1900 103 30 them
650 1901 41 28 to
716 1900 88 29 take

184 1962 322 34 DANGEROUS
531 1962 274 31 GROUND.j&
931 1967 45 25 &

183 2026 87 63 gir
294 2027 163 28 Herbert
480 2025 93 30 Tree
598 2026 88 29 does
704 2025 153 31 himself
878 2034 47 21 an
950 2026 195 37 injustice,

240 2090 52 28 He
315 2089 130 30 writes
468 2089 87 29 that
592 2089 45 29 he
662 2089 67 29 has
763 2089 21 17 *'
811 2088 125 30 learnt
968 2089 87 30 that
1077 2089 67 30 the

180 2152 102 29 most
304 2150 188 31 exclusive
530 2150 218 38 symbolists
781 2152 110 28 when
925 2152 176 35 painting
1124 2160 21 20 a

188 2215 169 29 meadow
391 2215 136 35 regard
563 2213 133 37 purple
731 2222 40 21 as
842 2213 230 38 symbolical
1107 2215 38 29 of

183 2276 132 36 bright
337 2284 129 28 green,

180 2344 46 24 &
250 2339 32 27 It
315 2346 122 22 seems
471 2339 45 29 he
551 2338 152 31 learned
738 2340 78 29 this
850 2342 40 27 at
923 2340 218 28 Marienbad

178 2399 60 30 for
261 2401 46 28 he
330 2401 130 29 writes
494 2401 98 29 from
623 2403 123 29 there.
781 2403 74 28 But
889 2402 83 29 how
1007 2401 134 29 should

179 2469 41 22 so
245 2461 125 30 clever
392 2471 22 20 a
437 2470 86 22 man
549 2463 95 30 have
668 2464 95 29 been
798 2471 40 22 so
869 2462 116 37 easily
1010 2462 131 31 misled

180 2532 47 22 on
252 2532 41 22 so
317 2525 134 37 simple
475 2534 21 21 a
523 2528 143 28 matter
680 2526 19 30 ?
737 2526 70 30 For
830 2535 55 21 we
910 2526 112 30 know
1056 2526 87 30 that

177 2587 110 30 when
312 2589 66 28 the
413 2589 225 37 Symbolists
661 2590 108 35 paint
793 2599 21 20 a
849 2590 169 29 meadow
1052 2590 90 35 they

179 2640 108 35 paint
310 2641 32 28 it
365 2648 40 21 as
442 2641 91 36 they
569 2641 96 30 wish
703 2643 72 28 and
810 2643 32 28 it
885 2643 30 28 is
953 2641 88 37 only
1077 2642 65 28 the

178 2703 214 33 spectators
416 2703 127 29 whose
567 2711 87 30 eyes
678 2704 85 38 play
784 2704 106 29 them
913 2703 106 30 false.

182 2762 177 33 BOOKS
385 2764 72 31 ON
478 2765 108 34 THE
613 2765 298 36 COMMEDIA.
1099 2772 45 24 &

259 2829 92 29 here
377 2837 65 22 are
466 2838 20 21 a
502 2829 72 30 few
609 2830 118 30 books
751 2831 153 36 dealing
938 2831 94 29 with
1066 2831 78 29 this

252 2892 150 36 subject
424 2892 40 29 In
490 2892 154 37 English
679 2894 74 29 and
786 2902 112 28 many
922 2894 39 29 in
997 2894 147 31 Italian.

180 2953 77 29 One
292 2952 38 31 of
364 2955 67 29 the
455 2956 85 29 best
574 2955 153 37 English
762 2956 174 31 sketches
971 2958 30 29 is
1035 2959 40 28 to
1100 2958 45 29 be

179 3015 116 31 found
320 3017 39 29 in
382 3018 100 29 John
496 3018 216 38 Addington
735 3019 197 38 Symonds'
946 3028 18 22 s
979 3020 147 30 transla-

178 3081 81 28 tion
285 3080 38 29 of
344 3081 66 29 the
443 3082 178 29 Memoirs
655 3082 38 29 of
718 3083 124 29 Count
877 3083 109 31 Carlo
1021 3083 124 31 Gozzi*

180 3143 64 29 His
279 3151 107 29 essay
421 3152 98 28 upon
547 3145 67 29 the
649 3145 134 30 Italian
808 3147 234 37 Impromptu
1077 3148 46 29 Co-

179 3208 111 36 medy
313 3209 220 35 completes,
557 3207 29 30 if
608 3208 31 29 it
670 3208 175 37 qualifies
871 3212 71 27 and
967 3212 42 28 at
1040 3219 104 22 some

178 3270 128 36 points
318 3271 233 29 contradicts
560 3271 57 29 his
941 3272 37 31 of
985 3274 138 30 Shakes-

183 3340 128 29 peare.
918 3343 45 24 &
1101 3343 45 24 &

247 3396 122 30 There
392 3396 32 30 is
448 3396 78 30 also
551 3405 20 21 a
595 3396 203 38 delightful
817 3399 158 35 chapter
992 3400 39 29 In
1056 3401 67 30 Ver-

180 3467 74 21 non
280 3457 81 33 Lee'
384 3467 17 21 s
474 3459 230 36 Eighteenth
729 3461 169 38 Century
931 3463 153 30 Studies

178 3523 75 28 and
278 3530 176 29 passages
474 3522 39 29 In
530 3531 21 21 a
574 3522 97 30 book
688 3524 47 36 by
748 3525 138 36 Joseph
906 3526 147 29 Baretti
1070 3526 56 30 cal-

177 3585 59 30 led
303 3587 180 28 Manners
506 3586 73 29 and
594 3586 197 31 Customes
809 3586 38 30 of
870 3587 95 37 Italy
1030 3589 114 38 (1718)

176 3648 124 30 which
326 3657 64 21 are
415 3650 69 28 not
505 3648 166 31 without
692 3648 124 32 value.
1098 3659 44 24 jg?

245 3713 39 28 In
310 3711 137 30 Italian
464 3712 111 30 there
599 3713 31 28 is
655 3720 70 21 one
750 3714 109 35 great
883 3713 98 31 book
1004 3723 48 21 on
1075 3716 66 29 the

176 3777 148 36 subject
350 3777 105 36 Luigi
480 3775 118 34 Rasi's
684 3777 12 28 I
722 3776 139 30 Comici
882 3777 147 31 Italian!
1101 3779 39 29 In

1212 339 112 30 three
1347 338 186 37 volumes,
1578 338 133 31 Adolfo
1758 339 185 30 Bartolo's

1214 402 136 29 inedlti
1421 402 32 29 is
1476 400 78 31 also
1578 401 186 37 valuable,
1799 404 72 27 and
1896 404 136 35 Signor
2065 404 92 29 Sche-

1214 464 120 31 rillo's
1358 463 108 31 work
1491 465 30 29 is
1546 465 155 38 already
1724 465 139 29 known
1886 466 41 29 to
1950 467 154 29 readers
2141 465 39 31 of

1216 528 80 30 The
1320 526 133 31 Mask.
1479 527 39 30 In
1552 526 80 31 fact
1663 528 112 29 there
1811 529 31 28 is
1877 529 118 37 really
2030 538 48 21 no
2107 531 71 29 end

1212 593 40 28 to
1275 592 68 29 the
1367 590 202 31 literature
1583 591 123 29 which
1733 592 65 28 has
1811 599 131 28 grown
1960 598 49 29 up
2034 594 146 28 around

1212 655 78 30 this
1317 655 172 36 greatest
1524 654 130 37 period
1689 653 38 31 of
1749 655 67 29 the
1849 652 134 37 victor,
2018 656 71 28 and
2123 663 57 22 we

1216 719 97 35 hope
1336 719 41 28 to
1400 718 85 35 give
1509 725 20 21 a
1553 717 188 36 complete
1766 716 268 37 Bibliography
2056 717 39 31 in
2112 718 67 29 the

1214 779 90 39 July
1328 781 164 28 number
1517 778 39 31 of
1580 778 83 31 The
1686 778 121 31 Mask
1811 802 9 14 ,
1845 786 73 28 1911
1961 785 44 26 jg?

1284 844 74 29 But
1381 844 100 29 most
1503 842 38 30 of
1563 842 109 30 these
1696 842 117 30 books
1837 850 64 22 are
1924 850 91 29 very
2044 842 132 38 costly,

1214 906 174 30 whereas
1414 905 82 30 The
1524 903 117 31 Mask
1644 925 10 15 ,
1672 905 122 29 which
1820 906 101 28 costs
1945 904 73 30 less
2040 905 93 29 than
2157 913 22 21 a

1215 969 208 37 halfpenny
1446 978 20 21 a
1483 970 84 36 day,
1590 969 31 30 is
1644 969 136 29 within
1797 969 66 29 the
1876 969 114 28 reach
2014 966 37 31 of
2067 976 113 29 every

1214 1033 106 29 actor
1341 1034 85 29 who
1451 1040 106 22 cares
1578 1033 42 29 to
1655 1033 92 29 hear
1780 1032 118 29 about
1920 1032 67 28 the
2009 1032 170 35 greatest

1214 1095 37 30 of
1274 1095 52 30 all
1352 1096 64 30 the
1450 1097 127 29 actors
1600 1095 38 31 of
1661 1096 159 29 modern
1854 1094 177 36 times;...
2055 1095 123 29 actors

1213 1160 153 34 greater
1388 1159 94 30 than
1507 1159 172 36 Garrick,
1707 1160 115 34 Kean,
1851 1157 151 31 Kemble
2026 1164 42 23 or
2101 1159 52 28 Ma-

1212 1222 160 37 cready;
1397 1223 154 35 greater
1566 1223 94 28 than
1687 1223 46 30 Le
1759 1222 105 34 Kain,
1888 1221 123 30 Baron
2028 1228 43 22 or
2093 1220 62 30 Tal-

1213 1292 60 22 ma
1286 1293 10 27 ;
1320 1286 155 34 greater
1496 1285 96 29 than
1616 1286 158 28 Modena
1799 1292 42 22 or
1863 1285 46 29 Sc
1922 1284 153 29 hroder.

1280 1345 32 31 If
1333 1347 93 36 they
1450 1348 119 29 doubt
1590 1348 66 28 the
1690 1348 110 28 truth
1825 1346 38 30 of
1887 1354 70 22 our
1990 1347 186 29 assertion

1211 1409 40 29 in
1275 1410 137 36 regard
1446 1411 40 28 to
1510 1411 65 29 the
1609 1412 200 34 greatness
1842 1409 37 31 of
1901 1411 109 28 these
2046 1410 125 29 actors

1211 1472 92 36 they
1325 1472 77 30 will
1435 1472 81 31 find
1541 1475 50 28 its
1625 1473 109 37 proof
1768 1474 39 29 in
1842 1474 65 29 the
1942 1473 93 28 next
2067 1472 109 29 three

1212 1536 195 31 numbers,
1616 1544 44 24 A?
1788 1543 44 25 gg?

1209 1596 32 30 A
1268 1597 244 32 Correction.

1388 1661 38 30 of
1449 1670 70 21 our
1542 1663 235 30 subscribers
1803 1670 78 27 are,
1917 1661 130 39 justly,
2088 1669 64 29 per-

1294 1726 137 28 turbed
1477 1726 47 36 by
1570 1734 21 21 a
1636 1726 215 36 paragraph
1881 1725 50 33 Jn
1992 1733 69 22 our
2105 1724 73 31 last

1223 1788 160 29 number
1399 1788 120 30 which
1534 1788 209 30 attributes
1764 1791 40 27 to
1821 1790 68 28 the
1908 1797 103 21 same
2035 1789 140 29 author

1211 1850 66 29 the
1292 1850 85 38 City
1390 1850 38 31 of
1440 1850 178 31 Dreadful
1632 1853 114 36 Night
1810 1853 74 28 and
1897 1852 67 29 the
2037 1852 134 29 Hound

1211 1913 38 29 of
1273 1914 150 29 Heaven
1616 1921 44 24 &
1787 1920 45 24 jg/

1211 1983 44 25 jgr
1280 1977 87 29 This
1392 1978 173 35 amazing
1588 1978 211 29 statement
1821 1985 141 28 sprang
1988 1976 169 31 full-fled-

1208 2040 70 36 ged
1302 2039 97 30 from
1435 2041 66 29 the
1531 2041 108 29 brain
1674 2040 37 30 of
1745 2049 20 21 a
1799 2041 130 36 junior
1962 2041 218 29 sub-editor

1208 2103 97 34 who,
1331 2103 113 36 being
1489 2102 71 31 left
1604 2105 40 28 to
1688 2111 64 22 see
1789 2104 67 29 the
1887 2103 75 30 last
1985 2111 115 28 pages
2138 2102 38 30 of

1207 2166 66 29 the
1319 2166 150 37 journal
1503 2166 169 36 through
1710 2167 65 29 the
1817 2173 107 29 press
1958 2165 114 31 while
2119 2166 58 29 his

1207 2229 148 30 seniors
1413 2237 100 21 were
1564 2230 137 28 absent
1748 2229 39 29 in
1835 2230 65 29 the
1942 2229 234 35 mountains,

1209 2293 72 28 and
1305 2292 151 36 finding
1491 2292 68 29 the
1597 2300 91 29 copy
1741 2292 171 36 supplied
1949 2294 40 27 to
2028 2293 76 28 him
2136 2295 40 27 to

1208 2357 46 28 be
1279 2357 37 28 in
1346 2355 58 29 his
1440 2355 221 29 estimation
1697 2354 241 30 insufficient
1971 2355 40 29 in
2046 2356 132 35 detail,

1207 2419 126 30 edited
1348 2420 31 28 it
1393 2420 37 29 in
1456 2419 57 29 his
1540 2427 83 22 own
1649 2426 158 22 manner
1834 2420 73 28 and
1933 2420 242 36 perpetrated

1206 2483 79 29 this
1310 2481 169 38 glorious
1505 2481 174 31 blunder.
1959 2488 44 24 /g?
2131 2490 45 24 jg?

1275 2546 64 29 We
1363 2545 93 30 have
1479 2544 104 30 fined
1607 2545 78 30 this
1707 2544 153 33 zealous
1882 2545 120 37 youth
2016 2545 160 37 heavily,

1207 2608 72 28 and
1303 2616 56 21 we
1394 2608 94 29 have
1526 2608 78 29 also
1638 2608 122 29 raised
1798 2608 58 29 his
1891 2608 137 38 salary,
2062 2616 43 22 as
2128 2609 48 35 by

1209 2679 131 21 means
1364 2671 37 29 of
1424 2671 67 28 the
1515 2670 287 38 expostulatory
1830 2670 137 31 letters
2001 2672 173 29 received

1208 2742 57 22 we
1289 2734 93 29 have
1406 2734 95 28 been
1538 2733 167 36 brought
1738 2734 82 29 into
1855 2734 116 29 touch
2006 2734 94 30 with
2135 2735 40 28 at

1209 2798 97 29 least
1342 2796 89 36 fifty
1466 2795 38 30 of
1531 2803 71 22 our
1642 2797 237 29 subscribers
1915 2798 94 28 with
2051 2798 122 28 whom

1209 2861 38 29 iu
1270 2860 99 35 spite
1393 2858 39 31 of
1455 2867 70 21 our
1548 2858 149 37 efforts,
1720 2867 57 22 we
1809 2860 72 29 had
1907 2868 116 22 never
2046 2859 129 31 before

1209 2923 205 29 succeeded
1432 2921 39 30 in
1486 2921 252 38 establishing
1747 2930 76 29 any
1840 2923 335 30 communication.

1210 2988 31 30 A
1270 2985 158 32 WORD
1455 2984 67 31 OF
1543 2984 228 31 THANKS.

1216 3051 100 65 por
1339 3048 109 34 leave
1471 3052 40 27 to
1535 3050 152 35 publish
1705 3050 67 29 the
1789 3049 91 30 first
1896 3049 135 30 article
2049 3050 37 29 in
2110 3050 66 29 the

1273 3117 159 35 present
1456 3115 160 29 number
1639 3122 56 21 we
1719 3114 139 30 tender
1882 3122 70 22 our
1975 3114 143 31 thanks
2135 3118 40 28 to

1210 3180 143 29 Messrs
1370 3179 136 29 Chatto
1524 3178 73 28 and
1614 3177 173 31 Windus.
1957 3184 45 25 &

1211 3249 43 24 gg/
1279 3243 76 29 Our
1377 3240 262 36 frontispiece,
1662 3240 139 36 which,
1829 3239 29 31 if
1882 3243 68 27 not
1974 3250 47 21 an
2046 3241 126 30 actual

1209 3305 238 30 illustration
1470 3302 38 31 of
1530 3304 67 29 the
1623 3304 216 29 Commedia
1865 3304 199 36 delTArte,
2088 3312 66 23 ren-

1209 3369 87 29 ders
1319 3369 38 29 in
1382 3377 22 21 a
1426 3375 92 29 very
1552 3365 168 36 striking
1744 3373 160 23 manner
1938 3376 71 21 one
2044 3369 131 35 aspect

1209 3431 38 30 of
1270 3431 44 35 it,
1338 3432 30 28 is
1391 3429 234 37 reproduced
1649 3428 101 29 from
1778 3436 47 22 an
1867 3429 59 30 old
1963 3431 212 36 engraving

1209 3497 87 36 (one
1320 3493 38 31 of
1380 3502 22 21 a
1434 3494 62 29 set
1529 3493 38 29 of
1599 3492 73 38 six)
1705 3492 173 30 hitherto
1904 3492 269 40 unpublished,

1208 3559 38 28 in
1270 3558 66 29 the
1359 3558 216 35 possession
1601 3555 37 30 of
1661 3556 138 35 Signor
1817 3556 176 30 Villoresi
2018 3556 37 30 of
2093 3556 83 31 Flo-

1206 3629 114 22 rence
1345 3622 47 37 by
1415 3620 90 30 kind
1529 3620 226 35 permission
1780 3618 38 30 of
1840 3620 67 30 the
1931 3628 144 24 owner.

2090 3622 85 29 J.S.

1407 3700 18 33 &
1443 3700 52 33 ALL
1534 3700 165 33 RIGHTS
1726 3700 237 32 RESERVED

1207 3765 42 24 &
1287 3760 164 29 Gerente
1477 3759 281 36 Responsabile,
1782 3759 154 30 GIULIO
1962 3758 134 30 VANZI
