2706 4140
591 262 64 31 128

592 376 356 71 CARLO
1037 376 305 66 GOZZI
1432 377 223 63 AND
1748 377 176 63 HIS
2016 377 390 65 PLAYS:
2453 378 114 62 An

592 479 313 68 Extract
980 481 199 62 from
1236 481 135 65 the
1932 484 154 62 and
2157 482 412 65 Customes

590 584 76 61 of

1005 585 99 79 by
1147 584 291 79 Joseph
1493 585 312 65 Baretti.
1853 584 188 80 1768.

1106 760 15 28 t
1146 758 195 37 happened
1367 767 70 22 one
1463 760 83 37 day,
1569 760 89 29 that
1683 759 108 31 Carlo
1805 760 111 31 Gozzi
1941 761 80 29 met
2043 760 94 30 with
2157 758 160 31 Goldoni
2340 760 38 29 in
2404 768 20 22 a
2451 760 93 30 book-

1104 821 147 30 seller's
1275 821 106 36 shop.
1405 822 101 38 They
1529 822 215 37 exchanged
1770 823 114 36 sharp
1907 824 124 29 words
2046 830 9 27 ;
2080 825 73 28 and
2178 823 39 29 in
2241 825 66 28 the
2332 825 91 29 heat
2447 824 37 30 of
2500 825 66 29 the

1105 886 227 29 altercation
1345 887 158 29 Goldoni
1520 886 80 30 told
1616 887 55 30 his
1695 886 192 31 merciless
1920 887 121 35 critic,
2058 886 87 29 that
2169 887 30 28 it
2215 895 76 21 was
2308 895 47 21 an
2382 895 86 30 easy
2484 887 83 30 talk

1104 950 41 28 to
1168 948 80 30 find
1272 948 97 30 fault
1391 950 92 29 with
1508 957 21 21 a
1551 949 110 37 play;
1685 951 68 28 but
1770 950 148 29 desired
1944 949 75 29 him
2044 950 40 28 to
2097 950 171 34 observe,
2292 950 85 29 that
2399 952 40 27 to
2453 951 112 29 write

1104 1019 20 20 a
1148 1012 85 37 play
1257 1020 76 22 was
1356 1021 21 20 a
1409 1020 92 29 very
1525 1011 164 31 difficult
1722 1021 85 21 one.
1983 1012 157 36 replied,
2179 1012 85 29 that
2287 1013 41 29 to
2362 1011 80 31 find
2466 1013 99 31 fault

1102 1052 6 9 <■

1104 1075 92 29 with
1222 1083 20 21 a
1266 1075 84 36 play
1374 1083 76 22 was
1473 1075 118 38 really
1614 1084 88 29 easy
1720 1084 9 26 ;
1754 1077 69 28 but
1843 1076 89 29 that
1966 1075 32 30 it
2021 1083 76 22 was
2129 1075 78 30 still
2232 1077 123 28 easier
2388 1077 40 28 to
2452 1076 112 30 write

1106 1139 91 28 such
1221 1138 103 38 plays
1341 1146 40 22 as
1399 1138 124 29 would
1540 1138 124 35 please
1687 1147 42 20 so
1746 1138 244 36 thoughtless
2007 1147 19 20 a
2045 1139 131 28 nation
2194 1146 39 21 as
2250 1139 65 29 the
2333 1139 205 30 Venetians
2553 1150 10 26 ;

1106 1202 139 35 adding
1268 1202 92 29 with
1384 1210 21 21 a
1428 1202 90 28 tone
1542 1200 38 30 of
1603 1202 196 35 contempt
1823 1202 86 28 that
1932 1202 45 28 he
2002 1202 71 28 had
2098 1211 21 20 a
2142 1203 95 34 good
2263 1202 102 29 mind
2390 1204 40 28 to
2455 1202 108 31 make

1105 1263 48 30 all
1178 1265 137 29 Venice
1338 1272 73 21 run
1435 1265 40 27 to
1498 1272 64 22 see
1596 1266 23 15 44
1636 1264 76 30 The
1737 1264 87 30 Tale
1857 1264 37 30 of
1927 1264 66 30 the
2028 1263 120 31 Three
2172 1265 165 35 Oranges
2415 1264 145 31 formed

1105 1329 81 28 into
1210 1336 21 21 a
1254 1328 208 36 comedy....
1488 1326 173 37 Goldoni,
1684 1327 93 30 with
1802 1335 103 22 some
1943 1327 38 30 of
2004 1327 58 30 his
2086 1328 194 35 partizans
2303 1327 93 30 then
2421 1329 38 28 in
2493 1329 67 30 the

1102 1392 106 35 shop,
1231 1390 221 36 challenged
1477 1391 111 30 Gozzi
1610 1392 42 28 to
1676 1392 47 28 do
1747 1391 31 28 it
1801 1390 27 29 if
1862 1391 45 28 he
1944 1390 107 29 could
2066 1397 10 22 :
2099 1392 73 28 and
2205 1390 68 31 the
2309 1392 121 35 critic,
2468 1392 92 29 thus

576 1456 150 36 piqued,
750 1457 169 36 engaged
944 1458 39 27 to
1007 1457 164 35 produce
1195 1455 92 29 such
1313 1463 21 21 a
1358 1454 157 37 comedy
1545 1454 136 30 within
1706 1463 20 20 a
1749 1453 72 30 few
1854 1454 103 37 days,
2002 1461 45 24 „<g>
2173 1461 45 24 &
2343 1461 45 24 &

574 1522 45 25 &
642 1519 93 29 Who
759 1518 107 30 could
892 1526 88 22 ever
1005 1519 94 29 have
1122 1518 167 35 thought
1311 1517 86 30 that
1419 1519 41 28 to
1483 1517 79 30 this
1585 1515 151 37 trifling
1753 1517 73 29 and
1863 1515 125 31 casual
2013 1517 150 35 dispute
2188 1518 96 35 Italy
2307 1517 134 30 should
2478 1526 79 22 owe

573 1580 66 29 the
663 1582 171 34 greatest
858 1581 184 29 dramatic
1064 1581 133 28 writer
1233 1581 87 28 that
1343 1580 32 29 it
1398 1587 90 22 ever
1512 1580 73 28 had
1604 1580 9 28 !
1637 1580 111 30 Gozzi
1772 1578 152 38 quickly
1947 1580 122 28 wrote
2091 1587 20 22 a
2136 1581 155 35 comedy
2314 1581 38 28 in
2369 1580 76 30 five
2463 1582 94 34 acts,

572 1642 153 30 intitled
792 1644 12 28 I
826 1644 61 28 tre
904 1642 149 35 Aranci,
1078 1642 76 30 The
1177 1643 110 29 three
1306 1643 167 35 Oranges
1543 1640 145 31 formed
1713 1642 67 28 out
1804 1641 37 29 of
1865 1649 47 22 an
1930 1640 59 30 old
2014 1641 181 31 woman's
2211 1642 89 35 tale,
2324 1643 93 29 with
2435 1644 120 29 which

1989 1679 10 9 %

571 1705 66 28 the
661 1705 183 29 Venetian
870 1705 171 30 children
1067 1713 64 21 are
1158 1705 109 29 much
1294 1704 246 30 entertained
1566 1705 47 36 by
1635 1705 110 29 their
1769 1712 150 21 nurses.
1953 1704 75 30 The
2053 1706 154 35 comedy
2228 1714 77 20 was
2328 1707 121 34 acted,
2484 1707 71 27 and

570 1767 67 28 the
660 1767 110 30 three
794 1767 186 30 beautiful
1004 1769 212 34 princesses
1242 1769 93 28 born
1362 1767 38 30 of
1421 1767 68 30 the
1512 1767 111 30 three
1647 1767 213 29 enchanted
1885 1774 162 28 oranges
2072 1769 106 27 made
2202 1767 48 29 all
2275 1769 138 28 Venice
2431 1769 123 28 crowd

569 1830 41 28 to
633 1829 66 29 the
723 1830 151 29 theatre
898 1830 38 30 of
958 1832 54 28 St.
1039 1830 161 36 Angelo.-

2378 1874 9 8 4

638 1893 33 28 It
687 1900 83 29 may
786 1892 117 37 easily
927 1894 44 28 be
984 1893 203 35 imagined,
1225 1893 84 29 that
1326 1891 160 31 Goldoni
1503 1892 72 30 and
1593 1892 127 30 Chiari
1744 1900 99 22 were
1861 1893 68 29 not
1941 1893 133 36 spared
2092 1893 37 28 in
2148 1893 65 29 the
2277 1893 70 29 Tre
2364 1892 137 30 Aranci

567 1955 111 31 Gozzi
701 1954 118 31 found
844 1964 129 21 means
1011 1957 40 28 to
1075 1956 200 29 introduce
1313 1956 39 29 in
1377 1955 32 29 it
1448 1964 20 21 a
1492 1956 95 36 good
1623 1964 113 28 many
1760 1955 37 30 of
1830 1956 103 29 their
1955 1955 204 30 theatrical
2196 1957 243 33 absurdities,
2478 1957 74 29 and

565 2018 160 35 exposed
749 2018 103 29 them
877 2019 41 28 to
957 2018 127 37 public
1117 2018 180 30 derision.
1332 2018 75 30 The
1443 2019 218 35 Venetians,
1699 2017 77 31 like
1811 2018 49 29 all
1884 2018 112 30 other
2027 2018 169 35 Italians,
2230 2020 46 28 do
2301 2020 68 28 not
2406 2018 146 38 greatly

568 2087 86 22 care
677 2079 60 30 for
760 2081 65 29 the
851 2081 136 29 labour
1011 2080 38 30 of
1070 2081 203 36 searching
1298 2081 101 29 after
1424 2081 129 36 truth,
1578 2082 72 28 and
1673 2081 105 29 their
1800 2081 249 35 imagination
2082 2089 92 21 runs
2209 2082 65 29 too
2310 2081 104 30 often
2449 2090 104 29 away

565 2143 92 29 with
682 2143 118 35 them,
824 2143 112 29 while
959 2143 105 30 their
1096 2143 223 37 judgement
1350 2143 69 30 lies
1453 2144 189 29 dormant.
1667 2143 73 29 But
1762 2144 108 34 point
1896 2144 68 28 out
1987 2151 109 22 sense
2120 2145 39 28 to
2194 2144 118 35 them,
2346 2145 72 28 and
2458 2145 92 36 they

563 2204 78 30 will
664 2204 189 37 instantly
876 2206 100 30 seize
1000 2206 42 29 it.
1067 2205 88 30 This
1178 2213 76 22 was
1289 2205 245 37 remarkably
1556 2206 67 29 the
1647 2213 84 22 case
1755 2213 47 21 on
1826 2206 66 29 the
1925 2205 90 30 first
2037 2206 111 36 night
2186 2207 86 29 that
2294 2207 66 29 the
2395 2208 155 36 comedy

564 2265 38 30 of
623 2267 66 29 the
726 2266 119 30 Three
870 2268 167 35 Oranges
1075 2276 77 21 was
1189 2269 123 28 acted.
1336 2268 76 29 The
1448 2267 114 30 fickle
1598 2268 204 29 Venetians
1828 2267 128 36 forgot
1980 2268 186 37 instantly
2194 2269 66 28 the
2308 2268 87 30 loud
2431 2269 100 29 accla-

563 2329 164 28 mations
750 2329 94 29 with
869 2329 122 29 which
1015 2329 93 38 they
1131 2329 71 30 had
1241 2330 174 29 received
1441 2330 66 29 the
1541 2330 171 36 greatest
1734 2331 87 33 part
1845 2328 37 30 of
1920 2329 193 30 Goldoni's
2138 2331 71 29 and
2235 2330 160 31 Chiari's
2433 2330 118 38 plays,

563 2390 161 37 laughed
750 2391 311 38 obstreperously
1084 2393 40 29 at
1146 2392 105 30 them
1277 2394 104 35 both,
1399 2394 74 28 and
1497 2392 211 37 applauded
1733 2392 65 29 the
1832 2391 120 31 Three
1976 2392 168 37 Oranges
2167 2393 39 29 in
2241 2402 20 21 a
2285 2394 100 29 most
2407 2393 141 30 frantic

562 2461 171 21 manner.

628 2516 87 29 This
739 2517 94 35 good
858 2525 149 22 success
1042 2519 236 35 encouraged
1316 2519 110 30 Gozzi
1451 2519 39 28 to
1514 2520 110 29 write
1661 2527 103 22 more
1779 2527 9 27 ;
1826 2521 72 28 and
1924 2521 57 28 his
2014 2528 82 21 new
2129 2519 105 37 plays
2258 2519 168 37 changed
2461 2521 39 28 in
2524 2528 21 21 a

558 2578 102 30 little
676 2579 94 30 time
792 2588 41 21 so
857 2580 165 37 entirely
1045 2582 65 28 the
1132 2582 101 29 taste
1258 2580 38 30 of
1318 2582 67 28 the
1409 2583 185 28 Venetian
1619 2583 216 35 audiences,
1868 2583 86 29 that
1977 2584 38 27 in
2040 2584 117 28 about
2179 2584 77 28 two
2279 2590 155 22 seasons
2459 2582 64 30 Gol-

559 2642 88 29 doni
683 2650 76 22 was
783 2643 144 38 utterly
963 2644 169 35 stripped
1157 2643 38 30 of
1232 2644 58 30 his
1328 2644 203 30 theatrical
1564 2646 181 36 honours,
1784 2646 71 28 and
1880 2653 93 29 poor
2010 2646 127 30 Chiari
2161 2645 137 38 totally
2321 2645 223 30 anihilated.

556 2703 158 31 Goldoni
737 2705 151 37 quitted
913 2705 95 37 Italy
1031 2707 73 28 and
1128 2707 104 28 went
1253 2707 41 29 to
1320 2706 155 36 France,
1500 2706 195 37 confiding
1719 2708 109 28 much
1867 2708 38 28 in
1929 2709 57 27 Mr
2020 2707 200 31 Voltaire's
2258 2709 165 28 interest
2469 2710 72 28 and

556 2768 369 29 recommendations
948 2768 137 36 which,
1108 2777 40 21 as
1173 2770 12 27 I
1210 2770 98 29 have
1332 2770 130 36 heard,
1486 2771 185 34 procured
1697 2771 76 28 him
1797 2771 66 28 the
1887 2770 104 36 place
2015 2770 38 29 of
2075 2770 136 29 Italian
2236 2772 142 29 master
2406 2772 41 28 to
2471 2779 71 22 one

555 2828 37 30 of
615 2830 65 29 the
703 2831 212 35 princesses
939 2832 40 28 at
1003 2831 212 35 Versailles,
1238 2832 74 29 and
1338 2832 127 29 Chiari
1489 2834 143 28 retired
1657 2834 41 28 to
1715 2841 21 21 a
1760 2833 301 36 country-house
2084 2833 39 29 in
2140 2833 65 30 the
2230 2833 310 36 neighbourhood

555 2891 38 30 of
616 2893 210 30 Brescia.^

622 2955 39 29 In
684 2956 66 29 the
772 2963 109 30 years
904 2963 84 29 1754
1012 2957 72 28 and
1110 2963 83 29 1755
1218 2958 12 28 I
1254 2957 95 30 have
1379 2965 91 22 seen
1494 2959 108 28 acted
1640 2959 38 28 in
1706 2958 136 29 Venice
1865 2959 67 28 ten
1957 2965 43 23 or
2032 2957 137 32 twelve
2193 2957 38 30 of
2253 2959 144 31 Gozzi's
2423 2959 116 39 plays,

552 3017 73 29 and
649 3017 73 30 had
747 3025 94 23 even
864 3019 67 29 the
955 3019 150 35 perusal
1129 3018 38 30 of
1190 3027 70 23 one
1284 3028 42 22 or
1349 3022 77 28 two
1451 3020 37 30 of
1499 3021 106 29 them
1629 3022 38 28 in
1694 3022 261 35 manuscript;
1979 3022 72 28 and
2076 3029 47 21 no
2147 3021 125 30 works
2289 3022 37 29 of
2348 3023 77 29 this
2449 3022 89 31 kind

552 3086 90 24 ever
664 3080 153 36 pleased
842 3089 58 22 me
923 3089 41 22 so
989 3083 135 28 much:
1148 3090 41 22 so
1212 3083 100 34 that,
1336 3084 111 29 when
1473 3084 13 28 I
1510 3091 77 22 saw
1611 3084 57 29 Mr
1693 3083 160 30 Garrick
1875 3084 123 37 there,
2022 3084 12 28 I
2070 3083 191 31 lamented
2286 3086 87 29 that
2395 3086 47 30 he
2476 3086 62 30 did

551 3143 68 28 not
642 3151 104 21 come
769 3144 38 27 in
833 3143 294 36 carnival-time,
1143 3144 86 30 that
1252 3145 46 29 he
1338 3145 123 37 might
1486 3146 92 30 have
1601 3154 91 21 seen
1727 3154 105 22 some
1863 3145 38 30 of
1922 3146 105 29 them
2060 3147 109 29 acted
2187 3156 9 27 ;
2220 3148 72 29 and
2317 3148 12 28 I
2354 3156 59 21 am
2451 3156 66 22 con-

550 3204 121 31 fident
695 3205 46 30 he
765 3205 125 31 would
915 3206 95 30 have
1033 3206 168 31 admired
1225 3208 69 29 the
1313 3207 221 39 originality
1557 3208 38 30 of
1618 3209 147 30 Gozzi's
1782 3210 151 35 genius,
1956 3209 67 29 the
2047 3210 101 29 most
2171 3209 232 37 wonderful,
2420 3211 39 29 in
2477 3220 61 29 my

548 3268 167 36 opinion,
753 3269 90 29 next
864 3268 273 37 Shakespeare,
1174 3269 87 31 that
1286 3278 90 23 ever
1414 3279 73 28 any
1512 3279 68 28 age
1620 3278 43 22 or
1688 3272 163 36 country
1884 3271 204 36 produced.
2112 3271 76 30 The
2213 3273 81 29 cast
2318 3272 37 30 of
2392 3274 144 31 Gozzi's

550 3331 102 28 mind
678 3330 103 31 leads
804 3332 76 29 him
903 3333 43 28 to
969 3331 120 30 strike
1106 3333 68 28 out
1198 3341 114 29 many
1336 3335 216 29 characters
1576 3336 73 28 and
1676 3335 133 36 beings
1844 3337 69 28 not
1934 3337 40 28 to
2010 3336 45 28 be
2078 3333 118 31 found
2220 3335 40 29 in
2285 3337 150 35 nature,
2460 3335 76 31 like

546 3392 87 29 that
656 3391 38 31 of
718 3393 153 30 Caliban
895 3394 37 29 in
955 3394 68 30 the
1039 3394 198 37 Tempest;
1262 3398 73 28 and
1358 3398 66 36 yet
1447 3399 100 28 most
1571 3396 153 30 natural
1751 3398 72 28 and
1848 3398 88 29 true
1960 3396 76 31 like
2060 3396 201 31 Caliban's.

616 3455 50 30 To
690 3455 59 30 his
772 3457 240 36 astonishing
1045 3465 147 28 powers
1230 3457 38 31 of
1292 3459 218 38 Invention,
1545 3467 40 22 so
1610 3468 88 22 rare
1736 3462 178 34 amongst
1949 3461 156 29 modern
2143 3461 122 35 poets,
2303 3462 111 31 Gozzi
2436 3462 99 36 joins

546 3520 111 33 great
672 3519 130 37 purity
825 3519 72 29 and
915 3518 104 31 force
1044 3519 39 30 of
1105 3519 200 39 language,
1322 3523 191 36 harmony
1539 3522 39 30 of
1593 3523 280 37 versification,
1896 3525 187 36 intricacy
2107 3522 36 30 of
2159 3522 94 37 plot,
2289 3523 246 38 multiplicity

546 3580 38 30 of
606 3581 203 38 incidents,
831 3582 231 37 probability
1086 3582 39 30 of
1148 3585 257 35 catastrophe,
1429 3586 150 38 variety
1603 3586 39 30 of
1665 3587 234 37 decoration,
1929 3588 73 29 and
2027 3594 112 30 many
2162 3587 112 29 other
2288 3586 246 31 excellencies

548 3646 178 35 expected
751 3646 39 29 in
824 3646 67 30 the
929 3647 158 30 modern
1123 3648 142 30 drama.
1291 3650 32 28 It
1358 3650 31 29 is
1413 3658 20 20 a
1458 3651 81 35 pity
1578 3650 87 29 that
1688 3650 78 29 this
1806 3651 141 28 author
1970 3649 110 31 could
2120 3657 115 22 never
2258 3650 45 29 be
2340 3650 193 36 prevailed

546 3716 100 29 upon
671 3711 40 28 to
735 3709 151 36 publish
904 3710 59 30 his
986 3709 119 38 plays.
1131 3712 53 29 He
1198 3711 67 30 has
1289 3712 165 30 resisted
1481 3714 67 28 the
1566 3714 201 35 strongest
1789 3713 234 31 solicitation
2048 3712 38 31 of
2103 3714 58 29 his
2185 3712 158 38 friends,
2366 3714 169 30 without

546 3771 130 37 giving
699 3779 75 29 any
797 3772 245 39 satisfactory
1058 3781 136 24 reason
1218 3775 60 30 for
1302 3776 59 29 his
1383 3777 177 29 aversion
1582 3777 42 28 to
1655 3777 94 29 such
1775 3785 20 21 a
1817 3777 249 36 publication.
2100 3779 110 28 Some
2235 3778 188 30 attribute
2441 3777 31 30 it
2495 3777 40 29 to

543 3834 58 32 his
614 3836 199 38 partiality
836 3836 60 31 for
918 3845 48 22 an
991 3839 159 36 actress,
1173 3841 42 28 to
1239 3839 125 30 whom
1389 3840 47 30 lie
1462 3840 124 31 leaves
1609 3840 69 30 the
1702 3838 139 37 profits
1863 3841 146 34 arising
2030 3840 97 30 from
2151 3841 103 30 their
2298 3841 211 30 exhibition
2528 3849 8 26 ;

142 1577 79 31 His
233 1578 99 31 first
344 1581 166 38 comedy

132 2254 83 32 Its
252 2264 246 23 success.

133 2504 110 32 The
285 2508 210 31 result.

125 3203 161 34 Gozzi's
329 3203 158 39 genius.
