2322 4120
2066 293 65 33 143

214 420 12 28 I
249 416 163 33 foretold
437 419 226 38 everything
686 420 87 29 that
794 418 92 38 they
908 416 122 31 would
1056 416 45 29 do

145 480 98 30 after
266 482 13 28 I
302 481 71 29 had
397 489 89 21 seen
509 482 66 29 the
598 480 89 32 first
711 480 217 30 movement
952 479 37 29 of
1011 478 90 29 each

146 552 124 21 scene.
314 545 12 27 I
355 544 71 29 had
449 545 41 28 to
515 543 109 30 make
663 552 47 22 no
736 542 143 31 mental
919 540 116 31 effort
1064 540 37 28 in

146 606 110 29 order
278 606 40 28 to
343 606 45 29 do
425 606 90 29 this,
541 607 31 28 it
608 614 77 22 was
722 614 39 21 as
799 604 148 38 though
987 604 12 28 I
1032 602 71 29 had

145 668 106 29 made
274 668 65 29 the
364 668 111 36 thing
499 668 133 37 myself
656 670 71 28 and
741 676 77 22 was
841 668 66 29 the
926 667 177 28 director.

144 731 22 16 44
185 731 83 29 Yes.
291 730 89 35 they
414 739 64 22 are
516 732 114 35 doing
667 731 33 30 it
736 731 78 36 just
851 738 39 21 as
915 730 12 28 I
952 727 151 30 wanted

144 792 105 29 them
273 793 40 29 to
337 793 59 29 do.
421 794 132 34 There,
591 794 66 29 she
681 794 31 29 is
746 793 156 35 putting
930 792 69 28 her
1022 796 80 22 arm

145 856 122 28 round
292 856 58 29 his
374 856 95 29 neck
498 857 79 36 just
607 865 40 21 as
685 857 12 29 I
720 855 81 30 told
840 855 68 29 her
945 853 59 29 for
1041 852 65 29 the

145 916 75 31 last
243 919 173 29 hundred
433 928 110 27 years
559 921 41 27 to
619 919 44 29 do
682 920 42 27 it.
741 918 120 29 There
876 917 8 28 !
910 917 78 35 just
1004 915 104 30 what

145 981 12 28 I
181 983 179 34 expected
376 991 9 25 ;
409 983 46 28 he
491 982 32 29 is
548 981 171 36 drawing
736 979 153 30 himself
914 987 48 27 up
986 980 40 28 to
1046 977 59 29 his

146 1042 68 30 full
240 1044 133 35 height
449 1045 72 29 and
545 1052 41 22 so
611 1051 62 22 on;
1061 1046 45 24 &

147 1112 45 24 &
221 1107 73 29 But
327 1108 13 27 I
376 1115 58 21 am
469 1105 233 38 ungrateful,
738 1106 12 28 I
785 1112 76 22 was
895 1103 213 37 forgetting

148 1169 89 29 that
261 1170 12 27 I
296 1171 66 34 got
385 1169 66 30 the
475 1168 122 30 whole
621 1168 112 36 thing
755 1166 59 31 for
837 1168 59 34 3d,
926 1166 122 29 which
1077 1166 30 28 is

151 1232 119 28 about
292 1232 105 28 what
414 1232 32 29 it
469 1232 31 29 is
524 1231 137 29 worth.
720 1235 45 25 &

216 1293 81 30 And
321 1296 67 34 yet
406 1294 78 28 this
500 1295 31 27 is
549 1294 67 28 not
632 1293 66 29 the
716 1293 124 29 entire
858 1291 124 30 truth.
998 1291 109 29 Some

148 1355 38 30 of
207 1357 66 28 the
298 1356 261 36 performance
583 1356 31 29 is
639 1355 124 30 worth
789 1354 109 29 much
924 1360 116 23 more.

152 1429 213 38 Japanese
388 1429 188 37 Playeis.
675 1434 45 24 &
934 1432 47 26 4?
1064 1432 45 24 &

154 1491 189 63 J-Janako
378 1491 66 30 has
471 1493 94 28 been
601 1492 89 29 here
713 1491 94 29 with
853 1490 68 29 her
960 1496 125 28 compa-

223 1555 123 29 nions.
370 1554 75 30 The
472 1554 239 29 Florentines
737 1561 100 21 were
866 1552 68 29 not
958 1552 150 28 curious

148 1617 118 29 about
288 1617 119 29 them.
425 1616 101 37 They
541 1617 107 29 acted
673 1617 76 28 two
774 1614 101 30 little
899 1615 150 28 dramas
1063 1614 47 36 by

150 1679 191 35 Loi-Fu,...
366 1681 45 35 (is
433 1680 87 29 that
542 1679 110 30 short
684 1677 59 31 for
780 1679 85 29 Loie
897 1676 211 36 Fuller?)...

149 1742 75 29 and
249 1743 108 28 acted
382 1743 106 28 them
513 1749 90 30 very
618 1740 107 37 badly
748 1740 60 30 for
823 1741 118 34 Japan
961 1739 68 29 but
1045 1738 43 29 ad-

150 1804 159 38 mirably
332 1804 60 30 for
416 1804 160 35 Europe.
724 1808 45 24 &

228 1869 76 29 The
339 1876 86 21 men
459 1874 100 22 were
594 1867 126 28 better
742 1865 93 29 than
860 1865 65 28 the
948 1870 160 23 women.

150 1931 102 37 They
284 1931 148 29 seemed
469 1930 126 29 better
628 1929 40 28 to
705 1926 233 30 understand
966 1926 73 28 and
1063 1925 45 28 do

152 2002 102 21 more
279 1994 147 28 honour
449 1994 40 28 to
513 1992 66 30 the
604 1991 193 30 centuries
822 1989 138 29 behind
987 1988 123 33 them;

150 2057 92 36 they
265 2056 203 36 suggested
494 2056 112 33 art,...
631 2052 29 30 if
682 2054 91 36 they
797 2053 61 28 did
887 2053 68 28 not
977 2058 111 28 perpe-

151 2119 103 30 trate
292 2119 42 29 it.
373 2119 76 29 The
487 2118 133 35 ladies,
658 2124 47 22 on
743 2116 66 29 the
847 2115 111 29 other
996 2113 113 35 hand,

150 2182 136 29 kicked
312 2189 90 22 over
425 2181 64 29 the
1066 2183 45 24 <£?

150 2250 44 24 &
228 2244 75 30 The
336 2244 111 35 thing
481 2243 123 29 which
639 2243 99 28 most
771 2239 134 30 struck
942 2248 57 20 me
1033 2247 77 22 was

147 2306 104 29 their
274 2306 195 29 Incessant
485 2305 203 35 chatter,...
705 2304 71 28 and
795 2303 103 28 their
915 2301 89 37 long
1019 2309 69 28 pau-

148 2376 60 22 ses
226 2369 139 35 during
381 2368 123 29 which
522 2366 161 36 nothing
700 2373 76 22 was
798 2365 78 29 said
901 2365 72 28 and
999 2365 110 27 much

150 2432 111 28 done.
286 2431 13 29 I
334 2431 199 34 compared
570 2430 30 28 it
633 2428 94 30 with
761 2435 70 22 our
865 2426 174 30 methods
1074 2425 38 30 of

150 2493 188 36 drawling
371 2492 48 30 all
453 2492 67 29 the
544 2492 95 28 time
663 2491 72 29 and
759 2490 113 36 doing
895 2497 91 28 very
1011 2488 99 30 little

150 2556 89 30 else.
263 2556 171 29 Another
467 2556 111 35 thing
612 2554 122 29 which
767 2552 150 37 pleased
954 2559 57 21 me
1035 2559 76 21 was

148 2620 104 28 their
276 2619 147 29 disdain
448 2617 37 29 of
507 2614 277 40 psychological
818 2613 217 37 expression
1065 2614 46 36 by

152 2689 129 22 means
306 2680 37 30 of
365 2680 81 30 face
471 2688 42 21 or
536 2681 118 29 voice.
672 2678 134 30 Action
823 2686 78 21 was
924 2676 58 31 for
1006 2678 104 28 them

149 2745 65 28 the
250 2742 206 38 beginning
490 2743 72 29 and
598 2742 70 29 end
705 2740 36 31 of
776 2742 189 33 Drama,...
1000 2749 41 21 as
1075 2739 37 30 of

152 2813 132 22 course
309 2806 32 28 it
364 2805 44 30 is.

1013 2805 33 29 J.
1072 2805 40 31 B.

151 2871 119 30 Mimi
293 2871 214 38 Aguglia's
531 2871 97 30 New
653 2871 245 38 Departure.

152 2933 78 62 M
245 2934 64 29 imi
362 2933 160 37 Aguglia
559 2935 65 29 has
670 2935 96 28 been
830 2935 89 28 here
985 2934 126 36 again,

252 2996 79 30 this
367 2998 94 29 time
496 2998 92 28 with
621 3005 104 22 some
764 2999 156 28 modern
966 2997 146 30 French

151 3059 105 38 plays
279 3060 120 30 added
423 3062 40 28 to
489 3061 67 29 her
580 3060 224 36 repertoire.
837 3060 30 29 A
889 3061 110 36 great
1020 3061 92 36 pity.

152 3124 34 29 It
219 3123 31 29 is
284 3123 162 30 another
479 3124 24 15 44
527 3123 204 36 departure
822 3122 38 30 of
903 3123 100 30 hers;
1039 3123 74 30 The

153 3187 112 28 other
288 3194 76 21 was
388 3186 111 29 when
532 3186 67 29 she
633 3184 70 31 left
736 3186 64 29 the
835 3186 277 36 distinguished

152 3249 167 36 position
364 3248 37 30 of
457 3250 152 34 leading
666 3248 86 37 lady
811 3249 120 29 under
978 3248 137 37 Signor

155 3313 150 29 Grasso.

219 3376 32 28 It
273 3382 157 28 appears
458 3375 86 29 that
576 3375 67 29 she
678 3374 89 29 does
802 3375 67 28 not
902 3373 75 30 like
1002 3374 114 35 being

151 3437 119 31 ealled
295 3446 21 20 a
350 3437 153 30 Sicilian
540 3438 170 33 actress;
742 3437 66 29 she
843 3438 121 28 wants
998 3438 40 28 to
1071 3437 44 29 be

150 3499 190 31 mistaken
363 3499 60 30 for
456 3508 47 22 an
539 3499 134 30 Italian
708 3501 145 28 actress
886 3507 43 21 or
963 3506 94 23 even
1096 3507 21 20 a

150 3563 196 36 European
371 3563 156 29 actress.
551 3561 112 30 What
684 3561 66 29 the
763 3560 206 31 difference
983 3562 31 29 is
1028 3561 88 29 does

148 3627 68 28 not
237 3633 102 22 seem
363 3626 105 36 quite
491 3623 114 31 clear.
731 3629 45 25 &
1073 3630 45 25 &

214 3688 120 30 These
359 3689 22 16 44
406 3688 226 35 departures
716 3685 29 30 if
769 3687 168 36 natural,
973 3695 64 21 are
1072 3688 40 28 in

151 3753 70 29 bad
258 3752 114 29 taste.
408 3752 69 28 Yet
512 3751 93 36 they
642 3757 63 22 are
750 3749 162 37 nothing
948 3757 84 22 new
1080 3750 39 28 in

151 3815 67 30 the
242 3816 107 36 story
372 3812 39 31 of
433 3821 147 23 women
616 3821 48 22 on
687 3813 66 29 the
777 3813 120 36 stage.
921 3813 33 29 It
976 3813 32 29 is
1030 3812 73 37 piti-

1165 414 56 31 ful
1244 416 41 30 to
1309 416 90 30 read
1430 418 38 29 in
1503 419 66 29 the
1605 419 145 37 history
1773 419 38 30 of
1833 420 65 30 the
1917 420 154 31 theatre
2094 421 37 30 of

1166 479 65 28 the
1255 479 144 30 wrecks
1422 488 145 22 women
1593 482 94 30 have
1712 484 107 28 made
1844 482 37 30 of
1904 491 112 28 many
2032 485 97 34 good

1169 541 238 35 managereal
1442 543 105 36 ships
1580 544 122 29 which
1726 545 210 36 attempted
1954 547 40 27 to
2017 546 113 29 reach

1168 602 66 28 the
1258 601 211 32 Fortunate
1494 604 156 31 Islands.
1914 613 217 26 &j&

1238 664 75 30 The
1338 665 177 30 histories
1540 666 38 30 of
1600 668 66 29 the
1691 669 240 32 Restoration
1956 671 120 36 stage,
2094 669 38 31 of

1170 727 188 29 Garricks'
1382 735 17 22 s
1433 729 201 30 theatrical
1670 729 79 36 life,
1783 730 39 30 of
1855 732 68 29 the
1957 733 173 29 Comedie

1404 790 37 30 of
1463 791 66 29 the
1553 792 160 29 German
1738 793 107 36 stage
1870 795 37 28 in
1930 795 66 29 the
2021 795 89 37 Eigh-

1169 851 135 30 teenth
1329 854 161 35 century
1514 854 71 28 and
1612 854 37 29 of
1673 854 131 38 nearly
1835 863 113 31 every
1971 856 160 32 Theatre

1170 915 103 28 since
1298 923 146 21 women
1468 915 89 30 first
1580 918 181 29 tendered
1785 919 105 28 their
1924 921 207 29 assistance

1170 977 38 29 in
1232 978 64 29 the
1321 978 139 30 middle
1482 980 89 35 part
1594 980 37 29 of
1664 981 65 28 the
1763 981 257 31 Seventeenth
2045 991 66 22 cen-

1170 1041 105 36 tury,
1310 1042 151 28 contain
1496 1042 65 28 the
1596 1044 154 28 records
1785 1042 38 30 of
1856 1046 67 28 the
1958 1046 175 30 methods

1171 1102 195 38 employed
1392 1105 46 36 by
1461 1112 145 22 women
1630 1107 40 28 to
1695 1107 131 29 harass
1849 1108 66 28 the
1950 1107 183 32 different

1171 1168 287 34 managements
1482 1169 72 28 and
1571 1169 66 28 the
1656 1176 149 23 success
1829 1170 90 37 they
1942 1172 189 30 achieved.

1173 1234 45 24 <£?
1241 1230 169 33 Woman,
1436 1229 199 36 beautiful,
1653 1231 109 30 noble
1787 1234 72 27 and
1884 1233 184 30 unselfish
2092 1242 41 22 as

1170 1292 66 29 she
1260 1291 104 30 often
1389 1293 30 28 is
1442 1292 39 29 in
1497 1292 98 37 daily
1609 1293 79 35 life,
1702 1295 31 29 is
1757 1303 19 20 a
1790 1295 195 30 continual
2001 1296 132 30 threat

1171 1355 40 27 to
1234 1354 65 29 the
1324 1355 188 29 existence
1547 1354 38 30 of
1611 1356 62 29 art
1705 1356 39 29 in
1768 1357 64 30 the
1865 1358 164 36 theatre,
2058 1359 73 30 and

1171 1415 78 30 also
1273 1417 41 28 to
1351 1418 65 28 the
1453 1416 206 31 successful
1685 1416 279 41 (management
2001 1420 37 30 of
2066 1422 66 29 the

1171 1479 164 30 theatre.
1918 1489 45 24 jg/
2088 1488 44 25 j&

1241 1542 118 29 Those
1382 1543 83 28 who
1496 1550 64 22 are
1583 1544 166 36 thought
1771 1546 40 27 to
1836 1545 44 29 be
1914 1546 65 29 the
2002 1554 110 27 excep-

1171 1606 155 35 tions,...
1349 1606 67 28 the
1471 1606 109 35 great
1624 1614 168 22 names...
1837 1615 77 29 are,
1949 1607 90 37 alas,
2066 1608 65 29 the

1171 1669 118 27 worst
1313 1667 204 31 offenders.
1576 1674 44 24 &
1746 1676 44 24 jg/
2088 1677 45 25 &

1172 1735 44 24 &
1239 1729 89 30 This
1350 1731 32 28 is
1407 1732 67 27 not
1498 1738 94 28 open
1617 1732 39 29 to
1670 1733 217 35 argument,
1903 1731 59 30 for
1986 1732 145 38 history

1170 1790 90 31 tells
1284 1799 44 22 us
1350 1792 66 30 the
1438 1791 97 31 facts
1559 1792 141 38 plainly
1723 1794 164 36 enough.
1912 1794 76 29 The
2006 1794 106 30 unsel-

1171 1854 75 30 fish
1284 1862 144 22 women
1468 1856 151 28 become
1655 1856 65 29 the
1758 1858 100 28 most
1889 1855 143 38 selfish,
2070 1857 66 29 the

1174 1918 100 28 most
1307 1917 212 36 egotistical
1545 1919 122 28 under
1700 1919 65 28 the
1790 1917 190 31 influence
2004 1918 39 31 of
2072 1920 65 29 the

1173 1980 126 35 public
1321 1979 192 36 applause.

1239 2042 101 37 They
1363 2042 79 30 lose
1465 2043 102 29 their
1590 2043 155 31 heads...
1770 2044 73 29 and
1874 2044 93 29 such
2001 2044 129 37 pretty

1176 2104 118 29 heads
1319 2104 78 29 too.
1422 2105 33 29 It
1477 2105 31 29 is
1543 2113 20 21 a
1587 2107 108 34 great
1717 2105 104 37 pity:
1855 2106 32 29 it
1910 2106 31 29 is
1975 2114 21 21 a
2029 2107 109 35 great

1176 2166 181 38 calamity
1378 2166 61 31 for
1461 2168 65 29 the
1543 2169 120 35 stage.
1749 2173 45 25 &
1921 2174 45 25 &

1172 2236 44 24 &
1239 2229 50 29 To
1314 2230 151 29 achieve
1489 2230 66 29 the
1580 2229 140 30 reform
1745 2229 38 31 of
1805 2232 65 28 the
1895 2231 175 36 Theatre,
2094 2232 39 29 to

1175 2292 110 36 bring
1303 2293 29 28 it
1350 2292 82 29 into
1448 2293 66 29 the
1531 2293 196 30 condition
1743 2300 199 30 necessary
1965 2292 60 30 for
2051 2294 32 28 it
2097 2294 41 29 to

1176 2356 149 28 become
1358 2363 21 21 a
1412 2354 77 30 fine
1524 2356 72 34 art,
1627 2356 67 29 the
1729 2364 145 21 women
1911 2356 103 29 must
2045 2356 93 29 have

1173 2415 87 30 first
1284 2416 70 30 left
1376 2417 51 29 its
1455 2418 129 29 board.
1618 2418 13 28 I
1656 2417 126 30 arrive
1818 2419 39 28 at
1884 2418 78 30 this
1987 2417 131 30 conclu-

1174 2478 84 29 sion
1282 2478 88 30 first
1392 2479 168 36 through
1584 2488 60 28 my
1656 2480 114 37 study
1794 2479 37 30 of
1853 2481 65 28 the
1931 2481 107 35 stage
2065 2481 73 29 and

1174 2540 180 38 secondly
1376 2542 160 29 because
1554 2540 38 30 of
1606 2549 61 30 my
1681 2542 228 30 admiration
1921 2544 72 28 and
2008 2541 132 31 know-

1180 2603 106 36 ledge
1310 2603 37 29 of
1369 2603 254 30 womankind.

2041 2606 34 29 J.
2098 2606 37 29 S.

1175 2664 179 38 English
1408 2664 142 32 Actors
1573 2666 66 29 tor
1660 2665 204 31 Florence.

1182 2726 108 65 ''jphe
1324 2728 251 30 Florentines
1611 2736 65 22 are
1713 2730 69 28 not
1818 2728 112 37 badly
1965 2728 175 37 disposed

1255 2792 170 28 towards
1446 2791 66 29 the
1537 2792 185 35 proposed
1747 2791 92 30 visit
1862 2791 36 29 of
1924 2799 47 21 an
1986 2791 155 36 English

1176 2861 183 30 company
1380 2855 40 28 to
1445 2853 103 30 their
1571 2854 75 36 city
1662 2854 73 29 and
1759 2855 59 28 Mr
1834 2853 141 30 Collins
1998 2853 136 30 should

1176 2917 46 29 be
1246 2917 235 36 encouraged
1515 2918 47 36 by
1596 2916 89 30 this.
1709 2915 48 31 As
1790 2915 61 31 for
1883 2916 67 30 the
1985 2915 153 37 English

1177 2978 146 37 colony,
1346 2979 32 28 it
1390 2979 32 29 Is
1445 2978 151 38 playing
1620 2979 148 36 Bridge.
1791 2978 50 30 To
1854 2978 91 30 visit
1961 2977 178 30 Florence

1176 3041 39 29 in
1249 3041 112 29 order
1383 3043 40 28 to
1458 3041 108 30 make
1601 3049 135 29 money
1771 3041 126 30 either
1931 3041 39 29 at
2004 3041 136 36 Bridge

1177 3111 43 22 or
1242 3104 38 28 in
1305 3103 234 31 Theatricals
1562 3104 32 30 is
1618 3103 185 37 certainly
1830 3111 47 22 an
1902 3104 95 34 idea,
2021 3104 72 28 and
2110 3102 30 30 if

1178 3174 146 28 anyone
1348 3174 67 22 can
1440 3167 152 29 achieve
1607 3174 149 22 success
1772 3165 39 30 in
1836 3165 124 29 either
1975 3166 165 29 venture

2038 3229 38 31 E.
2101 3229 39 29 C.

1178 3229 32 30 it
1232 3229 31 30 is
1286 3229 66 29 the
1377 3229 168 37 English.

1315 3300 706 56 BERLIN

1183 3374 228 31 Reiuhardt
1434 3375 44 30 in
1505 3375 65 30 the
1593 3375 124 37 Ring.
1837 3380 45 24 &

1411 3438 185 33 Reinhart
1617 3438 79 35 has,
1719 3436 94 30 with
1843 3437 66 29 the
1933 3436 59 29 aid
2017 3444 43 21 or
2081 3443 40 22 se-

1249 3500 101 32 veral
1399 3501 112 29 other
1557 3501 146 33 artists,
1759 3499 188 36 produced
1971 3507 21 21 a
2015 3499 105 28 trans-

1181 3563 120 30 lation
1340 3561 38 31 of
1411 3563 66 28 the
1515 3560 154 37 (Bdipus
1717 3559 38 31 of
1791 3560 202 36 Sophocles
2032 3561 40 28 at
2119 3568 21 21 a

1183 3625 128 30 Berlin
1345 3626 182 29 Circus....
1564 3624 73 29 and
1676 3630 187 30 everyone
1886 3623 84 29 who
2004 3621 137 30 wishes

1183 3688 66 30 the
1273 3688 161 29 German
1457 3686 163 30 Theatre
1636 3685 83 30 well
1743 3686 31 29 is
1790 3684 194 37 disgusted
2010 3685 46 35 by
2070 3683 67 29 the

1184 3748 274 38 performance.
1585 3753 45 25 &
2096 3749 45 25 &

1185 3817 45 25 &
1256 3811 212 31 Whenever
1489 3810 66 30 the
1578 3810 202 35 Managers
1807 3807 38 31 of
1867 3807 78 30 this
1980 3807 161 29 German
