2214 2816
589 707 397 44 NAERRISCHE
1024 701 299 42 TRAEUME

894 905 86 27 Heute
1000 900 87 29 Nacht
1105 902 112 24 träumte
1237 899 55 31 mir,
1313 899 40 26 ich
1374 900 60 26 hielt

893 950 59 25 Den
972 944 83 29 Mond
1075 945 25 26 in
1121 944 46 25 der
1187 942 86 32 Hand,

894 993 60 26 Wie
975 991 55 25 eine
1050 988 90 36 grofse
1160 986 97 35 goldne
1277 986 171 36 Kegelkugel,

893 1036 62 28 Und
974 1032 82 28 schob
1077 1032 43 26 ihn
1139 1031 40 25 ins
1199 1029 76 27 Land

893 1081 47 27 Als
961 1078 55 36 galt
1036 1085 28 18 es
1084 1075 48 26 alle
1153 1075 99 25 Neune.

891 1125 37 26 Er
948 1121 69 28 warf
1033 1121 72 26 einen
1126 1117 84 28 Wald
1231 1126 51 23 um,
1303 1117 56 26 eine
1381 1117 51 27 alte
1454 1118 130 34 Scheune,

891 1166 72 29 Zwei
983 1164 111 28 Kirchen
1116 1162 44 26 mit
1181 1165 69 22 samt
1270 1160 52 27 den
1342 1161 124 32 Küstern,
1489 1171 16 17 o
1526 1163 65 32 weh,

892 1211 62 28 Und
973 1209 72 27 rollte
1065 1208 24 25 in
1110 1206 41 26 die
1171 1204 59 27 See.

889 1383 88 26 Heute
996 1379 87 27 Nacht
1103 1379 111 24 träumte
1234 1375 53 31 mir,
1309 1374 41 26 ich
1370 1375 69 26 warf

890 1429 60 25 Den
971 1423 83 29 Mond
1074 1423 39 26 ins
1133 1421 81 26 Meer.

889 1471 50 27 Die
959 1468 94 28 Fische
1073 1466 32 26 all
1126 1463 163 31 erschraken,
1309 1462 54 26 und
1384 1462 41 27 die
1447 1463 105 27 Wellen

889 1514 129 36 Spritzten
1039 1509 93 27 umher

889 1557 61 29 Und
972 1555 116 27 löschten
1110 1552 48 27 alle
1178 1551 101 27 Sterne.

889 1601 61 28 Und
971 1601 56 25 eine
1047 1598 115 30 Stimme,
1182 1604 70 27 ganz
1272 1603 48 18 aus
1342 1594 46 26 der
1408 1595 93 32 Ferne,

888 1645 101 29 Schalt:
1010 1644 67 26 Wer
1098 1644 87 33 pustet
1205 1640 48 26 mir
1273 1640 68 25 mein
1363 1639 74 26 Licht
1458 1640 66 26 aus?

883 1692 67 34 Jetzt
970 1689 45 26 ists
1036 1685 95 28 dunkel
1152 1684 34 27 im
1207 1684 83 26 Haus.

886 1856 86 27 Heute
991 1850 87 29 Nacht
1097 1852 112 24 träumte
1233 1848 54 32 mir,
1308 1856 29 18 es
1358 1856 56 18 war

886 1897 172 30 Stockfinster
1077 1894 79 34 rings.

885 1945 44 26 Da
949 1942 61 26 kam
1029 1947 56 19 was
1105 1938 61 25 leise
1188 1936 47 26 auf
1254 1935 67 27 mich
1341 1944 183 27 zugegangen,

886 1988 60 26 Wie
967 1984 47 27 auf
1031 1982 89 27 Zehen
1138 1981 86 35 gings.

884 2033 44 26 Da
948 2028 69 27 wollt
1037 2026 40 27 ich
1098 2025 66 27 mich
1185 2023 163 32 verstecken,

884 2074 130 35 Stolperte
1035 2070 64 27 über
1119 2069 51 26 den
1190 2067 88 32 Wald,
1300 2067 64 26 über
1386 2067 40 27 die
1447 2069 122 27 Scheune

1375 2121 50 18 vor
1446 2113 156 33 Schrecken,

884 2158 73 33 Über
977 2161 40 27 die
1038 2159 113 27 Kirchen
1171 2157 45 26 mit
1236 2160 70 23 samt
1328 2156 52 28 den
1400 2157 122 33 Küstern,

1376 2211 16 17 o
1413 2202 65 32 weh,

883 2251 62 28 Und
965 2249 40 26 fiel
1026 2249 24 26 in
1071 2247 39 27 die
1131 2247 60 27 See.

234 2300 103 20 UIUMU,,
347 2309 55 10 STUO.E

1017 2415 0 0 101
