3358 4572
606 444 46 34 14

1586 442 138 37 DER
1769 442 136 37 ZWE
1925 442 30 37 E
1976 443 140 36 MAN
2138 443 34 36 N

3006 901 36 31 C.
3060 901 55 40 Sp.

602 585 113 37 Nach
756 586 134 37 dieser
924 585 465 49 Kunstvergewaltigung
1428 587 124 37 bleibt
1585 587 101 37 auch
1720 587 106 37 beim

601 647 276 37 literarischen
927 647 99 36 Film
1072 658 75 25 nur
1186 647 72 37 der
1301 647 185 47 blutigste
1533 648 294 37 Naturalismus

601 708 128 48 übrig.
759 709 52 37 So
831 708 95 37 muß
944 708 113 47 jeder
1077 708 346 45 „Theater“-Film
1442 720 79 27 von
1541 710 115 37 allem
1676 710 125 37 Künst-

601 770 200 37 lerischen
846 769 317 47 hinwegführen.
1229 770 90 37 Von
1364 772 112 35 einer
1515 771 118 37 Form
1674 773 49 35 ist
1762 773 63 36 nie

602 832 64 36 die
701 831 128 46 Rede;
870 832 64 36 die
971 831 217 48 Handlung
1227 833 49 36 ist
1315 832 109 37 alles.
1482 832 92 38 Und
1607 834 72 36 der
1712 834 115 36 naive

601 892 234 37 Zuschauer
863 892 132 48 glaubt
1024 894 63 36 ein
1119 893 244 38 Kunstwerk
1390 905 49 26 zu
1468 894 138 37 sehen.

599 954 87 36 Wir
718 954 146 36 wollen
898 954 88 36 hier
1021 954 108 38 nicht
1162 955 100 37 über
1296 955 64 37 die
1393 955 308 39 verderblichen
1733 956 71 37 Ein-

599 1015 123 38 flüsse
756 1015 184 37 finsterer
969 1016 358 47 Filmhandlungen
1362 1025 146 30 zetern.
1566 1018 51 37 Es
1646 1017 79 48 gibt
1753 1019 75 36 seit

600 1078 157 46 einigen
779 1076 152 47 Jahren
957 1077 129 47 Dinge
1116 1079 53 35 im
1200 1078 259 37 öffentlichen
1486 1079 148 47 Leben,
1663 1080 64 36 die
1757 1079 70 36 das

600 1138 108 37 Volk
735 1138 80 37 viel
845 1138 260 48 gründlicher
1134 1140 343 37 demoralisieren.

601 1199 85 37 Wir
718 1199 148 37 wollen
900 1200 100 37 auch
1036 1200 108 37 nicht
1178 1201 69 36 das
1279 1201 105 37 Kino
1419 1201 117 37 allein
1572 1201 66 38 für
1666 1202 65 37 die
1760 1213 44 36 ge-

600 1260 327 38 schmacklichen
974 1262 80 36 und
1094 1262 242 38 kulturellen
1378 1263 274 48 Verirrungen
1691 1265 137 36 weiter

601 1322 143 38 Kreise
772 1323 322 37 verantwortlich
1124 1324 180 37 machen.
1360 1324 117 37 Denn
1507 1325 65 37 die
1601 1325 226 48 Vergehen,

600 1385 64 36 die
699 1395 80 26 von
814 1386 132 35 einem
978 1383 151 48 großen
1159 1385 87 37 Teil
1277 1385 71 37 der
1377 1385 269 49 Tagespresse
1676 1387 82 37 und
1787 1389 39 35 in

601 1456 173 37 engeren
795 1445 172 37 Kreisen
987 1446 123 37 selbst
1131 1458 74 26 von
1225 1446 200 48 zünftigen
1446 1448 358 48 Kunstgeschichts-

600 1508 257 46 professoren
889 1517 60 26 am
975 1507 243 38 keimenden
1244 1509 135 36 Leben
1404 1510 111 36 einer
1540 1521 129 26 neuen
1697 1510 130 37 Kunst

600 1568 197 38 vollführt
824 1569 176 46 werden,
1029 1570 90 36 sind
1148 1570 79 37 viel
1257 1571 315 37 verderblicher.

600 1630 85 37 Wir
714 1630 162 37 können
906 1630 65 37 die
1000 1630 423 50 Weiterentwicklung
1453 1633 73 37 der
1550 1633 129 48 Dinge
1709 1633 118 48 ruhig

600 1699 205 30 erwarten.
864 1691 112 38 Alles
1016 1692 64 37 hat
1119 1695 111 35 seine
1263 1693 389 49 Voraussetzungen.
1712 1695 114 36 Auch

600 1754 70 36 das
706 1753 119 41 Kino.
889 1754 51 36 Es
978 1754 100 36 wird
1117 1756 69 34 mit
1225 1754 120 38 ihnen
1386 1755 86 37 sich
1513 1756 180 37 wandeln
1729 1757 98 36 oder

598 1814 214 47 vergehen.
863 1815 86 36 Wir
967 1815 202 38 brauchen
1195 1817 110 36 diese
1324 1817 374 48 Voraussetzungen
1719 1818 108 37 nicht

599 1876 145 36 einmal
783 1888 48 24 zu
872 1876 283 37 untersuchen.
1221 1877 77 37 Die
1337 1877 231 39 kosmische
1606 1879 219 37 Harmonie

599 1937 189 47 reguliert
817 1938 63 36 die
912 1938 142 47 Dinge.

597 1998 61 47 Ja,
681 2001 72 35 wir
777 1998 147 38 dürfen
948 2010 115 36 sogar
1087 2001 38 35 in
1150 2001 64 35 ein
1235 2000 106 37 Kino
1366 2001 128 47 gehen
1513 2003 82 36 und
1616 2013 74 26 uns
1710 2002 115 37 dabei

600 2071 266 36 ausspannen,
906 2060 240 38 erleichtern
1181 2062 99 36 oder
1312 2065 239 35 amüsieren.
1612 2064 89 36 Wie
1736 2075 90 25 man

599 2121 56 37 als
690 2123 185 46 geistiger
911 2122 169 37 Mensch
1120 2123 265 47 gelegentlich
1421 2126 68 35 mit
1522 2124 303 49 Wohlbehagen

599 2184 89 35 eine
725 2182 217 38 Kriminal-
978 2184 99 36 oder
1111 2184 415 47 Indianergeschichte
1562 2186 110 37 lesen
1708 2187 118 47 kann,

599 2244 65 37 die
687 2255 96 36 ganz
808 2245 68 36 auf
897 2245 69 37 das
993 2244 369 48 Gegenständliche
1386 2247 221 46 eingestellt
1632 2250 60 35 ist.
1733 2248 93 37 Man

598 2305 96 38 muß
729 2317 43 25 es
805 2307 210 46 geradezu,
1049 2318 66 25 um
1151 2309 118 35 einen
1298 2307 216 48 Ausgleich
1549 2321 48 24 zu
1631 2308 195 38 schaffen.

598 2367 140 37 Zumal
769 2378 89 27 man
888 2368 109 37 nicht
1021 2370 143 35 immer
1189 2369 64 37 die
1279 2369 262 47 Möglichkeit
1565 2370 99 36 oder
1690 2372 39 34 in
1755 2370 48 36 Er-

598 2429 239 47 mangelung
876 2431 112 35 eines
1022 2429 239 48 Brownings
1300 2431 65 36 die
1402 2431 183 47 Neigung
1622 2431 76 47 hat,
1731 2443 97 35 ganz

598 2492 221 45 ungeistige
845 2492 231 36 Abenteuer
1105 2492 230 47 persönlich
1364 2504 48 24 zu
1438 2492 204 38 bestehen.

598 2552 87 37 Wir
724 2552 161 37 können
921 2553 69 36 das
1021 2552 106 37 Kino
1162 2552 115 38 leben
1313 2553 130 38 lassen
1479 2554 81 37 und
1590 2554 122 37 selbst
1735 2566 69 26 ver-

598 2615 120 46 gnügt
748 2615 69 36 mit
846 2614 80 36 und
957 2616 38 35 in
1026 2614 82 37 ihm
1139 2615 129 37 leben.

600 2675 84 36 Wir
724 2674 145 38 dürfen
910 2686 43 27 es
993 2687 74 25 nur
1106 2676 108 37 nicht
1249 2676 65 37 für
1348 2678 88 36 eine
1472 2678 249 47 Pflegestätte
1757 2679 71 37 der

600 2735 130 38 Kunst
754 2736 144 38 halten.
948 2737 93 38 Und
1067 2738 258 37 Kunstersatz
1480 2740 22 36 ?
1553 2739 87 37 Wir
1663 2742 163 35 müssen

603 2798 71 36 der
703 2798 240 48 Anmaßung
972 2799 71 37 des
1069 2799 128 37 Kinos
1226 2808 334 39 entgegentreten.

601 2859 108 37 Aber
743 2860 48 36 da
825 2871 43 26 es
897 2862 61 45 ist,
988 2860 200 38 erscheint
1217 2873 42 25 es
1289 2862 56 37 als
1375 2862 185 47 nützlich,
1589 2863 85 37 sich
1705 2863 123 37 näher

602 2923 69 35 mit
701 2921 80 37 ihm
806 2933 48 25 zu
878 2921 197 39 befassen.
1131 2923 66 36 Sei
1226 2934 56 35 es,
1306 2934 66 26 um
1397 2925 111 35 seine
1533 2923 294 39 künstlerische

604 2982 328 48 Unmöglichkeit
983 2984 80 36 und
1108 2986 111 35 seine
1264 2986 204 46 sonstigen
1513 2985 314 48 Möglichkeiten

601 3045 143 36 immer
764 3044 224 37 deutlicher
1005 3057 47 24 zu
1073 3045 218 38 erkennen.
1321 3046 64 37 Sei
1406 3057 42 26 es
1466 3058 70 25 aus
1550 3047 277 47 allgemeinem

602 3106 197 36 Interesse
835 3117 47 25 an
917 3109 111 35 einer
1066 3107 289 48 Erscheinung,
1386 3108 64 37 die
1480 3107 214 39 fabelhafte
1723 3110 84 36 tech-

602 3167 139 37 nische
767 3168 255 47 Leistungen,
1046 3168 285 38 verblüffende
1352 3169 375 38 Geschicklichkeit
1746 3172 81 36 und

607 3229 270 47 hochwertige
898 3229 205 47 Fähigkeit
1125 3229 70 38 auf
1209 3229 132 38 vielen
1363 3230 201 38 Gebieten
1583 3231 71 36 des
1675 3231 157 39 Lebens

605 3292 38 34 in
673 3290 86 37 sich
789 3290 182 38 schließt.

603 3352 60 36 Zu
692 3351 168 38 alledem
892 3353 160 36 verhilft
1082 3364 73 26 uns
1186 3353 133 37 dieses
1348 3355 38 35 in
1412 3355 134 36 seiner
1569 3354 71 37 Art
1665 3354 142 38 bedeut-

602 3424 108 25 same
746 3414 124 36 Werk
912 3414 135 36 Urban
1088 3414 125 47 Gads,
1254 3415 70 37 der
1364 3417 69 35 mit
1467 3416 180 36 offenbar
1680 3418 125 45 gründ-

602 3473 163 38 lichster
789 3474 293 39 Sachkenntnis
1112 3477 81 36 und
1224 3478 38 35 in
1293 3477 142 46 klarer,
1460 3476 227 38 fesselnder
1712 3478 116 37 Form

603 3536 72 36 der
712 3536 266 48 Schilderung
1018 3538 81 36 und
1139 3537 221 48 Erklärung
1397 3539 99 36 über
1533 3539 96 36 alles
1666 3540 164 46 spricht,

603 3607 79 26 was
720 3599 69 35 mit
824 3599 91 36 dem
946 3598 98 38 Film
1082 3600 366 47 zusammenhängt.
1503 3600 86 37 Wir
1624 3601 205 37 erkennen

603 3659 65 36 die
697 3659 123 46 große
841 3659 237 49 Bedeutung
1108 3661 71 36 des
1205 3661 122 36 Films
1357 3663 37 34 in
1426 3662 189 37 mancher
1641 3662 190 37 Hinsicht

602 3719 82 37 voll
710 3720 82 36 und
816 3732 95 34 ganz
936 3732 60 26 an.
1042 3722 108 36 Aber
1174 3733 43 26 es
1242 3724 49 36 ist
1315 3723 87 37 hier
1426 3734 75 26 nur
1525 3723 71 37 der
1616 3724 120 46 Platz,
1756 3735 74 25 uns

602 3781 69 37 auf
686 3782 78 36 den
786 3782 320 38 künstlerischen
1129 3783 324 48 Gesichtspunkt
1470 3797 49 24 zu
1539 3785 291 37 beschränken.

605 3842 93 37 Und
729 3843 47 37 da
802 3843 161 37 können
988 3846 72 34 wir
1084 3844 108 37 nicht
1216 3845 156 46 anders,
1397 3846 55 37 als
1473 3847 75 36 den
1570 3858 69 25 aus
1658 3847 174 36 schöner

1891 587 289 47 Begeisterung
2204 587 80 37 und
2309 586 201 38 ehrlicher
2531 578 292 56 Überzeugung
2843 586 271 38 kommenden

1892 648 164 38 Worten
2087 649 70 37 des
2187 647 235 39 Verfassers
2451 650 39 35 in
2519 656 147 40 puncto
2698 648 130 37 Kunst
2858 658 145 27 unsere
3032 647 56 37 An-

1891 710 204 48 schauung
2145 710 401 48 entgegenzustellen.
2618 710 80 37 Das
2742 710 134 47 besagt
2920 709 194 38 natürlich

1892 771 129 38 nichts
2061 783 124 37 gegen
2225 773 78 36 den
2343 771 166 48 übrigen
2550 771 127 37 Inhalt
2716 772 71 36 des
2827 773 287 35 interessanten

1891 833 182 46 Werkes,
2114 834 71 36 der
2215 833 127 37 durch
2382 835 62 35 ein
2484 833 279 46 vorzügliches
2797 832 318 38 Bildermaterial

1892 896 39 35 in
1959 894 457 38 wohlunterrichtender
2445 894 134 38 Weise
2609 896 157 46 ergänzt
2795 894 111 37 wird.

1889 1006 242 47 JULIUS
2192 1007 122 37 BAB
2377 1005 29 39 /
2469 1007 175 37 NEUE
2702 1007 229 37 KRITIK
2987 1006 127 37 DER

1891 1059 239 47 BÜHNE
2159 1068 29 38 /
2217 1068 337 38 Oesterheld
2584 1068 33 37 &
2649 1068 85 39 Co.
2763 1067 29 38 /
2820 1068 187 37 Berlin

1892 1141 42 36 In
1959 1141 86 37 drei
2071 1140 408 47 Hauptabschnitten:
2505 1141 101 42 „Die
2631 1140 201 48 Dichtung
2856 1141 72 37 des
2948 1140 138 36 Drama-

1891 1202 147 37 tikers“
2150 1202 100 46 „Die
2281 1202 129 37 Kunst
2439 1202 72 37 der
2540 1202 165 37 Bühne“
2811 1202 101 43 „Die
2942 1201 148 47 Organi-

1892 1266 128 36 sation
2049 1264 71 37 des
2138 1264 215 37 Theaters“
2375 1263 152 47 spricht
2545 1263 83 37 Bab
2653 1263 94 37 sehr
2766 1263 153 48 richtig,
2937 1262 176 38 wissend

1893 1326 81 36 und
2009 1326 95 47 klug
2140 1326 98 36 über
2267 1325 308 47 Bühnenfragen
2604 1326 82 36 und
2716 1325 138 37 solche
2884 1325 72 36 der
2986 1324 130 36 Kunst

1893 1388 235 47 überhaupt.
2184 1387 82 37 Der
2300 1387 205 37 Fühlende
2541 1387 103 36 kann
2680 1387 133 36 dieses
2843 1386 113 37 Buch
2992 1386 123 44 lesen,

1893 1449 105 37 ohne
2038 1449 76 37 daß
2154 1460 43 26 es
2236 1448 82 37 ihm
2350 1449 137 37 Neues
2521 1456 94 39 sagt,
2721 1448 105 37 ohne
2862 1447 75 37 daß
2969 1458 42 25 es
3046 1446 68 36 ihn

1893 1511 147 36 bindet.
2076 1510 88 37 Den
2186 1510 236 37 Fühlenden
2442 1510 103 36 kann
2566 1510 221 47 überhaupt
2806 1509 129 37 nichts
2956 1508 159 45 binden,

1891 1582 80 26 was
2005 1571 109 37 nicht
2147 1573 85 35 rein
2267 1571 322 37 künstlerischen
2620 1571 169 37 Wesens
2818 1572 49 35 ist
2935 1570 52 36 Er
3014 1569 100 36 wird

1892 1632 216 38 außerhalb
2143 1632 97 38 aller
2277 1633 173 36 Theorie
2486 1634 90 35 dem
2613 1632 367 37 Kunstwirklichen
3019 1638 95 29 stets

1893 1694 100 37 nahe
2013 1696 97 35 sein.
2157 1695 83 36 Der
2260 1695 206 36 Fühlende
2485 1695 98 36 wird
2604 1705 75 25 nur
2696 1705 79 26 von
2795 1693 319 47 Betrachtungen

1891 1756 165 37 berührt
2065 1756 176 45 werden,
2252 1756 65 37 die
2329 1755 105 38 ohne
2447 1757 115 35 einen
2573 1756 224 36 konkreten
2809 1754 145 37 Zweck
2965 1765 70 26 aus
3044 1754 71 36 der

1891 1817 212 38 einfachen
2118 1817 588 47 Produktionsnotwendigkeit
2725 1817 207 37 kommen:
2953 1816 64 36 die
3031 1815 83 36 also

1891 1881 91 35 dem
2007 1879 323 37 künstlerischen
2351 1878 238 48 Empfinden
2610 1879 81 36 und
2711 1878 108 37 nicht
2838 1879 91 36 dem
2949 1878 143 35 wissen-

1891 1939 264 38 schaftlichen
2172 1941 170 37 Denken
2358 1942 269 45 entspringen.
2663 1940 160 37 Letzten
2839 1939 133 37 Endes
2987 1937 127 38 haben

1892 2003 65 36 die
1994 1991 274 59 Äußerungen
2314 2003 72 36 der
2429 2001 306 38 solchermaßen
2780 2000 217 49 produktiv
3036 1999 53 37 Be-

1891 2064 257 36 trachtenden
2185 2065 91 35 eine
2305 2064 130 47 gleich
2466 2064 107 37 hohe
2602 2063 232 37 kosmische
2864 2062 252 45 Bedeutung,

1890 2127 75 35 wie
1995 2126 64 36 die
2084 2126 138 35 reinen
2248 2124 346 48 Kunstprodukte.
2651 2126 118 35 Denn
2795 2126 52 35 im
2872 2123 148 37 Wesen
3044 2122 71 36 des

1891 2186 322 38 künstlerischen
2244 2185 220 48 Schaffens,
2495 2187 68 37 das
2593 2189 53 35 im
2670 2185 240 38 Abstrakten
2938 2183 177 46 wurzelt,

1891 2250 92 47 liegt
2022 2249 132 36 dieses
2190 2247 150 38 Gesetz
2372 2248 230 37 verankert:
2641 2259 42 25 es
2718 2247 154 36 kommt
2906 2245 108 38 nicht
3048 2243 68 38 auf

1892 2311 69 37 das
1992 2309 214 38 Greifbare
2235 2321 61 33 an,
2325 2310 176 36 sondern
2532 2309 68 37 auf
2628 2310 77 36 den
2735 2311 39 34 in
2804 2308 82 37 ihm
2916 2306 198 38 lebenden

1893 2371 130 39 Geist.
2071 2371 93 37 Und
2190 2371 71 36 der
2284 2371 186 46 göttliche
2496 2371 98 37 Sinn
2618 2372 111 36 eines
2755 2368 287 38 Kunstwerkes
3067 2369 48 35 ist

1892 2432 119 44 nicht,
2053 2432 75 37 daß
2169 2443 42 26 es
2251 2432 56 37 als
2343 2432 138 37 Arbeit
2521 2434 116 35 einen
2674 2432 109 37 Wert
2822 2431 293 47 repräsentiert,

1891 2494 176 37 sondern
2098 2493 75 37 daß
2203 2505 43 25 es
2276 2494 77 36 den
2380 2493 118 38 Geist
2528 2493 162 37 kündet.
2747 2493 52 37 Es
2824 2492 126 37 erhält
2975 2492 137 36 diesen

1890 2556 215 48 göttlichen
2131 2555 159 46 Zweck,
2315 2555 194 37 nachdem
2535 2566 43 26 es
2602 2556 105 36 ohne
2727 2553 281 39 Zweckwillen
3028 2559 64 30 ent-

1891 2617 165 38 standen
2086 2619 64 35 ist:
2176 2619 64 34 ein
2268 2617 189 37 Künstler
2481 2617 102 37 kann
2608 2617 86 37 sich
2719 2615 109 38 nicht
2850 2615 264 45 vornehmen,

1891 2680 77 36 den
1999 2678 118 38 Geist
2150 2690 47 25 zu
2227 2679 181 46 künden;
2438 2681 86 35 sein
2553 2678 125 38 Werk
2707 2678 103 36 kann
2841 2677 68 36 ihn
2937 2676 177 45 künden,

1892 2741 81 37 und
2002 2752 42 25 er
2074 2742 47 35 ist
2151 2740 68 37 das
2249 2740 237 48 Werkzeug.
2543 2740 72 37 Ein
2641 2739 170 38 Mensch
2840 2738 105 37 kann
2975 2737 139 36 diesen

1894 2803 117 37 Geist
2024 2801 100 38 auch
2140 2802 126 36 durch
2281 2804 89 35 eine
2382 2801 266 47 Betrachtung
2662 2802 181 45 künden;
2858 2799 92 37 aber
2963 2810 43 26 er
3019 2798 95 37 muß

1893 2865 64 36 die
1971 2863 135 37 rechte
2115 2864 271 47 Anschauung
2400 2864 127 36 haben
2541 2864 80 36 und
2634 2862 95 37 muß
2743 2862 189 37 Künstler
2943 2862 98 35 sein.
3062 2860 52 37 So

1891 2926 99 37 wird
2011 2925 64 37 die
2093 2925 266 47 Betrachtung
2380 2937 87 24 zum
2490 2925 252 37 Kunstwerk.
2784 2924 93 37 Und
2897 2923 83 37 Bab
2999 2921 117 47 weiß,

1893 2987 76 37 daß
1995 2986 189 37 mancher
2209 2986 141 37 Große
2374 2986 276 38 bedeutender
2674 2988 49 35 ist
2747 2986 127 36 durch
2898 2986 110 36 seine
3033 2984 56 36 An-

1892 3048 205 47 schauung
2126 3048 56 36 als
2213 3048 125 37 durch
2368 3050 86 35 sein
2484 3048 135 37 Werk.
2676 3048 51 37 Es
2756 3048 154 36 kommt
2932 3045 184 38 wirklich

1893 3121 74 26 nur
1990 3109 68 37 auf
2080 3109 77 37 den
2185 3109 117 38 Geist
2326 3121 59 28 an.
2429 3110 92 37 Und
2546 3121 75 25 nur
2640 3110 64 36 die
2726 3107 391 46 Kunstbetrachtung

1893 3174 48 35 ist
1968 3170 290 46 vollkommen,
2283 3172 64 36 die
2373 3174 37 34 in
2435 3174 85 34 rein
2545 3170 317 38 künstlerischer
2887 3170 116 37 Form
3029 3170 88 35 eine

1897 3236 85 35 rein
2013 3233 292 36 künstlerische
2335 3233 271 47 Anschauung
2636 3233 71 36 der
2733 3233 127 36 Kunst
2889 3230 228 38 ausdrückt.

1898 3295 83 37 Bab
2005 3294 80 38 will
2108 3294 357 37 wissenschaftlich
2491 3294 282 45 untersuchen,
2798 3292 234 46 feststellen,
3056 3304 41 25 er-

1897 3356 151 46 klären,
2082 3356 206 37 belehren.
2335 3356 52 37 Es
2421 3355 146 48 gelingt
2606 3355 95 37 ihm.
2747 3355 108 37 Aber
2884 3355 108 36 nicht
3021 3355 98 36 über

1898 3419 76 35 den
2001 3418 203 46 Komplex
2234 3418 69 36 des
2328 3415 428 39 Wissenschaftlichen
2787 3417 153 37 hinaus.
2987 3417 64 37 Ob
3077 3428 43 25 er

1898 3479 90 37 dem
2024 3478 242 38 Suchenden
2307 3478 182 37 wirklich
2530 3478 136 38 helfen
2705 3480 112 45 wird,
2858 3480 47 35 ist
2940 3478 180 47 fraglich.

1898 3541 87 36 Nur
2009 3541 71 36 der
2103 3541 98 36 wird
2227 3541 64 36 die
2314 3541 128 36 Kunst
2462 3539 147 47 finden,
2635 3541 70 36 der
2724 3551 79 26 von
2825 3540 125 37 ihrem
2971 3541 148 36 Wesen

1895 3601 140 38 erfüllt
2058 3603 112 36 wird.
2218 3602 86 36 Nur
2322 3603 65 35 die
2409 3602 267 46 Betrachtung
2694 3602 98 36 wird
2812 3601 68 37 ihn
2901 3601 219 37 hinführen

1897 3663 174 46 können,
2109 3664 64 35 die
2209 3663 54 37 als
2302 3664 267 46 selbständige
2600 3663 251 37 Produktion
2882 3664 61 35 ihr
2972 3664 148 36 Wesen

1897 3725 148 37 enthält
2085 3725 80 36 und
2206 3726 226 36 ausströmt.
2488 3725 106 37 Babs
2631 3724 297 38 Niederschrift
2968 3725 154 37 kommt

1896 3798 101 25 zwar
2042 3797 69 25 aus
2152 3786 90 36 dem
2284 3786 153 37 Fühlen
2477 3788 72 35 des
2590 3787 295 47 Kunstgeistes;
2924 3788 58 36 sie
3024 3787 97 36 wird

1898 3849 38 34 in
1982 3849 72 35 der
2099 3849 166 36 inneren
2311 3848 420 48 Weiterentwicklung
2776 3849 80 36 und
2898 3850 131 46 später
3069 3851 51 34 im
