3378 4572
641 440 45 36 10

1661 439 138 37 DER
1844 439 402 38 ZWEEMANN

637 581 289 38 unsachlichen
958 581 197 39 Gründen
1185 581 132 37 schief
1347 581 271 47 abgeklatscht
1646 582 111 37 wird.
1809 582 51 37 Er

636 643 139 37 würde
819 651 111 29 sonst
974 642 108 38 nicht
1127 642 564 48 „Merzgesangskunstwerk“
1739 644 97 36 nach-

637 704 236 46 schwatzen,
901 706 73 35 wie
1004 706 88 35 eine
1122 704 168 46 Zeitung
1324 705 72 36 der
1429 705 163 37 andern.
1644 705 52 37 Er
1723 705 137 38 würde

639 765 544 48 „Merzgesamtkunstwerk“
1215 777 132 36 sagen.

639 827 109 37 Herr
772 827 143 48 Klages
939 827 65 37 hat
1027 826 118 38 keine
1169 827 186 48 Ahnung.
1396 827 198 38 Dennoch
1620 828 174 38 schreibt
1817 839 43 27 er

637 889 82 36 und
744 888 159 38 benutzt
932 891 38 34 in
994 889 125 47 bezug
1143 888 68 37 auf
1234 889 147 37 andere
1406 889 77 37 den
1507 889 216 38 Ausdruck
1748 889 84 46 „Un-

636 949 328 38 verfrorenheit.“

636 1011 163 37 Warum
828 1012 106 36 wohl
964 1011 176 38 schreibt
1169 1012 71 37 der
1269 1011 195 38 Marabu?

638 1072 67 38 Ich
742 1073 144 46 denke,
923 1084 43 26 es
1002 1081 56 29 tut
1093 1073 81 37 ihm
1209 1074 121 45 wohl,
1367 1076 89 35 eine
1494 1074 74 37 alte
1606 1074 254 48 persönliche

638 1135 308 37 Bekanntschaft
966 1136 69 36 mit
1058 1136 129 36 einem
1209 1135 315 47 Vielgenannten
1547 1147 132 26 coram
1699 1135 160 48 publico

637 1195 285 38 festzustellen.
967 1197 93 37 Sein
1088 1196 353 48 Jugenderinnern
1476 1197 138 37 äußert
1648 1197 85 37 sich
1767 1208 70 27 vor-

636 1258 180 47 wiegend
830 1258 127 37 durch
972 1258 76 37 den
1063 1257 87 38 Ton
1169 1260 111 35 eines
1293 1258 322 47 geschwollenen
1630 1259 230 37 Pennälers.

638 1320 51 35 Es
714 1321 157 35 erweist
894 1319 85 38 sich
1004 1320 56 37 als
1084 1319 167 48 brüchig
1275 1320 193 47 insofern,
1488 1320 57 37 als
1569 1320 108 37 nicht
1701 1321 74 36 alle
1795 1321 65 36 die

636 1380 195 38 taktlosen
857 1381 319 37 Indiskretionen
1207 1382 100 36 über
1333 1382 77 36 den
1437 1382 169 37 Schüler
1630 1382 230 37 Schwitters

636 1444 199 35 stimmen.

637 1503 66 37 Ich
729 1504 131 37 denke
885 1503 147 47 ferner,
1056 1515 44 26 er
1123 1504 158 37 möchte
1307 1505 76 37 den
1406 1504 247 38 Aufrechten
1679 1505 179 46 machen,

635 1566 134 36 indem
811 1576 42 26 er
892 1566 65 36 die
994 1565 75 38 alte
1106 1566 235 47 Beziehung
1380 1568 69 35 mit
1486 1566 145 47 großer
1668 1566 189 37 Gebärde

634 1626 182 37 zerreißt.
863 1627 146 37 Leider
1037 1628 118 46 spielt
1189 1639 43 26 er
1261 1629 115 36 dabei
1411 1629 76 36 den
1517 1627 339 43 „Verfrorenen“:

634 1698 43 26 es
706 1690 57 34 sei
793 1687 283 49 aufdringlich,
1110 1689 132 37 wollte
1276 1691 111 35 seine
1419 1690 132 46 Hand,
1586 1690 63 36 die
1685 1688 65 37 für
1779 1689 77 37 den

633 1749 165 38 Andern
823 1750 79 37 kalt
926 1751 82 36 und
1032 1750 132 38 fremd
1189 1753 86 35 sein
1305 1753 148 44 müsse,
1479 1752 115 36 einen
1619 1751 130 36 Faden
1780 1761 76 26 neu

633 1811 192 47 knüpfen.
870 1811 89 38 Wie
983 1811 155 38 kommt
1161 1823 43 26 er
1227 1823 47 26 zu
1300 1813 132 37 dieser
1455 1812 304 47 Befürchtung?
1805 1811 53 37 Er

635 1872 101 38 weiß
767 1873 117 46 doch,
914 1873 76 37 daß
1015 1874 231 36 Schwitters
1270 1885 117 36 sogar
1412 1873 336 46 „Vollmenschen
1773 1874 82 36 und

635 1934 153 37 Idioten
823 1935 56 36 als
913 1935 375 48 gleichberechtigt“
1325 1935 225 48 angesehen
1583 1937 146 35 wissen
1763 1934 92 37 will.

635 1996 51 36 Es
710 1997 49 36 ist
784 1996 64 36 die
874 1996 135 47 Frage,
1033 1997 63 36 für
1118 2008 79 25 was
1221 2007 44 26 er
1282 1995 228 39 Schwitters
1529 1997 91 37 hält.
1661 1997 42 37 In
1721 1997 134 47 jedem

633 2057 105 38 Falle
762 2057 110 37 führt
896 2060 89 35 eine
1009 2058 160 37 Brücke
1194 2060 38 35 in
1258 2058 64 37 die
1347 2059 125 46 Lager
1494 2058 71 37 der
1581 2058 202 46 Anderen,

632 2119 123 37 selbst
784 2119 60 37 bis
874 2121 38 35 in
944 2120 69 36 das
1043 2120 71 37 der
1144 2119 222 38 Pharisäer.

632 2180 271 38 Menschlein!

632 2244 76 36 Die
732 2243 313 47 Ausführungen
1070 2243 71 37 des
1167 2243 136 36 Herrn
1329 2243 145 47 Klages
1498 2243 90 37 sind
1613 2243 95 37 sehr
1731 2243 122 48 billig.

631 2305 93 37 Man
755 2305 103 37 kann
888 2307 58 35 sie
975 2304 126 38 schon
1131 2305 63 36 bei
1223 2306 132 35 einem
1385 2304 242 38 kulturellen
1660 2305 170 47 „Reinge-

630 2368 107 35 winn
765 2377 81 26 von
874 2370 23 33 4
915 2364 70 47 V
1016 2366 228 37 bestreiten.
1291 2366 73 37 Mit
1393 2366 70 36 der
1487 2366 127 37 Sache
1637 2366 131 37 haben
1796 2368 59 35 sie

632 2427 128 38 nichts
797 2439 49 25 zu
883 2436 80 29 tun.
1017 2427 93 37 Und
1150 2427 70 37 der
1258 2427 213 37 Felsblock
1507 2429 48 34 ist
1592 2429 62 35 ein
1695 2427 159 37 Haufen

631 2490 130 36 leerer
785 2488 235 40 Schlacken.
1063 2488 94 37 Man
1181 2488 105 36 kann
1312 2488 66 36 ihn
1404 2488 108 37 nicht
1535 2488 320 48 zurückwälzen;

632 2562 88 25 man
752 2550 95 37 muß
878 2551 68 36 ihn
977 2552 69 35 mit
1075 2550 91 36 dem
1198 2550 131 36 Besen
1359 2550 231 47 beseitigen.

632 2613 101 36 Zum
759 2612 163 37 Wälzen
948 2613 49 35 ist
1020 2622 76 26 nur
1119 2612 72 36 der
1215 2610 171 38 Reinfall
1414 2612 72 36 der
1508 2612 345 47 Weser-Zeitung.

632 2674 144 37 Solche
807 2674 130 46 Dinge
967 2674 89 36 sind
1088 2672 239 38 Geschwätz
1357 2673 63 36 für
1448 2673 77 36 den
1555 2673 211 38 Biertisch.

1235 2774 19 20 ❖

1109 2801 18 20 »Je
1360 2801 18 20 «

631 2900 93 37 Der
752 2901 246 46 primitive
1029 2899 185 37 Doktor

630 2982 76 37 Die
736 2982 348 47 Weser-Zeitung
1118 2980 155 37 scheint
1304 2980 302 47 Erinnerungen
1635 2993 49 25 zu
1708 2982 144 38 lieben.

632 3043 106 37 Herr
764 3043 92 37 Karl
884 3043 178 37 Neurath
1087 3042 177 37 schreibt
1288 3042 194 38 ebenfalls
1507 3043 98 36 über
1624 3043 228 38 Schwitters

629 3104 81 36 und
739 3104 178 47 beginnt:
949 3104 190 46 „Früher,
1168 3104 56 36 als
1251 3103 64 37 ich
1340 3103 104 37 noch
1475 3104 136 36 dumm
1636 3115 92 36 war,
1752 3105 99 37 habe

629 3165 63 37 ich
724 3167 76 36 den
833 3167 376 47 Expressionismus
1239 3167 64 35 nie
1334 3165 133 37 leiden
1498 3167 180 46 mögen.“
1736 3167 114 37 Dann

629 3227 148 37 erzählt
806 3239 54 35 er,
889 3227 76 37 daß
995 3238 43 26 er
1065 3227 86 37 sich
1181 3229 133 45 später
1336 3227 244 47 eingebildet
1602 3227 115 47 habe,
1747 3228 103 37 doch

630 3288 106 37 nicht
755 3299 44 26 so
818 3300 96 36 ganz
938 3289 137 36 dumm
1102 3289 114 37 mehr
1239 3301 47 24 zu
1307 3290 98 38 sein.
1446 3288 53 37 Er
1517 3288 96 37 hielt
1632 3290 85 36 sich
1737 3301 114 36 sogar

629 3348 66 38 für
724 3359 116 27 etwas
870 3350 362 48 kunstverständig,
1261 3350 197 37 nachdem
1489 3361 42 26 er
1562 3353 62 42 „in
1651 3351 175 48 Kunstge-

628 3410 178 38 schichte
831 3412 81 36 und
933 3412 196 36 Literatur
1148 3414 139 35 seinen
1309 3412 158 37 Doktor
1485 3412 205 47 gemacht“
1712 3413 76 37 hat.
1802 3434 48 3 —

628 3471 161 48 Auszug
818 3483 68 26 aus
917 3473 70 36 der
1018 3473 474 38 Doktor-Dissertation:

629 3532 65 36 Ich
733 3534 157 36 möchte
928 3546 79 24 nun
1044 3535 105 37 wohl
1185 3535 75 37 mal
1296 3537 37 35 in
1371 3535 362 48 Kunstgeschichte
1768 3537 80 35 und

629 3594 194 37 Literatur
852 3596 178 36 machen.
1127 3596 100 37 Wen
1259 3597 98 36 oder
1380 3608 79 26 was
1489 3598 159 36 möchte
1679 3597 63 36 ich
1768 3608 80 25 nun

626 3655 105 36 wohl
753 3655 74 37 mal
848 3658 38 34 in
903 3657 359 47 Kunstgeschichte
1278 3659 80 36 und
1374 3659 198 37 Literatur
1590 3659 197 36 machen?

626 3717 164 36 Meinen
822 3717 167 38 Doktor.

626 3778 246 37 Inzwischen
908 3779 103 37 kann
1043 3780 106 37 Herr
1179 3782 176 37 Neurath
1390 3782 109 37 nicht
1528 3782 114 37 mehr
1671 3783 177 46 primitiv

625 3840 244 48 empfinden,
897 3841 89 36 weil
1017 3852 43 25 er
1084 3842 246 48 Stehkragen
1355 3845 96 46 trägt
1481 3845 80 35 und
1587 3843 259 39 Glühbirnen

1925 582 154 38 brennt.
2131 584 145 38 Dieser
2303 587 202 45 primitive
2536 588 157 38 Doktor
2721 591 39 36 in
2787 590 361 49 Kunstgeschichte

1926 644 80 37 und
2042 645 197 37 Literatur
2272 646 155 39 scheint
2462 650 69 36 mit
2564 649 253 40 Primitivität
2844 654 39 35 in
2918 653 72 38 der
3019 653 129 38 Kunst

1925 712 118 30 etwas
2073 717 48 26 zu
2151 708 173 46 meinen,
2352 720 80 27 was
2463 721 77 27 von
2570 711 160 38 keinem
2757 713 191 39 Künstler
2975 717 173 45 gemeint

1924 767 111 37 wird.
2100 768 170 48 Hinweg
2309 771 70 36 mit
2416 771 90 38 dem
2545 773 265 49 Stehkragen!
2874 776 83 37 Der
2993 776 155 37 hintere

1927 828 289 49 Kragenknopf
2239 831 143 37 drückt
2406 832 68 37 auf
2498 834 76 36 den
2599 834 260 40 Gehirnnerv
2884 837 80 37 und
2989 837 159 38 hindert

1925 901 47 25 an
2008 891 71 36 der
2111 891 134 37 vollen
2281 892 263 50 Ausnutzung
2579 896 71 37 der
2678 898 166 36 inneren
2876 898 271 38 Glühbirnen.

1926 952 83 36 Der
2039 952 107 37 Herr
2176 953 69 37 Dr.
2270 956 116 45 prim,
2416 955 227 49 behauptet,
2677 969 43 26 es
2750 961 57 35 sei
2837 960 103 37 noch
2970 960 178 47 garnicht

1925 1024 44 25 so
2005 1013 111 48 lange
2151 1015 83 46 her,
2270 1016 75 37 daß
2380 1028 43 25 er
2456 1028 45 27 so
2537 1020 136 36 dumm
2711 1032 91 25 war.
2865 1021 89 37 Erst
2990 1029 156 39 gestern

1926 1075 99 37 oder
2047 1084 230 39 vorgestern
2302 1079 57 36 sei
2384 1089 44 26 er
2450 1081 226 48 vernünftig
2698 1083 228 46 geworden,
2951 1082 194 37 nachdem

1925 1147 44 26 er
1996 1136 113 38 Anna
2138 1138 145 38 Blume
2319 1140 160 47 gelesen
2517 1141 117 37 habe:
2675 1169 70 16 „
2858 1143 63 38 ich
2956 1144 190 37 erkannte

1924 1197 201 49 plötzlich,
2153 1210 79 26 was
2257 1201 212 47 eigentlich
2495 1202 130 38 Kunst
2649 1206 60 45 ist,
2733 1216 80 26 was
2837 1205 212 48 eigentlich
3074 1216 48 26 ex-

1925 1262 349 44 pressionistische
2305 1262 130 38 Kunst
2464 1265 59 36 ist.
2580 1265 52 37 Es
2661 1264 83 38 fällt
2773 1268 76 35 mir
2877 1267 109 36 nicht
3015 1266 132 46 leicht,

1926 1320 68 37 das
2022 1333 48 25 zu
2100 1322 223 48 bekennen,
2352 1325 105 36 denn
2486 1336 115 26 wenn
2632 1338 89 26 man
2744 1328 203 47 jahrelang
2971 1328 174 47 dagegen

1924 1383 263 46 geschrieben
2217 1384 65 38 hat
2438 1389 31 34 .“

1924 1444 51 36 Es
2004 1445 48 36 ist
2081 1444 127 38 leider
2241 1448 155 46 typisch
2432 1448 63 38 für
2529 1449 63 37 die
2627 1451 228 46 primitiven
2891 1451 185 37 doctores
3107 1453 38 35 in

1925 1505 374 50 Kunstgeschichte,
2330 1509 74 37 daß
2439 1512 58 35 sie
2530 1510 203 49 jahrelang
2766 1523 123 36 gegen
2919 1512 65 38 die
3015 1512 130 37 Kunst

1922 1567 228 38 schreiben.

1924 1628 127 37 Unter
2079 1641 75 25 uns
2181 1639 149 38 gesagt:
2359 1632 63 37 ich
2451 1632 157 38 zweifle
2638 1634 132 47 daran,
2795 1634 76 37 daß
2902 1635 108 37 Herr
3034 1635 84 37 Neu-

1921 1690 84 36 rath
2030 1692 111 36 seine
2162 1691 446 51 Selbstoffenbarungen
2634 1703 108 29 ernst
2764 1698 174 45 gemeint
2961 1697 75 36 hat.
3078 1696 67 37 Ich

1922 1750 153 39 fürchte
2109 1764 126 35 sogar,
2270 1764 43 26 er
2347 1764 191 38 erwartet,
2573 1756 76 37 daß
2684 1768 80 25 nun
2797 1758 160 47 jemand
2987 1757 158 46 erklärt,

1921 1823 43 26 er
1982 1815 56 35 sei
2057 1823 308 39 vorvorgestern
2387 1818 179 45 garnicht
2584 1829 44 26 so
2647 1820 128 45 wenig
2794 1818 351 48 kunstverständig

1919 1885 184 36 gewesen
2133 1878 75 35 wie
2238 1888 43 26 er
2309 1877 226 49 behauptet.

1921 1936 146 37 Lieber
2098 1937 106 37 Herr
2234 1938 165 48 Altrath,
2428 1940 63 36 ich
2521 1940 104 37 kann
2656 1942 105 36 mich
2792 1942 108 37 nicht
2929 1942 98 37 dazu
3058 1950 63 29 ent-

1920 1997 220 39 schließen.
2197 1999 66 37 Ich
2302 2000 103 37 kann
2443 2001 109 37 nicht
2588 2003 144 37 einmal
2773 2003 147 47 finden,
2960 2003 76 38 daß
3076 2004 66 37 Sie

1921 2060 98 37 nach
2050 2060 72 37 der
2152 2061 172 37 Lektüre
2355 2062 241 38 Schwitters’
2627 2066 63 34 ein
2722 2065 177 36 Neurath
2928 2065 213 47 geworden

1919 2122 103 36 sind.
2077 2122 253 48 Wenigstens
2361 2124 140 37 keiner
2531 2124 65 37 für
2625 2125 63 38 die
2719 2126 141 37 Kunst.

2523 2227 19 20 ❖

2399 2252 19 20 *
2648 2253 18 21 »Je

1918 2346 372 38 Volkserzieher

1921 2428 82 37 Der
2027 2428 132 37 kleine
2179 2429 265 38 Waldschratt
2473 2443 92 26 vom
2587 2432 311 43 „Volkswillen“
2919 2432 221 49 (Silvanus)

1919 2498 96 28 setzt
2053 2492 111 35 seine
2204 2491 289 49 Bocksprünge
2534 2494 126 37 durch
2704 2495 64 37 die
2807 2495 331 37 hannoverschen

1918 2551 309 48 Ausstellungen
2247 2552 86 37 fort.
2370 2554 194 38 Errötend
2584 2555 95 48 folgt
2698 2567 87 26 man
2804 2558 140 36 seinen
2965 2557 173 47 Spuren:

1921 2613 83 44 „Da
2033 2613 142 37 ziehen
2203 2616 73 35 wir
2305 2617 68 35 mit
2403 2615 107 38 Kind
2545 2618 82 36 und
2663 2617 124 48 Kegel
2824 2620 38 34 in
2893 2619 64 36 die
2989 2618 125 37 Kunst-

1919 2674 256 48 ausstellung,
2204 2678 89 34 eine
2327 2676 121 38 bunte
2478 2678 140 38 Schar:
2655 2679 136 37 Meine
2822 2679 113 47 Frau,
2964 2679 63 37 ich
3057 2680 81 36 und

1919 2737 69 36 das
2029 2737 120 47 Kind,
2188 2738 98 35 dazu
2326 2737 155 39 kommt
2519 2741 64 35 ein
2620 2740 294 48 Wandervogel
2954 2741 80 36 und
3074 2743 63 35 ein

1918 2798 388 48 Wandermädchen,
2343 2800 80 36 und
2461 2801 104 37 dann
2599 2801 101 38 habe
2737 2802 63 37 ich
2839 2802 103 37 noch
2978 2805 158 34 meinen

1917 2860 101 36 alten
2049 2860 375 37 Kohlenfuhrmann
2449 2862 208 38 Schwarze
2682 2864 213 47 mitgelotst
2921 2862 95 49 (den
3041 2864 95 37 muß

1917 2921 63 37 ich
2016 2923 75 35 mir
2124 2921 173 37 nämlich
2332 2923 269 48 warmhalten,
2636 2925 121 38 damit
2791 2937 43 26 er
2867 2927 76 35 mir
2977 2927 159 36 meinen

1918 2982 107 38 Ofen
2049 2981 234 50 warmhält).
2512 2986 60 36 Da
2601 2987 174 47 drängen
2800 2987 86 37 sich
2911 2987 64 37 die
3000 2986 136 38 feinen

1918 3044 288 37 Herrschaften
2243 3056 73 25 vor
2354 3046 68 36 Nr.
2450 3049 61 43 86,
2549 3058 72 26 vor
2659 3048 179 38 Cucuels
2878 3048 137 45 „Nach
3045 3048 90 37 dem

1917 3106 164 37 Diner“.
2128 3106 282 48 „Großartig!“
2442 3108 81 36 und
2554 3109 267 44 „blendend!“
2853 3110 140 37 schallt
3017 3121 42 26 es
3088 3121 47 25 zu

1915 3179 76 25 uns
2008 3167 190 48 herüber;
2229 3168 94 37 aber
2339 3170 72 36 wir
2434 3168 131 39 lassen
2585 3170 110 38 diese
2714 3172 423 47 Verdauungssitzung

1915 3229 105 37 links
2044 3229 151 47 liegen;
2225 3229 105 37 denn
2354 3241 115 26 wenn
2495 3231 68 37 das
2595 3233 136 43 „Nach
2757 3233 91 37 dem
2875 3234 148 36 Diner“
3050 3234 85 36 sein

1914 3290 89 47 soll,
2023 3291 103 36 dann
2152 3293 48 35 ist
2224 3302 42 26 es
2291 3291 66 37 für
2380 3292 106 37 mich
2507 3294 320 48 Vorspiegelung
2851 3294 175 38 falscher
3044 3294 69 38 Tat-

1914 3352 146 37 sachen
2089 3352 65 37 bei
2183 3353 254 38 brennender
2467 3354 150 47 Lampe
2789 3384 8 9 .
2984 3357 152 36 Kinder

1914 3414 153 36 kommt
2105 3414 84 45 her,
2229 3415 120 36 Vater
2387 3415 208 37 Schwarze
2634 3417 75 36 soll
2747 3419 111 35 seine
2896 3418 154 37 Freude
3088 3429 46 25 an

1915 3474 95 38 Otto
2049 3475 81 37 Dill
2169 3475 141 38 haben.
2370 3476 89 37 Alle
2495 3477 123 37 Mann
2658 3487 132 29 setzen
2827 3481 72 35 wir
2935 3490 75 26 uns
3046 3478 90 38 aufs

1914 3536 95 38 Sofa
2032 3548 75 26 vor
2131 3537 70 37 Nr.
2219 3541 48 33 97
2295 3537 247 44 „Streitende
2569 3539 218 47 Hengste“.
2833 3541 72 36 Ein
2924 3541 210 36 Weilchen

1913 3600 48 35 ist
2005 3599 96 36 alles
2147 3599 90 39 still.
2314 3599 67 36 Ich
2432 3599 218 39 beobachte
2701 3603 76 35 mir
2822 3604 158 35 meinen
3032 3603 101 36 alten

1914 3661 207 36 Schwarze
2289 3660 53 37 Er
2370 3661 94 36 muß
2494 3662 85 37 sich
2610 3662 92 37 Luft
2731 3662 184 39 machen:
2945 3664 162 37 Dunner-

1910 3730 150 37 wetter,
2079 3722 120 36 düsse
2220 3722 115 37 Päre!
2487 3723 85 37 Wir
2589 3725 125 35 sitzen
2735 3724 102 37 noch
2858 3725 80 36 und
2958 3726 175 36 schauen

1912 3784 80 36 und
2027 3782 209 48 genießen,
2271 3784 60 36 bis
2366 3784 238 38 schließlich
2640 3786 64 36 die
2730 3786 161 47 Jugend
2924 3797 80 26 von
3042 3786 90 37 dem

1914 3845 246 46 Gestampfe,
2191 3844 196 48 Gehopse
2429 3847 81 35 und
2537 3846 196 49 Gepolter
2766 3847 228 48 angesteckt
3021 3848 112 37 wird.
