3317 4572
1523 466 139 38 DER
1708 464 405 39 ZWEEMANN

558 480 25 33 6

561 619 54 39 III

562 702 88 38 Wir
678 701 152 39 suchen
859 700 78 38 den
969 698 151 38 Herbst
1149 698 72 36 der
1249 696 157 37 Alleen.

564 769 68 38 Ich
662 768 102 38 ahne
793 769 65 35 ein
887 765 233 39 weinendes
1150 764 112 36 Lied.

564 836 88 37 Wir
679 835 166 48 glänzen
874 833 51 37 ob
955 832 158 36 Tränen
1144 831 81 36 und
1255 830 156 37 Wehen

565 902 82 38 und
677 900 185 38 lächelnd
891 899 128 48 gehen

566 969 232 37 Madonnen
828 969 53 35 im
911 966 114 37 Ried.

567 1087 87 37 Wir
682 1086 90 38 sind
802 1084 217 39 verstoßen
1047 1093 80 28 von
1158 1081 129 38 Allen.

572 1154 86 38 Uns
687 1154 142 36 nimmt
858 1153 72 35 der
956 1150 122 38 Wind
1106 1150 75 36 wie
1211 1150 65 35 ein
1307 1147 122 38 Laub.

568 1220 87 38 Wir
682 1219 163 38 werden
875 1219 40 36 in
945 1216 152 38 Wirbel
1126 1215 133 47 fallen,

570 1287 98 37 über
697 1286 67 37 die
794 1284 241 38 Landschaft
1061 1282 142 38 wallen

571 1354 83 38 und
682 1352 144 38 stoßen
857 1350 234 39 Geschicke
1119 1360 92 27 zum
1242 1348 122 37 Raub.

574 1472 87 37 Uns
691 1470 131 38 halten
852 1470 66 37 die
946 1468 159 38 Wellen
1134 1465 306 48 umschlungen.

572 1538 65 38 All
668 1537 100 38 Ufer
797 1538 50 35 ist
875 1535 204 38 furchtbar
1106 1536 105 35 weit.

574 1605 87 37 Wir
689 1604 91 37 sind
809 1602 202 46 verloren,
1038 1601 253 46 verklungen
1322 1627 7 8 .
1361 1627 8 8 .
1398 1624 9 10 .

574 1700 10 10 .
612 1698 11 11 .
651 1698 10 10 .
690 1682 75 27 uns
795 1672 141 35 nimmt
964 1667 90 49 (wir
1082 1668 90 37 sind
1203 1665 218 48 errungen!
1449 1661 66 49 —)

575 1739 72 37 der
676 1736 166 49 dumpfe
873 1735 105 38 Lauf
1002 1735 72 38 der
1104 1734 101 37 Zeit.

576 1883 36 36 V

577 1964 112 38 Mein
720 1962 118 39 Gott!
894 1958 360 41 Aufrauschender
1283 1957 53 37 du
1366 1959 40 35 in
1437 1956 244 38 Gewittern:

579 2030 65 39 ich
673 2030 89 37 bete
787 2030 39 36 in
858 2029 78 37 den
966 2025 328 39 Märchenbaum.

579 2097 65 38 All
673 2098 132 36 meine
835 2095 138 37 Worte
1002 2093 90 38 sind
1122 2091 195 49 gerundet
1345 2087 195 50 (Kugeln)
1569 2090 139 36 zittern

578 2175 81 28 von
689 2164 160 37 meinen
880 2162 155 46 Lippen
1063 2160 99 37 bunt
1190 2160 40 36 in
1260 2157 146 38 deinen
1437 2157 138 36 Raum.

581 2282 112 37 Mein
725 2280 119 37 Kleid
873 2281 50 36 ist
948 2279 149 37 Demut
1192 2275 138 38 strahlt
1352 2277 76 35 wie
1453 2273 282 48 Regenbogen.

584 2349 60 36 Da
672 2347 146 38 blitzen
848 2346 182 37 Meteore
1059 2344 130 37 durch
1218 2343 65 37 die
1314 2341 146 38 Nacht!

584 2415 68 38 Ich
682 2415 68 37 bin
779 2411 206 50 geknickt!
1037 2411 110 37 Mein
1178 2409 93 37 Blut
1299 2410 137 46 spritzt
1540 2406 100 38 wird
1668 2416 80 27 von

662 2481 187 37 Furchen
878 2481 243 45 eingesogen
1151 2505 9 9 .
1190 2505 8 9 .
1228 2504 8 8 .

586 2577 9 10 .
624 2575 10 10 .
663 2559 23 26 o
715 2548 89 37 Saat
831 2545 154 49 sprießt
1013 2542 81 49 auf,
1124 2544 88 37 drin
1242 2549 86 31 rote
1357 2541 146 37 Blume
1532 2540 115 37 lacht.

589 2723 110 37 Mein
731 2721 115 38 Gott!
901 2717 357 40 Aufrauschender
1286 2716 53 37 du
1369 2718 40 34 in
1440 2715 240 38 Gewittern:

589 2789 65 38 ich
683 2788 102 37 nahe
891 2794 97 30 taste
1019 2785 106 38 mich
1232 2785 74 35 wie
1334 2783 68 37 bin
1433 2782 64 37 ich
1526 2780 165 39 schmal.

592 2857 142 36 Linien
764 2855 73 37 der
865 2853 122 37 Arme
1018 2852 90 37 sind
1139 2852 62 36 dir
1230 2850 101 37 nahe
1437 2850 140 36 zittern

591 2925 40 35 in
661 2923 161 37 deinem
852 2920 130 45 Atem,
1012 2919 72 37 der
1112 2917 107 38 mich
1249 2917 63 37 dir
1339 2915 144 38 befahl.

595 3117 100 37 DIE
726 3113 354 41 ABDERITEN

597 3204 101 44 „Die
733 3202 166 37 Malerei
935 3203 52 35 im
1027 3204 56 33 19.
1105 3198 299 49 Jahrhundert“
1440 3207 80 26 von
1555 3196 105 36 Max
1695 3195 124 36 Deri.

597 3261 615 51 Entwicklungsgeschichtliche
1253 3258 255 47 Darstellung
1542 3257 68 37 auf
1645 3256 150 48 psycho-

596 3325 201 49 logischer
822 3324 247 47 Grundlage.
1120 3323 43 36 In
1193 3323 97 35 zwei
1315 3320 179 38 Bänden.
1545 3319 149 36 Zweite
1718 3316 78 38 Auf-

596 3389 97 47 lage.
749 3387 162 47 Verlegt
944 3386 64 37 bei
1039 3384 96 38 Paul
1168 3383 199 45 Cassirer,
1400 3381 152 46 Berlin,
1586 3383 106 34 1920.
1749 3379 72 37 Ein

598 3451 39 36 in
671 3451 134 35 seiner
838 3454 248 31 monotonen
1123 3444 326 48 Langweiligkeit
1483 3442 68 37 auf
1582 3444 76 35 600
1687 3441 134 37 Seiten

598 3510 203 38 durchaus
824 3508 224 38 harmloses
1069 3507 126 38 Buch.
1235 3506 94 37 Man
1349 3505 91 37 hört
1463 3505 118 36 einen
1600 3502 222 38 Menschen

598 3571 278 49 sprechen...
895 3570 142 37 endlos
1056 3568 197 48 sprechen
1270 3596 62 9 ...
1352 3568 65 36 ein
1433 3565 198 39 Gedanke
1650 3564 174 37 leuchtet

600 3633 109 37 nicht
737 3632 80 38 auf.
864 3632 52 37 Er
944 3631 152 48 spricht
1127 3641 102 34 „von
1260 3630 71 36 der
1356 3628 168 37 Kunst“.
1570 3625 113 38 Nach
1713 3633 89 29 stun-

600 3694 235 48 denlangem
862 3693 190 37 Zuhören
1082 3692 64 37 hat
1175 3693 89 35 mah
1295 3691 65 36 die
1386 3688 244 46 Gewißheit,
1654 3687 74 37 daß
1754 3687 71 37 der

599 3756 187 38 verehrte
824 3755 160 37 Redner
1019 3753 106 38 wohl
1163 3753 104 37 noch
1309 3755 45 33 14
1387 3751 105 48 Tage
1530 3750 87 47 lang
1654 3749 64 37 bei
1755 3748 71 38 der

603 3818 226 46 Einleitung
847 3818 86 35 sein
951 3816 101 37 wird
1071 3843 64 10 ...
1154 3814 82 37 und
1256 3815 99 46 ewig
1373 3813 160 37 bleiben
1551 3811 112 37 wird.
1697 3811 128 36 Wann

601 3879 100 38 wird
731 3889 43 27 er
801 3880 38 45 je
868 3888 70 26 zur
968 3877 130 37 Kunst
1127 3876 220 37 kommen?
1403 3875 76 37 Die
1507 3873 146 37 beiden
1677 3872 148 36 Wesen

1853 609 190 37 kommen
2062 608 106 38 wohl
2193 609 63 36 nie
2275 618 232 27 zusammen
2533 635 9 9 .
2568 635 7 8 .
2599 635 9 9 .
2634 607 64 37 die
2719 607 130 37 Kunst
2868 606 81 38 und
2970 606 108 37 Herr

1854 670 95 37 Max
1979 671 109 36 Deri.

1855 733 73 36 Ein
1965 732 223 37 harmloses
2226 730 291 48 Spießerbuch.
2578 731 94 36 Was
2709 729 118 38 allein
2863 731 110 44 reizt,
3010 729 46 37 da-

1854 804 124 37 gegen
1997 805 49 25 zu
2065 792 209 48 sprechen,
2289 793 49 36 ist
2357 792 64 37 die
2440 792 116 47 laute,
2571 790 342 39 oberlehrerhafte
2928 790 131 38 Selbst-

1856 854 218 37 sicherheit
2097 854 81 37 und
2204 854 328 47 brillengläserne
2559 844 314 56 Überzeugtheit
2903 863 76 26 von
3009 852 72 37 der

1857 918 167 46 eigenen
2044 916 182 38 Schläue.
2256 915 89 37 Wie
2364 914 144 48 pfiffig!
2540 914 98 38 Gibt
2656 926 44 26 es
2719 914 104 38 noch
2841 914 216 46 Schwierig-

1858 978 146 47 keiten,
2041 980 132 34 meine
2212 978 183 36 Damen?
2519 974 421 49 Herrgottnochmal!!
3000 973 84 38 Auf

1858 1039 148 38 Schritt
2035 1039 80 36 und
2140 1039 99 36 Tritt
2263 1039 112 36 diese
2400 1038 220 37 deutschen
2646 1037 263 38 Oberlehrer.
2952 1036 130 37 Wenn

1859 1103 58 35 sie
1953 1101 104 37 doch
2093 1102 240 45 wenigstens
2368 1100 64 36 die
2469 1100 129 36 Kunst
2631 1098 286 38 verschonten!
2973 1097 111 37 Alles

1859 1164 147 36 wissen
2035 1164 58 35 sie
2122 1173 96 36 ganz
2248 1173 139 36 genau.
2444 1162 76 36 Die
2550 1161 132 37 Rätsel
2718 1161 90 36 sind
2837 1160 139 48 gelöst.
3032 1159 52 36 Es

1860 1225 49 36 ist
1937 1225 214 44 bewiesen,
2175 1234 43 27 es
2248 1225 48 35 ist
2326 1223 97 46 klar,
2446 1224 73 36 wir
2547 1222 129 37 haben
2705 1221 188 49 gesehen,
2917 1221 72 37 der
3017 1231 46 36 ge-

1860 1286 129 37 sunde
2019 1284 413 38 Menschenverstand
2462 1292 82 39 sagt
2573 1295 42 26 es
2639 1314 9 10 .
2672 1312 9 9 .
2709 1313 8 8 .
2756 1282 190 38 Zweimal
2976 1281 109 38 Zwei

1861 1349 49 35 ist
1939 1347 109 38 Vier.

1863 1409 89 37 Nur
1980 1411 64 35 ein
2074 1420 93 36 paar
2195 1408 144 37 Zitate:

1865 1471 99 44 „Ein
2005 1470 245 37 Kunstwerk
2289 1472 49 34 ist
2376 1470 64 36 ein
2480 1480 79 26 von
2597 1467 223 38 Menschen
2860 1466 228 49 gemachtes

1865 1531 214 38 Gebilde.“
2135 1531 107 45 „Der
2273 1530 192 38 Künstler
2494 1532 48 36 ist
2570 1532 36 45 ja
2635 1531 64 36 ein
2724 1529 171 37 Mensch
2918 1529 76 36 wie
3017 1529 72 35 wir

1864 1593 87 37 alle.
2014 1593 261 45 „Trotzdem“
2313 1591 132 38 fehlen
2481 1590 63 38 für
2578 1592 69 36 das
2681 1591 263 37 Verständnis
2977 1591 112 46 jener

1865 1655 236 38 exotischen
2132 1654 227 46 Bildungen
2390 1651 316 50 (Negerplastik)
2742 1652 74 37 alle
2846 1650 243 38 kulturellen

1866 1715 413 47 Voraussetzungen.“
2336 1716 224 36 Verstehen
2599 1715 162 37 können
2797 1715 73 35 wir
2907 1712 184 38 offenbar

1867 1790 88 35 nur,
1972 1789 80 26 was
2072 1778 149 37 ebenso
2242 1776 153 39 normal
2421 1779 48 35 ist
2491 1778 73 35 wie
2585 1777 72 36 wir
2675 1775 133 37 selbst.
2849 1775 93 37 Und
2967 1773 124 38 doch:

1871 1839 166 45 „Große
2073 1839 191 37 Künstler
2302 1839 89 37 sind
2431 1837 59 39 oft
2529 1837 108 37 nicht
2677 1836 202 38 durchaus
2912 1834 179 38 normale

1868 1901 260 38 Menschen.“
2282 1900 95 36 Man
2402 1900 166 36 braucht
2590 1898 127 38 schon
2738 1898 65 37 die
2822 1896 270 39 Wetterfahne

1870 1962 284 49 Psychologie,
2183 1973 67 26 um
2280 1963 86 36 sich
2397 1963 47 36 da
2473 1973 48 25 zu
2550 1962 256 36 orientieren.

1871 2026 81 36 Das
1972 2025 149 47 Rezept
2140 2024 71 37 der
2232 2022 392 47 Kunstbetrachtung
2644 2023 48 35 ist
2710 2020 185 38 ziemlich
2916 2018 177 39 einfach:

1872 2087 118 45 „Man
2020 2088 140 35 nimmt
2189 2086 65 36 die
2279 2084 236 47 farblichen,
2540 2083 193 38 formalen
2758 2082 81 37 und
2863 2081 230 37 sachlichen

1873 2148 206 37 Elemente
2109 2148 71 36 der
2204 2146 256 47 Darstellung
2484 2148 38 34 in
2552 2145 85 37 sich
2667 2143 69 38 auf
2761 2143 82 37 und
2873 2143 124 37 erlebt
3026 2143 70 35 mit

1874 2208 257 49 möglichster
2161 2208 201 37 Intensität
2392 2208 81 36 und
2509 2209 38 35 in
2585 2205 259 48 möglichster
2874 2204 222 47 Isolierung

1874 2271 69 37 das
1978 2270 121 37 ihnen
2133 2270 273 47 anhängende,
2442 2270 70 36 mit
2546 2269 121 36 ihnen
2705 2266 274 48 mitgegebene
3010 2265 58 38 Ge-

1874 2332 121 38 fühl.“
2054 2331 256 47 Graphische
2339 2330 190 38 Tabellen
2562 2329 239 38 erleichtern
2837 2328 77 36 den
2947 2327 125 37 Kunst-

1874 2392 132 49 genuß
2029 2392 245 38 wesentlich.
2318 2392 65 38 Sie
2408 2394 137 45 zeigen
2570 2391 77 37 den
2666 2391 99 46 Weg
2788 2401 96 36 ganz
2909 2389 189 37 deutlich.

1878 2455 84 37 Der
1986 2455 124 36 Leser
2140 2453 120 46 „muß
2290 2454 77 37 den
2390 2453 100 47 Weg
2519 2453 72 37 des
2616 2452 192 37 Schemas
2832 2451 68 37 auf
2921 2451 106 37 Seite
3051 2453 49 34 50

1877 2528 80 26 von
1986 2516 106 37 links
2121 2516 99 36 nach
2251 2515 132 37 rechts
2410 2514 297 47 zurückgehen,
2736 2524 66 25 um
2827 2513 64 37 die
2920 2523 80 26 von
3029 2512 72 37 der

1879 2578 125 37 Natur
2037 2577 312 38 abweichenden
2383 2577 173 36 Formen
2590 2575 56 38 als
2676 2575 149 47 Träger
2856 2585 81 26 von
2966 2573 112 47 Allge-

1879 2638 301 49 meingefühlen
2210 2646 79 30 erst
2312 2638 186 47 lebendig
2522 2649 48 25 zu
2596 2636 180 47 machen,
2801 2636 133 36 indem
2965 2646 43 26 er
3032 2634 69 37 das

1881 2699 386 50 Ursprungsgefühl,
2286 2711 70 26 aus
2381 2700 91 36 dem
2492 2699 144 37 heraus
2660 2700 58 35 sie
2743 2697 233 38 entstanden
2998 2696 104 46 sind,

1879 2763 127 37 durch
2036 2761 245 47 rückläufige
2309 2761 252 37 Assoziation
2590 2762 39 35 in
2663 2759 86 38 sich
2778 2758 325 47 heraufzwingt“.

1882 2825 78 45 „So
1996 2824 132 37 bleibe
2169 2834 88 26 man
2298 2823 105 37 denn
2437 2822 138 46 bereit,
2609 2824 40 34 in
2684 2820 214 48 folgenden
2932 2819 171 48 jeweilig

1881 2886 146 37 beiden
2052 2886 243 46 Prinzipien,
2323 2884 119 37 heute
2472 2883 71 37 der
2569 2882 242 46 Naturnähe,
2839 2892 164 36 morgen
3034 2881 71 36 der

1883 2947 240 38 Naturferne
2154 2945 283 48 Gefolgschaft
2464 2956 48 26 zu
2542 2945 178 37 leisten.“

1884 3010 238 36 Daumier:
2165 3007 110 43 „Ihm
2311 3006 124 38 fehlte
2470 3007 64 36 die
2571 3005 126 47 Kraft,
2731 3005 65 38 die
2826 3003 112 37 Fülle
2972 3004 134 36 seiner

1884 3071 212 37 Phantasie
2126 3071 61 36 ins
2217 3069 178 37 Positive
2424 3079 48 26 zu
2501 3067 202 38 wenden.“
2754 3066 183 45 Freilich,
2961 3076 43 26 er
3027 3075 80 26 war

1884 3133 94 37 kein
2009 3132 219 45 Positivist,
2258 3131 71 37 der
2357 3140 108 26 arme
2496 3130 134 36 Mann.

1886 3195 259 44 Rousseau,
2175 3192 78 37 Th.
2291 3192 98 44 „Ein
2418 3191 115 37 Wald
2562 3191 127 36 schon
2717 3189 105 38 ohne
2854 3188 143 38 Götter
3027 3187 80 37 und

1887 3255 232 48 Nymphen,
2158 3253 126 38 schon
2324 3255 40 35 in
2403 3252 230 38 wirklicher
2671 3250 293 47 Darstellung“.
3020 3249 88 36 Wie

1886 3328 94 35 nun,
2014 3327 115 26 wenn
2164 3315 85 37 sich
2286 3315 207 36 Rousseau
2529 3322 115 29 unter
2679 3313 77 36 den
2785 3312 146 37 beiden
2963 3310 146 37 Kühen

1887 3380 53 36 im
1971 3377 285 47 Mittelgründe
2291 3377 97 36 zwei
2422 3375 259 38 verzauberte
2714 3373 218 48 Nymphen
2966 3382 120 37 vorge-

1887 3440 104 37 stellt
2020 3440 92 36 hat?
2218 3438 52 36 Ist
2300 3438 68 36 das
2398 3437 92 37 Bild
2521 3436 102 37 dann
2656 3434 281 47 „naturfern“?

1889 3501 179 38 Millets
2103 3499 226 48 Angelus;
2372 3499 168 44 „Dieses
2580 3498 256 46 Bauernpaar
2874 3495 80 37 lebt
2990 3494 120 37 nicht.

1889 3563 77 37 Nie
1997 3564 48 35 ist
2074 3573 88 26 man
2188 3560 82 38 ihm
2295 3561 204 46 begegnet.
2545 3560 77 36 Nie
2651 3559 65 36 hat
2739 3568 89 26 man
2853 3568 43 26 es
2924 3556 188 48 gesehen,

1887 3624 220 38 wirklich
2147 3622 213 48 gesehen.“
2422 3621 109 38 Aber
2564 3632 43 25 es
2642 3622 49 35 ist
2725 3619 108 37 nicht
2867 3630 45 25 so
2942 3619 73 36 bös
3044 3628 46 37 ge-

1890 3688 139 35 meint:
2061 3685 132 45 „nicht
2221 3693 98 28 etwa
2348 3685 84 35 rein
2462 3682 174 46 tadelnd,
2665 3681 115 37 mehr
2808 3692 75 25 nur
2912 3679 201 38 mahnend

1890 3750 49 35 ist
1958 3748 86 36 dies
2063 3746 270 38 konstatiert“.
2364 3744 129 38 Millet
2512 3744 101 37 male
2633 3744 69 36 das
2717 3742 91 38 Bild
2823 3742 100 37 nach
2940 3741 173 37 Lektüre

1891 3810 71 37 des
1996 3808 161 38 Buches
2192 3807 104 38 noch
2331 3806 158 37 einmal.
2547 3805 52 37 Er
2634 3805 99 36 wird
2771 3815 42 26 es
2847 3804 126 37 schon
3010 3803 103 37 noch

1891 3871 151 36 lernen.
