3421 4572
255 1082 108 39 AUS
400 1083 106 39 DER
546 1077 636 52 „VERKÜNDIGUNG“
1224 1088 126 51 (DAS
1393 1089 67 39 UN-

255 1149 293 41 ENDLICHE
579 1152 56 38 IN
666 1153 109 38 DER
806 1153 202 41 KUNST.

257 968 285 49 PAUL
610 971 882 49 BOMMERSHEIM

252 1253 91 38 Viel
373 1255 107 38 starb
509 1256 78 37 den
616 1257 182 38 seichten
823 1258 89 38 Tod
943 1261 53 35 im
1028 1259 240 48 Menschen,

254 1321 60 37 Eh
344 1321 122 40 kunst
496 1322 177 41 Kommt

254 1388 289 49 Flachgefühle
572 1392 245 39 schwanden
846 1393 70 37 auf
941 1395 39 36 in
1012 1394 145 38 Dunst

252 1455 152 39 Brunst
433 1457 122 39 brach
585 1467 94 29 matt
707 1461 39 36 in
776 1460 87 38 sich
894 1461 82 37 und
1006 1461 92 38 kalt

251 1522 126 49 Auge,
407 1524 71 38 das
508 1526 100 37 nach
638 1527 181 38 Anderm
849 1528 183 48 schielte,
1061 1529 123 38 brach
1214 1538 113 30 starr.

249 1589 249 48 Jähwunsch
529 1594 166 38 brannte
724 1595 87 38 sich
840 1595 136 39 selber
1004 1608 83 26 aus.

252 1657 202 49 Langweil
489 1659 66 39 fiel
589 1663 169 37 tausend
791 1662 156 39 Klafter
982 1663 121 39 hinab
1132 1693 126 10 ....
1288 1665 203 39 schwand.

251 1725 160 38 Wollen
440 1739 74 37 zog
541 1729 88 38 sich
659 1740 71 27 aus
760 1731 73 37 der
860 1732 146 37 wirren
1029 1731 106 38 Welt
1163 1733 166 47 zurück,

254 1792 93 38 Und
378 1794 173 40 Denken
581 1796 79 48 flog
690 1797 119 38 hinab
838 1809 92 26 zum
960 1798 284 39 Mutterschoß

251 1865 60 37 Eh
342 1865 133 37 Kunst
503 1863 167 39 kommt.

250 1933 85 36 Der
365 1931 186 47 Mensch,
580 1932 73 37 der
682 1933 105 36 dann
818 1933 105 38 noch
942 1933 130 38 West:

250 2000 152 37 Düster
431 2001 53 36 im
506 1998 368 40 Tiefen-Ganzen:

251 2067 81 38 Das
362 2069 50 36 ist
441 2067 84 47 der,
555 2067 72 37 der
640 2066 157 39 Thront
826 2069 53 36 im
911 2068 384 48 Sprudelschachte,

250 2135 84 37 Der
364 2134 146 49 Längst
533 2134 231 48 Vergessen
800 2135 65 37 hat
894 2136 70 37 das
999 2136 121 37 bunte
1154 2137 227 48 zerspielen
1418 2138 73 37 der

299 2213 152 27 wasser
479 2201 156 38 droben
664 2213 49 26 zu
745 2201 275 40 formreichen
1051 2205 156 37 steinen
1244 2204 82 38 und
1355 2205 106 38 wach-

300 2269 155 38 senden
487 2269 204 38 kräutern.

250 2337 84 38 Der
362 2336 152 38 dunkel
534 2335 169 49 Thront,
731 2348 62 27 wo
825 2337 133 38 Strom
984 2338 105 38 noch
1108 2338 94 39 Voll
1231 2340 82 37 und
1343 2350 121 28 unzer-

299 2403 167 48 spalten.

248 2471 85 38 Der
363 2473 39 36 in
431 2471 87 38 sich
538 2471 313 48 Vorgeburtlich
882 2472 155 48 Orgeln
1068 2473 91 38 hört

249 2538 83 38 Das
363 2538 350 49 Urgeschlossene
732 2538 335 40 Tiefen-Ganze.

250 2605 229 38 Urtümlich
511 2605 281 39 Geschlossen
825 2606 143 50 Gegen
997 2608 94 47 jede
1120 2609 299 49 besonderung.

247 2673 137 38 Darob
418 2672 220 40 Unfaßbar.

238 2740 147 49 Jedem
417 2740 172 38 Denken
614 2740 185 39 Trostlos
831 2742 253 49 Unenthüllt,

249 2808 117 38 Noch
398 2806 176 49 Grenze,
604 2808 104 38 noch
740 2808 152 39 Punkt:

248 2875 242 38 Ende-Los.

246 2942 86 38 Aus
351 2942 102 38 allen
475 2943 162 37 Letzten
654 2943 182 39 Nächten
858 2945 81 38 fällt
959 2945 88 38 hier
1061 2946 252 38 Dunkelheit
1331 2947 153 37 herein.

250 3009 92 39 Und
371 3010 114 48 jedes
509 3010 365 40 Weltenschicksal
906 3012 115 38 Stößt
1049 3013 87 38 sich
1167 3013 89 39 hier
1284 3014 120 38 hoch.

248 3076 103 38 Hier
380 3078 92 36 bebt
501 3078 64 37 die
595 3078 141 48 Angel,
767 3079 65 37 die
861 3079 77 37 den
971 3080 179 39 Kosmos
1180 3081 93 38 hält.

245 3144 166 38 Schreie
440 3156 79 27 von
551 3144 139 39 Chaos
719 3146 226 38 schrecken
976 3147 187 39 Schallen
1193 3151 77 35 ein.

247 3212 117 37 Doch
394 3212 70 37 das
494 3212 105 39 noch
632 3211 302 51 Unentquollen
964 3226 49 26 zu
1045 3215 185 38 klarheit.

246 3278 166 40 Grauen
522 3279 103 39 Hast
655 3280 232 39 Entronnen
916 3282 135 46 jedem
1080 3291 115 29 wort.

247 3346 115 38 Ganz
394 3346 340 40 Un-erkennbar.

246 3412 123 40 Ohne
398 3413 93 39 halt.
532 3413 123 40 Ohne
685 3423 74 31 ort,

246 3480 245 39 Ende-Los.

245 3547 193 39 Merkbar
467 3549 95 38 bloß
592 3560 61 27 am
685 3549 119 39 Ernst
833 3551 178 38 schwarz
1039 3553 76 36 wie
1145 3552 257 40 Firmament.

244 3615 90 38 Alle
362 3615 400 48 Jenseitsherrscher
791 3620 151 46 steigen
973 3619 66 38 die
1069 3620 129 48 Berge
1228 3619 136 39 herab.

247 3683 142 38 Nahen
419 3695 71 26 aus
519 3685 92 36 dem
642 3684 240 39 Erhabenen
913 3686 151 39 Reiche
1093 3687 73 38 der
1196 3686 193 51 Geltung.

245 3750 186 39 Brechen
463 3750 196 40 Glühend
691 3753 38 36 in
760 3752 106 39 Dich
896 3754 78 37 ein.

245 3817 119 38 Noch
397 3817 250 50 Ungetrennt
675 3820 40 36 in
746 3819 237 39 Kolossaler
1012 3821 174 39 Einheit.

247 3883 274 42 Unbestimmt
550 3886 237 39 kochender
816 3887 162 40 Grund.

1561 975 468 43 Urverschmolzenheit.

1559 1043 244 40 Ende-Los.

1559 1111 42 38 In
1631 1112 133 38 Allem
1793 1111 110 40 Aber
1933 1114 161 49 Strömt,

1559 1179 139 37 Durch
1728 1180 113 38 Alles
1870 1180 159 40 Sickert
2058 1183 82 38 und
2165 1183 117 48 Tobt,

1558 1246 142 38 Durch
1729 1247 113 39 Alles
1874 1247 210 50 Gewaltet,

1556 1313 73 38 Als
1658 1314 111 38 Alles
1800 1314 199 41 Gewaltet

1558 1380 43 38 In
1631 1380 314 41 fürchterlicher
1973 1383 212 49 Seligkeit:
2216 1385 111 40 Gott.

1557 1495 94 38 Was
1681 1496 105 37 dann
1815 1497 96 38 aber
1938 1497 229 49 aufwabert,

1556 1562 132 38 Wenn
1719 1563 69 38 das
1818 1564 95 38 aber
1942 1565 239 48 hochrenkt,

1557 1629 84 38 Zur
1669 1630 184 39 Klarheit
1881 1631 212 49 aufwacht,

1556 1697 215 39 Bestimmt
1799 1699 88 38 sich
1917 1699 139 49 härtet,

1557 1763 119 39 Form
1707 1766 128 48 festet,

1556 1831 94 39 Was
1679 1833 107 38 dann
1816 1835 191 38 entsteht:

1556 1898 55 38 Ist
1633 1899 314 51 Tonorchester,

1557 1966 54 38 Ist
1635 1966 162 40 Wörter
1825 1968 163 49 aufbau,

1557 2033 53 39 Ist
1640 2035 301 49 Farbentrubel,
1971 2038 301 50 Massenragen,
2303 2041 275 49 Leibertänze,

1556 2100 53 39 Ist
1639 2102 242 50 Errichtung
1909 2105 455 50 weltumschlingender
2388 2108 182 50 Tempel.

2392 2274 344 49 GEDICHTE

1557 2268 386 48 LEONHARD
1978 2261 315 58 SCHÜLER

1555 2355 14 37 I

1555 2433 219 39 Fontainen
1804 2436 153 47 greifen
1987 2436 180 40 schmale
2196 2438 125 39 Arme
2350 2441 40 36 in
2415 2440 67 38 die
2512 2441 157 38 Linnen

1553 2500 72 38 des
1658 2501 216 49 Himmels,
1904 2504 74 38 der
2006 2505 39 36 in
2075 2506 120 38 einen
2223 2505 146 40 Abend
2399 2507 192 40 schwebt.

1552 2568 87 38 Wir
1667 2569 141 38 stehen
1839 2578 162 31 stumm.
2060 2573 83 37 Wir
2173 2572 130 39 haben
2328 2576 65 36 ein
2424 2575 229 40 Besinnen:

1551 2646 46 28 so
1627 2636 193 39 heimlich
1851 2638 92 38 dem
1973 2638 172 41 Akkord
2175 2643 214 36 entrinnen

1550 2714 80 27 von
1661 2704 214 48 Schritten,
1905 2706 75 38 der
2008 2707 79 38 den
2119 2707 107 38 Park
2255 2709 153 38 umlebt
2437 2738 9 9 .
2477 2740 7 8 .
2515 2738 9 11 .

1552 2823 77 37 Die
1661 2824 195 38 Schwäne
1886 2826 183 38 träumen
2098 2826 70 38 auf
2196 2827 93 39 dem
2319 2831 158 37 runden
2507 2830 165 39 Teiche.

1552 2891 78 37 Die
1659 2891 288 39 Wasserrosen
1976 2893 93 39 sind
2098 2896 40 36 in
2168 2895 141 38 Schlaf
2335 2897 239 39 verdammt.

1552 2958 52 38 Es
1634 2958 231 49 explodiert
1894 2961 65 37 die
1991 2961 131 38 Nacht
2150 2963 70 37 auf
2246 2975 75 26 uns
2350 2964 72 38 das
2451 2973 105 30 erste
2587 2966 182 39 Bleiche.

1552 3025 174 39 Erstarrt
1754 3028 50 36 ist
1833 3038 123 27 unser
1986 3028 117 38 Blick
2126 3058 76 10 ...
2227 3032 75 37 wir
2323 3031 144 39 sinken
2493 3034 39 36 in
2557 3033 71 38 das
2651 3034 139 38 reiche

1551 3092 219 50 Begreifen
1801 3096 113 37 eines
1943 3095 89 48 Rot,
2063 3096 70 38 das
2162 3097 92 38 bald
2285 3099 232 38 entflammt.

1551 3217 32 38 II

1550 3300 69 39 Ich
1647 3301 82 38 will
1759 3302 94 38 dich
1884 3302 110 38 nicht
2021 3304 207 37 verlassen
2259 3305 82 38 und
2371 3307 247 39 verzweifelt
2646 3311 91 36 sein

1549 3379 48 27 an
1628 3368 212 48 Abenden,
1868 3380 49 26 an
1949 3369 126 39 Ufern
2106 3371 82 37 und
2217 3382 48 27 an
2295 3372 196 40 Wänden.

1550 3436 68 38 Ich
1630 3436 118 38 ahnte
1760 3436 226 47 dich,—du
1999 3438 194 38 bist—du
2204 3439 154 48 bringst
2367 3442 77 36 mir
2452 3443 154 37 wieauf
2613 3443 175 39 Händen

1549 3503 95 38 dich
1673 3503 126 39 selbst
1827 3505 81 36 und
1938 3504 173 39 schließt
2141 3506 93 38 dich
2265 3508 71 36 mit
2365 3510 78 36 mir
2471 3511 79 36 ein.

1549 3622 68 38 Ich
1646 3623 69 37 bin
1745 3623 105 38 noch
1880 3624 110 38 nicht
2019 3624 161 38 erklärt.
2232 3626 68 38 Ich
2331 3626 68 39 bin
2430 3628 72 39 der
2532 3629 256 40 Schwermut

1625 3698 196 30 untertan.

1548 3758 94 38 Was
1672 3760 50 36 ist
1751 3758 92 38 dein
1874 3758 159 38 Fleisch
2063 3761 40 36 in
2134 3761 162 38 meinen
2325 3761 172 40 Armen!

1549 3826 128 38 Wann
1696 3826 99 37 wird
1816 3825 65 38 die
1895 3825 155 39 Stunde
2063 3828 106 38 sein:
2194 3829 49 37 da
2255 3827 64 40 ich
2335 3831 77 36 mir
2425 3830 126 39 selbst
2566 3831 221 39 Erbarmen

1548 3892 84 40 und
1660 3892 209 40 Wünsche
1897 3893 183 40 schenke
2187 3897 82 37 und
2300 3908 48 27 zu
2378 3905 132 31 atmen
2541 3897 117 49 fange
2688 3899 78 38 an?

260 428 564 193 DER
1042 433 1753 188 ZWEEMANN

261 655 905 71 MONATSBLÄTTER
1232 658 200 71 FÜR
1498 668 579 66 DICHTUNG
2141 673 226 63 UND
2436 675 360 64 KUNST

257 746 581 54 HERAUSGEGEBEN
861 752 147 48 VON
1041 752 178 48 HANS
1249 754 516 51 SCHIEBELHUTH
1801 757 144 48 UND
1976 759 333 51 CHRISTOF
2336 762 460 50 SPENGEMANN
