<?xml version="1.0" encoding="UTF-8"?>
<alto xmlns:xsi="http://www.w3.org/2001/XMLSchema-instance" xmlns="http://www.loc.gov/standards/alto/ns-v2#" xsi:schemaLocation="http://www.loc.gov/standards/alto/ns-v2# http://www.loc.gov/standards/alto/alto-v2.0.xsd" xmlns:xlink="http://www.w3.org/1999/xlink">
	<Description>
		<MeasurementUnit>mm10</MeasurementUnit>
		<sourceImageInformation>
			<fileName>//fileserver7/IN2/Princeton/Batch5/bmtnabi/1855/09/15_01/00000272.tif</fileName>
		</sourceImageInformation>
		<OCRProcessing ID="OCRPROCESSING_1">
			<preProcessingStep>
				<processingSoftware>
					<softwareCreator>CCS Content Conversion Specialists GmbH, Germany</softwareCreator>
					<softwareName>CCS docWORKS</softwareName>
					<softwareVersion>6.6-1.18</softwareVersion>
				</processingSoftware>
			</preProcessingStep>
			<ocrProcessingStep>
				<processingSoftware>
					<softwareCreator>ABBYY (BIT Software), Russia</softwareCreator>
					<softwareName>FineReader</softwareName>
					<softwareVersion>10.0</softwareVersion>
				</processingSoftware>
			</ocrProcessingStep>
		</OCRProcessing>
	</Description>
	<Styles>
		<TextStyle ID="TXT_0" FONTSIZE="10" FONTFAMILY="Times New Roman"/>
		<TextStyle ID="TXT_1" FONTSIZE="15" FONTFAMILY="Times New Roman"/>
		<TextStyle ID="TXT_2" FONTSIZE="13" FONTFAMILY="Times New Roman" FONTSTYLE="bold"/>
		<TextStyle ID="TXT_3" FONTSIZE="13" FONTFAMILY="Times New Roman"/>
		<ParagraphStyle ID="PAR_RIGHT" ALIGN="Right"/>
		<ParagraphStyle ID="PAR_BLOCK" ALIGN="Block"/>
		<ParagraphStyle ID="PAR_LEFT" ALIGN="Left"/>
	</Styles>
	<Layout>
		<Page ID="P2" PHYSICAL_IMG_NR="2" HEIGHT="4485" WIDTH="3558" PRINTED_IMG_NR="290" PC="0.944">
			<TopMargin ID="P2_TM00001" HPOS="0" VPOS="0" WIDTH="3558" HEIGHT="227">
				<TextBlock ID="P2_TB00001" HPOS="1763" VPOS="170" WIDTH="91" HEIGHT="54" STYLEREFS="TXT_0 PAR_RIGHT">
					<TextLine ID="P2_TL00001" HPOS="1763" VPOS="170" WIDTH="91" HEIGHT="54">
						<String ID="P2_ST00001" HPOS="1763" VPOS="170" WIDTH="91" HEIGHT="54" CONTENT="290" WC="1.00" CC="000"/>
					</TextLine>
				</TextBlock>
			</TopMargin>
			<LeftMargin ID="P2_LM00001" HPOS="0" VPOS="227" WIDTH="225" HEIGHT="3907"/>
			<RightMargin ID="P2_RM00001" HPOS="3433" VPOS="227" WIDTH="125" HEIGHT="3907"/>
			<BottomMargin ID="P2_BM00001" HPOS="0" VPOS="4134" WIDTH="3558" HEIGHT="351"/>
			<PrintSpace ID="P2_PS00001" HPOS="225" VPOS="227" WIDTH="3208" HEIGHT="3907">
				<TextBlock ID="P2_TB00002" HPOS="225" VPOS="308" WIDTH="1541" HEIGHT="3492" STYLEREFS="TXT_1 PAR_BLOCK">
					<TextLine ID="P2_TL00002" HPOS="225" VPOS="308" WIDTH="1529" HEIGHT="68">
						<String ID="P2_ST00002" HPOS="225" VPOS="308" WIDTH="131" HEIGHT="68" CONTENT="spielt" SUBS_TYPE="HypPart2" SUBS_CONTENT="gespielt" WC="0.98" CC="460061"/>
						<SP ID="P2_SP00001" HPOS="356" VPOS="376" WIDTH="28"/>
						<String ID="P2_ST00003" HPOS="384" VPOS="308" WIDTH="115" HEIGHT="51" CONTENT="habe" WC="0.97" CC="6170"/>
						<SP ID="P2_SP00002" HPOS="499" VPOS="376" WIDTH="32"/>
						<String ID="P2_ST00004" HPOS="531" VPOS="310" WIDTH="80" HEIGHT="49" CONTENT="mit" WC="0.95" CC="613"/>
						<SP ID="P2_SP00003" HPOS="611" VPOS="376" WIDTH="29"/>
						<String ID="P2_ST00005" HPOS="640" VPOS="308" WIDTH="101" HEIGHT="53" CONTENT="dem" WC="0.94" CC="626"/>
						<SP ID="P2_SP00004" HPOS="741" VPOS="376" WIDTH="30"/>
						<String ID="P2_ST00006" HPOS="771" VPOS="308" WIDTH="203" HEIGHT="59" CONTENT="Gelühle," WC="0.62" CC="50717305"/>
						<SP ID="P2_SP00005" HPOS="974" VPOS="376" WIDTH="41"/>
						<String ID="P2_ST00007" HPOS="1015" VPOS="310" WIDTH="64" HEIGHT="49" CONTENT="als" WC="0.95" CC="632"/>
						<SP ID="P2_SP00006" HPOS="1079" VPOS="376" WIDTH="43"/>
						<String ID="P2_ST00008" HPOS="1122" VPOS="310" WIDTH="61" HEIGHT="49" CONTENT="sei" WC="0.98" CC="400"/>
						<SP ID="P2_SP00007" HPOS="1183" VPOS="376" WIDTH="39"/>
						<String ID="P2_ST00009" HPOS="1222" VPOS="326" WIDTH="50" HEIGHT="33" CONTENT="er" WC="1.00" CC="00"/>
						<SP ID="P2_SP00008" HPOS="1272" VPOS="376" WIDTH="44"/>
						<String ID="P2_ST00010" HPOS="1316" VPOS="308" WIDTH="140" HEIGHT="51" CONTENT="selbst" WC="0.99" CC="002605"/>
						<SP ID="P2_SP00009" HPOS="1456" VPOS="376" WIDTH="40"/>
						<String ID="P2_ST00011" HPOS="1496" VPOS="308" WIDTH="258" HEIGHT="68" CONTENT="gestorben." WC="0.99" CC="6005710232"/>
					</TextLine>
					<TextLine ID="P2_TL00003" HPOS="225" VPOS="391" WIDTH="1533" HEIGHT="60">
						<String ID="P2_ST00012" HPOS="225" VPOS="392" WIDTH="61" HEIGHT="49" CONTENT="Es" WC="0.93" CC="10"/>
						<SP ID="P2_SP00010" HPOS="286" VPOS="441" WIDTH="32"/>
						<String ID="P2_ST00013" HPOS="318" VPOS="409" WIDTH="94" HEIGHT="32" CONTENT="war" WC="1.00" CC="000"/>
						<SP ID="P2_SP00011" HPOS="412" VPOS="441" WIDTH="29"/>
						<String ID="P2_ST00014" HPOS="441" VPOS="392" WIDTH="105" HEIGHT="59" CONTENT="ihm," WC="0.97" CC="1534"/>
						<SP ID="P2_SP00012" HPOS="546" VPOS="451" WIDTH="40"/>
						<String ID="P2_ST00015" HPOS="586" VPOS="394" WIDTH="63" HEIGHT="48" CONTENT="als" WC="0.94" CC="753"/>
						<SP ID="P2_SP00013" HPOS="649" VPOS="451" WIDTH="40"/>
						<String ID="P2_ST00016" HPOS="689" VPOS="391" WIDTH="61" HEIGHT="51" CONTENT="sei" WC="1.00" CC="001"/>
						<SP ID="P2_SP00014" HPOS="750" VPOS="451" WIDTH="31"/>
						<String ID="P2_ST00017" HPOS="781" VPOS="409" WIDTH="49" HEIGHT="33" CONTENT="er" WC="0.83" CC="03"/>
						<SP ID="P2_SP00015" HPOS="830" VPOS="451" WIDTH="26"/>
						<String ID="P2_ST00018" HPOS="856" VPOS="392" WIDTH="45" HEIGHT="50" CONTENT="in" WC="0.64" CC="07"/>
						<SP ID="P2_SP00016" HPOS="901" VPOS="451" WIDTH="30"/>
						<String ID="P2_ST00019" HPOS="931" VPOS="392" WIDTH="145" HEIGHT="50" CONTENT="einem" WC="0.99" CC="00306"/>
						<SP ID="P2_SP00017" HPOS="1076" VPOS="451" WIDTH="31"/>
						<String ID="P2_ST00020" HPOS="1107" VPOS="394" WIDTH="87" HEIGHT="49" CONTENT="See" WC="1.00" CC="000"/>
						<SP ID="P2_SP00018" HPOS="1194" VPOS="451" WIDTH="29"/>
						<String ID="P2_ST00021" HPOS="1223" VPOS="394" WIDTH="271" HEIGHT="55" CONTENT="ertrunken;" WC="0.99" CC="0070062004"/>
						<SP ID="P2_SP00019" HPOS="1494" VPOS="451" WIDTH="47"/>
						<String ID="P2_ST00022" HPOS="1541" VPOS="392" WIDTH="217" HEIGHT="59" CONTENT="schwere," WC="1.00" CC="00500600"/>
					</TextLine>
					<TextLine ID="P2_TL00004" HPOS="225" VPOS="472" WIDTH="1534" HEIGHT="70">
						<String ID="P2_ST00023" HPOS="225" VPOS="472" WIDTH="184" HEIGHT="50" CONTENT="eiskalte" WC="0.99" CC="00050650"/>
						<SP ID="P2_SP00020" HPOS="409" VPOS="522" WIDTH="31"/>
						<String ID="P2_ST00024" HPOS="440" VPOS="475" WIDTH="195" HEIGHT="67" CONTENT="Tropfen" WC="0.98" CC="0349800"/>
						<SP ID="P2_SP00021" HPOS="635" VPOS="542" WIDTH="42"/>
						<String ID="P2_ST00025" HPOS="677" VPOS="474" WIDTH="132" HEIGHT="49" CONTENT="fielen" WC="0.99" CC="221000"/>
						<SP ID="P2_SP00022" HPOS="809" VPOS="542" WIDTH="28"/>
						<String ID="P2_ST00026" HPOS="837" VPOS="475" WIDTH="92" HEIGHT="48" CONTENT="ihm" WC="0.95" CC="066"/>
						<SP ID="P2_SP00023" HPOS="929" VPOS="542" WIDTH="29"/>
						<String ID="P2_ST00027" HPOS="958" VPOS="475" WIDTH="42" HEIGHT="48" CONTENT="in" WC="0.86" CC="02"/>
						<SP ID="P2_SP00024" HPOS="1000" VPOS="542" WIDTH="30"/>
						<String ID="P2_ST00028" HPOS="1030" VPOS="474" WIDTH="343" HEIGHT="67" CONTENT="regelmässiger" WC="1.00" CC="1031055050006"/>
						<SP ID="P2_SP00025" HPOS="1373" VPOS="542" WIDTH="31"/>
						<String ID="P2_ST00029" HPOS="1404" VPOS="474" WIDTH="142" HEIGHT="67" CONTENT="Folge" WC="0.98" CC="04090"/>
						<SP ID="P2_SP00026" HPOS="1546" VPOS="542" WIDTH="29"/>
						<String ID="P2_ST00030" HPOS="1575" VPOS="476" WIDTH="79" HEIGHT="48" CONTENT="auf" WC="0.95" CC="345"/>
						<SP ID="P2_SP00027" HPOS="1654" VPOS="542" WIDTH="35"/>
						<String ID="P2_ST00031" HPOS="1689" VPOS="475" WIDTH="70" HEIGHT="49" CONTENT="die" WC="0.98" CC="500"/>
					</TextLine>
					<TextLine ID="P2_TL00005" HPOS="226" VPOS="555" WIDTH="1532" HEIGHT="60">
						<String ID="P2_ST00032" HPOS="226" VPOS="555" WIDTH="154" HEIGHT="57" CONTENT="Brust," WC="0.98" CC="734090"/>
						<SP ID="P2_SP00028" HPOS="380" VPOS="612" WIDTH="32"/>
						<String ID="P2_ST00033" HPOS="412" VPOS="555" WIDTH="91" HEIGHT="49" CONTENT="und" WC="0.95" CC="058"/>
						<SP ID="P2_SP00029" HPOS="503" VPOS="612" WIDTH="28"/>
						<String ID="P2_ST00034" HPOS="531" VPOS="555" WIDTH="62" HEIGHT="49" CONTENT="als" WC="0.99" CC="020"/>
						<SP ID="P2_SP00030" HPOS="593" VPOS="612" WIDTH="31"/>
						<String ID="P2_ST00035" HPOS="624" VPOS="555" WIDTH="69" HEIGHT="48" CONTENT="ich" WC="0.97" CC="303"/>
						<SP ID="P2_SP00031" HPOS="693" VPOS="612" WIDTH="25"/>
						<String ID="P2_ST00036" HPOS="718" VPOS="555" WIDTH="75" HEIGHT="49" CONTENT="ihn" WC="0.96" CC="044"/>
						<SP ID="P2_SP00032" HPOS="793" VPOS="612" WIDTH="18"/>
						<String ID="P2_ST00037" HPOS="811" VPOS="574" WIDTH="92" HEIGHT="32" CONTENT="nun" WC="0.98" CC="221"/>
						<SP ID="P2_SP00033" HPOS="903" VPOS="612" WIDTH="26"/>
						<String ID="P2_ST00038" HPOS="929" VPOS="556" WIDTH="160" HEIGHT="50" CONTENT="darauf" WC="0.99" CC="309000"/>
						<SP ID="P2_SP00034" HPOS="1089" VPOS="612" WIDTH="20"/>
						<String ID="P2_ST00039" HPOS="1109" VPOS="557" WIDTH="297" HEIGHT="49" CONTENT="aufmerksam" WC="0.99" CC="2106004330"/>
						<SP ID="P2_SP00035" HPOS="1406" VPOS="612" WIDTH="32"/>
						<String ID="P2_ST00040" HPOS="1438" VPOS="556" WIDTH="191" HEIGHT="59" CONTENT="machte," WC="1.00" CC="3002001"/>
						<SP ID="P2_SP00036" HPOS="1629" VPOS="615" WIDTH="29"/>
						<String ID="P2_ST00041" HPOS="1658" VPOS="556" WIDTH="100" HEIGHT="50" CONTENT="dass" WC="0.91" CC="0300"/>
					</TextLine>
					<TextLine ID="P2_TL00006" HPOS="229" VPOS="636" WIDTH="1530" HEIGHT="67">
						<String ID="P2_ST00042" HPOS="229" VPOS="636" WIDTH="70" HEIGHT="48" CONTENT="die" WC="1.00" CC="000"/>
						<SP ID="P2_SP00037" HPOS="299" VPOS="684" WIDTH="24"/>
						<String ID="P2_ST00043" HPOS="323" VPOS="637" WIDTH="194" HEIGHT="66" CONTENT="Tropfen" WC="0.98" CC="4529800"/>
						<SP ID="P2_SP00038" HPOS="517" VPOS="703" WIDTH="31"/>
						<String ID="P2_ST00044" HPOS="548" VPOS="637" WIDTH="199" HEIGHT="50" CONTENT="wirklich" WC="0.99" CC="80123503"/>
						<SP ID="P2_SP00039" HPOS="747" VPOS="703" WIDTH="31"/>
						<String ID="P2_ST00045" HPOS="778" VPOS="639" WIDTH="83" HEIGHT="48" CONTENT="wie" WC="0.99" CC="002"/>
						<SP ID="P2_SP00040" HPOS="861" VPOS="703" WIDTH="30"/>
						<String ID="P2_ST00046" HPOS="891" VPOS="639" WIDTH="58" HEIGHT="48" CONTENT="im" WC="0.71" CC="05"/>
						<SP ID="P2_SP00041" HPOS="949" VPOS="703" WIDTH="29"/>
						<String ID="P2_ST00047" HPOS="978" VPOS="640" WIDTH="139" HEIGHT="48" CONTENT="Tacte" WC="0.82" CC="05030"/>
						<SP ID="P2_SP00042" HPOS="1117" VPOS="703" WIDTH="29"/>
						<String ID="P2_ST00048" HPOS="1146" VPOS="639" WIDTH="79" HEIGHT="49" CONTENT="auf" WC="0.97" CC="420"/>
						<SP ID="P2_SP00043" HPOS="1225" VPOS="703" WIDTH="24"/>
						<String ID="P2_ST00049" HPOS="1249" VPOS="639" WIDTH="76" HEIGHT="49" CONTENT="das" WC="0.97" CC="053"/>
						<SP ID="P2_SP00044" HPOS="1325" VPOS="703" WIDTH="24"/>
						<String ID="P2_ST00050" HPOS="1349" VPOS="639" WIDTH="126" HEIGHT="48" CONTENT="Dach" WC="0.99" CC="4200"/>
						<SP ID="P2_SP00045" HPOS="1475" VPOS="703" WIDTH="32"/>
						<String ID="P2_ST00051" HPOS="1507" VPOS="639" WIDTH="144" HEIGHT="58" CONTENT="fielen," WC="0.99" CC="0005064"/>
						<SP ID="P2_SP00046" HPOS="1651" VPOS="703" WIDTH="31"/>
						<String ID="P2_ST00052" HPOS="1682" VPOS="637" WIDTH="52" HEIGHT="50" CONTENT="be" SUBS_TYPE="HypPart1" SUBS_CONTENT="behauptete" WC="0.96" CC="62"/>
						<HYP HPOS="1734" VPOS="637" WIDTH="25" CONTENT="-"/>
					</TextLine>
					<TextLine ID="P2_TL00007" HPOS="228" VPOS="717" WIDTH="1533" HEIGHT="69">
						<String ID="P2_ST00053" HPOS="228" VPOS="717" WIDTH="214" HEIGHT="66" CONTENT="hauptete" SUBS_TYPE="HypPart2" SUBS_CONTENT="behauptete" WC="0.98" CC="72597060"/>
						<SP ID="P2_SP00047" HPOS="442" VPOS="783" WIDTH="30"/>
						<String ID="P2_ST00054" HPOS="472" VPOS="735" WIDTH="63" HEIGHT="38" CONTENT="er," WC="0.97" CC="080"/>
						<SP ID="P2_SP00048" HPOS="535" VPOS="783" WIDTH="48"/>
						<String ID="P2_ST00055" HPOS="583" VPOS="719" WIDTH="79" HEIGHT="49" CONTENT="das" WC="1.00" CC="001"/>
						<SP ID="P2_SP00049" HPOS="662" VPOS="783" WIDTH="39"/>
						<String ID="P2_ST00056" HPOS="701" VPOS="719" WIDTH="121" HEIGHT="49" CONTENT="nicht" WC="0.97" CC="91076"/>
						<SP ID="P2_SP00050" HPOS="822" VPOS="783" WIDTH="31"/>
						<String ID="P2_ST00057" HPOS="853" VPOS="720" WIDTH="162" HEIGHT="66" CONTENT="gehört" WC="0.99" CC="006600"/>
						<SP ID="P2_SP00051" HPOS="1015" VPOS="786" WIDTH="31"/>
						<String ID="P2_ST00058" HPOS="1046" VPOS="739" WIDTH="52" HEIGHT="29" CONTENT="zu" WC="0.77" CC="40"/>
						<SP ID="P2_SP00052" HPOS="1098" VPOS="786" WIDTH="31"/>
						<String ID="P2_ST00059" HPOS="1129" VPOS="719" WIDTH="159" HEIGHT="50" CONTENT="haben." WC="0.98" CC="505036"/>
						<SP ID="P2_SP00053" HPOS="1288" VPOS="786" WIDTH="57"/>
						<String ID="P2_ST00060" HPOS="1345" VPOS="720" WIDTH="64" HEIGHT="48" CONTENT="Er" WC="0.69" CC="41"/>
						<SP ID="P2_SP00054" HPOS="1409" VPOS="786" WIDTH="29"/>
						<String ID="P2_ST00061" HPOS="1438" VPOS="720" WIDTH="157" HEIGHT="48" CONTENT="wurde" WC="0.99" CC="00090"/>
						<SP ID="P2_SP00055" HPOS="1595" VPOS="786" WIDTH="32"/>
						<String ID="P2_ST00062" HPOS="1627" VPOS="735" WIDTH="134" HEIGHT="50" CONTENT="sogar" WC="0.99" CC="00024"/>
					</TextLine>
					<TextLine ID="P2_TL00008" HPOS="229" VPOS="799" WIDTH="1533" HEIGHT="70">
						<String ID="P2_ST00063" HPOS="229" VPOS="799" WIDTH="232" HEIGHT="64" CONTENT="ärgerlich," WC="0.99" CC="2090004061"/>
						<SP ID="P2_SP00056" HPOS="461" VPOS="863" WIDTH="31"/>
						<String ID="P2_ST00064" HPOS="492" VPOS="800" WIDTH="62" HEIGHT="48" CONTENT="als" WC="0.99" CC="200"/>
						<SP ID="P2_SP00057" HPOS="554" VPOS="863" WIDTH="29"/>
						<String ID="P2_ST00065" HPOS="583" VPOS="800" WIDTH="69" HEIGHT="49" CONTENT="ich" WC="1.00" CC="000"/>
						<SP ID="P2_SP00058" HPOS="652" VPOS="863" WIDTH="32"/>
						<String ID="P2_ST00066" HPOS="684" VPOS="819" WIDTH="86" HEIGHT="32" CONTENT="von" WC="0.97" CC="006"/>
						<SP ID="P2_SP00059" HPOS="770" VPOS="863" WIDTH="28"/>
						<String ID="P2_ST00067" HPOS="798" VPOS="802" WIDTH="361" HEIGHT="50" CONTENT="nachahmender" WC="0.99" CC="000740006801"/>
						<SP ID="P2_SP00060" HPOS="1159" VPOS="863" WIDTH="22"/>
						<String ID="P2_ST00068" HPOS="1181" VPOS="801" WIDTH="281" HEIGHT="51" CONTENT="Tonmalerei" WC="0.99" CC="0070640300"/>
						<SP ID="P2_SP00061" HPOS="1462" VPOS="863" WIDTH="31"/>
						<String ID="P2_ST00069" HPOS="1493" VPOS="802" WIDTH="174" HEIGHT="67" CONTENT="sprach." WC="0.98" CC="6994060"/>
						<SP ID="P2_SP00062" HPOS="1667" VPOS="869" WIDTH="33"/>
						<String ID="P2_ST00070" HPOS="1700" VPOS="804" WIDTH="62" HEIGHT="45" CONTENT="Er" WC="0.78" CC="04"/>
					</TextLine>
					<TextLine ID="P2_TL00009" HPOS="232" VPOS="880" WIDTH="1527" HEIGHT="69">
						<String ID="P2_ST00071" HPOS="232" VPOS="880" WIDTH="152" HEIGHT="48" CONTENT="eiferte" WC="0.99" CC="0005360"/>
						<SP ID="P2_SP00063" HPOS="384" VPOS="928" WIDTH="30"/>
						<String ID="P2_ST00072" HPOS="414" VPOS="881" WIDTH="41" HEIGHT="48" CONTENT="in" WC="0.46" CC="37"/>
						<SP ID="P2_SP00064" HPOS="455" VPOS="929" WIDTH="32"/>
						<String ID="P2_ST00073" HPOS="487" VPOS="881" WIDTH="160" HEIGHT="50" CONTENT="vollem" WC="0.98" CC="404416"/>
						<SP ID="P2_SP00065" HPOS="647" VPOS="931" WIDTH="29"/>
						<String ID="P2_ST00074" HPOS="676" VPOS="884" WIDTH="163" HEIGHT="56" CONTENT="Zorne," WC="0.99" CC="015320"/>
						<SP ID="P2_SP00066" HPOS="839" VPOS="940" WIDTH="40"/>
						<String ID="P2_ST00075" HPOS="879" VPOS="884" WIDTH="93" HEIGHT="48" CONTENT="und" WC="0.98" CC="140"/>
						<SP ID="P2_SP00067" HPOS="972" VPOS="940" WIDTH="39"/>
						<String ID="P2_ST00076" HPOS="1011" VPOS="885" WIDTH="79" HEIGHT="47" CONTENT="mit" WC="0.98" CC="004"/>
						<SP ID="P2_SP00068" HPOS="1090" VPOS="940" WIDTH="32"/>
						<String ID="P2_ST00077" HPOS="1122" VPOS="884" WIDTH="160" HEIGHT="57" CONTENT="Recht," WC="0.98" CC="500444"/>
						<SP ID="P2_SP00069" HPOS="1282" VPOS="941" WIDTH="40"/>
						<String ID="P2_ST00078" HPOS="1322" VPOS="899" WIDTH="145" HEIGHT="50" CONTENT="gegen" WC="0.98" CC="07036"/>
						<SP ID="P2_SP00070" HPOS="1467" VPOS="949" WIDTH="32"/>
						<String ID="P2_ST00079" HPOS="1499" VPOS="884" WIDTH="77" HEIGHT="48" CONTENT="das" WC="0.96" CC="062"/>
						<SP ID="P2_SP00071" HPOS="1576" VPOS="949" WIDTH="30"/>
						<String ID="P2_ST00080" HPOS="1606" VPOS="884" WIDTH="128" HEIGHT="48" CONTENT="Kindi" SUBS_TYPE="HypPart1" SUBS_CONTENT="Kindische" WC="1.00" CC="20000"/>
						<HYP HPOS="1734" VPOS="884" WIDTH="25" CONTENT="-"/>
					</TextLine>
					<TextLine ID="P2_TL00010" HPOS="230" VPOS="961" WIDTH="1532" HEIGHT="70">
						<String ID="P2_ST00081" HPOS="230" VPOS="961" WIDTH="103" HEIGHT="50" CONTENT="sche" SUBS_TYPE="HypPart2" SUBS_CONTENT="Kindische" WC="0.99" CC="0060"/>
						<SP ID="P2_SP00072" HPOS="333" VPOS="1011" WIDTH="24"/>
						<String ID="P2_ST00082" HPOS="357" VPOS="962" WIDTH="129" HEIGHT="65" CONTENT="jener" WC="0.98" CC="50701"/>
						<SP ID="P2_SP00073" HPOS="486" VPOS="1027" WIDTH="29"/>
						<String ID="P2_ST00083" HPOS="515" VPOS="964" WIDTH="397" HEIGHT="67" CONTENT="Nachahmungen." WC="0.99" CC="6001030308553"/>
						<SP ID="P2_SP00074" HPOS="912" VPOS="1031" WIDTH="45"/>
						<String ID="P2_ST00084" HPOS="957" VPOS="966" WIDTH="101" HEIGHT="49" CONTENT="Sein" WC="0.97" CC="0508"/>
						<SP ID="P2_SP00075" HPOS="1058" VPOS="1031" WIDTH="32"/>
						<String ID="P2_ST00085" HPOS="1090" VPOS="966" WIDTH="126" HEIGHT="49" CONTENT="Geist" WC="1.00" CC="40000"/>
						<SP ID="P2_SP00076" HPOS="1216" VPOS="1031" WIDTH="39"/>
						<String ID="P2_ST00086" HPOS="1255" VPOS="982" WIDTH="95" HEIGHT="33" CONTENT="war" WC="0.98" CC="031"/>
						<SP ID="P2_SP00077" HPOS="1350" VPOS="1031" WIDTH="40"/>
						<String ID="P2_ST00087" HPOS="1390" VPOS="965" WIDTH="147" HEIGHT="50" CONTENT="erfüllt" WC="1.00" CC="2030000"/>
						<SP ID="P2_SP00078" HPOS="1537" VPOS="1031" WIDTH="31"/>
						<String ID="P2_ST00088" HPOS="1568" VPOS="983" WIDTH="83" HEIGHT="32" CONTENT="von" WC="0.96" CC="045"/>
						<SP ID="P2_SP00079" HPOS="1651" VPOS="1031" WIDTH="31"/>
						<String ID="P2_ST00089" HPOS="1682" VPOS="965" WIDTH="80" HEIGHT="48" CONTENT="der" WC="1.00" CC="000"/>
					</TextLine>
					<TextLine ID="P2_TL00011" HPOS="230" VPOS="1044" WIDTH="1532" HEIGHT="66">
						<String ID="P2_ST00090" HPOS="230" VPOS="1044" WIDTH="418" HEIGHT="66" CONTENT="geheimnissvollen" WC="1.00" CC="9000006140020314"/>
						<SP ID="P2_SP00080" HPOS="648" VPOS="1110" WIDTH="28"/>
						<String ID="P2_ST00091" HPOS="676" VPOS="1048" WIDTH="246" HEIGHT="49" CONTENT="Harmonie" WC="0.99" CC="60400530"/>
						<SP ID="P2_SP00081" HPOS="922" VPOS="1110" WIDTH="31"/>
						<String ID="P2_ST00092" HPOS="953" VPOS="1048" WIDTH="79" HEIGHT="49" CONTENT="der" WC="1.00" CC="000"/>
						<SP ID="P2_SP00082" HPOS="1032" VPOS="1110" WIDTH="28"/>
						<String ID="P2_ST00093" HPOS="1060" VPOS="1049" WIDTH="158" HEIGHT="57" CONTENT="Natur," WC="0.99" CC="110030"/>
						<SP ID="P2_SP00083" HPOS="1218" VPOS="1110" WIDTH="45"/>
						<String ID="P2_ST00094" HPOS="1263" VPOS="1048" WIDTH="128" HEIGHT="48" CONTENT="allein" WC="0.98" CC="147007"/>
						<SP ID="P2_SP00084" HPOS="1391" VPOS="1110" WIDTH="44"/>
						<String ID="P2_ST00095" HPOS="1435" VPOS="1065" WIDTH="49" HEIGHT="31" CONTENT="er" WC="0.71" CC="05"/>
						<SP ID="P2_SP00085" HPOS="1484" VPOS="1110" WIDTH="40"/>
						<String ID="P2_ST00096" HPOS="1524" VPOS="1049" WIDTH="146" HEIGHT="48" CONTENT="stellte" WC="1.00" CC="0000030"/>
						<SP ID="P2_SP00086" HPOS="1670" VPOS="1110" WIDTH="31"/>
						<String ID="P2_ST00097" HPOS="1701" VPOS="1048" WIDTH="61" HEIGHT="48" CONTENT="sie" WC="1.00" CC="000"/>
					</TextLine>
					<TextLine ID="P2_TL00012" HPOS="232" VPOS="1126" WIDTH="1530" HEIGHT="61">
						<String ID="P2_ST00098" HPOS="232" VPOS="1126" WIDTH="142" HEIGHT="49" CONTENT="durch" WC="0.98" CC="66004"/>
						<SP ID="P2_SP00087" HPOS="374" VPOS="1175" WIDTH="30"/>
						<String ID="P2_ST00099" HPOS="404" VPOS="1126" WIDTH="226" HEIGHT="50" CONTENT="erhabene" WC="0.99" CC="00541000"/>
						<SP ID="P2_SP00088" HPOS="630" VPOS="1176" WIDTH="21"/>
						<String ID="P2_ST00100" HPOS="651" VPOS="1129" WIDTH="297" HEIGHT="49" CONTENT="Gleichbilder" WC="0.99" CC="042507800001"/>
						<SP ID="P2_SP00089" HPOS="948" VPOS="1178" WIDTH="28"/>
						<String ID="P2_ST00101" HPOS="976" VPOS="1130" WIDTH="42" HEIGHT="48" CONTENT="in" WC="0.85" CC="02"/>
						<SP ID="P2_SP00090" HPOS="1018" VPOS="1178" WIDTH="26"/>
						<String ID="P2_ST00102" HPOS="1044" VPOS="1130" WIDTH="332" HEIGHT="50" CONTENT="musicalischen" WC="0.99" CC="9700065600705"/>
						<SP ID="P2_SP00091" HPOS="1376" VPOS="1180" WIDTH="18"/>
						<String ID="P2_ST00103" HPOS="1394" VPOS="1130" WIDTH="242" HEIGHT="48" CONTENT="Gedanken" WC="0.99" CC="00006007"/>
						<SP ID="P2_SP00092" HPOS="1636" VPOS="1180" WIDTH="32"/>
						<String ID="P2_ST00104" HPOS="1668" VPOS="1129" WIDTH="94" HEIGHT="58" CONTENT="dar," WC="0.98" CC="0350"/>
					</TextLine>
					<TextLine ID="P2_TL00013" HPOS="230" VPOS="1208" WIDTH="1529" HEIGHT="69">
						<String ID="P2_ST00105" HPOS="230" VPOS="1208" WIDTH="123" HEIGHT="48" CONTENT="nicht" WC="0.98" CC="70063"/>
						<SP ID="P2_SP00093" HPOS="353" VPOS="1256" WIDTH="27"/>
						<String ID="P2_ST00106" HPOS="380" VPOS="1209" WIDTH="141" HEIGHT="48" CONTENT="durch" WC="0.98" CC="00623"/>
						<SP ID="P2_SP00094" HPOS="521" VPOS="1257" WIDTH="22"/>
						<String ID="P2_ST00107" HPOS="543" VPOS="1210" WIDTH="96" HEIGHT="48" CONTENT="eine" WC="1.00" CC="0200"/>
						<SP ID="P2_SP00095" HPOS="639" VPOS="1258" WIDTH="23"/>
						<String ID="P2_ST00108" HPOS="662" VPOS="1210" WIDTH="236" HEIGHT="51" CONTENT="sclavische" WC="0.85" CC="0000024052"/>
						<SP ID="P2_SP00096" HPOS="898" VPOS="1261" WIDTH="19"/>
						<String ID="P2_ST00109" HPOS="917" VPOS="1211" WIDTH="362" HEIGHT="66" CONTENT="Wiederholung" WC="1.00" CC="002005600050"/>
						<SP ID="P2_SP00097" HPOS="1279" VPOS="1277" WIDTH="18"/>
						<String ID="P2_ST00110" HPOS="1297" VPOS="1215" WIDTH="208" HEIGHT="45" CONTENT="äusserer" WC="0.99" CC="06610404"/>
						<SP ID="P2_SP00098" HPOS="1505" VPOS="1277" WIDTH="18"/>
						<String ID="P2_ST00111" HPOS="1523" VPOS="1211" WIDTH="236" HEIGHT="65" CONTENT="Klänge*)." WC="0.99" CC="549600040"/>
					</TextLine>
					<TextLine ID="P2_TL00014" HPOS="230" VPOS="1289" WIDTH="1531" HEIGHT="70">
						<String ID="P2_ST00112" HPOS="230" VPOS="1289" WIDTH="146" HEIGHT="49" CONTENT="Wohl" WC="0.97" CC="2470"/>
						<SP ID="P2_SP00099" HPOS="376" VPOS="1338" WIDTH="31"/>
						<String ID="P2_ST00113" HPOS="407" VPOS="1307" WIDTH="95" HEIGHT="30" CONTENT="war" WC="0.96" CC="702"/>
						<SP ID="P2_SP00100" HPOS="502" VPOS="1338" WIDTH="27"/>
						<String ID="P2_ST00114" HPOS="529" VPOS="1290" WIDTH="68" HEIGHT="48" CONTENT="die" WC="1.00" CC="000"/>
						<SP ID="P2_SP00101" HPOS="597" VPOS="1338" WIDTH="24"/>
						<String ID="P2_ST00115" HPOS="621" VPOS="1290" WIDTH="322" HEIGHT="69" CONTENT="Composition," WC="0.72" CC="716015060031"/>
						<SP ID="P2_SP00102" HPOS="943" VPOS="1359" WIDTH="26"/>
						<String ID="P2_ST00116" HPOS="969" VPOS="1294" WIDTH="171" HEIGHT="47" CONTENT="welche" WC="0.99" CC="043062"/>
						<SP ID="P2_SP00103" HPOS="1140" VPOS="1359" WIDTH="22"/>
						<String ID="P2_ST00117" HPOS="1162" VPOS="1293" WIDTH="167" HEIGHT="49" CONTENT="diesem" WC="0.99" CC="005005"/>
						<SP ID="P2_SP00104" HPOS="1329" VPOS="1359" WIDTH="25"/>
						<String ID="P2_ST00118" HPOS="1354" VPOS="1293" WIDTH="192" HEIGHT="49" CONTENT="Abende" WC="0.99" CC="500400"/>
						<SP ID="P2_SP00105" HPOS="1546" VPOS="1359" WIDTH="28"/>
						<String ID="P2_ST00119" HPOS="1574" VPOS="1293" WIDTH="67" HEIGHT="48" CONTENT="ihr" WC="0.98" CC="005"/>
						<SP ID="P2_SP00106" HPOS="1641" VPOS="1359" WIDTH="31"/>
						<String ID="P2_ST00120" HPOS="1672" VPOS="1293" WIDTH="60" HEIGHT="47" CONTENT="Da" SUBS_TYPE="HypPart1" SUBS_CONTENT="Dasein" WC="0.96" CC="53"/>
						<HYP HPOS="1732" VPOS="1293" WIDTH="29" CONTENT="-"/>
					</TextLine>
					<TextLine ID="P2_TL00015" HPOS="233" VPOS="1371" WIDTH="1528" HEIGHT="70">
						<String ID="P2_ST00121" HPOS="233" VPOS="1371" WIDTH="94" HEIGHT="49" CONTENT="sein" SUBS_TYPE="HypPart2" SUBS_CONTENT="Dasein" WC="0.98" CC="6010"/>
						<SP ID="P2_SP00107" HPOS="327" VPOS="1420" WIDTH="30"/>
						<String ID="P2_ST00122" HPOS="357" VPOS="1371" WIDTH="257" HEIGHT="58" CONTENT="verdankte," WC="0.99" CC="0090079311"/>
						<SP ID="P2_SP00108" HPOS="614" VPOS="1429" WIDTH="43"/>
						<String ID="P2_ST00123" HPOS="657" VPOS="1374" WIDTH="86" HEIGHT="48" CONTENT="voll" WC="0.98" CC="0205"/>
						<SP ID="P2_SP00109" HPOS="743" VPOS="1429" WIDTH="41"/>
						<String ID="P2_ST00124" HPOS="784" VPOS="1392" WIDTH="85" HEIGHT="31" CONTENT="von" WC="0.97" CC="035"/>
						<SP ID="P2_SP00110" HPOS="869" VPOS="1429" WIDTH="34"/>
						<String ID="P2_ST00125" HPOS="903" VPOS="1374" WIDTH="136" HEIGHT="66" CONTENT="jenen" WC="0.99" CC="10203"/>
						<SP ID="P2_SP00111" HPOS="1039" VPOS="1440" WIDTH="31"/>
						<String ID="P2_ST00126" HPOS="1070" VPOS="1375" WIDTH="352" HEIGHT="66" CONTENT="Regentropfen," WC="1.00" CC="7003503500040"/>
						<SP ID="P2_SP00112" HPOS="1422" VPOS="1441" WIDTH="45"/>
						<String ID="P2_ST00127" HPOS="1467" VPOS="1375" WIDTH="68" HEIGHT="48" CONTENT="die" WC="0.99" CC="030"/>
						<SP ID="P2_SP00113" HPOS="1535" VPOS="1441" WIDTH="30"/>
						<String ID="P2_ST00128" HPOS="1565" VPOS="1375" WIDTH="79" HEIGHT="48" CONTENT="auf" WC="0.98" CC="230"/>
						<SP ID="P2_SP00114" HPOS="1644" VPOS="1441" WIDTH="35"/>
						<String ID="P2_ST00129" HPOS="1679" VPOS="1374" WIDTH="82" HEIGHT="49" CONTENT="das" WC="0.98" CC="005"/>
					</TextLine>
					<TextLine ID="P2_TL00016" HPOS="230" VPOS="1453" WIDTH="1531" HEIGHT="62">
						<String ID="P2_ST00130" HPOS="230" VPOS="1453" WIDTH="205" HEIGHT="49" CONTENT="hallende" WC="0.99" CC="73341200"/>
						<SP ID="P2_SP00115" HPOS="435" VPOS="1502" WIDTH="30"/>
						<String ID="P2_ST00131" HPOS="465" VPOS="1454" WIDTH="126" HEIGHT="48" CONTENT="Dach" WC="0.97" CC="9004"/>
						<SP ID="P2_SP00116" HPOS="591" VPOS="1502" WIDTH="30"/>
						<String ID="P2_ST00132" HPOS="621" VPOS="1454" WIDTH="79" HEIGHT="50" CONTENT="der" WC="0.99" CC="003"/>
						<SP ID="P2_SP00117" HPOS="700" VPOS="1504" WIDTH="24"/>
						<String ID="P2_ST00133" HPOS="724" VPOS="1455" WIDTH="249" HEIGHT="51" CONTENT="Carthause" WC="0.62" CC="714473500"/>
						<SP ID="P2_SP00118" HPOS="973" VPOS="1506" WIDTH="29"/>
						<String ID="P2_ST00134" HPOS="1002" VPOS="1458" WIDTH="303" HEIGHT="57" CONTENT="niederfielen," WC="1.00" CC="0000022214040"/>
						<SP ID="P2_SP00119" HPOS="1305" VPOS="1515" WIDTH="31"/>
						<String ID="P2_ST00135" HPOS="1336" VPOS="1457" WIDTH="110" HEIGHT="49" CONTENT="aber" WC="0.98" CC="0405"/>
						<SP ID="P2_SP00120" HPOS="1446" VPOS="1515" WIDTH="22"/>
						<String ID="P2_ST00136" HPOS="1468" VPOS="1458" WIDTH="121" HEIGHT="49" CONTENT="seine" WC="1.00" CC="00030"/>
						<SP ID="P2_SP00121" HPOS="1589" VPOS="1515" WIDTH="24"/>
						<String ID="P2_ST00137" HPOS="1613" VPOS="1457" WIDTH="119" HEIGHT="48" CONTENT="Phan" SUBS_TYPE="HypPart1" SUBS_CONTENT="Phantasie" WC="0.98" CC="3603"/>
						<HYP HPOS="1732" VPOS="1457" WIDTH="29" CONTENT="-"/>
					</TextLine>
					<TextLine ID="P2_TL00017" HPOS="228" VPOS="1534" WIDTH="1533" HEIGHT="71">
						<String ID="P2_ST00138" HPOS="228" VPOS="1534" WIDTH="110" HEIGHT="48" CONTENT="tasie" SUBS_TYPE="HypPart2" SUBS_CONTENT="Phantasie" WC="0.98" CC="06704"/>
						<SP ID="P2_SP00122" HPOS="338" VPOS="1582" WIDTH="32"/>
						<String ID="P2_ST00139" HPOS="370" VPOS="1535" WIDTH="89" HEIGHT="49" CONTENT="und" WC="0.95" CC="570"/>
						<SP ID="P2_SP00123" HPOS="459" VPOS="1584" WIDTH="32"/>
						<String ID="P2_ST00140" HPOS="491" VPOS="1535" WIDTH="120" HEIGHT="50" CONTENT="seine" WC="0.99" CC="00060"/>
						<SP ID="P2_SP00124" HPOS="611" VPOS="1585" WIDTH="29"/>
						<String ID="P2_ST00141" HPOS="640" VPOS="1537" WIDTH="192" HEIGHT="50" CONTENT="Melodie" WC="0.99" CC="4064010"/>
						<SP ID="P2_SP00125" HPOS="832" VPOS="1587" WIDTH="38"/>
						<String ID="P2_ST00142" HPOS="870" VPOS="1538" WIDTH="157" HEIGHT="51" CONTENT="hatten" WC="0.98" CC="634004"/>
						<SP ID="P2_SP00126" HPOS="1027" VPOS="1589" WIDTH="29"/>
						<String ID="P2_ST00143" HPOS="1056" VPOS="1539" WIDTH="61" HEIGHT="50" CONTENT="sie" WC="1.00" CC="000"/>
						<SP ID="P2_SP00127" HPOS="1117" VPOS="1589" WIDTH="33"/>
						<String ID="P2_ST00144" HPOS="1150" VPOS="1558" WIDTH="54" HEIGHT="31" CONTENT="zu" WC="0.41" CC="46"/>
						<SP ID="P2_SP00128" HPOS="1204" VPOS="1589" WIDTH="30"/>
						<String ID="P2_ST00145" HPOS="1234" VPOS="1540" WIDTH="213" HEIGHT="49" CONTENT="Thränen" WC="0.56" CC="0629506"/>
						<SP ID="P2_SP00129" HPOS="1447" VPOS="1589" WIDTH="39"/>
						<String ID="P2_ST00146" HPOS="1486" VPOS="1538" WIDTH="275" HEIGHT="67" CONTENT="vergeistigt," WC="1.00" CC="003000000003"/>
					</TextLine>
					<TextLine ID="P2_TL00018" HPOS="230" VPOS="1615" WIDTH="1148" HEIGHT="55">
						<String ID="P2_ST00147" HPOS="230" VPOS="1615" WIDTH="68" HEIGHT="49" CONTENT="die" WC="1.00" CC="001"/>
						<SP ID="P2_SP00130" HPOS="298" VPOS="1664" WIDTH="30"/>
						<String ID="P2_ST00148" HPOS="328" VPOS="1633" WIDTH="102" HEIGHT="32" CONTENT="vom" WC="0.95" CC="155"/>
						<SP ID="P2_SP00131" HPOS="430" VPOS="1665" WIDTH="29"/>
						<String ID="P2_ST00149" HPOS="459" VPOS="1617" WIDTH="197" HEIGHT="49" CONTENT="Himmel" WC="0.98" CC="520604"/>
						<SP ID="P2_SP00132" HPOS="656" VPOS="1666" WIDTH="30"/>
						<String ID="P2_ST00150" HPOS="686" VPOS="1618" WIDTH="139" HEIGHT="51" CONTENT="herab" WC="0.97" CC="60525"/>
						<SP ID="P2_SP00133" HPOS="825" VPOS="1669" WIDTH="29"/>
						<String ID="P2_ST00151" HPOS="854" VPOS="1620" WIDTH="77" HEIGHT="49" CONTENT="auf" WC="0.95" CC="066"/>
						<SP ID="P2_SP00134" HPOS="931" VPOS="1669" WIDTH="26"/>
						<String ID="P2_ST00152" HPOS="957" VPOS="1622" WIDTH="92" HEIGHT="48" CONTENT="sein" WC="0.99" CC="0004"/>
						<SP ID="P2_SP00135" HPOS="1049" VPOS="1670" WIDTH="30"/>
						<String ID="P2_ST00153" HPOS="1079" VPOS="1623" WIDTH="122" HEIGHT="47" CONTENT="Herz" WC="0.98" CC="5022"/>
						<SP ID="P2_SP00136" HPOS="1201" VPOS="1670" WIDTH="31"/>
						<String ID="P2_ST00154" HPOS="1232" VPOS="1620" WIDTH="146" HEIGHT="50" CONTENT="fielen." WC="0.99" CC="2210014"/>
					</TextLine>
					<TextLine ID="P2_TL00019" HPOS="364" VPOS="1698" WIDTH="1395" HEIGHT="70">
						<String ID="P2_ST00155" HPOS="364" VPOS="1737" WIDTH="16" HEIGHT="18" CONTENT="„" WC="0.66" CC="3"/>
						<SP ID="P2_SP00137" HPOS="380" VPOS="1755" WIDTH="15"/>
						<String ID="P2_ST00156" HPOS="395" VPOS="1698" WIDTH="210" HEIGHT="67" CONTENT="Chopin's" WC="0.98" CC="76060600"/>
						<SP ID="P2_SP00138" HPOS="605" VPOS="1765" WIDTH="30"/>
						<String ID="P2_ST00157" HPOS="635" VPOS="1700" WIDTH="140" HEIGHT="50" CONTENT="Genie" WC="0.99" CC="00700"/>
						<SP ID="P2_SP00139" HPOS="775" VPOS="1765" WIDTH="28"/>
						<String ID="P2_ST00158" HPOS="803" VPOS="1719" WIDTH="94" HEIGHT="32" CONTENT="war" WC="0.97" CC="033"/>
						<SP ID="P2_SP00140" HPOS="897" VPOS="1765" WIDTH="41"/>
						<String ID="P2_ST00159" HPOS="938" VPOS="1703" WIDTH="77" HEIGHT="49" CONTENT="das" WC="1.00" CC="000"/>
						<SP ID="P2_SP00141" HPOS="1015" VPOS="1765" WIDTH="41"/>
						<String ID="P2_ST00160" HPOS="1056" VPOS="1703" WIDTH="147" HEIGHT="51" CONTENT="tiefste" WC="1.00" CC="0050000"/>
						<SP ID="P2_SP00142" HPOS="1203" VPOS="1765" WIDTH="41"/>
						<String ID="P2_ST00161" HPOS="1244" VPOS="1703" WIDTH="92" HEIGHT="49" CONTENT="und" WC="0.97" CC="520"/>
						<SP ID="P2_SP00143" HPOS="1336" VPOS="1765" WIDTH="30"/>
						<String ID="P2_ST00162" HPOS="1366" VPOS="1703" WIDTH="171" HEIGHT="65" CONTENT="gefühl-" WC="0.61" CC="9040173"/>
						<SP ID="P2_SP00144" HPOS="1537" VPOS="1768" WIDTH="31"/>
						<String ID="P2_ST00163" HPOS="1568" VPOS="1702" WIDTH="91" HEIGHT="49" CONTENT="und" WC="0.96" CC="630"/>
						<SP ID="P2_SP00145" HPOS="1659" VPOS="1768" WIDTH="29"/>
						<String ID="P2_ST00164" HPOS="1688" VPOS="1718" WIDTH="48" HEIGHT="32" CONTENT="er" SUBS_TYPE="HypPart1" SUBS_CONTENT="erregungsvollste," WC="0.99" CC="00"/>
						<HYP HPOS="1736" VPOS="1718" WIDTH="23" CONTENT="-"/>
					</TextLine>
					<TextLine ID="P2_TL00020" HPOS="229" VPOS="1782" WIDTH="1530" HEIGHT="68">
						<String ID="P2_ST00165" HPOS="229" VPOS="1782" WIDTH="375" HEIGHT="63" CONTENT="regungsvollste," SUBS_TYPE="HypPart2" SUBS_CONTENT="erregungsvollste," WC="0.99" CC="931709700701200"/>
						<SP ID="P2_SP00146" HPOS="604" VPOS="1845" WIDTH="31"/>
						<String ID="P2_ST00166" HPOS="635" VPOS="1783" WIDTH="78" HEIGHT="48" CONTENT="das" WC="1.00" CC="001"/>
						<SP ID="P2_SP00147" HPOS="713" VPOS="1845" WIDTH="24"/>
						<String ID="P2_ST00167" HPOS="737" VPOS="1783" WIDTH="159" HEIGHT="65" CONTENT="jemals" WC="1.00" CC="000000"/>
						<SP ID="P2_SP00148" HPOS="896" VPOS="1848" WIDTH="25"/>
						<String ID="P2_ST00168" HPOS="921" VPOS="1784" WIDTH="52" HEIGHT="48" CONTENT="da" WC="0.78" CC="04"/>
						<SP ID="P2_SP00149" HPOS="973" VPOS="1848" WIDTH="32"/>
						<String ID="P2_ST00169" HPOS="1005" VPOS="1802" WIDTH="209" HEIGHT="48" CONTENT="gewesen" WC="1.00" CC="0700000"/>
						<SP ID="P2_SP00150" HPOS="1214" VPOS="1850" WIDTH="21"/>
						<String ID="P2_ST00170" HPOS="1235" VPOS="1785" WIDTH="71" HEIGHT="49" CONTENT="ist." WC="0.98" CC="0164"/>
						<SP ID="P2_SP00151" HPOS="1306" VPOS="1850" WIDTH="30"/>
						<String ID="P2_ST00171" HPOS="1336" VPOS="1785" WIDTH="63" HEIGHT="49" CONTENT="Er" WC="0.70" CC="05"/>
						<SP ID="P2_SP00152" HPOS="1399" VPOS="1850" WIDTH="30"/>
						<String ID="P2_ST00172" HPOS="1429" VPOS="1784" WIDTH="109" HEIGHT="50" CONTENT="lässt" WC="0.92" CC="00012"/>
						<SP ID="P2_SP00153" HPOS="1538" VPOS="1850" WIDTH="30"/>
						<String ID="P2_ST00173" HPOS="1568" VPOS="1784" WIDTH="69" HEIGHT="48" CONTENT="ein" WC="0.97" CC="006"/>
						<SP ID="P2_SP00154" HPOS="1637" VPOS="1850" WIDTH="31"/>
						<String ID="P2_ST00174" HPOS="1668" VPOS="1783" WIDTH="69" HEIGHT="49" CONTENT="ein" SUBS_TYPE="HypPart1" SUBS_CONTENT="einziges" WC="0.98" CC="005"/>
						<HYP HPOS="1737" VPOS="1783" WIDTH="22" CONTENT="-"/>
					</TextLine>
					<TextLine ID="P2_TL00021" HPOS="230" VPOS="1860" WIDTH="1531" HEIGHT="71">
						<String ID="P2_ST00175" HPOS="230" VPOS="1860" WIDTH="118" HEIGHT="65" CONTENT="ziges" SUBS_TYPE="HypPart2" SUBS_CONTENT="einziges" WC="0.96" CC="74942"/>
						<SP ID="P2_SP00155" HPOS="348" VPOS="1925" WIDTH="35"/>
						<String ID="P2_ST00176" HPOS="383" VPOS="1863" WIDTH="274" HEIGHT="48" CONTENT="Instrument" WC="0.99" CC="7104639026"/>
						<SP ID="P2_SP00156" HPOS="657" VPOS="1925" WIDTH="30"/>
						<String ID="P2_ST00177" HPOS="687" VPOS="1864" WIDTH="69" HEIGHT="48" CONTENT="die" WC="1.00" CC="001"/>
						<SP ID="P2_SP00157" HPOS="756" VPOS="1925" WIDTH="31"/>
						<String ID="P2_ST00178" HPOS="787" VPOS="1865" WIDTH="199" HEIGHT="66" CONTENT="Sprache" WC="0.98" CC="2970050"/>
						<SP ID="P2_SP00158" HPOS="986" VPOS="1931" WIDTH="41"/>
						<String ID="P2_ST00179" HPOS="1027" VPOS="1867" WIDTH="80" HEIGHT="48" CONTENT="der" WC="0.98" CC="005"/>
						<SP ID="P2_SP00159" HPOS="1107" VPOS="1931" WIDTH="27"/>
						<String ID="P2_ST00180" HPOS="1134" VPOS="1865" WIDTH="341" HEIGHT="50" CONTENT="Unendlichkeit" WC="1.00" CC="2400030050006"/>
						<SP ID="P2_SP00160" HPOS="1475" VPOS="1931" WIDTH="29"/>
						<String ID="P2_ST00181" HPOS="1504" VPOS="1865" WIDTH="164" HEIGHT="58" CONTENT="reden;" WC="0.98" CC="500074"/>
						<SP ID="P2_SP00161" HPOS="1668" VPOS="1931" WIDTH="43"/>
						<String ID="P2_ST00182" HPOS="1711" VPOS="1881" WIDTH="50" HEIGHT="33" CONTENT="er" WC="0.84" CC="03"/>
					</TextLine>
					<TextLine ID="P2_TL00022" HPOS="230" VPOS="1942" WIDTH="1529" HEIGHT="75">
						<String ID="P2_ST00183" HPOS="230" VPOS="1942" WIDTH="76" HEIGHT="49" CONTENT="hat" WC="0.96" CC="650"/>
						<SP ID="P2_SP00162" HPOS="306" VPOS="1991" WIDTH="31"/>
						<String ID="P2_ST00184" HPOS="337" VPOS="1943" WIDTH="63" HEIGHT="48" CONTENT="oft" WC="0.97" CC="204"/>
						<SP ID="P2_SP00163" HPOS="400" VPOS="1991" WIDTH="30"/>
						<String ID="P2_ST00185" HPOS="430" VPOS="1943" WIDTH="42" HEIGHT="49" CONTENT="in" WC="0.32" CC="66"/>
						<SP ID="P2_SP00164" HPOS="472" VPOS="1992" WIDTH="29"/>
						<String ID="P2_ST00186" HPOS="501" VPOS="1943" WIDTH="113" HEIGHT="49" CONTENT="zehn" WC="0.97" CC="4056"/>
						<SP ID="P2_SP00165" HPOS="614" VPOS="1992" WIDTH="29"/>
						<String ID="P2_ST00187" HPOS="643" VPOS="1945" WIDTH="170" HEIGHT="58" CONTENT="Linien," WC="1.00" CC="3000014"/>
						<SP ID="P2_SP00166" HPOS="813" VPOS="2003" WIDTH="31"/>
						<String ID="P2_ST00188" HPOS="844" VPOS="1947" WIDTH="68" HEIGHT="48" CONTENT="die" WC="0.99" CC="002"/>
						<SP ID="P2_SP00167" HPOS="912" VPOS="2003" WIDTH="31"/>
						<String ID="P2_ST00189" HPOS="943" VPOS="1947" WIDTH="68" HEIGHT="49" CONTENT="ein" WC="0.97" CC="304"/>
						<SP ID="P2_SP00168" HPOS="1011" VPOS="2003" WIDTH="30"/>
						<String ID="P2_ST00190" HPOS="1041" VPOS="1948" WIDTH="119" HEIGHT="51" CONTENT="Kind" WC="0.98" CC="6010"/>
						<SP ID="P2_SP00169" HPOS="1160" VPOS="2003" WIDTH="29"/>
						<String ID="P2_ST00191" HPOS="1189" VPOS="1948" WIDTH="168" HEIGHT="69" CONTENT="spielen" WC="0.99" CC="0800503"/>
						<SP ID="P2_SP00170" HPOS="1357" VPOS="2017" WIDTH="26"/>
						<String ID="P2_ST00192" HPOS="1383" VPOS="1948" WIDTH="168" HEIGHT="48" CONTENT="könnte" WC="0.99" CC="030150"/>
						<SP ID="P2_SP00171" HPOS="1551" VPOS="2017" WIDTH="17"/>
						<String ID="P2_ST00193" HPOS="1568" VPOS="1947" WIDTH="72" HEIGHT="67" CONTENT="[?]," WC="0.84" CC="0220"/>
						<SP ID="P2_SP00172" HPOS="1640" VPOS="2017" WIDTH="32"/>
						<String ID="P2_ST00194" HPOS="1672" VPOS="1947" WIDTH="58" HEIGHT="48" CONTENT="Ge" SUBS_TYPE="HypPart1" SUBS_CONTENT="Gedichte" WC="0.99" CC="00"/>
						<HYP HPOS="1730" VPOS="1947" WIDTH="29" CONTENT="-"/>
					</TextLine>
					<TextLine ID="P2_TL00023" HPOS="229" VPOS="2024" WIDTH="1530" HEIGHT="71">
						<String ID="P2_ST00195" HPOS="229" VPOS="2024" WIDTH="146" HEIGHT="48" CONTENT="dichte" SUBS_TYPE="HypPart2" SUBS_CONTENT="Gedichte" WC="0.98" CC="050465"/>
						<SP ID="P2_SP00173" HPOS="375" VPOS="2072" WIDTH="42"/>
						<String ID="P2_ST00196" HPOS="417" VPOS="2042" WIDTH="85" HEIGHT="32" CONTENT="von" WC="0.97" CC="061"/>
						<SP ID="P2_SP00174" HPOS="502" VPOS="2074" WIDTH="41"/>
						<String ID="P2_ST00197" HPOS="543" VPOS="2025" WIDTH="270" HEIGHT="51" CONTENT="erhabenem" WC="1.00" CC="032050100"/>
						<SP ID="P2_SP00175" HPOS="813" VPOS="2076" WIDTH="31"/>
						<String ID="P2_ST00198" HPOS="844" VPOS="2028" WIDTH="246" HEIGHT="67" CONTENT="Schwung," WC="0.99" CC="00460090"/>
						<SP ID="P2_SP00176" HPOS="1090" VPOS="2095" WIDTH="42"/>
						<String ID="P2_ST00199" HPOS="1132" VPOS="2031" WIDTH="201" HEIGHT="48" CONTENT="Dramen" WC="0.99" CC="050500"/>
						<SP ID="P2_SP00177" HPOS="1333" VPOS="2095" WIDTH="44"/>
						<String ID="P2_ST00200" HPOS="1377" VPOS="2047" WIDTH="88" HEIGHT="32" CONTENT="von" WC="0.96" CC="405"/>
						<SP ID="P2_SP00178" HPOS="1465" VPOS="2095" WIDTH="42"/>
						<String ID="P2_ST00201" HPOS="1507" VPOS="2028" WIDTH="252" HEIGHT="66" CONTENT="beispiellos" WC="1.00" CC="70010004021"/>
					</TextLine>
					<TextLine ID="P2_TL00024" HPOS="228" VPOS="2107" WIDTH="1533" HEIGHT="70">
						<String ID="P2_ST00202" HPOS="228" VPOS="2107" WIDTH="303" HEIGHT="65" CONTENT="ergreifender" WC="0.99" CC="159900020004"/>
						<SP ID="P2_SP00179" HPOS="531" VPOS="2172" WIDTH="33"/>
						<String ID="P2_ST00203" HPOS="564" VPOS="2108" WIDTH="176" HEIGHT="50" CONTENT="Gewalt" WC="0.99" CC="400133"/>
						<SP ID="P2_SP00180" HPOS="740" VPOS="2172" WIDTH="29"/>
						<String ID="P2_ST00204" HPOS="769" VPOS="2109" WIDTH="212" HEIGHT="65" CONTENT="gebannt." WC="1.00" CC="00000304"/>
						<SP ID="P2_SP00181" HPOS="981" VPOS="2174" WIDTH="56"/>
						<String ID="P2_ST00205" HPOS="1037" VPOS="2112" WIDTH="193" HEIGHT="48" CONTENT="Niemals" WC="0.99" CC="7001520"/>
						<SP ID="P2_SP00182" HPOS="1230" VPOS="2174" WIDTH="39"/>
						<String ID="P2_ST00206" HPOS="1269" VPOS="2112" WIDTH="76" HEIGHT="48" CONTENT="hat" WC="0.94" CC="555"/>
						<SP ID="P2_SP00183" HPOS="1345" VPOS="2174" WIDTH="38"/>
						<String ID="P2_ST00207" HPOS="1383" VPOS="2128" WIDTH="50" HEIGHT="32" CONTENT="er" WC="0.79" CC="12"/>
						<SP ID="P2_SP00184" HPOS="1433" VPOS="2174" WIDTH="38"/>
						<String ID="P2_ST00208" HPOS="1471" VPOS="2112" WIDTH="70" HEIGHT="48" CONTENT="die" WC="0.99" CC="001"/>
						<SP ID="P2_SP00185" HPOS="1541" VPOS="2174" WIDTH="30"/>
						<String ID="P2_ST00209" HPOS="1571" VPOS="2127" WIDTH="190" HEIGHT="50" CONTENT="grossen" WC="0.98" CC="0906206"/>
					</TextLine>
					<TextLine ID="P2_TL00025" HPOS="230" VPOS="2188" WIDTH="1529" HEIGHT="69">
						<String ID="P2_ST00210" HPOS="230" VPOS="2188" WIDTH="275" HEIGHT="50" CONTENT="materiellen" WC="0.99" CC="94604507603"/>
						<SP ID="P2_SP00186" HPOS="505" VPOS="2238" WIDTH="29"/>
						<String ID="P2_ST00211" HPOS="534" VPOS="2189" WIDTH="145" HEIGHT="49" CONTENT="Mittel" WC="0.99" CC="065000"/>
						<SP ID="P2_SP00187" HPOS="679" VPOS="2238" WIDTH="35"/>
						<String ID="P2_ST00212" HPOS="714" VPOS="2192" WIDTH="159" HEIGHT="65" CONTENT="nöthig" WC="0.77" CC="704200"/>
						<SP ID="P2_SP00188" HPOS="873" VPOS="2257" WIDTH="39"/>
						<String ID="P2_ST00213" HPOS="912" VPOS="2192" WIDTH="181" HEIGHT="65" CONTENT="gehabt," WC="0.98" CC="9014500"/>
						<SP ID="P2_SP00189" HPOS="1093" VPOS="2257" WIDTH="45"/>
						<String ID="P2_ST00214" HPOS="1138" VPOS="2211" WIDTH="75" HEIGHT="30" CONTENT="um" WC="1.00" CC="00"/>
						<SP ID="P2_SP00190" HPOS="1213" VPOS="2257" WIDTH="32"/>
						<String ID="P2_ST00215" HPOS="1245" VPOS="2193" WIDTH="91" HEIGHT="48" CONTENT="sein" WC="0.99" CC="0140"/>
						<SP ID="P2_SP00191" HPOS="1336" VPOS="2257" WIDTH="31"/>
						<String ID="P2_ST00216" HPOS="1367" VPOS="2193" WIDTH="140" HEIGHT="48" CONTENT="Genie" WC="1.00" CC="00210"/>
						<SP ID="P2_SP00192" HPOS="1507" VPOS="2257" WIDTH="30"/>
						<String ID="P2_ST00217" HPOS="1537" VPOS="2211" WIDTH="53" HEIGHT="29" CONTENT="zu" WC="0.42" CC="46"/>
						<SP ID="P2_SP00193" HPOS="1590" VPOS="2257" WIDTH="31"/>
						<String ID="P2_ST00218" HPOS="1621" VPOS="2192" WIDTH="115" HEIGHT="48" CONTENT="offen" SUBS_TYPE="HypPart1" SUBS_CONTENT="offenbaren." WC="0.98" CC="14904"/>
						<HYP HPOS="1736" VPOS="2192" WIDTH="23" CONTENT="-"/>
					</TextLine>
					<TextLine ID="P2_TL00026" HPOS="230" VPOS="2269" WIDTH="1531" HEIGHT="73">
						<String ID="P2_ST00219" HPOS="230" VPOS="2269" WIDTH="151" HEIGHT="50" CONTENT="baren." SUBS_TYPE="HypPart2" SUBS_CONTENT="offenbaren." WC="0.98" CC="710063"/>
						<SP ID="P2_SP00194" HPOS="381" VPOS="2319" WIDTH="56"/>
						<String ID="P2_ST00220" HPOS="437" VPOS="2272" WIDTH="62" HEIGHT="47" CONTENT="Er" WC="0.71" CC="32"/>
						<SP ID="P2_SP00195" HPOS="499" VPOS="2319" WIDTH="41"/>
						<String ID="P2_ST00221" HPOS="540" VPOS="2271" WIDTH="217" HEIGHT="50" CONTENT="brauchte" WC="0.99" CC="62003600"/>
						<SP ID="P2_SP00196" HPOS="757" VPOS="2321" WIDTH="40"/>
						<String ID="P2_ST00222" HPOS="797" VPOS="2274" WIDTH="155" HEIGHT="49" CONTENT="weder" WC="0.98" CC="80005"/>
						<SP ID="P2_SP00197" HPOS="952" VPOS="2323" WIDTH="30"/>
						<String ID="P2_ST00223" HPOS="982" VPOS="2276" WIDTH="273" HEIGHT="66" CONTENT="Saxophone" WC="0.99" CC="001307060"/>
						<SP ID="P2_SP00198" HPOS="1255" VPOS="2342" WIDTH="42"/>
						<String ID="P2_ST00224" HPOS="1297" VPOS="2274" WIDTH="118" HEIGHT="50" CONTENT="noch" WC="0.98" CC="4004"/>
						<SP ID="P2_SP00199" HPOS="1415" VPOS="2342" WIDTH="29"/>
						<String ID="P2_ST00225" HPOS="1444" VPOS="2273" WIDTH="317" HEIGHT="69" CONTENT="Ophikleiden," WC="0.68" CC="707260080023"/>
					</TextLine>
					<TextLine ID="P2_TL00027" HPOS="232" VPOS="2351" WIDTH="1529" HEIGHT="61">
						<String ID="P2_ST00226" HPOS="232" VPOS="2367" WIDTH="74" HEIGHT="32" CONTENT="um" WC="0.26" CC="49"/>
						<SP ID="P2_SP00200" HPOS="306" VPOS="2399" WIDTH="32"/>
						<String ID="P2_ST00227" HPOS="338" VPOS="2351" WIDTH="69" HEIGHT="48" CONTENT="die" WC="0.98" CC="060"/>
						<SP ID="P2_SP00201" HPOS="407" VPOS="2399" WIDTH="29"/>
						<String ID="P2_ST00228" HPOS="436" VPOS="2352" WIDTH="130" HEIGHT="48" CONTENT="Seele" WC="0.99" CC="00033"/>
						<SP ID="P2_SP00202" HPOS="566" VPOS="2400" WIDTH="29"/>
						<String ID="P2_ST00229" HPOS="595" VPOS="2353" WIDTH="77" HEIGHT="48" CONTENT="des" WC="1.00" CC="000"/>
						<SP ID="P2_SP00203" HPOS="672" VPOS="2401" WIDTH="32"/>
						<String ID="P2_ST00230" HPOS="704" VPOS="2354" WIDTH="173" HEIGHT="50" CONTENT="Hörers" WC="0.97" CC="796040"/>
						<SP ID="P2_SP00204" HPOS="877" VPOS="2404" WIDTH="30"/>
						<String ID="P2_ST00231" HPOS="907" VPOS="2356" WIDTH="79" HEIGHT="47" CONTENT="mit" WC="0.99" CC="100"/>
						<SP ID="P2_SP00205" HPOS="986" VPOS="2404" WIDTH="28"/>
						<String ID="P2_ST00232" HPOS="1014" VPOS="2356" WIDTH="256" HEIGHT="49" CONTENT="Schrecken" WC="0.99" CC="205500005"/>
						<SP ID="P2_SP00206" HPOS="1270" VPOS="2405" WIDTH="32"/>
						<String ID="P2_ST00233" HPOS="1302" VPOS="2375" WIDTH="53" HEIGHT="29" CONTENT="zu" WC="0.78" CC="04"/>
						<SP ID="P2_SP00207" HPOS="1355" VPOS="2405" WIDTH="27"/>
						<String ID="P2_ST00234" HPOS="1382" VPOS="2356" WIDTH="379" HEIGHT="56" CONTENT="durchschauern," WC="1.00" CC="02002002250400"/>
					</TextLine>
					<TextLine ID="P2_TL00028" HPOS="232" VPOS="2433" WIDTH="1531" HEIGHT="65">
						<String ID="P2_ST00235" HPOS="232" VPOS="2433" WIDTH="127" HEIGHT="47" CONTENT="keine" WC="0.96" CC="80665"/>
						<SP ID="P2_SP00208" HPOS="359" VPOS="2480" WIDTH="31"/>
						<String ID="P2_ST00236" HPOS="390" VPOS="2433" WIDTH="141" HEIGHT="65" CONTENT="Orgel" WC="0.98" CC="66001"/>
						<SP ID="P2_SP00209" HPOS="531" VPOS="2498" WIDTH="31"/>
						<String ID="P2_ST00237" HPOS="562" VPOS="2434" WIDTH="115" HEIGHT="49" CONTENT="noch" WC="0.97" CC="3404"/>
						<SP ID="P2_SP00210" HPOS="677" VPOS="2498" WIDTH="29"/>
						<String ID="P2_ST00238" HPOS="706" VPOS="2434" WIDTH="149" HEIGHT="50" CONTENT="Chöre" WC="0.97" CC="86033"/>
						<SP ID="P2_SP00211" HPOS="855" VPOS="2498" WIDTH="31"/>
						<String ID="P2_ST00239" HPOS="886" VPOS="2453" WIDTH="86" HEIGHT="32" CONTENT="von" WC="0.98" CC="006"/>
						<SP ID="P2_SP00212" HPOS="972" VPOS="2498" WIDTH="23"/>
						<String ID="P2_ST00240" HPOS="995" VPOS="2437" WIDTH="468" HEIGHT="57" CONTENT="Menschenstimmen," WC="1.00" CC="4002002500050003"/>
						<SP ID="P2_SP00213" HPOS="1463" VPOS="2498" WIDTH="31"/>
						<String ID="P2_ST00241" HPOS="1494" VPOS="2455" WIDTH="74" HEIGHT="30" CONTENT="um" WC="0.79" CC="40"/>
						<SP ID="P2_SP00214" HPOS="1568" VPOS="2498" WIDTH="33"/>
						<String ID="P2_ST00242" HPOS="1601" VPOS="2437" WIDTH="61" HEIGHT="48" CONTENT="sie" WC="0.99" CC="030"/>
						<SP ID="P2_SP00215" HPOS="1662" VPOS="2498" WIDTH="30"/>
						<String ID="P2_ST00243" HPOS="1692" VPOS="2437" WIDTH="71" HEIGHT="47" CONTENT="für" WC="0.98" CC="130"/>
					</TextLine>
					<TextLine ID="P2_TL00029" HPOS="232" VPOS="2513" WIDTH="1530" HEIGHT="73">
						<String ID="P2_ST00244" HPOS="232" VPOS="2513" WIDTH="201" HEIGHT="51" CONTENT="Glauben" WC="0.98" CC="5850405"/>
						<SP ID="P2_SP00216" HPOS="433" VPOS="2564" WIDTH="46"/>
						<String ID="P2_ST00245" HPOS="479" VPOS="2516" WIDTH="92" HEIGHT="48" CONTENT="und" WC="0.99" CC="020"/>
						<SP ID="P2_SP00217" HPOS="571" VPOS="2564" WIDTH="39"/>
						<String ID="P2_ST00246" HPOS="610" VPOS="2517" WIDTH="328" HEIGHT="66" CONTENT="Begeisterung" WC="0.99" CC="609000030059"/>
						<SP ID="P2_SP00218" HPOS="938" VPOS="2583" WIDTH="43"/>
						<String ID="P2_ST00247" HPOS="981" VPOS="2518" WIDTH="296" HEIGHT="68" CONTENT="empfänglich" WC="0.99" CC="00005707003"/>
						<SP ID="P2_SP00219" HPOS="1277" VPOS="2586" WIDTH="45"/>
						<String ID="P2_ST00248" HPOS="1322" VPOS="2537" WIDTH="55" HEIGHT="31" CONTENT="zu" WC="0.58" CC="43"/>
						<SP ID="P2_SP00220" HPOS="1377" VPOS="2586" WIDTH="39"/>
						<String ID="P2_ST00249" HPOS="1416" VPOS="2518" WIDTH="202" HEIGHT="50" CONTENT="machen." WC="1.00" CC="0104000"/>
						<SP ID="P2_SP00221" HPOS="1618" VPOS="2586" WIDTH="60"/>
						<String ID="P2_ST00250" HPOS="1678" VPOS="2518" WIDTH="84" HEIGHT="48" CONTENT="Die" WC="0.96" CC="530"/>
					</TextLine>
					<TextLine ID="P2_TL00030" HPOS="230" VPOS="2597" WIDTH="1531" HEIGHT="66">
						<String ID="P2_ST00251" HPOS="230" VPOS="2613" WIDTH="159" HEIGHT="47" CONTENT="grosse" WC="0.97" CC="956064"/>
						<SP ID="P2_SP00222" HPOS="389" VPOS="2660" WIDTH="29"/>
						<String ID="P2_ST00252" HPOS="418" VPOS="2598" WIDTH="165" HEIGHT="65" CONTENT="Menge" WC="0.98" CC="70090"/>
						<SP ID="P2_SP00223" HPOS="583" VPOS="2663" WIDTH="31"/>
						<String ID="P2_ST00253" HPOS="614" VPOS="2597" WIDTH="76" HEIGHT="50" CONTENT="hat" WC="0.96" CC="135"/>
						<SP ID="P2_SP00224" HPOS="690" VPOS="2663" WIDTH="29"/>
						<String ID="P2_ST00254" HPOS="719" VPOS="2600" WIDTH="73" HEIGHT="48" CONTENT="ihn" WC="0.96" CC="306"/>
						<SP ID="P2_SP00225" HPOS="792" VPOS="2663" WIDTH="30"/>
						<String ID="P2_ST00255" HPOS="822" VPOS="2600" WIDTH="119" HEIGHT="49" CONTENT="nicht" WC="0.99" CC="00135"/>
						<SP ID="P2_SP00226" HPOS="941" VPOS="2663" WIDTH="31"/>
						<String ID="P2_ST00256" HPOS="972" VPOS="2601" WIDTH="190" HEIGHT="48" CONTENT="erkannt" WC="0.98" CC="6074463"/>
						<SP ID="P2_SP00227" HPOS="1162" VPOS="2663" WIDTH="39"/>
						<String ID="P2_ST00257" HPOS="1201" VPOS="2601" WIDTH="90" HEIGHT="49" CONTENT="und" WC="0.98" CC="050"/>
						<SP ID="P2_SP00228" HPOS="1291" VPOS="2663" WIDTH="30"/>
						<String ID="P2_ST00258" HPOS="1321" VPOS="2601" WIDTH="192" HEIGHT="49" CONTENT="erkennt" WC="0.98" CC="5400425"/>
						<SP ID="P2_SP00229" HPOS="1513" VPOS="2663" WIDTH="29"/>
						<String ID="P2_ST00259" HPOS="1542" VPOS="2601" WIDTH="74" HEIGHT="48" CONTENT="ihn" WC="0.95" CC="056"/>
						<SP ID="P2_SP00230" HPOS="1616" VPOS="2663" WIDTH="29"/>
						<String ID="P2_ST00260" HPOS="1645" VPOS="2600" WIDTH="116" HEIGHT="49" CONTENT="noch" WC="0.99" CC="0004"/>
					</TextLine>
					<TextLine ID="P2_TL00031" HPOS="229" VPOS="2678" WIDTH="1529" HEIGHT="69">
						<String ID="P2_ST00261" HPOS="229" VPOS="2678" WIDTH="133" HEIGHT="49" CONTENT="nicht." WC="0.98" CC="800653"/>
						<SP ID="P2_SP00231" HPOS="362" VPOS="2727" WIDTH="40"/>
						<String ID="P2_ST00262" HPOS="402" VPOS="2680" WIDTH="62" HEIGHT="47" CONTENT="Es" WC="0.51" CC="63"/>
						<SP ID="P2_SP00232" HPOS="464" VPOS="2727" WIDTH="30"/>
						<String ID="P2_ST00263" HPOS="494" VPOS="2678" WIDTH="163" HEIGHT="50" CONTENT="bedarf" WC="0.98" CC="700159"/>
						<SP ID="P2_SP00233" HPOS="657" VPOS="2728" WIDTH="22"/>
						<String ID="P2_ST00264" HPOS="679" VPOS="2680" WIDTH="120" HEIGHT="49" CONTENT="eines" WC="1.00" CC="00400"/>
						<SP ID="P2_SP00234" HPOS="799" VPOS="2729" WIDTH="24"/>
						<String ID="P2_ST00265" HPOS="823" VPOS="2697" WIDTH="190" HEIGHT="50" CONTENT="grossen" WC="0.99" CC="3450007"/>
						<SP ID="P2_SP00235" HPOS="1013" VPOS="2747" WIDTH="30"/>
						<String ID="P2_ST00266" HPOS="1043" VPOS="2683" WIDTH="319" HEIGHT="50" CONTENT="Fortschrittes" WC="0.99" CC="0023017320604"/>
						<SP ID="P2_SP00236" HPOS="1362" VPOS="2747" WIDTH="30"/>
						<String ID="P2_ST00267" HPOS="1392" VPOS="2682" WIDTH="59" HEIGHT="48" CONTENT="im" WC="0.86" CC="02"/>
						<SP ID="P2_SP00237" HPOS="1451" VPOS="2747" WIDTH="31"/>
						<String ID="P2_ST00268" HPOS="1482" VPOS="2681" WIDTH="276" HEIGHT="51" CONTENT="Geschmack" WC="0.99" CC="000050508"/>
					</TextLine>
					<TextLine ID="P2_TL00032" HPOS="229" VPOS="2761" WIDTH="1529" HEIGHT="59">
						<String ID="P2_ST00269" HPOS="229" VPOS="2761" WIDTH="90" HEIGHT="47" CONTENT="und" WC="0.91" CC="879"/>
						<SP ID="P2_SP00238" HPOS="319" VPOS="2808" WIDTH="56"/>
						<String ID="P2_ST00270" HPOS="375" VPOS="2761" WIDTH="42" HEIGHT="47" CONTENT="in" WC="0.64" CC="07"/>
						<SP ID="P2_SP00239" HPOS="417" VPOS="2808" WIDTH="57"/>
						<String ID="P2_ST00271" HPOS="474" VPOS="2761" WIDTH="79" HEIGHT="48" CONTENT="der" WC="0.98" CC="023"/>
						<SP ID="P2_SP00240" HPOS="553" VPOS="2809" WIDTH="42"/>
						<String ID="P2_ST00272" HPOS="595" VPOS="2762" WIDTH="199" HEIGHT="50" CONTENT="Einsicht" WC="0.99" CC="21600074"/>
						<SP ID="P2_SP00241" HPOS="794" VPOS="2812" WIDTH="42"/>
						<String ID="P2_ST00273" HPOS="836" VPOS="2763" WIDTH="43" HEIGHT="50" CONTENT="in" WC="0.69" CC="06"/>
						<SP ID="P2_SP00242" HPOS="879" VPOS="2813" WIDTH="45"/>
						<String ID="P2_ST00274" HPOS="924" VPOS="2765" WIDTH="77" HEIGHT="48" CONTENT="das" WC="0.99" CC="010"/>
						<SP ID="P2_SP00243" HPOS="1001" VPOS="2813" WIDTH="57"/>
						<String ID="P2_ST00275" HPOS="1058" VPOS="2765" WIDTH="336" HEIGHT="55" CONTENT="Kunstschöne," WC="0.99" CC="007040065600"/>
						<SP ID="P2_SP00244" HPOS="1394" VPOS="2820" WIDTH="48"/>
						<String ID="P2_ST00276" HPOS="1442" VPOS="2763" WIDTH="137" HEIGHT="50" CONTENT="bevor" WC="0.99" CC="50000"/>
						<SP ID="P2_SP00245" HPOS="1579" VPOS="2820" WIDTH="60"/>
						<String ID="P2_ST00277" HPOS="1639" VPOS="2763" WIDTH="119" HEIGHT="50" CONTENT="seine" WC="1.00" CC="00200"/>
					</TextLine>
					<TextLine ID="P2_TL00033" HPOS="229" VPOS="2842" WIDTH="1532" HEIGHT="67">
						<String ID="P2_ST00278" HPOS="229" VPOS="2842" WIDTH="178" HEIGHT="50" CONTENT="Werke" WC="0.96" CC="86921"/>
						<SP ID="P2_SP00246" HPOS="407" VPOS="2892" WIDTH="32"/>
						<String ID="P2_ST00279" HPOS="439" VPOS="2842" WIDTH="187" HEIGHT="67" CONTENT="populär" WC="0.98" CC="0207496"/>
						<SP ID="P2_SP00247" HPOS="626" VPOS="2909" WIDTH="30"/>
						<String ID="P2_ST00280" HPOS="656" VPOS="2845" WIDTH="198" HEIGHT="48" CONTENT="werden." WC="0.98" CC="0540066"/>
						<SP ID="P2_SP00248" HPOS="854" VPOS="2909" WIDTH="58"/>
						<String ID="P2_ST00281" HPOS="912" VPOS="2846" WIDTH="61" HEIGHT="48" CONTENT="Es" WC="0.65" CC="06"/>
						<SP ID="P2_SP00249" HPOS="973" VPOS="2909" WIDTH="42"/>
						<String ID="P2_ST00282" HPOS="1015" VPOS="2846" WIDTH="111" HEIGHT="48" CONTENT="wird" WC="1.00" CC="0010"/>
						<SP ID="P2_SP00250" HPOS="1126" VPOS="2909" WIDTH="30"/>
						<String ID="P2_ST00283" HPOS="1156" VPOS="2847" WIDTH="97" HEIGHT="48" CONTENT="eine" WC="1.00" CC="0000"/>
						<SP ID="P2_SP00251" HPOS="1253" VPOS="2909" WIDTH="29"/>
						<String ID="P2_ST00284" HPOS="1282" VPOS="2847" WIDTH="96" HEIGHT="47" CONTENT="Zeit" WC="0.99" CC="0003"/>
						<SP ID="P2_SP00252" HPOS="1378" VPOS="2909" WIDTH="41"/>
						<String ID="P2_ST00285" HPOS="1419" VPOS="2847" WIDTH="225" HEIGHT="56" CONTENT="kommen," WC="0.99" CC="0150330"/>
						<SP ID="P2_SP00253" HPOS="1644" VPOS="2909" WIDTH="44"/>
						<String ID="P2_ST00286" HPOS="1688" VPOS="2862" WIDTH="73" HEIGHT="31" CONTENT="wo" WC="0.84" CC="03"/>
					</TextLine>
					<TextLine ID="P2_TL00034" HPOS="234" VPOS="2925" WIDTH="1529" HEIGHT="59">
						<String ID="P2_ST00287" HPOS="234" VPOS="2940" WIDTH="102" HEIGHT="32" CONTENT="man" WC="0.93" CC="854"/>
						<SP ID="P2_SP00254" HPOS="336" VPOS="2972" WIDTH="30"/>
						<String ID="P2_ST00288" HPOS="366" VPOS="2925" WIDTH="118" HEIGHT="48" CONTENT="seine" WC="0.97" CC="61670"/>
						<SP ID="P2_SP00255" HPOS="484" VPOS="2973" WIDTH="29"/>
						<String ID="P2_ST00289" HPOS="513" VPOS="2925" WIDTH="149" HEIGHT="48" CONTENT="Musik" WC="0.98" CC="66020"/>
						<SP ID="P2_SP00256" HPOS="662" VPOS="2973" WIDTH="42"/>
						<String ID="P2_ST00290" HPOS="704" VPOS="2926" WIDTH="70" HEIGHT="48" CONTENT="für" WC="0.95" CC="076"/>
						<SP ID="P2_SP00257" HPOS="774" VPOS="2974" WIDTH="38"/>
						<String ID="P2_ST00291" HPOS="812" VPOS="2926" WIDTH="77" HEIGHT="49" CONTENT="das" WC="0.97" CC="026"/>
						<SP ID="P2_SP00258" HPOS="889" VPOS="2975" WIDTH="33"/>
						<String ID="P2_ST00292" HPOS="922" VPOS="2927" WIDTH="249" HEIGHT="50" CONTENT="Orchester" WC="0.99" CC="360503602"/>
						<SP ID="P2_SP00259" HPOS="1171" VPOS="2977" WIDTH="30"/>
						<String ID="P2_ST00293" HPOS="1201" VPOS="2927" WIDTH="242" HEIGHT="50" CONTENT="einrichten" WC="0.99" CC="1062106600"/>
						<SP ID="P2_SP00260" HPOS="1443" VPOS="2977" WIDTH="31"/>
						<String ID="P2_ST00294" HPOS="1474" VPOS="2927" WIDTH="127" HEIGHT="57" CONTENT="wird," WC="0.99" CC="00501"/>
						<SP ID="P2_SP00261" HPOS="1601" VPOS="2984" WIDTH="44"/>
						<String ID="P2_ST00295" HPOS="1645" VPOS="2927" WIDTH="118" HEIGHT="50" CONTENT="ohne" WC="0.98" CC="0620"/>
					</TextLine>
					<TextLine ID="P2_TL00035" HPOS="234" VPOS="3005" WIDTH="1525" HEIGHT="69">
						<String ID="P2_ST00296" HPOS="234" VPOS="3021" WIDTH="57" HEIGHT="32" CONTENT="an" WC="0.47" CC="36"/>
						<SP ID="P2_SP00262" HPOS="291" VPOS="3053" WIDTH="43"/>
						<String ID="P2_ST00297" HPOS="334" VPOS="3005" WIDTH="116" HEIGHT="57" CONTENT="dem," WC="0.98" CC="0404"/>
						<SP ID="P2_SP00263" HPOS="450" VPOS="3062" WIDTH="43"/>
						<String ID="P2_ST00298" HPOS="493" VPOS="3022" WIDTH="94" HEIGHT="32" CONTENT="was" WC="0.97" CC="054"/>
						<SP ID="P2_SP00264" HPOS="587" VPOS="3062" WIDTH="41"/>
						<String ID="P2_ST00299" HPOS="628" VPOS="3006" WIDTH="71" HEIGHT="48" CONTENT="für" WC="0.95" CC="083"/>
						<SP ID="P2_SP00265" HPOS="699" VPOS="3062" WIDTH="43"/>
						<String ID="P2_ST00300" HPOS="742" VPOS="3007" WIDTH="76" HEIGHT="48" CONTENT="das" WC="0.97" CC="034"/>
						<SP ID="P2_SP00266" HPOS="818" VPOS="3062" WIDTH="46"/>
						<String ID="P2_ST00301" HPOS="864" VPOS="3007" WIDTH="171" HEIGHT="50" CONTENT="Ciavier" WC="0.99" CC="7640002"/>
						<SP ID="P2_SP00267" HPOS="1035" VPOS="3062" WIDTH="45"/>
						<String ID="P2_ST00302" HPOS="1080" VPOS="3007" WIDTH="291" HEIGHT="67" CONTENT="geschrieben" WC="0.99" CC="91102510500"/>
						<SP ID="P2_SP00268" HPOS="1371" VPOS="3074" WIDTH="43"/>
						<String ID="P2_ST00303" HPOS="1414" VPOS="3008" WIDTH="135" HEIGHT="58" CONTENT="steht," WC="0.99" CC="000610"/>
						<SP ID="P2_SP00269" HPOS="1549" VPOS="3074" WIDTH="55"/>
						<String ID="P2_ST00304" HPOS="1604" VPOS="3006" WIDTH="155" HEIGHT="66" CONTENT="irgend" WC="0.99" CC="100070"/>
					</TextLine>
					<TextLine ID="P2_TL00036" HPOS="235" VPOS="3087" WIDTH="1529" HEIGHT="62">
						<String ID="P2_ST00305" HPOS="235" VPOS="3094" WIDTH="140" HEIGHT="41" CONTENT="etwas" WC="0.97" CC="45900"/>
						<SP ID="P2_SP00270" HPOS="375" VPOS="3135" WIDTH="32"/>
						<String ID="P2_ST00306" HPOS="407" VPOS="3105" WIDTH="53" HEIGHT="30" CONTENT="zu" WC="0.72" CC="40"/>
						<SP ID="P2_SP00271" HPOS="460" VPOS="3135" WIDTH="31"/>
						<String ID="P2_ST00307" HPOS="491" VPOS="3087" WIDTH="184" HEIGHT="59" CONTENT="ändern," WC="0.99" CC="0750043"/>
						<SP ID="P2_SP00272" HPOS="675" VPOS="3146" WIDTH="30"/>
						<String ID="P2_ST00308" HPOS="705" VPOS="3090" WIDTH="90" HEIGHT="48" CONTENT="und" WC="0.98" CC="060"/>
						<SP ID="P2_SP00273" HPOS="795" VPOS="3146" WIDTH="32"/>
						<String ID="P2_ST00309" HPOS="827" VPOS="3091" WIDTH="81" HEIGHT="48" CONTENT="alle" WC="0.99" CC="3200"/>
						<SP ID="P2_SP00274" HPOS="908" VPOS="3146" WIDTH="25"/>
						<String ID="P2_ST00310" HPOS="933" VPOS="3091" WIDTH="130" HEIGHT="51" CONTENT="Welt" WC="0.98" CC="0313"/>
						<SP ID="P2_SP00275" HPOS="1063" VPOS="3146" WIDTH="31"/>
						<String ID="P2_ST00311" HPOS="1094" VPOS="3091" WIDTH="112" HEIGHT="50" CONTENT="wird" WC="0.98" CC="0060"/>
						<SP ID="P2_SP00276" HPOS="1206" VPOS="3146" WIDTH="29"/>
						<String ID="P2_ST00312" HPOS="1235" VPOS="3091" WIDTH="225" HEIGHT="58" CONTENT="einsehen," WC="0.99" CC="006006004"/>
						<SP ID="P2_SP00277" HPOS="1460" VPOS="3149" WIDTH="29"/>
						<String ID="P2_ST00313" HPOS="1489" VPOS="3091" WIDTH="101" HEIGHT="48" CONTENT="dass" WC="0.98" CC="0000"/>
						<SP ID="P2_SP00278" HPOS="1590" VPOS="3149" WIDTH="31"/>
						<String ID="P2_ST00314" HPOS="1621" VPOS="3090" WIDTH="143" HEIGHT="49" CONTENT="dieser" WC="1.00" CC="000003"/>
					</TextLine>
					<TextLine ID="P2_TL00037" HPOS="235" VPOS="3167" WIDTH="1527" HEIGHT="69">
						<String ID="P2_ST00315" HPOS="235" VPOS="3167" WIDTH="139" HEIGHT="59" CONTENT="Geist," WC="0.98" CC="704154"/>
						<SP ID="P2_SP00279" HPOS="374" VPOS="3226" WIDTH="29"/>
						<String ID="P2_ST00316" HPOS="403" VPOS="3167" WIDTH="79" HEIGHT="50" CONTENT="der" WC="0.96" CC="910"/>
						<SP ID="P2_SP00280" HPOS="482" VPOS="3226" WIDTH="29"/>
						<String ID="P2_ST00317" HPOS="511" VPOS="3168" WIDTH="114" HEIGHT="50" CONTENT="eben" WC="0.98" CC="0305"/>
						<SP ID="P2_SP00281" HPOS="625" VPOS="3226" WIDTH="32"/>
						<String ID="P2_ST00318" HPOS="657" VPOS="3188" WIDTH="48" HEIGHT="31" CONTENT="so" WC="0.72" CC="23"/>
						<SP ID="P2_SP00282" HPOS="705" VPOS="3226" WIDTH="32"/>
						<String ID="P2_ST00319" HPOS="737" VPOS="3188" WIDTH="145" HEIGHT="47" CONTENT="gross," WC="1.00" CC="060000"/>
						<SP ID="P2_SP00283" HPOS="882" VPOS="3235" WIDTH="39"/>
						<String ID="P2_ST00320" HPOS="921" VPOS="3171" WIDTH="113" HEIGHT="50" CONTENT="eben" WC="0.99" CC="0600"/>
						<SP ID="P2_SP00284" HPOS="1034" VPOS="3235" WIDTH="32"/>
						<String ID="P2_ST00321" HPOS="1066" VPOS="3189" WIDTH="49" HEIGHT="33" CONTENT="so" WC="1.00" CC="00"/>
						<SP ID="P2_SP00285" HPOS="1115" VPOS="3235" WIDTH="32"/>
						<String ID="P2_ST00322" HPOS="1147" VPOS="3172" WIDTH="272" HEIGHT="59" CONTENT="umfassend," WC="1.00" CC="5004200000"/>
						<SP ID="P2_SP00286" HPOS="1419" VPOS="3235" WIDTH="39"/>
						<String ID="P2_ST00323" HPOS="1458" VPOS="3171" WIDTH="116" HEIGHT="50" CONTENT="eben" WC="0.98" CC="0603"/>
						<SP ID="P2_SP00287" HPOS="1574" VPOS="3235" WIDTH="30"/>
						<String ID="P2_ST00324" HPOS="1604" VPOS="3189" WIDTH="50" HEIGHT="32" CONTENT="so" WC="1.00" CC="00"/>
						<SP ID="P2_SP00288" HPOS="1654" VPOS="3235" WIDTH="32"/>
						<String ID="P2_ST00325" HPOS="1686" VPOS="3188" WIDTH="51" HEIGHT="48" CONTENT="ge" SUBS_TYPE="HypPart1" SUBS_CONTENT="gelehrt" WC="1.00" CC="00"/>
						<HYP HPOS="1737" VPOS="3188" WIDTH="25" CONTENT="-"/>
					</TextLine>
					<TextLine ID="P2_TL00038" HPOS="234" VPOS="3248" WIDTH="1530" HEIGHT="72">
						<String ID="P2_ST00326" HPOS="234" VPOS="3248" WIDTH="117" HEIGHT="50" CONTENT="lehrt" SUBS_TYPE="HypPart2" SUBS_CONTENT="gelehrt" WC="0.98" CC="00656"/>
						<SP ID="P2_SP00289" HPOS="351" VPOS="3298" WIDTH="29"/>
						<String ID="P2_ST00327" HPOS="380" VPOS="3251" WIDTH="69" HEIGHT="53" CONTENT="ist," WC="0.97" CC="3422"/>
						<SP ID="P2_SP00290" HPOS="449" VPOS="3304" WIDTH="29"/>
						<String ID="P2_ST00328" HPOS="478" VPOS="3251" WIDTH="61" HEIGHT="48" CONTENT="als" WC="0.97" CC="160"/>
						<SP ID="P2_SP00291" HPOS="539" VPOS="3304" WIDTH="32"/>
						<String ID="P2_ST00329" HPOS="571" VPOS="3251" WIDTH="78" HEIGHT="50" CONTENT="der" WC="1.00" CC="000"/>
						<SP ID="P2_SP00292" HPOS="649" VPOS="3304" WIDTH="31"/>
						<String ID="P2_ST00330" HPOS="680" VPOS="3252" WIDTH="126" HEIGHT="50" CONTENT="Geist" WC="0.98" CC="02174"/>
						<SP ID="P2_SP00293" HPOS="806" VPOS="3304" WIDTH="27"/>
						<String ID="P2_ST00331" HPOS="833" VPOS="3254" WIDTH="79" HEIGHT="48" CONTENT="der" WC="1.00" CC="000"/>
						<SP ID="P2_SP00294" HPOS="912" VPOS="3304" WIDTH="29"/>
						<String ID="P2_ST00332" HPOS="941" VPOS="3257" WIDTH="210" HEIGHT="63" CONTENT="grössten" WC="0.76" CC="05041500"/>
						<SP ID="P2_SP00295" HPOS="1151" VPOS="3320" WIDTH="29"/>
						<String ID="P2_ST00333" HPOS="1180" VPOS="3254" WIDTH="197" HEIGHT="57" CONTENT="Meister," WC="1.00" CC="00110051"/>
						<SP ID="P2_SP00296" HPOS="1377" VPOS="3320" WIDTH="42"/>
						<String ID="P2_ST00334" HPOS="1419" VPOS="3254" WIDTH="143" HEIGHT="49" CONTENT="denen" WC="0.99" CC="00205"/>
						<SP ID="P2_SP00297" HPOS="1562" VPOS="3320" WIDTH="32"/>
						<String ID="P2_ST00335" HPOS="1594" VPOS="3270" WIDTH="48" HEIGHT="32" CONTENT="er" WC="0.73" CC="05"/>
						<SP ID="P2_SP00298" HPOS="1642" VPOS="3320" WIDTH="30"/>
						<String ID="P2_ST00336" HPOS="1672" VPOS="3252" WIDTH="92" HEIGHT="50" CONTENT="sich" WC="1.00" CC="0000"/>
					</TextLine>
					<TextLine ID="P2_TL00039" HPOS="237" VPOS="3331" WIDTH="1525" HEIGHT="70">
						<String ID="P2_ST00337" HPOS="237" VPOS="3331" WIDTH="139" HEIGHT="65" CONTENT="gleich" WC="0.98" CC="900507"/>
						<SP ID="P2_SP00299" HPOS="376" VPOS="3396" WIDTH="21"/>
						<String ID="P2_ST00338" HPOS="397" VPOS="3332" WIDTH="175" HEIGHT="65" CONTENT="gestellt" WC="0.98" CC="92080416"/>
						<SP ID="P2_SP00300" HPOS="572" VPOS="3397" WIDTH="23"/>
						<String ID="P2_ST00339" HPOS="595" VPOS="3332" WIDTH="90" HEIGHT="59" CONTENT="hat," WC="0.98" CC="4600"/>
						<SP ID="P2_SP00301" HPOS="685" VPOS="3397" WIDTH="32"/>
						<String ID="P2_ST00340" HPOS="717" VPOS="3334" WIDTH="97" HEIGHT="49" CONTENT="eine" WC="0.98" CC="0065"/>
						<SP ID="P2_SP00302" HPOS="814" VPOS="3397" WIDTH="28"/>
						<String ID="P2_ST00341" HPOS="842" VPOS="3336" WIDTH="115" HEIGHT="48" CONTENT="noch" WC="0.98" CC="0207"/>
						<SP ID="P2_SP00303" HPOS="957" VPOS="3397" WIDTH="29"/>
						<String ID="P2_ST00342" HPOS="986" VPOS="3335" WIDTH="453" HEIGHT="49" CONTENT="unterscheidendere" WC="0.88" CC="07600104000000000"/>
						<SP ID="P2_SP00304" HPOS="1439" VPOS="3397" WIDTH="31"/>
						<String ID="P2_ST00343" HPOS="1470" VPOS="3335" WIDTH="263" HEIGHT="66" CONTENT="Eigenthüm" SUBS_TYPE="HypPart1" SUBS_CONTENT="Eigenthümlichkeit" WC="0.68" CC="660046401"/>
						<HYP HPOS="1733" VPOS="3335" WIDTH="29" CONTENT="-"/>
					</TextLine>
					<TextLine ID="P2_TL00040" HPOS="234" VPOS="3414" WIDTH="1529" HEIGHT="69">
						<String ID="P2_ST00344" HPOS="234" VPOS="3414" WIDTH="178" HEIGHT="49" CONTENT="lichkeit" SUBS_TYPE="HypPart2" SUBS_CONTENT="Eigenthümlichkeit" WC="0.55" CC="25469006"/>
						<SP ID="P2_SP00305" HPOS="412" VPOS="3463" WIDTH="43"/>
						<String ID="P2_ST00345" HPOS="455" VPOS="3415" WIDTH="160" HEIGHT="49" CONTENT="besitzt" WC="0.98" CC="7000870"/>
						<SP ID="P2_SP00306" HPOS="615" VPOS="3464" WIDTH="41"/>
						<String ID="P2_ST00346" HPOS="656" VPOS="3417" WIDTH="63" HEIGHT="49" CONTENT="als" WC="0.98" CC="500"/>
						<SP ID="P2_SP00307" HPOS="719" VPOS="3466" WIDTH="43"/>
						<String ID="P2_ST00347" HPOS="762" VPOS="3416" WIDTH="234" HEIGHT="50" CONTENT="Sebastian" WC="0.99" CC="006408004"/>
						<SP ID="P2_SP00308" HPOS="996" VPOS="3466" WIDTH="41"/>
						<String ID="P2_ST00348" HPOS="1037" VPOS="3419" WIDTH="136" HEIGHT="53" CONTENT="Bach," WC="0.98" CC="52052"/>
						<SP ID="P2_SP00309" HPOS="1173" VPOS="3472" WIDTH="54"/>
						<String ID="P2_ST00349" HPOS="1227" VPOS="3417" WIDTH="98" HEIGHT="50" CONTENT="eine" WC="1.00" CC="0020"/>
						<SP ID="P2_SP00310" HPOS="1325" VPOS="3472" WIDTH="43"/>
						<String ID="P2_ST00350" HPOS="1368" VPOS="3417" WIDTH="288" HEIGHT="66" CONTENT="gewaltigere" WC="0.99" CC="90005707391"/>
						<SP ID="P2_SP00311" HPOS="1656" VPOS="3483" WIDTH="44"/>
						<String ID="P2_ST00351" HPOS="1700" VPOS="3416" WIDTH="63" HEIGHT="48" CONTENT="als" WC="0.99" CC="200"/>
					</TextLine>
					<TextLine ID="P2_TL00041" HPOS="234" VPOS="3496" WIDTH="1529" HEIGHT="57">
						<String ID="P2_ST00352" HPOS="234" VPOS="3496" WIDTH="274" HEIGHT="57" CONTENT="Beethoven," WC="0.99" CC="7003600012"/>
						<SP ID="P2_SP00312" HPOS="508" VPOS="3553" WIDTH="32"/>
						<String ID="P2_ST00353" HPOS="540" VPOS="3497" WIDTH="95" HEIGHT="50" CONTENT="eine" WC="0.98" CC="2050"/>
						<SP ID="P2_SP00313" HPOS="635" VPOS="3553" WIDTH="31"/>
						<String ID="P2_ST00354" HPOS="666" VPOS="3499" WIDTH="345" HEIGHT="49" CONTENT="dramatischere" WC="1.00" CC="0042200406040"/>
						<SP ID="P2_SP00314" HPOS="1011" VPOS="3553" WIDTH="30"/>
						<String ID="P2_ST00355" HPOS="1041" VPOS="3500" WIDTH="62" HEIGHT="48" CONTENT="als" WC="0.98" CC="132"/>
						<SP ID="P2_SP00315" HPOS="1103" VPOS="3553" WIDTH="29"/>
						<String ID="P2_ST00356" HPOS="1132" VPOS="3499" WIDTH="192" HEIGHT="50" CONTENT="Weber." WC="0.99" CC="006004"/>
						<SP ID="P2_SP00316" HPOS="1324" VPOS="3553" WIDTH="40"/>
						<String ID="P2_ST00357" HPOS="1364" VPOS="3501" WIDTH="64" HEIGHT="47" CONTENT="Er" WC="0.89" CC="02"/>
						<SP ID="P2_SP00317" HPOS="1428" VPOS="3553" WIDTH="30"/>
						<String ID="P2_ST00358" HPOS="1458" VPOS="3500" WIDTH="56" HEIGHT="48" CONTENT="ist" WC="1.00" CC="000"/>
						<SP ID="P2_SP00318" HPOS="1514" VPOS="3553" WIDTH="29"/>
						<String ID="P2_ST00359" HPOS="1543" VPOS="3500" WIDTH="83" HEIGHT="47" CONTENT="alle" WC="0.98" CC="5600"/>
						<SP ID="P2_SP00319" HPOS="1626" VPOS="3553" WIDTH="29"/>
						<String ID="P2_ST00360" HPOS="1655" VPOS="3497" WIDTH="108" HEIGHT="50" CONTENT="Drei" WC="0.98" CC="6002"/>
					</TextLine>
					<TextLine ID="P2_TL00042" HPOS="235" VPOS="3579" WIDTH="1531" HEIGHT="58">
						<String ID="P2_ST00361" HPOS="235" VPOS="3594" WIDTH="259" HEIGHT="33" CONTENT="zusammen" WC="0.98" CC="66066055"/>
						<SP ID="P2_SP00320" HPOS="494" VPOS="3627" WIDTH="32"/>
						<String ID="P2_ST00362" HPOS="526" VPOS="3579" WIDTH="89" HEIGHT="48" CONTENT="und" WC="0.96" CC="550"/>
						<SP ID="P2_SP00321" HPOS="615" VPOS="3627" WIDTH="28"/>
						<String ID="P2_ST00363" HPOS="643" VPOS="3579" WIDTH="138" HEIGHT="49" CONTENT="bleibt" WC="0.97" CC="672773"/>
						<SP ID="P2_SP00322" HPOS="781" VPOS="3628" WIDTH="40"/>
						<String ID="P2_ST00364" HPOS="821" VPOS="3580" WIDTH="204" HEIGHT="49" CONTENT="dennoch" WC="1.00" CC="0002000"/>
						<SP ID="P2_SP00323" HPOS="1025" VPOS="3629" WIDTH="31"/>
						<String ID="P2_ST00365" HPOS="1056" VPOS="3598" WIDTH="49" HEIGHT="30" CONTENT="er" WC="0.52" CC="26"/>
						<SP ID="P2_SP00324" HPOS="1105" VPOS="3629" WIDTH="29"/>
						<String ID="P2_ST00366" HPOS="1134" VPOS="3579" WIDTH="153" HEIGHT="58" CONTENT="selbst," WC="1.00" CC="0002000"/>
						<SP ID="P2_SP00325" HPOS="1287" VPOS="3637" WIDTH="46"/>
						<String ID="P2_ST00367" HPOS="1333" VPOS="3580" WIDTH="77" HEIGHT="49" CONTENT="das" WC="0.96" CC="054"/>
						<SP ID="P2_SP00326" HPOS="1410" VPOS="3637" WIDTH="43"/>
						<String ID="P2_ST00368" HPOS="1453" VPOS="3580" WIDTH="139" HEIGHT="49" CONTENT="heisst" WC="0.89" CC="600000"/>
						<SP ID="P2_SP00327" HPOS="1592" VPOS="3637" WIDTH="43"/>
						<String ID="P2_ST00369" HPOS="1635" VPOS="3579" WIDTH="131" HEIGHT="49" CONTENT="freier" WC="1.00" CC="040000"/>
					</TextLine>
					<TextLine ID="P2_TL00043" HPOS="233" VPOS="3660" WIDTH="1530" HEIGHT="67">
						<String ID="P2_ST00370" HPOS="233" VPOS="3661" WIDTH="59" HEIGHT="47" CONTENT="im" WC="0.17" CC="69"/>
						<SP ID="P2_SP00328" HPOS="292" VPOS="3708" WIDTH="32"/>
						<String ID="P2_ST00371" HPOS="324" VPOS="3660" WIDTH="294" HEIGHT="57" CONTENT="Geschmack," WC="0.99" CC="6060700070"/>
						<SP ID="P2_SP00329" HPOS="618" VPOS="3717" WIDTH="40"/>
						<String ID="P2_ST00372" HPOS="658" VPOS="3663" WIDTH="215" HEIGHT="48" CONTENT="schroffer" WC="0.99" CC="500302205"/>
						<SP ID="P2_SP00330" HPOS="873" VPOS="3717" WIDTH="28"/>
						<String ID="P2_ST00373" HPOS="901" VPOS="3663" WIDTH="56" HEIGHT="48" CONTENT="im" WC="0.60" CC="07"/>
						<SP ID="P2_SP00331" HPOS="957" VPOS="3717" WIDTH="33"/>
						<String ID="P2_ST00374" HPOS="990" VPOS="3663" WIDTH="317" HEIGHT="64" CONTENT="Grossartigen" WC="0.99" CC="600006064008"/>
						<SP ID="P2_SP00332" HPOS="1307" VPOS="3727" WIDTH="40"/>
						<String ID="P2_ST00375" HPOS="1347" VPOS="3663" WIDTH="92" HEIGHT="48" CONTENT="und" WC="0.98" CC="050"/>
						<SP ID="P2_SP00333" HPOS="1439" VPOS="3727" WIDTH="31"/>
						<String ID="P2_ST00376" HPOS="1470" VPOS="3661" WIDTH="269" HEIGHT="50" CONTENT="herzzerreis" SUBS_TYPE="HypPart1" SUBS_CONTENT="herzzerreissender" WC="0.74" CC="50056004104"/>
						<HYP HPOS="1739" VPOS="3661" WIDTH="24" CONTENT="-"/>
					</TextLine>
					<TextLine ID="P2_TL00044" HPOS="235" VPOS="3743" WIDTH="1529" HEIGHT="57">
						<String ID="P2_ST00377" HPOS="235" VPOS="3743" WIDTH="163" HEIGHT="48" CONTENT="sender" SUBS_TYPE="HypPart2" SUBS_CONTENT="herzzerreissender" WC="0.72" CC="005045"/>
						<SP ID="P2_SP00334" HPOS="398" VPOS="3791" WIDTH="41"/>
						<String ID="P2_ST00378" HPOS="439" VPOS="3743" WIDTH="59" HEIGHT="48" CONTENT="im" WC="0.34" CC="66"/>
						<SP ID="P2_SP00335" HPOS="498" VPOS="3791" WIDTH="40"/>
						<String ID="P2_ST00379" HPOS="538" VPOS="3743" WIDTH="226" HEIGHT="48" CONTENT="Schmerz." WC="0.99" CC="00504054"/>
						<SP ID="P2_SP00336" HPOS="764" VPOS="3791" WIDTH="44"/>
						<String ID="P2_ST00380" HPOS="808" VPOS="3745" WIDTH="175" HEIGHT="48" CONTENT="Mozart" WC="0.99" CC="002090"/>
						<SP ID="P2_SP00337" HPOS="983" VPOS="3793" WIDTH="42"/>
						<String ID="P2_ST00381" HPOS="1025" VPOS="3744" WIDTH="131" HEIGHT="48" CONTENT="allein" WC="0.99" CC="704000"/>
						<SP ID="P2_SP00338" HPOS="1156" VPOS="3793" WIDTH="45"/>
						<String ID="P2_ST00382" HPOS="1201" VPOS="3743" WIDTH="120" HEIGHT="49" CONTENT="steht" WC="0.99" CC="00060"/>
						<SP ID="P2_SP00339" HPOS="1321" VPOS="3793" WIDTH="42"/>
						<String ID="P2_ST00383" HPOS="1363" VPOS="3743" WIDTH="113" HEIGHT="49" CONTENT="über" WC="0.96" CC="8503"/>
						<SP ID="P2_SP00340" HPOS="1476" VPOS="3793" WIDTH="42"/>
						<String ID="P2_ST00384" HPOS="1518" VPOS="3743" WIDTH="104" HEIGHT="57" CONTENT="ihm," WC="0.97" CC="0553"/>
						<SP ID="P2_SP00341" HPOS="1622" VPOS="3800" WIDTH="45"/>
						<String ID="P2_ST00385" HPOS="1667" VPOS="3743" WIDTH="97" HEIGHT="49" CONTENT="weil" WC="0.98" CC="9000"/>
					</TextLine>
				</TextBlock>
				<TextBlock ID="P2_TB00003" HPOS="306" VPOS="3943" WIDTH="1461" HEIGHT="191" STYLEREFS="TXT_2 PAR_LEFT">
					<TextLine ID="P2_TL00045" HPOS="306" VPOS="3943" WIDTH="1461" HEIGHT="57">
						<String ID="P2_ST00386" HPOS="306" VPOS="3950" WIDTH="31" HEIGHT="45" CONTENT="*)" WC="0.59" CC="25" STYLEREFS="TXT_3"/>
						<SP ID="P2_SP00342" HPOS="337" VPOS="3995" WIDTH="29"/>
						<String ID="P2_ST00387" HPOS="366" VPOS="3947" WIDTH="90" HEIGHT="44" CONTENT="„Ich" WC="0.96" CC="6706" STYLEREFS="TXT_3"/>
						<SP ID="P2_SP00343" HPOS="456" VPOS="3995" WIDTH="33"/>
						<String ID="P2_ST00388" HPOS="489" VPOS="3946" WIDTH="98" HEIGHT="39" CONTENT="habe" WC="0.95" CC="6772"/>
						<SP ID="P2_SP00344" HPOS="587" VPOS="3995" WIDTH="29"/>
						<String ID="P2_ST00389" HPOS="616" VPOS="3946" WIDTH="40" HEIGHT="39" CONTENT="in" WC="0.75" CC="04"/>
						<SP ID="P2_SP00345" HPOS="656" VPOS="3995" WIDTH="30"/>
						<String ID="P2_ST00390" HPOS="686" VPOS="3944" WIDTH="89" HEIGHT="40" CONTENT="dem" WC="0.99" CC="003"/>
						<SP ID="P2_SP00346" HPOS="775" VPOS="3995" WIDTH="33"/>
						<String ID="P2_ST00391" HPOS="808" VPOS="3943" WIDTH="147" HEIGHT="41" CONTENT="Roman" WC="0.96" CC="77266"/>
						<SP ID="P2_SP00347" HPOS="955" VPOS="3995" WIDTH="31"/>
						<String ID="P2_ST00392" HPOS="986" VPOS="3946" WIDTH="262" HEIGHT="40" CONTENT="Consuelo" WC="0.68" CC="40740007"/>
						<SP ID="P2_SP00348" HPOS="1248" VPOS="3995" WIDTH="27"/>
						<String ID="P2_ST00393" HPOS="1275" VPOS="3947" WIDTH="87" HEIGHT="39" CONTENT="eine" WC="0.98" CC="0034"/>
						<SP ID="P2_SP00349" HPOS="1362" VPOS="3995" WIDTH="29"/>
						<String ID="P2_ST00394" HPOS="1391" VPOS="3948" WIDTH="376" HEIGHT="52" CONTENT="Erklärung~dieses" WC="0.73" CC="0061434707010400"/>
					</TextLine>
					<TextLine ID="P2_TL00046" HPOS="362" VPOS="4014" WIDTH="1405" HEIGHT="56">
						<String ID="P2_ST00395" HPOS="362" VPOS="4014" WIDTH="295" HEIGHT="41" CONTENT="musicaliscben" WC="0.49" CC="7770045090885"/>
						<SP ID="P2_SP00350" HPOS="657" VPOS="4055" WIDTH="32"/>
						<String ID="P2_ST00396" HPOS="689" VPOS="4014" WIDTH="298" HEIGHT="41" CONTENT="Unterschiedes" WC="0.99" CC="3660470010763"/>
						<SP ID="P2_SP00351" HPOS="987" VPOS="4055" WIDTH="29"/>
						<String ID="P2_ST00397" HPOS="1016" VPOS="4017" WIDTH="188" HEIGHT="49" CONTENT="gegeben," WC="0.99" CC="73211000"/>
						<SP ID="P2_SP00352" HPOS="1204" VPOS="4066" WIDTH="45"/>
						<String ID="P2_ST00398" HPOS="1249" VPOS="4018" WIDTH="147" HEIGHT="38" CONTENT="welche" WC="0.98" CC="633230"/>
						<SP ID="P2_SP00353" HPOS="1396" VPOS="4066" WIDTH="43"/>
						<String ID="P2_ST00399" HPOS="1439" VPOS="4017" WIDTH="69" HEIGHT="39" CONTENT="ihn" WC="0.93" CC="567"/>
						<SP ID="P2_SP00354" HPOS="1508" VPOS="4066" WIDTH="28"/>
						<String ID="P2_ST00400" HPOS="1536" VPOS="4019" WIDTH="231" HEIGHT="51" CONTENT="vollständig" WC="0.99" CC="00500860009"/>
					</TextLine>
					<TextLine ID="P2_TL00047" HPOS="366" VPOS="4083" WIDTH="1167" HEIGHT="51">
						<String ID="P2_ST00401" HPOS="366" VPOS="4084" WIDTH="205" HEIGHT="50" CONTENT="befriedigt" WC="0.98" CC="7665009296"/>
						<SP ID="P2_SP00355" HPOS="571" VPOS="4134" WIDTH="26"/>
						<String ID="P2_ST00402" HPOS="597" VPOS="4084" WIDTH="78" HEIGHT="47" CONTENT="hat," WC="0.97" CC="6080"/>
						<SP ID="P2_SP00356" HPOS="675" VPOS="4134" WIDTH="29"/>
						<String ID="P2_ST00403" HPOS="704" VPOS="4083" WIDTH="157" HEIGHT="51" CONTENT="folglich" WC="0.99" CC="04400005"/>
						<SP ID="P2_SP00357" HPOS="861" VPOS="4134" WIDTH="30"/>
						<String ID="P2_ST00404" HPOS="891" VPOS="4083" WIDTH="82" HEIGHT="41" CONTENT="klar" WC="0.96" CC="6630"/>
						<SP ID="P2_SP00358" HPOS="973" VPOS="4134" WIDTH="26"/>
						<String ID="P2_ST00405" HPOS="999" VPOS="4084" WIDTH="80" HEIGHT="38" CONTENT="und" WC="0.94" CC="671"/>
						<SP ID="P2_SP00359" HPOS="1079" VPOS="4134" WIDTH="30"/>
						<String ID="P2_ST00406" HPOS="1109" VPOS="4084" WIDTH="140" HEIGHT="50" CONTENT="richtig" WC="0.99" CC="0002709"/>
						<SP ID="P2_SP00360" HPOS="1249" VPOS="4134" WIDTH="28"/>
						<String ID="P2_ST00407" HPOS="1277" VPOS="4084" WIDTH="82" HEIGHT="40" CONTENT="sein" WC="0.98" CC="2024"/>
						<SP ID="P2_SP00361" HPOS="1359" VPOS="4134" WIDTH="29"/>
						<String ID="P2_ST00408" HPOS="1388" VPOS="4089" WIDTH="145" HEIGHT="36" CONTENT='muss."' WC="0.78" CC="000606"/>
					</TextLine>
				</TextBlock>
				<TextBlock ID="P2_TB00004" HPOS="1853" VPOS="306" WIDTH="1580" HEIGHT="3816" STYLEREFS="TXT_1 PAR_LEFT">
					<TextLine ID="P2_TL00048" HPOS="1853" VPOS="307" WIDTH="1534" HEIGHT="66">
						<String ID="P2_ST00409" HPOS="1853" VPOS="308" WIDTH="178" HEIGHT="51" CONTENT="Mozart" WC="0.97" CC="767022"/>
						<SP ID="P2_SP00362" HPOS="2031" VPOS="359" WIDTH="38"/>
						<String ID="P2_ST00410" HPOS="2069" VPOS="307" WIDTH="191" HEIGHT="51" CONTENT="obenein" WC="0.99" CC="4204005"/>
						<SP ID="P2_SP00363" HPOS="2260" VPOS="359" WIDTH="42"/>
						<String ID="P2_ST00411" HPOS="2302" VPOS="326" WIDTH="54" HEIGHT="32" CONTENT="zu" WC="0.37" CC="66"/>
						<SP ID="P2_SP00364" HPOS="2356" VPOS="359" WIDTH="38"/>
						<String ID="P2_ST00412" HPOS="2394" VPOS="308" WIDTH="102" HEIGHT="50" CONTENT="dem" WC="0.97" CC="006"/>
						<SP ID="P2_SP00365" HPOS="2496" VPOS="359" WIDTH="32"/>
						<String ID="P2_ST00413" HPOS="2528" VPOS="308" WIDTH="138" HEIGHT="51" CONTENT="Genie" WC="1.00" CC="00010"/>
						<SP ID="P2_SP00366" HPOS="2666" VPOS="359" WIDTH="45"/>
						<String ID="P2_ST00414" HPOS="2711" VPOS="310" WIDTH="68" HEIGHT="51" CONTENT="die" WC="1.00" CC="000"/>
						<SP ID="P2_SP00367" HPOS="2779" VPOS="361" WIDTH="28"/>
						<String ID="P2_ST00415" HPOS="2807" VPOS="311" WIDTH="132" HEIGHT="51" CONTENT="Ruhe" WC="0.98" CC="0270"/>
						<SP ID="P2_SP00368" HPOS="2939" VPOS="362" WIDTH="42"/>
						<String ID="P2_ST00416" HPOS="2981" VPOS="312" WIDTH="81" HEIGHT="50" CONTENT="der" WC="0.98" CC="500"/>
						<SP ID="P2_SP00369" HPOS="3062" VPOS="362" WIDTH="31"/>
						<String ID="P2_ST00417" HPOS="3093" VPOS="312" WIDTH="294" HEIGHT="61" CONTENT="Gesundheit," WC="1.00" CC="00010770004"/>
					</TextLine>
					<TextLine ID="P2_TL00049" HPOS="1855" VPOS="390" WIDTH="948" HEIGHT="67">
						<String ID="P2_ST00418" HPOS="1855" VPOS="391" WIDTH="174" HEIGHT="66" CONTENT="folglich" WC="1.00" CC="02002202"/>
						<SP ID="P2_SP00370" HPOS="2029" VPOS="457" WIDTH="31"/>
						<String ID="P2_ST00419" HPOS="2060" VPOS="391" WIDTH="73" HEIGHT="50" CONTENT="die" WC="1.00" CC="000"/>
						<SP ID="P2_SP00371" HPOS="2133" VPOS="457" WIDTH="29"/>
						<String ID="P2_ST00420" HPOS="2162" VPOS="391" WIDTH="126" HEIGHT="50" CONTENT="Fülle" WC="0.99" CC="00440"/>
						<SP ID="P2_SP00372" HPOS="2288" VPOS="457" WIDTH="30"/>
						<String ID="P2_ST00421" HPOS="2318" VPOS="391" WIDTH="78" HEIGHT="50" CONTENT="des" WC="1.00" CC="000"/>
						<SP ID="P2_SP00373" HPOS="2396" VPOS="457" WIDTH="29"/>
						<String ID="P2_ST00422" HPOS="2425" VPOS="390" WIDTH="179" HEIGHT="51" CONTENT="Lebens" WC="0.99" CC="003060"/>
						<SP ID="P2_SP00374" HPOS="2604" VPOS="457" WIDTH="32"/>
						<String ID="P2_ST00423" HPOS="2636" VPOS="391" WIDTH="167" HEIGHT="52" CONTENT="besass." WC="0.79" CC="3005003"/>
					</TextLine>
					<TextLine ID="P2_TL00050" HPOS="1987" VPOS="472" WIDTH="1403" HEIGHT="68">
						<String ID="P2_ST00424" HPOS="1987" VPOS="472" WIDTH="204" HEIGHT="68" CONTENT="„Chopin" WC="0.99" CC="6500000"/>
						<SP ID="P2_SP00375" HPOS="2191" VPOS="540" WIDTH="24"/>
						<String ID="P2_ST00425" HPOS="2215" VPOS="472" WIDTH="139" HEIGHT="50" CONTENT="fühlte" WC="0.99" CC="707000"/>
						<SP ID="P2_SP00376" HPOS="2354" VPOS="540" WIDTH="23"/>
						<String ID="P2_ST00426" HPOS="2377" VPOS="472" WIDTH="120" HEIGHT="50" CONTENT="seine" WC="1.00" CC="00000"/>
						<SP ID="P2_SP00377" HPOS="2497" VPOS="540" WIDTH="23"/>
						<String ID="P2_ST00427" HPOS="2520" VPOS="474" WIDTH="163" HEIGHT="48" CONTENT="Stärke" WC="0.98" CC="069601"/>
						<SP ID="P2_SP00378" HPOS="2683" VPOS="540" WIDTH="28"/>
						<String ID="P2_ST00428" HPOS="2711" VPOS="475" WIDTH="92" HEIGHT="49" CONTENT="und" WC="0.99" CC="030"/>
						<SP ID="P2_SP00379" HPOS="2803" VPOS="540" WIDTH="27"/>
						<String ID="P2_ST00429" HPOS="2830" VPOS="476" WIDTH="121" HEIGHT="48" CONTENT="seine" WC="1.00" CC="00000"/>
						<SP ID="P2_SP00380" HPOS="2951" VPOS="540" WIDTH="14"/>
						<String ID="P2_ST00430" HPOS="2965" VPOS="476" WIDTH="261" HEIGHT="51" CONTENT="Schwäche." WC="0.99" CC="001070403"/>
						<SP ID="P2_SP00381" HPOS="3226" VPOS="540" WIDTH="32"/>
						<String ID="P2_ST00431" HPOS="3258" VPOS="479" WIDTH="132" HEIGHT="49" CONTENT="Seine" WC="0.98" CC="00761"/>
					</TextLine>
					<TextLine ID="P2_TL00051" HPOS="1855" VPOS="554" WIDTH="1536" HEIGHT="63">
						<String ID="P2_ST00432" HPOS="1855" VPOS="554" WIDTH="248" HEIGHT="49" CONTENT="Schwäche" WC="0.99" CC="00703100"/>
						<SP ID="P2_SP00382" HPOS="2103" VPOS="603" WIDTH="31"/>
						<String ID="P2_ST00433" HPOS="2134" VPOS="554" WIDTH="188" HEIGHT="50" CONTENT="bestand" WC="0.99" CC="4030460"/>
						<SP ID="P2_SP00383" HPOS="2322" VPOS="604" WIDTH="30"/>
						<String ID="P2_ST00434" HPOS="2352" VPOS="555" WIDTH="44" HEIGHT="48" CONTENT="in" WC="0.69" CC="06"/>
						<SP ID="P2_SP00384" HPOS="2396" VPOS="604" WIDTH="29"/>
						<String ID="P2_ST00435" HPOS="2425" VPOS="555" WIDTH="100" HEIGHT="49" CONTENT="dem" WC="1.00" CC="000"/>
						<SP ID="P2_SP00385" HPOS="2525" VPOS="604" WIDTH="32"/>
						<String ID="P2_ST00436" HPOS="2557" VPOS="555" WIDTH="300" HEIGHT="51" CONTENT="Uebermaass" WC="0.74" CC="5050184000"/>
						<SP ID="P2_SP00386" HPOS="2857" VPOS="606" WIDTH="43"/>
						<String ID="P2_ST00437" HPOS="2900" VPOS="557" WIDTH="80" HEIGHT="49" CONTENT="der" WC="0.99" CC="002"/>
						<SP ID="P2_SP00387" HPOS="2980" VPOS="606" WIDTH="30"/>
						<String ID="P2_ST00438" HPOS="3010" VPOS="559" WIDTH="178" HEIGHT="58" CONTENT="Stärke," WC="0.99" CC="0095000"/>
						<SP ID="P2_SP00388" HPOS="3188" VPOS="617" WIDTH="46"/>
						<String ID="P2_ST00439" HPOS="3234" VPOS="560" WIDTH="70" HEIGHT="49" CONTENT="die" WC="0.98" CC="050"/>
						<SP ID="P2_SP00389" HPOS="3304" VPOS="617" WIDTH="38"/>
						<String ID="P2_ST00440" HPOS="3342" VPOS="576" WIDTH="49" HEIGHT="32" CONTENT="er" WC="0.79" CC="40"/>
					</TextLine>
					<TextLine ID="P2_TL00052" HPOS="1855" VPOS="635" WIDTH="1538" HEIGHT="66">
						<String ID="P2_ST00441" HPOS="1855" VPOS="636" WIDTH="120" HEIGHT="48" CONTENT="nicht" WC="0.99" CC="00026"/>
						<SP ID="P2_SP00390" HPOS="1975" VPOS="684" WIDTH="31"/>
						<String ID="P2_ST00442" HPOS="2006" VPOS="635" WIDTH="222" HEIGHT="66" CONTENT="bändigen" WC="0.99" CC="40793000"/>
						<SP ID="P2_SP00391" HPOS="2228" VPOS="701" WIDTH="30"/>
						<String ID="P2_ST00443" HPOS="2258" VPOS="636" WIDTH="183" HEIGHT="50" CONTENT="konnte." WC="0.99" CC="0321600"/>
						<SP ID="P2_SP00392" HPOS="2441" VPOS="701" WIDTH="42"/>
						<String ID="P2_ST00444" HPOS="2483" VPOS="637" WIDTH="64" HEIGHT="47" CONTENT="Er" WC="0.68" CC="06"/>
						<SP ID="P2_SP00393" HPOS="2547" VPOS="701" WIDTH="31"/>
						<String ID="P2_ST00445" HPOS="2578" VPOS="636" WIDTH="166" HEIGHT="50" CONTENT="konnte" WC="0.99" CC="025600"/>
						<SP ID="P2_SP00394" HPOS="2744" VPOS="701" WIDTH="29"/>
						<String ID="P2_ST00446" HPOS="2773" VPOS="637" WIDTH="122" HEIGHT="50" CONTENT="nicht" WC="0.98" CC="60061"/>
						<SP ID="P2_SP00395" HPOS="2895" VPOS="701" WIDTH="28"/>
						<String ID="P2_ST00447" HPOS="2923" VPOS="639" WIDTH="85" HEIGHT="48" CONTENT="wie" WC="1.00" CC="000"/>
						<SP ID="P2_SP00396" HPOS="3008" VPOS="701" WIDTH="29"/>
						<String ID="P2_ST00448" HPOS="3037" VPOS="640" WIDTH="175" HEIGHT="48" CONTENT="Mozart" WC="0.98" CC="007170"/>
						<SP ID="P2_SP00397" HPOS="3212" VPOS="701" WIDTH="87"/>
						<String ID="P2_ST00449" HPOS="3299" VPOS="641" WIDTH="94" HEIGHT="50" CONTENT="und" WC="0.97" CC="340"/>
					</TextLine>
					<TextLine ID="P2_TL00053" HPOS="1853" VPOS="717" WIDTH="1538" HEIGHT="56">
						<String ID="P2_ST00450" HPOS="1853" VPOS="719" WIDTH="178" HEIGHT="48" CONTENT="Mozart" WC="0.98" CC="066245"/>
						<SP ID="P2_SP00398" HPOS="2031" VPOS="767" WIDTH="28"/>
						<String ID="P2_ST00451" HPOS="2059" VPOS="717" WIDTH="128" HEIGHT="50" CONTENT="allein" WC="0.99" CC="506400"/>
						<SP ID="P2_SP00399" HPOS="2187" VPOS="767" WIDTH="32"/>
						<String ID="P2_ST00452" HPOS="2219" VPOS="719" WIDTH="168" HEIGHT="48" CONTENT="konnte" WC="0.98" CC="006960"/>
						<SP ID="P2_SP00400" HPOS="2387" VPOS="767" WIDTH="30"/>
						<String ID="P2_ST00453" HPOS="2417" VPOS="736" WIDTH="47" HEIGHT="32" CONTENT="es" WC="0.96" CC="00"/>
						<SP ID="P2_SP00401" HPOS="2464" VPOS="768" WIDTH="85"/>
						<String ID="P2_ST00454" HPOS="2549" VPOS="719" WIDTH="69" HEIGHT="49" CONTENT="ein" WC="0.96" CC="306"/>
						<SP ID="P2_SP00402" HPOS="2618" VPOS="768" WIDTH="21"/>
						<String ID="P2_ST00455" HPOS="2639" VPOS="720" WIDTH="314" HEIGHT="48" CONTENT="Meisterstück" WC="0.99" CC="024050807000"/>
						<SP ID="P2_SP00403" HPOS="2953" VPOS="768" WIDTH="33"/>
						<String ID="P2_ST00456" HPOS="2986" VPOS="720" WIDTH="78" HEIGHT="48" CONTENT="mit" WC="1.00" CC="000"/>
						<SP ID="P2_SP00404" HPOS="3064" VPOS="768" WIDTH="26"/>
						<String ID="P2_ST00457" HPOS="3090" VPOS="721" WIDTH="136" HEIGHT="50" CONTENT="Einer" WC="0.99" CC="00602"/>
						<SP ID="P2_SP00405" HPOS="3226" VPOS="771" WIDTH="18"/>
						<String ID="P2_ST00458" HPOS="3244" VPOS="722" WIDTH="147" HEIGHT="51" CONTENT="Farbe" WC="0.98" CC="04060"/>
					</TextLine>
					<TextLine ID="P2_TL00054" HPOS="1855" VPOS="800" WIDTH="1531" HEIGHT="67">
						<String ID="P2_ST00459" HPOS="1855" VPOS="800" WIDTH="202" HEIGHT="48" CONTENT="machen." WC="0.98" CC="5007224"/>
						<SP ID="P2_SP00406" HPOS="2057" VPOS="848" WIDTH="45"/>
						<String ID="P2_ST00460" HPOS="2102" VPOS="800" WIDTH="132" HEIGHT="48" CONTENT="Seine" WC="1.00" CC="00000"/>
						<SP ID="P2_SP00407" HPOS="2234" VPOS="848" WIDTH="30"/>
						<String ID="P2_ST00461" HPOS="2264" VPOS="800" WIDTH="147" HEIGHT="48" CONTENT="Musik" WC="0.98" CC="06035"/>
						<SP ID="P2_SP00408" HPOS="2411" VPOS="848" WIDTH="40"/>
						<String ID="P2_ST00462" HPOS="2451" VPOS="818" WIDTH="96" HEIGHT="31" CONTENT="war" WC="1.00" CC="000"/>
						<SP ID="P2_SP00409" HPOS="2547" VPOS="849" WIDTH="40"/>
						<String ID="P2_ST00463" HPOS="2587" VPOS="801" WIDTH="85" HEIGHT="48" CONTENT="voll" WC="0.97" CC="0076"/>
						<SP ID="P2_SP00410" HPOS="2672" VPOS="849" WIDTH="32"/>
						<String ID="P2_ST00464" HPOS="2704" VPOS="801" WIDTH="347" HEIGHT="66" CONTENT="Schattirungen" WC="0.75" CC="5060353402000"/>
						<SP ID="P2_SP00411" HPOS="3051" VPOS="867" WIDTH="41"/>
						<String ID="P2_ST00465" HPOS="3092" VPOS="802" WIDTH="90" HEIGHT="50" CONTENT="und" WC="0.98" CC="140"/>
						<SP ID="P2_SP00412" HPOS="3182" VPOS="867" WIDTH="34"/>
						<String ID="P2_ST00466" HPOS="3216" VPOS="802" WIDTH="142" HEIGHT="51" CONTENT="Ueber" SUBS_TYPE="HypPart1" SUBS_CONTENT="Ueberraschungen." WC="0.68" CC="45700"/>
						<HYP HPOS="3358" VPOS="802" WIDTH="28" CONTENT="-"/>
					</TextLine>
					<TextLine ID="P2_TL00055" HPOS="1855" VPOS="881" WIDTH="1531" HEIGHT="71">
						<String ID="P2_ST00467" HPOS="1855" VPOS="881" WIDTH="297" HEIGHT="65" CONTENT="raschungen." SUBS_TYPE="HypPart2" SUBS_CONTENT="Ueberraschungen." WC="0.70" CC="64207660000"/>
						<SP ID="P2_SP00413" HPOS="2152" VPOS="946" WIDTH="33"/>
						<String ID="P2_ST00468" HPOS="2185" VPOS="881" WIDTH="266" HEIGHT="56" CONTENT="Manchmal," WC="0.99" CC="070060060"/>
						<SP ID="P2_SP00414" HPOS="2451" VPOS="946" WIDTH="26"/>
						<String ID="P2_ST00469" HPOS="2477" VPOS="881" WIDTH="164" HEIGHT="65" CONTENT="jedoch" WC="0.99" CC="040400"/>
						<SP ID="P2_SP00415" HPOS="2641" VPOS="946" WIDTH="26"/>
						<String ID="P2_ST00470" HPOS="2667" VPOS="882" WIDTH="155" HEIGHT="59" CONTENT="selten," WC="0.99" CC="0075052"/>
						<SP ID="P2_SP00416" HPOS="2822" VPOS="946" WIDTH="31"/>
						<String ID="P2_ST00471" HPOS="2853" VPOS="900" WIDTH="94" HEIGHT="32" CONTENT="war" WC="0.98" CC="060"/>
						<SP ID="P2_SP00417" HPOS="2947" VPOS="946" WIDTH="30"/>
						<String ID="P2_ST00472" HPOS="2977" VPOS="882" WIDTH="61" HEIGHT="50" CONTENT="sie" WC="1.00" CC="000"/>
						<SP ID="P2_SP00418" HPOS="3038" VPOS="946" WIDTH="26"/>
						<String ID="P2_ST00473" HPOS="3064" VPOS="884" WIDTH="196" HEIGHT="58" CONTENT="seltsam," WC="0.99" CC="00663503"/>
						<SP ID="P2_SP00419" HPOS="3260" VPOS="946" WIDTH="32"/>
						<String ID="P2_ST00474" HPOS="3292" VPOS="904" WIDTH="63" HEIGHT="48" CONTENT="my" SUBS_TYPE="HypPart1" SUBS_CONTENT="mystisch" WC="0.95" CC="57"/>
						<HYP HPOS="3355" VPOS="904" WIDTH="31" CONTENT="-"/>
					</TextLine>
					<TextLine ID="P2_TL00056" HPOS="1857" VPOS="962" WIDTH="1532" HEIGHT="67">
						<String ID="P2_ST00475" HPOS="1857" VPOS="964" WIDTH="135" HEIGHT="48" CONTENT="stisch" SUBS_TYPE="HypPart2" SUBS_CONTENT="mystisch" WC="0.99" CC="040004"/>
						<SP ID="P2_SP00420" HPOS="1992" VPOS="1012" WIDTH="31"/>
						<String ID="P2_ST00476" HPOS="2023" VPOS="964" WIDTH="91" HEIGHT="48" CONTENT="und" WC="1.00" CC="000"/>
						<SP ID="P2_SP00421" HPOS="2114" VPOS="1012" WIDTH="30"/>
						<String ID="P2_ST00477" HPOS="2144" VPOS="962" WIDTH="286" HEIGHT="67" CONTENT="geschraubt." WC="0.99" CC="92007046653"/>
						<SP ID="P2_SP00422" HPOS="2430" VPOS="1029" WIDTH="33"/>
						<String ID="P2_ST00478" HPOS="2463" VPOS="964" WIDTH="230" HEIGHT="49" CONTENT="Wiewohl" WC="0.99" CC="0010377"/>
						<SP ID="P2_SP00423" HPOS="2693" VPOS="1029" WIDTH="37"/>
						<String ID="P2_ST00479" HPOS="2730" VPOS="982" WIDTH="49" HEIGHT="31" CONTENT="er" WC="0.91" CC="01"/>
						<SP ID="P2_SP00424" HPOS="2779" VPOS="1029" WIDTH="29"/>
						<String ID="P2_ST00480" HPOS="2808" VPOS="965" WIDTH="129" HEIGHT="50" CONTENT="einen" WC="0.99" CC="00106"/>
						<SP ID="P2_SP00425" HPOS="2937" VPOS="1029" WIDTH="31"/>
						<String ID="P2_ST00481" HPOS="2968" VPOS="966" WIDTH="181" HEIGHT="49" CONTENT="wahren" WC="0.98" CC="076605"/>
						<SP ID="P2_SP00426" HPOS="3149" VPOS="1029" WIDTH="24"/>
						<String ID="P2_ST00482" HPOS="3173" VPOS="966" WIDTH="216" HEIGHT="51" CONTENT="Abscheu" WC="0.99" CC="1200005"/>
					</TextLine>
					<TextLine ID="P2_TL00057" HPOS="1857" VPOS="1044" WIDTH="1530" HEIGHT="70">
						<String ID="P2_ST00483" HPOS="1857" VPOS="1062" WIDTH="80" HEIGHT="33" CONTENT="vor" WC="0.98" CC="005"/>
						<SP ID="P2_SP00427" HPOS="1937" VPOS="1095" WIDTH="28"/>
						<String ID="P2_ST00484" HPOS="1965" VPOS="1045" WIDTH="128" HEIGHT="48" CONTENT="allem" WC="0.99" CC="51000"/>
						<SP ID="P2_SP00428" HPOS="2093" VPOS="1095" WIDTH="27"/>
						<String ID="P2_ST00485" HPOS="2120" VPOS="1044" WIDTH="427" HEIGHT="49" CONTENT="Unverständlichen" WC="1.00" CC="6000600050400305"/>
						<SP ID="P2_SP00429" HPOS="2547" VPOS="1095" WIDTH="30"/>
						<String ID="P2_ST00486" HPOS="2577" VPOS="1046" WIDTH="149" HEIGHT="65" CONTENT="hegte," WC="0.98" CC="409604"/>
						<SP ID="P2_SP00430" HPOS="2726" VPOS="1111" WIDTH="32"/>
						<String ID="P2_ST00487" HPOS="2758" VPOS="1064" WIDTH="49" HEIGHT="32" CONTENT="so" WC="0.82" CC="30"/>
						<SP ID="P2_SP00431" HPOS="2807" VPOS="1111" WIDTH="31"/>
						<String ID="P2_ST00488" HPOS="2838" VPOS="1054" WIDTH="106" HEIGHT="60" CONTENT="trug" WC="0.98" CC="1060"/>
						<SP ID="P2_SP00432" HPOS="2944" VPOS="1114" WIDTH="28"/>
						<String ID="P2_ST00489" HPOS="2972" VPOS="1048" WIDTH="74" HEIGHT="48" CONTENT="ihn" WC="0.97" CC="052"/>
						<SP ID="P2_SP00433" HPOS="3046" VPOS="1114" WIDTH="30"/>
						<String ID="P2_ST00490" HPOS="3076" VPOS="1048" WIDTH="116" HEIGHT="49" CONTENT="doch" WC="0.99" CC="0005"/>
						<SP ID="P2_SP00434" HPOS="3192" VPOS="1114" WIDTH="29"/>
						<String ID="P2_ST00491" HPOS="3221" VPOS="1067" WIDTH="139" HEIGHT="31" CONTENT="maass" SUBS_TYPE="HypPart1" SUBS_CONTENT="maasslose" WC="1.00" CC="00000"/>
						<HYP HPOS="3360" VPOS="1067" WIDTH="27" CONTENT="-"/>
					</TextLine>
					<TextLine ID="P2_TL00058" HPOS="1855" VPOS="1126" WIDTH="1534" HEIGHT="71">
						<String ID="P2_ST00492" HPOS="1855" VPOS="1126" WIDTH="94" HEIGHT="50" CONTENT="lose" SUBS_TYPE="HypPart2" SUBS_CONTENT="maasslose" WC="0.99" CC="0030"/>
						<SP ID="P2_SP00435" HPOS="1949" VPOS="1176" WIDTH="36"/>
						<String ID="P2_ST00493" HPOS="1985" VPOS="1126" WIDTH="271" HEIGHT="65" CONTENT="Aufregung" WC="0.99" CC="030909050"/>
						<SP ID="P2_SP00436" HPOS="2256" VPOS="1191" WIDTH="41"/>
						<String ID="P2_ST00494" HPOS="2297" VPOS="1126" WIDTH="87" HEIGHT="49" CONTENT="ihm" WC="0.98" CC="032"/>
						<SP ID="P2_SP00437" HPOS="2384" VPOS="1191" WIDTH="33"/>
						<String ID="P2_ST00495" HPOS="2417" VPOS="1126" WIDTH="139" HEIGHT="50" CONTENT="selbst" WC="0.98" CC="002706"/>
						<SP ID="P2_SP00438" HPOS="2556" VPOS="1191" WIDTH="29"/>
						<String ID="P2_ST00496" HPOS="2585" VPOS="1126" WIDTH="268" HEIGHT="51" CONTENT="unbewusst" WC="0.77" CC="256040100"/>
						<SP ID="P2_SP00439" HPOS="2853" VPOS="1191" WIDTH="29"/>
						<String ID="P2_ST00497" HPOS="2882" VPOS="1129" WIDTH="41" HEIGHT="49" CONTENT="in" WC="0.66" CC="06"/>
						<SP ID="P2_SP00440" HPOS="2923" VPOS="1191" WIDTH="30"/>
						<String ID="P2_ST00498" HPOS="2953" VPOS="1129" WIDTH="233" HEIGHT="66" CONTENT="Regionen" WC="1.00" CC="00000004"/>
						<SP ID="P2_SP00441" HPOS="3186" VPOS="1195" WIDTH="30"/>
						<String ID="P2_ST00499" HPOS="3216" VPOS="1147" WIDTH="173" HEIGHT="50" CONTENT="empor," WC="0.99" CC="109001"/>
					</TextLine>
					<TextLine ID="P2_TL00059" HPOS="1856" VPOS="1208" WIDTH="1533" HEIGHT="53">
						<String ID="P2_ST00500" HPOS="1856" VPOS="1208" WIDTH="70" HEIGHT="48" CONTENT="die" WC="1.00" CC="000"/>
						<SP ID="P2_SP00442" HPOS="1926" VPOS="1256" WIDTH="29"/>
						<String ID="P2_ST00501" HPOS="1955" VPOS="1224" WIDTH="49" HEIGHT="32" CONTENT="er" WC="1.00" CC="00"/>
						<SP ID="P2_SP00443" HPOS="2004" VPOS="1256" WIDTH="30"/>
						<String ID="P2_ST00502" HPOS="2034" VPOS="1208" WIDTH="127" HEIGHT="48" CONTENT="allein" WC="0.98" CC="164050"/>
						<SP ID="P2_SP00444" HPOS="2161" VPOS="1256" WIDTH="30"/>
						<String ID="P2_ST00503" HPOS="2191" VPOS="1208" WIDTH="179" HEIGHT="48" CONTENT="kannte." WC="0.99" CC="0462601"/>
						<SP ID="P2_SP00445" HPOS="2370" VPOS="1256" WIDTH="42"/>
						<String ID="P2_ST00504" HPOS="2412" VPOS="1208" WIDTH="76" HEIGHT="48" CONTENT="Ich" WC="0.95" CC="606"/>
						<SP ID="P2_SP00446" HPOS="2488" VPOS="1256" WIDTH="32"/>
						<String ID="P2_ST00505" HPOS="2520" VPOS="1224" WIDTH="94" HEIGHT="32" CONTENT="war" WC="1.00" CC="010"/>
						<SP ID="P2_SP00447" HPOS="2614" VPOS="1256" WIDTH="29"/>
						<String ID="P2_ST00506" HPOS="2643" VPOS="1208" WIDTH="216" HEIGHT="50" CONTENT="vielleicht" WC="0.99" CC="0040400165"/>
						<SP ID="P2_SP00448" HPOS="2859" VPOS="1258" WIDTH="28"/>
						<String ID="P2_ST00507" HPOS="2887" VPOS="1210" WIDTH="70" HEIGHT="48" CONTENT="für" WC="0.98" CC="005"/>
						<SP ID="P2_SP00449" HPOS="2957" VPOS="1258" WIDTH="28"/>
						<String ID="P2_ST00508" HPOS="2985" VPOS="1210" WIDTH="74" HEIGHT="50" CONTENT="ihn" WC="0.98" CC="050"/>
						<SP ID="P2_SP00450" HPOS="3059" VPOS="1260" WIDTH="30"/>
						<String ID="P2_ST00509" HPOS="3089" VPOS="1210" WIDTH="69" HEIGHT="50" CONTENT="ein" WC="0.98" CC="005"/>
						<SP ID="P2_SP00451" HPOS="3158" VPOS="1260" WIDTH="30"/>
						<String ID="P2_ST00510" HPOS="3188" VPOS="1211" WIDTH="176" HEIGHT="50" CONTENT="schlech" SUBS_TYPE="HypPart1" SUBS_CONTENT="schlechter" WC="0.99" CC="0054063"/>
						<HYP HPOS="3364" VPOS="1211" WIDTH="25" CONTENT="-"/>
					</TextLine>
					<TextLine ID="P2_TL00060" HPOS="1856" VPOS="1288" WIDTH="1534" HEIGHT="67">
						<String ID="P2_ST00511" HPOS="1856" VPOS="1296" WIDTH="70" HEIGHT="42" CONTENT="ter" SUBS_TYPE="HypPart2" SUBS_CONTENT="schlechter" WC="0.98" CC="006"/>
						<SP ID="P2_SP00452" HPOS="1926" VPOS="1338" WIDTH="29"/>
						<String ID="P2_ST00512" HPOS="1955" VPOS="1289" WIDTH="184" HEIGHT="48" CONTENT="Richter" WC="1.00" CC="0005000"/>
						<SP ID="P2_SP00453" HPOS="2139" VPOS="1338" WIDTH="105"/>
						<String ID="P2_ST00513" HPOS="2244" VPOS="1288" WIDTH="117" HEIGHT="49" CONTENT="denn" WC="0.97" CC="0056"/>
						<SP ID="P2_SP00454" HPOS="2361" VPOS="1338" WIDTH="31"/>
						<String ID="P2_ST00514" HPOS="2392" VPOS="1305" WIDTH="49" HEIGHT="32" CONTENT="er" WC="0.84" CC="03"/>
						<SP ID="P2_SP00455" HPOS="2441" VPOS="1338" WIDTH="30"/>
						<String ID="P2_ST00515" HPOS="2471" VPOS="1307" WIDTH="85" HEIGHT="48" CONTENT="zog" WC="0.97" CC="430"/>
						<SP ID="P2_SP00456" HPOS="2556" VPOS="1355" WIDTH="29"/>
						<String ID="P2_ST00516" HPOS="2585" VPOS="1289" WIDTH="113" HEIGHT="49" CONTENT="mich" WC="0.98" CC="4007"/>
						<SP ID="P2_SP00457" HPOS="2698" VPOS="1355" WIDTH="32"/>
						<String ID="P2_ST00517" HPOS="2730" VPOS="1307" WIDTH="49" HEIGHT="33" CONTENT="so" WC="0.79" CC="04"/>
						<SP ID="P2_SP00458" HPOS="2779" VPOS="1355" WIDTH="32"/>
						<String ID="P2_ST00518" HPOS="2811" VPOS="1309" WIDTH="54" HEIGHT="31" CONTENT="zu" WC="0.47" CC="64"/>
						<SP ID="P2_SP00459" HPOS="2865" VPOS="1355" WIDTH="31"/>
						<String ID="P2_ST00519" HPOS="2896" VPOS="1293" WIDTH="161" HEIGHT="57" CONTENT="Rathe," WC="0.80" CC="010603"/>
						<SP ID="P2_SP00460" HPOS="3057" VPOS="1355" WIDTH="31"/>
						<String ID="P2_ST00520" HPOS="3088" VPOS="1293" WIDTH="84" HEIGHT="48" CONTENT="wie" WC="1.00" CC="000"/>
						<SP ID="P2_SP00461" HPOS="3172" VPOS="1355" WIDTH="29"/>
						<String ID="P2_ST00521" HPOS="3201" VPOS="1294" WIDTH="189" HEIGHT="49" CONTENT="Moliere" WC="0.81" CC="0000803"/>
					</TextLine>
					<TextLine ID="P2_TL00061" HPOS="1857" VPOS="1370" WIDTH="1532" HEIGHT="70">
						<String ID="P2_ST00522" HPOS="1857" VPOS="1371" WIDTH="121" HEIGHT="50" CONTENT="seine" WC="1.00" CC="00010"/>
						<SP ID="P2_SP00462" HPOS="1978" VPOS="1421" WIDTH="26"/>
						<String ID="P2_ST00523" HPOS="2004" VPOS="1370" WIDTH="284" HEIGHT="59" CONTENT="Köchin—," WC="0.99" CC="50000182"/>
						<SP ID="P2_SP00463" HPOS="2288" VPOS="1429" WIDTH="39"/>
						<String ID="P2_ST00524" HPOS="2327" VPOS="1371" WIDTH="100" HEIGHT="50" CONTENT="weil" WC="0.99" CC="0040"/>
						<SP ID="P2_SP00464" HPOS="2427" VPOS="1429" WIDTH="30"/>
						<String ID="P2_ST00525" HPOS="2457" VPOS="1371" WIDTH="82" HEIGHT="59" CONTENT="ich," WC="0.99" CC="0060"/>
						<SP ID="P2_SP00465" HPOS="2539" VPOS="1430" WIDTH="45"/>
						<String ID="P2_ST00526" HPOS="2584" VPOS="1371" WIDTH="54" HEIGHT="49" CONTENT="da" WC="0.81" CC="03"/>
						<SP ID="P2_SP00466" HPOS="2638" VPOS="1430" WIDTH="29"/>
						<String ID="P2_ST00527" HPOS="2667" VPOS="1373" WIDTH="68" HEIGHT="48" CONTENT="ich" WC="0.97" CC="007"/>
						<SP ID="P2_SP00467" HPOS="2735" VPOS="1430" WIDTH="30"/>
						<String ID="P2_ST00528" HPOS="2765" VPOS="1373" WIDTH="74" HEIGHT="49" CONTENT="ihn" WC="0.97" CC="061"/>
						<SP ID="P2_SP00468" HPOS="2839" VPOS="1430" WIDTH="34"/>
						<String ID="P2_ST00529" HPOS="2873" VPOS="1390" WIDTH="50" HEIGHT="33" CONTENT="so" WC="0.86" CC="02"/>
						<SP ID="P2_SP00469" HPOS="2923" VPOS="1430" WIDTH="31"/>
						<String ID="P2_ST00530" HPOS="2954" VPOS="1392" WIDTH="144" HEIGHT="48" CONTENT="genau" WC="1.00" CC="00000"/>
						<SP ID="P2_SP00470" HPOS="3098" VPOS="1440" WIDTH="33"/>
						<String ID="P2_ST00531" HPOS="3131" VPOS="1375" WIDTH="179" HEIGHT="59" CONTENT="kannte," WC="0.99" CC="6500600"/>
						<SP ID="P2_SP00471" HPOS="3310" VPOS="1440" WIDTH="32"/>
						<String ID="P2_ST00532" HPOS="3342" VPOS="1394" WIDTH="47" HEIGHT="32" CONTENT="es" WC="0.85" CC="20"/>
					</TextLine>
					<TextLine ID="P2_TL00062" HPOS="1857" VPOS="1451" WIDTH="1532" HEIGHT="72">
						<String ID="P2_ST00533" HPOS="1857" VPOS="1453" WIDTH="131" HEIGHT="49" CONTENT="dahin" WC="1.00" CC="00000"/>
						<SP ID="P2_SP00472" HPOS="1988" VPOS="1502" WIDTH="30"/>
						<String ID="P2_ST00534" HPOS="2018" VPOS="1451" WIDTH="218" HEIGHT="66" CONTENT="gebracht" WC="1.00" CC="00040050"/>
						<SP ID="P2_SP00473" HPOS="2236" VPOS="1517" WIDTH="28"/>
						<String ID="P2_ST00535" HPOS="2264" VPOS="1451" WIDTH="138" HEIGHT="60" CONTENT="hatte," WC="0.99" CC="230402"/>
						<SP ID="P2_SP00474" HPOS="2402" VPOS="1517" WIDTH="43"/>
						<String ID="P2_ST00536" HPOS="2445" VPOS="1453" WIDTH="116" HEIGHT="48" CONTENT="mich" WC="0.99" CC="5000"/>
						<SP ID="P2_SP00475" HPOS="2561" VPOS="1517" WIDTH="39"/>
						<String ID="P2_ST00537" HPOS="2600" VPOS="1453" WIDTH="80" HEIGHT="49" CONTENT="mit" WC="0.98" CC="022"/>
						<SP ID="P2_SP00476" HPOS="2680" VPOS="1517" WIDTH="39"/>
						<String ID="P2_ST00538" HPOS="2719" VPOS="1454" WIDTH="113" HEIGHT="50" CONTENT="allen" WC="0.98" CC="43006"/>
						<SP ID="P2_SP00477" HPOS="2832" VPOS="1517" WIDTH="30"/>
						<String ID="P2_ST00539" HPOS="2862" VPOS="1455" WIDTH="171" HEIGHT="50" CONTENT="Fasern" WC="0.98" CC="070026"/>
						<SP ID="P2_SP00478" HPOS="3033" VPOS="1517" WIDTH="29"/>
						<String ID="P2_ST00540" HPOS="3062" VPOS="1455" WIDTH="148" HEIGHT="51" CONTENT="seiner" WC="0.99" CC="000402"/>
						<SP ID="P2_SP00479" HPOS="3210" VPOS="1517" WIDTH="29"/>
						<String ID="P2_ST00541" HPOS="3239" VPOS="1457" WIDTH="120" HEIGHT="66" CONTENT="Orga" SUBS_TYPE="HypPart1" SUBS_CONTENT="Organisation" WC="0.98" CC="5300"/>
						<HYP HPOS="3359" VPOS="1457" WIDTH="30" CONTENT="-"/>
					</TextLine>
					<TextLine ID="P2_TL00063" HPOS="1857" VPOS="1534" WIDTH="1529" HEIGHT="70">
						<String ID="P2_ST00542" HPOS="1857" VPOS="1535" WIDTH="188" HEIGHT="50" CONTENT="nisation" SUBS_TYPE="HypPart2" SUBS_CONTENT="Organisation" WC="0.99" CC="30307020"/>
						<SP ID="P2_SP00480" HPOS="2045" VPOS="1585" WIDTH="29"/>
						<String ID="P2_ST00543" HPOS="2074" VPOS="1540" WIDTH="202" HEIGHT="44" CONTENT="vertraut" WC="0.99" CC="00040432"/>
						<SP ID="P2_SP00481" HPOS="2276" VPOS="1585" WIDTH="28"/>
						<String ID="P2_ST00544" HPOS="2304" VPOS="1552" WIDTH="55" HEIGHT="32" CONTENT="zu" WC="1.00" CC="00"/>
						<SP ID="P2_SP00482" HPOS="2359" VPOS="1585" WIDTH="32"/>
						<String ID="P2_ST00545" HPOS="2391" VPOS="1534" WIDTH="200" HEIGHT="55" CONTENT="machen." WC="0.99" CC="0405054"/>
						<SP ID="P2_SP00483" HPOS="2591" VPOS="1589" WIDTH="33"/>
						<String ID="P2_ST00546" HPOS="2624" VPOS="1534" WIDTH="121" HEIGHT="51" CONTENT="Acht" WC="0.99" CC="0050"/>
						<SP ID="P2_SP00484" HPOS="2745" VPOS="1589" WIDTH="27"/>
						<String ID="P2_ST00547" HPOS="2772" VPOS="1537" WIDTH="137" HEIGHT="49" CONTENT="Jahre" WC="0.99" CC="02500"/>
						<SP ID="P2_SP00485" HPOS="2909" VPOS="1589" WIDTH="30"/>
						<String ID="P2_ST00548" HPOS="2939" VPOS="1538" WIDTH="117" HEIGHT="66" CONTENT="lang," WC="0.97" CC="25290"/>
						<SP ID="P2_SP00486" HPOS="3056" VPOS="1604" WIDTH="30"/>
						<String ID="P2_ST00549" HPOS="3086" VPOS="1554" WIDTH="73" HEIGHT="33" CONTENT="wo" WC="0.81" CC="03"/>
						<SP ID="P2_SP00487" HPOS="3159" VPOS="1604" WIDTH="30"/>
						<String ID="P2_ST00550" HPOS="3189" VPOS="1556" WIDTH="50" HEIGHT="31" CONTENT="er" WC="1.00" CC="00"/>
						<SP ID="P2_SP00488" HPOS="3239" VPOS="1604" WIDTH="30"/>
						<String ID="P2_ST00551" HPOS="3269" VPOS="1539" WIDTH="117" HEIGHT="50" CONTENT="mich" WC="0.98" CC="2203"/>
					</TextLine>
					<TextLine ID="P2_TL00064" HPOS="1855" VPOS="1617" WIDTH="1534" HEIGHT="71">
						<String ID="P2_ST00552" HPOS="1855" VPOS="1617" WIDTH="245" HEIGHT="67" CONTENT="tagtäglich" WC="1.00" CC="0303003003"/>
						<SP ID="P2_SP00489" HPOS="2100" VPOS="1684" WIDTH="38"/>
						<String ID="P2_ST00553" HPOS="2138" VPOS="1617" WIDTH="43" HEIGHT="49" CONTENT="in" WC="1.00" CC="00"/>
						<SP ID="P2_SP00490" HPOS="2181" VPOS="1684" WIDTH="30"/>
						<String ID="P2_ST00554" HPOS="2211" VPOS="1617" WIDTH="69" HEIGHT="49" CONTENT="die" WC="1.00" CC="000"/>
						<SP ID="P2_SP00491" HPOS="2280" VPOS="1684" WIDTH="31"/>
						<String ID="P2_ST00555" HPOS="2311" VPOS="1617" WIDTH="306" HEIGHT="50" CONTENT="Geheimnisse" WC="0.99" CC="50300160004"/>
						<SP ID="P2_SP00492" HPOS="2617" VPOS="1684" WIDTH="44"/>
						<String ID="P2_ST00556" HPOS="2661" VPOS="1618" WIDTH="149" HEIGHT="49" CONTENT="seiner" WC="1.00" CC="000002"/>
						<SP ID="P2_SP00493" HPOS="2810" VPOS="1684" WIDTH="43"/>
						<String ID="P2_ST00557" HPOS="2853" VPOS="1619" WIDTH="359" HEIGHT="69" CONTENT="schöpferischen" WC="1.00" CC="30500006070100"/>
						<SP ID="P2_SP00494" HPOS="3212" VPOS="1688" WIDTH="29"/>
						<String ID="P2_ST00558" HPOS="3241" VPOS="1623" WIDTH="119" HEIGHT="48" CONTENT="Phan" SUBS_TYPE="HypPart1" SUBS_CONTENT="Phantasie" WC="0.98" CC="5406"/>
						<HYP HPOS="3360" VPOS="1623" WIDTH="29" CONTENT="-"/>
					</TextLine>
					<TextLine ID="P2_TL00065" HPOS="1855" VPOS="1698" WIDTH="1535" HEIGHT="65">
						<String ID="P2_ST00559" HPOS="1855" VPOS="1699" WIDTH="111" HEIGHT="50" CONTENT="tasie" SUBS_TYPE="HypPart2" SUBS_CONTENT="Phantasie" WC="1.00" CC="03000"/>
						<SP ID="P2_SP00495" HPOS="1966" VPOS="1749" WIDTH="31"/>
						<String ID="P2_ST00560" HPOS="1997" VPOS="1698" WIDTH="91" HEIGHT="49" CONTENT="und" WC="1.00" CC="000"/>
						<SP ID="P2_SP00496" HPOS="2088" VPOS="1749" WIDTH="31"/>
						<String ID="P2_ST00561" HPOS="2119" VPOS="1699" WIDTH="143" HEIGHT="48" CONTENT="seiner" WC="0.99" CC="406200"/>
						<SP ID="P2_SP00497" HPOS="2262" VPOS="1749" WIDTH="29"/>
						<String ID="P2_ST00562" HPOS="2291" VPOS="1699" WIDTH="334" HEIGHT="50" CONTENT="musicalischen" WC="1.00" CC="0400056001501"/>
						<SP ID="P2_SP00498" HPOS="2625" VPOS="1749" WIDTH="32"/>
						<String ID="P2_ST00563" HPOS="2657" VPOS="1700" WIDTH="351" HEIGHT="50" CONTENT="Gedankenfülle" WC="1.00" CC="0000600350650"/>
						<SP ID="P2_SP00499" HPOS="3008" VPOS="1750" WIDTH="31"/>
						<String ID="P2_ST00564" HPOS="3039" VPOS="1702" WIDTH="252" HEIGHT="61" CONTENT="einweihte," WC="0.99" CC="0150006600"/>
						<SP ID="P2_SP00500" HPOS="3291" VPOS="1763" WIDTH="30"/>
						<String ID="P2_ST00565" HPOS="3321" VPOS="1704" WIDTH="46" HEIGHT="50" CONTENT="of" SUBS_TYPE="HypPart1" SUBS_CONTENT="offenbarte" WC="0.95" CC="29"/>
						<HYP HPOS="3367" VPOS="1704" WIDTH="23" CONTENT="-"/>
					</TextLine>
					<TextLine ID="P2_TL00066" HPOS="1856" VPOS="1779" WIDTH="1535" HEIGHT="70">
						<String ID="P2_ST00566" HPOS="1856" VPOS="1779" WIDTH="202" HEIGHT="51" CONTENT="fenbarte" SUBS_TYPE="HypPart2" SUBS_CONTENT="offenbarte" WC="0.99" CC="30114050"/>
						<SP ID="P2_SP00501" HPOS="2058" VPOS="1830" WIDTH="30"/>
						<String ID="P2_ST00567" HPOS="2088" VPOS="1779" WIDTH="83" HEIGHT="50" CONTENT="mir" WC="0.95" CC="606"/>
						<SP ID="P2_SP00502" HPOS="2171" VPOS="1830" WIDTH="29"/>
						<String ID="P2_ST00568" HPOS="2200" VPOS="1780" WIDTH="91" HEIGHT="49" CONTENT="sein" WC="1.00" CC="0002"/>
						<SP ID="P2_SP00503" HPOS="2291" VPOS="1830" WIDTH="31"/>
						<String ID="P2_ST00569" HPOS="2322" VPOS="1780" WIDTH="156" HEIGHT="65" CONTENT="Flügel" WC="0.99" CC="030006"/>
						<SP ID="P2_SP00504" HPOS="2478" VPOS="1845" WIDTH="32"/>
						<String ID="P2_ST00570" HPOS="2510" VPOS="1780" WIDTH="86" HEIGHT="50" CONTENT="den" WC="0.98" CC="006"/>
						<SP ID="P2_SP00505" HPOS="2596" VPOS="1845" WIDTH="42"/>
						<String ID="P2_ST00571" HPOS="2638" VPOS="1780" WIDTH="333" HEIGHT="52" CONTENT="hinreissenden" WC="1.00" CC="7001000000005"/>
						<SP ID="P2_SP00506" HPOS="2971" VPOS="1845" WIDTH="30"/>
						<String ID="P2_ST00572" HPOS="3001" VPOS="1783" WIDTH="131" HEIGHT="66" CONTENT="Flug," WC="0.98" CC="06600"/>
						<SP ID="P2_SP00507" HPOS="3132" VPOS="1849" WIDTH="45"/>
						<String ID="P2_ST00573" HPOS="3177" VPOS="1784" WIDTH="69" HEIGHT="50" CONTENT="die" WC="0.99" CC="300"/>
						<SP ID="P2_SP00508" HPOS="3246" VPOS="1849" WIDTH="28"/>
						<String ID="P2_ST00574" HPOS="3274" VPOS="1785" WIDTH="88" HEIGHT="50" CONTENT="Ver" SUBS_TYPE="HypPart1" SUBS_CONTENT="Verwicklung," WC="0.98" CC="500"/>
						<HYP HPOS="3362" VPOS="1785" WIDTH="29" CONTENT="-"/>
					</TextLine>
					<TextLine ID="P2_TL00067" HPOS="1856" VPOS="1862" WIDTH="1534" HEIGHT="64">
						<String ID="P2_ST00575" HPOS="1856" VPOS="1862" WIDTH="241" HEIGHT="64" CONTENT="wicklung," SUBS_TYPE="HypPart2" SUBS_CONTENT="Verwicklung," WC="1.00" CC="000050003"/>
						<SP ID="P2_SP00509" HPOS="2097" VPOS="1926" WIDTH="31"/>
						<String ID="P2_ST00576" HPOS="2128" VPOS="1862" WIDTH="68" HEIGHT="49" CONTENT="die" WC="1.00" CC="000"/>
						<SP ID="P2_SP00510" HPOS="2196" VPOS="1926" WIDTH="31"/>
						<String ID="P2_ST00577" HPOS="2227" VPOS="1862" WIDTH="133" HEIGHT="64" CONTENT="Siege" WC="1.00" CC="00000"/>
						<SP ID="P2_SP00511" HPOS="2360" VPOS="1926" WIDTH="31"/>
						<String ID="P2_ST00578" HPOS="2391" VPOS="1862" WIDTH="110" HEIGHT="49" CONTENT="oder" WC="1.00" CC="0001"/>
						<SP ID="P2_SP00512" HPOS="2501" VPOS="1926" WIDTH="29"/>
						<String ID="P2_ST00579" HPOS="2530" VPOS="1863" WIDTH="70" HEIGHT="48" CONTENT="die" WC="1.00" CC="000"/>
						<SP ID="P2_SP00513" HPOS="2600" VPOS="1926" WIDTH="31"/>
						<String ID="P2_ST00580" HPOS="2631" VPOS="1863" WIDTH="177" HEIGHT="60" CONTENT="Qualen" WC="0.99" CC="530002"/>
						<SP ID="P2_SP00514" HPOS="2808" VPOS="1926" WIDTH="31"/>
						<String ID="P2_ST00581" HPOS="2839" VPOS="1865" WIDTH="145" HEIGHT="49" CONTENT="seiner" WC="0.99" CC="000303"/>
						<SP ID="P2_SP00515" HPOS="2984" VPOS="1926" WIDTH="26"/>
						<String ID="P2_ST00582" HPOS="3010" VPOS="1865" WIDTH="261" HEIGHT="51" CONTENT="Gedanken." WC="1.00" CC="000063004"/>
						<SP ID="P2_SP00516" HPOS="3271" VPOS="1926" WIDTH="42"/>
						<String ID="P2_ST00583" HPOS="3313" VPOS="1867" WIDTH="77" HEIGHT="49" CONTENT="Ich" WC="0.99" CC="030"/>
					</TextLine>
					<TextLine ID="P2_TL00068" HPOS="1857" VPOS="1943" WIDTH="1537" HEIGHT="66">
						<String ID="P2_ST00584" HPOS="1857" VPOS="1943" WIDTH="207" HEIGHT="49" CONTENT="verstand" WC="0.99" CC="00508660"/>
						<SP ID="P2_SP00517" HPOS="2064" VPOS="1992" WIDTH="31"/>
						<String ID="P2_ST00585" HPOS="2095" VPOS="1943" WIDTH="76" HEIGHT="49" CONTENT="ihn" WC="0.98" CC="060"/>
						<SP ID="P2_SP00518" HPOS="2171" VPOS="1992" WIDTH="29"/>
						<String ID="P2_ST00586" HPOS="2200" VPOS="1943" WIDTH="91" HEIGHT="49" CONTENT="also" WC="0.98" CC="4400"/>
						<SP ID="P2_SP00519" HPOS="2291" VPOS="1992" WIDTH="32"/>
						<String ID="P2_ST00587" HPOS="2323" VPOS="1943" WIDTH="115" HEIGHT="49" CONTENT="eben" WC="1.00" CC="0000"/>
						<SP ID="P2_SP00520" HPOS="2438" VPOS="1992" WIDTH="30"/>
						<String ID="P2_ST00588" HPOS="2468" VPOS="1961" WIDTH="51" HEIGHT="33" CONTENT="so" WC="0.83" CC="03"/>
						<SP ID="P2_SP00521" HPOS="2519" VPOS="1994" WIDTH="32"/>
						<String ID="P2_ST00589" HPOS="2551" VPOS="1952" WIDTH="95" HEIGHT="57" CONTENT="gut," WC="0.99" CC="0202"/>
						<SP ID="P2_SP00522" HPOS="2646" VPOS="2009" WIDTH="30"/>
						<String ID="P2_ST00590" HPOS="2676" VPOS="1945" WIDTH="85" HEIGHT="50" CONTENT="wie" WC="0.99" CC="002"/>
						<SP ID="P2_SP00523" HPOS="2761" VPOS="2009" WIDTH="31"/>
						<String ID="P2_ST00591" HPOS="2792" VPOS="1963" WIDTH="48" HEIGHT="32" CONTENT="er" WC="0.67" CC="06"/>
						<SP ID="P2_SP00524" HPOS="2840" VPOS="2009" WIDTH="31"/>
						<String ID="P2_ST00592" HPOS="2871" VPOS="1945" WIDTH="90" HEIGHT="51" CONTENT="sich" WC="1.00" CC="0000"/>
						<SP ID="P2_SP00525" HPOS="2961" VPOS="2009" WIDTH="34"/>
						<String ID="P2_ST00593" HPOS="2995" VPOS="1947" WIDTH="140" HEIGHT="49" CONTENT="selbst" WC="1.00" CC="000500"/>
						<SP ID="P2_SP00526" HPOS="3135" VPOS="2009" WIDTH="21"/>
						<String ID="P2_ST00594" HPOS="3156" VPOS="1949" WIDTH="238" HEIGHT="59" CONTENT="verstand;" WC="0.99" CC="606030006"/>
					</TextLine>
					<TextLine ID="P2_TL00069" HPOS="1856" VPOS="2025" WIDTH="1533" HEIGHT="69">
						<String ID="P2_ST00595" HPOS="1856" VPOS="2027" WIDTH="68" HEIGHT="48" CONTENT="ein" WC="0.97" CC="006"/>
						<SP ID="P2_SP00527" HPOS="1924" VPOS="2075" WIDTH="32"/>
						<String ID="P2_ST00596" HPOS="1956" VPOS="2025" WIDTH="200" HEIGHT="58" CONTENT="Richter," WC="0.99" CC="00061012"/>
						<SP ID="P2_SP00528" HPOS="2156" VPOS="2083" WIDTH="30"/>
						<String ID="P2_ST00597" HPOS="2186" VPOS="2025" WIDTH="80" HEIGHT="49" CONTENT="der" WC="0.99" CC="020"/>
						<SP ID="P2_SP00529" HPOS="2266" VPOS="2083" WIDTH="29"/>
						<String ID="P2_ST00598" HPOS="2295" VPOS="2025" WIDTH="89" HEIGHT="50" CONTENT="ihm" WC="0.95" CC="065"/>
						<SP ID="P2_SP00530" HPOS="2384" VPOS="2083" WIDTH="31"/>
						<String ID="P2_ST00599" HPOS="2415" VPOS="2025" WIDTH="141" HEIGHT="51" CONTENT="selbst" WC="0.99" CC="006025"/>
						<SP ID="P2_SP00531" HPOS="2556" VPOS="2083" WIDTH="29"/>
						<String ID="P2_ST00600" HPOS="2585" VPOS="2027" WIDTH="195" HEIGHT="51" CONTENT="fremder" WC="0.98" CC="6509004"/>
						<SP ID="P2_SP00532" HPOS="2780" VPOS="2083" WIDTH="27"/>
						<String ID="P2_ST00601" HPOS="2807" VPOS="2046" WIDTH="210" HEIGHT="48" CONTENT="gewesen" WC="1.00" CC="0000000"/>
						<SP ID="P2_SP00533" HPOS="3017" VPOS="2094" WIDTH="31"/>
						<String ID="P2_ST00602" HPOS="3048" VPOS="2034" WIDTH="138" HEIGHT="55" CONTENT="wäre," WC="0.98" CC="06103"/>
						<SP ID="P2_SP00534" HPOS="3186" VPOS="2094" WIDTH="43"/>
						<String ID="P2_ST00603" HPOS="3229" VPOS="2032" WIDTH="160" HEIGHT="49" CONTENT="würde" WC="0.99" CC="06000"/>
					</TextLine>
					<TextLine ID="P2_TL00070" HPOS="1856" VPOS="2105" WIDTH="1501" HEIGHT="68">
						<String ID="P2_ST00604" HPOS="1856" VPOS="2107" WIDTH="74" HEIGHT="49" CONTENT="ihn" WC="0.98" CC="050"/>
						<SP ID="P2_SP00535" HPOS="1930" VPOS="2156" WIDTH="30"/>
						<String ID="P2_ST00605" HPOS="1960" VPOS="2123" WIDTH="279" HEIGHT="50" CONTENT="gezwungen" WC="0.99" CC="904006014"/>
						<SP ID="P2_SP00536" HPOS="2239" VPOS="2173" WIDTH="32"/>
						<String ID="P2_ST00606" HPOS="2271" VPOS="2105" WIDTH="160" HEIGHT="59" CONTENT="haben," WC="0.98" CC="516003"/>
						<SP ID="P2_SP00537" HPOS="2431" VPOS="2173" WIDTH="31"/>
						<String ID="P2_ST00607" HPOS="2462" VPOS="2108" WIDTH="350" HEIGHT="50" CONTENT="verständlicher" WC="1.00" CC="00306010400600"/>
						<SP ID="P2_SP00538" HPOS="2812" VPOS="2173" WIDTH="31"/>
						<String ID="P2_ST00608" HPOS="2843" VPOS="2111" WIDTH="68" HEIGHT="48" CONTENT="für" WC="0.96" CC="602"/>
						<SP ID="P2_SP00539" HPOS="2911" VPOS="2173" WIDTH="31"/>
						<String ID="P2_ST00609" HPOS="2942" VPOS="2111" WIDTH="101" HEIGHT="48" CONTENT="Alle" WC="0.97" CC="5360"/>
						<SP ID="P2_SP00540" HPOS="3043" VPOS="2173" WIDTH="30"/>
						<String ID="P2_ST00610" HPOS="3073" VPOS="2130" WIDTH="53" HEIGHT="31" CONTENT="zu" WC="0.63" CC="34"/>
						<SP ID="P2_SP00541" HPOS="3126" VPOS="2173" WIDTH="34"/>
						<String ID="P2_ST00611" HPOS="3160" VPOS="2113" WIDTH="197" HEIGHT="51" CONTENT="werden." WC="0.99" CC="0030043"/>
					</TextLine>
					<TextLine ID="P2_TL00071" HPOS="1990" VPOS="2188" WIDTH="1399" HEIGHT="66">
						<String ID="P2_ST00612" HPOS="1990" VPOS="2189" WIDTH="80" HEIGHT="56" CONTENT="„In" WC="0.97" CC="520"/>
						<SP ID="P2_SP00542" HPOS="2070" VPOS="2245" WIDTH="31"/>
						<String ID="P2_ST00613" HPOS="2101" VPOS="2188" WIDTH="145" HEIGHT="48" CONTENT="seiner" WC="1.00" CC="000200"/>
						<SP ID="P2_SP00543" HPOS="2246" VPOS="2245" WIDTH="23"/>
						<String ID="P2_ST00614" HPOS="2269" VPOS="2189" WIDTH="180" HEIGHT="65" CONTENT="Jugend" WC="0.98" CC="268060"/>
						<SP ID="P2_SP00544" HPOS="2449" VPOS="2254" WIDTH="30"/>
						<String ID="P2_ST00615" HPOS="2479" VPOS="2189" WIDTH="124" HEIGHT="49" CONTENT="hatte" WC="0.98" CC="20540"/>
						<SP ID="P2_SP00545" HPOS="2603" VPOS="2254" WIDTH="24"/>
						<String ID="P2_ST00616" HPOS="2627" VPOS="2207" WIDTH="48" HEIGHT="32" CONTENT="er" WC="1.00" CC="00"/>
						<SP ID="P2_SP00546" HPOS="2675" VPOS="2254" WIDTH="22"/>
						<String ID="P2_ST00617" HPOS="2697" VPOS="2192" WIDTH="249" HEIGHT="48" CONTENT="manchmal" WC="0.98" CC="64006650"/>
						<SP ID="P2_SP00547" HPOS="2946" VPOS="2254" WIDTH="31"/>
						<String ID="P2_ST00618" HPOS="2977" VPOS="2192" WIDTH="168" HEIGHT="51" CONTENT="heitere" WC="0.99" CC="5006000"/>
						<SP ID="P2_SP00548" HPOS="3145" VPOS="2254" WIDTH="29"/>
						<String ID="P2_ST00619" HPOS="3174" VPOS="2194" WIDTH="93" HEIGHT="49" CONTENT="und" WC="0.98" CC="600"/>
						<SP ID="P2_SP00549" HPOS="3267" VPOS="2254" WIDTH="30"/>
						<String ID="P2_ST00620" HPOS="3297" VPOS="2196" WIDTH="69" HEIGHT="48" CONTENT="völ" SUBS_TYPE="HypPart1" SUBS_CONTENT="völlig" WC="0.97" CC="605"/>
						<HYP HPOS="3366" VPOS="2196" WIDTH="23" CONTENT="-"/>
					</TextLine>
					<TextLine ID="P2_TL00072" HPOS="1857" VPOS="2269" WIDTH="1533" HEIGHT="71">
						<String ID="P2_ST00621" HPOS="1857" VPOS="2269" WIDTH="61" HEIGHT="68" CONTENT="lig" SUBS_TYPE="HypPart2" SUBS_CONTENT="völlig" WC="0.98" CC="500"/>
						<SP ID="P2_SP00550" HPOS="1918" VPOS="2337" WIDTH="28"/>
						<String ID="P2_ST00622" HPOS="1946" VPOS="2269" WIDTH="309" HEIGHT="66" CONTENT="abgerundete" WC="1.00" CC="40000340051"/>
						<SP ID="P2_SP00551" HPOS="2255" VPOS="2337" WIDTH="30"/>
						<String ID="P2_ST00623" HPOS="2285" VPOS="2271" WIDTH="133" HEIGHT="49" CONTENT="Ideen" WC="0.98" CC="50007"/>
						<SP ID="P2_SP00552" HPOS="2418" VPOS="2337" WIDTH="33"/>
						<String ID="P2_ST00624" HPOS="2451" VPOS="2271" WIDTH="180" HEIGHT="66" CONTENT="gehabt." WC="0.99" CC="0006003"/>
						<SP ID="P2_SP00553" HPOS="2631" VPOS="2337" WIDTH="30"/>
						<String ID="P2_ST00625" HPOS="2661" VPOS="2273" WIDTH="64" HEIGHT="47" CONTENT="Er" WC="0.82" CC="03"/>
						<SP ID="P2_SP00554" HPOS="2725" VPOS="2337" WIDTH="30"/>
						<String ID="P2_ST00626" HPOS="2755" VPOS="2273" WIDTH="76" HEIGHT="48" CONTENT="hat" WC="0.97" CC="053"/>
						<SP ID="P2_SP00555" HPOS="2831" VPOS="2337" WIDTH="28"/>
						<String ID="P2_ST00627" HPOS="2859" VPOS="2274" WIDTH="227" HEIGHT="66" CONTENT="polnische" WC="0.99" CC="601020060"/>
						<SP ID="P2_SP00556" HPOS="3086" VPOS="2340" WIDTH="18"/>
						<String ID="P2_ST00628" HPOS="3104" VPOS="2276" WIDTH="163" HEIGHT="49" CONTENT="Lieder" WC="1.00" CC="000000"/>
						<SP ID="P2_SP00557" HPOS="3267" VPOS="2340" WIDTH="32"/>
						<String ID="P2_ST00629" HPOS="3299" VPOS="2278" WIDTH="91" HEIGHT="48" CONTENT="und" WC="0.98" CC="600"/>
					</TextLine>
					<TextLine ID="P2_TL00073" HPOS="1860" VPOS="2351" WIDTH="1531" HEIGHT="68">
						<String ID="P2_ST00630" HPOS="1860" VPOS="2352" WIDTH="207" HEIGHT="65" CONTENT="Gesänge" WC="1.00" CC="0000500"/>
						<SP ID="P2_SP00558" HPOS="2067" VPOS="2417" WIDTH="30"/>
						<String ID="P2_ST00631" HPOS="2097" VPOS="2351" WIDTH="221" HEIGHT="66" CONTENT="gemacht," WC="0.98" CC="06660634"/>
						<SP ID="P2_SP00559" HPOS="2318" VPOS="2417" WIDTH="32"/>
						<String ID="P2_ST00632" HPOS="2350" VPOS="2352" WIDTH="68" HEIGHT="48" CONTENT="die" WC="1.00" CC="000"/>
						<SP ID="P2_SP00560" HPOS="2418" VPOS="2417" WIDTH="30"/>
						<String ID="P2_ST00633" HPOS="2448" VPOS="2352" WIDTH="120" HEIGHT="49" CONTENT="nicht" WC="0.99" CC="00050"/>
						<SP ID="P2_SP00561" HPOS="2568" VPOS="2417" WIDTH="31"/>
						<String ID="P2_ST00634" HPOS="2599" VPOS="2353" WIDTH="220" HEIGHT="66" CONTENT="gedruckt" WC="1.00" CC="00023002"/>
						<SP ID="P2_SP00562" HPOS="2819" VPOS="2419" WIDTH="29"/>
						<String ID="P2_ST00635" HPOS="2848" VPOS="2356" WIDTH="186" HEIGHT="53" CONTENT="worden" WC="0.98" CC="961005"/>
						<SP ID="P2_SP00563" HPOS="3034" VPOS="2419" WIDTH="32"/>
						<String ID="P2_ST00636" HPOS="3066" VPOS="2356" WIDTH="112" HEIGHT="59" CONTENT="sind," WC="0.99" CC="00604"/>
						<SP ID="P2_SP00564" HPOS="3178" VPOS="2419" WIDTH="42"/>
						<String ID="P2_ST00637" HPOS="3220" VPOS="2358" WIDTH="171" HEIGHT="48" CONTENT="welche" WC="1.00" CC="002000"/>
					</TextLine>
					<TextLine ID="P2_TL00074" HPOS="1858" VPOS="2432" WIDTH="1532" HEIGHT="66">
						<String ID="P2_ST00638" HPOS="1858" VPOS="2432" WIDTH="98" HEIGHT="49" CONTENT="eine" WC="0.99" CC="0050"/>
						<SP ID="P2_SP00565" HPOS="1956" VPOS="2481" WIDTH="29"/>
						<String ID="P2_ST00639" HPOS="1985" VPOS="2433" WIDTH="206" HEIGHT="48" CONTENT="reizende" WC="0.99" CC="40042000"/>
						<SP ID="P2_SP00566" HPOS="2191" VPOS="2481" WIDTH="31"/>
						<String ID="P2_ST00640" HPOS="2222" VPOS="2433" WIDTH="359" HEIGHT="65" CONTENT="Gutmüthigkeit" WC="0.79" CC="0060802090000"/>
						<SP ID="P2_SP00567" HPOS="2581" VPOS="2498" WIDTH="41"/>
						<String ID="P2_ST00641" HPOS="2622" VPOS="2434" WIDTH="90" HEIGHT="50" CONTENT="und" WC="0.97" CC="430"/>
						<SP ID="P2_SP00568" HPOS="2712" VPOS="2498" WIDTH="32"/>
						<String ID="P2_ST00642" HPOS="2744" VPOS="2436" WIDTH="96" HEIGHT="49" CONTENT="eine" WC="0.99" CC="0020"/>
						<SP ID="P2_SP00569" HPOS="2840" VPOS="2498" WIDTH="29"/>
						<String ID="P2_ST00643" HPOS="2869" VPOS="2439" WIDTH="202" HEIGHT="47" CONTENT="äusserst" WC="0.99" CC="04020005"/>
						<SP ID="P2_SP00570" HPOS="3071" VPOS="2498" WIDTH="28"/>
						<String ID="P2_ST00644" HPOS="3099" VPOS="2437" WIDTH="265" HEIGHT="51" CONTENT="liebenswür" SUBS_TYPE="HypPart1" SUBS_CONTENT="liebenswürdige" WC="1.00" CC="4000045000"/>
						<HYP HPOS="3364" VPOS="2437" WIDTH="26" CONTENT="-"/>
					</TextLine>
					<TextLine ID="P2_TL00075" HPOS="1860" VPOS="2514" WIDTH="1533" HEIGHT="73">
						<String ID="P2_ST00645" HPOS="1860" VPOS="2514" WIDTH="100" HEIGHT="65" CONTENT="dige" SUBS_TYPE="HypPart2" SUBS_CONTENT="liebenswürdige" WC="1.00" CC="0100"/>
						<SP ID="P2_SP00571" HPOS="1960" VPOS="2579" WIDTH="29"/>
						<String ID="P2_ST00646" HPOS="1989" VPOS="2514" WIDTH="135" HEIGHT="50" CONTENT="Milde" WC="0.99" CC="00004"/>
						<SP ID="P2_SP00572" HPOS="2124" VPOS="2579" WIDTH="29"/>
						<String ID="P2_ST00647" HPOS="2153" VPOS="2514" WIDTH="194" HEIGHT="50" CONTENT="athmen." WC="0.74" CC="3056000"/>
						<SP ID="P2_SP00573" HPOS="2347" VPOS="2579" WIDTH="55"/>
						<String ID="P2_ST00648" HPOS="2402" VPOS="2516" WIDTH="157" HEIGHT="64" CONTENT="Einige" WC="1.00" CC="006000"/>
						<SP ID="P2_SP00574" HPOS="2559" VPOS="2580" WIDTH="42"/>
						<String ID="P2_ST00649" HPOS="2601" VPOS="2517" WIDTH="145" HEIGHT="48" CONTENT="seiner" WC="1.00" CC="002000"/>
						<SP ID="P2_SP00575" HPOS="2746" VPOS="2580" WIDTH="39"/>
						<String ID="P2_ST00650" HPOS="2785" VPOS="2521" WIDTH="209" HEIGHT="63" CONTENT="späteren" WC="0.99" CC="00920500"/>
						<SP ID="P2_SP00576" HPOS="2994" VPOS="2584" WIDTH="32"/>
						<String ID="P2_ST00651" HPOS="3026" VPOS="2518" WIDTH="367" HEIGHT="69" CONTENT="Compositionen" WC="0.87" CC="5000000410060"/>
					</TextLine>
					<TextLine ID="P2_TL00076" HPOS="1858" VPOS="2596" WIDTH="1532" HEIGHT="67">
						<String ID="P2_ST00652" HPOS="1858" VPOS="2597" WIDTH="97" HEIGHT="48" CONTENT="sind" WC="0.99" CC="0060"/>
						<SP ID="P2_SP00577" HPOS="1955" VPOS="2645" WIDTH="44"/>
						<String ID="P2_ST00653" HPOS="1999" VPOS="2596" WIDTH="113" HEIGHT="49" CONTENT="auch" WC="0.97" CC="3603"/>
						<SP ID="P2_SP00578" HPOS="2112" VPOS="2645" WIDTH="38"/>
						<String ID="P2_ST00654" HPOS="2150" VPOS="2597" WIDTH="116" HEIGHT="48" CONTENT="noch" WC="0.97" CC="6005"/>
						<SP ID="P2_SP00579" HPOS="2266" VPOS="2645" WIDTH="31"/>
						<String ID="P2_ST00655" HPOS="2297" VPOS="2597" WIDTH="429" HEIGHT="66" CONTENT="Krystall-Quellen," WC="0.60" CC="05707665055021524"/>
						<SP ID="P2_SP00580" HPOS="2726" VPOS="2663" WIDTH="46"/>
						<String ID="P2_ST00656" HPOS="2772" VPOS="2600" WIDTH="40" HEIGHT="48" CONTENT="in" WC="0.69" CC="06"/>
						<SP ID="P2_SP00581" HPOS="2812" VPOS="2663" WIDTH="43"/>
						<String ID="P2_ST00657" HPOS="2855" VPOS="2600" WIDTH="143" HEIGHT="50" CONTENT="denen" WC="1.00" CC="00300"/>
						<SP ID="P2_SP00582" HPOS="2998" VPOS="2663" WIDTH="41"/>
						<String ID="P2_ST00658" HPOS="3039" VPOS="2601" WIDTH="92" HEIGHT="49" CONTENT="sich" WC="0.98" CC="3303"/>
						<SP ID="P2_SP00583" HPOS="3131" VPOS="2663" WIDTH="44"/>
						<String ID="P2_ST00659" HPOS="3175" VPOS="2602" WIDTH="70" HEIGHT="50" CONTENT="die" WC="1.00" CC="000"/>
						<SP ID="P2_SP00584" HPOS="3245" VPOS="2663" WIDTH="31"/>
						<String ID="P2_ST00660" HPOS="3276" VPOS="2603" WIDTH="114" HEIGHT="50" CONTENT="helle" WC="0.99" CC="00140"/>
					</TextLine>
					<TextLine ID="P2_TL00077" HPOS="1858" VPOS="2678" WIDTH="1533" HEIGHT="66">
						<String ID="P2_ST00661" HPOS="1858" VPOS="2680" WIDTH="153" HEIGHT="48" CONTENT="Sonne" WC="0.99" CC="00600"/>
						<SP ID="P2_SP00585" HPOS="2011" VPOS="2728" WIDTH="30"/>
						<String ID="P2_ST00662" HPOS="2041" VPOS="2678" WIDTH="200" HEIGHT="66" CONTENT="spiegelt." WC="0.98" CC="494490460"/>
						<SP ID="P2_SP00586" HPOS="2241" VPOS="2744" WIDTH="33"/>
						<String ID="P2_ST00663" HPOS="2274" VPOS="2678" WIDTH="142" HEIGHT="49" CONTENT="Allein" WC="0.99" CC="020004"/>
						<SP ID="P2_SP00587" HPOS="2416" VPOS="2744" WIDTH="32"/>
						<String ID="P2_ST00664" HPOS="2448" VPOS="2680" WIDTH="83" HEIGHT="48" CONTENT="wie" WC="1.00" CC="000"/>
						<SP ID="P2_SP00588" HPOS="2531" VPOS="2744" WIDTH="31"/>
						<String ID="P2_ST00665" HPOS="2562" VPOS="2680" WIDTH="138" HEIGHT="49" CONTENT="selten" WC="0.98" CC="530036"/>
						<SP ID="P2_SP00589" HPOS="2700" VPOS="2744" WIDTH="32"/>
						<String ID="P2_ST00666" HPOS="2732" VPOS="2682" WIDTH="92" HEIGHT="48" CONTENT="und" WC="1.00" CC="000"/>
						<SP ID="P2_SP00590" HPOS="2824" VPOS="2744" WIDTH="30"/>
						<String ID="P2_ST00667" HPOS="2854" VPOS="2682" WIDTH="109" HEIGHT="50" CONTENT="kurz" WC="0.98" CC="0064"/>
						<SP ID="P2_SP00591" HPOS="2963" VPOS="2744" WIDTH="31"/>
						<String ID="P2_ST00668" HPOS="2994" VPOS="2683" WIDTH="94" HEIGHT="50" CONTENT="sind" WC="0.99" CC="0050"/>
						<SP ID="P2_SP00592" HPOS="3088" VPOS="2744" WIDTH="33"/>
						<String ID="P2_ST00669" HPOS="3121" VPOS="2683" WIDTH="120" HEIGHT="50" CONTENT="diese" WC="1.00" CC="00000"/>
						<SP ID="P2_SP00593" HPOS="3241" VPOS="2744" WIDTH="28"/>
						<String ID="P2_ST00670" HPOS="3269" VPOS="2685" WIDTH="98" HEIGHT="48" CONTENT="ruhi" SUBS_TYPE="HypPart1" SUBS_CONTENT="ruhigen" WC="0.98" CC="0560"/>
						<HYP HPOS="3367" VPOS="2685" WIDTH="24" CONTENT="-"/>
					</TextLine>
					<TextLine ID="P2_TL00078" HPOS="1860" VPOS="2760" WIDTH="1534" HEIGHT="72">
						<String ID="P2_ST00671" HPOS="1860" VPOS="2776" WIDTH="85" HEIGHT="48" CONTENT="gen" SUBS_TYPE="HypPart2" SUBS_CONTENT="ruhigen" WC="1.00" CC="000"/>
						<SP ID="P2_SP00594" HPOS="1945" VPOS="2824" WIDTH="31"/>
						<String ID="P2_ST00672" HPOS="1976" VPOS="2760" WIDTH="201" HEIGHT="64" CONTENT="Ergüsse" WC="0.99" CC="1900330"/>
						<SP ID="P2_SP00595" HPOS="2177" VPOS="2824" WIDTH="31"/>
						<String ID="P2_ST00673" HPOS="2208" VPOS="2760" WIDTH="144" HEIGHT="48" CONTENT="seiner" WC="1.00" CC="000003"/>
						<SP ID="P2_SP00596" HPOS="2352" VPOS="2824" WIDTH="31"/>
						<String ID="P2_ST00674" HPOS="2383" VPOS="2760" WIDTH="324" HEIGHT="50" CONTENT="dichterischen" WC="0.99" CC="0005503306454"/>
						<SP ID="P2_SP00597" HPOS="2707" VPOS="2824" WIDTH="29"/>
						<String ID="P2_ST00675" HPOS="2736" VPOS="2763" WIDTH="335" HEIGHT="66" CONTENT="Anschauung!" WC="0.99" CC="02107250300"/>
						<SP ID="P2_SP00598" HPOS="3071" VPOS="2829" WIDTH="32"/>
						<String ID="P2_ST00676" HPOS="3103" VPOS="2766" WIDTH="91" HEIGHT="47" CONTENT="Der" WC="0.99" CC="002"/>
						<SP ID="P2_SP00599" HPOS="3194" VPOS="2829" WIDTH="18"/>
						<String ID="P2_ST00677" HPOS="3212" VPOS="2766" WIDTH="182" HEIGHT="66" CONTENT="Gesang" WC="0.99" CC="000109"/>
					</TextLine>
					<TextLine ID="P2_TL00079" HPOS="1858" VPOS="2841" WIDTH="1535" HEIGHT="72">
						<String ID="P2_ST00678" HPOS="1858" VPOS="2842" WIDTH="80" HEIGHT="48" CONTENT="der" WC="0.98" CC="004"/>
						<SP ID="P2_SP00600" HPOS="1938" VPOS="2890" WIDTH="30"/>
						<String ID="P2_ST00679" HPOS="1968" VPOS="2841" WIDTH="174" HEIGHT="49" CONTENT="Lerche" WC="0.99" CC="000070"/>
						<SP ID="P2_SP00601" HPOS="2142" VPOS="2890" WIDTH="28"/>
						<String ID="P2_ST00680" HPOS="2170" VPOS="2841" WIDTH="41" HEIGHT="49" CONTENT="in" WC="0.77" CC="04"/>
						<SP ID="P2_SP00602" HPOS="2211" VPOS="2890" WIDTH="31"/>
						<String ID="P2_ST00681" HPOS="2242" VPOS="2842" WIDTH="80" HEIGHT="48" CONTENT="der" WC="0.98" CC="005"/>
						<SP ID="P2_SP00603" HPOS="2322" VPOS="2890" WIDTH="29"/>
						<String ID="P2_ST00682" HPOS="2351" VPOS="2842" WIDTH="304" HEIGHT="50" CONTENT="Himmelsluft" WC="0.99" CC="60500202406"/>
						<SP ID="P2_SP00604" HPOS="2655" VPOS="2892" WIDTH="30"/>
						<String ID="P2_ST00683" HPOS="2685" VPOS="2845" WIDTH="90" HEIGHT="48" CONTENT="und" WC="0.98" CC="150"/>
						<SP ID="P2_SP00605" HPOS="2775" VPOS="2893" WIDTH="33"/>
						<String ID="P2_ST00684" HPOS="2808" VPOS="2845" WIDTH="78" HEIGHT="49" CONTENT="das" WC="0.99" CC="003"/>
						<SP ID="P2_SP00606" HPOS="2886" VPOS="2894" WIDTH="28"/>
						<String ID="P2_ST00685" HPOS="2914" VPOS="2846" WIDTH="171" HEIGHT="49" CONTENT="weiche" WC="1.00" CC="000050"/>
						<SP ID="P2_SP00607" HPOS="3085" VPOS="2895" WIDTH="27"/>
						<String ID="P2_ST00686" HPOS="3112" VPOS="2847" WIDTH="281" HEIGHT="66" CONTENT="Sichwiegen" WC="1.00" CC="0023031013"/>
					</TextLine>
					<TextLine ID="P2_TL00080" HPOS="1858" VPOS="2922" WIDTH="1533" HEIGHT="59">
						<String ID="P2_ST00687" HPOS="1858" VPOS="2922" WIDTH="78" HEIGHT="50" CONTENT="des" WC="1.00" CC="000"/>
						<SP ID="P2_SP00608" HPOS="1936" VPOS="2972" WIDTH="32"/>
						<String ID="P2_ST00688" HPOS="1968" VPOS="2922" WIDTH="216" HEIGHT="50" CONTENT="Schwans" WC="0.99" CC="2020550"/>
						<SP ID="P2_SP00609" HPOS="2184" VPOS="2972" WIDTH="29"/>
						<String ID="P2_ST00689" HPOS="2213" VPOS="2922" WIDTH="80" HEIGHT="50" CONTENT="auf" WC="0.96" CC="650"/>
						<SP ID="P2_SP00610" HPOS="2293" VPOS="2972" WIDTH="30"/>
						<String ID="P2_ST00690" HPOS="2323" VPOS="2923" WIDTH="102" HEIGHT="49" CONTENT="dem" WC="0.99" CC="002"/>
						<SP ID="P2_SP00611" HPOS="2425" VPOS="2972" WIDTH="43"/>
						<String ID="P2_ST00691" HPOS="2468" VPOS="2923" WIDTH="145" HEIGHT="49" CONTENT="stillen" WC="0.99" CC="1801000"/>
						<SP ID="P2_SP00612" HPOS="2613" VPOS="2972" WIDTH="30"/>
						<String ID="P2_ST00692" HPOS="2643" VPOS="2925" WIDTH="88" HEIGHT="48" CONTENT="See" WC="0.99" CC="020"/>
						<SP ID="P2_SP00613" HPOS="2731" VPOS="2973" WIDTH="42"/>
						<String ID="P2_ST00693" HPOS="2773" VPOS="2925" WIDTH="94" HEIGHT="49" CONTENT="sind" WC="1.00" CC="0000"/>
						<SP ID="P2_SP00614" HPOS="2867" VPOS="2974" WIDTH="42"/>
						<String ID="P2_ST00694" HPOS="2909" VPOS="2926" WIDTH="68" HEIGHT="48" CONTENT="für" WC="0.96" CC="604"/>
						<SP ID="P2_SP00615" HPOS="2977" VPOS="2974" WIDTH="40"/>
						<String ID="P2_ST00695" HPOS="3017" VPOS="2927" WIDTH="75" HEIGHT="50" CONTENT="ihn" WC="0.97" CC="035"/>
						<SP ID="P2_SP00616" HPOS="3092" VPOS="2977" WIDTH="41"/>
						<String ID="P2_ST00696" HPOS="3133" VPOS="2928" WIDTH="84" HEIGHT="49" CONTENT="wie" WC="0.99" CC="030"/>
						<SP ID="P2_SP00617" HPOS="3217" VPOS="2977" WIDTH="35"/>
						<String ID="P2_ST00697" HPOS="3252" VPOS="2928" WIDTH="139" HEIGHT="53" CONTENT="Blitze" WC="0.98" CC="730540"/>
					</TextLine>
					<TextLine ID="P2_TL00081" HPOS="1858" VPOS="3003" WIDTH="1533" HEIGHT="73">
						<String ID="P2_ST00698" HPOS="1858" VPOS="3005" WIDTH="79" HEIGHT="48" CONTENT="des" WC="1.00" CC="000"/>
						<SP ID="P2_SP00618" HPOS="1937" VPOS="3053" WIDTH="46"/>
						<String ID="P2_ST00699" HPOS="1983" VPOS="3005" WIDTH="209" HEIGHT="48" CONTENT="Schönen" WC="0.99" CC="0170140"/>
						<SP ID="P2_SP00619" HPOS="2192" VPOS="3053" WIDTH="45"/>
						<String ID="P2_ST00700" HPOS="2237" VPOS="3003" WIDTH="70" HEIGHT="50" CONTENT="bei" WC="0.97" CC="610"/>
						<SP ID="P2_SP00620" HPOS="2307" VPOS="3053" WIDTH="44"/>
						<String ID="P2_ST00701" HPOS="2351" VPOS="3005" WIDTH="215" HEIGHT="48" CONTENT="heiterem" WC="0.99" CC="64030025"/>
						<SP ID="P2_SP00621" HPOS="2566" VPOS="3053" WIDTH="42"/>
						<String ID="P2_ST00702" HPOS="2608" VPOS="3006" WIDTH="211" HEIGHT="51" CONTENT="Himmel." WC="0.98" CC="6068003"/>
						<SP ID="P2_SP00622" HPOS="2819" VPOS="3057" WIDTH="57"/>
						<String ID="P2_ST00703" HPOS="2876" VPOS="3008" WIDTH="94" HEIGHT="50" CONTENT="Das" WC="0.99" CC="001"/>
						<SP ID="P2_SP00623" HPOS="2970" VPOS="3058" WIDTH="54"/>
						<String ID="P2_ST00704" HPOS="3024" VPOS="3010" WIDTH="225" HEIGHT="66" CONTENT="hungrige" WC="0.99" CC="75601000"/>
						<SP ID="P2_SP00624" HPOS="3249" VPOS="3076" WIDTH="53"/>
						<String ID="P2_ST00705" HPOS="3302" VPOS="3011" WIDTH="60" HEIGHT="50" CONTENT="Ge" SUBS_TYPE="HypPart1" SUBS_CONTENT="Gekrächze" WC="0.97" CC="60"/>
						<HYP HPOS="3362" VPOS="3011" WIDTH="29" CONTENT="-"/>
					</TextLine>
					<TextLine ID="P2_TL00082" HPOS="1858" VPOS="3086" WIDTH="1535" HEIGHT="70">
						<String ID="P2_ST00706" HPOS="1858" VPOS="3086" WIDTH="190" HEIGHT="48" CONTENT="krächze" SUBS_TYPE="HypPart2" SUBS_CONTENT="Gekrächze" WC="0.99" CC="0000560"/>
						<SP ID="P2_SP00625" HPOS="2048" VPOS="3134" WIDTH="31"/>
						<String ID="P2_ST00707" HPOS="2079" VPOS="3086" WIDTH="78" HEIGHT="49" CONTENT="des" WC="0.99" CC="300"/>
						<SP ID="P2_SP00626" HPOS="2157" VPOS="3135" WIDTH="30"/>
						<String ID="P2_ST00708" HPOS="2187" VPOS="3086" WIDTH="163" HEIGHT="48" CONTENT="Adlers" WC="0.99" CC="403150"/>
						<SP ID="P2_SP00627" HPOS="2350" VPOS="3135" WIDTH="32"/>
						<String ID="P2_ST00709" HPOS="2382" VPOS="3087" WIDTH="80" HEIGHT="47" CONTENT="auf" WC="0.97" CC="403"/>
						<SP ID="P2_SP00628" HPOS="2462" VPOS="3135" WIDTH="22"/>
						<String ID="P2_ST00710" HPOS="2484" VPOS="3086" WIDTH="87" HEIGHT="49" CONTENT="den" WC="0.95" CC="156"/>
						<SP ID="P2_SP00629" HPOS="2571" VPOS="3135" WIDTH="23"/>
						<String ID="P2_ST00711" HPOS="2594" VPOS="3087" WIDTH="161" HEIGHT="50" CONTENT="Felsen" WC="1.00" CC="001003"/>
						<SP ID="P2_SP00630" HPOS="2755" VPOS="3137" WIDTH="34"/>
						<String ID="P2_ST00712" HPOS="2789" VPOS="3106" WIDTH="85" HEIGHT="32" CONTENT="von" WC="0.97" CC="610"/>
						<SP ID="P2_SP00631" HPOS="2874" VPOS="3138" WIDTH="25"/>
						<String ID="P2_ST00713" HPOS="2899" VPOS="3091" WIDTH="210" HEIGHT="65" CONTENT="Majorca," WC="0.86" CC="07200010"/>
						<SP ID="P2_SP00632" HPOS="3109" VPOS="3156" WIDTH="32"/>
						<String ID="P2_ST00714" HPOS="3141" VPOS="3092" WIDTH="80" HEIGHT="50" CONTENT="das" WC="0.98" CC="050"/>
						<SP ID="P2_SP00633" HPOS="3221" VPOS="3156" WIDTH="32"/>
						<String ID="P2_ST00715" HPOS="3253" VPOS="3092" WIDTH="140" HEIGHT="50" CONTENT="herbe" WC="0.99" CC="60030"/>
					</TextLine>
					<TextLine ID="P2_TL00083" HPOS="1857" VPOS="3167" WIDTH="1536" HEIGHT="73">
						<String ID="P2_ST00716" HPOS="1857" VPOS="3167" WIDTH="168" HEIGHT="50" CONTENT="Pfeifen" WC="1.00" CC="6000000"/>
						<SP ID="P2_SP00634" HPOS="2025" VPOS="3217" WIDTH="30"/>
						<String ID="P2_ST00717" HPOS="2055" VPOS="3167" WIDTH="78" HEIGHT="50" CONTENT="des" WC="0.99" CC="003"/>
						<SP ID="P2_SP00635" HPOS="2133" VPOS="3217" WIDTH="29"/>
						<String ID="P2_ST00718" HPOS="2162" VPOS="3167" WIDTH="259" HEIGHT="50" CONTENT="Seewindes" WC="1.00" CC="100003020"/>
						<SP ID="P2_SP00636" HPOS="2421" VPOS="3217" WIDTH="43"/>
						<String ID="P2_ST00719" HPOS="2464" VPOS="3167" WIDTH="90" HEIGHT="50" CONTENT="und" WC="0.96" CC="360"/>
						<SP ID="P2_SP00637" HPOS="2554" VPOS="3217" WIDTH="47"/>
						<String ID="P2_ST00720" HPOS="2601" VPOS="3168" WIDTH="69" HEIGHT="50" CONTENT="die" WC="1.00" CC="000"/>
						<SP ID="P2_SP00638" HPOS="2670" VPOS="3218" WIDTH="42"/>
						<String ID="P2_ST00721" HPOS="2712" VPOS="3170" WIDTH="183" HEIGHT="51" CONTENT="düstere" WC="0.99" CC="0830000"/>
						<SP ID="P2_SP00639" HPOS="2895" VPOS="3221" WIDTH="29"/>
						<String ID="P2_ST00722" HPOS="2924" VPOS="3174" WIDTH="347" HEIGHT="66" CONTENT="Trostlosigkeit" WC="1.00" CC="00200140206200"/>
						<SP ID="P2_SP00640" HPOS="3271" VPOS="3240" WIDTH="40"/>
						<String ID="P2_ST00723" HPOS="3311" VPOS="3175" WIDTH="82" HEIGHT="49" CONTENT="der" WC="1.00" CC="000"/>
					</TextLine>
					<TextLine ID="P2_TL00084" HPOS="1857" VPOS="3247" WIDTH="1533" HEIGHT="68">
						<String ID="P2_ST00724" HPOS="1857" VPOS="3247" WIDTH="288" HEIGHT="50" CONTENT="beschneiten" WC="1.00" CC="60503000003"/>
						<SP ID="P2_SP00641" HPOS="2145" VPOS="3297" WIDTH="32"/>
						<String ID="P2_ST00725" HPOS="2177" VPOS="3248" WIDTH="286" HEIGHT="67" CONTENT="Stechpalme" WC="0.99" CC="0700675100"/>
						<SP ID="P2_SP00642" HPOS="2463" VPOS="3315" WIDTH="39"/>
						<String ID="P2_ST00726" HPOS="2502" VPOS="3250" WIDTH="228" HEIGHT="51" CONTENT="stimmten" WC="0.99" CC="07003603"/>
						<SP ID="P2_SP00643" HPOS="2730" VPOS="3315" WIDTH="29"/>
						<String ID="P2_ST00727" HPOS="2759" VPOS="3252" WIDTH="75" HEIGHT="49" CONTENT="ihn" WC="0.95" CC="461"/>
						<SP ID="P2_SP00644" HPOS="2834" VPOS="3315" WIDTH="29"/>
						<String ID="P2_ST00728" HPOS="2863" VPOS="3252" WIDTH="80" HEIGHT="49" CONTENT="viel" WC="1.00" CC="0000"/>
						<SP ID="P2_SP00645" HPOS="2943" VPOS="3315" WIDTH="30"/>
						<String ID="P2_ST00729" HPOS="2973" VPOS="3255" WIDTH="130" HEIGHT="48" CONTENT="tiefer" WC="0.99" CC="000604"/>
						<SP ID="P2_SP00646" HPOS="3103" VPOS="3315" WIDTH="29"/>
						<String ID="P2_ST00730" HPOS="3132" VPOS="3255" WIDTH="90" HEIGHT="48" CONTENT="und" WC="0.98" CC="500"/>
						<SP ID="P2_SP00647" HPOS="3222" VPOS="3315" WIDTH="31"/>
						<String ID="P2_ST00731" HPOS="3253" VPOS="3257" WIDTH="110" HEIGHT="47" CONTENT="nach" SUBS_TYPE="HypPart1" SUBS_CONTENT="nachhaltiger" WC="0.99" CC="4006"/>
						<HYP HPOS="3363" VPOS="3257" WIDTH="27" CONTENT="-"/>
					</TextLine>
					<TextLine ID="P2_TL00085" HPOS="1858" VPOS="3330" WIDTH="1535" HEIGHT="71">
						<String ID="P2_ST00732" HPOS="1858" VPOS="3330" WIDTH="191" HEIGHT="65" CONTENT="haltiger" SUBS_TYPE="HypPart2" SUBS_CONTENT="nachhaltiger" WC="1.00" CC="00400005"/>
						<SP ID="P2_SP00648" HPOS="2049" VPOS="3395" WIDTH="30"/>
						<String ID="P2_ST00733" HPOS="2079" VPOS="3330" WIDTH="187" HEIGHT="66" CONTENT="traurig," WC="0.99" CC="02003694"/>
						<SP ID="P2_SP00649" HPOS="2266" VPOS="3396" WIDTH="43"/>
						<String ID="P2_ST00734" HPOS="2309" VPOS="3330" WIDTH="62" HEIGHT="49" CONTENT="als" WC="0.97" CC="602"/>
						<SP ID="P2_SP00650" HPOS="2371" VPOS="3396" WIDTH="41"/>
						<String ID="P2_ST00735" HPOS="2412" VPOS="3330" WIDTH="74" HEIGHT="49" CONTENT="ihn" WC="0.96" CC="072"/>
						<SP ID="P2_SP00651" HPOS="2486" VPOS="3396" WIDTH="30"/>
						<String ID="P2_ST00736" HPOS="2516" VPOS="3331" WIDTH="82" HEIGHT="50" CONTENT="der" WC="0.99" CC="001"/>
						<SP ID="P2_SP00652" HPOS="2598" VPOS="3396" WIDTH="27"/>
						<String ID="P2_ST00737" HPOS="2625" VPOS="3334" WIDTH="112" HEIGHT="48" CONTENT="Duft" WC="0.99" CC="0104"/>
						<SP ID="P2_SP00653" HPOS="2737" VPOS="3396" WIDTH="29"/>
						<String ID="P2_ST00738" HPOS="2766" VPOS="3334" WIDTH="80" HEIGHT="48" CONTENT="der" WC="0.98" CC="005"/>
						<SP ID="P2_SP00654" HPOS="2846" VPOS="3396" WIDTH="31"/>
						<String ID="P2_ST00739" HPOS="2877" VPOS="3335" WIDTH="390" HEIGHT="66" CONTENT="Orangenblüthe," WC="0.64" CC="76049000096400"/>
						<SP ID="P2_SP00655" HPOS="3267" VPOS="3401" WIDTH="44"/>
						<String ID="P2_ST00740" HPOS="3311" VPOS="3337" WIDTH="82" HEIGHT="50" CONTENT="der" WC="0.99" CC="021"/>
					</TextLine>
					<TextLine ID="P2_TL00086" HPOS="1858" VPOS="3411" WIDTH="1536" HEIGHT="75">
						<String ID="P2_ST00741" HPOS="1858" VPOS="3411" WIDTH="259" HEIGHT="66" CONTENT="anmuthige" WC="0.62" CC="509366100"/>
						<SP ID="P2_SP00656" HPOS="2117" VPOS="3477" WIDTH="30"/>
						<String ID="P2_ST00742" HPOS="2147" VPOS="3412" WIDTH="105" HEIGHT="49" CONTENT="Reiz" WC="1.00" CC="0000"/>
						<SP ID="P2_SP00657" HPOS="2252" VPOS="3477" WIDTH="32"/>
						<String ID="P2_ST00743" HPOS="2284" VPOS="3412" WIDTH="77" HEIGHT="49" CONTENT="des" WC="0.97" CC="006"/>
						<SP ID="P2_SP00658" HPOS="2361" VPOS="3477" WIDTH="24"/>
						<String ID="P2_ST00744" HPOS="2385" VPOS="3414" WIDTH="296" HEIGHT="49" CONTENT="Weinlaubes" WC="0.99" CC="0020453401"/>
						<SP ID="P2_SP00659" HPOS="2681" VPOS="3477" WIDTH="28"/>
						<String ID="P2_ST00745" HPOS="2709" VPOS="3416" WIDTH="93" HEIGHT="48" CONTENT="und" WC="0.97" CC="440"/>
						<SP ID="P2_SP00660" HPOS="2802" VPOS="3477" WIDTH="29"/>
						<String ID="P2_ST00746" HPOS="2831" VPOS="3415" WIDTH="81" HEIGHT="51" CONTENT="der" WC="0.99" CC="002"/>
						<SP ID="P2_SP00661" HPOS="2912" VPOS="3477" WIDTH="23"/>
						<String ID="P2_ST00747" HPOS="2935" VPOS="3417" WIDTH="249" HEIGHT="51" CONTENT="maurische" WC="0.99" CC="900050054"/>
						<SP ID="P2_SP00662" HPOS="3184" VPOS="3477" WIDTH="29"/>
						<String ID="P2_ST00748" HPOS="3213" VPOS="3420" WIDTH="181" HEIGHT="66" CONTENT="Gesang" WC="0.99" CC="000150"/>
					</TextLine>
					<TextLine ID="P2_TL00087" HPOS="1860" VPOS="3494" WIDTH="677" HEIGHT="52">
						<String ID="P2_ST00749" HPOS="1860" VPOS="3494" WIDTH="78" HEIGHT="48" CONTENT="der" WC="1.00" CC="000"/>
						<SP ID="P2_SP00663" HPOS="1938" VPOS="3542" WIDTH="27"/>
						<String ID="P2_ST00750" HPOS="1965" VPOS="3494" WIDTH="254" HEIGHT="49" CONTENT="Landleute" WC="0.99" CC="340000060"/>
						<SP ID="P2_SP00664" HPOS="2219" VPOS="3543" WIDTH="31"/>
						<String ID="P2_ST00751" HPOS="2250" VPOS="3494" WIDTH="287" HEIGHT="52" CONTENT="erheiterten." WC="0.99" CC="020075020063"/>
					</TextLine>
					<TextLine ID="P2_TL00088" HPOS="1993" VPOS="3574" WIDTH="1396" HEIGHT="73">
						<String ID="P2_ST00752" HPOS="1993" VPOS="3574" WIDTH="130" HEIGHT="57" CONTENT="„Und" WC="0.98" CC="4700"/>
						<SP ID="P2_SP00665" HPOS="2123" VPOS="3631" WIDTH="41"/>
						<String ID="P2_ST00753" HPOS="2164" VPOS="3591" WIDTH="50" HEIGHT="33" CONTENT="so" WC="0.80" CC="30"/>
						<SP ID="P2_SP00666" HPOS="2214" VPOS="3631" WIDTH="44"/>
						<String ID="P2_ST00754" HPOS="2258" VPOS="3593" WIDTH="94" HEIGHT="31" CONTENT="war" WC="0.98" CC="030"/>
						<SP ID="P2_SP00667" HPOS="2352" VPOS="3631" WIDTH="40"/>
						<String ID="P2_ST00755" HPOS="2392" VPOS="3576" WIDTH="94" HEIGHT="50" CONTENT="sein" WC="0.99" CC="0005"/>
						<SP ID="P2_SP00668" HPOS="2486" VPOS="3631" WIDTH="30"/>
						<String ID="P2_ST00756" HPOS="2516" VPOS="3576" WIDTH="249" HEIGHT="50" CONTENT="Charakter" WC="0.99" CC="365060600"/>
						<SP ID="P2_SP00669" HPOS="2765" VPOS="3631" WIDTH="29"/>
						<String ID="P2_ST00757" HPOS="2794" VPOS="3577" WIDTH="42" HEIGHT="50" CONTENT="in" WC="0.67" CC="06"/>
						<SP ID="P2_SP00670" HPOS="2836" VPOS="3631" WIDTH="32"/>
						<String ID="P2_ST00758" HPOS="2868" VPOS="3577" WIDTH="113" HEIGHT="50" CONTENT="allen" WC="0.99" CC="24000"/>
						<SP ID="P2_SP00671" HPOS="2981" VPOS="3631" WIDTH="29"/>
						<String ID="P2_ST00759" HPOS="3010" VPOS="3580" WIDTH="192" HEIGHT="67" CONTENT="Dingen." WC="0.99" CC="4050004"/>
						<SP ID="P2_SP00672" HPOS="3202" VPOS="3647" WIDTH="43"/>
						<String ID="P2_ST00760" HPOS="3245" VPOS="3582" WIDTH="144" HEIGHT="50" CONTENT="Einen" WC="0.98" CC="00406"/>
					</TextLine>
					<TextLine ID="P2_TL00089" HPOS="1861" VPOS="3655" WIDTH="1572" HEIGHT="70">
						<String ID="P2_ST00761" HPOS="1861" VPOS="3655" WIDTH="282" HEIGHT="66" CONTENT="Augenblick" WC="1.00" CC="0004251000"/>
						<SP ID="P2_SP00673" HPOS="2143" VPOS="3721" WIDTH="29"/>
						<String ID="P2_ST00762" HPOS="2172" VPOS="3656" WIDTH="104" HEIGHT="66" CONTENT="lang" WC="0.97" CC="1640"/>
						<SP ID="P2_SP00674" HPOS="2276" VPOS="3722" WIDTH="29"/>
						<String ID="P2_ST00763" HPOS="2305" VPOS="3657" WIDTH="294" HEIGHT="68" CONTENT="empfänglich" WC="0.99" CC="02963603000"/>
						<SP ID="P2_SP00675" HPOS="2599" VPOS="3725" WIDTH="40"/>
						<String ID="P2_ST00764" HPOS="2639" VPOS="3659" WIDTH="91" HEIGHT="48" CONTENT="und" WC="0.94" CC="547"/>
						<SP ID="P2_SP00676" HPOS="2730" VPOS="3725" WIDTH="42"/>
						<String ID="P2_ST00765" HPOS="2772" VPOS="3659" WIDTH="200" HEIGHT="50" CONTENT="dankbar" WC="0.99" CC="0400700"/>
						<SP ID="P2_SP00677" HPOS="2972" VPOS="3725" WIDTH="45"/>
						<String ID="P2_ST00766" HPOS="3017" VPOS="3661" WIDTH="68" HEIGHT="50" CONTENT="für" WC="0.92" CC="795"/>
						<SP ID="P2_SP00678" HPOS="3085" VPOS="3725" WIDTH="29"/>
						<String ID="P2_ST00767" HPOS="3114" VPOS="3664" WIDTH="79" HEIGHT="48" CONTENT="das" WC="0.99" CC="020"/>
						<SP ID="P2_SP00679" HPOS="3193" VPOS="3725" WIDTH="31"/>
						<String ID="P2_ST00768" HPOS="3224" VPOS="3665" WIDTH="166" HEIGHT="50" CONTENT="Wohl-" WC="0.98" CC="55050"/>
						<SP ID="P2_SP00680" HPOS="3390" VPOS="3725" WIDTH="38"/>
						<String ID="P2_ST00769" HPOS="3428" VPOS="3685" WIDTH="5" HEIGHT="27" CONTENT="i" WC="0.38" CC="6"/>
					</TextLine>
					<TextLine ID="P2_TL00090" HPOS="1860" VPOS="3737" WIDTH="1562" HEIGHT="80">
						<String ID="P2_ST00770" HPOS="1860" VPOS="3737" WIDTH="163" HEIGHT="50" CONTENT="wollen" WC="0.99" CC="001503"/>
						<SP ID="P2_SP00681" HPOS="2023" VPOS="3787" WIDTH="30"/>
						<String ID="P2_ST00771" HPOS="2053" VPOS="3737" WIDTH="78" HEIGHT="50" CONTENT="der" WC="0.98" CC="006"/>
						<SP ID="P2_SP00682" HPOS="2131" VPOS="3787" WIDTH="30"/>
						<String ID="P2_ST00772" HPOS="2161" VPOS="3737" WIDTH="137" HEIGHT="51" CONTENT="Liebe" WC="0.99" CC="00064"/>
						<SP ID="P2_SP00683" HPOS="2298" VPOS="3788" WIDTH="29"/>
						<String ID="P2_ST00773" HPOS="2327" VPOS="3739" WIDTH="91" HEIGHT="49" CONTENT="und" WC="0.96" CC="470"/>
						<SP ID="P2_SP00684" HPOS="2418" VPOS="3788" WIDTH="31"/>
						<String ID="P2_ST00774" HPOS="2449" VPOS="3740" WIDTH="79" HEIGHT="48" CONTENT="das" WC="0.99" CC="002"/>
						<SP ID="P2_SP00685" HPOS="2528" VPOS="3788" WIDTH="28"/>
						<String ID="P2_ST00775" HPOS="2556" VPOS="3740" WIDTH="196" HEIGHT="50" CONTENT="Lächeln" WC="0.99" CC="1000074"/>
						<SP ID="P2_SP00686" HPOS="2752" VPOS="3790" WIDTH="31"/>
						<String ID="P2_ST00776" HPOS="2783" VPOS="3740" WIDTH="77" HEIGHT="51" CONTENT="des" WC="1.00" CC="000"/>
						<SP ID="P2_SP00687" HPOS="2860" VPOS="3791" WIDTH="31"/>
						<String ID="P2_ST00777" HPOS="2891" VPOS="3743" WIDTH="284" HEIGHT="59" CONTENT="Geschickes," WC="1.00" CC="33003001003"/>
						<SP ID="P2_SP00688" HPOS="3175" VPOS="3802" WIDTH="40"/>
						<String ID="P2_ST00778" HPOS="3215" VPOS="3744" WIDTH="170" HEIGHT="51" CONTENT="konnte" WC="0.98" CC="900540"/>
						<SP ID="P2_SP00689" HPOS="3385" VPOS="3802" WIDTH="32"/>
						<String ID="P2_ST00779" HPOS="3417" VPOS="3768" WIDTH="5" HEIGHT="49" CONTENT="j" WC="0.26" CC="7"/>
					</TextLine>
					<TextLine ID="P2_TL00091" HPOS="1861" VPOS="3819" WIDTH="1558" HEIGHT="81">
						<String ID="P2_ST00780" HPOS="1861" VPOS="3838" WIDTH="48" HEIGHT="30" CONTENT="er" WC="0.79" CC="04"/>
						<SP ID="P2_SP00690" HPOS="1909" VPOS="3868" WIDTH="41"/>
						<String ID="P2_ST00781" HPOS="1950" VPOS="3819" WIDTH="140" HEIGHT="49" CONTENT="durch" WC="0.99" CC="04004"/>
						<SP ID="P2_SP00691" HPOS="2090" VPOS="3868" WIDTH="40"/>
						<String ID="P2_ST00782" HPOS="2130" VPOS="3820" WIDTH="70" HEIGHT="50" CONTENT="die" WC="1.00" CC="000"/>
						<SP ID="P2_SP00692" HPOS="2200" VPOS="3870" WIDTH="27"/>
						<String ID="P2_ST00783" HPOS="2227" VPOS="3821" WIDTH="317" HEIGHT="66" CONTENT="Tactlosigkeit" WC="0.77" CC="0630040009005"/>
						<SP ID="P2_SP00693" HPOS="2544" VPOS="3887" WIDTH="37"/>
						<String ID="P2_ST00784" HPOS="2581" VPOS="3821" WIDTH="119" HEIGHT="50" CONTENT="eines" WC="0.98" CC="00605"/>
						<SP ID="P2_SP00694" HPOS="2700" VPOS="3887" WIDTH="45"/>
						<String ID="P2_ST00785" HPOS="2745" VPOS="3840" WIDTH="112" HEIGHT="49" CONTENT="ganz" WC="0.94" CC="9637"/>
						<SP ID="P2_SP00695" HPOS="2857" VPOS="3889" WIDTH="35"/>
						<String ID="P2_ST00786" HPOS="2892" VPOS="3825" WIDTH="346" HEIGHT="67" CONTENT="gleichgültigen" WC="0.99" CC="04000708660926"/>
						<SP ID="P2_SP00696" HPOS="3238" VPOS="3892" WIDTH="21"/>
						<String ID="P2_ST00787" HPOS="3259" VPOS="3828" WIDTH="128" HEIGHT="50" CONTENT="Men-" WC="1.00" CC="0000"/>
						<SP ID="P2_SP00697" HPOS="3387" VPOS="3892" WIDTH="26"/>
						<String ID="P2_ST00788" HPOS="3413" VPOS="3842" WIDTH="6" HEIGHT="58" CONTENT="|" WC="0.34" CC="6"/>
					</TextLine>
					<TextLine ID="P2_TL00092" HPOS="1861" VPOS="3901" WIDTH="1557" HEIGHT="73">
						<String ID="P2_ST00789" HPOS="1861" VPOS="3901" WIDTH="135" HEIGHT="50" CONTENT="sehen" WC="1.00" CC="00300"/>
						<SP ID="P2_SP00698" HPOS="1996" VPOS="3951" WIDTH="39"/>
						<String ID="P2_ST00790" HPOS="2035" VPOS="3901" WIDTH="109" HEIGHT="50" CONTENT="oder" WC="0.99" CC="0003"/>
						<SP ID="P2_SP00699" HPOS="2144" VPOS="3951" WIDTH="29"/>
						<String ID="P2_ST00791" HPOS="2173" VPOS="3901" WIDTH="140" HEIGHT="51" CONTENT="durch" WC="0.97" CC="76004"/>
						<SP ID="P2_SP00700" HPOS="2313" VPOS="3952" WIDTH="32"/>
						<String ID="P2_ST00792" HPOS="2345" VPOS="3903" WIDTH="142" HEIGHT="49" CONTENT="kleine" WC="0.99" CC="620020"/>
						<SP ID="P2_SP00701" HPOS="2487" VPOS="3952" WIDTH="31"/>
						<String ID="P2_ST00793" HPOS="2518" VPOS="3903" WIDTH="331" HEIGHT="67" CONTENT="Widrigkeiten" WC="1.00" CC="000500000010"/>
						<SP ID="P2_SP00702" HPOS="2849" VPOS="3970" WIDTH="29"/>
						<String ID="P2_ST00794" HPOS="2878" VPOS="3906" WIDTH="79" HEIGHT="50" CONTENT="des" WC="0.97" CC="900"/>
						<SP ID="P2_SP00703" HPOS="2957" VPOS="3970" WIDTH="32"/>
						<String ID="P2_ST00795" HPOS="2989" VPOS="3908" WIDTH="283" HEIGHT="66" CONTENT="praktischen" WC="1.00" CC="00000610007"/>
						<SP ID="P2_SP00704" HPOS="3272" VPOS="3974" WIDTH="28"/>
						<String ID="P2_ST00796" HPOS="3300" VPOS="3911" WIDTH="118" HEIGHT="49" CONTENT="Le-'" WC="0.80" CC="5020"/>
					</TextLine>
					<TextLine ID="P2_TL00093" HPOS="1860" VPOS="3983" WIDTH="1526" HEIGHT="69">
						<String ID="P2_ST00797" HPOS="1860" VPOS="3983" WIDTH="111" HEIGHT="50" CONTENT="bens" WC="0.92" CC="3000"/>
						<SP ID="P2_SP00705" HPOS="1971" VPOS="4033" WIDTH="31"/>
						<String ID="P2_ST00798" HPOS="2002" VPOS="3984" WIDTH="136" HEIGHT="65" CONTENT="Tage," WC="0.98" CC="00901"/>
						<SP ID="P2_SP00706" HPOS="2138" VPOS="4049" WIDTH="23"/>
						<String ID="P2_ST00799" HPOS="2161" VPOS="3983" WIDTH="61" HEIGHT="67" CONTENT="ja," WC="0.95" CC="173"/>
						<SP ID="P2_SP00707" HPOS="2222" VPOS="4050" WIDTH="30"/>
						<String ID="P2_ST00800" HPOS="2252" VPOS="4002" WIDTH="139" HEIGHT="48" CONTENT="ganze" WC="0.99" CC="00060"/>
						<SP ID="P2_SP00708" HPOS="2391" VPOS="4050" WIDTH="16"/>
						<String ID="P2_ST00801" HPOS="2407" VPOS="3984" WIDTH="213" HEIGHT="51" CONTENT="Wochen" WC="0.99" CC="032600"/>
						<SP ID="P2_SP00709" HPOS="2620" VPOS="4050" WIDTH="30"/>
						<String ID="P2_ST00802" HPOS="2650" VPOS="3985" WIDTH="102" HEIGHT="67" CONTENT="lang" WC="0.95" CC="1589"/>
						<SP ID="P2_SP00710" HPOS="2752" VPOS="4052" WIDTH="17"/>
						<String ID="P2_ST00803" HPOS="2769" VPOS="3988" WIDTH="249" HEIGHT="49" CONTENT="verstimmt" WC="0.99" CC="003040435"/>
						<SP ID="P2_SP00711" HPOS="3018" VPOS="4052" WIDTH="21"/>
						<String ID="P2_ST00804" HPOS="3039" VPOS="3990" WIDTH="199" HEIGHT="50" CONTENT="werden." WC="0.98" CC="9000634"/>
						<SP ID="P2_SP00712" HPOS="3238" VPOS="4052" WIDTH="30"/>
						<String ID="P2_ST00805" HPOS="3268" VPOS="3993" WIDTH="118" HEIGHT="58" CONTENT="Und," WC="0.99" CC="1102"/>
					</TextLine>
					<TextLine ID="P2_TL00094" HPOS="1861" VPOS="4063" WIDTH="1526" HEIGHT="59">
						<String ID="P2_ST00806" HPOS="1861" VPOS="4063" WIDTH="269" HEIGHT="50" CONTENT="sonderbar!" WC="0.99" CC="3130034602"/>
						<SP ID="P2_SP00713" HPOS="2130" VPOS="4113" WIDTH="40"/>
						<String ID="P2_ST00807" HPOS="2170" VPOS="4065" WIDTH="69" HEIGHT="50" CONTENT="ein" WC="0.99" CC="030"/>
						<SP ID="P2_SP00714" HPOS="2239" VPOS="4115" WIDTH="31"/>
						<String ID="P2_ST00808" HPOS="2270" VPOS="4065" WIDTH="253" HEIGHT="50" CONTENT="wirklicher" WC="1.00" CC="2004200404"/>
						<SP ID="P2_SP00715" HPOS="2523" VPOS="4115" WIDTH="30"/>
						<String ID="P2_ST00809" HPOS="2553" VPOS="4066" WIDTH="212" HEIGHT="51" CONTENT="Schmerz" WC="0.99" CC="2003303"/>
						<SP ID="P2_SP00716" HPOS="2765" VPOS="4117" WIDTH="42"/>
						<String ID="P2_ST00810" HPOS="2807" VPOS="4068" WIDTH="136" HEIGHT="50" CONTENT="brach" WC="0.99" CC="60200"/>
						<SP ID="P2_SP00717" HPOS="2943" VPOS="4118" WIDTH="30"/>
						<String ID="P2_ST00811" HPOS="2973" VPOS="4069" WIDTH="75" HEIGHT="51" CONTENT="ihn" WC="0.97" CC="006"/>
						<SP ID="P2_SP00718" HPOS="3048" VPOS="4120" WIDTH="30"/>
						<String ID="P2_ST00812" HPOS="3078" VPOS="4071" WIDTH="122" HEIGHT="50" CONTENT="nicht" WC="0.99" CC="00025"/>
						<SP ID="P2_SP00719" HPOS="3200" VPOS="4121" WIDTH="30"/>
						<String ID="P2_ST00813" HPOS="3230" VPOS="4089" WIDTH="51" HEIGHT="33" CONTENT="so" WC="0.67" CC="06"/>
						<SP ID="P2_SP00720" HPOS="3281" VPOS="4122" WIDTH="29"/>
						<String ID="P2_ST00814" HPOS="3310" VPOS="4090" WIDTH="52" HEIGHT="32" CONTENT="zu" SUBS_TYPE="HypPart1" SUBS_CONTENT="zusammen," WC="1.00" CC="00"/>
						<HYP HPOS="3362" VPOS="4090" WIDTH="25" CONTENT="-"/>
					</TextLine>
				</TextBlock>
			</PrintSpace>
		</Page>
	</Layout>
</alto>
