1315 2116
219 231 193 23 DIRECTOR:
430 231 167 23 GORHAM
614 231 23 24 B.
655 231 163 23 MUNSON

219 268 141 30 Temporary
377 270 105 22 editorial
499 270 70 22 office
578 278 5 14 :
602 270 82 26 Berlin,
701 270 117 29 Germany

220 307 109 23 Business
345 307 69 23 office
424 316 5 14 :
446 307 70 23 Peter
532 307 28 23 K.
577 307 110 27 Hurwitz,
703 307 134 28 Treasurer,
854 307 56 23 1361
922 319 9 5 -
940 307 29 23 46
987 306 86 29 Street,
1085 307 123 30 Brooklyn,

645 337 58 23 New
719 337 65 23 York

219 375 109 23 Address
344 375 28 23 all
389 376 209 29 correspondence,
616 376 104 22 editorial
736 376 46 22 and
798 376 113 25 business,
929 379 24 19 to
970 375 70 23 Peter
1056 375 28 23 K.
1098 376 110 27 Hurwitz,

386 406 131 27 Treasurer,
535 405 56 23 1361
604 406 47 22 -46
668 405 84 27 Street,
769 406 122 29 Brooklyn,
908 405 56 24 New
980 406 64 22 York

649 541 130 30 NOTES

219 609 86 24 Slater
321 609 105 24 Brown:
536 609 49 23 The
602 618 78 20 mayor
697 610 25 22 of
737 609 62 28 Imst,
816 609 111 24 Austrian
944 610 75 29 Tyrol,
1042 611 92 22 elected
1150 620 30 14 on
1197 621 13 14 a

534 640 120 23 Secession
670 641 78 22 ticket.

219 693 122 23 Kenneth
358 693 97 24 Burke:
532 692 48 24 The
597 702 78 20 mayor
698 694 25 22 of
745 693 164 26 Weehawken,
931 694 57 23 New
1004 694 88 30 Jersey,
1118 694 90 23 elected

535 732 30 14 on
582 733 13 13 a
611 724 120 22 Secession
748 725 61 22 issue
820 737 29 2 —
860 733 29 13 an
905 725 163 28 investigation
1085 725 25 23 of
1125 725 68 23 Amer-

534 755 51 21 ican
602 754 93 30 literary
711 755 115 22 criticism.

219 806 119 24 Malcolm
355 806 122 30 Cowley:
533 807 50 23 The
614 816 80 21 mayor
718 807 25 23 of
766 807 154 30 Montpellier,
951 807 94 28 France,
1076 817 29 14 an
1136 808 74 24 honor

534 838 116 22 accorded
666 838 36 22 for
717 838 41 22 the
769 838 52 22 first
831 839 55 22 time
897 841 25 20 to
933 847 13 14 a
961 838 125 30 foreigner.
1103 838 105 30 Pledged

534 872 25 19 to
570 868 41 23 the
622 867 119 24 Secession
753 868 69 29 plank
833 880 28 4 —
878 868 60 23 Back
949 872 25 19 to
985 869 40 22 the
1035 868 174 24 Elizabethans!

219 920 26 23 E.
262 920 27 23 E.
306 920 167 30 Cummings:
536 921 130 24 Candidate
682 922 38 22 for
735 922 39 23 the
791 922 127 29 mayoralty
935 922 24 23 of
974 922 71 27 Paris,
1062 922 41 23 the
1114 926 96 26 present

534 952 92 28 literary
651 952 83 29 capital
759 952 24 22 of
807 952 115 23 America.
955 952 107 23 Indorses
1088 952 120 24 Secession

534 983 121 28 campaign
666 984 92 27 against
769 983 68 22 Louis
849 982 160 30 Untermeyer,
1026 992 29 13 an
1067 983 143 29 anthologist

534 1012 52 23 best
602 1013 84 22 known
711 1013 36 22 for
768 1013 39 22 the
832 1014 111 21 omission
965 1014 25 21 of
1013 1013 97 23 William
1127 1013 82 24 Carlos

534 1042 111 23 Williams
667 1044 46 21 and
730 1043 119 23 Marianne
865 1043 82 23 Moore
971 1044 60 22 from
1054 1044 35 22 his
1112 1043 97 24 Modern

532 1072 125 24 American
673 1073 89 29 Poetry.

217 1124 126 24 Matthew
352 1124 164 31 Josephson:
534 1126 63 22 Rival
614 1126 122 22 candidate
752 1126 37 22 for
804 1126 41 23 the
856 1127 127 28 mayoralty
994 1127 25 22 of
1029 1126 70 24 Paris.
1117 1127 92 23 Author

534 1156 24 22 of
574 1165 68 20 many
659 1155 120 24 Secession
798 1158 121 28 campaign
936 1157 144 23 documents.
1097 1157 113 30 Recently

532 1186 115 23 wounded
671 1188 23 21 in
710 1195 13 14 a
739 1187 53 22 duel
816 1187 56 23 with
896 1186 51 23 Will
966 1187 59 29 Bray
1048 1191 24 19 at
1088 1188 40 23 the
1152 1188 57 23 Pare

533 1216 122 24 Monceau.
672 1217 49 23 The
737 1218 54 22 duel
808 1226 75 18 arose,
906 1218 18 22 it
940 1218 19 22 is
975 1218 116 27 rumored,
1113 1219 60 22 from
1195 1228 14 12 a

533 1247 90 28 quarrel
635 1248 140 27 concerning
786 1257 14 13 a
811 1249 87 21 certain
909 1248 53 29 lady
973 1248 75 22 editor
1059 1249 46 22 and
1113 1253 96 25 poetess

534 1277 24 23 of
575 1277 60 23 Cass
652 1277 86 28 Street,
755 1278 113 29 Chicago.

217 1350 48 23 The
282 1360 69 14 cover
367 1351 82 29 design
473 1353 19 21 is
509 1352 30 29 by
562 1352 96 29 Ludwig
682 1353 98 27 Kassak,
805 1363 13 13 a
842 1353 135 29 Hungarian
1001 1355 138 23 communist
1162 1355 47 23 and

217 1381 98 29 refugee
332 1383 22 21 in
370 1381 97 24 Vienna.
485 1383 36 22 He
537 1384 20 21 is
572 1383 40 23 the
629 1383 75 23 editor
721 1384 24 22 of
760 1383 56 27 MA,
834 1393 14 14 a
863 1385 141 28 publication
1027 1385 22 22 in
1073 1393 124 21 correspon-

217 1411 73 23 dence
306 1412 54 23 with
376 1412 68 23 those
461 1413 24 22 of
501 1413 39 22 the
557 1413 102 23 advance
676 1414 74 28 guard
766 1414 22 23 in
805 1414 93 28 France,
915 1414 90 28 Russia,
1028 1414 118 30 Germany
1162 1416 46 22 and

656 1444 116 23 America.

524 1609 90 23 PRICE
632 1609 41 23 OF
690 1610 70 23 THIS
776 1610 129 24 NUMBER

217 1676 36 27 20
263 1681 78 23 cents
353 1677 26 27 in
390 1675 134 30 America
550 1678 16 27 2
577 1677 92 29 francs
680 1678 36 28 50
727 1679 26 27 in
765 1678 106 29 France
896 1682 14 25 1
922 1679 111 38 shilling-
1044 1681 26 27 in
1080 1680 128 37 England

217 1720 220 38 Subscriptions,
459 1721 18 31 $
492 1723 72 34 1.00,
586 1724 35 27 12
633 1723 99 34 francs,
755 1735 31 17 or
800 1724 16 28 5
828 1724 125 37 shillings
967 1725 44 29 for
1025 1727 40 27 six
1078 1726 130 29 numbers

217 1826 127 23 NUMBER
360 1827 73 23 TWO

676 1829 76 30 JULY

1150 1831 58 24 1922
