1315 2116
1032 164 26 22 11

157 260 36 17 on
223 249 48 27 the
302 249 129 28 fifteenth
462 249 131 36 platform
614 250 56 28 and
691 250 116 29 seemed
827 256 30 23 to
879 252 37 28 be
937 254 124 35 waiting,

156 287 102 28 waited
279 298 31 17 as
331 287 69 28 well.

212 332 106 28 Within
347 343 16 17 a
391 332 80 28 short
499 334 66 26 time
590 332 36 29 he
647 344 57 17 saw
725 345 16 17 a
761 339 88 23 tower
870 336 191 36 approaching

156 380 37 17 on
213 369 48 28 the
282 370 140 28 sixteenth
443 369 141 36 platform.
605 370 21 28 It
647 371 149 28 advanced
818 372 108 36 evenly,
953 372 108 29 floated

155 407 124 29 towards
309 407 86 34 them,
428 409 129 35 growing
585 409 146 36 gradually
762 409 92 28 above
884 410 76 28 them
991 422 30 17 as
1042 412 19 27 it

156 456 87 17 came.
283 445 94 28 When
407 446 21 27 it
458 457 58 17 was
543 445 66 37 only
635 457 16 17 a
677 446 80 29 short
777 458 75 25 ways
873 447 49 34 off,
945 447 36 29 he
1002 448 59 28 also

155 482 114 28 noticed
299 482 61 28 that
387 483 80 28 there
491 494 57 18 was
574 495 16 16 a
616 483 88 28 break
731 485 26 26 in
778 484 48 28 the
847 490 83 23 stone
950 485 61 28 wall
1033 490 28 24 at

155 521 54 27 this
230 522 88 34 point,
348 520 56 28 and
424 520 61 29 that
506 532 79 17 some
606 521 30 28 of
656 522 48 28 the
724 522 105 35 figures
850 522 107 28 farther
977 523 84 28 down

154 558 49 28 the
224 558 130 36 platform
374 569 75 17 were
470 558 113 37 already
605 560 127 35 entering
753 559 87 29 there,
869 560 105 29 indue
994 562 67 27 time

155 597 20 26 it
195 595 120 29 reached
335 595 64 34 him,
421 596 56 28 and
498 596 36 28 he
554 596 123 36 stepped
696 597 90 28 under
798 597 49 29 the
861 609 103 24 square
978 604 83 23 stone

155 633 62 28 arch
247 644 38 17 on
315 638 30 23 to
376 633 48 28 the
455 634 141 28 sixteenth
626 633 139 37 platform.
805 634 174 38 Everything
1003 647 58 18 was

155 672 76 35 quite
263 671 133 28 different
424 671 77 28 here.
532 671 110 29 Instead
673 672 30 27 of
732 672 49 28 the
814 678 84 23 stone
929 673 130 35 benches,

155 713 176 31 pavements,
363 708 105 34 kiosks,
499 709 81 28 there
604 720 57 17 was
681 710 119 36 nothing
819 710 53 29 but
891 710 55 29 this
967 711 94 37 lonely

154 751 88 23 tower
269 746 56 28 and
353 757 16 17 a
388 746 120 37 straight
529 746 71 28 steel
619 747 77 28 track
717 748 60 28 that
797 748 114 28 blurred
931 760 78 25 away
1030 755 29 22 to

153 784 49 28 the
232 789 61 23 east
324 784 56 27 and
410 789 79 23 west.
520 784 68 28 Like
618 784 49 29 the
691 785 104 34 others,
817 785 36 29 he
874 787 117 27 entered
1012 787 48 29 the

153 826 97 29 tower,
282 821 55 28 and
367 821 89 28 found
487 823 21 27 it
538 833 16 16 a
584 827 60 24 sort
665 823 29 27 of
714 828 57 23 rest
791 834 80 18 room
892 835 33 17 or
945 826 114 35 waiting

153 870 88 17 room.

210 904 112 36 Finally,
355 904 93 28 above
478 904 49 28 the
557 904 133 37 grinding
720 906 31 28 of
781 906 48 28 the
857 906 155 35 platforms,
1044 919 15 17 a

153 941 96 29 far-off
268 942 82 28 whirr
369 953 58 17 was
448 942 96 29 heard.
567 942 61 29 The
648 943 147 36 grey-clad
815 944 106 35 figures
941 944 51 28 left
1013 944 46 29 the

153 984 97 29 tower,
271 979 56 28 Yul
348 979 131 37 thinking
499 982 20 26 it
541 981 64 27 best
625 985 31 23 to
677 981 103 28 follow.
821 981 29 28 A
870 982 56 27 line
947 982 30 28 of
998 993 61 18 cars

153 1018 65 27 shot
248 1028 37 25 up
312 1023 31 22 to
364 1017 48 28 the
433 1023 88 23 tower
541 1019 57 26 and
618 1018 135 36 stopped.
785 1018 55 29 Yul
861 1019 136 29 followed
1017 1020 42 29 his

153 1057 185 34 companions
360 1056 58 26 into
440 1066 55 18 one
517 1055 29 28 of
566 1056 50 27 the
636 1066 70 23 cars,
728 1056 57 28 and
804 1056 68 37 they
886 1057 73 36 sped
973 1058 86 36 along

152 1092 48 28 the
221 1092 139 28 sixteenth
381 1092 139 36 platform.
542 1092 55 29 Yul
618 1093 69 28 sank
702 1095 58 27 into
775 1105 16 16 a
805 1098 99 32 stupor
918 1094 72 29 from
1004 1095 55 29 this

153 1130 204 28 accumulation
387 1130 29 28 of
446 1131 113 36 speeds,
591 1131 148 36 partaking
769 1131 31 28 of
829 1132 120 37 nothing
969 1132 52 29 but
1043 1144 16 16 a

152 1167 93 34 bitter,
277 1168 121 36 burning
428 1168 89 36 liquid
546 1168 88 29 which
665 1180 58 17 was
753 1169 125 36 brought
902 1175 30 23 to
954 1170 55 28 him
1030 1176 29 22 at

151 1205 140 28 intervals.
312 1205 84 28 After
416 1205 119 29 another
553 1211 56 23 two
625 1207 78 36 days,
724 1205 56 29 Yul
794 1207 72 28 tired
881 1207 30 28 of
924 1208 48 28 the
987 1219 70 23 cars,

152 1243 56 28 and
228 1242 165 30 descended
414 1249 29 23 at
463 1254 55 18 one
539 1244 30 28 of
588 1244 50 28 the
658 1249 112 24 towers.
792 1244 80 29 Then
887 1245 36 28 he
938 1245 118 29 crossed

151 1280 49 28 the
230 1280 97 28 fifteen
358 1281 83 28 other
471 1281 147 36 platforms
647 1287 31 23 to
699 1282 47 28 the
767 1282 93 34 north,
882 1283 57 28 and
960 1284 97 33 found,

151 1318 81 28 when
263 1318 36 28 he
329 1319 124 36 stepped
484 1319 43 27 off
556 1319 48 27 the
634 1319 54 29 last
710 1320 29 28 of
758 1320 86 34 them,
865 1320 60 28 that
946 1320 35 29 he
1002 1321 56 29 had

151 1356 132 28 returned
304 1356 101 29 almost
425 1362 30 23 to
476 1357 48 28 the
545 1359 120 34 starting
685 1358 103 35 point*.

207 1409 46 28 He
273 1419 78 18 came
372 1414 30 23 to
423 1409 48 28 the
491 1409 74 28 wide
584 1414 87 24 street
686 1411 91 35 again,
798 1410 56 28 and
870 1411 117 28 entered
1002 1421 55 18 one

151 1446 30 28 of
191 1446 47 28 the
250 1446 110 36 oblong
371 1451 62 24 cuts
444 1448 27 27 in
480 1447 49 28 the
540 1452 83 23 stone
634 1447 87 28 which
736 1447 102 28 served
852 1459 31 16 as
898 1448 158 37 doorways.

151 1484 99 33 Inside,
281 1484 81 28 there
391 1495 75 17 were
495 1485 125 35 winding
640 1486 91 33 stairs,
763 1485 31 28 lit
823 1485 67 28 with
911 1486 49 27 the
980 1496 77 18 same

151 1522 153 37 unvarying
335 1522 225 28 incandescence
591 1522 60 28 that
682 1522 35 28 he
738 1522 56 28 had
815 1522 116 29 noticed
951 1534 37 17 on
1008 1524 49 27 the

150 1560 81 27 stairs
259 1559 115 36 leading
402 1560 83 28 down
506 1565 31 23 to
557 1560 50 28 the
627 1560 101 28 buried
748 1561 89 27 cities.
877 1559 56 29 Yul
953 1561 104 28 wound

150 1596 97 37 slowly
272 1597 140 35 upwards,
438 1597 42 28 his
507 1602 80 31 steps
614 1597 131 36 slapping
771 1597 71 28 back
867 1603 28 23 at
915 1597 56 29 him
992 1600 27 26 in
1040 1610 16 17 a

150 1634 148 29 confusion
329 1635 30 28 of
389 1635 111 28 echoes.
536 1634 62 29 The
618 1636 81 27 stairs
720 1635 104 28 curved
845 1637 59 27 into
925 1647 16 17 a
960 1647 96 23 room;

150 1682 15 17 a
184 1672 87 36 large,
292 1683 103 25 square
415 1683 89 23 room,
525 1677 96 31 empty
636 1677 101 31 except
750 1672 43 29 for
808 1684 16 17 a
838 1673 91 28 tablet
945 1684 37 17 on
1000 1685 54 18 one

209 1746 11 12 *
239 1747 37 22 He
288 1747 46 22 had
346 1747 83 23 circled
442 1748 52 28 only
506 1757 59 14 once
581 1748 72 22 about
668 1748 40 23 the
725 1749 45 28 city
787 1749 22 22 in
825 1749 29 22 all
870 1749 45 23 this
931 1750 62 26 time,
1010 1750 45 22 and

148 1776 52 23 that
222 1778 23 21 in
269 1778 60 28 spite
355 1778 24 22 of
402 1778 40 22 the
467 1787 124 14 enormous
616 1778 98 29 velocity
730 1779 54 22 with
800 1779 71 23 which
887 1780 30 22 he
932 1780 46 22 had
995 1780 60 22 been

148 1807 125 29 traveling;
290 1808 70 22 which
377 1808 67 26 facts,
468 1808 17 22 it
501 1809 19 21 is
536 1808 84 29 hoped,
638 1808 43 24 will
697 1809 57 22 tend
770 1813 25 19 to
812 1809 65 23 show
892 1809 40 23 the
949 1813 106 20 vastness

149 1837 24 22 of
188 1837 41 23 the
245 1837 106 23 eleventh
369 1839 53 27 city,
440 1838 45 22 and
502 1838 25 22 of
542 1838 41 23 the
599 1842 41 19 ten
656 1839 66 23 cities
737 1839 82 23 buried
836 1840 103 22 beneath
955 1841 24 21 it.
