3525 4404
1696 125 71 51 69

108 267 73 51 die
219 268 437 53 charakteristische
687 271 281 66 Begleitung
1014 267 301 69 (namentlich
1358 271 81 51 das
1479 271 198 51 Seufzen

108 347 84 50 der
220 348 84 50 tief
329 351 280 65 gehaltenen
639 350 297 64 Bratschen),
968 348 72 51 die
1072 351 300 66 homophone
1402 352 165 51 Weise
1598 351 80 51 des

110 428 312 65 Klageliedes,
464 431 176 50 welche
670 430 180 51 sodann
879 428 107 50 dem
1028 430 402 67 mehrstimmigen
1461 431 217 66 Gesänge

111 507 183 59 weicht,
325 510 182 49 endlich
539 511 81 50 das
662 510 184 65 freudig
884 516 187 59 erregte
1099 510 147 51 Dona
1286 508 129 53 nobis
1456 510 95 51 und
1595 510 84 51 der

107 587 257 51 Abschluss
394 590 80 51 des
506 591 186 50 Ganzen
725 588 148 50 durch
906 588 81 50 das
1012 587 162 69 Kyrie
1203 590 83 49 der
1315 592 151 49 Messe
1494 590 183 51 sichern

108 668 120 49 auch
272 670 173 49 diesem
484 671 165 48 letzten
682 670 165 48 Theile
889 670 73 48 ein
1007 671 379 65 ungeschmälert
1427 671 146 50 hohes
1600 672 50 49 In-

107 754 185 44 teresse.

237 827 176 59 „Nebst
442 829 84 49 der
557 829 222 52 6r-Messe
809 827 98 50 sind
943 829 116 48 auch
1095 827 109 68 jene
1249 829 43 48 in
1322 829 55 50 B
1406 829 94 50 und
1529 830 45 49 in

107 924 84 32 von
223 909 125 48 nicht
376 926 54 31 zu
459 907 465 51 unterschätzendem
949 907 353 50 musicalischen
1326 909 220 50 Werthe.
1576 910 99 48 Das

117 983 169 56 Gloria
322 987 92 50 und
792 986 166 71 Agnus
652 987 46 50 in
742 987 105 50 dem
893 995 362 58 erstgenannten
1289 987 386 60 Kirchenwerke,

105 1084 82 33 vor
217 1067 152 49 Allem
402 1067 115 50 aber
548 1069 80 49 das
661 1067 162 61 Credo,
863 1067 95 50 und
987 1067 45 50 in
1063 1066 173 50 diesem
1269 1067 175 50 wieder
1475 1067 81 50 das
1584 1067 60 51 In-

111 1149 228 48 carnatus
357 1149 41 47 in
422 1149 85 49 der
529 1146 266 60 J.s-Messe,
821 1147 208 50 erheben
1052 1147 96 49 sich
1179 1147 46 50 in
1249 1147 133 66 jeder
1407 1147 268 68 Beziehung

107 1226 108 50 weit
245 1226 119 50 über
386 1227 73 50 die
485 1227 618 66 Kirchen-Compositionen
1128 1227 359 66 gewöhnlichen
1512 1227 136 51 Schla-

106 1323 110 49 ges;
249 1306 80 50 das
352 1305 299 53 Incarnatus
678 1309 45 48 in
755 1307 83 50 der
1141 1306 120 50 reiht
1288 1307 95 49 sich
1416 1307 261 68 unbedingt

106 1385 105 49 dem
247 1386 374 50 Bedeutendsten
654 1404 77 40 an,
762 1403 94 33 was
887 1386 73 50 die
991 1386 226 50 moderne
1249 1386 288 50 katholische
1565 1387 81 49 Kir-

106 1465 273 51 chenmusik
411 1467 311 50 aufzuweisen

692 1545 207 67 (Schluss
940 1545 151 67 folgt.)

587 1804 145 56 Aus
795 1803 401 73 Hamburg.

230 1942 109 52 Wir
380 1942 155 51 haben
568 1942 133 51 Ende
732 1944 181 48 Januar
955 1941 102 51 hier
1086 1942 75 49 ein
1193 1940 202 52 Concert
1423 1940 84 51 der
1533 1940 136 67 Sing-

110 2022 261 52 Akademie
414 2040 87 33 von
543 2024 196 48 Julius
784 2021 411 51 Stockhausen
1239 2020 194 68 gehabt,
1477 2021 200 50 welches

108 2102 149 50 durch
306 2102 74 50 die
428 2102 237 50 treffliche
717 2101 312 67 Aufführung
1079 2101 168 50 zweier
1296 2100 374 51 Meisterwerke:

120 2182 136 57 „Die
285 2190 153 42 erste
1054 2198 87 33 von
1165 2181 52 48 F.
1241 2179 433 50 Mendelssohn-

111 2261 327 69 Bartholdy
461 2261 94 51 und
587 2262 74 50 die
691 2267 221 44 neunte
935 2260 267 51 Sinfonie
1231 2276 86 33 von
1343 2259 330 50 Beethoven

107 2341 105 50 dem
238 2341 266 60 Publicum,
534 2340 82 51 das
647 2340 89 51 den
766 2356 191 50 grossen
982 2339 380 67 Sagebiel'schen
1383 2340 108 49 Saal
1522 2340 153 59 füllte,

107 2425 135 47 einen
273 2421 304 50 erhebenden
609 2421 326 66 Kunstgenuss
963 2419 240 50 bereitete.

228 2502 105 47 Den
366 2500 126 51 Chor
522 2500 173 51 bildete
723 2501 44 48 in
799 2499 168 50 beiden
992 2499 216 52 Werken
1239 2497 72 51 die
1340 2497 302 68 Sing-Akade-

107 2580 93 49 mie
230 2580 80 49 des
341 2581 156 50 Herrn
529 2580 343 56 Stockhausen,
917 2579 93 49 und
1049 2579 103 49 ihre
1189 2579 44 48 in
1265 2579 83 49 der
1378 2579 125 49 That
1538 2579 132 49 recht

104 2661 240 65 tüchtigen
371 2662 283 64 Leistungen
681 2660 271 49 erschienen
982 2660 66 49 als
1073 2659 293 67 Höhepunkt
1388 2659 83 48 der
1494 2674 176 51 ganzen

106 2740 327 66 Aufführung.
483 2741 90 47 Die
602 2741 226 48 Stimmen
860 2739 102 49 sind
991 2739 127 49 nicht
1145 2739 135 49 allein
1310 2744 85 61 gut
1424 2737 95 50 und
1548 2737 119 51 auch

110 2820 80 48 für
210 2819 87 49 den
323 2836 190 50 grossen
540 2820 108 48 Saal
681 2817 278 68 hinlänglich
991 2817 232 51 zahlreich
1249 2817 190 57 besetzt,
1468 2816 202 51 sondern

108 2900 118 49 auch
258 2906 85 59 gut
372 2900 239 66 geschult;
643 2916 108 33 man
784 2899 154 49 merkt
967 2899 87 49 den
1085 2897 206 51 Einfluss
1320 2899 126 48 eines
1473 2897 199 60 Leiters,

107 2977 84 51 der
229 2979 143 48 selbst
399 2979 347 49 vortrefflicher
776 2979 181 64 Sänger
997 2977 71 50 ist.
1126 2977 88 49 Die
1256 2977 212 49 Einsätze
1512 2993 157 34 waren

103 3066 111 42 stets
244 3057 102 60 fest,
376 3059 148 66 präcis
554 3059 95 49 und
680 3057 162 59 frisch;
874 3074 108 33 man
1015 3059 135 48 hörte
1173 3056 224 67 jederzeit
1425 3056 134 50 einen
1589 3055 54 51 be-

106 3137 254 58 stimmten,
390 3137 321 66 einmüthigen
743 3136 239 66 Anschlag
1011 3136 80 50 des
1122 3137 171 58 Tones,
1322 3135 127 51 nicht
1477 3135 82 51 das
1589 3135 54 49 be-

108 3217 174 51 kannte
310 3219 311 48 schüchterne
649 3219 245 48 Eintreten
926 3217 230 49 einzelner
1188 3216 301 67 Koryphäen,
1519 3215 150 51 denen

110 3296 123 51 dann
263 3305 95 42 erst
386 3297 263 50 allmählich
682 3297 74 49 die
784 3296 297 65 Nachzügler
1114 3295 95 49 sich
1240 3295 278 66 zugesellen.
1573 3295 65 49 Da-

111 3376 73 50 bei
216 3376 94 66 gab
341 3377 95 49 sich
469 3377 126 49 Alles
624 3377 131 49 recht
785 3376 99 57 frei,
915 3375 155 58 leicht,
1108 3375 331 65 schwunghaft
1467 3374 95 49 und
1593 3374 82 49 mit

108 3456 271 59 Ausdruck,
423 3456 211 50 wirklich
666 3456 89 50 wie
783 3471 86 33 von
903 3454 140 50 innen
1082 3454 190 59 heraus,
1313 3455 46 48 in
1391 3454 84 49 der
1504 3454 139 49 Decla-

110 3535 175 49 mation
332 3535 94 49 und
471 3535 256 66 Rhythmik
778 3539 248 63 prägnant,
1084 3532 223 51 während
1348 3532 209 68 zugleich
1602 3532 73 50 die

108 3615 322 49 Deutlichkeit
444 3615 82 49 der
544 3616 297 67 Aussprache
858 3615 219 56 erfreute,
1089 3615 132 66 jedes
1233 3614 147 50 Wort
1396 3611 277 52 verstanden

110 3694 179 50 wurde.
314 3696 97 47 Der
426 3695 387 66 Gesammtklang
831 3696 127 48 hatte
974 3694 153 49 neben
1147 3701 141 42 steter
1303 3692 219 51 Reinheit
1538 3692 136 50 Fülle

112 3774 95 50 und
238 3775 239 49 Sonorität
508 3775 93 49 und
634 3776 102 48 edle
767 3775 249 66 Färbung;
1046 3772 82 51 der
1159 3774 113 49 Bass
1300 3772 163 51 schritt
1493 3771 184 67 markig

115 3854 94 49 und
239 3854 86 49 fest
355 3854 179 59 einher,
573 3854 84 50 der
686 3855 184 67 Sopran
912 3854 146 66 zeigte
1101 3852 162 66 häufig
1303 3852 134 50 recht
1479 3851 198 50 frischen

112 3934 158 49 Glanz.
300 3934 216 66 Sogleich
548 3934 82 49 der
658 3943 121 40 erste
803 3934 229 50 Chorder
1056 3932 424 66 Walpurgisnacht
1510 3930 165 51 wirkte

112 4015 264 65 angenehm
409 4014 148 48 durch
592 4015 244 65 Belebung
866 4014 94 49 und
1004 4012 165 50 frische
1200 4012 174 59 Farbe,
1416 4011 97 51 und
1551 4010 127 49 nicht

115 4092 182 50 minder
342 4092 307 65 befriedigten
694 4094 73 49 die
811 4094 198 66 übrigen
1042 4091 405 59 Chornummern;
1489 4089 183 50 überall

113 4171 110 51 fand
256 4190 106 33 man
394 4172 113 50 feste
532 4174 229 64 Haltung,
790 4172 262 50 Sicherheit
1073 4171 94 50 und
1193 4171 340 50 musicalisches
1559 4169 87 49 Ver-

1778 273 240 49 ständniss.
2048 273 135 50 Eben
2218 275 211 48 dasselbe
2459 276 81 65 gilt
2571 294 82 33 von
2688 279 82 48 der
2796 280 66 48 Cb
2901 281 204 48 r-Partie
3131 280 82 49 der
3236 280 78 51 Sin-

1780 351 139 58 fonie,
1950 355 158 48 womit
2139 355 127 48 nicht
2298 356 151 66 wenig
2479 366 163 57 gesagt
2671 359 80 58 ist;
2790 360 122 51 denn
2943 379 77 30 um
3053 361 290 66 Einhaltung

1778 430 83 49 der
1886 432 191 50 Gesetze
2106 442 138 56 guter
2269 435 228 49 Vocalität
2528 436 80 50 hat
2629 439 264 50 Beethoven
2925 442 127 49 nicht
3080 440 264 52 sonderlich

1777 511 94 48 sich
1904 510 211 59 bemüht,
2145 515 224 48 vielmehr
2399 515 56 48 ist
2484 531 51 32 er
2567 516 364 52 unbekümmert
2962 539 76 30 um
3071 521 89 48 alle
3191 521 122 65 Sang-

1780 590 184 49 barkeit
1992 592 156 50 seinen
2178 594 140 49 Ideen
2364 595 392 67 nachgegangen,
2802 600 192 56 welche,
3042 618 136 31 wenn
3222 600 121 49 auch

1778 686 56 32 an
1867 670 94 48 sich
1994 671 263 51 bedeutend
2298 675 92 47 und
2423 675 211 57 sinnvoll,
2680 679 117 47 doch
2843 679 321 58 stellenweise,
3205 698 135 31 wenn

1778 750 84 48 der
1893 751 125 48 Chor
2050 752 125 49 nicht
2202 755 108 47 sehr
2340 764 83 56 gut
2453 755 71 54 ist,
2563 773 85 48 gar
2679 756 137 51 leicht
2845 759 45 48 in
2920 760 161 48 wahre
3111 761 199 47 Schreck-

1776 831 228 65 gestalten
2048 831 94 50 sich
2187 835 296 49 verwandeln
2529 835 201 51 können.
2799 839 141 49 Nicht
2981 855 51 33 so
3076 840 43 48 in
3164 839 173 50 diesem

1776 909 156 49 Falle:
1971 909 84 49 der
2086 911 127 50 Chor
2242 914 113 64 griff
2378 915 87 48 alle
2493 914 417 67 Schwierigkeiten
2944 919 182 66 muthig
3155 936 57 32 an
3245 919 94 49 und

1776 989 260 50 überwand
2067 992 63 47 sie
2163 992 81 49 mit
2275 994 175 58 Glück;
2492 995 144 48 selbst
2665 995 80 49 das
2778 997 311 68 berüchtigte,
3119 999 219 50 dreizehn

1777 1070 144 48 Tacte
1952 1071 135 64 lange
2206 1070 308 51 Aim
2299 1074 180 66 Sopran
2525 1074 123 49 blieb
2694 1077 96 49 rein
2836 1077 95 50 und
2970 1079 367 66 wohlklingend,

1777 1147 121 50 eben
1922 1165 49 32 so
1997 1149 72 49 die
2093 1150 173 49 darauf
2284 1151 214 66 folgende
2528 1154 141 49 Stelle
2698 1155 61 49 im
2910 1157 213 58 „Brüder
3151 1157 183 51 über'm

2144 1229 145 63 (Part,
2329 1231 73 50 bei
2441 1234 178 56 Schott,
2669 1235 47 49 S.
2755 1235 145 67 195),
2952 1237 153 49 ferner
3158 1237 177 59 „Deine

2060 1311 179 56 „Küsse
2269 1312 92 64 gab
2392 1314 63 48 sie
2642 1333 42 31 u.
2713 1333 34 31 s.
2780 1333 56 33 w.
2900 1317 134 56 „Seid
3067 1319 238 48 umschlun-

1938 1389 184 49 machte
2164 1392 285 65 prachtvolle
2482 1394 239 66 Wirkung
2761 1395 300 66 (namentlich
3100 1399 237 48 zeichnete

1777 1466 81 50 das
1888 1467 205 50 Unisono
2124 1469 82 49 der
2238 1471 137 48 Bässe
2406 1471 94 48 und
2524 1472 183 51 Tenöre
2738 1475 82 49 mit
2850 1475 87 51 den
2963 1479 245 47 Posaunen
3239 1477 94 50 sich

1777 1546 121 66 aus),
1938 1547 318 66 dessgleichen
2294 1551 81 50 das
2698 1571 42 32 u.
2770 1573 33 31 s.
2835 1573 57 31 w.
2931 1555 64 67 (S.
3034 1556 144 68 160).
3232 1559 105 48 Nur

1777 1626 61 48 im
1872 1626 127 50 Chor
2031 1629 81 47 mit
2140 1627 88 50 den
2260 1631 111 48 zwei
2403 1631 211 50 Themen
3132 1639 45 48 S.
3208 1637 129 65 117)

1778 1706 195 50 wurden
2017 1706 72 51 die
2133 1709 227 50 Stimmen
2406 1711 222 48 mitunter
2667 1712 145 51 durch
2844 1715 81 49 das
2956 1716 256 51 Orchester
3254 1735 53 49 ge-

1774 1785 140 49 deckt
1956 1787 93 47 und
2093 1786 182 51 blieben
2317 1790 126 48 nicht
2472 1790 166 49 immer
2667 1794 320 51 verständlich.
3046 1796 67 50 Im
3146 1798 187 49 Ganzen

1776 1866 57 48 ist
1860 1865 104 49 dem
1999 1866 126 50 Chor
2154 1867 228 51 demnach
2422 1870 102 49 eine
2567 1874 381 49 unumwundene
2980 1878 355 66 Anerkennung

1776 1947 385 64 auszusprechen.

1894 2026 51 47 In
1978 2025 82 49 der
2093 2026 421 67 Walpurgisnacht
2540 2045 116 52 sang
2680 2032 126 49 Herr
2830 2034 218 49 Director
3074 2035 232 50 Stockbau-

1776 2119 80 33 sen
1886 2104 144 49 selbst
2060 2105 90 49 den
2181 2106 203 59 Barden,
2429 2107 184 66 folglich
2655 2110 170 51 bedarf
2860 2129 47 32 es
2939 2114 159 48 keiner
3127 2115 181 50 Schilde-

1777 2200 123 48 rung
1931 2184 80 50 des
2034 2185 262 49 Eindrucks
2327 2187 150 49 dieser
2507 2191 313 64 prachtvollen
2845 2194 169 49 Partie.
3046 2195 86 48 Die
3163 2203 172 43 neunte

1776 2264 212 49 Sinfonie
2032 2266 153 48 leitete
2222 2266 213 51 derselbe
2478 2267 83 50 mit
2601 2269 104 50 dem
2740 2271 349 52 Verständnisse
3127 2274 94 49 und
3253 2275 82 50 der

1776 2342 280 60 Sicherheit,
2088 2345 73 48 die
2192 2346 84 47 wir
2307 2363 57 33 an
2394 2346 95 50 ihm
2521 2347 181 51 kennen
2742 2351 94 48 und
2877 2351 72 50 die
2989 2370 50 31 er
3076 2354 120 48 allen
3227 2355 81 48 Mit-

1776 2422 274 51 wirkenden
2096 2425 315 51 mitzutheilen
2456 2429 147 48 weiss.
2671 2430 98 50 Das
2813 2431 256 50 Orchester
3111 2434 101 48 that
3254 2434 81 51 das

1774 2501 256 66 Mögliche,
2073 2505 283 48 namentlich
2388 2506 278 65 imponirten
2698 2509 72 48 die
2799 2510 256 51 Recitative
3085 2511 83 50 der
3196 2514 141 49 Bässe

1774 2579 182 67 (sieben
1989 2582 311 51 Contrabässe
2331 2586 92 48 und
2455 2586 107 48 acht
2591 2587 305 68 Violoncelle)
2928 2591 59 49 im
3023 2593 188 58 Finale;
3253 2593 82 50 das

1774 2678 150 48 ganze
1957 2663 199 51 Concert
2185 2665 127 49 hatte
2342 2673 144 42 etwas
2516 2667 430 68 Musikfestartiges.

3152 2672 62 51 R.

2276 2923 140 57 Aus
2476 2924 338 57 Bremen.

2623 3072 103 36 Den
2764 3071 63 39 25.
2857 3074 220 37 Februar
3114 3074 113 41 1866.

1898 3139 87 48 Die
2023 3140 276 50 verflossene
2343 3144 320 52 musicalische
2697 3149 187 49 Woche
2925 3167 98 33 war
3053 3168 56 32 an
3140 3152 169 49 interes-

1776 3224 162 42 santen
1969 3219 228 50 Abenden
2231 3222 84 48 fast
2345 3224 263 52 überreich.
2651 3228 77 48 Sie
2758 3228 185 66 begann
2974 3231 83 48 mit
3084 3230 83 50 der
3197 3232 103 51 Wie-

1777 3296 376 69 derauffübrung
2195 3300 79 49 des
2308 3302 375 68 Wagner'schen
3123 3311 85 49 der
3249 3313 88 48 seit

1778 3376 127 48 einer
1950 3377 148 50 Reihe
2140 3396 87 33 von
2269 3381 177 51 Jahren
2489 3385 173 65 geruht
2705 3386 140 51 hatte.
2904 3389 137 49 Dann
3086 3390 143 67 folgte
3269 3393 63 48 im

1777 3455 305 52 Unionssaale
2112 3457 82 50 das
2223 3460 452 62 Sinfonie-Concert,
2712 3470 277 47 unterstützt
3027 3468 146 50 durch
3211 3470 92 50 Vor-

1778 3539 131 61 träge
1940 3535 82 51 der
2044 3537 306 61 Liedertafel;
2379 3541 188 50 hierauf
2590 3544 60 49 im
2680 3560 192 50 grossen
2896 3548 306 50 Börsensaale
3231 3551 103 49 eine

1778 3614 377 69 Wiederholung
2185 3619 80 49 des
2296 3620 249 51 Concertes
2575 3624 82 49 der
2691 3626 192 56 „Neuen
3251 3631 84 49 mit

1774 3694 324 52 verändertem
2131 3699 277 66 Programm
2443 3700 82 50 der
2554 3710 153 43 ersten
2732 3704 291 68 Abtheilung
3052 3706 94 51 und
3175 3709 45 48 in
3250 3709 84 49 der

1776 3774 192 50 zweiten
1999 3775 234 52 abermals
2262 3779 112 49 Max
2402 3780 195 51 Bruch's
2629 3784 449 67 Frithjofs-Scenen,
3108 3786 116 51 aber
3254 3789 83 49 mit

1776 3854 150 48 einem
1968 3855 146 51 durch
2155 3857 88 50 den
2274 3860 171 48 Zutritt
2474 3861 83 49 der
2594 3864 174 49 älteren
2799 3865 281 51 Liedertafel
3119 3874 188 60 vergrös-

1774 3940 153 41 serten
1960 3935 126 49 Chor
2116 3937 90 47 und
2242 3939 81 47 mit
2351 3939 104 49 dem
2489 3941 332 68 Coroponisten
2853 3945 64 47 als
2944 3946 272 65 Dirigenten
3246 3949 66 48 sei-

1774 4028 82 33 nes
1891 4014 215 50 Werkes.
2166 4016 100 48 Den
2299 4017 188 51 Schluss
2516 4020 81 48 der
2629 4021 187 51 Woche
2859 4024 180 51 endlich
3072 4026 185 51 machte
3287 4028 45 49 in

1776 4091 82 48 der
1888 4094 130 66 Oper
2048 4094 73 49 die
2152 4096 308 69 Aufführung
2489 4099 79 49 des
2604 4103 246 54 „Postillon
2882 4120 86 33 von

1776 4172 84 47 mit
1903 4174 81 49 Dr.
2026 4175 131 48 Gunz
2200 4177 66 49 als
2307 4179 128 49 Gast.
2489 4179 248 67 Bezüglich
2782 4181 80 51 des
3271 4188 63 49 sei
