3685 5730
332 957 799 126 MODERN
1236 957 711 126 REVIEW

773 1132 225 54 published
1041 1132 218 55 quarterly
1298 1134 46 41 at
1383 1132 279 44 Winchester
1700 1132 141 51 Mass,
1881 1133 55 43 is:

775 1322 40 54 1)
854 1336 53 30 an
958 1335 134 42 organ
1142 1323 48 44 of
1238 1323 298 43 constructive
1586 1323 207 43 criticism
1844 1335 54 32 on
1949 1321 266 46 continental
2267 1322 83 43 and
2406 1321 235 44 American

854 1405 179 43 authors
1075 1404 83 44 and
1202 1407 151 41 recent
1391 1405 260 43 tendencies
1695 1405 37 43 in
1774 1407 153 52 poetry
1969 1404 83 44 and
2095 1416 130 43 prose

772 1526 46 54 2)
858 1540 51 30 an
951 1539 133 42 organ
1124 1527 47 43 of
1198 1526 75 44 the
1303 1526 124 44 short
1455 1529 135 52 story,
1621 1527 183 54 printing
1837 1528 45 41 at
1914 1525 115 44 least
2058 1528 85 41 two
2174 1527 161 42 stories
2367 1526 110 44 each
2510 1527 132 42 issue.

855 1609 55 43 Its
948 1610 85 42 aim
1075 1610 36 42 in
1150 1608 85 44 this
1274 1608 209 44 direction
1523 1609 36 42 is
1595 1611 47 41 to
1681 1608 296 44 differentiate
2013 1608 74 44 the
2123 1608 122 44 short
2274 1610 120 53 story
2425 1608 111 44 from
2569 1608 74 43 the

854 1694 175 41 current
1068 1691 281 44 modernistic
1387 1691 155 43 sketch

771 1815 44 53 3)
856 1828 52 30 an
942 1828 133 41 organ
1108 1814 46 44 of
1185 1816 165 53 poetry,
1384 1815 298 54 representing
1715 1813 56 44 all
1804 1813 206 55 enduring
2043 1812 164 56 phases
2240 1814 36 42 in
2308 1812 74 44 the
2409 1815 234 42 renascent

854 1897 337 54 developments
1228 1896 46 44 of
1309 1896 86 44 this
1434 1898 66 41 art

772 2129 60 39 25
876 2127 181 42 cents
1101 2138 23 30 a
1171 2138 152 42 copy
1638 2127 148 45 $1.00
1828 2138 25 30 a
1898 2137 147 43 year
2090 2124 67 54 by
2201 2124 440 53 subscription

1517 2464 95 55 AT
1663 2464 156 55 ALL
1875 2464 240 55 FIRST
2173 2463 272 54 CLASS
2505 2461 572 56 BOOKSTANDS

199 2750 313 39 aiiiiiinmiiiiiHiiiimm

796 2751 117 39 lllllillll!!

1417 2751 72 39 mini!

402 2924 894 146 RUSSIA'S
1408 2921 962 149 HISTORIC
2482 2921 528 145 ROLE

648 3122 56 53 A
739 3122 169 53 NEW
944 3122 249 54 EPOCH
1230 3122 51 54 IS
1306 3122 322 54 SHAPING
1664 3120 244 55 ITSELF
1940 3119 437 54 INSOVIET
2421 3119 343 52 RUSSIA

648 3231 281 52 WATCH
968 3231 596 54 DEVELOPMENTS
1606 3231 68 52 IN
1701 3229 306 54 RUSSIAN
2045 3227 379 61 INDUSTRY,
2448 3227 315 59 SCIENCE.

1025 3312 170 61 ART,
1235 3312 342 61 LETTERS,
1616 3312 378 54 THROUGH
2031 3310 153 54 THE
2221 3310 167 53 NEW

653 3464 479 83 GRAPHIC

404 3600 530 83 MONTHLY
959 3598 424 83 REVIEW

573 3735 142 83 OF
758 3735 459 83 RUSSIAN

670 3871 452 84 AFFAIRS

322 4129 205 40 SOVIET
563 4128 196 39 RUSSIA
795 4127 299 40 PICTORIAL

407 4199 81 37 201
519 4197 68 39 W.
623 4197 101 38 13th
754 4197 59 38 St.
843 4197 36 37 N
908 4196 39 38 Y
977 4196 34 37 C

403 4333 196 41 Enclosed
630 4334 134 50 please
794 4333 80 39 find
912 4332 129 50 kindly
1070 4332 95 39 send
1197 4347 57 24 me
1284 4332 64 39 the
1377 4330 296 40 PICTORIAL
1702 4330 56 39 for

675 4395 90 39 One
795 4393 124 41 dollar
1278 4392 25 40 6
1333 4392 151 40 months

673 4449 99 41 Two
802 4449 142 40 dollars
1291 4463 73 24 one
1399 4463 89 34 year

871 4505 57 38 for
956 4504 124 39 which
1109 4518 76 35 you
1216 4503 79 40 will

673 4601 122 39 Name

671 4695 177 41 Address

674 4792 89 50 City
792 4791 74 40 and
897 4791 109 40 State

536 4888 101 39 Start
666 4904 59 33 my
754 4887 258 50 subscription
1041 4887 91 39 with
1162 4887 63 38 the
1253 4886 161 50 January
1444 4886 167 39 number.

2140 4092 29 40 It
2207 4094 32 37 is
2277 4092 62 39 the
2377 4091 89 40 kind
2504 4091 40 39 of
2583 4092 193 49 magazine
2812 4104 76 35 you
2927 4089 79 39 will

2032 4171 101 30 want
2163 4160 56 40 for
2248 4169 220 41 permanent
2496 4158 202 40 reference.

2140 4229 100 40 Start
2269 4229 91 39 with
2389 4228 64 39 the
2484 4227 121 39 initial
2636 4228 116 42 issue,
2789 4225 118 40 dated
2942 4225 63 49 Ja-

2033 4313 127 34 nuary,
2190 4296 50 51 by
2269 4296 121 50 filling
2421 4306 66 29 out
2517 4296 64 39 the
2611 4294 115 40 blank
2755 4294 141 39 below.

2139 4365 86 41 The
2255 4365 79 39 first
2364 4366 103 38 issue
2496 4363 204 39 contained
2738 4363 52 38 40
2827 4363 177 49 pictures,

2037 4435 47 40 10
2120 4434 164 45 articles,
2322 4433 210 45 editorials,
2576 4432 105 40 book
2722 4432 171 43 reviews,
2929 4440 74 30 etc.

2031 4502 85 40 The
2145 4502 188 49 February
2363 4501 154 40 number
2545 4501 79 40 will
2654 4501 49 39 be
2739 4515 95 24 even
2871 4499 133 40 better.

2141 4567 33 43 It
2210 4572 32 37 is
2278 4569 151 51 printed
2466 4585 49 23 on
2550 4569 130 50 glossy
2715 4584 132 34 paper,
2885 4567 120 39 about

2031 4639 64 39 the
2137 4639 79 38 size
2259 4637 40 40 of
2696 4635 75 41 and
2813 4636 94 39 sells
2949 4634 57 40 for

2030 4707 53 40 20
2112 4717 107 29 cents
2250 4723 22 23 a
2307 4722 112 35 copy.
2475 4706 92 40 You
2602 4722 90 23 save
2728 4705 50 50 by
2813 4704 192 40 subscrib-

2030 4777 80 48 ing;
2142 4792 74 23 one
2244 4777 123 38 dollar
2395 4775 57 40 for
2480 4777 57 38 six
2558 4774 149 40 months
2709 4785 132 30 —two
2862 4774 142 40 dollars

2029 4845 55 38 for
2113 4861 21 22 a
2164 4860 99 34 year.
