3685 5730
926 4316 94 45 258

940 980 70 59 by
1038 980 87 48 the
1153 981 152 48 Nina.
1369 981 100 49 But
1497 996 78 34 we
1603 984 186 57 passed
1819 987 141 54 great
1988 984 250 47 numbers
2267 984 54 47 of
2349 984 144 48 birds
2522 984 162 60 flying
2714 985 138 48 from
2883 986 60 47 N.
2973 991 53 44 to
3057 987 46 47 S.
3125 986 81 46 W.

941 1060 126 49 This
1101 1062 20 45 I
1154 1062 232 48 believed
1418 1068 52 42 to
1503 1063 64 47 be
1598 1063 100 48 due
1730 1063 164 49 either
1926 1070 52 42 to
2010 1065 88 47 the
2128 1065 144 47 birds
2303 1065 154 59 going
2490 1071 52 43 to
2576 1067 137 58 sleep
2747 1081 69 32 on
2849 1067 123 46 land
3005 1082 59 33 or
3096 1068 112 48 that

941 1142 122 59 they
1090 1157 134 33 were
1251 1143 163 60 flying
1443 1143 138 48 from
1608 1145 88 47 the
1724 1145 183 47 winter
1935 1145 174 48 which
2137 1146 166 59 might
2331 1148 63 47 be
2424 1149 260 57 supposed
2712 1153 53 42 to
2794 1150 63 45 be
2885 1163 125 32 near
3040 1149 53 47 in
3120 1150 88 47 the

939 1224 122 47 land
1092 1224 138 47 from
1260 1224 173 48 which
1462 1226 123 59 they
1614 1241 135 32 were
1777 1227 222 59 coming.
2047 1228 115 46 And
2192 1228 102 48 this
2324 1228 54 47 in
2408 1244 143 33 some
2580 1244 238 34 measure
2847 1232 245 46 consoled
3121 1232 87 46 the

939 1318 121 33 men
1095 1304 139 48 from
1267 1306 135 47 their
1435 1306 446 60 disappointment
1915 1323 122 33 over
2070 1310 88 47 the
2192 1310 130 47 false
2355 1325 142 33 news
2533 1311 139 47 from
2705 1312 87 47 the
2826 1313 138 48 Nina
2998 1312 139 49 since
3170 1313 38 46 it

939 1385 42 48 is
1020 1386 195 47 known
1252 1388 113 47 that
1402 1394 137 42 most
1576 1388 56 47 of
1668 1389 88 47 the
1794 1389 195 49 islands
2028 1391 121 47 held
2186 1392 69 58 by
2292 1392 88 47 the
2418 1392 279 59 Portugese
2733 1409 136 32 were
2906 1394 299 49 discovered

939 1471 70 55 by
1050 1468 88 47 the
1182 1467 149 60 flight
1375 1468 56 47 of
1473 1470 158 46 birds.
1711 1471 103 46 For
1857 1472 103 47 this
2004 1487 187 33 reason
2236 1473 22 46 I
2302 1474 235 47 resolved
2580 1479 54 43 to
2677 1475 112 58 give
2834 1489 70 45 up
2948 1477 88 47 the
3079 1482 127 41 west

938 1563 183 33 course
1160 1550 104 46 and
1300 1554 53 44 to
1393 1551 162 58 shape
1593 1565 30 33 a
1660 1566 184 34 course
1882 1554 226 46 W.S.W.
2145 1553 81 48 for
2264 1560 104 42 two
2406 1556 145 59 days.
2624 1557 97 47 We
2758 1557 168 58 began
2963 1558 87 46 the
3090 1573 115 32 new

938 1645 183 32 course
1160 1646 69 31 an
1267 1631 135 47 hour
1441 1632 180 48 before
1662 1639 177 42 sunset
1877 1636 271 58 expecting
2187 1641 53 42 to
2281 1651 82 33 see
2402 1637 124 46 land
2567 1652 130 33 soon
2738 1640 102 45 and
2879 1639 103 47 this
3025 1640 178 47 served

938 1716 52 42 to
1032 1724 289 47 encourage
1361 1714 88 46 the
1491 1729 135 32 crew
1667 1715 127 47 with
1837 1718 239 46 renewed
2118 1717 151 59 hope.

1104 1836 245 60 Monday,
1380 1837 88 47 the
1499 1852 183 33 course
1711 1839 221 45 W.S.W.
1966 1839 104 46 and
2100 1840 183 46 twelve
2312 1840 206 58 leagues
2550 1856 134 32 were
2715 1841 153 46 made
2898 1841 189 61 during
3117 1843 87 46 the

936 1917 102 59 day
1071 1918 104 45 and
1207 1918 162 59 night.
1420 1919 217 48 Thanks
1670 1919 64 47 be
1767 1924 52 43 to
1855 1919 110 47 God
1997 1921 88 47 the
2119 1919 76 48 air
2228 1920 42 48 is
2304 1935 125 45 very
2462 1921 104 48 soft
2596 1922 104 47 like
2733 1923 145 58 April
2912 1929 52 41 at
2998 1924 203 55 Seville;

937 1998 103 47 and
1076 1997 39 49 it
1152 1999 41 47 is
1232 2013 30 33 a
1297 2000 238 58 pleasure
1570 2006 53 42 to
1660 2001 63 47 be
1761 2001 122 48 here
1921 2016 55 33 so
2015 2002 178 60 balmy
2231 2018 87 32 are
2354 2003 87 48 the
2478 2004 222 47 breezes.
2771 2005 111 47 The
2919 2007 142 45 weed
3097 2007 105 46 this

935 2079 102 59 day
1071 2079 44 49 is
1150 2095 125 44 very
1308 2080 160 58 fresh,
1503 2082 146 47 there
1685 2096 87 33 are
1806 2097 160 45 many
2002 2084 124 46 land
2160 2084 143 47 birds
2341 2085 102 46 and
2479 2099 99 34 one
2612 2100 108 33 was
2754 2086 158 48 taken
2947 2087 113 48 that
3095 2102 105 32 was

934 2160 163 61 flying
1137 2161 152 57 S.W.,
1330 2167 156 52 terns,
1529 2163 165 48 ducks
1736 2165 103 46 and
1880 2179 31 32 a
1949 2166 189 58 booby.

1102 2269 256 60 Tuesday,
1402 2271 153 47 ninth
1601 2272 240 56 October,
1885 2273 87 48 the
2015 2288 185 34 course
2245 2275 133 47 S.W.
2457 2276 110 47 The
2612 2277 141 46 wind
2797 2277 125 48 then
2965 2278 234 60 changed

933 2350 105 47 and
1079 2350 22 47 I
1142 2352 199 47 steered
1381 2353 82 46 W.
1505 2352 70 59 by
1618 2353 59 46 N.
1721 2353 119 47 four
1881 2355 221 59 leagues.
2179 2356 344 59 Throughout
2563 2358 88 47 the
2691 2358 149 59 night
2880 2359 143 48 birds
3065 2376 133 32 were

933 2431 162 47 heard
1136 2432 226 60 passing.

1099 2543 348 60 Wednesday,
1491 2543 118 60 fifty
1651 2543 123 49 nine
1816 2546 221 57 leagues,
2081 2548 240 55 W.S.W.,
2365 2548 94 47 but
2502 2549 224 47 counted
2769 2564 69 33 no
2882 2565 144 33 more
3070 2552 128 46 than

932 2621 139 61 forty
1105 2622 135 48 four.
1309 2622 136 50 Here
1479 2625 87 47 the
1601 2626 182 58 people
1817 2627 154 47 could
2006 2627 194 48 endure
2236 2643 67 32 no
2336 2630 194 57 longer.
2601 2629 80 47 All
2715 2646 120 32 now
2869 2631 329 60 complained

931 2704 55 46 of
1012 2706 88 46 the
1126 2705 177 59 length
1331 2706 56 47 of
1413 2707 89 46 the
1529 2719 210 47 voyage.
1803 2708 100 47 But
1931 2708 21 46 I
1980 2709 219 47 cheered
2228 2710 144 47 them
2399 2726 56 32 as
2481 2711 114 48 best
2623 2712 21 46 I
2672 2714 155 45 could
2854 2714 172 59 giving
3053 2714 143 48 them

930 2786 133 57 good
1100 2786 163 59 hopes
1300 2786 56 48 of
1391 2788 89 47 the
1518 2789 312 58 advantages
1866 2790 123 58 they
2027 2791 167 58 might
2230 2791 121 58 gain
2386 2792 69 59 by
2493 2792 53 48 it.
2619 2793 207 48 Roused
2862 2800 53 42 to
2952 2796 244 47 madness

933 2867 68 58 by
1037 2867 135 46 their
1206 2867 126 56 fear,
1369 2868 87 48 the
1491 2869 236 59 captains
1761 2870 241 48 declared
2036 2873 123 58 they
2195 2888 134 32 were
2365 2874 153 58 going
2553 2875 135 47 back
2724 2876 93 47 but
2853 2875 22 47 I
2910 2877 108 47 told
3053 2878 144 46 them

929 2948 140 55 then,
1107 2949 113 46 that
1258 2950 242 46 however
1537 2951 159 46 much
1733 2952 123 59 they
1894 2952 166 59 might
2096 2955 279 57 complain,
2415 2956 21 45 I
2474 2956 104 46 had
2617 2962 52 42 to
2707 2968 63 47 go
2808 2963 52 42 to
2898 2958 88 48 the
3024 2959 171 47 Indies

930 3029 104 47 and
1077 3030 124 59 they
1247 3030 154 59 along
1444 3031 129 48 with
1616 3047 99 41 me,
1762 3034 104 45 and
1910 3034 113 48 that
2069 3035 21 46 I
2136 3036 174 47 would
2354 3048 64 47 go
2463 3052 70 32 on
2577 3038 134 47 until
2756 3039 21 45 I
2823 3039 166 48 found
3034 3041 160 55 them,

928 3110 128 46 with
1090 3111 88 47 the
1214 3111 120 59 help
1370 3111 56 47 of
1460 3127 96 32 our
1591 3114 154 46 Lord.
1816 3114 116 47 And
1966 3130 56 32 so
2060 3116 83 47 for
2180 3131 29 31 a
2242 3117 126 47 time
2403 3118 38 47 it
2476 3120 187 57 passed
2699 3120 94 47 but
2827 3135 120 33 now
2982 3122 69 46 all
3086 3137 107 32 was

928 3191 54 47 in
1018 3196 141 54 great
1195 3194 194 58 danger
1424 3192 140 49 from
1599 3195 88 47 the
1722 3211 136 32 men.

1095 3303 293 60 Thursday,
1432 3304 236 47 eleventh
1711 3304 56 46 of
1811 3305 238 47 October.
2128 3306 111 47 The
2280 3321 182 33 course
2506 3324 106 31 was
2655 3310 222 46 W.S.W.
2921 3311 144 47 More
3108 3327 85 32 sea

927 3384 128 47 than
1078 3385 146 46 there
1248 3385 105 46 had
1378 3386 131 46 been
1534 3386 188 58 during
1746 3387 87 46 the
1856 3387 170 47 whole
2049 3387 56 46 of
2129 3388 86 46 the
2241 3400 210 48 voyage.
2514 3389 315 60 Sandpipers
2856 3393 103 45 and
2984 3408 31 31 a
3038 3404 154 47 green

927 3465 120 47 reed
1084 3480 126 32 near
1247 3466 88 47 the
1373 3467 133 58 ship.
1578 3466 115 48 And
1732 3467 82 47 for
1851 3468 103 47 this
1993 3469 21 45 I
2052 3481 127 46 gave
2217 3470 193 47 thanks
2447 3475 53 43 to
2540 3471 110 47 God
2689 3487 56 33 as
2783 3472 39 48 it
2859 3489 106 31 was
3006 3490 30 30 a
3075 3490 116 32 sure

927 3546 112 59 sign
1077 3547 56 46 of
1168 3547 140 46 land.
1380 3548 173 47 Those
1590 3547 56 47 of
1684 3549 88 47 the
1808 3550 154 47 Pinta
2000 3564 107 33 saw
2147 3565 30 32 a
2214 3566 127 32 cane
2381 3553 103 45 and
2524 3568 30 31 a
2591 3554 132 58 pole,
2764 3555 103 46 and
2905 3556 124 59 they
3066 3557 125 46 took

925 3641 69 44 up
1025 3629 219 45 another
1275 3629 151 45 small
1454 3630 117 57 pole
1600 3630 174 47 which
1805 3632 259 57 appeared
2092 3637 52 42 to
2174 3633 63 47 be
2266 3633 213 47 worked
2510 3634 126 47 with
2666 3636 134 54 iron;
2834 3637 109 47 also
2973 3638 219 47 another

923 3708 76 48 bit
1029 3708 56 47 of
1114 3722 144 43 cane,
1291 3724 29 33 a
1351 3708 124 49 land
1506 3709 146 59 plant
1684 3712 103 45 and
1820 3727 29 31 a
1881 3713 151 45 small
2063 3713 179 46 board.
2308 3714 110 48 The
2450 3730 134 33 crew
2615 3716 57 47 of
2701 3718 87 46 the
2819 3719 204 46 caravel
3054 3720 137 47 Nina

925 3790 108 47 also
1071 3805 106 32 saw
1214 3790 139 59 signs
1389 3790 56 49 of
1476 3791 141 56 land,
1656 3793 102 46 and
1795 3807 30 33 a
1860 3794 150 46 small
2048 3795 145 58 plant
2229 3798 218 45 covered
2483 3798 126 47 with
2645 3798 209 48 berries.

1091 3912 145 47 After
1277 3917 178 44 sunset
1497 3914 21 46 I
1559 3915 246 47 returned
1845 3920 52 42 to
1938 3917 89 45 the
2067 3922 126 42 west
2234 3933 197 32 course.
2509 3919 80 59 Up
2631 3924 53 43 to
2725 3925 104 42 two
2871 3922 162 48 hours
3073 3928 116 54 past

921 3991 260 60 midnight
1214 4009 78 32 we
1327 3994 105 47 had
1468 4006 131 47 gone
1634 3995 179 60 ninety
1849 3996 165 56 miles,
2049 3998 154 47 when
2239 4000 87 46 the
2360 4000 155 49 Pinta
2548 4000 174 48 which
2758 4017 107 33 was
2885 4003 87 48 the
3009 4003 180 50 fastest

922 4072 152 48 sailer
1108 4075 102 46 and
1242 4074 105 48 had
1379 4085 132 48 gone
1545 4076 182 57 ahead,
1760 4076 165 48 found
1957 4078 88 48 the
2076 4078 124 48 land
2233 4081 103 46 and
2369 4092 127 47 gave
2528 4083 87 46 the
2649 4082 206 59 signals.
2921 4086 111 47 The
3064 4085 124 47 land

922 4169 106 33 was
1065 4155 113 48 first
1215 4171 121 32 seen
1372 4156 69 60 by
1478 4157 226 59 Rodrigo
1740 4160 64 45 de
1839 4160 209 46 Triana.
