3685 5730
905 4340 98 47 246

906 994 56 48 of
994 995 83 49 his
1112 996 104 46 and
1249 1011 90 45 my
1374 1011 135 42 own,
1546 996 22 48 I
1604 1011 86 34 am
1724 998 189 47 moved
1947 1002 52 43 to
2033 998 156 48 recite
2223 1013 105 45 you
2362 1014 30 31 a
2426 1012 154 46 poem
2615 1000 174 47 which
2825 1000 66 47 he
2926 1005 162 44 wrote
3121 1000 51 47 in

905 1090 89 45 my
1034 1077 227 47 honour:

1646 1160 144 48 fresh
1826 1163 141 57 from
2007 1162 86 48 the
2126 1164 205 58 factory

1645 1243 171 47 watch
1856 1243 133 47 their
2028 1259 117 45 eyes
2185 1259 135 45 open

1643 1339 88 32 are
1769 1338 103 46 you
1911 1326 248 47 covered9

1022 1499 116 56 Are
1171 1517 124 54 you
1326 1503 105 54 the
1464 1502 240 71 ten-pin
1736 1519 70 39 or
1837 1505 105 54 the
1977 1504 160 56 ball?
2215 1504 157 56 How
2407 1504 122 56 fast
2565 1506 79 55 do
2677 1523 123 54 you
2835 1505 217 56 think?

1023 1593 70 56 IS
1127 1593 215 58 YOUR
1374 1594 219 57 BODY
1623 1597 163 55 TEN
1822 1597 251 56 YEARS
2107 1597 268 58 OLDER
2408 1599 221 56 THAN
2663 1600 161 56 YOU
2859 1601 194 56 ARE?

1026 1689 94 55 Do
1154 1706 125 54 you
1315 1688 123 58 like
1476 1690 124 56 fine
1637 1690 241 75 things?

1023 1842 106 37 are
1175 1843 123 52 you
1344 1829 302 54 covered?

1305 2015 106 45 you
1450 2003 105 46 and
1591 2016 133 45 your
1763 2002 186 60 family
1987 2005 132 46 need
2157 2004 39 47 it
2233 2020 121 32 now

1310 2083 111 48 You
1462 2084 104 48 and
1608 2084 140 48 Your
1784 2086 207 60 Family
2031 2086 145 47 Need
2214 2088 40 45 it
2292 2088 132 45 Now

1305 2163 141 48 YOU
1486 2164 139 48 AND
1667 2165 186 48 YOUR
1893 2165 256 49 FAMILY
2192 2167 187 48 NEED
2420 2168 68 47 IT
2529 2168 165 49 NOW

1307 2314 87 33 are
1433 2315 104 44 you
1577 2303 251 46 covered?

1024 2471 173 57 Good
1225 2477 63 52 to
1318 2475 104 55 the
1451 2475 144 55 Last
1627 2475 169 72 Drop
1826 2511 82 6 —
1935 2476 214 56 Makes
2180 2480 104 53 the
2317 2477 236 57 Easiest
2582 2479 163 71 Way
2775 2480 104 55 the
2910 2480 143 55 Best

1022 2567 161 72 Way
1217 2603 83 5 —
1333 2568 134 56 The
1507 2569 305 56 Sunshine
1850 2571 67 55 of
1953 2572 105 53 the
2099 2570 184 74 Night
2317 2607 83 6 —
2435 2572 188 57 From
2660 2575 105 54 the
2805 2572 246 73 Sheep's

1022 2662 170 56 Back
1220 2668 65 50 to
1317 2663 195 56 Yours
1542 2699 82 5 —
1652 2663 132 57 The
1820 2664 135 56 Sort
1986 2666 67 55 of
2087 2664 122 56 Girl
2242 2666 133 55 You
2411 2666 146 72 Stop
2589 2673 62 50 to
2684 2668 171 54 Look
2888 2673 62 50 at
2971 2703 82 5 —

1024 2756 198 72 Keeps
1262 2758 133 55 You
1433 2758 219 56 Warm
1691 2777 66 38 as
1794 2760 188 55 Toast
2018 2795 82 5 —
2139 2761 92 54 No
2269 2760 187 56 Metal
2496 2762 130 55 Can
2664 2762 216 55 Touch
2919 2763 131 54 You

1023 2908 103 40 are
1163 2909 125 56 you
1328 2893 296 57 covered?

2364 3065 93 50 give
2496 3067 78 37 her
2612 3067 72 37 the
2722 3066 80 49 gift
2838 3068 130 47 you'd
3005 3068 86 38 like
3129 3071 43 34 to

2372 3137 69 45 get
2463 3134 37 37 if
2518 3138 78 34 not
2617 3134 44 38 in
2681 3136 88 37 sale
2798 3135 44 38 in
2865 3148 110 36 your
2995 3135 177 49 vicinity

2369 3202 123 37 write
2524 3202 71 38 for
2623 3204 218 47 complete
2877 3204 173 49 catalog
3087 3205 85 37 and

2366 3281 87 37 you
2495 3270 85 38 will
2627 3271 129 38 avoid
2800 3271 242 39 imitations
3087 3273 85 37 and

2371 3338 255 38 substitutes
2665 3338 36 38 if
2736 3351 87 36 you
2862 3352 73 25 are
2972 3342 199 37 covered.

1469 3463 217 65 Relax
1727 3469 211 57 tense
1983 3484 254 44 nerves
2277 3485 120 56 my
2435 3470 183 73 body

1469 3562 61 59 is
1573 3563 128 58 ten
1742 3579 213 57 years
1996 3567 129 56 ten
2167 3580 210 58 years
2424 3567 194 57 older

1468 3672 44 40 a
1542 3656 242 73 handy
1813 3658 202 71 place
2043 3662 77 55 to
2145 3662 237 59 throw
2411 3660 205 59 trash

1468 3795 44 43 a
1542 3780 244 73 handy
1813 3780 202 73 place
2043 3787 72 54 to
2145 3783 235 60 throw
2408 3783 206 60 trash

1568 3977 281 72 goodbye
1891 3978 103 58 old
2037 3980 228 56 flannel
2309 3978 195 76 lining

1869 4073 300 73 goodbye,
2221 4075 281 73 goodbye

1568 4164 105 58 old
1713 4164 231 58 flannel
1986 4166 193 76 lining
2221 4168 283 74 goodbye
