3685 5730
2653 4321 100 45 253

656 951 213 60 Sunday
908 966 77 33 we
1023 953 155 48 made
1221 954 59 45 19
1319 953 223 60 leagues,
1582 955 104 46 and
1725 955 22 46 I
1787 953 215 50 decided
2041 960 53 44 to
2134 956 195 49 reckon
2368 957 99 49 less
2507 959 130 47 than
2674 960 89 47 the

485 1032 224 47 number
755 1046 117 43 run,
919 1033 83 48 for
1048 1033 191 49 should
1283 1034 89 49 the
1416 1047 198 48 voyage
1660 1050 160 45 prove
1866 1036 56 48 of
1967 1037 122 61 long
2134 1038 261 58 duration,
2442 1040 88 49 the
2577 1042 185 58 people

484 1112 176 49 would
690 1118 93 44 not
812 1114 64 48 be
908 1130 57 32 so
994 1114 231 49 terrified
1256 1116 104 47 and
1391 1116 380 50 disheartened.
1837 1118 128 49 This
1995 1120 104 60 day
2130 1135 78 34 we
2238 1122 101 48 lost
2370 1122 136 60 sight
2536 1122 56 49 of
2621 1123 141 55 land,

485 1194 103 47 and
620 1209 162 46 many
813 1195 194 48 fearful
1037 1197 58 47 of
1124 1202 93 43 not
1247 1197 174 61 seeing
1451 1198 40 50 it
1523 1199 152 60 again
1707 1199 179 61 sighed
1919 1202 104 47 and
2056 1203 127 46 shed
2216 1207 152 43 tears.
2434 1205 112 48 The
2579 1205 184 48 sailors

485 1277 199 46 steered
722 1278 161 59 badly
920 1278 182 60 letting
1140 1280 89 47 the
1267 1280 146 60 ships
1453 1280 93 48 fall
1586 1282 78 47 off
1702 1288 53 42 to
1795 1283 61 47 N.
1878 1282 58 48 E.
1979 1285 103 46 and
2122 1300 128 32 even
2291 1301 162 42 more,
2493 1287 56 46 of
2586 1288 172 48 which

486 1357 19 46 I
549 1373 107 32 was
698 1358 181 50 forced
918 1365 53 43 to
1011 1361 266 59 complain
1318 1363 198 47 several
1557 1363 167 48 times.

653 1481 230 61 Monday
928 1519 11 10 .
978 1520 10 10 .
1033 1484 242 61 Tuesday
1317 1501 79 32 we
1438 1486 162 49 sailed
1642 1503 70 32 on
1754 1503 97 33 our
1892 1503 185 33 course
2120 1490 173 48 which
2337 1506 107 33 was
2488 1497 127 44 west
2658 1493 99 48 and

484 1562 153 48 made
668 1566 197 58 twenty
894 1564 208 60 leagues
1134 1581 60 32 or
1226 1581 161 34 more.
1436 1569 99 48 We
1566 1584 108 33 saw
1708 1584 29 33 a
1768 1570 142 60 large
1942 1570 142 60 piece
2117 1571 55 48 of
2204 1574 88 47 the
2323 1579 138 43 mast
2492 1574 56 48 of
2581 1590 31 32 a
2643 1575 117 60 ship

483 1642 57 48 of
572 1658 101 34 one
707 1645 243 50 hundred
985 1648 104 47 and
1123 1652 196 57 twenty
1353 1654 118 44 tons
1507 1651 94 48 but
1636 1666 135 34 were
1805 1653 193 48 unable
2033 1659 53 43 to
2121 1660 82 53 get
2237 1654 53 48 it.

488 1765 149 48 Item:
703 1768 114 49 that
880 1768 56 49 of
999 1770 69 47 all
1132 1772 104 46 and
1300 1787 154 45 every
1517 1773 129 48 kind
1710 1774 56 48 of
1830 1777 380 57 merchandise,
2274 1779 235 47 whether
2573 1781 185 58 pearls,

482 1847 240 59 precious
760 1855 190 53 stones,
989 1852 134 60 gold,
1163 1853 170 58 silver,
1371 1855 183 59 spices,
1592 1862 94 42 etc.
1741 1856 58 48 of
1834 1858 264 48 whatever
2134 1859 146 58 kind,
2317 1875 157 34 name
2511 1863 103 47 and
2652 1867 108 43 sort

483 1929 174 49 which
681 1946 124 46 may
830 1933 64 48 be
918 1934 216 60 bought,
1157 1936 257 58 bartered,
1439 1936 303 50 discovered
1767 1954 59 33 or
1850 1939 246 50 obtained
2122 1941 55 48 in
2200 1943 88 47 the
2313 1943 113 47 said
2450 1943 308 62 Admiralty,

482 2011 143 49 Your
660 2012 319 60 Highnesses
1014 2022 153 54 grant
1203 2017 140 49 from
1378 2019 311 48 henceforth
1726 2026 52 43 to
1814 2022 88 47 the
1940 2022 111 48 said
2091 2023 118 48 Don
2246 2024 257 48 Cristobal
2539 2031 94 44 etc.
2671 2028 88 47 the

482 2094 145 47 tenth
661 2101 117 52 part
808 2096 57 47 of
896 2097 88 48 the
1015 2098 170 48 whole
1218 2135 10 10 .
1268 2136 10 10 .
1312 2101 234 58 granted,
1578 2101 55 48 in
1662 2103 88 47 the
1783 2108 143 43 town
1956 2104 56 47 of
2045 2105 160 49 Santa
2236 2107 70 48 Fe
2338 2108 64 47 de
2434 2108 52 47 la
2518 2107 242 49 Granada

484 2189 69 34 on
584 2177 89 47 the
709 2178 136 47 17th.
877 2178 103 60 day
1013 2179 57 47 of
1101 2179 144 60 April
1278 2182 55 47 in
1364 2183 88 48 the
1484 2199 124 44 year
1640 2184 57 48 of
1728 2200 96 32 our
1855 2186 140 47 Lord
2028 2187 150 48 Jesus
2213 2188 174 49 Christ
2424 2191 141 46 1492.
2618 2191 22 46 I
2672 2190 88 49 the

483 2257 148 61 King.
690 2258 22 46 I
750 2259 89 49 the
880 2252 199 61 Queen.

648 2381 335 62 Wednesday
1020 2420 10 11 .
1070 2421 10 10 .
1117 2386 279 61 Thursday
1433 2425 10 9 .
1483 2424 10 11 .
1531 2387 210 62 Friday,
1777 2405 70 33 on
1880 2392 88 47 the
2005 2392 239 61 westerly
2280 2409 198 42 course,
2514 2396 103 59 day
2654 2397 103 46 and

481 2460 163 60 night,
685 2465 65 45 20
790 2464 222 60 leagues,
1054 2468 250 59 counting
1344 2484 29 31 a
1411 2469 132 50 little
1581 2470 116 49 less.
1774 2471 137 49 Here
1950 2475 150 46 those
2139 2490 70 33 on
2248 2475 90 49 the
2376 2478 205 47 caravel
2621 2479 139 49 Nina

481 2545 241 58 reported
759 2547 115 47 that
909 2547 125 60 they
1070 2548 107 48 had
1216 2565 120 32 seen
1374 2565 29 32 a
1440 2557 130 50 tern,
1610 2568 30 31 a
1678 2553 117 48 bird
1832 2555 174 47 which
2045 2555 42 48 is
2124 2572 158 32 never
2321 2558 80 47 far
2441 2558 139 49 from
2616 2561 140 47 land.

651 2668 259 61 Saturday
947 2686 79 32 we
1065 2672 153 48 made
1257 2675 62 45 27
1360 2674 207 60 leagues
1607 2690 69 33 on
1714 2677 88 47 the
1840 2683 128 42 west
2006 2693 204 41 course;
2252 2681 104 47 and
2394 2680 56 49 in
2487 2682 88 48 the
2614 2684 143 59 early

482 2753 116 53 part
642 2748 57 48 of
742 2751 88 47 the
874 2750 148 61 night
1065 2753 146 48 there
1256 2755 89 47 fell
1391 2755 110 49 into
1545 2757 88 48 the
1679 2773 87 33 sea
1811 2774 30 32 a
1885 2761 317 48 marvellous
2247 2762 157 49 flame
2449 2763 57 48 of
2549 2764 110 57 fire,
2705 2770 52 43 at

481 2845 29 32 a
552 2830 234 50 distance
828 2832 57 47 of
926 2834 160 48 about
1128 2836 30 45 4
1200 2850 61 33 or
1303 2839 28 44 5
1375 2837 206 60 leagues
1624 2839 139 48 from
1805 2841 89 48 the
1937 2841 133 60 ship.

648 2955 230 61 Sunday,
906 2958 88 47 the
1021 2957 273 59 sixteenth,
1320 2961 103 59 day
1450 2962 104 46 and
1581 2961 162 60 night,
1773 2963 22 47 I
1822 2966 199 45 steered
2047 2966 87 47 the
2161 2981 185 34 course
2371 2972 142 52 west,
2542 2968 215 61 making

480 3036 62 47 39
578 3036 208 61 leagues
819 3038 94 50 but
947 3041 226 47 counted
1209 3041 124 61 only
1370 3044 79 46 36.
1520 3044 170 48 There
1725 3060 136 33 were
1897 3060 145 35 some
2076 3047 183 49 clouds
2295 3050 104 46 and
2437 3051 153 47 small
2625 3052 129 47 rain.

481 3118 158 47 From
680 3120 104 48 this
825 3121 104 60 day
970 3123 104 46 and
1117 3137 117 34 ever
1277 3123 281 49 afterward
1598 3141 125 46 very
1764 3132 286 55 temperate
2091 3129 225 58 breezes,
2360 3146 55 33 so
2456 3132 114 49 that
2610 3134 146 48 there

478 3214 108 34 was
618 3207 143 52 great
792 3202 238 59 pleasure
1062 3204 55 47 in
1149 3204 247 61 enjoying
1427 3207 88 47 the
1547 3208 287 60 mornings,
1865 3210 222 60 nothing
2117 3212 154 59 being
2304 3216 206 46 wanted
2542 3215 95 49 but
2668 3216 88 48 the

479 3293 129 48 song
644 3282 57 48 of
738 3282 363 62 nightingales.
1175 3287 46 48 It
1259 3302 107 34 was
1404 3288 105 48 like
1547 3288 146 60 April
1731 3290 56 48 in
1824 3291 304 50 Andalucia.
2204 3294 136 48 Here
2379 3311 78 33 we
2495 3298 168 58 began
2702 3303 53 42 to

478 3378 84 33 see
599 3379 162 46 many
797 3365 130 49 tufts
966 3367 56 47 of
1058 3379 144 48 grass
1240 3369 114 49 that
1390 3385 136 33 were
1564 3386 125 46 very
1727 3385 156 47 green
1920 3375 105 47 and
2063 3378 261 58 appeared
2360 3383 54 42 to
2453 3379 133 48 have
2623 3380 132 48 been

477 3444 142 61 quite
652 3447 229 61 recently
915 3452 120 44 torn
1068 3448 141 49 from
1241 3452 88 48 the
1363 3452 140 47 land.
1572 3452 81 49 All
1686 3454 105 48 this
1825 3455 22 47 I
1881 3457 166 47 called
2081 3463 53 42 to
2167 3459 88 47 the
2290 3459 255 49 attention
2578 3462 58 47 of
2667 3463 87 46 the

477 3540 122 34 men
631 3529 105 47 and
769 3528 140 49 from
940 3530 105 49 this
1079 3532 22 47 I
1132 3530 191 61 judged
1356 3534 115 49 that
1504 3551 77 33 we
1614 3551 136 34 were
1781 3552 128 33 near
1940 3538 141 58 land,
2114 3540 93 48 but
2240 3546 92 44 not
2364 3542 89 48 the
2484 3542 270 49 mainland

477 3608 174 49 which
692 3611 22 45 I
752 3610 156 50 make
945 3617 52 44 to
1036 3613 65 48 be
1139 3628 145 34 more
1322 3615 209 50 distant.

645 3735 246 60 Monday,
924 3742 50 42 at
1002 3738 172 57 dawn,
1204 3754 79 32 we
1312 3739 252 49 observed
1593 3743 161 46 much
1783 3756 146 34 more
1959 3745 143 46 weed
2133 3745 300 61 appearing,
2464 3746 104 49 like
2597 3748 156 47 herbs

477 3813 138 50 from
648 3832 30 31 a
711 3816 151 59 river,
896 3818 55 48 in
980 3818 176 48 which
1188 3834 99 33 one
1319 3820 57 48 of
1406 3822 88 48 the
1526 3836 121 34 men
1678 3822 303 50 discovered
2014 3840 31 32 a
2074 3826 102 48 live
2206 3828 140 46 crab.
2413 3828 129 49 This
2575 3830 22 47 I
2630 3829 123 61 kept

477 3898 113 47 that
629 3899 69 46 all
736 3899 167 59 might
941 3915 83 34 see
1062 3900 40 49 it
1140 3903 104 46 and
1283 3902 196 49 believe
1517 3918 70 34 on
1624 3905 88 48 the
1749 3905 141 49 land.
1963 3908 112 48 The
2115 3923 87 33 sea
2239 3915 162 43 water
2439 3926 107 34 was
2586 3912 166 48 found

477 3983 53 43 to
568 3980 65 48 be
670 3981 102 47 less
811 3982 99 48 salt
946 3982 132 48 than
1115 3982 40 50 it
1192 3984 107 48 had
1336 3985 132 47 been
1508 3986 141 49 since
1686 3988 205 61 leaving
1930 3990 88 47 the
2059 3990 261 49 Canaries.
2394 3993 111 49 The
2543 3994 209 49 breezes

478 4075 133 34 were
649 4062 196 60 always
882 4063 118 49 soft.
1073 4064 273 62 Everyone
1381 4082 108 33 was
1526 4069 210 58 pleased
1774 4071 105 47 and
1914 4071 88 48 the
2039 4072 112 48 best
2189 4073 183 50 sailors
2409 4082 138 42 went
2584 4076 168 49 ahead

477 4147 52 42 to
565 4142 137 61 sight
736 4144 89 48 the
859 4143 114 51 first
1007 4147 139 47 land.
1220 4148 159 61 Many
1416 4154 167 55 tunny
1587 4150 105 48 fish
1727 4153 188 57 passed
1951 4168 69 33 on
2057 4154 67 48 all
2162 4154 137 50 sides
2333 4156 57 47 of
2426 4172 60 32 us
2524 4159 103 46 and
2663 4159 89 48 the
