3685 5730
1060 688 521 203 THE
1656 681 1232 210 BOOKMAN

1405 1011 322 58 EDITED
1773 1013 111 57 BY
1925 1013 234 57 JOHN
2203 1013 354 59 FARRAR

670 1599 34 27 r
970 1595 442 66 BOOKMAN
1457 1607 41 54 is
1536 1629 29 32 a
1601 1604 228 74 monthly
1864 1609 257 69 magazine
2159 1607 211 72 offering
2405 1621 52 42 to
2487 1606 190 73 people
2708 1607 120 58 who
2858 1607 218 58 READ
3106 1632 64 32 an
3198 1610 73 54 in-

711 1700 43 42 ■*»
819 1702 170 54 timate
1021 1700 483 73 acquaintanceship
1534 1700 122 59 with
1685 1700 84 58 the
1802 1716 134 43 most
1965 1704 287 70 interesting
2281 1703 101 56 and
2413 1703 197 56 famous
2640 1702 190 73 people
2862 1703 120 57 who
3004 1701 266 58 WRITE.

671 1795 53 57 In
767 1798 62 55 its
873 1819 159 49 pages
1075 1795 122 73 they
1239 1820 148 33 come
1430 1811 53 42 to
1527 1820 101 50 you
1673 1811 87 42 not
1803 1796 119 73 only
1964 1796 212 73 through
2220 1797 127 56 their
2388 1797 141 58 work
2570 1798 90 56 but
2699 1821 57 33 as
2797 1798 187 57 friends
3025 1798 155 73 ready
3219 1813 50 41 to

671 1891 202 57 discuss
911 1914 144 33 some
1093 1891 203 73 striking
1332 1907 150 41 event
1519 1892 53 56 of
1607 1892 84 57 the
1729 1892 113 72 day,
1872 1916 144 32 some
2046 1892 141 58 work
2217 1893 53 56 of
2298 1916 29 32 a
2357 1908 404 57 contemporary;
2798 1892 115 73 glad
2943 1908 52 41 to
3025 1897 113 53 take
3170 1918 99 48 you

669 1986 194 57 behind
892 1986 90 56 the
1013 2009 184 34 scenes
1229 1986 52 56 of
1309 1986 85 57 the
1426 1986 192 74 literary
1647 1987 100 57 and
1778 1987 239 57 dramatic
2038 1986 175 60 world.
2257 1986 154 75 They
2433 1987 279 58 contribute
2737 1988 195 57 articles
2954 2019 81 5 —
3056 1991 213 55 reviews

668 2112 81 6 —
770 2083 394 56 reminiscences
1187 2112 81 7 —
1290 2084 176 70 gossip
1489 2113 80 5 —
1592 2098 180 57 poetry
1791 2113 81 5 —
1895 2082 139 58 short
2064 2085 178 55 stories
2264 2113 82 5 —
2369 2106 177 49 essays
2568 2113 81 6 —
2671 2083 340 65 discussions;
3048 2108 29 32 a
3114 2099 155 57 story-

668 2175 171 74 telling
878 2176 260 72 assembly
1176 2176 181 58 whose
1397 2180 87 55 wit
1524 2180 41 54 is
1607 2178 268 72 sparkling,
1915 2178 179 58 whose
2135 2178 289 73 judgments
2463 2202 82 32 are
2588 2178 136 56 frank
2765 2179 100 56 and
2902 2194 52 41 to
2991 2179 85 56 the
3115 2182 154 69 point.

1516 2374 48 39 ol
1591 2374 1 41 .
1643 2374 1 41 .
1928 2404 65 5 —...
2099 2404 16 4 -
2360 2374 64 41 1o

992 2586 330 73 SOME
1383 2586 970 73 CONTRIBUTORS
2413 2586 235 71 FOR
2706 2589 235 68 1923

993 2764 70 57 H.
1100 2764 60 57 L.
1188 2764 263 57 Mencken
2213 2764 169 72 James
2420 2763 198 57 Branch
2656 2763 184 58 Cabell

992 2846 161 73 Hugh
1183 2846 245 72 Walpole
2211 2845 299 58 Alexander
2545 2844 270 58 Woolcott

992 2927 282 74 Heywood
1308 2928 170 57 Broun
2211 2927 197 72 Joseph
2443 2926 398 73 Hergesheimer

994 3009 254 57 Gertrude
1283 3009 258 58 Atherton
2212 3008 229 57 William
2477 3008 146 58 Rose
2662 3008 165 58 Benet

993 3090 213 59 Sinclair
1242 3090 174 60 Lewis
2211 3090 165 73 Floyd
2413 3090 121 56 Dell

991 3172 151 73 Mary
1175 3173 194 57 Austin
2214 3172 235 73 Stephen
2485 3172 229 56 Vincent
2750 3172 165 56 Benet

993 3255 118 57 Carl
1149 3255 270 72 Sandburg
2211 3254 199 57 Robert
2441 3255 182 56 Cortes
2662 3252 253 75 Holliday

991 3336 163 72 Jessie
1193 3335 57 59 B.
1280 3335 341 59 Rittenhouse
2210 3335 149 74 Mary
2395 3334 223 59 Roberts
2655 3334 246 58 Rinehart

991 3418 169 57 Stuart
1193 3417 59 58 P.
1282 3417 250 58 Sherman
2212 3418 124 57 Irvin
2373 3417 54 57 S.
2464 3416 158 59 Cobb

666 3659 168 52 THE
880 3658 487 53 BOOKMAN'S
1413 3659 182 52 Bureau
1638 3659 50 50 of
1730 3658 231 52 Practical
1995 3659 197 51 Advice
2242 3672 47 38 to
2325 3658 222 59 Writers;
2595 3659 280 66 Broadway,
2916 3659 105 51 Our
3057 3659 207 66 Literary

666 3753 243 64 Signpost,
948 3751 63 65 by
1043 3750 227 52 Kenneth
1302 3748 268 60 Andrews;
1609 3748 113 52 The
1754 3748 229 52 Practical
2016 3748 120 52 Side
2168 3748 49 51 of
2247 3747 219 66 Writing,
2505 3749 63 64 by
2599 3748 184 51 Robert
2808 3749 170 51 Cortes
3011 3747 250 67 Holliday;

667 3842 207 65 Literary
895 3841 125 50 Club
1040 3841 217 57 Service;
1295 3839 178 52 Poems
1493 3839 48 51 of
1562 3839 79 51 the
1662 3837 198 59 Month;
1900 3838 113 52 The
2032 3838 290 51 Bookman's
2347 3837 163 52 Guide
2531 3851 47 38 to
2600 3837 205 59 Fiction;
2845 3837 112 52 The
2983 3837 278 59 Londoner;

666 3932 113 52 The
799 3929 283 58 Bookshelf;
1121 3928 201 66 Foreign
1342 3929 130 52 Note
1491 3927 94 52 and
1607 3929 276 57 Comment;
1916 3927 113 52 The
2049 3927 186 65 Gossip
2256 3927 159 64 Shop;
2455 3926 113 53 The
2588 3927 167 52 Editor
2774 3926 374 60 Recommends,
3172 3940 88 39 etc.

663 4081 102 53 All
816 4080 93 53 the
960 4080 171 52 latest
1181 4100 155 32 news
1385 4078 56 52 of
1485 4078 94 52 the
1624 4078 226 64 literary
1899 4076 176 52 world
2120 4076 139 52 each
2303 4076 190 52 month
2537 4079 53 49 in
2634 4076 169 52 THE
2847 4075 415 53 BOOKMAN

1037 4272 387 66 SPLENDID,
1467 4271 176 59 LIVE
1686 4271 168 58 AND
1898 4269 514 60 INTERESTING

663 4479 74 51 40
773 4489 161 40 cents
972 4475 251 65 monthly
2868 4469 166 60 $4.00
3071 4493 27 30 a
3132 4492 131 44 year

665 4820 398 61 GEORGE
1121 4820 83 57 H.
1243 4818 340 58 DORAN
1642 4817 477 58 COMPANY
2191 4840 29 31 *
2291 4818 404 58 Publishers
2768 4843 30 31 *
2868 4821 163 58 New
3079 4822 182 57 York
