<?xml version="1.0" encoding="UTF-8"?>
<alto xmlns:xsi="http://www.w3.org/2001/XMLSchema-instance" xmlns="http://www.loc.gov/standards/alto/ns-v2#" xsi:schemaLocation="http://www.loc.gov/standards/alto/ns-v2# http://www.loc.gov/standards/alto/alto-v2.0.xsd" xmlns:xlink="http://www.w3.org/1999/xlink">
	<Description>
		<MeasurementUnit>mm10</MeasurementUnit>
		<sourceImageInformation>
			<fileName>//fileserver7/IN2/Princeton/Batch2/bmtnaap/1923/03_01/00000057.tif</fileName>
		</sourceImageInformation>
		<OCRProcessing ID="OCRPROCESSING_1">
			<preProcessingStep>
				<processingSoftware>
					<softwareCreator>CCS Content Conversion Specialists GmbH, Germany</softwareCreator>
					<softwareName>CCS docWORKS</softwareName>
					<softwareVersion>6.6-0.29</softwareVersion>
				</processingSoftware>
			</preProcessingStep>
			<ocrProcessingStep>
				<processingSoftware>
					<softwareCreator>ABBYY (BIT Software), Russia</softwareCreator>
					<softwareName>FineReader</softwareName>
					<softwareVersion>10.0</softwareVersion>
				</processingSoftware>
			</ocrProcessingStep>
		</OCRProcessing>
	</Description>
	<Styles>
		<TextStyle ID="TXT_0" FONTSIZE="10" FONTFAMILY="Times New Roman"/>
		<ParagraphStyle ID="PAR_RIGHT" ALIGN="Right"/>
		<ParagraphStyle ID="PAR_LEFT" ALIGN="Left"/>
	</Styles>
	<Layout>
		<Page ID="P57" PHYSICAL_IMG_NR="57" HEIGHT="5730" WIDTH="3685" PRINTED_IMG_NR="265" PC="0.973">
			<TopMargin ID="P57_TM00001" HPOS="0" VPOS="0" WIDTH="3685" HEIGHT="6"/>
			<LeftMargin ID="P57_LM00001" HPOS="0" VPOS="6" WIDTH="5" HEIGHT="4298"/>
			<RightMargin ID="P57_RM00001" HPOS="3679" VPOS="6" WIDTH="6" HEIGHT="4298"/>
			<BottomMargin ID="P57_BM00001" HPOS="0" VPOS="4304" WIDTH="3685" HEIGHT="1426">
				<TextBlock ID="P57_TB00001" HPOS="2628" VPOS="4308" WIDTH="95" HEIGHT="45" STYLEREFS="TXT_0 PAR_RIGHT">
					<TextLine ID="P57_TL00001" HPOS="2628" VPOS="4308" WIDTH="95" HEIGHT="45">
						<String ID="P57_ST00001" HPOS="2628" VPOS="4308" WIDTH="95" HEIGHT="45" CONTENT="265" WC="1.00" CC="000"/>
					</TextLine>
				</TextBlock>
			</BottomMargin>
			<PrintSpace ID="P57_PS00001" HPOS="5" VPOS="6" WIDTH="3674" HEIGHT="4298">
				<TextBlock ID="P57_TB00002" HPOS="1163" VPOS="962" WIDTH="890" HEIGHT="58" STYLEREFS="TXT_0 PAR_LEFT">
					<TextLine ID="P57_TL00002" HPOS="1164" VPOS="963" WIDTH="889" HEIGHT="57">
						<String ID="P57_ST00002" HPOS="1164" VPOS="963" WIDTH="170" HEIGHT="55" CONTENT="THE" WC="1.00" CC="000"/>
						<SP ID="P57_SP00001" HPOS="1334" VPOS="1018" WIDTH="44"/>
						<String ID="P57_ST00003" HPOS="1378" VPOS="963" WIDTH="313" HEIGHT="57" CONTENT="APOLLO" WC="1.00" CC="000000"/>
						<SP ID="P57_SP00002" HPOS="1691" VPOS="1020" WIDTH="47"/>
						<String ID="P57_ST00004" HPOS="1738" VPOS="964" WIDTH="102" HEIGHT="56" CONTENT="OF" WC="0.92" CC="01"/>
						<SP ID="P57_SP00003" HPOS="1840" VPOS="1020" WIDTH="48"/>
						<String ID="P57_ST00005" HPOS="1888" VPOS="964" WIDTH="165" HEIGHT="54" CONTENT="VEII" WC="1.00" CC="0000"/>
					</TextLine>
				</TextBlock>
				<TextBlock ID="P57_TB00003" HPOS="776" VPOS="1096" WIDTH="1715" HEIGHT="3208" STYLEREFS="TXT_0 PAR_LEFT">
					<TextLine ID="P57_TL00003" HPOS="796" VPOS="1097" WIDTH="1357" HEIGHT="67">
						<String ID="P57_ST00006" HPOS="796" VPOS="1098" WIDTH="247" HEIGHT="56" CONTENT="Crunch" WC="0.99" CC="640100"/>
						<SP ID="P57_SP00004" HPOS="1043" VPOS="1154" WIDTH="39"/>
						<String ID="P57_ST00007" HPOS="1082" VPOS="1097" WIDTH="68" HEIGHT="55" CONTENT="of" WC="1.00" CC="00"/>
						<SP ID="P57_SP00005" HPOS="1150" VPOS="1154" WIDTH="37"/>
						<String ID="P57_ST00008" HPOS="1187" VPOS="1098" WIDTH="132" HEIGHT="54" CONTENT="foot" WC="1.00" CC="0010"/>
						<SP ID="P57_SP00006" HPOS="1319" VPOS="1154" WIDTH="36"/>
						<String ID="P57_ST00009" HPOS="1355" VPOS="1098" WIDTH="290" HEIGHT="66" CONTENT="forward," WC="0.99" CC="40320500"/>
						<SP ID="P57_SP00007" HPOS="1645" VPOS="1164" WIDTH="40"/>
						<String ID="P57_ST00010" HPOS="1685" VPOS="1098" WIDTH="136" HEIGHT="56" CONTENT="foot" WC="0.99" CC="1200"/>
						<SP ID="P57_SP00008" HPOS="1821" VPOS="1164" WIDTH="37"/>
						<String ID="P57_ST00011" HPOS="1858" VPOS="1098" WIDTH="295" HEIGHT="66" CONTENT="forward;" WC="0.99" CC="01634060"/>
					</TextLine>
					<TextLine ID="P57_TL00004" HPOS="794" VPOS="1191" WIDTH="1155" HEIGHT="75">
						<String ID="P57_ST00012" HPOS="794" VPOS="1191" WIDTH="170" HEIGHT="56" CONTENT="Flair" WC="0.99" CC="04014"/>
						<SP ID="P57_SP00009" HPOS="964" VPOS="1247" WIDTH="37"/>
						<String ID="P57_ST00013" HPOS="1001" VPOS="1191" WIDTH="69" HEIGHT="56" CONTENT="of" WC="0.97" CC="00"/>
						<SP ID="P57_SP00010" HPOS="1070" VPOS="1247" WIDTH="34"/>
						<String ID="P57_ST00014" HPOS="1104" VPOS="1191" WIDTH="407" HEIGHT="75" CONTENT="leg-muscles," WC="1.00" CC="401001001100"/>
						<SP ID="P57_SP00011" HPOS="1511" VPOS="1266" WIDTH="42"/>
						<String ID="P57_ST00015" HPOS="1553" VPOS="1196" WIDTH="90" HEIGHT="53" CONTENT="set" WC="1.00" CC="000"/>
						<SP ID="P57_SP00012" HPOS="1643" VPOS="1266" WIDTH="39"/>
						<String ID="P57_ST00016" HPOS="1682" VPOS="1198" WIDTH="64" HEIGHT="51" CONTENT="to" WC="1.00" CC="00"/>
						<SP ID="P57_SP00013" HPOS="1746" VPOS="1266" WIDTH="37"/>
						<String ID="P57_ST00017" HPOS="1783" VPOS="1193" WIDTH="166" HEIGHT="66" CONTENT="steel," WC="1.00" CC="000050"/>
					</TextLine>
					<TextLine ID="P57_TL00005" HPOS="796" VPOS="1286" WIDTH="1189" HEIGHT="76">
						<String ID="P57_ST00018" HPOS="796" VPOS="1286" WIDTH="249" HEIGHT="76" CONTENT="Sliding," WC="0.99" CC="03000340"/>
						<SP ID="P57_SP00014" HPOS="1045" VPOS="1362" WIDTH="37"/>
						<String ID="P57_ST00019" HPOS="1082" VPOS="1286" WIDTH="248" HEIGHT="76" CONTENT="gliding," WC="1.00" CC="00100500"/>
						<SP ID="P57_SP00015" HPOS="1330" VPOS="1362" WIDTH="35"/>
						<String ID="P57_ST00020" HPOS="1365" VPOS="1288" WIDTH="320" HEIGHT="74" CONTENT="bunching" WC="0.99" CC="40005040"/>
						<SP ID="P57_SP00016" HPOS="1685" VPOS="1362" WIDTH="31"/>
						<String ID="P57_ST00021" HPOS="1716" VPOS="1295" WIDTH="64" HEIGHT="50" CONTENT="to" WC="0.92" CC="01"/>
						<SP ID="P57_SP00017" HPOS="1780" VPOS="1362" WIDTH="32"/>
						<String ID="P57_ST00022" HPOS="1812" VPOS="1290" WIDTH="173" HEIGHT="66" CONTENT="steel;" WC="1.00" CC="000001"/>
					</TextLine>
					<TextLine ID="P57_TL00006" HPOS="794" VPOS="1381" WIDTH="1675" HEIGHT="75">
						<String ID="P57_ST00023" HPOS="794" VPOS="1381" WIDTH="229" HEIGHT="75" CONTENT="Quiver" WC="1.00" CC="000001"/>
						<SP ID="P57_SP00018" HPOS="1023" VPOS="1456" WIDTH="36"/>
						<String ID="P57_ST00024" HPOS="1059" VPOS="1383" WIDTH="125" HEIGHT="56" CONTENT="and" WC="1.00" CC="000"/>
						<SP ID="P57_SP00019" HPOS="1184" VPOS="1456" WIDTH="39"/>
						<String ID="P57_ST00025" HPOS="1223" VPOS="1381" WIDTH="193" HEIGHT="73" CONTENT="poise:" WC="1.00" CC="002000"/>
						<SP ID="P57_SP00020" HPOS="1416" VPOS="1456" WIDTH="44"/>
						<String ID="P57_ST00026" HPOS="1460" VPOS="1383" WIDTH="149" HEIGHT="67" CONTENT="foot," WC="1.00" CC="00000"/>
						<SP ID="P57_SP00021" HPOS="1609" VPOS="1456" WIDTH="44"/>
						<String ID="P57_ST00027" HPOS="1653" VPOS="1383" WIDTH="347" HEIGHT="67" CONTENT="shin-bone," WC="1.00" CC="3000040400"/>
						<SP ID="P57_SP00022" HPOS="2000" VPOS="1456" WIDTH="44"/>
						<String ID="P57_ST00028" HPOS="2044" VPOS="1384" WIDTH="125" HEIGHT="56" CONTENT="and" WC="1.00" CC="000"/>
						<SP ID="P57_SP00023" HPOS="2169" VPOS="1456" WIDTH="39"/>
						<String ID="P57_ST00029" HPOS="2208" VPOS="1384" WIDTH="158" HEIGHT="56" CONTENT="knee" WC="1.00" CC="0100"/>
						<SP ID="P57_SP00024" HPOS="2366" VPOS="1456" WIDTH="22"/>
						<String ID="P57_ST00030" HPOS="2388" VPOS="1418" WIDTH="81" HEIGHT="7" CONTENT="—" WC="0.20" CC="8"/>
					</TextLine>
					<TextLine ID="P57_TL00007" HPOS="915" VPOS="1478" WIDTH="1331" HEIGHT="67">
						<String ID="P57_ST00031" HPOS="915" VPOS="1478" WIDTH="249" HEIGHT="55" CONTENT="Crunch" WC="0.98" CC="260006"/>
						<SP ID="P57_SP00025" HPOS="1164" VPOS="1533" WIDTH="35"/>
						<String ID="P57_ST00032" HPOS="1199" VPOS="1478" WIDTH="68" HEIGHT="55" CONTENT="of" WC="0.69" CC="60"/>
						<SP ID="P57_SP00026" HPOS="1267" VPOS="1533" WIDTH="30"/>
						<String ID="P57_ST00033" HPOS="1297" VPOS="1478" WIDTH="134" HEIGHT="57" CONTENT="foot" WC="0.99" CC="0400"/>
						<SP ID="P57_SP00027" HPOS="1431" VPOS="1535" WIDTH="32"/>
						<String ID="P57_ST00034" HPOS="1463" VPOS="1478" WIDTH="290" HEIGHT="67" CONTENT="forward," WC="1.00" CC="01000100"/>
						<SP ID="P57_SP00028" HPOS="1753" VPOS="1545" WIDTH="37"/>
						<String ID="P57_ST00035" HPOS="1790" VPOS="1479" WIDTH="134" HEIGHT="56" CONTENT="foot" WC="1.00" CC="0000"/>
						<SP ID="P57_SP00029" HPOS="1924" VPOS="1545" WIDTH="34"/>
						<String ID="P57_ST00036" HPOS="1958" VPOS="1479" WIDTH="288" HEIGHT="56" CONTENT="forward." WC="0.99" CC="00403504"/>
					</TextLine>
					<TextLine ID="P57_TL00008" HPOS="791" VPOS="1598" WIDTH="1058" HEIGHT="78">
						<String ID="P57_ST00037" HPOS="791" VPOS="1598" WIDTH="158" HEIGHT="73" CONTENT="Hips" WC="0.99" CC="2000"/>
						<SP ID="P57_SP00030" HPOS="949" VPOS="1671" WIDTH="27"/>
						<String ID="P57_ST00038" HPOS="976" VPOS="1598" WIDTH="257" HEIGHT="78" CONTENT="holding" WC="1.00" CC="0020000"/>
						<SP ID="P57_SP00031" HPOS="1233" VPOS="1676" WIDTH="27"/>
						<String ID="P57_ST00039" HPOS="1260" VPOS="1603" WIDTH="136" HEIGHT="54" CONTENT="that" WC="0.99" CC="0500"/>
						<SP ID="P57_SP00032" HPOS="1396" VPOS="1676" WIDTH="27"/>
						<String ID="P57_ST00040" HPOS="1423" VPOS="1606" WIDTH="208" HEIGHT="68" CONTENT="tawny" WC="1.00" CC="00000"/>
						<SP ID="P57_SP00033" HPOS="1631" VPOS="1676" WIDTH="29"/>
						<String ID="P57_ST00041" HPOS="1660" VPOS="1606" WIDTH="189" HEIGHT="51" CONTENT="torso:" WC="0.99" CC="026000"/>
					</TextLine>
					<TextLine ID="P57_TL00009" HPOS="791" VPOS="1694" WIDTH="920" HEIGHT="75">
						<String ID="P57_ST00042" HPOS="791" VPOS="1696" WIDTH="137" HEIGHT="54" CONTENT="Roll" WC="0.98" CC="0005"/>
						<SP ID="P57_SP00034" HPOS="928" VPOS="1750" WIDTH="34"/>
						<String ID="P57_ST00043" HPOS="962" VPOS="1696" WIDTH="68" HEIGHT="56" CONTENT="of" WC="0.82" CC="03"/>
						<SP ID="P57_SP00035" HPOS="1030" VPOS="1752" WIDTH="34"/>
						<String ID="P57_ST00044" HPOS="1064" VPOS="1694" WIDTH="325" HEIGHT="75" CONTENT="hip-joints" WC="1.00" CC="5000000000"/>
						<SP ID="P57_SP00036" HPOS="1389" VPOS="1769" WIDTH="32"/>
						<String ID="P57_ST00045" HPOS="1421" VPOS="1696" WIDTH="290" HEIGHT="58" CONTENT="forward." WC="0.99" CC="54300400"/>
					</TextLine>
					<TextLine ID="P57_TL00010" HPOS="788" VPOS="1789" WIDTH="989" HEIGHT="76">
						<String ID="P57_ST00046" HPOS="788" VPOS="1789" WIDTH="298" HEIGHT="76" CONTENT="Bending," WC="0.99" CC="50000340"/>
						<SP ID="P57_SP00037" HPOS="1086" VPOS="1865" WIDTH="35"/>
						<String ID="P57_ST00047" HPOS="1121" VPOS="1789" WIDTH="437" HEIGHT="75" CONTENT="leopard-lithe" WC="1.00" CC="3020020000020"/>
						<SP ID="P57_SP00038" HPOS="1558" VPOS="1865" WIDTH="34"/>
						<String ID="P57_ST00048" HPOS="1592" VPOS="1796" WIDTH="185" HEIGHT="63" CONTENT="torso," WC="0.99" CC="005000"/>
					</TextLine>
					<TextLine ID="P57_TL00011" HPOS="791" VPOS="1884" WIDTH="970" HEIGHT="74">
						<String ID="P57_ST00049" HPOS="791" VPOS="1884" WIDTH="188" HEIGHT="58" CONTENT="Clean" WC="0.98" CC="55003"/>
						<SP ID="P57_SP00039" HPOS="979" VPOS="1942" WIDTH="37"/>
						<String ID="P57_ST00050" HPOS="1016" VPOS="1886" WIDTH="383" HEIGHT="72" CONTENT="flesh-ripple" WC="1.00" CC="540040500020"/>
						<SP ID="P57_SP00040" HPOS="1399" VPOS="1958" WIDTH="36"/>
						<String ID="P57_ST00051" HPOS="1435" VPOS="1904" WIDTH="145" HEIGHT="39" CONTENT="over" WC="0.99" CC="0204"/>
						<SP ID="P57_SP00041" HPOS="1580" VPOS="1958" WIDTH="37"/>
						<String ID="P57_ST00052" HPOS="1617" VPOS="1886" WIDTH="144" HEIGHT="67" CONTENT="ribs," WC="1.00" CC="00100"/>
						<SP ID="P57_SP00042" HPOS="1761" VPOS="1958" WIDTH="0"/>
					</TextLine>
					<TextLine ID="P57_TL00012" HPOS="788" VPOS="1979" WIDTH="975" HEIGHT="76">
						<String ID="P57_ST00053" HPOS="788" VPOS="1980" WIDTH="133" HEIGHT="55" CONTENT="The" WC="1.00" CC="000"/>
						<SP ID="P57_SP00043" HPOS="921" VPOS="2035" WIDTH="38"/>
						<String ID="P57_ST00054" HPOS="959" VPOS="1979" WIDTH="255" HEIGHT="76" CONTENT="curving" WC="0.99" CC="0040210"/>
						<SP ID="P57_SP00044" HPOS="1214" VPOS="2055" WIDTH="38"/>
						<String ID="P57_ST00055" HPOS="1252" VPOS="1997" WIDTH="227" HEIGHT="58" CONTENT="prongs" WC="1.00" CC="040000"/>
						<SP ID="P57_SP00045" HPOS="1479" VPOS="2055" WIDTH="39"/>
						<String ID="P57_ST00056" HPOS="1518" VPOS="1982" WIDTH="66" HEIGHT="56" CONTENT="of" WC="0.72" CC="50"/>
						<SP ID="P57_SP00046" HPOS="1584" VPOS="2055" WIDTH="37"/>
						<String ID="P57_ST00057" HPOS="1621" VPOS="1980" WIDTH="142" HEIGHT="68" CONTENT="ribs," WC="0.98" CC="53400"/>
					</TextLine>
					<TextLine ID="P57_TL00013" HPOS="789" VPOS="2075" WIDTH="1160" HEIGHT="75">
						<String ID="P57_ST00058" HPOS="789" VPOS="2075" WIDTH="327" HEIGHT="75" CONTENT="Clutching" WC="0.99" CC="454003000"/>
						<SP ID="P57_SP00047" HPOS="1116" VPOS="2150" WIDTH="36"/>
						<String ID="P57_ST00059" HPOS="1152" VPOS="2079" WIDTH="105" HEIGHT="56" CONTENT="the" WC="1.00" CC="000"/>
						<SP ID="P57_SP00048" HPOS="1257" VPOS="2150" WIDTH="37"/>
						<String ID="P57_ST00060" HPOS="1294" VPOS="2077" WIDTH="180" HEIGHT="58" CONTENT="vitals" WC="0.99" CC="900040"/>
						<SP ID="P57_SP00049" HPOS="1474" VPOS="2150" WIDTH="35"/>
						<String ID="P57_ST00061" HPOS="1509" VPOS="2084" WIDTH="64" HEIGHT="51" CONTENT="to" WC="0.93" CC="01"/>
						<SP ID="P57_SP00050" HPOS="1573" VPOS="2150" WIDTH="38"/>
						<String ID="P57_ST00062" HPOS="1611" VPOS="2079" WIDTH="106" HEIGHT="56" CONTENT="the" WC="1.00" CC="000"/>
						<SP ID="P57_SP00051" HPOS="1717" VPOS="2150" WIDTH="39"/>
						<String ID="P57_ST00063" HPOS="1756" VPOS="2075" WIDTH="193" HEIGHT="75" CONTENT="spine." WC="1.00" CC="000200"/>
					</TextLine>
					<TextLine ID="P57_TL00014" HPOS="910" VPOS="2170" WIDTH="1105" HEIGHT="76">
						<String ID="P57_ST00064" HPOS="910" VPOS="2170" WIDTH="157" HEIGHT="75" CONTENT="Hips" WC="1.00" CC="0000"/>
						<SP ID="P57_SP00052" HPOS="1067" VPOS="2245" WIDTH="42"/>
						<String ID="P57_ST00065" HPOS="1109" VPOS="2172" WIDTH="256" HEIGHT="74" CONTENT="holding" WC="1.00" CC="0050000"/>
						<SP ID="P57_SP00053" HPOS="1365" VPOS="2246" WIDTH="37"/>
						<String ID="P57_ST00066" HPOS="1402" VPOS="2175" WIDTH="138" HEIGHT="54" CONTENT="that" WC="0.99" CC="0600"/>
						<SP ID="P57_SP00054" HPOS="1540" VPOS="2246" WIDTH="37"/>
						<String ID="P57_ST00067" HPOS="1577" VPOS="2179" WIDTH="208" HEIGHT="66" CONTENT="tawny" WC="1.00" CC="00000"/>
						<SP ID="P57_SP00055" HPOS="1785" VPOS="2246" WIDTH="39"/>
						<String ID="P57_ST00068" HPOS="1824" VPOS="2177" WIDTH="191" HEIGHT="51" CONTENT="torso:" WC="1.00" CC="022000"/>
					</TextLine>
					<TextLine ID="P57_TL00015" HPOS="908" VPOS="2267" WIDTH="945" HEIGHT="74">
						<String ID="P57_ST00069" HPOS="908" VPOS="2267" WIDTH="139" HEIGHT="56" CONTENT="Roll" WC="0.99" CC="5000"/>
						<SP ID="P57_SP00056" HPOS="1047" VPOS="2323" WIDTH="42"/>
						<String ID="P57_ST00070" HPOS="1089" VPOS="2267" WIDTH="68" HEIGHT="57" CONTENT="of" WC="0.97" CC="00"/>
						<SP ID="P57_SP00057" HPOS="1157" VPOS="2324" WIDTH="40"/>
						<String ID="P57_ST00071" HPOS="1197" VPOS="2267" WIDTH="326" HEIGHT="74" CONTENT="hip-joints" WC="1.00" CC="3000000000"/>
						<SP ID="P57_SP00058" HPOS="1523" VPOS="2341" WIDTH="40"/>
						<String ID="P57_ST00072" HPOS="1563" VPOS="2267" WIDTH="290" HEIGHT="56" CONTENT="forward." WC="0.99" CC="10460402"/>
					</TextLine>
					<TextLine ID="P57_TL00016" HPOS="789" VPOS="2370" WIDTH="1181" HEIGHT="69">
						<String ID="P57_ST00073" HPOS="789" VPOS="2372" WIDTH="334" HEIGHT="57" CONTENT="Shoulders" WC="1.00" CC="050100030"/>
						<SP ID="P57_SP00059" HPOS="1123" VPOS="2429" WIDTH="42"/>
						<String ID="P57_ST00074" HPOS="1165" VPOS="2377" WIDTH="90" HEIGHT="51" CONTENT="set" WC="0.99" CC="100"/>
						<SP ID="P57_SP00060" HPOS="1255" VPOS="2429" WIDTH="41"/>
						<String ID="P57_ST00075" HPOS="1296" VPOS="2370" WIDTH="66" HEIGHT="58" CONTENT="in" WC="1.00" CC="00"/>
						<SP ID="P57_SP00061" HPOS="1362" VPOS="2429" WIDTH="44"/>
						<String ID="P57_ST00076" HPOS="1406" VPOS="2389" WIDTH="37" HEIGHT="39" CONTENT="a" WC="1.00" CC="0"/>
						<SP ID="P57_SP00062" HPOS="1443" VPOS="2429" WIDTH="41"/>
						<String ID="P57_ST00077" HPOS="1484" VPOS="2372" WIDTH="486" HEIGHT="67" CONTENT="neck-shudder;" WC="1.00" CC="0000005000040"/>
					</TextLine>
					<TextLine ID="P57_TL00017" HPOS="789" VPOS="2465" WIDTH="1182" HEIGHT="76">
						<String ID="P57_ST00078" HPOS="789" VPOS="2466" WIDTH="185" HEIGHT="58" CONTENT="Drive" WC="0.99" CC="00080"/>
						<SP ID="P57_SP00063" HPOS="974" VPOS="2524" WIDTH="41"/>
						<String ID="P57_ST00079" HPOS="1015" VPOS="2466" WIDTH="69" HEIGHT="56" CONTENT="of" WC="1.00" CC="00"/>
						<SP ID="P57_SP00064" HPOS="1084" VPOS="2524" WIDTH="41"/>
						<String ID="P57_ST00080" HPOS="1125" VPOS="2465" WIDTH="150" HEIGHT="76" CONTENT="high" WC="0.99" CC="0050"/>
						<SP ID="P57_SP00065" HPOS="1275" VPOS="2541" WIDTH="43"/>
						<String ID="P57_ST00081" HPOS="1318" VPOS="2466" WIDTH="323" HEIGHT="56" CONTENT="shoulders" WC="1.00" CC="040020040"/>
						<SP ID="P57_SP00066" HPOS="1641" VPOS="2541" WIDTH="42"/>
						<String ID="P57_ST00082" HPOS="1683" VPOS="2466" WIDTH="288" HEIGHT="66" CONTENT="forward," WC="0.99" CC="21400700"/>
					</TextLine>
					<TextLine ID="P57_TL00018" HPOS="789" VPOS="2560" WIDTH="1277" HEIGHT="76">
						<String ID="P57_ST00083" HPOS="789" VPOS="2561" WIDTH="319" HEIGHT="75" CONTENT="Shivering" WC="1.00" CC="060004100"/>
						<SP ID="P57_SP00067" HPOS="1108" VPOS="2636" WIDTH="37"/>
						<String ID="P57_ST00084" HPOS="1145" VPOS="2560" WIDTH="193" HEIGHT="59" CONTENT="strain" WC="0.99" CC="004005"/>
						<SP ID="P57_SP00068" HPOS="1338" VPOS="2636" WIDTH="37"/>
						<String ID="P57_ST00085" HPOS="1375" VPOS="2561" WIDTH="68" HEIGHT="56" CONTENT="of" WC="0.79" CC="04"/>
						<SP ID="P57_SP00069" HPOS="1443" VPOS="2636" WIDTH="34"/>
						<String ID="P57_ST00086" HPOS="1477" VPOS="2563" WIDTH="105" HEIGHT="54" CONTENT="the" WC="0.98" CC="060"/>
						<SP ID="P57_SP00070" HPOS="1582" VPOS="2636" WIDTH="39"/>
						<String ID="P57_ST00087" HPOS="1621" VPOS="2560" WIDTH="445" HEIGHT="74" CONTENT="spine-chords," WC="1.00" CC="0000000000000"/>
					</TextLine>
					<TextLine ID="P57_TL00019" HPOS="788" VPOS="2654" WIDTH="1234" HEIGHT="70">
						<String ID="P57_ST00088" HPOS="788" VPOS="2656" WIDTH="200" HEIGHT="58" CONTENT="Shove" WC="1.00" CC="00200"/>
						<SP ID="P57_SP00071" HPOS="988" VPOS="2714" WIDTH="40"/>
						<String ID="P57_ST00089" HPOS="1028" VPOS="2658" WIDTH="125" HEIGHT="56" CONTENT="and" WC="1.00" CC="000"/>
						<SP ID="P57_SP00072" HPOS="1153" VPOS="2714" WIDTH="38"/>
						<String ID="P57_ST00090" HPOS="1191" VPOS="2654" WIDTH="154" HEIGHT="60" CONTENT="slide" WC="1.00" CC="01000"/>
						<SP ID="P57_SP00073" HPOS="1345" VPOS="2714" WIDTH="39"/>
						<String ID="P57_ST00091" HPOS="1384" VPOS="2656" WIDTH="67" HEIGHT="56" CONTENT="of" WC="0.95" CC="00"/>
						<SP ID="P57_SP00074" HPOS="1451" VPOS="2714" WIDTH="38"/>
						<String ID="P57_ST00092" HPOS="1489" VPOS="2658" WIDTH="106" HEIGHT="54" CONTENT="the" WC="0.98" CC="050"/>
						<SP ID="P57_SP00075" HPOS="1595" VPOS="2714" WIDTH="38"/>
						<String ID="P57_ST00093" HPOS="1633" VPOS="2658" WIDTH="389" HEIGHT="66" CONTENT="neck-curve," WC="1.00" CC="10001064000"/>
					</TextLine>
					<TextLine ID="P57_TL00020" HPOS="784" VPOS="2751" WIDTH="1218" HEIGHT="74">
						<String ID="P57_ST00094" HPOS="784" VPOS="2751" WIDTH="251" HEIGHT="74" CONTENT="Twinge" WC="0.99" CC="000080"/>
						<SP ID="P57_SP00076" HPOS="1035" VPOS="2825" WIDTH="35"/>
						<String ID="P57_ST00095" HPOS="1070" VPOS="2753" WIDTH="67" HEIGHT="56" CONTENT="of" WC="0.75" CC="40"/>
						<SP ID="P57_SP00077" HPOS="1137" VPOS="2825" WIDTH="32"/>
						<String ID="P57_ST00096" HPOS="1169" VPOS="2754" WIDTH="106" HEIGHT="55" CONTENT="the" WC="0.98" CC="040"/>
						<SP ID="P57_SP00078" HPOS="1275" VPOS="2825" WIDTH="36"/>
						<String ID="P57_ST00097" HPOS="1311" VPOS="2768" WIDTH="230" HEIGHT="56" CONTENT="copper" WC="1.00" CC="000005"/>
						<SP ID="P57_SP00079" HPOS="1541" VPOS="2825" WIDTH="34"/>
						<String ID="P57_ST00098" HPOS="1575" VPOS="2751" WIDTH="427" HEIGHT="73" CONTENT="throat-pulse," WC="1.00" CC="0050001005200"/>
					</TextLine>
					<TextLine ID="P57_TL00021" HPOS="908" VPOS="2844" WIDTH="1358" HEIGHT="75">
						<String ID="P57_ST00099" HPOS="908" VPOS="2846" WIDTH="185" HEIGHT="57" CONTENT="Drive" WC="0.99" CC="01200"/>
						<SP ID="P57_SP00080" HPOS="1093" VPOS="2903" WIDTH="45"/>
						<String ID="P57_ST00100" HPOS="1138" VPOS="2846" WIDTH="68" HEIGHT="56" CONTENT="of" WC="0.79" CC="21"/>
						<SP ID="P57_SP00081" HPOS="1206" VPOS="2903" WIDTH="39"/>
						<String ID="P57_ST00101" HPOS="1245" VPOS="2847" WIDTH="107" HEIGHT="55" CONTENT="the" WC="1.00" CC="000"/>
						<SP ID="P57_SP00082" HPOS="1352" VPOS="2903" WIDTH="44"/>
						<String ID="P57_ST00102" HPOS="1396" VPOS="2844" WIDTH="147" HEIGHT="75" CONTENT="high" WC="0.97" CC="5405"/>
						<SP ID="P57_SP00083" HPOS="1543" VPOS="2919" WIDTH="47"/>
						<String ID="P57_ST00103" HPOS="1590" VPOS="2844" WIDTH="320" HEIGHT="58" CONTENT="shoulders" WC="0.99" CC="055000300"/>
						<SP ID="P57_SP00084" HPOS="1910" VPOS="2919" WIDTH="44"/>
						<String ID="P57_ST00104" HPOS="1954" VPOS="2846" WIDTH="312" HEIGHT="56" CONTENT="forward.-" WC="0.99" CC="136003000"/>
					</TextLine>
					<TextLine ID="P57_TL00022" HPOS="784" VPOS="2968" WIDTH="1551" HEIGHT="74">
						<String ID="P57_ST00105" HPOS="784" VPOS="2969" WIDTH="234" HEIGHT="73" CONTENT="Plunge" WC="0.99" CC="014000"/>
						<SP ID="P57_SP00085" HPOS="1018" VPOS="3042" WIDTH="37"/>
						<String ID="P57_ST00106" HPOS="1055" VPOS="2969" WIDTH="70" HEIGHT="56" CONTENT="of" WC="0.77" CC="40"/>
						<SP ID="P57_SP00086" HPOS="1125" VPOS="3042" WIDTH="35"/>
						<String ID="P57_ST00107" HPOS="1160" VPOS="2971" WIDTH="105" HEIGHT="54" CONTENT="the" WC="0.98" CC="050"/>
						<SP ID="P57_SP00087" HPOS="1265" VPOS="3042" WIDTH="39"/>
						<String ID="P57_ST00108" HPOS="1304" VPOS="2969" WIDTH="164" HEIGHT="56" CONTENT="head" WC="0.99" CC="2100"/>
						<SP ID="P57_SP00088" HPOS="1468" VPOS="3042" WIDTH="39"/>
						<String ID="P57_ST00109" HPOS="1507" VPOS="2968" WIDTH="290" HEIGHT="67" CONTENT="forward," WC="1.00" CC="00000600"/>
						<SP ID="P57_SP00089" HPOS="1797" VPOS="3042" WIDTH="42"/>
						<String ID="P57_ST00110" HPOS="1839" VPOS="2968" WIDTH="161" HEIGHT="56" CONTENT="head" WC="1.00" CC="0000"/>
						<SP ID="P57_SP00090" HPOS="2000" VPOS="3042" WIDTH="39"/>
						<String ID="P57_ST00111" HPOS="2039" VPOS="2968" WIDTH="296" HEIGHT="64" CONTENT="forward;" WC="0.99" CC="20100605"/>
					</TextLine>
					<TextLine ID="P57_TL00023" HPOS="783" VPOS="3063" WIDTH="1317" HEIGHT="76">
						<String ID="P57_ST00112" HPOS="783" VPOS="3064" WIDTH="123" HEIGHT="58" CONTENT="Lift" WC="1.00" CC="1000"/>
						<SP ID="P57_SP00091" HPOS="906" VPOS="3122" WIDTH="39"/>
						<String ID="P57_ST00113" HPOS="945" VPOS="3066" WIDTH="125" HEIGHT="56" CONTENT="and" WC="1.00" CC="000"/>
						<SP ID="P57_SP00092" HPOS="1070" VPOS="3122" WIDTH="34"/>
						<String ID="P57_ST00114" HPOS="1104" VPOS="3066" WIDTH="187" HEIGHT="73" CONTENT="lunge" WC="1.00" CC="00000"/>
						<SP ID="P57_SP00093" HPOS="1291" VPOS="3139" WIDTH="37"/>
						<String ID="P57_ST00115" HPOS="1328" VPOS="3066" WIDTH="68" HEIGHT="56" CONTENT="of" WC="0.85" CC="01"/>
						<SP ID="P57_SP00094" HPOS="1396" VPOS="3139" WIDTH="33"/>
						<String ID="P57_ST00116" HPOS="1429" VPOS="3066" WIDTH="107" HEIGHT="56" CONTENT="the" WC="1.00" CC="000"/>
						<SP ID="P57_SP00095" HPOS="1536" VPOS="3139" WIDTH="37"/>
						<String ID="P57_ST00117" HPOS="1573" VPOS="3063" WIDTH="307" HEIGHT="76" CONTENT="battering" WC="1.00" CC="201004020"/>
						<SP ID="P57_SP00096" HPOS="1880" VPOS="3139" WIDTH="34"/>
						<String ID="P57_ST00118" HPOS="1914" VPOS="3064" WIDTH="186" HEIGHT="58" CONTENT="skull:" WC="1.00" CC="000050"/>
					</TextLine>
					<TextLine ID="P57_TL00024" HPOS="783" VPOS="3157" WIDTH="1310" HEIGHT="75">
						<String ID="P57_ST00119" HPOS="783" VPOS="3157" WIDTH="262" HEIGHT="60" CONTENT="Pointed" WC="1.00" CC="2302000"/>
						<SP ID="P57_SP00097" HPOS="1045" VPOS="3217" WIDTH="37"/>
						<String ID="P57_ST00120" HPOS="1082" VPOS="3176" WIDTH="207" HEIGHT="56" CONTENT="power" WC="0.99" CC="00700"/>
						<SP ID="P57_SP00098" HPOS="1289" VPOS="3232" WIDTH="39"/>
						<String ID="P57_ST00121" HPOS="1328" VPOS="3159" WIDTH="68" HEIGHT="56" CONTENT="of" WC="0.97" CC="00"/>
						<SP ID="P57_SP00099" HPOS="1396" VPOS="3232" WIDTH="37"/>
						<String ID="P57_ST00122" HPOS="1433" VPOS="3161" WIDTH="135" HEIGHT="54" CONTENT="that" WC="1.00" CC="0000"/>
						<SP ID="P57_SP00100" HPOS="1568" VPOS="3232" WIDTH="38"/>
						<String ID="P57_ST00123" HPOS="1606" VPOS="3157" WIDTH="271" HEIGHT="58" CONTENT="chiseled" WC="1.00" CC="05000000"/>
						<SP ID="P57_SP00101" HPOS="1877" VPOS="3232" WIDTH="37"/>
						<String ID="P57_ST00124" HPOS="1914" VPOS="3159" WIDTH="179" HEIGHT="66" CONTENT="beak," WC="0.99" CC="50000"/>
					</TextLine>
					<TextLine ID="P57_TL00025" HPOS="781" VPOS="3252" WIDTH="1361" HEIGHT="76">
						<String ID="P57_ST00125" HPOS="781" VPOS="3256" WIDTH="185" HEIGHT="55" CONTENT="Lewd" WC="1.00" CC="0000"/>
						<SP ID="P57_SP00102" HPOS="966" VPOS="3311" WIDTH="38"/>
						<String ID="P57_ST00126" HPOS="1004" VPOS="3252" WIDTH="397" HEIGHT="76" CONTENT="malignancy" WC="1.00" CC="0030060100"/>
						<SP ID="P57_SP00103" HPOS="1401" VPOS="3328" WIDTH="40"/>
						<String ID="P57_ST00127" HPOS="1441" VPOS="3254" WIDTH="68" HEIGHT="56" CONTENT="of" WC="0.82" CC="30"/>
						<SP ID="P57_SP00104" HPOS="1509" VPOS="3328" WIDTH="39"/>
						<String ID="P57_ST00128" HPOS="1548" VPOS="3254" WIDTH="439" HEIGHT="56" CONTENT="cheek-drawn" WC="1.00" CC="05000000000"/>
						<SP ID="P57_SP00105" HPOS="1987" VPOS="3328" WIDTH="37"/>
						<String ID="P57_ST00129" HPOS="2024" VPOS="3252" WIDTH="118" HEIGHT="73" CONTENT="lips" WC="1.00" CC="0000"/>
						<SP ID="P57_SP00106" HPOS="2142" VPOS="3328" WIDTH="0"/>
					</TextLine>
					<TextLine ID="P57_TL00026" HPOS="781" VPOS="3349" WIDTH="1471" HEIGHT="72">
						<String ID="P57_ST00130" HPOS="781" VPOS="3350" WIDTH="185" HEIGHT="56" CONTENT="Flesh" WC="0.99" CC="02007"/>
						<SP ID="P57_SP00107" HPOS="966" VPOS="3406" WIDTH="38"/>
						<String ID="P57_ST00131" HPOS="1004" VPOS="3349" WIDTH="278" HEIGHT="72" CONTENT="stripped" WC="1.00" CC="00300000"/>
						<SP ID="P57_SP00108" HPOS="1282" VPOS="3421" WIDTH="37"/>
						<String ID="P57_ST00132" HPOS="1319" VPOS="3349" WIDTH="163" HEIGHT="57" CONTENT="back" WC="1.00" CC="0000"/>
						<SP ID="P57_SP00109" HPOS="1482" VPOS="3421" WIDTH="41"/>
						<String ID="P57_ST00133" HPOS="1523" VPOS="3350" WIDTH="166" HEIGHT="55" CONTENT="from" WC="0.99" CC="0400"/>
						<SP ID="P57_SP00110" HPOS="1689" VPOS="3421" WIDTH="39"/>
						<String ID="P57_ST00134" HPOS="1728" VPOS="3350" WIDTH="106" HEIGHT="55" CONTENT="the" WC="0.98" CC="040"/>
						<SP ID="P57_SP00111" HPOS="1834" VPOS="3421" WIDTH="41"/>
						<String ID="P57_ST00135" HPOS="1875" VPOS="3349" WIDTH="377" HEIGHT="66" CONTENT="food-tusks;" WC="1.00" CC="30000000000"/>
					</TextLine>
					<TextLine ID="P57_TL00027" HPOS="901" VPOS="3444" WIDTH="1522" HEIGHT="76">
						<String ID="P57_ST00136" HPOS="901" VPOS="3447" WIDTH="236" HEIGHT="73" CONTENT="Plunge" WC="1.00" CC="010000"/>
						<SP ID="P57_SP00112" HPOS="1137" VPOS="3520" WIDTH="35"/>
						<String ID="P57_ST00137" HPOS="1172" VPOS="3447" WIDTH="68" HEIGHT="56" CONTENT="of" WC="1.00" CC="00"/>
						<SP ID="P57_SP00113" HPOS="1240" VPOS="3520" WIDTH="34"/>
						<String ID="P57_ST00138" HPOS="1274" VPOS="3449" WIDTH="106" HEIGHT="54" CONTENT="the" WC="0.99" CC="030"/>
						<SP ID="P57_SP00114" HPOS="1380" VPOS="3520" WIDTH="36"/>
						<String ID="P57_ST00139" HPOS="1416" VPOS="3447" WIDTH="164" HEIGHT="54" CONTENT="head" WC="1.00" CC="0000"/>
						<SP ID="P57_SP00115" HPOS="1580" VPOS="3520" WIDTH="32"/>
						<String ID="P57_ST00140" HPOS="1612" VPOS="3445" WIDTH="288" HEIGHT="66" CONTENT="forward," WC="1.00" CC="00300500"/>
						<SP ID="P57_SP00116" HPOS="1900" VPOS="3520" WIDTH="37"/>
						<String ID="P57_ST00141" HPOS="1937" VPOS="3445" WIDTH="163" HEIGHT="54" CONTENT="head" WC="0.99" CC="6000"/>
						<SP ID="P57_SP00117" HPOS="2100" VPOS="3520" WIDTH="37"/>
						<String ID="P57_ST00142" HPOS="2137" VPOS="3444" WIDTH="286" HEIGHT="55" CONTENT="forward." WC="0.99" CC="01108260"/>
					</TextLine>
					<TextLine ID="P57_TL00028" HPOS="779" VPOS="3565" WIDTH="1252" HEIGHT="77">
						<String ID="P57_ST00143" HPOS="779" VPOS="3571" WIDTH="171" HEIGHT="71" CONTENT="Loop" WC="1.00" CC="0000"/>
						<SP ID="P57_SP00118" HPOS="950" VPOS="3642" WIDTH="48"/>
						<String ID="P57_ST00144" HPOS="998" VPOS="3569" WIDTH="127" HEIGHT="56" CONTENT="and" WC="0.98" CC="050"/>
						<SP ID="P57_SP00119" HPOS="1125" VPOS="3642" WIDTH="44"/>
						<String ID="P57_ST00145" HPOS="1169" VPOS="3569" WIDTH="154" HEIGHT="56" CONTENT="knot" WC="1.00" CC="0010"/>
						<SP ID="P57_SP00120" HPOS="1323" VPOS="3642" WIDTH="44"/>
						<String ID="P57_ST00146" HPOS="1367" VPOS="3569" WIDTH="69" HEIGHT="56" CONTENT="of" WC="1.00" CC="00"/>
						<SP ID="P57_SP00121" HPOS="1436" VPOS="3642" WIDTH="41"/>
						<String ID="P57_ST00147" HPOS="1477" VPOS="3567" WIDTH="283" HEIGHT="56" CONTENT="battered" WC="1.00" CC="20000000"/>
						<SP ID="P57_SP00122" HPOS="1760" VPOS="3642" WIDTH="42"/>
						<String ID="P57_ST00148" HPOS="1802" VPOS="3565" WIDTH="229" HEIGHT="73" CONTENT="biceps," WC="1.00" CC="2000000"/>
					</TextLine>
					<TextLine ID="P57_TL00029" HPOS="779" VPOS="3660" WIDTH="1387" HEIGHT="78">
						<String ID="P57_ST00149" HPOS="779" VPOS="3664" WIDTH="192" HEIGHT="74" CONTENT="Angle" WC="0.99" CC="01020"/>
						<SP ID="P57_SP00123" HPOS="971" VPOS="3738" WIDTH="40"/>
						<String ID="P57_ST00150" HPOS="1011" VPOS="3664" WIDTH="68" HEIGHT="56" CONTENT="of" WC="0.83" CC="30"/>
						<SP ID="P57_SP00124" HPOS="1079" VPOS="3738" WIDTH="42"/>
						<String ID="P57_ST00151" HPOS="1121" VPOS="3681" WIDTH="165" HEIGHT="39" CONTENT="arms" WC="0.97" CC="9500"/>
						<SP ID="P57_SP00125" HPOS="1286" VPOS="3738" WIDTH="44"/>
						<String ID="P57_ST00152" HPOS="1330" VPOS="3662" WIDTH="287" HEIGHT="66" CONTENT="forward," WC="0.99" CC="00400700"/>
						<SP ID="P57_SP00126" HPOS="1617" VPOS="3738" WIDTH="48"/>
						<String ID="P57_ST00153" HPOS="1665" VPOS="3679" WIDTH="164" HEIGHT="39" CONTENT="arms" WC="0.98" CC="9000"/>
						<SP ID="P57_SP00127" HPOS="1829" VPOS="3738" WIDTH="44"/>
						<String ID="P57_ST00154" HPOS="1873" VPOS="3660" WIDTH="293" HEIGHT="56" CONTENT="forward:" WC="1.00" CC="00600300"/>
					</TextLine>
					<TextLine ID="P57_TL00030" HPOS="783" VPOS="3757" WIDTH="1073" HEIGHT="66">
						<String ID="P57_ST00155" HPOS="783" VPOS="3758" WIDTH="160" HEIGHT="56" CONTENT="Slide" WC="1.00" CC="00000"/>
						<SP ID="P57_SP00128" HPOS="943" VPOS="3814" WIDTH="41"/>
						<String ID="P57_ST00156" HPOS="984" VPOS="3758" WIDTH="66" HEIGHT="56" CONTENT="of" WC="0.83" CC="03"/>
						<SP ID="P57_SP00129" HPOS="1050" VPOS="3814" WIDTH="37"/>
						<String ID="P57_ST00157" HPOS="1087" VPOS="3760" WIDTH="105" HEIGHT="54" CONTENT="the" WC="0.98" CC="060"/>
						<SP ID="P57_SP00130" HPOS="1192" VPOS="3814" WIDTH="36"/>
						<String ID="P57_ST00158" HPOS="1228" VPOS="3757" WIDTH="198" HEIGHT="56" CONTENT="velvet" WC="1.00" CC="000000"/>
						<SP ID="P57_SP00131" HPOS="1426" VPOS="3814" WIDTH="39"/>
						<String ID="P57_ST00159" HPOS="1465" VPOS="3757" WIDTH="391" HEIGHT="66" CONTENT="flesh-cover;" WC="1.00" CC="260040000051"/>
					</TextLine>
					<TextLine ID="P57_TL00031" HPOS="781" VPOS="3850" WIDTH="1267" HEIGHT="76">
						<String ID="P57_ST00160" HPOS="781" VPOS="3850" WIDTH="140" HEIGHT="57" CONTENT="Stiff" WC="0.98" CC="00077"/>
						<SP ID="P57_SP00132" HPOS="921" VPOS="3907" WIDTH="39"/>
						<String ID="P57_ST00161" HPOS="960" VPOS="3852" WIDTH="226" HEIGHT="74" CONTENT="fingers" WC="0.99" CC="5750100"/>
						<SP ID="P57_SP00133" HPOS="1186" VPOS="3926" WIDTH="39"/>
						<String ID="P57_ST00162" HPOS="1225" VPOS="3852" WIDTH="240" HEIGHT="66" CONTENT="forked," WC="1.00" CC="2050000"/>
						<SP ID="P57_SP00134" HPOS="1465" VPOS="3926" WIDTH="44"/>
						<String ID="P57_ST00163" HPOS="1509" VPOS="3850" WIDTH="224" HEIGHT="74" CONTENT="fingers" WC="0.99" CC="0600060"/>
						<SP ID="P57_SP00135" HPOS="1733" VPOS="3926" WIDTH="42"/>
						<String ID="P57_ST00164" HPOS="1775" VPOS="3850" WIDTH="273" HEIGHT="64" CONTENT="hooked;" WC="0.99" CC="4020100"/>
					</TextLine>
					<TextLine ID="P57_TL00032" HPOS="778" VPOS="3946" WIDTH="938" HEIGHT="66">
						<String ID="P57_ST00165" HPOS="778" VPOS="3948" WIDTH="218" HEIGHT="56" CONTENT="Hands" WC="1.00" CC="40000"/>
						<SP ID="P57_SP00136" HPOS="996" VPOS="4004" WIDTH="41"/>
						<String ID="P57_ST00166" HPOS="1037" VPOS="3948" WIDTH="308" HEIGHT="56" CONTENT="hollowed" WC="0.99" CC="41041000"/>
						<SP ID="P57_SP00137" HPOS="1345" VPOS="4004" WIDTH="40"/>
						<String ID="P57_ST00167" HPOS="1385" VPOS="3952" WIDTH="65" HEIGHT="50" CONTENT="to" WC="1.00" CC="00"/>
						<SP ID="P57_SP00138" HPOS="1450" VPOS="4004" WIDTH="42"/>
						<String ID="P57_ST00168" HPOS="1492" VPOS="3946" WIDTH="224" HEIGHT="66" CONTENT="clutch," WC="1.00" CC="2000030"/>
					</TextLine>
					<TextLine ID="P57_TL00033" HPOS="776" VPOS="4041" WIDTH="945" HEIGHT="65">
						<String ID="P57_ST00169" HPOS="776" VPOS="4043" WIDTH="93" HEIGHT="56" CONTENT="To" WC="1.00" CC="00"/>
						<SP ID="P57_SP00139" HPOS="869" VPOS="4099" WIDTH="42"/>
						<String ID="P57_ST00170" HPOS="911" VPOS="4045" WIDTH="185" HEIGHT="54" CONTENT="crush" WC="0.99" CC="05000"/>
						<SP ID="P57_SP00140" HPOS="1096" VPOS="4099" WIDTH="41"/>
						<String ID="P57_ST00171" HPOS="1137" VPOS="4041" WIDTH="132" HEIGHT="56" CONTENT="into" WC="0.99" CC="0500"/>
						<SP ID="P57_SP00141" HPOS="1269" VPOS="4099" WIDTH="40"/>
						<String ID="P57_ST00172" HPOS="1309" VPOS="4041" WIDTH="412" HEIGHT="65" CONTENT="blood-mesh," WC="1.00" CC="15100000050"/>
					</TextLine>
					<TextLine ID="P57_TL00034" HPOS="778" VPOS="4136" WIDTH="804" HEIGHT="58">
						<String ID="P57_ST00173" HPOS="778" VPOS="4136" WIDTH="191" HEIGHT="58" CONTENT="Grind" WC="0.99" CC="05000"/>
						<SP ID="P57_SP00142" HPOS="969" VPOS="4194" WIDTH="35"/>
						<String ID="P57_ST00174" HPOS="1004" VPOS="4136" WIDTH="133" HEIGHT="58" CONTENT="into" WC="1.00" CC="0002"/>
						<SP ID="P57_SP00143" HPOS="1137" VPOS="4194" WIDTH="37"/>
						<String ID="P57_ST00175" HPOS="1174" VPOS="4136" WIDTH="408" HEIGHT="56" CONTENT="bone-smoke" WC="1.00" CC="4132000000"/>
						<SP ID="P57_SP00144" HPOS="1582" VPOS="4194" WIDTH="0"/>
					</TextLine>
					<TextLine ID="P57_TL00035" HPOS="898" VPOS="4226" WIDTH="1383" HEIGHT="78">
						<String ID="P57_ST00176" HPOS="898" VPOS="4231" WIDTH="191" HEIGHT="73" CONTENT="Angle" WC="0.98" CC="02710"/>
						<SP ID="P57_SP00145" HPOS="1089" VPOS="4304" WIDTH="42"/>
						<String ID="P57_ST00177" HPOS="1131" VPOS="4231" WIDTH="68" HEIGHT="56" CONTENT="of" WC="0.62" CC="16"/>
						<SP ID="P57_SP00146" HPOS="1199" VPOS="4304" WIDTH="43"/>
						<String ID="P57_ST00178" HPOS="1242" VPOS="4246" WIDTH="164" HEIGHT="41" CONTENT="arms" WC="0.99" CC="0600"/>
						<SP ID="P57_SP00147" HPOS="1406" VPOS="4304" WIDTH="44"/>
						<String ID="P57_ST00179" HPOS="1450" VPOS="4229" WIDTH="288" HEIGHT="66" CONTENT="forward," WC="0.99" CC="03607400"/>
						<SP ID="P57_SP00148" HPOS="1738" VPOS="4304" WIDTH="49"/>
						<String ID="P57_ST00180" HPOS="1787" VPOS="4244" WIDTH="164" HEIGHT="41" CONTENT="arms" WC="0.99" CC="0600"/>
						<SP ID="P57_SP00149" HPOS="1951" VPOS="4304" WIDTH="42"/>
						<String ID="P57_ST00181" HPOS="1993" VPOS="4226" WIDTH="288" HEIGHT="57" CONTENT="forward." WC="0.98" CC="31489200"/>
					</TextLine>
				</TextBlock>
			</PrintSpace>
		</Page>
	</Layout>
</alto>
