<?xml version="1.0" encoding="UTF-8"?>
<alto xmlns:xsi="http://www.w3.org/2001/XMLSchema-instance" xmlns="http://www.loc.gov/standards/alto/ns-v2#" xsi:schemaLocation="http://www.loc.gov/standards/alto/ns-v2# http://www.loc.gov/standards/alto/alto-v2.0.xsd" xmlns:xlink="http://www.w3.org/1999/xlink">
	<Description>
		<MeasurementUnit>mm10</MeasurementUnit>
		<sourceImageInformation>
			<fileName>//fileserver7/IN2/Princeton/Batch2/bmtnaap/1923/03_01/00000045.tif</fileName>
		</sourceImageInformation>
		<OCRProcessing ID="OCRPROCESSING_1">
			<preProcessingStep>
				<processingSoftware>
					<softwareCreator>CCS Content Conversion Specialists GmbH, Germany</softwareCreator>
					<softwareName>CCS docWORKS</softwareName>
					<softwareVersion>6.6-0.29</softwareVersion>
				</processingSoftware>
			</preProcessingStep>
			<ocrProcessingStep>
				<processingSoftware>
					<softwareCreator>ABBYY (BIT Software), Russia</softwareCreator>
					<softwareName>FineReader</softwareName>
					<softwareVersion>10.0</softwareVersion>
				</processingSoftware>
			</ocrProcessingStep>
		</OCRProcessing>
	</Description>
	<Styles>
		<TextStyle ID="TXT_0" FONTSIZE="10" FONTFAMILY="Times New Roman"/>
		<ParagraphStyle ID="PAR_RIGHT" ALIGN="Right"/>
		<ParagraphStyle ID="PAR_BLOCK" ALIGN="Block"/>
	</Styles>
	<Layout>
		<Page ID="P45" PHYSICAL_IMG_NR="45" HEIGHT="5730" WIDTH="3685" PRINTED_IMG_NR="255" PC="0.964">
			<TopMargin ID="P45_TM00001" HPOS="0" VPOS="0" WIDTH="3685" HEIGHT="6"/>
			<LeftMargin ID="P45_LM00001" HPOS="0" VPOS="6" WIDTH="5" HEIGHT="4305"/>
			<RightMargin ID="P45_RM00001" HPOS="3679" VPOS="6" WIDTH="6" HEIGHT="4305"/>
			<BottomMargin ID="P45_BM00001" HPOS="0" VPOS="4311" WIDTH="3685" HEIGHT="1419">
				<TextBlock ID="P45_TB00001" HPOS="2638" VPOS="4315" WIDTH="94" HEIGHT="44" STYLEREFS="TXT_0 PAR_RIGHT">
					<TextLine ID="P45_TL00001" HPOS="2638" VPOS="4315" WIDTH="94" HEIGHT="44">
						<String ID="P45_ST00001" HPOS="2638" VPOS="4315" WIDTH="94" HEIGHT="44" CONTENT="255" WC="1.00" CC="000"/>
					</TextLine>
				</TextBlock>
			</BottomMargin>
			<PrintSpace ID="P45_PS00001" HPOS="5" VPOS="6" WIDTH="3674" HEIGHT="4305">
				<TextBlock ID="P45_TB00002" HPOS="454" VPOS="941" WIDTH="2282" HEIGHT="3266" STYLEREFS="TXT_0 PAR_BLOCK">
					<TextLine ID="P45_TL00002" HPOS="458" VPOS="942" WIDTH="2278" HEIGHT="66">
						<String ID="P45_ST00002" HPOS="458" VPOS="943" WIDTH="156" HEIGHT="47" CONTENT="south" WC="0.98" CC="64410"/>
						<SP ID="P45_SP00001" HPOS="614" VPOS="990" WIDTH="40"/>
						<String ID="P45_ST00003" HPOS="654" VPOS="942" WIDTH="57" HEIGHT="48" CONTENT="of" WC="0.46" CC="55"/>
						<SP ID="P45_SP00002" HPOS="711" VPOS="990" WIDTH="42"/>
						<String ID="P45_ST00004" HPOS="753" VPOS="958" WIDTH="97" HEIGHT="33" CONTENT="our" WC="0.94" CC="554"/>
						<SP ID="P45_SP00003" HPOS="850" VPOS="991" WIDTH="42"/>
						<String ID="P45_ST00005" HPOS="892" VPOS="943" WIDTH="229" HEIGHT="60" CONTENT="position" WC="0.99" CC="55600001"/>
						<SP ID="P45_SP00004" HPOS="1121" VPOS="1003" WIDTH="43"/>
						<String ID="P45_ST00006" HPOS="1164" VPOS="945" WIDTH="105" HEIGHT="47" CONTENT="and" WC="0.98" CC="230"/>
						<SP ID="P45_SP00005" HPOS="1269" VPOS="1003" WIDTH="42"/>
						<String ID="P45_ST00007" HPOS="1311" VPOS="946" WIDTH="113" HEIGHT="48" CONTENT="that" WC="0.98" CC="0430"/>
						<SP ID="P45_SP00006" HPOS="1424" VPOS="1003" WIDTH="59"/>
						<String ID="P45_ST00008" HPOS="1483" VPOS="961" WIDTH="77" HEIGHT="33" CONTENT="we" WC="1.00" CC="00"/>
						<SP ID="P45_SP00007" HPOS="1560" VPOS="1003" WIDTH="60"/>
						<String ID="P45_ST00009" HPOS="1620" VPOS="961" WIDTH="136" HEIGHT="33" CONTENT="were" WC="0.98" CC="4140"/>
						<SP ID="P45_SP00008" HPOS="1756" VPOS="1003" WIDTH="58"/>
						<String ID="P45_ST00010" HPOS="1814" VPOS="947" WIDTH="212" HEIGHT="61" CONTENT="passing" WC="0.99" CC="2406005"/>
						<SP ID="P45_SP00009" HPOS="2026" VPOS="1008" WIDTH="58"/>
						<String ID="P45_ST00011" HPOS="2084" VPOS="949" WIDTH="228" HEIGHT="59" CONTENT="through" WC="0.99" CC="0544050"/>
						<SP ID="P45_SP00010" HPOS="2312" VPOS="1008" WIDTH="60"/>
						<String ID="P45_ST00012" HPOS="2372" VPOS="950" WIDTH="159" HEIGHT="48" CONTENT="them." WC="1.00" CC="00002"/>
						<SP ID="P45_SP00011" HPOS="2531" VPOS="1008" WIDTH="78"/>
						<String ID="P45_ST00013" HPOS="2609" VPOS="951" WIDTH="127" HEIGHT="47" CONTENT="This" WC="1.00" CC="0000"/>
					</TextLine>
					<TextLine ID="P45_TL00003" HPOS="459" VPOS="1023" WIDTH="2277" HEIGHT="67">
						<String ID="P45_ST00014" HPOS="459" VPOS="1023" WIDTH="20" HEIGHT="46" CONTENT="I" WC="1.00" CC="0"/>
						<SP ID="P45_SP00012" HPOS="479" VPOS="1069" WIDTH="34"/>
						<String ID="P45_ST00015" HPOS="513" VPOS="1024" WIDTH="277" HEIGHT="59" CONTENT="explained" WC="0.99" CC="237403000"/>
						<SP ID="P45_SP00013" HPOS="790" VPOS="1083" WIDTH="32"/>
						<String ID="P45_ST00016" HPOS="822" VPOS="1030" WIDTH="54" HEIGHT="43" CONTENT="to" WC="1.00" CC="00"/>
						<SP ID="P45_SP00014" HPOS="876" VPOS="1083" WIDTH="36"/>
						<String ID="P45_ST00017" HPOS="912" VPOS="1025" WIDTH="68" HEIGHT="48" CONTENT="all" WC="0.98" CC="005"/>
						<SP ID="P45_SP00015" HPOS="980" VPOS="1083" WIDTH="35"/>
						<String ID="P45_ST00018" HPOS="1015" VPOS="1025" WIDTH="183" HEIGHT="60" CONTENT="saying" WC="0.99" CC="000008"/>
						<SP ID="P45_SP00016" HPOS="1198" VPOS="1085" WIDTH="32"/>
						<String ID="P45_ST00019" HPOS="1230" VPOS="1027" WIDTH="115" HEIGHT="48" CONTENT="that" WC="1.00" CC="0000"/>
						<SP ID="P45_SP00017" HPOS="1345" VPOS="1085" WIDTH="33"/>
						<String ID="P45_ST00020" HPOS="1378" VPOS="1041" WIDTH="90" HEIGHT="46" CONTENT="my" WC="0.95" CC="00"/>
						<SP ID="P45_SP00018" HPOS="1468" VPOS="1087" WIDTH="34"/>
						<String ID="P45_ST00021" HPOS="1502" VPOS="1027" WIDTH="168" HEIGHT="49" CONTENT="desire" WC="1.00" CC="000004"/>
						<SP ID="P45_SP00019" HPOS="1670" VPOS="1087" WIDTH="33"/>
						<String ID="P45_ST00022" HPOS="1703" VPOS="1043" WIDTH="109" HEIGHT="34" CONTENT="was" WC="1.00" CC="000"/>
						<SP ID="P45_SP00020" HPOS="1812" VPOS="1087" WIDTH="33"/>
						<String ID="P45_ST00023" HPOS="1845" VPOS="1034" WIDTH="53" HEIGHT="43" CONTENT="to" WC="0.97" CC="00"/>
						<SP ID="P45_SP00021" HPOS="1898" VPOS="1087" WIDTH="34"/>
						<String ID="P45_ST00024" HPOS="1932" VPOS="1043" WIDTH="145" HEIGHT="46" CONTENT="press" WC="1.00" CC="00300"/>
						<SP ID="P45_SP00022" HPOS="2077" VPOS="1089" WIDTH="35"/>
						<String ID="P45_ST00025" HPOS="2112" VPOS="1045" WIDTH="70" HEIGHT="33" CONTENT="on" WC="0.90" CC="10"/>
						<SP ID="P45_SP00023" HPOS="2182" VPOS="1089" WIDTH="33"/>
						<String ID="P45_ST00026" HPOS="2215" VPOS="1036" WIDTH="53" HEIGHT="43" CONTENT="to" WC="1.00" CC="00"/>
						<SP ID="P45_SP00024" HPOS="2268" VPOS="1089" WIDTH="34"/>
						<String ID="P45_ST00027" HPOS="2302" VPOS="1032" WIDTH="89" HEIGHT="47" CONTENT="the" WC="1.00" CC="000"/>
						<SP ID="P45_SP00025" HPOS="2391" VPOS="1089" WIDTH="35"/>
						<String ID="P45_ST00028" HPOS="2426" VPOS="1032" WIDTH="188" HEIGHT="58" CONTENT="Indies," WC="0.99" CC="0050601"/>
						<SP ID="P45_SP00026" HPOS="2614" VPOS="1090" WIDTH="34"/>
						<String ID="P45_ST00029" HPOS="2648" VPOS="1033" WIDTH="88" HEIGHT="47" CONTENT="the" WC="0.98" CC="005"/>
					</TextLine>
					<TextLine ID="P45_TL00004" HPOS="458" VPOS="1106" WIDTH="2277" HEIGHT="60">
						<String ID="P45_ST00030" HPOS="458" VPOS="1106" WIDTH="229" HEIGHT="47" CONTENT="weather" WC="1.00" CC="0000015"/>
						<SP ID="P45_SP00027" HPOS="687" VPOS="1153" WIDTH="35"/>
						<String ID="P45_ST00031" HPOS="722" VPOS="1106" WIDTH="154" HEIGHT="60" CONTENT="being" WC="0.98" CC="62007"/>
						<SP ID="P45_SP00028" HPOS="876" VPOS="1166" WIDTH="37"/>
						<String ID="P45_ST00032" HPOS="913" VPOS="1107" WIDTH="120" HEIGHT="56" CONTENT="fine," WC="0.98" CC="07005"/>
						<SP ID="P45_SP00029" HPOS="1033" VPOS="1166" WIDTH="38"/>
						<String ID="P45_ST00033" HPOS="1071" VPOS="1123" WIDTH="57" HEIGHT="33" CONTENT="as" WC="1.00" CC="00"/>
						<SP ID="P45_SP00030" HPOS="1128" VPOS="1166" WIDTH="38"/>
						<String ID="P45_ST00034" HPOS="1166" VPOS="1109" WIDTH="129" HEIGHT="48" CONTENT="such" WC="0.99" CC="0600"/>
						<SP ID="P45_SP00031" HPOS="1295" VPOS="1166" WIDTH="37"/>
						<String ID="P45_ST00035" HPOS="1332" VPOS="1109" WIDTH="39" HEIGHT="48" CONTENT="it" WC="1.00" CC="00"/>
						<SP ID="P45_SP00032" HPOS="1371" VPOS="1166" WIDTH="37"/>
						<String ID="P45_ST00036" HPOS="1408" VPOS="1124" WIDTH="124" HEIGHT="42" CONTENT="was," WC="1.00" CC="0000"/>
						<SP ID="P45_SP00033" HPOS="1532" VPOS="1166" WIDTH="39"/>
						<String ID="P45_ST00037" HPOS="1571" VPOS="1111" WIDTH="105" HEIGHT="47" CONTENT="and" WC="1.00" CC="000"/>
						<SP ID="P45_SP00034" HPOS="1676" VPOS="1166" WIDTH="36"/>
						<String ID="P45_ST00038" HPOS="1712" VPOS="1112" WIDTH="114" HEIGHT="46" CONTENT="that" WC="0.98" CC="0080"/>
						<SP ID="P45_SP00035" HPOS="1826" VPOS="1166" WIDTH="36"/>
						<String ID="P45_ST00039" HPOS="1862" VPOS="1126" WIDTH="69" HEIGHT="32" CONTENT="on" WC="0.75" CC="31"/>
						<SP ID="P45_SP00036" HPOS="1931" VPOS="1166" WIDTH="36"/>
						<String ID="P45_ST00040" HPOS="1967" VPOS="1113" WIDTH="88" HEIGHT="47" CONTENT="the" WC="0.99" CC="001"/>
						<SP ID="P45_SP00037" HPOS="2055" VPOS="1166" WIDTH="37"/>
						<String ID="P45_ST00041" HPOS="2092" VPOS="1118" WIDTH="179" HEIGHT="43" CONTENT="return" WC="0.99" CC="610200"/>
						<SP ID="P45_SP00038" HPOS="2271" VPOS="1166" WIDTH="37"/>
						<String ID="P45_ST00042" HPOS="2308" VPOS="1130" WIDTH="79" HEIGHT="32" CONTENT="we" WC="1.00" CC="00"/>
						<SP ID="P45_SP00039" HPOS="2387" VPOS="1166" WIDTH="39"/>
						<String ID="P45_ST00043" HPOS="2426" VPOS="1115" WIDTH="188" HEIGHT="47" CONTENT="should" WC="1.00" CC="000050"/>
						<SP ID="P45_SP00040" HPOS="2614" VPOS="1166" WIDTH="38"/>
						<String ID="P45_ST00044" HPOS="2652" VPOS="1131" WIDTH="83" HEIGHT="32" CONTENT="see" WC="0.94" CC="655"/>
					</TextLine>
					<TextLine ID="P45_TL00005" HPOS="457" VPOS="1186" WIDTH="2278" HEIGHT="65">
						<String ID="P45_ST00045" HPOS="457" VPOS="1187" WIDTH="83" HEIGHT="46" CONTENT="all." WC="0.96" CC="6324"/>
						<SP ID="P45_SP00041" HPOS="540" VPOS="1233" WIDTH="64"/>
						<String ID="P45_ST00046" HPOS="604" VPOS="1186" WIDTH="136" HEIGHT="49" CONTENT="Here" WC="0.99" CC="2000"/>
						<SP ID="P45_SP00042" HPOS="740" VPOS="1235" WIDTH="24"/>
						<String ID="P45_ST00047" HPOS="764" VPOS="1189" WIDTH="89" HEIGHT="46" CONTENT="the" WC="1.00" CC="000"/>
						<SP ID="P45_SP00043" HPOS="853" VPOS="1235" WIDTH="27"/>
						<String ID="P45_ST00048" HPOS="880" VPOS="1188" WIDTH="155" HEIGHT="59" CONTENT="pilots" WC="1.00" CC="002000"/>
						<SP ID="P45_SP00044" HPOS="1035" VPOS="1247" WIDTH="28"/>
						<String ID="P45_ST00049" HPOS="1063" VPOS="1190" WIDTH="167" HEIGHT="47" CONTENT="found" WC="0.99" CC="40500"/>
						<SP ID="P45_SP00045" HPOS="1230" VPOS="1247" WIDTH="26"/>
						<String ID="P45_ST00050" HPOS="1256" VPOS="1190" WIDTH="137" HEIGHT="48" CONTENT="their" WC="0.99" CC="00006"/>
						<SP ID="P45_SP00046" HPOS="1393" VPOS="1247" WIDTH="26"/>
						<String ID="P45_ST00051" HPOS="1419" VPOS="1191" WIDTH="243" HEIGHT="60" CONTENT="position." WC="0.99" CC="050000404"/>
						<SP ID="P45_SP00047" HPOS="1662" VPOS="1251" WIDTH="63"/>
						<String ID="P45_ST00052" HPOS="1725" VPOS="1192" WIDTH="78" HEIGHT="48" CONTENT="He" WC="0.69" CC="41"/>
						<SP ID="P45_SP00048" HPOS="1803" VPOS="1251" WIDTH="28"/>
						<String ID="P45_ST00053" HPOS="1831" VPOS="1194" WIDTH="57" HEIGHT="47" CONTENT="of" WC="0.70" CC="50"/>
						<SP ID="P45_SP00049" HPOS="1888" VPOS="1251" WIDTH="25"/>
						<String ID="P45_ST00054" HPOS="1913" VPOS="1195" WIDTH="88" HEIGHT="46" CONTENT="the" WC="0.99" CC="002"/>
						<SP ID="P45_SP00050" HPOS="2001" VPOS="1251" WIDTH="28"/>
						<String ID="P45_ST00055" HPOS="2029" VPOS="1196" WIDTH="138" HEIGHT="48" CONTENT="Nina" WC="1.00" CC="0000"/>
						<SP ID="P45_SP00051" HPOS="2167" VPOS="1251" WIDTH="26"/>
						<String ID="P45_ST00056" HPOS="2193" VPOS="1196" WIDTH="153" HEIGHT="48" CONTENT="made" WC="0.98" CC="0900"/>
						<SP ID="P45_SP00052" HPOS="2346" VPOS="1251" WIDTH="27"/>
						<String ID="P45_ST00057" HPOS="2373" VPOS="1197" WIDTH="89" HEIGHT="48" CONTENT="the" WC="1.00" CC="000"/>
						<SP ID="P45_SP00053" HPOS="2462" VPOS="1251" WIDTH="28"/>
						<String ID="P45_ST00058" HPOS="2490" VPOS="1196" WIDTH="245" HEIGHT="49" CONTENT="Canaries" WC="0.98" CC="50195333"/>
					</TextLine>
					<TextLine ID="P45_TL00006" HPOS="455" VPOS="1267" WIDTH="2276" HEIGHT="72">
						<String ID="P45_ST00059" HPOS="455" VPOS="1267" WIDTH="121" HEIGHT="48" CONTENT="four" WC="0.99" CC="4000"/>
						<SP ID="P45_SP00054" HPOS="576" VPOS="1315" WIDTH="29"/>
						<String ID="P45_ST00060" HPOS="605" VPOS="1268" WIDTH="242" HEIGHT="49" CONTENT="hundred" WC="1.00" CC="0040020"/>
						<SP ID="P45_SP00055" HPOS="847" VPOS="1317" WIDTH="32"/>
						<String ID="P45_ST00061" HPOS="879" VPOS="1272" WIDTH="104" HEIGHT="46" CONTENT="and" WC="1.00" CC="000"/>
						<SP ID="P45_SP00056" HPOS="983" VPOS="1318" WIDTH="30"/>
						<String ID="P45_ST00062" HPOS="1013" VPOS="1269" WIDTH="140" HEIGHT="61" CONTENT="forty" WC="0.99" CC="00500"/>
						<SP ID="P45_SP00057" HPOS="1153" VPOS="1330" WIDTH="30"/>
						<String ID="P45_ST00063" HPOS="1183" VPOS="1271" WIDTH="207" HEIGHT="60" CONTENT="leagues" WC="0.99" CC="3008600"/>
						<SP ID="P45_SP00058" HPOS="1390" VPOS="1331" WIDTH="31"/>
						<String ID="P45_ST00064" HPOS="1421" VPOS="1273" WIDTH="211" HEIGHT="58" CONTENT="distant," WC="1.00" CC="02000200"/>
						<SP ID="P45_SP00059" HPOS="1632" VPOS="1331" WIDTH="32"/>
						<String ID="P45_ST00065" HPOS="1664" VPOS="1275" WIDTH="88" HEIGHT="48" CONTENT="the" WC="1.00" CC="000"/>
						<SP ID="P45_SP00060" HPOS="1752" VPOS="1331" WIDTH="29"/>
						<String ID="P45_ST00066" HPOS="1781" VPOS="1276" WIDTH="156" HEIGHT="48" CONTENT="Pinta" WC="0.90" CC="20002"/>
						<SP ID="P45_SP00061" HPOS="1937" VPOS="1331" WIDTH="30"/>
						<String ID="P45_ST00067" HPOS="1967" VPOS="1276" WIDTH="120" HEIGHT="48" CONTENT="four" WC="0.99" CC="0006"/>
						<SP ID="P45_SP00062" HPOS="2087" VPOS="1331" WIDTH="30"/>
						<String ID="P45_ST00068" HPOS="2117" VPOS="1278" WIDTH="242" HEIGHT="47" CONTENT="hundred" WC="0.99" CC="0500350"/>
						<SP ID="P45_SP00063" HPOS="2359" VPOS="1331" WIDTH="31"/>
						<String ID="P45_ST00069" HPOS="2390" VPOS="1280" WIDTH="104" HEIGHT="46" CONTENT="and" WC="0.99" CC="030"/>
						<SP ID="P45_SP00064" HPOS="2494" VPOS="1331" WIDTH="29"/>
						<String ID="P45_ST00070" HPOS="2523" VPOS="1284" WIDTH="208" HEIGHT="55" CONTENT="twenty." WC="1.00" CC="0040003"/>
					</TextLine>
					<TextLine ID="P45_TL00007" HPOS="458" VPOS="1350" WIDTH="2276" HEIGHT="71">
						<String ID="P45_ST00071" HPOS="458" VPOS="1350" WIDTH="100" HEIGHT="48" CONTENT="But" WC="0.99" CC="020"/>
						<SP ID="P45_SP00065" HPOS="558" VPOS="1398" WIDTH="38"/>
						<String ID="P45_ST00072" HPOS="596" VPOS="1350" WIDTH="66" HEIGHT="49" CONTENT="he" WC="1.00" CC="00"/>
						<SP ID="P45_SP00066" HPOS="662" VPOS="1399" WIDTH="39"/>
						<String ID="P45_ST00073" HPOS="701" VPOS="1351" WIDTH="56" HEIGHT="48" CONTENT="of" WC="0.90" CC="01"/>
						<SP ID="P45_SP00067" HPOS="757" VPOS="1399" WIDTH="37"/>
						<String ID="P45_ST00074" HPOS="794" VPOS="1367" WIDTH="90" HEIGHT="44" CONTENT="my" WC="1.00" CC="00"/>
						<SP ID="P45_SP00068" HPOS="884" VPOS="1411" WIDTH="40"/>
						<String ID="P45_ST00075" HPOS="924" VPOS="1367" WIDTH="121" HEIGHT="33" CONTENT="own" WC="0.96" CC="506"/>
						<SP ID="P45_SP00069" HPOS="1045" VPOS="1411" WIDTH="38"/>
						<String ID="P45_ST00076" HPOS="1083" VPOS="1354" WIDTH="117" HEIGHT="59" CONTENT="ship" WC="1.00" CC="0000"/>
						<SP ID="P45_SP00070" HPOS="1200" VPOS="1413" WIDTH="40"/>
						<String ID="P45_ST00077" HPOS="1240" VPOS="1355" WIDTH="154" HEIGHT="47" CONTENT="made" WC="1.00" CC="0000"/>
						<SP ID="P45_SP00071" HPOS="1394" VPOS="1413" WIDTH="38"/>
						<String ID="P45_ST00078" HPOS="1432" VPOS="1356" WIDTH="89" HEIGHT="47" CONTENT="the" WC="1.00" CC="000"/>
						<SP ID="P45_SP00072" HPOS="1521" VPOS="1413" WIDTH="38"/>
						<String ID="P45_ST00079" HPOS="1559" VPOS="1356" WIDTH="233" HEIGHT="49" CONTENT="distance" WC="1.00" CC="00100300"/>
						<SP ID="P45_SP00073" HPOS="1792" VPOS="1413" WIDTH="40"/>
						<String ID="P45_ST00080" HPOS="1832" VPOS="1360" WIDTH="202" HEIGHT="58" CONTENT="exactly" WC="0.99" CC="0004030"/>
						<SP ID="P45_SP00074" HPOS="2034" VPOS="1418" WIDTH="40"/>
						<String ID="P45_ST00081" HPOS="2074" VPOS="1358" WIDTH="120" HEIGHT="48" CONTENT="four" WC="0.99" CC="0005"/>
						<SP ID="P45_SP00075" HPOS="2194" VPOS="1418" WIDTH="38"/>
						<String ID="P45_ST00082" HPOS="2232" VPOS="1361" WIDTH="242" HEIGHT="47" CONTENT="hundred" WC="1.00" CC="0010000"/>
						<SP ID="P45_SP00076" HPOS="2474" VPOS="1418" WIDTH="38"/>
						<String ID="P45_ST00083" HPOS="2512" VPOS="1361" WIDTH="222" HEIGHT="60" CONTENT="leagues," WC="0.99" CC="40066523"/>
					</TextLine>
					<TextLine ID="P45_TL00008" HPOS="460" VPOS="1432" WIDTH="1034" HEIGHT="61">
						<String ID="P45_ST00084" HPOS="460" VPOS="1432" WIDTH="172" HEIGHT="48" CONTENT="which" WC="1.00" CC="00010"/>
						<SP ID="P45_SP00077" HPOS="632" VPOS="1480" WIDTH="43"/>
						<String ID="P45_ST00085" HPOS="675" VPOS="1433" WIDTH="21" HEIGHT="46" CONTENT="I" WC="1.00" CC="0"/>
						<SP ID="P45_SP00078" HPOS="696" VPOS="1480" WIDTH="40"/>
						<String ID="P45_ST00086" HPOS="736" VPOS="1444" WIDTH="128" HEIGHT="49" CONTENT="gave" WC="0.98" CC="7030"/>
						<SP ID="P45_SP00079" HPOS="864" VPOS="1493" WIDTH="41"/>
						<String ID="P45_ST00087" HPOS="905" VPOS="1439" WIDTH="91" HEIGHT="43" CONTENT="out" WC="0.96" CC="640"/>
						<SP ID="P45_SP00080" HPOS="996" VPOS="1493" WIDTH="40"/>
						<String ID="P45_ST00088" HPOS="1036" VPOS="1440" WIDTH="54" HEIGHT="43" CONTENT="to" WC="0.80" CC="03"/>
						<SP ID="P45_SP00081" HPOS="1090" VPOS="1493" WIDTH="41"/>
						<String ID="P45_ST00089" HPOS="1131" VPOS="1436" WIDTH="64" HEIGHT="47" CONTENT="be" WC="0.79" CC="40"/>
						<SP ID="P45_SP00082" HPOS="1195" VPOS="1493" WIDTH="40"/>
						<String ID="P45_ST00090" HPOS="1235" VPOS="1437" WIDTH="89" HEIGHT="46" CONTENT="the" WC="0.96" CC="073"/>
						<SP ID="P45_SP00083" HPOS="1324" VPOS="1493" WIDTH="41"/>
						<String ID="P45_ST00091" HPOS="1365" VPOS="1442" WIDTH="129" HEIGHT="43" CONTENT="true." WC="0.98" CC="02702"/>
					</TextLine>
					<TextLine ID="P45_TL00009" HPOS="625" VPOS="1566" WIDTH="2110" HEIGHT="65">
						<String ID="P45_ST00092" HPOS="625" VPOS="1566" WIDTH="295" HEIGHT="61" CONTENT="Thursday," WC="1.00" CC="045200001"/>
						<SP ID="P45_SP00084" HPOS="920" VPOS="1627" WIDTH="37"/>
						<String ID="P45_ST00093" HPOS="957" VPOS="1568" WIDTH="271" HEIGHT="49" CONTENT="twentieth" WC="1.00" CC="000004203"/>
						<SP ID="P45_SP00085" HPOS="1228" VPOS="1627" WIDTH="38"/>
						<String ID="P45_ST00094" HPOS="1266" VPOS="1570" WIDTH="56" HEIGHT="46" CONTENT="of" WC="0.68" CC="05"/>
						<SP ID="P45_SP00086" HPOS="1322" VPOS="1627" WIDTH="38"/>
						<String ID="P45_ST00095" HPOS="1360" VPOS="1571" WIDTH="318" HEIGHT="58" CONTENT="September," WC="1.00" CC="1200005003"/>
						<SP ID="P45_SP00087" HPOS="1678" VPOS="1629" WIDTH="37"/>
						<String ID="P45_ST00096" HPOS="1715" VPOS="1571" WIDTH="88" HEIGHT="47" CONTENT="the" WC="0.97" CC="053"/>
						<SP ID="P45_SP00088" HPOS="1803" VPOS="1629" WIDTH="37"/>
						<String ID="P45_ST00097" HPOS="1840" VPOS="1585" WIDTH="184" HEIGHT="33" CONTENT="course" WC="0.99" CC="500400"/>
						<SP ID="P45_SP00089" HPOS="2024" VPOS="1629" WIDTH="38"/>
						<String ID="P45_ST00098" HPOS="2062" VPOS="1586" WIDTH="107" HEIGHT="33" CONTENT="was" WC="0.97" CC="080"/>
						<SP ID="P45_SP00090" HPOS="2169" VPOS="1629" WIDTH="37"/>
						<String ID="P45_ST00099" HPOS="2206" VPOS="1572" WIDTH="83" HEIGHT="45" CONTENT="W." WC="0.92" CC="10"/>
						<SP ID="P45_SP00091" HPOS="2289" VPOS="1629" WIDTH="39"/>
						<String ID="P45_ST00100" HPOS="2328" VPOS="1572" WIDTH="70" HEIGHT="59" CONTENT="by" WC="0.68" CC="60"/>
						<SP ID="P45_SP00092" HPOS="2398" VPOS="1631" WIDTH="39"/>
						<String ID="P45_ST00101" HPOS="2437" VPOS="1572" WIDTH="60" HEIGHT="46" CONTENT="N." WC="0.98" CC="00"/>
						<SP ID="P45_SP00093" HPOS="2497" VPOS="1631" WIDTH="40"/>
						<String ID="P45_ST00102" HPOS="2537" VPOS="1572" WIDTH="104" HEIGHT="47" CONTENT="and" WC="1.00" CC="000"/>
						<SP ID="P45_SP00094" HPOS="2641" VPOS="1631" WIDTH="38"/>
						<String ID="P45_ST00103" HPOS="2679" VPOS="1587" WIDTH="56" HEIGHT="32" CONTENT="as" WC="1.00" CC="00"/>
					</TextLine>
					<TextLine ID="P45_TL00010" HPOS="457" VPOS="1647" WIDTH="2279" HEIGHT="65">
						<String ID="P45_ST00104" HPOS="457" VPOS="1647" WIDTH="93" HEIGHT="48" CONTENT="her" WC="0.96" CC="604"/>
						<SP ID="P45_SP00095" HPOS="550" VPOS="1695" WIDTH="31"/>
						<String ID="P45_ST00105" HPOS="581" VPOS="1648" WIDTH="137" HEIGHT="48" CONTENT="head" WC="0.98" CC="5200"/>
						<SP ID="P45_SP00096" HPOS="718" VPOS="1696" WIDTH="31"/>
						<String ID="P45_ST00106" HPOS="749" VPOS="1664" WIDTH="109" HEIGHT="34" CONTENT="was" WC="1.00" CC="000"/>
						<SP ID="P45_SP00097" HPOS="858" VPOS="1698" WIDTH="34"/>
						<String ID="P45_ST00107" HPOS="892" VPOS="1650" WIDTH="69" HEIGHT="47" CONTENT="all" WC="0.96" CC="054"/>
						<SP ID="P45_SP00098" HPOS="961" VPOS="1698" WIDTH="30"/>
						<String ID="P45_ST00108" HPOS="991" VPOS="1651" WIDTH="172" HEIGHT="47" CONTENT="round" WC="0.98" CC="52600"/>
						<SP ID="P45_SP00099" HPOS="1163" VPOS="1698" WIDTH="32"/>
						<String ID="P45_ST00109" HPOS="1195" VPOS="1653" WIDTH="89" HEIGHT="46" CONTENT="the" WC="0.97" CC="060"/>
						<SP ID="P45_SP00100" HPOS="1284" VPOS="1699" WIDTH="32"/>
						<String ID="P45_ST00110" HPOS="1316" VPOS="1665" WIDTH="260" HEIGHT="46" CONTENT="compass," WC="1.00" CC="20000000"/>
						<SP ID="P45_SP00101" HPOS="1576" VPOS="1711" WIDTH="34"/>
						<String ID="P45_ST00111" HPOS="1610" VPOS="1651" WIDTH="173" HEIGHT="61" CONTENT="owing" WC="0.99" CC="30060"/>
						<SP ID="P45_SP00102" HPOS="1783" VPOS="1712" WIDTH="31"/>
						<String ID="P45_ST00112" HPOS="1814" VPOS="1658" WIDTH="53" HEIGHT="42" CONTENT="to" WC="1.00" CC="00"/>
						<SP ID="P45_SP00103" HPOS="1867" VPOS="1712" WIDTH="34"/>
						<String ID="P45_ST00113" HPOS="1901" VPOS="1653" WIDTH="88" HEIGHT="47" CONTENT="the" WC="0.97" CC="062"/>
						<SP ID="P45_SP00104" HPOS="1989" VPOS="1712" WIDTH="32"/>
						<String ID="P45_ST00114" HPOS="2021" VPOS="1654" WIDTH="136" HEIGHT="46" CONTENT="calm" WC="0.98" CC="4050"/>
						<SP ID="P45_SP00105" HPOS="2157" VPOS="1712" WIDTH="34"/>
						<String ID="P45_ST00115" HPOS="2191" VPOS="1654" WIDTH="114" HEIGHT="47" CONTENT="that" WC="0.99" CC="0600"/>
						<SP ID="P45_SP00106" HPOS="2305" VPOS="1712" WIDTH="31"/>
						<String ID="P45_ST00116" HPOS="2336" VPOS="1653" WIDTH="279" HEIGHT="59" CONTENT="prevailed," WC="1.00" CC="0020003002"/>
						<SP ID="P45_SP00107" HPOS="2615" VPOS="1712" WIDTH="33"/>
						<String ID="P45_ST00117" HPOS="2648" VPOS="1654" WIDTH="88" HEIGHT="47" CONTENT="the" WC="0.96" CC="064"/>
					</TextLine>
					<TextLine ID="P45_TL00011" HPOS="456" VPOS="1728" WIDTH="2278" HEIGHT="66">
						<String ID="P45_ST00118" HPOS="456" VPOS="1728" WIDTH="118" HEIGHT="61" CONTENT="ship" WC="0.99" CC="0500"/>
						<SP ID="P45_SP00108" HPOS="574" VPOS="1789" WIDTH="35"/>
						<String ID="P45_ST00119" HPOS="609" VPOS="1730" WIDTH="155" HEIGHT="49" CONTENT="made" WC="1.00" CC="0000"/>
						<SP ID="P45_SP00109" HPOS="764" VPOS="1789" WIDTH="33"/>
						<String ID="P45_ST00120" HPOS="797" VPOS="1731" WIDTH="125" HEIGHT="60" CONTENT="only" WC="0.99" CC="0040"/>
						<SP ID="P45_SP00110" HPOS="922" VPOS="1791" WIDTH="36"/>
						<String ID="P45_ST00121" HPOS="958" VPOS="1734" WIDTH="26" HEIGHT="45" CONTENT="7" WC="0.64" CC="3"/>
						<SP ID="P45_SP00111" HPOS="984" VPOS="1791" WIDTH="37"/>
						<String ID="P45_ST00122" HPOS="1021" VPOS="1748" WIDTH="59" HEIGHT="32" CONTENT="or" WC="0.70" CC="05"/>
						<SP ID="P45_SP00112" HPOS="1080" VPOS="1791" WIDTH="32"/>
						<String ID="P45_ST00123" HPOS="1112" VPOS="1735" WIDTH="31" HEIGHT="46" CONTENT="8" WC="0.49" CC="5"/>
						<SP ID="P45_SP00113" HPOS="1143" VPOS="1791" WIDTH="35"/>
						<String ID="P45_ST00124" HPOS="1178" VPOS="1733" WIDTH="222" HEIGHT="59" CONTENT="leagues." WC="0.98" CC="30887003"/>
						<SP ID="P45_SP00114" HPOS="1400" VPOS="1792" WIDTH="70"/>
						<String ID="P45_ST00125" HPOS="1470" VPOS="1734" WIDTH="127" HEIGHT="48" CONTENT="Two" WC="1.00" CC="000"/>
						<SP ID="P45_SP00115" HPOS="1597" VPOS="1792" WIDTH="34"/>
						<String ID="P45_ST00126" HPOS="1631" VPOS="1734" WIDTH="215" HEIGHT="48" CONTENT="boobies" WC="1.00" CC="4002000"/>
						<SP ID="P45_SP00116" HPOS="1846" VPOS="1792" WIDTH="34"/>
						<String ID="P45_ST00127" HPOS="1880" VPOS="1748" WIDTH="149" HEIGHT="34" CONTENT="came" WC="1.00" CC="2000"/>
						<SP ID="P45_SP00117" HPOS="2029" VPOS="1792" WIDTH="33"/>
						<String ID="P45_ST00128" HPOS="2062" VPOS="1740" WIDTH="52" HEIGHT="42" CONTENT="to" WC="1.00" CC="00"/>
						<SP ID="P45_SP00118" HPOS="2114" VPOS="1792" WIDTH="35"/>
						<String ID="P45_ST00129" HPOS="2149" VPOS="1736" WIDTH="89" HEIGHT="47" CONTENT="the" WC="0.97" CC="053"/>
						<SP ID="P45_SP00119" HPOS="2238" VPOS="1792" WIDTH="33"/>
						<String ID="P45_ST00130" HPOS="2271" VPOS="1735" WIDTH="134" HEIGHT="59" CONTENT="ship," WC="0.99" CC="05000"/>
						<SP ID="P45_SP00120" HPOS="2405" VPOS="1794" WIDTH="36"/>
						<String ID="P45_ST00131" HPOS="2441" VPOS="1737" WIDTH="105" HEIGHT="46" CONTENT="and" WC="0.98" CC="040"/>
						<SP ID="P45_SP00121" HPOS="2546" VPOS="1794" WIDTH="35"/>
						<String ID="P45_ST00132" HPOS="2581" VPOS="1735" WIDTH="128" HEIGHT="48" CONTENT="after" SUBS_TYPE="HypPart1" SUBS_CONTENT="afterwards" WC="0.99" CC="00006"/>
						<HYP HPOS="2709" VPOS="1735" WIDTH="25" CONTENT="-"/>
					</TextLine>
					<TextLine ID="P45_TL00012" HPOS="457" VPOS="1812" WIDTH="2279" HEIGHT="66">
						<String ID="P45_ST00133" HPOS="457" VPOS="1812" WIDTH="173" HEIGHT="47" CONTENT="wards" SUBS_TYPE="HypPart2" SUBS_CONTENT="afterwards" WC="0.99" CC="00400"/>
						<SP ID="P45_SP00122" HPOS="630" VPOS="1859" WIDTH="39"/>
						<String ID="P45_ST00134" HPOS="669" VPOS="1813" WIDTH="236" HEIGHT="56" CONTENT="another," WC="0.99" CC="00006151"/>
						<SP ID="P45_SP00123" HPOS="905" VPOS="1869" WIDTH="41"/>
						<String ID="P45_ST00135" HPOS="946" VPOS="1828" WIDTH="29" HEIGHT="33" CONTENT="a" WC="1.00" CC="0"/>
						<SP ID="P45_SP00124" HPOS="975" VPOS="1869" WIDTH="38"/>
						<String ID="P45_ST00136" HPOS="1013" VPOS="1814" WIDTH="115" HEIGHT="60" CONTENT="sign" WC="1.00" CC="0000"/>
						<SP ID="P45_SP00125" HPOS="1128" VPOS="1874" WIDTH="38"/>
						<String ID="P45_ST00137" HPOS="1166" VPOS="1814" WIDTH="56" HEIGHT="49" CONTENT="of" WC="0.83" CC="30"/>
						<SP ID="P45_SP00126" HPOS="1222" VPOS="1874" WIDTH="37"/>
						<String ID="P45_ST00138" HPOS="1259" VPOS="1816" WIDTH="88" HEIGHT="48" CONTENT="the" WC="0.98" CC="050"/>
						<SP ID="P45_SP00127" HPOS="1347" VPOS="1874" WIDTH="39"/>
						<String ID="P45_ST00139" HPOS="1386" VPOS="1816" WIDTH="285" HEIGHT="60" CONTENT="proximity" WC="1.00" CC="070000000"/>
						<SP ID="P45_SP00128" HPOS="1671" VPOS="1876" WIDTH="36"/>
						<String ID="P45_ST00140" HPOS="1707" VPOS="1816" WIDTH="58" HEIGHT="48" CONTENT="of" WC="0.72" CC="50"/>
						<SP ID="P45_SP00129" HPOS="1765" VPOS="1876" WIDTH="35"/>
						<String ID="P45_ST00141" HPOS="1800" VPOS="1817" WIDTH="140" HEIGHT="47" CONTENT="land." WC="0.99" CC="40401"/>
						<SP ID="P45_SP00130" HPOS="1940" VPOS="1876" WIDTH="77"/>
						<String ID="P45_ST00142" HPOS="2017" VPOS="1817" WIDTH="111" HEIGHT="47" CONTENT="One" WC="0.99" CC="020"/>
						<SP ID="P45_SP00131" HPOS="2128" VPOS="1876" WIDTH="39"/>
						<String ID="P45_ST00143" HPOS="2167" VPOS="1817" WIDTH="55" HEIGHT="47" CONTENT="of" WC="0.92" CC="01"/>
						<SP ID="P45_SP00132" HPOS="2222" VPOS="1876" WIDTH="37"/>
						<String ID="P45_ST00144" HPOS="2259" VPOS="1818" WIDTH="89" HEIGHT="47" CONTENT="the" WC="0.97" CC="060"/>
						<SP ID="P45_SP00133" HPOS="2348" VPOS="1876" WIDTH="37"/>
						<String ID="P45_ST00145" HPOS="2385" VPOS="1832" WIDTH="123" HEIGHT="33" CONTENT="men" WC="0.99" CC="010"/>
						<SP ID="P45_SP00134" HPOS="2508" VPOS="1876" WIDTH="36"/>
						<String ID="P45_ST00146" HPOS="2544" VPOS="1818" WIDTH="192" HEIGHT="60" CONTENT="caught" WC="0.98" CC="390070"/>
					</TextLine>
					<TextLine ID="P45_TL00013" HPOS="458" VPOS="1892" WIDTH="2277" HEIGHT="65">
						<String ID="P45_ST00147" HPOS="458" VPOS="1908" WIDTH="30" HEIGHT="31" CONTENT="a" WC="1.00" CC="0"/>
						<SP ID="P45_SP00135" HPOS="488" VPOS="1939" WIDTH="33"/>
						<String ID="P45_ST00148" HPOS="521" VPOS="1892" WIDTH="118" HEIGHT="48" CONTENT="bird" WC="0.98" CC="7020"/>
						<SP ID="P45_SP00136" HPOS="639" VPOS="1940" WIDTH="37"/>
						<String ID="P45_ST00149" HPOS="676" VPOS="1893" WIDTH="127" HEIGHT="49" CONTENT="with" WC="0.99" CC="0006"/>
						<SP ID="P45_SP00137" HPOS="803" VPOS="1942" WIDTH="35"/>
						<String ID="P45_ST00150" HPOS="838" VPOS="1895" WIDTH="89" HEIGHT="47" CONTENT="the" WC="0.98" CC="060"/>
						<SP ID="P45_SP00138" HPOS="927" VPOS="1942" WIDTH="35"/>
						<String ID="P45_ST00151" HPOS="962" VPOS="1896" WIDTH="159" HEIGHT="56" CONTENT="hand," WC="0.99" CC="53000"/>
						<SP ID="P45_SP00139" HPOS="1121" VPOS="1952" WIDTH="36"/>
						<String ID="P45_ST00152" HPOS="1157" VPOS="1897" WIDTH="175" HEIGHT="48" CONTENT="which" WC="0.99" CC="03006"/>
						<SP ID="P45_SP00140" HPOS="1332" VPOS="1952" WIDTH="37"/>
						<String ID="P45_ST00153" HPOS="1369" VPOS="1913" WIDTH="107" HEIGHT="33" CONTENT="was" WC="1.00" CC="000"/>
						<SP ID="P45_SP00141" HPOS="1476" VPOS="1952" WIDTH="35"/>
						<String ID="P45_ST00154" HPOS="1511" VPOS="1898" WIDTH="105" HEIGHT="48" CONTENT="like" WC="0.99" CC="3001"/>
						<SP ID="P45_SP00142" HPOS="1616" VPOS="1952" WIDTH="37"/>
						<String ID="P45_ST00155" HPOS="1653" VPOS="1914" WIDTH="30" HEIGHT="32" CONTENT="a" WC="1.00" CC="0"/>
						<SP ID="P45_SP00143" HPOS="1683" VPOS="1952" WIDTH="33"/>
						<String ID="P45_ST00156" HPOS="1716" VPOS="1904" WIDTH="130" HEIGHT="43" CONTENT="tern." WC="0.99" CC="04500"/>
						<SP ID="P45_SP00144" HPOS="1846" VPOS="1952" WIDTH="72"/>
						<String ID="P45_ST00157" HPOS="1918" VPOS="1899" WIDTH="101" HEIGHT="48" CONTENT="But" WC="0.98" CC="060"/>
						<SP ID="P45_SP00145" HPOS="2019" VPOS="1952" WIDTH="36"/>
						<String ID="P45_ST00158" HPOS="2055" VPOS="1899" WIDTH="39" HEIGHT="48" CONTENT="it" WC="0.87" CC="02"/>
						<SP ID="P45_SP00146" HPOS="2094" VPOS="1952" WIDTH="34"/>
						<String ID="P45_ST00159" HPOS="2128" VPOS="1914" WIDTH="107" HEIGHT="33" CONTENT="was" WC="1.00" CC="000"/>
						<SP ID="P45_SP00147" HPOS="2235" VPOS="1952" WIDTH="37"/>
						<String ID="P45_ST00160" HPOS="2272" VPOS="1915" WIDTH="30" HEIGHT="32" CONTENT="a" WC="1.00" CC="0"/>
						<SP ID="P45_SP00148" HPOS="2302" VPOS="1952" WIDTH="36"/>
						<String ID="P45_ST00161" HPOS="2338" VPOS="1900" WIDTH="270" HEIGHT="57" CONTENT="riverbird," WC="0.75" CC="6000363300"/>
						<SP ID="P45_SP00149" HPOS="2608" VPOS="1957" WIDTH="37"/>
						<String ID="P45_ST00162" HPOS="2645" VPOS="1906" WIDTH="90" HEIGHT="42" CONTENT="not" WC="0.96" CC="604"/>
					</TextLine>
					<TextLine ID="P45_TL00014" HPOS="457" VPOS="1974" WIDTH="2276" HEIGHT="67">
						<String ID="P45_ST00163" HPOS="457" VPOS="1990" WIDTH="31" HEIGHT="31" CONTENT="a" WC="1.00" CC="0"/>
						<SP ID="P45_SP00150" HPOS="488" VPOS="2021" WIDTH="35"/>
						<String ID="P45_ST00164" HPOS="523" VPOS="1974" WIDTH="223" HEIGHT="58" CONTENT="seabird," WC="0.84" CC="00050600"/>
						<SP ID="P45_SP00151" HPOS="746" VPOS="2032" WIDTH="35"/>
						<String ID="P45_ST00165" HPOS="781" VPOS="1976" WIDTH="89" HEIGHT="48" CONTENT="the" WC="0.98" CC="050"/>
						<SP ID="P45_SP00152" HPOS="870" VPOS="2032" WIDTH="34"/>
						<String ID="P45_ST00166" HPOS="904" VPOS="1977" WIDTH="104" HEIGHT="48" CONTENT="feet" WC="0.99" CC="3020"/>
						<SP ID="P45_SP00153" HPOS="1008" VPOS="2032" WIDTH="33"/>
						<String ID="P45_ST00167" HPOS="1041" VPOS="1978" WIDTH="155" HEIGHT="60" CONTENT="being" WC="0.97" CC="65205"/>
						<SP ID="P45_SP00154" HPOS="1196" VPOS="2038" WIDTH="35"/>
						<String ID="P45_ST00168" HPOS="1231" VPOS="1979" WIDTH="107" HEIGHT="48" CONTENT="like" WC="1.00" CC="2000"/>
						<SP ID="P45_SP00155" HPOS="1338" VPOS="2038" WIDTH="34"/>
						<String ID="P45_ST00169" HPOS="1372" VPOS="1980" WIDTH="150" HEIGHT="47" CONTENT="those" WC="0.99" CC="06003"/>
						<SP ID="P45_SP00156" HPOS="1522" VPOS="2038" WIDTH="36"/>
						<String ID="P45_ST00170" HPOS="1558" VPOS="1980" WIDTH="56" HEIGHT="47" CONTENT="of" WC="1.00" CC="00"/>
						<SP ID="P45_SP00157" HPOS="1614" VPOS="2038" WIDTH="36"/>
						<String ID="P45_ST00171" HPOS="1650" VPOS="1996" WIDTH="30" HEIGHT="32" CONTENT="a" WC="1.00" CC="0"/>
						<SP ID="P45_SP00158" HPOS="1680" VPOS="2038" WIDTH="34"/>
						<String ID="P45_ST00172" HPOS="1714" VPOS="1981" WIDTH="121" HEIGHT="60" CONTENT="gull." WC="0.99" CC="00404"/>
						<SP ID="P45_SP00159" HPOS="1835" VPOS="2041" WIDTH="70"/>
						<String ID="P45_ST00173" HPOS="1905" VPOS="1980" WIDTH="65" HEIGHT="50" CONTENT="At" WC="1.00" CC="00"/>
						<SP ID="P45_SP00160" HPOS="1970" VPOS="2041" WIDTH="34"/>
						<String ID="P45_ST00174" HPOS="2004" VPOS="1982" WIDTH="157" HEIGHT="47" CONTENT="dawn" WC="0.99" CC="0600"/>
						<SP ID="P45_SP00161" HPOS="2161" VPOS="2041" WIDTH="35"/>
						<String ID="P45_ST00175" HPOS="2196" VPOS="1987" WIDTH="103" HEIGHT="42" CONTENT="two" WC="1.00" CC="000"/>
						<SP ID="P45_SP00162" HPOS="2299" VPOS="2041" WIDTH="37"/>
						<String ID="P45_ST00176" HPOS="2336" VPOS="1997" WIDTH="58" HEIGHT="32" CONTENT="or" WC="0.65" CC="06"/>
						<SP ID="P45_SP00163" HPOS="2394" VPOS="2041" WIDTH="36"/>
						<String ID="P45_ST00177" HPOS="2430" VPOS="1983" WIDTH="145" HEIGHT="47" CONTENT="three" WC="0.99" CC="06100"/>
						<SP ID="P45_SP00164" HPOS="2575" VPOS="2041" WIDTH="36"/>
						<String ID="P45_ST00178" HPOS="2611" VPOS="1984" WIDTH="122" HEIGHT="46" CONTENT="land" WC="0.99" CC="3030"/>
					</TextLine>
					<TextLine ID="P45_TL00015" HPOS="455" VPOS="2055" WIDTH="2076" HEIGHT="68">
						<String ID="P45_ST00179" HPOS="455" VPOS="2055" WIDTH="143" HEIGHT="49" CONTENT="birds" WC="0.99" CC="50200"/>
						<SP ID="P45_SP00165" HPOS="598" VPOS="2104" WIDTH="38"/>
						<String ID="P45_ST00180" HPOS="636" VPOS="2072" WIDTH="149" HEIGHT="34" CONTENT="came" WC="1.00" CC="1000"/>
						<SP ID="P45_SP00166" HPOS="785" VPOS="2106" WIDTH="37"/>
						<String ID="P45_ST00181" HPOS="822" VPOS="2058" WIDTH="205" HEIGHT="60" CONTENT="singing" WC="1.00" CC="0060000"/>
						<SP ID="P45_SP00167" HPOS="1027" VPOS="2118" WIDTH="35"/>
						<String ID="P45_ST00182" HPOS="1062" VPOS="2064" WIDTH="53" HEIGHT="43" CONTENT="to" WC="1.00" CC="00"/>
						<SP ID="P45_SP00168" HPOS="1115" VPOS="2118" WIDTH="38"/>
						<String ID="P45_ST00183" HPOS="1153" VPOS="2061" WIDTH="89" HEIGHT="47" CONTENT="the" WC="0.98" CC="060"/>
						<SP ID="P45_SP00169" HPOS="1242" VPOS="2118" WIDTH="37"/>
						<String ID="P45_ST00184" HPOS="1279" VPOS="2061" WIDTH="117" HEIGHT="59" CONTENT="ship" WC="0.98" CC="0630"/>
						<SP ID="P45_SP00170" HPOS="1396" VPOS="2120" WIDTH="41"/>
						<String ID="P45_ST00185" HPOS="1437" VPOS="2063" WIDTH="103" HEIGHT="46" CONTENT="and" WC="1.00" CC="000"/>
						<SP ID="P45_SP00171" HPOS="1540" VPOS="2120" WIDTH="36"/>
						<String ID="P45_ST00186" HPOS="1576" VPOS="2063" WIDTH="124" HEIGHT="60" CONTENT="they" WC="0.98" CC="0610"/>
						<SP ID="P45_SP00172" HPOS="1700" VPOS="2123" WIDTH="38"/>
						<String ID="P45_ST00187" HPOS="1738" VPOS="2063" WIDTH="346" HEIGHT="59" CONTENT="disappeared" WC="0.99" CC="00090040430"/>
						<SP ID="P45_SP00173" HPOS="2084" VPOS="2123" WIDTH="35"/>
						<String ID="P45_ST00188" HPOS="2119" VPOS="2063" WIDTH="180" HEIGHT="48" CONTENT="before" WC="0.99" CC="410030"/>
						<SP ID="P45_SP00174" HPOS="2299" VPOS="2123" WIDTH="39"/>
						<String ID="P45_ST00189" HPOS="2338" VPOS="2068" WIDTH="193" HEIGHT="44" CONTENT="sunset." WC="0.99" CC="0050003"/>
					</TextLine>
					<TextLine ID="P45_TL00016" HPOS="627" VPOS="2205" WIDTH="2108" HEIGHT="62">
						<String ID="P45_ST00190" HPOS="627" VPOS="2206" WIDTH="209" HEIGHT="61" CONTENT="Friday," WC="0.99" CC="1400300"/>
						<SP ID="P45_SP00175" HPOS="836" VPOS="2267" WIDTH="38"/>
						<String ID="P45_ST00191" HPOS="874" VPOS="2212" WIDTH="139" HEIGHT="43" CONTENT="most" WC="0.99" CC="0300"/>
						<SP ID="P45_SP00176" HPOS="1013" VPOS="2267" WIDTH="37"/>
						<String ID="P45_ST00192" HPOS="1050" VPOS="2206" WIDTH="56" HEIGHT="49" CONTENT="of" WC="0.87" CC="20"/>
						<SP ID="P45_SP00177" HPOS="1106" VPOS="2267" WIDTH="37"/>
						<String ID="P45_ST00193" HPOS="1143" VPOS="2207" WIDTH="88" HEIGHT="48" CONTENT="the" WC="0.96" CC="063"/>
						<SP ID="P45_SP00178" HPOS="1231" VPOS="2267" WIDTH="36"/>
						<String ID="P45_ST00194" HPOS="1267" VPOS="2207" WIDTH="103" HEIGHT="60" CONTENT="day" WC="1.00" CC="000"/>
						<SP ID="P45_SP00179" HPOS="1370" VPOS="2267" WIDTH="39"/>
						<String ID="P45_ST00195" HPOS="1409" VPOS="2222" WIDTH="107" HEIGHT="32" CONTENT="was" WC="1.00" CC="000"/>
						<SP ID="P45_SP00180" HPOS="1516" VPOS="2267" WIDTH="39"/>
						<String ID="P45_ST00196" HPOS="1555" VPOS="2207" WIDTH="153" HEIGHT="55" CONTENT="calm," WC="0.98" CC="38300"/>
						<SP ID="P45_SP00181" HPOS="1708" VPOS="2267" WIDTH="39"/>
						<String ID="P45_ST00197" HPOS="1747" VPOS="2206" WIDTH="130" HEIGHT="47" CONTENT="later" WC="0.98" CC="20046"/>
						<SP ID="P45_SP00182" HPOS="1877" VPOS="2267" WIDTH="40"/>
						<String ID="P45_ST00198" HPOS="1917" VPOS="2221" WIDTH="29" HEIGHT="31" CONTENT="a" WC="1.00" CC="0"/>
						<SP ID="P45_SP00183" HPOS="1946" VPOS="2267" WIDTH="38"/>
						<String ID="P45_ST00199" HPOS="1984" VPOS="2206" WIDTH="130" HEIGHT="48" CONTENT="little" WC="0.99" CC="300032"/>
						<SP ID="P45_SP00184" HPOS="2114" VPOS="2267" WIDTH="36"/>
						<String ID="P45_ST00200" HPOS="2150" VPOS="2206" WIDTH="159" HEIGHT="46" CONTENT="wind." WC="1.00" CC="00002"/>
						<SP ID="P45_SP00185" HPOS="2309" VPOS="2267" WIDTH="73"/>
						<String ID="P45_ST00201" HPOS="2382" VPOS="2205" WIDTH="64" HEIGHT="48" CONTENT="At" WC="1.00" CC="00"/>
						<SP ID="P45_SP00186" HPOS="2446" VPOS="2267" WIDTH="37"/>
						<String ID="P45_ST00202" HPOS="2483" VPOS="2206" WIDTH="156" HEIGHT="46" CONTENT="dawn" WC="0.97" CC="0803"/>
						<SP ID="P45_SP00187" HPOS="2639" VPOS="2267" WIDTH="40"/>
						<String ID="P45_ST00203" HPOS="2679" VPOS="2221" WIDTH="56" HEIGHT="32" CONTENT="so" WC="0.93" CC="01"/>
					</TextLine>
					<TextLine ID="P45_TL00017" HPOS="457" VPOS="2287" WIDTH="2277" HEIGHT="51">
						<String ID="P45_ST00204" HPOS="457" VPOS="2289" WIDTH="160" HEIGHT="47" CONTENT="much" WC="0.96" CC="0646"/>
						<SP ID="P45_SP00188" HPOS="617" VPOS="2336" WIDTH="35"/>
						<String ID="P45_ST00205" HPOS="652" VPOS="2289" WIDTH="145" HEIGHT="47" CONTENT="weed" WC="1.00" CC="0100"/>
						<SP ID="P45_SP00189" HPOS="797" VPOS="2336" WIDTH="33"/>
						<String ID="P45_ST00206" HPOS="830" VPOS="2289" WIDTH="116" HEIGHT="49" CONTENT="that" WC="1.00" CC="0100"/>
						<SP ID="P45_SP00190" HPOS="946" VPOS="2338" WIDTH="32"/>
						<String ID="P45_ST00207" HPOS="978" VPOS="2289" WIDTH="89" HEIGHT="48" CONTENT="the" WC="0.98" CC="021"/>
						<SP ID="P45_SP00191" HPOS="1067" VPOS="2338" WIDTH="35"/>
						<String ID="P45_ST00208" HPOS="1102" VPOS="2305" WIDTH="87" HEIGHT="32" CONTENT="sea" WC="1.00" CC="000"/>
						<SP ID="P45_SP00192" HPOS="1189" VPOS="2338" WIDTH="36"/>
						<String ID="P45_ST00209" HPOS="1225" VPOS="2289" WIDTH="205" HEIGHT="48" CONTENT="seemed" WC="1.00" CC="030000"/>
						<SP ID="P45_SP00193" HPOS="1430" VPOS="2338" WIDTH="34"/>
						<String ID="P45_ST00210" HPOS="1464" VPOS="2294" WIDTH="53" HEIGHT="42" CONTENT="to" WC="1.00" CC="00"/>
						<SP ID="P45_SP00194" HPOS="1517" VPOS="2338" WIDTH="35"/>
						<String ID="P45_ST00211" HPOS="1552" VPOS="2289" WIDTH="63" HEIGHT="47" CONTENT="be" WC="0.65" CC="51"/>
						<SP ID="P45_SP00195" HPOS="1615" VPOS="2338" WIDTH="36"/>
						<String ID="P45_ST00212" HPOS="1651" VPOS="2289" WIDTH="220" HEIGHT="47" CONTENT="covered" WC="0.99" CC="1002500"/>
						<SP ID="P45_SP00196" HPOS="1871" VPOS="2338" WIDTH="34"/>
						<String ID="P45_ST00213" HPOS="1905" VPOS="2287" WIDTH="128" HEIGHT="48" CONTENT="with" WC="0.99" CC="0006"/>
						<SP ID="P45_SP00197" HPOS="2033" VPOS="2338" WIDTH="35"/>
						<String ID="P45_ST00214" HPOS="2068" VPOS="2288" WIDTH="54" HEIGHT="48" CONTENT="it." WC="0.99" CC="003"/>
						<SP ID="P45_SP00198" HPOS="2122" VPOS="2338" WIDTH="70"/>
						<String ID="P45_ST00215" HPOS="2192" VPOS="2287" WIDTH="116" HEIGHT="47" CONTENT="And" WC="0.99" CC="020"/>
						<SP ID="P45_SP00199" HPOS="2308" VPOS="2338" WIDTH="35"/>
						<String ID="P45_ST00216" HPOS="2343" VPOS="2288" WIDTH="38" HEIGHT="48" CONTENT="it" WC="1.00" CC="00"/>
						<SP ID="P45_SP00200" HPOS="2381" VPOS="2338" WIDTH="34"/>
						<String ID="P45_ST00217" HPOS="2415" VPOS="2303" WIDTH="148" HEIGHT="33" CONTENT="came" WC="0.97" CC="3900"/>
						<SP ID="P45_SP00201" HPOS="2563" VPOS="2338" WIDTH="33"/>
						<String ID="P45_ST00218" HPOS="2596" VPOS="2287" WIDTH="138" HEIGHT="48" CONTENT="from" WC="0.98" CC="0520"/>
					</TextLine>
					<TextLine ID="P45_TL00018" HPOS="456" VPOS="2369" WIDTH="2278" HEIGHT="61">
						<String ID="P45_ST00219" HPOS="456" VPOS="2370" WIDTH="88" HEIGHT="48" CONTENT="the" WC="0.98" CC="060"/>
						<SP ID="P45_SP00202" HPOS="544" VPOS="2418" WIDTH="35"/>
						<String ID="P45_ST00220" HPOS="579" VPOS="2376" WIDTH="144" HEIGHT="42" CONTENT="west." WC="1.00" CC="00004"/>
						<SP ID="P45_SP00203" HPOS="723" VPOS="2418" WIDTH="69"/>
						<String ID="P45_ST00221" HPOS="792" VPOS="2371" WIDTH="227" HEIGHT="47" CONTENT="Toward" WC="1.00" CC="030020"/>
						<SP ID="P45_SP00204" HPOS="1019" VPOS="2418" WIDTH="37"/>
						<String ID="P45_ST00222" HPOS="1056" VPOS="2371" WIDTH="238" HEIGHT="59" CONTENT="mid-day" WC="1.00" CC="0001000"/>
						<SP ID="P45_SP00205" HPOS="1294" VPOS="2430" WIDTH="36"/>
						<String ID="P45_ST00223" HPOS="1330" VPOS="2386" WIDTH="30" HEIGHT="31" CONTENT="a" WC="1.00" CC="0"/>
						<SP ID="P45_SP00206" HPOS="1360" VPOS="2430" WIDTH="35"/>
						<String ID="P45_ST00224" HPOS="1395" VPOS="2371" WIDTH="170" HEIGHT="46" CONTENT="whale" WC="0.97" CC="06842"/>
						<SP ID="P45_SP00207" HPOS="1565" VPOS="2430" WIDTH="35"/>
						<String ID="P45_ST00225" HPOS="1600" VPOS="2384" WIDTH="108" HEIGHT="33" CONTENT="was" WC="1.00" CC="000"/>
						<SP ID="P45_SP00208" HPOS="1708" VPOS="2430" WIDTH="37"/>
						<String ID="P45_ST00226" HPOS="1745" VPOS="2370" WIDTH="217" HEIGHT="59" CONTENT="sighted," WC="0.99" CC="00860400"/>
						<SP ID="P45_SP00209" HPOS="1962" VPOS="2430" WIDTH="37"/>
						<String ID="P45_ST00227" HPOS="1999" VPOS="2369" WIDTH="175" HEIGHT="48" CONTENT="which" WC="0.98" CC="06036"/>
						<SP ID="P45_SP00210" HPOS="2174" VPOS="2430" WIDTH="36"/>
						<String ID="P45_ST00228" HPOS="2210" VPOS="2369" WIDTH="43" HEIGHT="48" CONTENT="is" WC="1.00" CC="00"/>
						<SP ID="P45_SP00211" HPOS="2253" VPOS="2430" WIDTH="37"/>
						<String ID="P45_ST00229" HPOS="2290" VPOS="2385" WIDTH="31" HEIGHT="31" CONTENT="a" WC="1.00" CC="0"/>
						<SP ID="P45_SP00212" HPOS="2321" VPOS="2430" WIDTH="34"/>
						<String ID="P45_ST00230" HPOS="2355" VPOS="2369" WIDTH="113" HEIGHT="59" CONTENT="sign" WC="0.99" CC="0003"/>
						<SP ID="P45_SP00213" HPOS="2468" VPOS="2430" WIDTH="35"/>
						<String ID="P45_ST00231" HPOS="2503" VPOS="2369" WIDTH="56" HEIGHT="47" CONTENT="of" WC="0.82" CC="30"/>
						<SP ID="P45_SP00214" HPOS="2559" VPOS="2430" WIDTH="34"/>
						<String ID="P45_ST00232" HPOS="2593" VPOS="2370" WIDTH="141" HEIGHT="54" CONTENT="land," WC="0.99" CC="10304"/>
					</TextLine>
					<TextLine ID="P45_TL00019" HPOS="455" VPOS="2452" WIDTH="1294" HEIGHT="60">
						<String ID="P45_ST00233" HPOS="455" VPOS="2452" WIDTH="222" HEIGHT="47" CONTENT="because" WC="0.99" CC="6100632"/>
						<SP ID="P45_SP00215" HPOS="677" VPOS="2499" WIDTH="40"/>
						<String ID="P45_ST00234" HPOS="717" VPOS="2452" WIDTH="124" HEIGHT="60" CONTENT="they" WC="0.99" CC="0410"/>
						<SP ID="P45_SP00216" HPOS="841" VPOS="2512" WIDTH="40"/>
						<String ID="P45_ST00235" HPOS="881" VPOS="2453" WIDTH="196" HEIGHT="59" CONTENT="always" WC="1.00" CC="030000"/>
						<SP ID="P45_SP00217" HPOS="1077" VPOS="2512" WIDTH="40"/>
						<String ID="P45_ST00236" HPOS="1117" VPOS="2452" WIDTH="131" HEIGHT="59" CONTENT="keep" WC="1.00" CC="0000"/>
						<SP ID="P45_SP00218" HPOS="1248" VPOS="2512" WIDTH="39"/>
						<String ID="P45_ST00237" HPOS="1287" VPOS="2467" WIDTH="128" HEIGHT="32" CONTENT="near" WC="0.99" CC="0006"/>
						<SP ID="P45_SP00219" HPOS="1415" VPOS="2512" WIDTH="38"/>
						<String ID="P45_ST00238" HPOS="1453" VPOS="2452" WIDTH="89" HEIGHT="47" CONTENT="the" WC="0.98" CC="040"/>
						<SP ID="P45_SP00220" HPOS="1542" VPOS="2512" WIDTH="39"/>
						<String ID="P45_ST00239" HPOS="1581" VPOS="2452" WIDTH="168" HEIGHT="47" CONTENT="shore." WC="0.99" CC="061404"/>
					</TextLine>
					<TextLine ID="P45_TL00020" HPOS="625" VPOS="2593" WIDTH="2110" HEIGHT="60">
						<String ID="P45_ST00240" HPOS="625" VPOS="2593" WIDTH="259" HEIGHT="60" CONTENT="Saturday" WC="1.00" CC="00055000"/>
						<SP ID="P45_SP00221" HPOS="884" VPOS="2653" WIDTH="32"/>
						<String ID="P45_ST00241" HPOS="916" VPOS="2629" WIDTH="11" HEIGHT="11" CONTENT="." WC="0.55" CC="4"/>
						<SP ID="P45_SP00222" HPOS="927" VPOS="2653" WIDTH="40"/>
						<String ID="P45_ST00242" HPOS="967" VPOS="2629" WIDTH="10" HEIGHT="10" CONTENT="." WC="0.65" CC="3"/>
						<SP ID="P45_SP00223" HPOS="977" VPOS="2653" WIDTH="36"/>
						<String ID="P45_ST00243" HPOS="1013" VPOS="2593" WIDTH="229" HEIGHT="60" CONTENT="Sunday," WC="1.00" CC="0000003"/>
						<SP ID="P45_SP00224" HPOS="1242" VPOS="2653" WIDTH="31"/>
						<String ID="P45_ST00244" HPOS="1273" VPOS="2593" WIDTH="89" HEIGHT="48" CONTENT="the" WC="0.96" CC="062"/>
						<SP ID="P45_SP00225" HPOS="1362" VPOS="2653" WIDTH="30"/>
						<String ID="P45_ST00245" HPOS="1392" VPOS="2593" WIDTH="363" HEIGHT="60" CONTENT="twenty-third" WC="1.00" CC="002010306040"/>
						<SP ID="P45_SP00226" HPOS="1755" VPOS="2653" WIDTH="31"/>
						<String ID="P45_ST00246" HPOS="1786" VPOS="2593" WIDTH="55" HEIGHT="48" CONTENT="of" WC="0.70" CC="05"/>
						<SP ID="P45_SP00227" HPOS="1841" VPOS="2653" WIDTH="33"/>
						<String ID="P45_ST00247" HPOS="1874" VPOS="2593" WIDTH="301" HEIGHT="59" CONTENT="September" WC="0.99" CC="020000514"/>
						<SP ID="P45_SP00228" HPOS="2175" VPOS="2653" WIDTH="32"/>
						<String ID="P45_ST00248" HPOS="2207" VPOS="2593" WIDTH="21" HEIGHT="47" CONTENT="I" WC="0.59" CC="4"/>
						<SP ID="P45_SP00229" HPOS="2228" VPOS="2653" WIDTH="33"/>
						<String ID="P45_ST00249" HPOS="2261" VPOS="2593" WIDTH="199" HEIGHT="59" CONTENT="shaped" WC="1.00" CC="040000"/>
						<SP ID="P45_SP00230" HPOS="2460" VPOS="2653" WIDTH="31"/>
						<String ID="P45_ST00250" HPOS="2491" VPOS="2608" WIDTH="30" HEIGHT="32" CONTENT="a" WC="1.00" CC="0"/>
						<SP ID="P45_SP00231" HPOS="2521" VPOS="2653" WIDTH="30"/>
						<String ID="P45_ST00251" HPOS="2551" VPOS="2606" WIDTH="184" HEIGHT="34" CONTENT="course" WC="0.99" CC="500503"/>
					</TextLine>
					<TextLine ID="P45_TL00021" HPOS="458" VPOS="2675" WIDTH="2274" HEIGHT="59">
						<String ID="P45_ST00252" HPOS="458" VPOS="2675" WIDTH="58" HEIGHT="45" CONTENT="N." WC="0.88" CC="20"/>
						<SP ID="P45_SP00232" HPOS="516" VPOS="2720" WIDTH="22"/>
						<String ID="P45_ST00253" HPOS="538" VPOS="2676" WIDTH="82" HEIGHT="46" CONTENT="W." WC="0.90" CC="01"/>
						<SP ID="P45_SP00233" HPOS="620" VPOS="2722" WIDTH="29"/>
						<String ID="P45_ST00254" HPOS="649" VPOS="2675" WIDTH="104" HEIGHT="46" CONTENT="and" WC="1.00" CC="000"/>
						<SP ID="P45_SP00234" HPOS="753" VPOS="2722" WIDTH="27"/>
						<String ID="P45_ST00255" HPOS="780" VPOS="2675" WIDTH="154" HEIGHT="47" CONTENT="made" WC="1.00" CC="0002"/>
						<SP ID="P45_SP00235" HPOS="934" VPOS="2722" WIDTH="26"/>
						<String ID="P45_ST00256" HPOS="960" VPOS="2675" WIDTH="162" HEIGHT="48" CONTENT="about" WC="0.99" CC="05000"/>
						<SP ID="P45_SP00236" HPOS="1122" VPOS="2723" WIDTH="25"/>
						<String ID="P45_ST00257" HPOS="1147" VPOS="2676" WIDTH="62" HEIGHT="45" CONTENT="22" WC="0.79" CC="04"/>
						<SP ID="P45_SP00237" HPOS="1209" VPOS="2723" WIDTH="29"/>
						<String ID="P45_ST00258" HPOS="1238" VPOS="2676" WIDTH="222" HEIGHT="58" CONTENT="leagues." WC="1.00" CC="33000003"/>
						<SP ID="P45_SP00238" HPOS="1460" VPOS="2734" WIDTH="61"/>
						<String ID="P45_ST00259" HPOS="1521" VPOS="2675" WIDTH="41" HEIGHT="46" CONTENT="A" WC="1.00" CC="0"/>
						<SP ID="P45_SP00239" HPOS="1562" VPOS="2734" WIDTH="25"/>
						<String ID="P45_ST00260" HPOS="1587" VPOS="2676" WIDTH="133" HEIGHT="48" CONTENT="dove" WC="1.00" CC="0100"/>
						<SP ID="P45_SP00240" HPOS="1720" VPOS="2734" WIDTH="27"/>
						<String ID="P45_ST00261" HPOS="1747" VPOS="2690" WIDTH="106" HEIGHT="33" CONTENT="was" WC="1.00" CC="000"/>
						<SP ID="P45_SP00241" HPOS="1853" VPOS="2734" WIDTH="28"/>
						<String ID="P45_ST00262" HPOS="1881" VPOS="2691" WIDTH="122" HEIGHT="32" CONTENT="seen" WC="0.98" CC="0340"/>
						<SP ID="P45_SP00242" HPOS="2003" VPOS="2734" WIDTH="26"/>
						<String ID="P45_ST00263" HPOS="2029" VPOS="2676" WIDTH="104" HEIGHT="47" CONTENT="and" WC="1.00" CC="000"/>
						<SP ID="P45_SP00243" HPOS="2133" VPOS="2734" WIDTH="28"/>
						<String ID="P45_ST00264" HPOS="2161" VPOS="2676" WIDTH="109" HEIGHT="47" CONTENT="also" WC="0.99" CC="0101"/>
						<SP ID="P45_SP00244" HPOS="2270" VPOS="2734" WIDTH="28"/>
						<String ID="P45_ST00265" HPOS="2298" VPOS="2676" WIDTH="219" HEIGHT="47" CONTENT="another" WC="0.99" CC="0000605"/>
						<SP ID="P45_SP00245" HPOS="2517" VPOS="2734" WIDTH="26"/>
						<String ID="P45_ST00266" HPOS="2543" VPOS="2676" WIDTH="189" HEIGHT="58" CONTENT="booby." WC="0.99" CC="104203"/>
					</TextLine>
					<TextLine ID="P45_TL00022" HPOS="457" VPOS="2754" WIDTH="2277" HEIGHT="63">
						<String ID="P45_ST00267" HPOS="457" VPOS="2754" WIDTH="153" HEIGHT="50" CONTENT="Great" WC="0.99" CC="24000"/>
						<SP ID="P45_SP00246" HPOS="610" VPOS="2804" WIDTH="32"/>
						<String ID="P45_ST00268" HPOS="642" VPOS="2755" WIDTH="279" HEIGHT="60" CONTENT="quantities" WC="1.00" CC="0000000300"/>
						<SP ID="P45_SP00247" HPOS="921" VPOS="2815" WIDTH="33"/>
						<String ID="P45_ST00269" HPOS="954" VPOS="2756" WIDTH="57" HEIGHT="48" CONTENT="of" WC="0.78" CC="04"/>
						<SP ID="P45_SP00248" HPOS="1011" VPOS="2815" WIDTH="29"/>
						<String ID="P45_ST00270" HPOS="1040" VPOS="2758" WIDTH="146" HEIGHT="46" CONTENT="weed" WC="1.00" CC="0000"/>
						<SP ID="P45_SP00249" HPOS="1186" VPOS="2815" WIDTH="35"/>
						<String ID="P45_ST00271" HPOS="1221" VPOS="2758" WIDTH="104" HEIGHT="46" CONTENT="and" WC="0.99" CC="010"/>
						<SP ID="P45_SP00250" HPOS="1325" VPOS="2815" WIDTH="31"/>
						<String ID="P45_ST00272" HPOS="1356" VPOS="2758" WIDTH="152" HEIGHT="47" CONTENT="crabs" WC="0.99" CC="23050"/>
						<SP ID="P45_SP00251" HPOS="1508" VPOS="2815" WIDTH="32"/>
						<String ID="P45_ST00273" HPOS="1540" VPOS="2757" WIDTH="56" HEIGHT="47" CONTENT="in" WC="1.00" CC="00"/>
						<SP ID="P45_SP00252" HPOS="1596" VPOS="2815" WIDTH="30"/>
						<String ID="P45_ST00274" HPOS="1626" VPOS="2757" WIDTH="54" HEIGHT="47" CONTENT="it." WC="0.99" CC="003"/>
						<SP ID="P45_SP00253" HPOS="1680" VPOS="2815" WIDTH="67"/>
						<String ID="P45_ST00275" HPOS="1747" VPOS="2758" WIDTH="111" HEIGHT="46" CONTENT="The" WC="0.99" CC="020"/>
						<SP ID="P45_SP00254" HPOS="1858" VPOS="2815" WIDTH="35"/>
						<String ID="P45_ST00276" HPOS="1893" VPOS="2772" WIDTH="87" HEIGHT="33" CONTENT="sea" WC="1.00" CC="000"/>
						<SP ID="P45_SP00255" HPOS="1980" VPOS="2815" WIDTH="32"/>
						<String ID="P45_ST00277" HPOS="2012" VPOS="2757" WIDTH="154" HEIGHT="60" CONTENT="being" WC="0.99" CC="50000"/>
						<SP ID="P45_SP00256" HPOS="2166" VPOS="2817" WIDTH="32"/>
						<String ID="P45_ST00278" HPOS="2198" VPOS="2758" WIDTH="139" HEIGHT="46" CONTENT="calm" WC="0.99" CC="0030"/>
						<SP ID="P45_SP00257" HPOS="2337" VPOS="2817" WIDTH="34"/>
						<String ID="P45_ST00279" HPOS="2371" VPOS="2758" WIDTH="103" HEIGHT="46" CONTENT="and" WC="0.99" CC="030"/>
						<SP ID="P45_SP00258" HPOS="2474" VPOS="2817" WIDTH="35"/>
						<String ID="P45_ST00280" HPOS="2509" VPOS="2758" WIDTH="225" HEIGHT="54" CONTENT="smooth," WC="0.99" CC="0000063"/>
					</TextLine>
					<TextLine ID="P45_TL00023" HPOS="456" VPOS="2838" WIDTH="2278" HEIGHT="61">
						<String ID="P45_ST00281" HPOS="456" VPOS="2838" WIDTH="88" HEIGHT="47" CONTENT="the" WC="0.97" CC="240"/>
						<SP ID="P45_SP00259" HPOS="544" VPOS="2885" WIDTH="38"/>
						<String ID="P45_ST00282" HPOS="582" VPOS="2852" WIDTH="164" HEIGHT="33" CONTENT="crews" WC="0.99" CC="05000"/>
						<SP ID="P45_SP00260" HPOS="746" VPOS="2885" WIDTH="39"/>
						<String ID="P45_ST00283" HPOS="785" VPOS="2838" WIDTH="168" HEIGHT="59" CONTENT="began" WC="0.97" CC="63093"/>
						<SP ID="P45_SP00261" HPOS="953" VPOS="2897" WIDTH="37"/>
						<String ID="P45_ST00284" HPOS="990" VPOS="2843" WIDTH="54" HEIGHT="43" CONTENT="to" WC="0.98" CC="00"/>
						<SP ID="P45_SP00262" HPOS="1044" VPOS="2897" WIDTH="39"/>
						<String ID="P45_ST00285" HPOS="1083" VPOS="2853" WIDTH="257" HEIGHT="43" CONTENT="murmur," WC="0.99" CC="0660050"/>
						<SP ID="P45_SP00263" HPOS="1340" VPOS="2897" WIDTH="42"/>
						<String ID="P45_ST00286" HPOS="1382" VPOS="2839" WIDTH="182" HEIGHT="59" CONTENT="saying" WC="0.99" CC="070400"/>
						<SP ID="P45_SP00264" HPOS="1564" VPOS="2898" WIDTH="38"/>
						<String ID="P45_ST00287" HPOS="1602" VPOS="2840" WIDTH="115" HEIGHT="47" CONTENT="that" WC="0.99" CC="0500"/>
						<SP ID="P45_SP00265" HPOS="1717" VPOS="2898" WIDTH="37"/>
						<String ID="P45_ST00288" HPOS="1754" VPOS="2840" WIDTH="148" HEIGHT="47" CONTENT="there" WC="0.99" CC="06003"/>
						<SP ID="P45_SP00266" HPOS="1902" VPOS="2898" WIDTH="38"/>
						<String ID="P45_ST00289" HPOS="1940" VPOS="2854" WIDTH="107" HEIGHT="33" CONTENT="was" WC="1.00" CC="000"/>
						<SP ID="P45_SP00267" HPOS="2047" VPOS="2898" WIDTH="40"/>
						<String ID="P45_ST00290" HPOS="2087" VPOS="2854" WIDTH="69" HEIGHT="32" CONTENT="no" WC="0.91" CC="10"/>
						<SP ID="P45_SP00268" HPOS="2156" VPOS="2898" WIDTH="39"/>
						<String ID="P45_ST00291" HPOS="2195" VPOS="2844" WIDTH="143" HEIGHT="55" CONTENT="great" WC="1.00" CC="00100"/>
						<SP ID="P45_SP00269" HPOS="2338" VPOS="2899" WIDTH="39"/>
						<String ID="P45_ST00292" HPOS="2377" VPOS="2854" WIDTH="88" HEIGHT="33" CONTENT="sea" WC="1.00" CC="000"/>
						<SP ID="P45_SP00270" HPOS="2465" VPOS="2899" WIDTH="39"/>
						<String ID="P45_ST00293" HPOS="2504" VPOS="2840" WIDTH="104" HEIGHT="46" CONTENT="and" WC="0.99" CC="010"/>
						<SP ID="P45_SP00271" HPOS="2608" VPOS="2899" WIDTH="39"/>
						<String ID="P45_ST00294" HPOS="2647" VPOS="2840" WIDTH="87" HEIGHT="46" CONTENT="the" WC="0.95" CC="066"/>
					</TextLine>
					<TextLine ID="P45_TL00024" HPOS="457" VPOS="2919" WIDTH="2277" HEIGHT="61">
						<String ID="P45_ST00295" HPOS="457" VPOS="2919" WIDTH="141" HEIGHT="48" CONTENT="wind" WC="0.99" CC="0400"/>
						<SP ID="P45_SP00272" HPOS="598" VPOS="2967" WIDTH="43"/>
						<String ID="P45_ST00296" HPOS="641" VPOS="2920" WIDTH="177" HEIGHT="47" CONTENT="would" WC="0.99" CC="03040"/>
						<SP ID="P45_SP00273" HPOS="818" VPOS="2967" WIDTH="40"/>
						<String ID="P45_ST00297" HPOS="858" VPOS="2935" WIDTH="160" HEIGHT="33" CONTENT="never" WC="0.99" CC="00005"/>
						<SP ID="P45_SP00274" HPOS="1018" VPOS="2968" WIDTH="41"/>
						<String ID="P45_ST00298" HPOS="1059" VPOS="2920" WIDTH="139" HEIGHT="48" CONTENT="blow" WC="0.98" CC="4400"/>
						<SP ID="P45_SP00275" HPOS="1198" VPOS="2968" WIDTH="44"/>
						<String ID="P45_ST00299" HPOS="1242" VPOS="2935" WIDTH="57" HEIGHT="33" CONTENT="so" WC="1.00" CC="00"/>
						<SP ID="P45_SP00276" HPOS="1299" VPOS="2968" WIDTH="41"/>
						<String ID="P45_ST00300" HPOS="1340" VPOS="2921" WIDTH="114" HEIGHT="47" CONTENT="that" WC="0.99" CC="0600"/>
						<SP ID="P45_SP00277" HPOS="1454" VPOS="2968" WIDTH="42"/>
						<String ID="P45_ST00301" HPOS="1496" VPOS="2921" WIDTH="124" HEIGHT="59" CONTENT="they" WC="0.98" CC="0540"/>
						<SP ID="P45_SP00278" HPOS="1620" VPOS="2980" WIDTH="42"/>
						<String ID="P45_ST00302" HPOS="1662" VPOS="2922" WIDTH="156" HEIGHT="46" CONTENT="could" WC="0.99" CC="40030"/>
						<SP ID="P45_SP00279" HPOS="1818" VPOS="2980" WIDTH="42"/>
						<String ID="P45_ST00303" HPOS="1860" VPOS="2926" WIDTH="181" HEIGHT="43" CONTENT="return" WC="0.99" CC="300042"/>
						<SP ID="P45_SP00280" HPOS="2041" VPOS="2980" WIDTH="42"/>
						<String ID="P45_ST00304" HPOS="2083" VPOS="2926" WIDTH="52" HEIGHT="42" CONTENT="to" WC="0.70" CC="05"/>
						<SP ID="P45_SP00281" HPOS="2135" VPOS="2980" WIDTH="45"/>
						<String ID="P45_ST00305" HPOS="2180" VPOS="2921" WIDTH="175" HEIGHT="59" CONTENT="Spain." WC="1.00" CC="000003"/>
						<SP ID="P45_SP00282" HPOS="2355" VPOS="2980" WIDTH="86"/>
						<String ID="P45_ST00306" HPOS="2441" VPOS="2920" WIDTH="293" HEIGHT="49" CONTENT="Afterward" WC="1.00" CC="000050060"/>
					</TextLine>
					<TextLine ID="P45_TL00025" HPOS="455" VPOS="3001" WIDTH="2280" HEIGHT="61">
						<String ID="P45_ST00307" HPOS="455" VPOS="3001" WIDTH="88" HEIGHT="48" CONTENT="the" WC="0.97" CC="034"/>
						<SP ID="P45_SP00283" HPOS="543" VPOS="3049" WIDTH="31"/>
						<String ID="P45_ST00308" HPOS="574" VPOS="3015" WIDTH="87" HEIGHT="34" CONTENT="sea" WC="1.00" CC="000"/>
						<SP ID="P45_SP00284" HPOS="661" VPOS="3049" WIDTH="31"/>
						<String ID="P45_ST00309" HPOS="692" VPOS="3016" WIDTH="149" HEIGHT="34" CONTENT="arose" WC="0.99" CC="04100"/>
						<SP ID="P45_SP00285" HPOS="841" VPOS="3050" WIDTH="30"/>
						<String ID="P45_ST00310" HPOS="871" VPOS="3017" WIDTH="125" HEIGHT="45" CONTENT="very" WC="1.00" CC="0100"/>
						<SP ID="P45_SP00286" HPOS="996" VPOS="3062" WIDTH="33"/>
						<String ID="P45_ST00311" HPOS="1029" VPOS="3002" WIDTH="160" HEIGHT="47" CONTENT="much" WC="0.98" CC="0513"/>
						<SP ID="P45_SP00287" HPOS="1189" VPOS="3062" WIDTH="32"/>
						<String ID="P45_ST00312" HPOS="1221" VPOS="3002" WIDTH="105" HEIGHT="48" CONTENT="and" WC="1.00" CC="000"/>
						<SP ID="P45_SP00288" HPOS="1326" VPOS="3062" WIDTH="31"/>
						<String ID="P45_ST00313" HPOS="1357" VPOS="3003" WIDTH="215" HEIGHT="47" CONTENT="adverse" WC="1.00" CC="0000503"/>
						<SP ID="P45_SP00289" HPOS="1572" VPOS="3062" WIDTH="31"/>
						<String ID="P45_ST00314" HPOS="1603" VPOS="3002" WIDTH="168" HEIGHT="49" CONTENT="winds" WC="0.99" CC="05200"/>
						<SP ID="P45_SP00290" HPOS="1771" VPOS="3062" WIDTH="33"/>
						<String ID="P45_ST00315" HPOS="1804" VPOS="3003" WIDTH="276" HEIGHT="59" CONTENT="appeared." WC="0.99" CC="000006404"/>
						<SP ID="P45_SP00291" HPOS="2080" VPOS="3062" WIDTH="66"/>
						<String ID="P45_ST00316" HPOS="2146" VPOS="3004" WIDTH="96" HEIGHT="47" CONTENT="Yet" WC="1.00" CC="010"/>
						<SP ID="P45_SP00292" HPOS="2242" VPOS="3062" WIDTH="30"/>
						<String ID="P45_ST00317" HPOS="2272" VPOS="3019" WIDTH="130" HEIGHT="32" CONTENT="even" WC="0.99" CC="0030"/>
						<SP ID="P45_SP00293" HPOS="2402" VPOS="3062" WIDTH="30"/>
						<String ID="P45_ST00318" HPOS="2432" VPOS="3004" WIDTH="127" HEIGHT="47" CONTENT="then" WC="0.98" CC="0620"/>
						<SP ID="P45_SP00294" HPOS="2559" VPOS="3062" WIDTH="33"/>
						<String ID="P45_ST00319" HPOS="2592" VPOS="3018" WIDTH="143" HEIGHT="33" CONTENT="some" WC="0.98" CC="0404"/>
					</TextLine>
					<TextLine ID="P45_TL00026" HPOS="456" VPOS="3082" WIDTH="1429" HEIGHT="61">
						<String ID="P45_ST00320" HPOS="456" VPOS="3082" WIDTH="253" HEIGHT="61" CONTENT="objected," WC="1.00" CC="040040000"/>
						<SP ID="P45_SP00295" HPOS="709" VPOS="3143" WIDTH="40"/>
						<String ID="P45_ST00321" HPOS="749" VPOS="3083" WIDTH="184" HEIGHT="60" CONTENT="saying" WC="1.00" CC="000000"/>
						<SP ID="P45_SP00296" HPOS="933" VPOS="3143" WIDTH="37"/>
						<String ID="P45_ST00322" HPOS="970" VPOS="3084" WIDTH="115" HEIGHT="48" CONTENT="that" WC="0.99" CC="0600"/>
						<SP ID="P45_SP00297" HPOS="1085" VPOS="3143" WIDTH="37"/>
						<String ID="P45_ST00323" HPOS="1122" VPOS="3084" WIDTH="88" HEIGHT="48" CONTENT="the" WC="0.98" CC="050"/>
						<SP ID="P45_SP00298" HPOS="1210" VPOS="3143" WIDTH="37"/>
						<String ID="P45_ST00324" HPOS="1247" VPOS="3084" WIDTH="142" HEIGHT="47" CONTENT="wind" WC="1.00" CC="0000"/>
						<SP ID="P45_SP00299" HPOS="1389" VPOS="3143" WIDTH="39"/>
						<String ID="P45_ST00325" HPOS="1428" VPOS="3085" WIDTH="176" HEIGHT="47" CONTENT="would" WC="1.00" CC="00000"/>
						<SP ID="P45_SP00300" HPOS="1604" VPOS="3143" WIDTH="38"/>
						<String ID="P45_ST00326" HPOS="1642" VPOS="3090" WIDTH="93" HEIGHT="43" CONTENT="not" WC="0.99" CC="020"/>
						<SP ID="P45_SP00301" HPOS="1735" VPOS="3143" WIDTH="36"/>
						<String ID="P45_ST00327" HPOS="1771" VPOS="3085" WIDTH="114" HEIGHT="47" CONTENT="last." WC="1.00" CC="10002"/>
					</TextLine>
					<TextLine ID="P45_TL00027" HPOS="557" VPOS="3205" WIDTH="2174" HEIGHT="61">
						<String ID="P45_ST00328" HPOS="557" VPOS="3205" WIDTH="246" HEIGHT="60" CONTENT="Monday," WC="1.00" CC="3200000"/>
						<SP ID="P45_SP00302" HPOS="803" VPOS="3265" WIDTH="43"/>
						<String ID="P45_ST00329" HPOS="846" VPOS="3220" WIDTH="70" HEIGHT="33" CONTENT="on" WC="0.96" CC="00"/>
						<SP ID="P45_SP00303" HPOS="916" VPOS="3265" WIDTH="39"/>
						<String ID="P45_ST00330" HPOS="955" VPOS="3206" WIDTH="88" HEIGHT="48" CONTENT="the" WC="0.97" CC="051"/>
						<SP ID="P45_SP00304" HPOS="1043" VPOS="3265" WIDTH="41"/>
						<String ID="P45_ST00331" HPOS="1084" VPOS="3211" WIDTH="128" HEIGHT="43" CONTENT="west" WC="1.00" CC="0000"/>
						<SP ID="P45_SP00305" HPOS="1212" VPOS="3265" WIDTH="55"/>
						<String ID="P45_ST00332" HPOS="1267" VPOS="3221" WIDTH="186" HEIGHT="33" CONTENT="course" WC="0.99" CC="106500"/>
						<SP ID="P45_SP00306" HPOS="1453" VPOS="3265" WIDTH="57"/>
						<String ID="P45_ST00333" HPOS="1510" VPOS="3207" WIDTH="69" HEIGHT="47" CONTENT="all" WC="0.97" CC="034"/>
						<SP ID="P45_SP00307" HPOS="1579" VPOS="3265" WIDTH="57"/>
						<String ID="P45_ST00334" HPOS="1636" VPOS="3208" WIDTH="104" HEIGHT="58" CONTENT="day" WC="1.00" CC="000"/>
						<SP ID="P45_SP00308" HPOS="1740" VPOS="3266" WIDTH="58"/>
						<String ID="P45_ST00335" HPOS="1798" VPOS="3208" WIDTH="104" HEIGHT="47" CONTENT="and" WC="1.00" CC="000"/>
						<SP ID="P45_SP00309" HPOS="1902" VPOS="3266" WIDTH="57"/>
						<String ID="P45_ST00336" HPOS="1959" VPOS="3207" WIDTH="148" HEIGHT="59" CONTENT="night" WC="0.99" CC="10060"/>
						<SP ID="P45_SP00310" HPOS="2107" VPOS="3266" WIDTH="41"/>
						<String ID="P45_ST00337" HPOS="2148" VPOS="3206" WIDTH="215" HEIGHT="60" CONTENT="making" WC="0.99" CC="000058"/>
						<SP ID="P45_SP00311" HPOS="2363" VPOS="3266" WIDTH="47"/>
						<String ID="P45_ST00338" HPOS="2410" VPOS="3209" WIDTH="58" HEIGHT="44" CONTENT="14" WC="0.68" CC="05"/>
						<SP ID="P45_SP00312" HPOS="2468" VPOS="3266" WIDTH="41"/>
						<String ID="P45_ST00339" HPOS="2509" VPOS="3207" WIDTH="222" HEIGHT="59" CONTENT="leagues." WC="0.98" CC="45900602"/>
					</TextLine>
					<TextLine ID="P45_TL00028" HPOS="457" VPOS="3287" WIDTH="705" HEIGHT="60">
						<String ID="P45_ST00340" HPOS="457" VPOS="3287" WIDTH="21" HEIGHT="46" CONTENT="I" WC="0.50" CC="4"/>
						<SP ID="P45_SP00313" HPOS="478" VPOS="3333" WIDTH="44"/>
						<String ID="P45_ST00341" HPOS="522" VPOS="3288" WIDTH="226" HEIGHT="47" CONTENT="counted" WC="1.00" CC="0340000"/>
						<SP ID="P45_SP00314" HPOS="748" VPOS="3335" WIDTH="45"/>
						<String ID="P45_ST00342" HPOS="793" VPOS="3288" WIDTH="126" HEIGHT="59" CONTENT="only" WC="0.99" CC="1040"/>
						<SP ID="P45_SP00315" HPOS="919" VPOS="3347" WIDTH="44"/>
						<String ID="P45_ST00343" HPOS="963" VPOS="3288" WIDTH="199" HEIGHT="47" CONTENT="twelve." WC="1.00" CC="0003002"/>
					</TextLine>
					<TextLine ID="P45_TL00029" HPOS="625" VPOS="3412" WIDTH="2107" HEIGHT="64">
						<String ID="P45_ST00344" HPOS="625" VPOS="3416" WIDTH="259" HEIGHT="60" CONTENT="Tuesday," WC="1.00" CC="03000000"/>
						<SP ID="P45_SP00316" HPOS="884" VPOS="3476" WIDTH="40"/>
						<String ID="P45_ST00345" HPOS="924" VPOS="3417" WIDTH="138" HEIGHT="47" CONTENT="calm" WC="0.99" CC="0040"/>
						<SP ID="P45_SP00317" HPOS="1062" VPOS="3476" WIDTH="40"/>
						<String ID="P45_ST00346" HPOS="1102" VPOS="3416" WIDTH="104" HEIGHT="46" CONTENT="and" WC="1.00" CC="000"/>
						<SP ID="P45_SP00318" HPOS="1206" VPOS="3476" WIDTH="44"/>
						<String ID="P45_ST00347" HPOS="1250" VPOS="3415" WIDTH="281" HEIGHT="47" CONTENT="afterward" WC="0.99" CC="030000740"/>
						<SP ID="P45_SP00319" HPOS="1531" VPOS="3476" WIDTH="41"/>
						<String ID="P45_ST00348" HPOS="1572" VPOS="3413" WIDTH="157" HEIGHT="47" CONTENT="wind." WC="1.00" CC="00004"/>
						<SP ID="P45_SP00320" HPOS="1729" VPOS="3476" WIDTH="79"/>
						<String ID="P45_ST00349" HPOS="1808" VPOS="3412" WIDTH="83" HEIGHT="48" CONTENT="On" WC="1.00" CC="00"/>
						<SP ID="P45_SP00321" HPOS="1891" VPOS="3476" WIDTH="40"/>
						<String ID="P45_ST00350" HPOS="1931" VPOS="3413" WIDTH="88" HEIGHT="47" CONTENT="the" WC="0.96" CC="063"/>
						<SP ID="P45_SP00322" HPOS="2019" VPOS="3476" WIDTH="40"/>
						<String ID="P45_ST00351" HPOS="2059" VPOS="3417" WIDTH="129" HEIGHT="43" CONTENT="west" WC="1.00" CC="0000"/>
						<SP ID="P45_SP00323" HPOS="2188" VPOS="3476" WIDTH="39"/>
						<String ID="P45_ST00352" HPOS="2227" VPOS="3427" WIDTH="184" HEIGHT="33" CONTENT="course" WC="0.98" CC="505503"/>
						<SP ID="P45_SP00324" HPOS="2411" VPOS="3476" WIDTH="40"/>
						<String ID="P45_ST00353" HPOS="2451" VPOS="3412" WIDTH="77" HEIGHT="48" CONTENT="till" WC="0.99" CC="0033"/>
						<SP ID="P45_SP00325" HPOS="2528" VPOS="3476" WIDTH="42"/>
						<String ID="P45_ST00354" HPOS="2570" VPOS="3412" WIDTH="162" HEIGHT="59" CONTENT="night." WC="0.99" CC="400503"/>
					</TextLine>
					<TextLine ID="P45_TL00030" HPOS="456" VPOS="3494" WIDTH="2278" HEIGHT="61">
						<String ID="P45_ST00355" HPOS="456" VPOS="3497" WIDTH="65" HEIGHT="48" CONTENT="At" WC="1.00" CC="00"/>
						<SP ID="P45_SP00326" HPOS="521" VPOS="3545" WIDTH="39"/>
						<String ID="P45_ST00356" HPOS="560" VPOS="3503" WIDTH="179" HEIGHT="43" CONTENT="sunset" WC="1.00" CC="001000"/>
						<SP ID="P45_SP00327" HPOS="739" VPOS="3546" WIDTH="40"/>
						<String ID="P45_ST00357" HPOS="779" VPOS="3498" WIDTH="195" HEIGHT="46" CONTENT="Martin" WC="1.00" CC="201000"/>
						<SP ID="P45_SP00328" HPOS="974" VPOS="3546" WIDTH="39"/>
						<String ID="P45_ST00358" HPOS="1013" VPOS="3497" WIDTH="198" HEIGHT="48" CONTENT="Alonzo" WC="0.93" CC="040000"/>
						<SP ID="P45_SP00329" HPOS="1211" VPOS="3546" WIDTH="39"/>
						<String ID="P45_ST00359" HPOS="1250" VPOS="3501" WIDTH="140" HEIGHT="43" CONTENT="went" WC="1.00" CC="0000"/>
						<SP ID="P45_SP00330" HPOS="1390" VPOS="3546" WIDTH="37"/>
						<String ID="P45_ST00360" HPOS="1427" VPOS="3509" WIDTH="71" HEIGHT="46" CONTENT="up" WC="1.00" CC="00"/>
						<SP ID="P45_SP00331" HPOS="1498" VPOS="3555" WIDTH="42"/>
						<String ID="P45_ST00361" HPOS="1540" VPOS="3510" WIDTH="69" HEIGHT="33" CONTENT="on" WC="1.00" CC="00"/>
						<SP ID="P45_SP00332" HPOS="1609" VPOS="3555" WIDTH="39"/>
						<String ID="P45_ST00362" HPOS="1648" VPOS="3496" WIDTH="88" HEIGHT="47" CONTENT="the" WC="0.96" CC="072"/>
						<SP ID="P45_SP00333" HPOS="1736" VPOS="3555" WIDTH="39"/>
						<String ID="P45_ST00363" HPOS="1775" VPOS="3509" WIDTH="139" HEIGHT="45" CONTENT="poop" WC="1.00" CC="0000"/>
						<SP ID="P45_SP00334" HPOS="1914" VPOS="3555" WIDTH="40"/>
						<String ID="P45_ST00364" HPOS="1954" VPOS="3494" WIDTH="57" HEIGHT="48" CONTENT="of" WC="0.71" CC="05"/>
						<SP ID="P45_SP00335" HPOS="2011" VPOS="3555" WIDTH="38"/>
						<String ID="P45_ST00365" HPOS="2049" VPOS="3494" WIDTH="81" HEIGHT="48" CONTENT="his" WC="0.98" CC="600"/>
						<SP ID="P45_SP00336" HPOS="2130" VPOS="3555" WIDTH="42"/>
						<String ID="P45_ST00366" HPOS="2172" VPOS="3494" WIDTH="117" HEIGHT="60" CONTENT="ship" WC="0.99" CC="0600"/>
						<SP ID="P45_SP00337" HPOS="2289" VPOS="3555" WIDTH="43"/>
						<String ID="P45_ST00367" HPOS="2332" VPOS="3495" WIDTH="104" HEIGHT="47" CONTENT="and" WC="1.00" CC="000"/>
						<SP ID="P45_SP00338" HPOS="2436" VPOS="3555" WIDTH="40"/>
						<String ID="P45_ST00368" HPOS="2476" VPOS="3494" WIDTH="129" HEIGHT="48" CONTENT="with" WC="0.99" CC="0005"/>
						<SP ID="P45_SP00339" HPOS="2605" VPOS="3555" WIDTH="39"/>
						<String ID="P45_ST00369" HPOS="2644" VPOS="3494" WIDTH="90" HEIGHT="60" CONTENT="joy" WC="1.00" CC="000"/>
					</TextLine>
					<TextLine ID="P45_TL00031" HPOS="455" VPOS="3576" WIDTH="2278" HEIGHT="61">
						<String ID="P45_ST00370" HPOS="455" VPOS="3580" WIDTH="168" HEIGHT="46" CONTENT="called" WC="1.00" CC="003000"/>
						<SP ID="P45_SP00340" HPOS="623" VPOS="3626" WIDTH="35"/>
						<String ID="P45_ST00371" HPOS="658" VPOS="3584" WIDTH="91" HEIGHT="42" CONTENT="out" WC="1.00" CC="000"/>
						<SP ID="P45_SP00341" HPOS="749" VPOS="3626" WIDTH="34"/>
						<String ID="P45_ST00372" HPOS="783" VPOS="3581" WIDTH="115" HEIGHT="46" CONTENT="that" WC="0.99" CC="0600"/>
						<SP ID="P45_SP00342" HPOS="898" VPOS="3627" WIDTH="34"/>
						<String ID="P45_ST00373" HPOS="932" VPOS="3580" WIDTH="67" HEIGHT="46" CONTENT="he" WC="0.67" CC="60"/>
						<SP ID="P45_SP00343" HPOS="999" VPOS="3627" WIDTH="35"/>
						<String ID="P45_ST00374" HPOS="1034" VPOS="3579" WIDTH="106" HEIGHT="46" CONTENT="had" WC="0.95" CC="580"/>
						<SP ID="P45_SP00344" HPOS="1140" VPOS="3627" WIDTH="37"/>
						<String ID="P45_ST00375" HPOS="1177" VPOS="3579" WIDTH="201" HEIGHT="58" CONTENT="sighted" WC="1.00" CC="0006010"/>
						<SP ID="P45_SP00345" HPOS="1378" VPOS="3637" WIDTH="35"/>
						<String ID="P45_ST00376" HPOS="1413" VPOS="3578" WIDTH="141" HEIGHT="47" CONTENT="land." WC="0.99" CC="00303"/>
						<SP ID="P45_SP00346" HPOS="1554" VPOS="3637" WIDTH="72"/>
						<String ID="P45_ST00377" HPOS="1626" VPOS="3577" WIDTH="22" HEIGHT="47" CONTENT="I" WC="1.00" CC="0"/>
						<SP ID="P45_SP00347" HPOS="1648" VPOS="3637" WIDTH="38"/>
						<String ID="P45_ST00378" HPOS="1686" VPOS="3576" WIDTH="89" HEIGHT="48" CONTENT="fell" WC="0.98" CC="0223"/>
						<SP ID="P45_SP00348" HPOS="1775" VPOS="3637" WIDTH="35"/>
						<String ID="P45_ST00379" HPOS="1810" VPOS="3592" WIDTH="70" HEIGHT="32" CONTENT="on" WC="0.93" CC="10"/>
						<SP ID="P45_SP00349" HPOS="1880" VPOS="3637" WIDTH="34"/>
						<String ID="P45_ST00380" HPOS="1914" VPOS="3591" WIDTH="91" HEIGHT="45" CONTENT="my" WC="1.00" CC="00"/>
						<SP ID="P45_SP00350" HPOS="2005" VPOS="3637" WIDTH="35"/>
						<String ID="P45_ST00381" HPOS="2040" VPOS="3576" WIDTH="160" HEIGHT="48" CONTENT="knees" WC="0.99" CC="01240"/>
						<SP ID="P45_SP00351" HPOS="2200" VPOS="3637" WIDTH="38"/>
						<String ID="P45_ST00382" HPOS="2238" VPOS="3577" WIDTH="103" HEIGHT="47" CONTENT="and" WC="1.00" CC="000"/>
						<SP ID="P45_SP00352" HPOS="2341" VPOS="3637" WIDTH="37"/>
						<String ID="P45_ST00383" HPOS="2378" VPOS="3588" WIDTH="125" HEIGHT="48" CONTENT="gave" WC="1.00" CC="0000"/>
						<SP ID="P45_SP00353" HPOS="2503" VPOS="3637" WIDTH="37"/>
						<String ID="P45_ST00384" HPOS="2540" VPOS="3576" WIDTH="193" HEIGHT="48" CONTENT="thanks" WC="0.99" CC="070000"/>
					</TextLine>
					<TextLine ID="P45_TL00032" HPOS="454" VPOS="3658" WIDTH="2280" HEIGHT="63">
						<String ID="P45_ST00385" HPOS="454" VPOS="3665" WIDTH="52" HEIGHT="43" CONTENT="to" WC="1.00" CC="00"/>
						<SP ID="P45_SP00354" HPOS="506" VPOS="3708" WIDTH="31"/>
						<String ID="P45_ST00386" HPOS="537" VPOS="3661" WIDTH="89" HEIGHT="47" CONTENT="the" WC="0.98" CC="040"/>
						<SP ID="P45_SP00355" HPOS="626" VPOS="3708" WIDTH="28"/>
						<String ID="P45_ST00387" HPOS="654" VPOS="3660" WIDTH="156" HEIGHT="58" CONTENT="Lord," WC="0.99" CC="00600"/>
						<SP ID="P45_SP00356" HPOS="810" VPOS="3718" WIDTH="31"/>
						<String ID="P45_ST00388" HPOS="841" VPOS="3675" WIDTH="58" HEIGHT="33" CONTENT="so" WC="1.00" CC="00"/>
						<SP ID="P45_SP00357" HPOS="899" VPOS="3718" WIDTH="30"/>
						<String ID="P45_ST00389" HPOS="929" VPOS="3660" WIDTH="169" HEIGHT="61" CONTENT="heavy" WC="0.99" CC="52000"/>
						<SP ID="P45_SP00358" HPOS="1098" VPOS="3721" WIDTH="30"/>
						<String ID="P45_ST00390" HPOS="1128" VPOS="3661" WIDTH="106" HEIGHT="47" CONTENT="had" WC="0.99" CC="300"/>
						<SP ID="P45_SP00359" HPOS="1234" VPOS="3721" WIDTH="29"/>
						<String ID="P45_ST00391" HPOS="1263" VPOS="3661" WIDTH="133" HEIGHT="47" CONTENT="been" WC="0.98" CC="5020"/>
						<SP ID="P45_SP00360" HPOS="1396" VPOS="3721" WIDTH="30"/>
						<String ID="P45_ST00392" HPOS="1426" VPOS="3674" WIDTH="90" HEIGHT="45" CONTENT="my" WC="1.00" CC="00"/>
						<SP ID="P45_SP00361" HPOS="1516" VPOS="3721" WIDTH="31"/>
						<String ID="P45_ST00393" HPOS="1547" VPOS="3659" WIDTH="230" HEIGHT="48" CONTENT="burdens" WC="0.99" CC="5540100"/>
						<SP ID="P45_SP00362" HPOS="1777" VPOS="3721" WIDTH="31"/>
						<String ID="P45_ST00394" HPOS="1808" VPOS="3659" WIDTH="145" HEIGHT="48" CONTENT="these" WC="1.00" CC="03000"/>
						<SP ID="P45_SP00363" HPOS="1953" VPOS="3721" WIDTH="30"/>
						<String ID="P45_ST00395" HPOS="1983" VPOS="3659" WIDTH="150" HEIGHT="48" CONTENT="latter" WC="1.00" CC="300100"/>
						<SP ID="P45_SP00364" HPOS="2133" VPOS="3721" WIDTH="31"/>
						<String ID="P45_ST00396" HPOS="2164" VPOS="3659" WIDTH="130" HEIGHT="59" CONTENT="days" WC="1.00" CC="0000"/>
						<SP ID="P45_SP00365" HPOS="2294" VPOS="3721" WIDTH="33"/>
						<String ID="P45_ST00397" HPOS="2327" VPOS="3664" WIDTH="51" HEIGHT="43" CONTENT="at" WC="1.00" CC="00"/>
						<SP ID="P45_SP00366" HPOS="2378" VPOS="3721" WIDTH="30"/>
						<String ID="P45_ST00398" HPOS="2408" VPOS="3659" WIDTH="88" HEIGHT="47" CONTENT="the" WC="0.97" CC="062"/>
						<SP ID="P45_SP00367" HPOS="2496" VPOS="3721" WIDTH="30"/>
						<String ID="P45_ST00399" HPOS="2526" VPOS="3658" WIDTH="208" HEIGHT="60" CONTENT="despair" WC="1.00" CC="0300000"/>
					</TextLine>
					<TextLine ID="P45_TL00033" HPOS="455" VPOS="3741" WIDTH="2278" HEIGHT="61">
						<String ID="P45_ST00400" HPOS="455" VPOS="3754" WIDTH="193" HEIGHT="48" CONTENT="among" WC="0.99" CC="70000"/>
						<SP ID="P45_SP00368" HPOS="648" VPOS="3802" WIDTH="35"/>
						<String ID="P45_ST00401" HPOS="683" VPOS="3743" WIDTH="89" HEIGHT="48" CONTENT="the" WC="0.97" CC="070"/>
						<SP ID="P45_SP00369" HPOS="772" VPOS="3802" WIDTH="37"/>
						<String ID="P45_ST00402" HPOS="809" VPOS="3758" WIDTH="124" HEIGHT="33" CONTENT="men" WC="0.99" CC="001"/>
						<SP ID="P45_SP00370" HPOS="933" VPOS="3802" WIDTH="37"/>
						<String ID="P45_ST00403" HPOS="970" VPOS="3743" WIDTH="104" HEIGHT="46" CONTENT="and" WC="1.00" CC="000"/>
						<SP ID="P45_SP00371" HPOS="1074" VPOS="3802" WIDTH="37"/>
						<String ID="P45_ST00404" HPOS="1111" VPOS="3743" WIDTH="89" HEIGHT="47" CONTENT="the" WC="0.99" CC="030"/>
						<SP ID="P45_SP00372" HPOS="1200" VPOS="3802" WIDTH="35"/>
						<String ID="P45_ST00405" HPOS="1235" VPOS="3756" WIDTH="269" HEIGHT="33" CONTENT="murmurs" WC="0.99" CC="0060600"/>
						<SP ID="P45_SP00373" HPOS="1504" VPOS="3802" WIDTH="39"/>
						<String ID="P45_ST00406" HPOS="1543" VPOS="3741" WIDTH="154" HEIGHT="60" CONTENT="going" WC="1.00" CC="00020"/>
						<SP ID="P45_SP00374" HPOS="1697" VPOS="3802" WIDTH="38"/>
						<String ID="P45_ST00407" HPOS="1735" VPOS="3752" WIDTH="192" HEIGHT="48" CONTENT="among" WC="1.00" CC="00000"/>
						<SP ID="P45_SP00375" HPOS="1927" VPOS="3802" WIDTH="36"/>
						<String ID="P45_ST00408" HPOS="1963" VPOS="3741" WIDTH="161" HEIGHT="56" CONTENT="them," WC="0.99" CC="06002"/>
						<SP ID="P45_SP00376" HPOS="2124" VPOS="3802" WIDTH="38"/>
						<String ID="P45_ST00409" HPOS="2162" VPOS="3741" WIDTH="114" HEIGHT="48" CONTENT="that" WC="0.99" CC="0600"/>
						<SP ID="P45_SP00377" HPOS="2276" VPOS="3802" WIDTH="37"/>
						<String ID="P45_ST00410" HPOS="2313" VPOS="3741" WIDTH="22" HEIGHT="46" CONTENT="I" WC="1.00" CC="0"/>
						<SP ID="P45_SP00378" HPOS="2335" VPOS="3802" WIDTH="39"/>
						<String ID="P45_ST00411" HPOS="2374" VPOS="3741" WIDTH="190" HEIGHT="47" CONTENT="should" WC="0.99" CC="060040"/>
						<SP ID="P45_SP00379" HPOS="2564" VPOS="3802" WIDTH="36"/>
						<String ID="P45_ST00412" HPOS="2600" VPOS="3741" WIDTH="133" HEIGHT="46" CONTENT="have" WC="0.98" CC="6005"/>
					</TextLine>
					<TextLine ID="P45_TL00034" HPOS="454" VPOS="3822" WIDTH="2277" HEIGHT="60">
						<String ID="P45_ST00413" HPOS="454" VPOS="3829" WIDTH="53" HEIGHT="43" CONTENT="to" WC="1.00" CC="00"/>
						<SP ID="P45_SP00380" HPOS="507" VPOS="3872" WIDTH="25"/>
						<String ID="P45_ST00414" HPOS="532" VPOS="3830" WIDTH="125" HEIGHT="42" CONTENT="turn" WC="0.99" CC="0040"/>
						<SP ID="P45_SP00381" HPOS="657" VPOS="3872" WIDTH="24"/>
						<String ID="P45_ST00415" HPOS="681" VPOS="3824" WIDTH="151" HEIGHT="48" CONTENT="back." WC="0.99" CC="50004"/>
						<SP ID="P45_SP00382" HPOS="832" VPOS="3872" WIDTH="62"/>
						<String ID="P45_ST00416" HPOS="894" VPOS="3824" WIDTH="117" HEIGHT="47" CONTENT="And" WC="1.00" CC="000"/>
						<SP ID="P45_SP00383" HPOS="1011" VPOS="3872" WIDTH="26"/>
						<String ID="P45_ST00417" HPOS="1037" VPOS="3824" WIDTH="195" HEIGHT="47" CONTENT="Martin" WC="0.99" CC="005002"/>
						<SP ID="P45_SP00384" HPOS="1232" VPOS="3872" WIDTH="24"/>
						<String ID="P45_ST00418" HPOS="1256" VPOS="3824" WIDTH="198" HEIGHT="47" CONTENT="Alonzo" WC="1.00" CC="000000"/>
						<SP ID="P45_SP00385" HPOS="1454" VPOS="3872" WIDTH="28"/>
						<String ID="P45_ST00419" HPOS="1482" VPOS="3823" WIDTH="111" HEIGHT="48" CONTENT="said" WC="1.00" CC="0000"/>
						<SP ID="P45_SP00386" HPOS="1593" VPOS="3872" WIDTH="26"/>
						<String ID="P45_ST00420" HPOS="1619" VPOS="3824" WIDTH="88" HEIGHT="47" CONTENT="the" WC="0.95" CC="065"/>
						<SP ID="P45_SP00387" HPOS="1707" VPOS="3872" WIDTH="30"/>
						<String ID="P45_ST00421" HPOS="1737" VPOS="3824" WIDTH="173" HEIGHT="48" CONTENT="Gloria" WC="0.99" CC="030503"/>
						<SP ID="P45_SP00388" HPOS="1910" VPOS="3872" WIDTH="24"/>
						<String ID="P45_ST00422" HPOS="1934" VPOS="3825" WIDTH="54" HEIGHT="45" CONTENT="in" WC="0.80" CC="04"/>
						<SP ID="P45_SP00389" HPOS="1988" VPOS="3872" WIDTH="26"/>
						<String ID="P45_ST00423" HPOS="2014" VPOS="3824" WIDTH="231" HEIGHT="46" CONTENT="Excelsis" WC="0.90" CC="00003210"/>
						<SP ID="P45_SP00390" HPOS="2245" VPOS="3872" WIDTH="26"/>
						<String ID="P45_ST00424" HPOS="2271" VPOS="3822" WIDTH="127" HEIGHT="48" CONTENT="with" WC="0.99" CC="0005"/>
						<SP ID="P45_SP00391" HPOS="2398" VPOS="3872" WIDTH="26"/>
						<String ID="P45_ST00425" HPOS="2424" VPOS="3823" WIDTH="80" HEIGHT="47" CONTENT="his" WC="0.98" CC="500"/>
						<SP ID="P45_SP00392" HPOS="2504" VPOS="3872" WIDTH="28"/>
						<String ID="P45_ST00426" HPOS="2532" VPOS="3823" WIDTH="199" HEIGHT="59" CONTENT="people." WC="0.99" CC="0200543"/>
					</TextLine>
					<TextLine ID="P45_TL00035" HPOS="456" VPOS="3905" WIDTH="2278" HEIGHT="60">
						<String ID="P45_ST00427" HPOS="456" VPOS="3907" WIDTH="89" HEIGHT="58" CONTENT="My" WC="0.93" CC="10"/>
						<SP ID="P45_SP00393" HPOS="545" VPOS="3965" WIDTH="35"/>
						<String ID="P45_ST00428" HPOS="580" VPOS="3921" WIDTH="121" HEIGHT="32" CONTENT="own" WC="0.99" CC="200"/>
						<SP ID="P45_SP00394" HPOS="701" VPOS="3965" WIDTH="35"/>
						<String ID="P45_ST00429" HPOS="736" VPOS="3921" WIDTH="137" HEIGHT="33" CONTENT="crew" WC="0.98" CC="3600"/>
						<SP ID="P45_SP00395" HPOS="873" VPOS="3965" WIDTH="35"/>
						<String ID="P45_ST00430" HPOS="908" VPOS="3905" WIDTH="89" HEIGHT="48" CONTENT="did" WC="1.00" CC="000"/>
						<SP ID="P45_SP00396" HPOS="997" VPOS="3965" WIDTH="36"/>
						<String ID="P45_ST00431" HPOS="1033" VPOS="3906" WIDTH="89" HEIGHT="47" CONTENT="the" WC="0.97" CC="070"/>
						<SP ID="P45_SP00397" HPOS="1122" VPOS="3965" WIDTH="35"/>
						<String ID="P45_ST00432" HPOS="1157" VPOS="3921" WIDTH="158" HEIGHT="32" CONTENT="same." WC="1.00" CC="00000"/>
						<SP ID="P45_SP00398" HPOS="1315" VPOS="3965" WIDTH="71"/>
						<String ID="P45_ST00433" HPOS="1386" VPOS="3906" WIDTH="174" HEIGHT="47" CONTENT="Those" WC="0.99" CC="05000"/>
						<SP ID="P45_SP00399" HPOS="1560" VPOS="3965" WIDTH="36"/>
						<String ID="P45_ST00434" HPOS="1596" VPOS="3905" WIDTH="56" HEIGHT="47" CONTENT="of" WC="0.74" CC="05"/>
						<SP ID="P45_SP00400" HPOS="1652" VPOS="3965" WIDTH="34"/>
						<String ID="P45_ST00435" HPOS="1686" VPOS="3906" WIDTH="89" HEIGHT="46" CONTENT="the" WC="0.95" CC="075"/>
						<SP ID="P45_SP00401" HPOS="1775" VPOS="3965" WIDTH="36"/>
						<String ID="P45_ST00436" HPOS="1811" VPOS="3906" WIDTH="140" HEIGHT="47" CONTENT="Nina" WC="1.00" CC="0000"/>
						<SP ID="P45_SP00402" HPOS="1951" VPOS="3965" WIDTH="34"/>
						<String ID="P45_ST00437" HPOS="1985" VPOS="3905" WIDTH="69" HEIGHT="46" CONTENT="all" WC="0.98" CC="013"/>
						<SP ID="P45_SP00403" HPOS="2054" VPOS="3965" WIDTH="35"/>
						<String ID="P45_ST00438" HPOS="2089" VPOS="3909" WIDTH="138" HEIGHT="43" CONTENT="went" WC="1.00" CC="0000"/>
						<SP ID="P45_SP00404" HPOS="2227" VPOS="3965" WIDTH="35"/>
						<String ID="P45_ST00439" HPOS="2262" VPOS="3918" WIDTH="71" HEIGHT="46" CONTENT="up" WC="0.69" CC="60"/>
						<SP ID="P45_SP00405" HPOS="2333" VPOS="3965" WIDTH="38"/>
						<String ID="P45_ST00440" HPOS="2371" VPOS="3919" WIDTH="69" HEIGHT="32" CONTENT="on" WC="1.00" CC="00"/>
						<SP ID="P45_SP00406" HPOS="2440" VPOS="3965" WIDTH="33"/>
						<String ID="P45_ST00441" HPOS="2473" VPOS="3905" WIDTH="89" HEIGHT="47" CONTENT="the" WC="0.99" CC="030"/>
						<SP ID="P45_SP00407" HPOS="2562" VPOS="3965" WIDTH="35"/>
						<String ID="P45_ST00442" HPOS="2597" VPOS="3910" WIDTH="137" HEIGHT="42" CONTENT="mast" WC="0.99" CC="0500"/>
					</TextLine>
					<TextLine ID="P45_TL00036" HPOS="457" VPOS="3986" WIDTH="2276" HEIGHT="61">
						<String ID="P45_ST00443" HPOS="457" VPOS="3989" WIDTH="103" HEIGHT="45" CONTENT="and" WC="0.98" CC="500"/>
						<SP ID="P45_SP00408" HPOS="560" VPOS="4034" WIDTH="43"/>
						<String ID="P45_ST00444" HPOS="603" VPOS="3988" WIDTH="110" HEIGHT="47" CONTENT="into" WC="1.00" CC="0000"/>
						<SP ID="P45_SP00409" HPOS="713" VPOS="4035" WIDTH="44"/>
						<String ID="P45_ST00445" HPOS="757" VPOS="3988" WIDTH="90" HEIGHT="48" CONTENT="the" WC="0.98" CC="060"/>
						<SP ID="P45_SP00410" HPOS="847" VPOS="4036" WIDTH="43"/>
						<String ID="P45_ST00446" HPOS="890" VPOS="3987" WIDTH="216" HEIGHT="60" CONTENT="rigging," WC="0.99" CC="63000050"/>
						<SP ID="P45_SP00411" HPOS="1106" VPOS="4047" WIDTH="46"/>
						<String ID="P45_ST00447" HPOS="1152" VPOS="3990" WIDTH="103" HEIGHT="45" CONTENT="and" WC="1.00" CC="000"/>
						<SP ID="P45_SP00412" HPOS="1255" VPOS="4047" WIDTH="45"/>
						<String ID="P45_ST00448" HPOS="1300" VPOS="3988" WIDTH="241" HEIGHT="47" CONTENT="declared" WC="1.00" CC="00000500"/>
						<SP ID="P45_SP00413" HPOS="1541" VPOS="4047" WIDTH="42"/>
						<String ID="P45_ST00449" HPOS="1583" VPOS="3988" WIDTH="115" HEIGHT="47" CONTENT="that" WC="0.99" CC="0600"/>
						<SP ID="P45_SP00414" HPOS="1698" VPOS="4047" WIDTH="43"/>
						<String ID="P45_ST00450" HPOS="1741" VPOS="3987" WIDTH="40" HEIGHT="47" CONTENT="it" WC="1.00" CC="00"/>
						<SP ID="P45_SP00415" HPOS="1781" VPOS="4047" WIDTH="43"/>
						<String ID="P45_ST00451" HPOS="1824" VPOS="4001" WIDTH="109" HEIGHT="33" CONTENT="was" WC="0.97" CC="080"/>
						<SP ID="P45_SP00416" HPOS="1933" VPOS="4047" WIDTH="44"/>
						<String ID="P45_ST00452" HPOS="1977" VPOS="3987" WIDTH="140" HEIGHT="47" CONTENT="land." WC="1.00" CC="30000"/>
						<SP ID="P45_SP00417" HPOS="2117" VPOS="4047" WIDTH="82"/>
						<String ID="P45_ST00453" HPOS="2199" VPOS="3987" WIDTH="45" HEIGHT="47" CONTENT="It" WC="1.00" CC="00"/>
						<SP ID="P45_SP00418" HPOS="2244" VPOS="4047" WIDTH="44"/>
						<String ID="P45_ST00454" HPOS="2288" VPOS="3988" WIDTH="206" HEIGHT="46" CONTENT="seemed" WC="1.00" CC="003020"/>
						<SP ID="P45_SP00419" HPOS="2494" VPOS="4047" WIDTH="45"/>
						<String ID="P45_ST00455" HPOS="2539" VPOS="3986" WIDTH="194" HEIGHT="48" CONTENT="distant" WC="1.00" CC="0102000"/>
					</TextLine>
					<TextLine ID="P45_TL00037" HPOS="455" VPOS="4068" WIDTH="2277" HEIGHT="60">
						<String ID="P45_ST00456" HPOS="455" VPOS="4071" WIDTH="61" HEIGHT="45" CONTENT="25" WC="0.75" CC="05"/>
						<SP ID="P45_SP00420" HPOS="516" VPOS="4116" WIDTH="35"/>
						<String ID="P45_ST00457" HPOS="551" VPOS="4069" WIDTH="223" HEIGHT="59" CONTENT="leagues." WC="1.00" CC="00005004"/>
						<SP ID="P45_SP00421" HPOS="774" VPOS="4128" WIDTH="69"/>
						<String ID="P45_ST00458" HPOS="843" VPOS="4070" WIDTH="66" HEIGHT="47" CONTENT="So" WC="0.83" CC="03"/>
						<SP ID="P45_SP00422" HPOS="909" VPOS="4128" WIDTH="34"/>
						<String ID="P45_ST00459" HPOS="943" VPOS="4068" WIDTH="39" HEIGHT="49" CONTENT="it" WC="1.00" CC="00"/>
						<SP ID="P45_SP00423" HPOS="982" VPOS="4128" WIDTH="33"/>
						<String ID="P45_ST00460" HPOS="1015" VPOS="4070" WIDTH="262" HEIGHT="58" CONTENT="appeared" WC="1.00" CC="00000500"/>
						<SP ID="P45_SP00424" HPOS="1277" VPOS="4128" WIDTH="33"/>
						<String ID="P45_ST00461" HPOS="1310" VPOS="4068" WIDTH="133" HEIGHT="49" CONTENT="until" WC="0.98" CC="64007"/>
						<SP ID="P45_SP00425" HPOS="1443" VPOS="4128" WIDTH="33"/>
						<String ID="P45_ST00462" HPOS="1476" VPOS="4068" WIDTH="164" HEIGHT="60" CONTENT="night." WC="0.99" CC="000702"/>
						<SP ID="P45_SP00426" HPOS="1640" VPOS="4128" WIDTH="69"/>
						<String ID="P45_ST00463" HPOS="1709" VPOS="4069" WIDTH="22" HEIGHT="47" CONTENT="1" WC="1.00" CC="0"/>
						<SP ID="P45_SP00427" HPOS="1731" VPOS="4128" WIDTH="34"/>
						<String ID="P45_ST00464" HPOS="1765" VPOS="4069" WIDTH="219" HEIGHT="48" CONTENT="ordered" WC="0.99" CC="0600040"/>
						<SP ID="P45_SP00428" HPOS="1984" VPOS="4128" WIDTH="33"/>
						<String ID="P45_ST00465" HPOS="2017" VPOS="4070" WIDTH="89" HEIGHT="47" CONTENT="the" WC="0.98" CC="050"/>
						<SP ID="P45_SP00429" HPOS="2106" VPOS="4128" WIDTH="32"/>
						<String ID="P45_ST00466" HPOS="2138" VPOS="4084" WIDTH="184" HEIGHT="33" CONTENT="course" WC="0.99" CC="006400"/>
						<SP ID="P45_SP00430" HPOS="2322" VPOS="4128" WIDTH="32"/>
						<String ID="P45_ST00467" HPOS="2354" VPOS="4073" WIDTH="54" HEIGHT="44" CONTENT="to" WC="0.98" CC="00"/>
						<SP ID="P45_SP00431" HPOS="2408" VPOS="4128" WIDTH="32"/>
						<String ID="P45_ST00468" HPOS="2440" VPOS="4070" WIDTH="64" HEIGHT="47" CONTENT="be" WC="0.68" CC="50"/>
						<SP ID="P45_SP00432" HPOS="2504" VPOS="4128" WIDTH="35"/>
						<String ID="P45_ST00469" HPOS="2539" VPOS="4069" WIDTH="193" HEIGHT="47" CONTENT="altered" WC="0.99" CC="0502010"/>
					</TextLine>
					<TextLine ID="P45_TL00038" HPOS="456" VPOS="4149" WIDTH="2276" HEIGHT="58">
						<String ID="P45_ST00470" HPOS="456" VPOS="4149" WIDTH="138" HEIGHT="48" CONTENT="from" WC="0.99" CC="0030"/>
						<SP ID="P45_SP00433" HPOS="594" VPOS="4197" WIDTH="31"/>
						<String ID="P45_ST00471" HPOS="625" VPOS="4150" WIDTH="82" HEIGHT="48" CONTENT="W." WC="0.79" CC="04"/>
						<SP ID="P45_SP00434" HPOS="707" VPOS="4198" WIDTH="32"/>
						<String ID="P45_ST00472" HPOS="739" VPOS="4155" WIDTH="54" HEIGHT="44" CONTENT="to" WC="0.88" CC="02"/>
						<SP ID="P45_SP00435" HPOS="793" VPOS="4199" WIDTH="35"/>
						<String ID="P45_ST00473" HPOS="828" VPOS="4150" WIDTH="47" HEIGHT="47" CONTENT="S." WC="0.86" CC="02"/>
						<SP ID="P45_SP00436" HPOS="875" VPOS="4199" WIDTH="22"/>
						<String ID="P45_ST00474" HPOS="897" VPOS="4151" WIDTH="82" HEIGHT="47" CONTENT="W." WC="0.78" CC="04"/>
						<SP ID="P45_SP00437" HPOS="979" VPOS="4199" WIDTH="34"/>
						<String ID="P45_ST00475" HPOS="1013" VPOS="4151" WIDTH="55" HEIGHT="48" CONTENT="in" WC="0.66" CC="06"/>
						<SP ID="P45_SP00438" HPOS="1068" VPOS="4199" WIDTH="33"/>
						<String ID="P45_ST00476" HPOS="1101" VPOS="4150" WIDTH="171" HEIGHT="48" CONTENT="which" WC="0.98" CC="06046"/>
						<SP ID="P45_SP00439" HPOS="1272" VPOS="4199" WIDTH="36"/>
						<String ID="P45_ST00477" HPOS="1308" VPOS="4150" WIDTH="254" HEIGHT="49" CONTENT="direction" WC="1.00" CC="004001200"/>
						<SP ID="P45_SP00440" HPOS="1562" VPOS="4199" WIDTH="32"/>
						<String ID="P45_ST00478" HPOS="1594" VPOS="4151" WIDTH="88" HEIGHT="48" CONTENT="the" WC="0.97" CC="070"/>
						<SP ID="P45_SP00441" HPOS="1682" VPOS="4199" WIDTH="32"/>
						<String ID="P45_ST00479" HPOS="1714" VPOS="4151" WIDTH="125" HEIGHT="47" CONTENT="land" WC="0.96" CC="4860"/>
						<SP ID="P45_SP00442" HPOS="1839" VPOS="4199" WIDTH="32"/>
						<String ID="P45_ST00480" HPOS="1871" VPOS="4152" WIDTH="105" HEIGHT="46" CONTENT="had" WC="0.97" CC="700"/>
						<SP ID="P45_SP00443" HPOS="1976" VPOS="4199" WIDTH="35"/>
						<String ID="P45_ST00481" HPOS="2011" VPOS="4150" WIDTH="274" HEIGHT="57" CONTENT="appeared." WC="1.00" CC="000005003"/>
						<SP ID="P45_SP00444" HPOS="2285" VPOS="4207" WIDTH="69"/>
						<String ID="P45_ST00482" HPOS="2354" VPOS="4151" WIDTH="140" HEIGHT="47" CONTENT="Four" WC="0.98" CC="0091"/>
						<SP ID="P45_SP00445" HPOS="2494" VPOS="4207" WIDTH="31"/>
						<String ID="P45_ST00483" HPOS="2525" VPOS="4151" WIDTH="207" HEIGHT="56" CONTENT="leagues" WC="0.99" CC="6104030"/>
					</TextLine>
				</TextBlock>
			</PrintSpace>
		</Page>
	</Layout>
</alto>
