3685 5730
2670 4335 99 47 229

491 977 53 42 to
584 973 67 46 do
692 973 232 60 military
965 973 195 49 service
1199 974 124 60 they
1363 975 176 48 would
1580 976 69 46 all
1689 986 64 48 go
1793 975 109 48 into
1944 976 87 47 the
2073 976 245 61 artillery.
2394 977 112 48 The
2546 977 137 60 sight
2722 977 53 48 of

490 1055 88 46 the
616 1069 237 35 cannons
892 1056 55 47 in
985 1056 161 48 battle
1183 1056 177 48 would
1396 1058 65 47 be
1500 1062 207 54 strange
1745 1057 84 48 for
1867 1058 159 48 them.

661 1136 181 60 Lights
879 1153 87 32 are
1001 1138 135 47 born
1172 1153 69 32 on
1276 1139 88 47 the
1400 1155 88 32 sea
1524 1139 82 48 far
1642 1141 92 46 off.

660 1219 182 60 Reply,
883 1235 31 32 o
956 1220 244 57 Zelotide,
1241 1221 149 60 reply
1431 1221 128 48 with
1598 1222 95 59 thy
1734 1228 157 43 sweet
1929 1222 160 49 voice.

1397 1376 177 39 THIRD
1607 1376 261 39 MIDWIFE

662 1475 22 45 I
722 1475 116 47 love
875 1475 82 48 his
994 1490 120 45 eyes
1152 1481 53 43 at
1241 1476 165 60 night,
1445 1478 66 47 he
1550 1477 185 48 knows
1774 1493 90 45 my
1903 1477 116 48 hair
2058 1479 116 47 well
2214 1480 104 45 and
2356 1479 65 47 its
2460 1480 182 46 odour.
2716 1480 60 45 In

490 1556 88 46 the
617 1560 182 45 streets
838 1557 57 47 of
933 1558 287 48 Marseilles
1259 1574 70 32 an
1366 1560 184 47 officer
1589 1561 232 58 pursued
1859 1575 84 33 me
1982 1560 84 48 for
2105 1575 31 33 a
2173 1561 123 59 long
2334 1561 140 48 time.
2549 1562 79 47 He
2667 1576 109 32 was

493 1637 118 48 well
652 1639 213 47 dressed
907 1641 105 46 and
1053 1640 55 48 of
1150 1641 102 46 fair
1294 1641 198 57 colour,
1534 1642 148 49 there
1721 1658 108 32 was
1872 1644 121 58 gold
2035 1658 70 33 on
2146 1643 83 48 his
2269 1649 237 43 costume
2548 1645 104 46 and
2694 1645 82 45 his

490 1721 184 47 mouth
701 1723 232 57 tempted
960 1738 100 41 me,
1089 1724 95 47 but
1212 1724 22 46 I
1253 1724 104 47 fled
1377 1724 82 46 his
1479 1724 165 49 kisses
1673 1725 104 47 and
1804 1724 127 49 took
1951 1724 180 61 refuge
2158 1726 55 47 in
2239 1740 90 45 my
2358 1718 68 66 (*)

489 1801 56 47 of
579 1802 89 49 the
1188 1806 174 48 where
1399 1807 22 46 I
1458 1822 109 33 was
1604 1807 260 60 stopping.

1403 1968 161 37 FIRST
1600 1968 260 37 MIDWIFE

662 2063 42 47 O
749 2064 245 58 Zelotide,
1038 2080 152 46 spare
1231 2068 88 48 the
1361 2069 94 47 sad
1495 2083 125 33 men
1660 2084 56 32 as
1757 2070 129 47 thou
1930 2074 201 55 sparest
2172 2069 104 49 this
2317 2071 150 46 beau.
2545 2071 230 47 Zelotide

489 2145 143 48 what
673 2146 235 49 thinkest
947 2149 131 47 thou
1121 2149 56 47 of
1218 2150 89 47 the
1349 2166 252 33 cannons.

1372 2308 222 38 SECOND
1626 2309 261 37 MIDWIFE

656 2403 138 49 Alas!
851 2403 140 50 Alas!
1048 2406 22 47 I
1106 2412 142 43 want
1281 2413 54 42 to
1370 2409 64 47 be
1467 2408 168 48 loved.

1389 2567 177 38 THIRD
1605 2568 259 37 MIDWIFE

657 2663 147 60 They
851 2679 88 33 are
983 2665 90 47 the
1118 2666 134 47 tools
1298 2665 56 48 of
1398 2667 89 47 the
1532 2667 207 60 ignoble
1784 2668 117 48 love
1947 2668 55 48 of
2047 2669 88 48 the
2181 2671 200 58 people.
2465 2671 42 47 O
2556 2672 212 47 Sodom!

489 2745 210 47 Sodom.
781 2745 42 48 O
870 2745 171 50 sterile
1083 2747 135 48 love!

1403 2907 162 38 FIRST
1596 2908 259 38 MIDWIFE

656 3005 100 48 But
794 3020 79 33 we
914 3020 87 33 are
1041 3020 224 43 women,
1306 3007 123 60 why
1469 3009 119 47 dost
1626 3009 129 47 thou
1797 3010 162 57 speak
1998 3010 57 47 of
2095 3011 226 47 Sodom?

1390 3166 177 38 THIRD
1606 3166 259 38 MIDWIFE

654 3264 113 47 The
807 3263 95 47 fire
943 3264 56 47 of
1039 3264 202 48 heaven
1282 3266 265 47 devoured
1588 3267 107 46 her.

1410 3424 115 37 THE
1558 3424 289 38 CONFINED

654 3522 176 47 When
871 3536 106 45 you
1019 3523 134 46 have
1196 3521 227 49 finished
1465 3538 134 45 your
1640 3524 435 61 monkey-tricks,
2119 3525 41 48 if
2201 3527 39 47 it
2283 3528 173 58 please
2500 3543 120 45 you,
2665 3529 104 48 will

487 3617 104 45 you
623 3608 93 43 not
748 3602 167 60 forget
947 3609 52 42 to
1033 3603 113 60 give
1180 3619 30 32 a
1240 3605 130 48 little
1404 3606 256 48 attention
1691 3612 52 42 to
1776 3608 89 47 the
1898 3608 250 48 baroness
2181 3610 91 47 des
2305 3610 204 59 Ygr£es.

652 3862 113 48 The
792 3862 169 48 baron
990 3863 133 59 slept
1149 3863 56 48 in
1234 3879 31 32 a
1291 3879 186 34 corner
1506 3865 56 47 of
1589 3866 88 48 the
1705 3881 149 33 room
1885 3882 68 33 on
1983 3869 198 47 several
2209 3869 274 60 travelling
2511 3870 257 48 blankets.

486 3943 79 48 He
606 3944 154 48 made
803 3959 31 32 a
874 3944 22 47 112
933 3982 10 10 .
985 3982 9 10 .
1032 3950 21 43 t
1093 3945 176 48 which
1311 3948 193 46 caused
1544 3947 82 48 his
1667 3949 167 48 better
1876 3949 114 47 half
2030 3955 52 44 to
2123 3951 161 58 laugh
2325 3952 135 47 until
2501 3953 89 46 the
2632 3958 136 43 tears

646 4075 52 49 (*)
733 4076 114 38 Here
878 4076 305 49 Apollinaire's
1207 4077 214 39 frivolous
1444 4080 178 49 playing
1653 4080 106 39 with
1789 4082 214 49 language
2034 4094 83 26 can
2140 4085 193 46 scarcely
2354 4085 52 37 be
2429 4086 236 43 rendered;
2698 4087 72 37 the

480 4132 92 35 text
600 4142 126 27 runs:
885 4143 69 26 me
998 4131 222 50 refugiant
1252 4134 109 36 dans
1400 4147 99 27 mon
1532 4147 57 25 ou
1619 4148 70 27 ma
1739 4137 232 38 bed-room
2005 4135 57 42 du
2101 4149 56 26 ou
2196 4135 54 42 de
2280 4136 43 42 la
2362 4138 314 50 family-house
2714 4152 56 25 ou

478 4184 143 47 j'etais
972 4207 54 6 —
1055 4187 70 38 Tr.
