3685 5730
914 4357 98 47 236

1166 1011 122 55 But
1319 1011 23 54 I
1378 1027 154 39 once
1564 1027 127 39 was
1727 1012 105 54 the
1864 1011 176 57 clean
2077 1011 232 57 animal
2345 1011 68 55 of
2446 1014 104 54 the
2585 1012 231 56 deserts

1165 1107 133 56 The
1334 1107 230 56 dwarfs
1598 1109 107 54 the
1740 1105 266 58 miasma
2040 1107 68 56 of
2142 1107 240 75 jungles

1165 1200 313 59 Dizziness
1510 1204 69 54 of
1613 1202 237 57 Sahara
1881 1204 146 54 heat
2059 1204 157 54 sand
2248 1202 246 56 sensual
2528 1202 112 56 but
2673 1204 221 54 honest

1165 1302 79 56 As
1285 1298 264 58 animals
1586 1302 136 54 that
1759 1300 205 56 breed.

1165 1424 176 71 They
1375 1424 159 56 have
1568 1424 249 56 clothed
1847 1441 102 39 me
1981 1422 68 56 in
2081 1439 135 41 rose
2252 1422 152 73 pink
2438 1422 144 56 lilac

1168 1519 191 72 Spain
1395 1520 112 56 has
1542 1519 197 57 tinted
1774 1537 100 39 me
1910 1524 62 52 to
2008 1517 378 59 viciousness

1163 1617 327 56 Thatched
1519 1615 221 58 bohios
1773 1617 159 54 have
1964 1615 305 56 sheltered
2299 1632 102 39 me
2433 1615 166 56 from
2633 1613 232 56 animal
2899 1612 215 72 reality

1165 1713 25 54 I
1226 1730 103 39 am
1359 1712 403 57 hideousness
1793 1712 118 55 vile
1942 1712 171 55 word
2143 1712 126 55 and
2299 1727 153 57 song

1165 1806 392 75 Impudicity.

1165 1933 120 56 But
1317 1932 122 57 still
1471 1932 26 56 I
1532 1950 103 39 am
1668 1932 210 56 Africa

1161 2030 136 58 The
1327 2032 151 54 mad
1512 2028 308 75 palpitant
1852 2027 334 76 throbbing
2220 2028 67 56 of
2321 2025 325 59 drumskin
2682 2025 49 57 is
2767 2043 105 55 my
2907 2028 176 54 heart

1165 2128 25 54 I
1222 2126 158 58 shall
1407 2132 110 50 not
1547 2125 99 57 die
1674 2125 99 56 for
1801 2142 192 56 many
2023 2142 178 54 years

1165 2223 122 56 Out
1319 2223 67 56 of
1417 2223 201 56 desert
1649 2223 125 56 and
1806 2220 210 74 jungle
2050 2220 26 55 I
2106 2220 256 55 become
2394 2218 300 57 infection

1166 2318 280 73 Slippery
1485 2316 244 59 sinister
1764 2335 185 57 green
1988 2316 67 56 of
2087 2316 200 73 tropic
2325 2318 143 54 heat
2504 2316 136 56 that
2675 2314 164 56 lures

1163 2416 90 56 To
1283 2414 261 58 vileness

1163 2540 25 54 I
1219 2540 142 54 who
1392 2555 154 39 once
1573 2555 127 39 was
1732 2536 320 73 fecundity

1163 2638 49 54 A
1246 2634 168 58 child

1161 2733 217 57 Tribes
1410 2731 276 74 swaying
1717 2736 64 51 to
1813 2733 105 54 the
1950 2733 258 69 rhythm
2240 2729 68 56 of
2340 2728 208 57 Africa

1163 2858 25 54 I
1224 2877 103 37 am
1358 2858 106 54 the
1500 2856 217 56 Cuban
1751 2855 225 55 rumba

1161 2951 339 58 Pestilence
1532 2951 152 58 loud
1715 2951 352 71 trumpeted
2104 2954 288 51 accurate
2426 2949 125 56 and
2587 2948 227 57 frantic

1160 3051 106 71 My
1302 3051 176 56 heart
1512 3048 120 57 still
1666 3048 215 57 throbs

1163 3173 171 56 Even
1370 3175 105 54 the
1510 3173 232 56 coldest
1778 3173 184 56 north
2001 3173 215 56 knows
2253 3173 136 56 that
2423 3170 66 57 in
2524 3188 99 39 me
2660 3170 49 57 is
2746 3173 136 52 that

1160 3266 232 58 Which
1429 3268 156 56 shall
1622 3266 98 56 die

1161 3363 378 72 Frantically

1163 3461 223 73 Slowly

1170 3584 144 73 (But
1348 3586 269 71 perhaps
1652 3586 27 54 I
1717 3603 103 37 am
1854 3601 68 39 as
1959 3584 230 58 eternal
2228 3601 66 39 as
2328 3583 164 57 birth

1160 3679 27 54 I
1219 3698 103 37 am
1349 3681 105 54 the
1481 3679 225 56 rumba
1735 3678 302 73 Cubana.)

2486 3842 281 45 Charles
2809 3840 245 47 Galwey
