3685 5730
895 4347 95 44 252

1355 1129 167 55 THE
1572 1130 454 58 DISCOVERY
2072 1131 104 56 OF
2222 1133 168 55 THE
2438 1134 291 55 INDIES.

908 1449 214 49 SALVE
1164 1451 254 48 REGINA
1459 1453 508 59 MISERICORDIA,
2010 1456 158 48 VITA
2210 1457 325 49 DULGEDO
2579 1460 87 46 ET
2709 1459 158 48 SPES
2912 1459 266 49 NOSTRA

908 1529 228 50 SALVE.
1197 1532 90 48 AD
1315 1534 88 48 TE
1432 1534 386 60 GLAMAMUS,
1845 1537 303 49 EXSULES
2177 1538 161 49 FILII
2366 1539 247 58 HEVAE,
2644 1540 88 48 AD
2762 1542 88 47 TE
2879 1542 260 48 SUSPIRA-

910 1612 135 49 MUS
1086 1614 366 50 GEMENTES
1489 1616 88 48 ET
1613 1617 309 50 FLENTES
1961 1620 69 46 IN
2070 1619 134 50 HAG
2240 1620 378 50 LACRYMUM
2656 1622 222 48 VALLE
2916 1660 10 10 .
2967 1661 9 9 .
3018 1662 9 8 .

1072 1737 43 45 A
1142 1737 159 50 dense
1329 1740 439 61 waterboundary
1796 1756 123 34 over
1947 1743 207 60 beyond
2183 1745 88 47 the
2299 1744 190 50 Azores
2517 1747 198 47 needed
2745 1762 31 32 a
2804 1747 118 61 ship
2950 1748 227 61 through

906 1817 52 47 it.
1018 1818 208 61 Having
1266 1820 159 48 failed
1465 1825 54 45 to
1561 1837 179 34 secure
1782 1839 30 32 a
1853 1824 201 61 footing
2097 1825 82 48 for
2221 1827 88 47 the
2351 1827 285 49 adventure
2677 1829 54 47 in
2773 1844 154 46 every
2968 1830 208 60 capital,

904 1898 269 60 ridiculed,
1199 1901 182 49 driven
1408 1903 160 49 about
1593 1903 140 49 from
1760 1905 146 60 place
1932 1911 54 43 to
2013 1908 162 58 place,
2202 1908 56 48 in
2282 1920 118 48 rags
2427 1908 197 61 finally,
2652 1911 82 48 his
2759 1912 149 47 mind
2933 1912 243 59 burning,

905 1980 87 49 the
1026 1981 244 61 martyr's
1307 1983 174 49 fervor
1514 1985 172 61 eating
1718 2002 122 33 now
1874 1988 137 47 back
2046 1988 57 48 of
2137 1989 82 49 his
2254 1990 327 58 breastbone,
2617 1992 82 49 his
2733 2008 96 33 son
2864 1999 53 43 at
2950 1994 82 48 his
3068 1994 109 49 side

903 2090 67 6 —
993 2063 89 48 the
1106 2064 188 48 Italian
1316 2063 138 62 joins
1480 2068 89 48 the
1593 2068 125 48 mob
1743 2069 161 49 about
1928 2070 135 48 their
2089 2071 236 50 Catholic
2351 2074 224 58 Spanish
2602 2074 262 60 Majesties
2889 2077 286 59 encamped

903 2143 180 50 before
1125 2145 257 50 Granada.
1458 2150 169 47 There
1667 2151 66 47 he
1773 2151 228 49 watches
2043 2152 80 49 his
2165 2155 356 60 opportunity,
2565 2156 83 48 for
2688 2157 88 49 the
2817 2157 100 49 last
2957 2158 126 48 time
3123 2163 52 43 to

905 2225 155 49 make
1097 2227 82 49 his
1216 2231 263 58 proposal.

1071 2350 80 49 He
1188 2353 153 48 hears
1380 2355 88 47 the
1508 2355 127 48 talk:
1698 2357 172 48 Christ
1909 2359 56 46 in
2002 2360 89 47 the
2130 2361 284 47 ascendant
2423 2363 9 45 1
2490 2362 94 48 but
2624 2362 160 60 Spain
2822 2362 202 58 ruined,
3065 2377 108 34 sees

901 2432 88 47 the
1016 2433 149 47 Moor
1189 2449 149 34 come
1364 2441 91 43 out
1481 2438 103 46 and
1611 2437 107 49 kiss
1745 2439 88 48 the
1859 2441 148 58 royal
2033 2441 186 58 hands,
2246 2441 207 50 fanfare
2480 2443 56 48 of
2560 2447 273 57 trumpets!
2890 2445 283 59 Spaniards

901 2512 263 62 shouting!
1219 2528 217 48 passage
1467 2517 57 48 of
1555 2519 88 47 the
1675 2520 186 58 priests
1895 2520 54 49 in
1981 2522 151 49 robes
2165 2552 68 7 —
2265 2524 94 49 but
2391 2539 69 33 no
2493 2539 207 46 money.
2766 2526 149 49 India
2949 2564 10 10 .
3000 2565 9 9 .
3044 2527 128 56 rich,

902 2594 93 48 but
1034 2595 96 48 far.
1188 2597 66 47 So
1292 2598 127 48 then
1458 2599 38 48 it
1535 2615 174 34 comes
1750 2608 52 41 to
1842 2604 131 46 him:

1069 2718 553 51 CHRISTOPHORO!
1687 2723 112 48 him
1843 2725 114 48 that
2001 2726 202 49 carried
2248 2728 175 48 Christ
2467 2744 174 33 across
2687 2731 87 48 the
2817 2731 151 48 river.

1067 2798 161 62 Being
1264 2816 30 32 a
1331 2803 249 58 practical
1618 2804 357 60 shipsmaster,
2012 2808 203 49 besides
2252 2810 89 48 the
2378 2810 175 58 flame,
2591 2813 66 46 he
2695 2813 182 48 makes
2914 2814 80 48 his
3034 2814 133 60 plea:

909 2878 65 48 To
1007 2880 88 48 the
1127 2886 141 44 west.
1336 2884 77 47 To
1448 2885 162 47 India.
1679 2887 61 48 In
1770 2888 88 47 the
1890 2902 156 35 name
2078 2890 57 48 of
2167 2890 192 49 Christ:
2393 2892 137 60 gold,
2563 2892 193 60 jewels,
2790 2895 166 59 spices
3004 2924 68 6 —

1065 2962 161 58 Thus,
1256 2979 133 44 your
1417 2965 334 61 Highnesses,
1782 2969 235 50 Catholic
2048 2972 304 58 Christians,
2381 2974 212 49 Princes
2623 2976 120 48 who
2773 2977 116 48 love
2916 2978 88 48 the
3033 2977 137 61 Holy

900 3042 262 49 Christian
1187 3044 134 49 faith
1346 3048 104 47 and
1475 3049 87 47 the
1587 3051 346 59 propagation
1958 3053 57 48 of
2039 3053 54 58 it,
2121 3056 103 46 and
2249 3056 226 49 enemies
2501 3062 53 43 to
2579 3058 88 48 the
2693 3063 107 44 sect
2823 3058 57 48 of
2904 3060 264 57 Mahoma,

898 3125 234 47 resolved
1169 3131 52 42 to
1260 3128 127 48 send
1423 3144 100 42 me,
1563 3130 256 49 Cristobal
1858 3134 179 57 Colon,
2074 3140 53 44 to
2165 3136 168 57 India;
2374 3139 104 46 and
2514 3139 219 48 ordered
2769 3140 114 49 that
2919 3140 22 48 I
2980 3142 189 47 should

896 3211 93 42 not
1024 3217 63 49 go
1122 3207 70 59 by
1227 3209 125 47 land
1387 3215 52 43 to
1475 3211 88 49 the
1597 3215 258 47 eastward
1892 3230 56 34 as
1984 3217 105 47 had
2125 3218 131 48 been
2292 3225 316 55 customary,
2644 3222 93 48 but
2771 3222 115 49 that
2922 3223 22 47 I
2978 3223 189 48 should

895 3297 64 47 go
990 3286 71 61 by
1091 3303 118 46 way
1240 3289 57 48 of
1326 3291 88 48 the
1448 3298 140 53 west,
1622 3295 224 49 whither
1877 3311 72 45 up
1979 3302 54 44 to
2066 3299 102 48 this
2201 3300 102 60 day
2334 3316 78 33 we
2445 3302 67 47 do
2543 3308 92 44 not
2666 3303 158 49 know
2856 3304 84 48 for
2971 3305 196 48 certain

895 3367 114 49 that
1048 3383 104 46 any
1191 3386 125 34 man
1356 3373 96 49 has
1490 3386 146 48 gone.

1061 3493 116 49 And
1208 3493 84 50 for
1321 3496 104 48 this
1456 3497 124 61 they
1609 3500 154 48 made
1794 3506 143 53 great
1967 3504 330 48 concessions
2327 3510 53 43 to
2412 3520 100 42 me,
2544 3508 258 47 ennobled
2833 3523 100 43 me,
2965 3525 57 33 so
3054 3510 112 48 that

896 3574 309 49 henceforth
1247 3577 22 47 I
1312 3578 190 47 should
1542 3580 66 47 be
1648 3581 167 49 called
1859 3582 134 58 Don,
2038 3585 103 47 and
2184 3586 189 48 should
2415 3587 65 49 be
2520 3588 142 48 chief
2702 3588 236 49 Admiral
2980 3592 56 47 of
3077 3592 88 48 the

896 3654 176 49 Ocean
1116 3658 110 56 Sea,
1269 3661 270 58 perpetual
1582 3661 220 62 Viceroy
1845 3665 104 47 and
1992 3664 266 50 Governor
2298 3668 57 48 of
2397 3669 69 47 all
2508 3669 87 49 the
2637 3670 202 50 Islands
2883 3674 104 46 and
3031 3674 99 47 Con-

892 3736 192 49 tinents
1118 3739 114 48 that
1269 3741 21 46 I
1327 3741 188 49 should
1551 3741 235 51 discover
1823 3747 103 46 and
1962 3747 114 49 that
2110 3763 90 45 my
2236 3749 161 50 eldest
2433 3764 96 35 son
2565 3752 190 49 should
2791 3755 232 57 succeed,
3061 3755 102 47 and

894 3833 57 32 so
992 3819 138 48 from
1171 3822 302 57 generation
1514 3829 53 43 to
1607 3826 302 59 generation
1949 3828 219 50 forever.

1061 3980 160 11 ....
1258 3951 52 43 at
1343 3947 88 47 the
1464 3946 141 49 third
1638 3948 135 48 hour
1807 3949 57 47 of
1898 3950 257 62 Saturday
2188 3951 150 61 night
2370 3953 38 49 it
2441 3956 170 59 began
2642 3962 53 43 to
2729 3957 139 48 blow
2902 3957 139 49 from
3076 3959 87 48 the

894 4023 60 47 N.
975 4024 58 48 E.
1069 4027 104 46 and
1210 4028 22 46 I
1268 4028 198 59 shaped
1501 4044 90 45 my
1624 4045 185 33 course
1843 4036 53 43 to
1931 4032 89 49 the
2054 4039 141 43 west.
2265 4036 99 47 We
2397 4036 126 48 took
2557 4037 56 47 in
2647 4039 160 47 much
2843 4044 162 44 water
3038 4056 124 33 over

890 4105 87 48 the
1010 4105 161 60 bows,
1205 4107 175 49 which
1413 4111 239 47 retarded
1686 4126 97 33 our
1816 4124 239 48 progress
2090 4116 102 46 and
2225 4116 123 49 nine
2380 4117 206 60 leagues
2620 4134 136 35 were
2788 4122 153 48 made
2974 4122 188 59 during

890 4187 88 47 the
1016 4188 103 59 day
1159 4190 102 46 and
1300 4189 161 59 night.
