3685 5730
2645 4350 94 48 245

471 1012 56 34 as
566 999 65 47 its
673 1000 195 47 annual
907 1004 249 44 turnover
1194 1014 101 33 can
1336 1000 245 60 properly
1621 1000 64 48 be
1725 1000 166 49 called
1933 1015 30 33 a
2001 1001 197 47 dream.
2275 1000 322 60 Duplicator,
2639 1002 105 47 Inc.

474 1079 42 47 is
552 1080 88 48 the
674 1079 182 49 dream
890 1080 57 49 of
982 1097 30 31 a
1045 1080 198 48 nation.
1314 1080 103 49 But
1449 1087 53 43 to
1538 1081 187 49 realize
1760 1081 103 49 this
1898 1082 182 48 dream
2115 1082 57 48 of
2205 1097 32 33 a
2270 1082 243 49 hundred
2546 1082 203 49 million

473 1161 191 58 hearts,
699 1166 53 44 to
788 1162 113 59 give
934 1161 135 49 their
1104 1162 149 58 wish,
1289 1177 131 34 once
1453 1163 299 48 unfulfilled
1787 1164 105 47 and
1926 1179 129 34 even
2089 1164 369 60 unexpressed,
2492 1165 88 49 the
2613 1165 136 60 huge

474 1244 104 47 and
616 1244 251 59 practical
905 1245 335 59 proportions
1277 1243 57 49 of
1373 1244 323 61 Duplicator,
1737 1246 125 47 Inc.:
1883 1274 69 7 —
1969 1245 120 58 this,
2132 1246 319 57 Gentlemen,
2491 1248 155 47 could
2685 1248 64 47 be

473 1325 89 48 the
604 1325 247 61 privilege
893 1326 125 60 only
1060 1325 56 49 of
1157 1341 31 33 a
1228 1325 247 50 creator's
1517 1327 167 47 brain.
1761 1328 113 48 You
1917 1328 107 48 will
2066 1328 204 61 require
2313 1344 68 33 no
2425 1329 204 49 further
2672 1330 50 47 in-

472 1407 299 49 troduction
811 1413 53 43 to
906 1407 54 50 G.
1000 1408 210 60 Wesley
1249 1408 194 49 Brown
1461 1437 69 7 —
1547 1409 204 60 myself.

641 1509 108 48 Nor
788 1511 68 46 do
896 1524 106 46 you
1060 1509 205 62 require
1307 1526 30 32 a
1377 1512 214 60 lengthy
1650 1512 336 60 explanation
2043 1512 56 48 of
2156 1513 89 48 the
2301 1513 187 48 results
2546 1512 56 49 of
2659 1513 88 49 the

472 1589 307 61 Duplicator
808 1605 224 45 process.
1098 1592 23 47 I
1150 1592 172 48 flatter
1352 1593 191 60 myself
1571 1594 115 47 that
1715 1608 105 45 you
1851 1609 88 33 are
1969 1594 230 47 familiar
2229 1595 129 48 with
2386 1595 145 52 these
2561 1595 186 48 results

471 1672 229 61 already.
766 1674 98 48 We
895 1672 121 50 take
1048 1689 31 32 a
1110 1672 149 50 smile
1276 1702 69 7 —
1364 1690 30 32 a
1424 1673 233 61 winning
1690 1675 149 47 smile
1858 1705 67 6 —
1943 1676 88 48 the
2062 1682 109 43 sort
2202 1676 57 48 of
2290 1677 151 48 smile
2470 1678 115 48 that
2616 1676 131 48 wins

474 1768 221 43 success,
735 1755 104 47 and
877 1755 70 61 by
985 1770 97 33 our
1121 1757 244 59 patented
1404 1758 216 47 method
1658 1772 79 33 we
1775 1758 263 59 duplicate
2077 1758 40 48 it
2154 1773 69 32 on
2262 1764 88 43 ten
2388 1759 205 48 million
2629 1759 117 60 lips.

472 1833 76 61 By
579 1836 89 47 the
699 1850 144 35 same
873 1849 210 47 process
1114 1852 79 33 we
1224 1838 263 60 duplicate
1517 1839 174 49 words
1721 1868 68 7 —
1817 1839 174 49 habits
2023 1840 56 48 of
2109 1840 224 60 thought
2360 1870 69 6 —
2457 1841 90 48 the
2576 1846 88 44 cut
2694 1840 55 48 of

473 1932 26 31 a
541 1922 179 43 cravat
738 1947 68 6 —
825 1933 31 32 a
894 1917 345 62 chin-dimple
1256 1948 70 6 —
1345 1935 30 33 a
1413 1921 216 47 method
1668 1921 56 47 of
1763 1921 133 49 sales
1937 1921 282 61 approach.
2295 1923 45 48 It
2380 1923 41 48 is
2461 1923 193 48 thanks
2695 1929 52 42 to

473 1998 321 60 Duplicator,
826 2000 105 48 Inc.
964 2001 114 49 that
1108 2000 240 49 America
1378 2003 96 47 has
1505 2002 215 48 become
1752 2018 32 32 a
1811 2004 183 48 nation
2024 2004 58 47 of
2111 2004 366 49 standardized
2508 2004 238 49 business

470 2080 305 48 executives.
847 2081 127 50 This
1011 2082 43 49 is
1089 2098 97 33 our
1222 2084 250 58 proudest
1506 2084 164 48 boast.

638 2183 47 48 It
717 2197 107 34 was
856 2197 92 47 my
981 2183 150 50 smile
1163 2185 124 61 they
1320 2186 159 49 chose
1510 2191 53 44 to
1596 2186 280 60 duplicate,
1908 2203 91 45 my
2031 2186 269 51 broad-set
2332 2203 135 44 eyes,
2502 2204 89 44 my
2623 2188 124 48 cleft

472 2264 104 47 and
617 2265 311 60 protruding
966 2266 140 57 chin,
1149 2282 90 45 my
1280 2269 214 48 method
1536 2268 55 48 of
1632 2269 183 60 selling
1854 2269 206 57 collars,
2101 2285 91 45 my
2231 2275 202 55 respect
2474 2270 84 49 for
2598 2272 148 47 clean

472 2346 369 49 womanhood.
917 2347 22 48 I
980 2363 92 45 say
1112 2349 104 47 this
1257 2349 222 49 without
1519 2352 243 58 personal
1802 2351 164 60 pride,
2008 2351 83 48 for
2131 2352 39 48 it
2209 2351 44 49 is
2293 2352 193 49 thanks
2528 2353 124 59 only
2692 2358 53 43 to

475 2426 323 61 Duplicator,
847 2429 106 47 Inc.
1004 2430 115 48 that
1167 2429 242 50 America
1455 2432 96 47 has
1600 2432 218 48 become
1865 2447 68 32 an
1982 2433 169 60 image
2200 2434 57 47 of
2304 2450 99 32 me.
2489 2434 115 48 And
2653 2440 92 43 not

472 2507 239 49 America
756 2510 166 48 alone.

639 2613 123 48 Last
807 2628 125 44 year
978 2615 22 46 I
1044 2615 154 46 made
1243 2629 32 32 a
1318 2620 119 43 tour
1483 2615 57 47 of
1584 2616 89 47 the
1718 2617 165 47 world
1928 2621 53 44 to
2027 2617 232 49 advance
2303 2618 89 48 the
2438 2618 307 59 Duplicator

471 2694 254 49 interests.
806 2695 137 48 Near
1003 2694 401 50 world-famous
1464 2695 214 59 Athens,
1740 2702 53 43 at
1851 2698 90 48 the
2000 2698 231 57 Piraeus,
2293 2713 31 34 a
2384 2711 177 49 young
2619 2715 125 32 man

471 2777 334 58 approached
833 2791 84 33 me
947 2777 127 48 with
1104 2792 69 33 an
1199 2777 136 48 offer
1364 2783 53 43 to
1447 2778 177 48 insure
1652 2793 90 45 my
1771 2779 245 60 baggage,
2045 2785 54 43 to
2129 2779 111 48 find
2269 2795 84 33 me
2382 2781 141 48 hotel
2552 2796 193 42 rooms,

471 2862 53 43 to
564 2858 109 59 buy
713 2873 85 32 me
837 2858 202 57 tickets,
1081 2864 53 43 to
1176 2859 121 48 take
1336 2875 100 41 me,
1479 2860 83 48 for
1603 2875 31 33 a
1672 2860 403 59 consideration,
2117 2863 168 46 under
2325 2864 88 46 the
2453 2865 292 58 protection

470 2938 56 47 of
562 2939 88 48 the
687 2938 502 50 Americo-Hellenic
1227 2940 211 49 Tourist
1476 2941 219 48 Service.
1769 2943 22 47 I
1830 2944 245 59 accepted
2112 2944 82 48 his
2234 2945 150 56 offer,
2425 2945 319 56 Gentlemen,

471 3020 82 47 for
589 3020 114 49 that
739 3032 176 49 young
950 3036 126 33 man
1110 3036 109 34 was
1255 3023 88 47 the
1380 3023 170 60 image
1584 3023 57 48 of
1676 3039 99 33 me.
1814 3060 112 12 ...
1999 3025 60 48 In
2094 3026 185 60 Tokyo
2316 3027 23 46 I
2377 3029 243 46 attended
2657 3029 88 46 the

470 3100 201 50 motion
706 3101 227 60 pictures
968 3102 134 49 after
1138 3119 68 32 an
1242 3103 165 49 active
1442 3104 118 60 day,
1630 3105 112 49 The
1778 3105 249 49 audience
2063 3108 57 46 of
2154 3120 316 47 prosperous
2507 3109 238 48 business

471 3197 136 44 men,
649 3190 182 53 except
870 3183 83 48 for
993 3185 88 47 the
1120 3185 181 48 colour
1341 3185 56 49 of
1436 3186 135 49 their
1611 3186 134 58 skin,
1785 3188 168 59 might
1993 3189 161 59 easily
2194 3191 132 46 have
2365 3191 132 47 been
2537 3191 206 60 myself,

469 3265 105 47 and
607 3265 142 48 what
782 3280 107 34 was
923 3280 90 46 my
1046 3265 148 60 pride
1226 3272 54 43 to
1313 3282 84 33 see
1430 3282 90 46 my
1553 3283 121 33 own
1707 3268 267 49 reflection
2007 3271 195 58 parade
2235 3285 174 35 across
2443 3273 88 47 the
2566 3286 178 34 screen

470 3346 54 48 in
560 3346 145 60 guise
742 3346 57 49 of
834 3348 89 47 the
960 3348 127 48 hero
1097 3350 9 45 I
1149 3384 162 11 ....
1351 3349 323 60 Duplicator,
1713 3351 106 47 Inc.
1857 3351 98 49 has
1993 3352 136 49 done
2165 3352 66 49 its
2270 3353 163 58 work,
2473 3356 104 45 and
2616 3370 127 32 even

470 3427 54 48 in
558 3428 89 49 the
682 3428 213 50 darkest
931 3443 212 35 corners
1180 3429 58 48 of
1273 3431 88 47 the
1398 3430 207 49 ancient
1640 3432 295 50 continents
1973 3449 97 32 our
2106 3436 177 57 gospel
2320 3435 44 48 is
2401 3436 341 59 penetrating.

470 3508 70 48 Be
585 3524 119 34 sure
764 3509 181 61 you're
1006 3511 139 60 right
1204 3513 127 47 then
1392 3524 63 48 go
1519 3514 182 47 ahead.
1782 3515 161 46 Small
1988 3515 183 59 profits
2190 3545 68 6 —
2277 3516 158 60 quick
2479 3522 262 44 turnover.

470 3590 259 48 Standard
757 3591 57 47 of
840 3592 89 48 the
957 3594 182 46 world.
1203 3593 106 47 Ask
1337 3595 89 47 the
1454 3610 126 33 man
1608 3596 121 47 who
1759 3611 146 33 owns
1935 3611 114 33 one.
2115 3597 46 47 If
2188 3604 93 42 not
2309 3600 55 46 in
2395 3600 106 47 sale
2529 3600 54 48 in
2612 3615 132 45 your

470 3671 215 61 vicinity
724 3672 147 49 write
912 3673 82 48 for
1033 3676 257 59 complete
1330 3677 217 59 catalog.

638 3776 143 49 Once
812 3776 56 49 in
901 3777 215 60 dreamy
1151 3777 279 49 old-world
1464 3777 157 49 Cadiz
1656 3780 22 46 I
1712 3794 107 33 was
1853 3780 262 61 watching
2148 3797 32 32 a
2211 3782 252 59 goatherd
2496 3783 131 47 milk
2662 3783 81 48 his

470 3859 137 47 flock
642 3863 53 43 at
729 3858 82 49 his
845 3857 307 50 customer's
1185 3875 124 44 very
1345 3860 145 47 door.
1562 3861 266 60 Suddenly
1862 3876 31 33 a
1928 3863 140 46 Ford
2102 3864 144 48 drew
2280 3878 71 46 up
2386 3870 53 43 to
2474 3866 89 47 the
2596 3866 145 48 curb.

470 3938 41 47 A
546 3951 175 48 young
757 3954 126 33 man
917 3941 185 59 leaped
1138 3946 91 43 out
1265 3942 120 47 who
1422 3942 290 48 resembled
1749 3958 85 34 me
1869 3959 147 33 more
2052 3945 193 60 closely
2280 3947 130 47 than
2447 3961 29 33 a
2512 3947 229 49 brother.

472 4019 9 17 '
503 4020 225 49 Haven't
767 4022 22 47 I
828 4036 122 33 seen
987 4036 104 45 you
1131 4022 55 47 in
1225 4022 321 60 Coffeyville,
1899 4026 65 47 he
2005 4026 126 48 said.
2204 4026 116 48 And
2361 4043 119 33 sure
2518 4030 224 60 enough,

470 4102 66 49 he
569 4102 121 47 had.
762 4102 79 50 He
875 4118 108 33 was
1018 4104 89 48 the
1144 4119 95 33 son
1274 4104 58 48 of
1367 4119 30 33 a
1433 4104 227 60 Spanish
1696 4107 224 59 grandee
1956 4109 104 46 and
2095 4109 66 47 he
2198 4109 110 48 also
2344 4115 162 43 wrote
2542 4116 198 55 poetry.

471 4184 319 56 Gentlemen,
827 4199 56 33 as
918 4184 22 47 I
976 4185 122 47 look
1136 4190 50 44 at
1222 4199 132 47 your
1390 4201 122 45 rosy
1548 4187 103 47 and
1688 4186 233 49 uniform
1957 4189 157 57 faces,
2150 4191 129 47 each
2315 4206 99 34 one
2450 4192 89 48 the
2574 4192 169 59 image
