3627 4417
1761 109 58 55 53

269 257 127 54 Aber
426 259 45 51 in
501 259 146 51 seiner
678 257 329 71 Verblendnng
1036 259 180 51 achtete
1246 254 171 55 Molino
1448 253 124 52 nicht
1601 254 76 51 dar-

142 344 100 52 auf:
273 362 51 33 er
353 361 96 33 war
480 343 81 50 auf
585 343 88 50 die
703 344 130 50 Stufe
866 346 80 49 der
961 342 319 53 Leidenschaft
1310 339 290 70 gekommen,
1629 357 75 32 wo

145 430 71 50 die
244 428 260 52 Eifersucht
533 428 79 50 mit
644 428 123 51 einer
810 430 88 49 Art
940 449 86 30 von
1064 426 292 52 fieberhafter
1387 423 180 51 Freude
1597 423 107 51 alles

142 513 225 69 aufgreift,
396 531 95 32 was
520 513 69 50 ihr
619 513 88 51 den
738 515 163 49 Schein
932 515 81 49 der
1036 511 342 67 Berechtigung
1399 508 149 69 geben
1572 508 132 51 kann.

265 598 54 49 In
363 596 146 52 dieser
548 598 262 68 Stimmung
848 598 103 49 eilte
983 614 51 31 er
1063 596 80 49 auf
1168 595 80 50 das
1280 593 302 52 Policei-Amt
1613 592 91 50 und

143 681 170 60 erfuhr,
344 681 103 52 dass
477 682 163 51 Cäcilie
672 684 130 48 einen
834 685 111 47 Pass
976 680 216 61 nach***,
1224 680 80 50 der
1333 678 233 52 Heimat
1596 677 108 51 des

143 765 363 61 Gesandten,
538 783 275 50 genommen
842 766 139 50 hatte.

268 852 106 50 Sein
402 852 110 50 Blut
541 857 245 50 erstarrte;
832 850 81 49 mit
955 849 147 52 kalter
1136 850 305 68 Berechnung
1469 849 235 52 beschloss

141 953 66 42 er,
237 935 93 49 sich
362 954 56 30 zu
446 934 257 58 verstellen,
743 932 67 51 bis
852 934 82 50 der
973 934 287 68 Augenblick
1299 935 290 67 gekommen,
1634 934 70 50 die

139 1020 193 51 Falsche
364 1037 56 31 zu
451 1019 246 49 entlarven.
754 1019 66 49 Er
849 1020 145 69 zeigte
1027 1020 92 51 sich
1150 1019 216 52 desshalb
1397 1020 44 50 in
1473 1020 89 51 den
1589 1021 86 49 Pro-

139 1103 93 50 ben
266 1101 200 50 überaus
506 1101 248 51 freundlich
796 1104 94 52 und
918 1104 118 68 artig
1064 1122 147 50 gegen
1242 1104 122 51 seine
1394 1104 308 58 Desdemona,

142 1188 207 49 scherzte
390 1186 82 51 mit
514 1186 69 51 ihr
622 1188 94 50 und
757 1189 157 69 Spielte
942 1190 90 50 den
1063 1190 191 68 übrigen
1289 1190 211 66 Sängern
1531 1205 141 51 gegen-

139 1270 119 52 über
288 1270 88 51 den
405 1272 249 68 Sorglosen
684 1273 94 51 und
802 1274 376 67 Gleichgültigen.
1211 1273 135 51 Seine
1376 1273 192 51 Absicht
1589 1291 110 41 war,

142 1355 84 51 der
265 1355 134 52 Welt
435 1355 70 51 die
546 1357 225 50 Schmach
810 1358 80 49 des
932 1358 213 49 Grundes
1177 1357 147 50 seiner
1354 1357 259 52 Eifersucht
1643 1376 57 31 zu

142 1439 268 70 verbergen,
454 1440 72 51 die
565 1442 222 50 Treulose
832 1442 110 50 aber
979 1442 162 50 immer
1180 1443 130 49 mehr
1350 1461 56 31 zu
1446 1459 254 51 umgarnen

142 1524 95 52 und
282 1524 147 51 sicher
471 1542 57 32 zu
569 1524 204 52 machen.
833 1527 134 49 Seine
1012 1526 150 50 Partie
1194 1545 113 49 sang
1335 1527 93 49 und
1460 1527 158 68 spielte
1649 1545 51 33 er

139 1609 289 51 meisterlich.
489 1609 194 51 Cäcilien
726 1611 111 49 aber
885 1611 156 52 ilösste
1072 1630 49 31 er
1152 1611 69 50 ein
1253 1612 231 67 geheimes
1514 1612 186 49 Grauen

139 1693 97 51 ein:
268 1693 99 51 eine
395 1693 266 69 peinigende
689 1694 347 69 Beängstigung
1065 1696 126 49 hatte
1218 1696 94 49 sich
1341 1696 123 49 ihrer
1486 1694 186 51 bemäch-

138 1778 102 68 tigt,
272 1778 92 50 und
392 1777 64 50 als
479 1776 81 51 der
588 1776 166 52 Abend
786 1778 80 50 der
887 1780 296 67 Aufführung
1216 1780 119 54 kam,
1376 1780 228 49 fürchtete
1635 1780 64 49 sie

139 1861 153 52 neben
322 1862 104 50 dem
456 1862 150 48 Hasse
637 1861 79 51 des
746 1862 239 51 Geliebten
1014 1863 116 50 auch
1169 1863 122 51 seine
1319 1863 215 51 Rache.

268 1945 127 50 Nach
438 1945 104 50 dem
586 1952 155 43 ersten
781 1946 212 67 Aufzuge
1039 1947 191 51 wurden
1261 1947 84 50 alle
1375 1948 179 68 Sänger
1585 1951 96 47 stür-

139 2030 144 51 misch
313 2030 205 67 gerufen,
548 2028 70 51 die
635 2028 151 53 Musik
815 2031 194 51 zündete
1034 2032 226 68 gewaltig.
1290 2034 105 48 Den
1420 2032 284 68 Glanzpunct

141 2115 111 51 aber
279 2115 127 49 hatte
437 2114 185 50 Othello
653 2114 81 50 mit
763 2114 149 52 seiner
940 2133 193 49 grossen
1162 2116 110 50 Arie
1301 2134 59 33 zu
1381 2115 211 68 Anfange
1622 2116 82 51 der

141 2200 131 68 Oper
301 2197 213 69 gebildet.
557 2197 294 52 Desdemona
885 2199 166 67 jedoch
1092 2200 102 49 liess
1224 2199 216 52 Manches
1473 2219 55 30 zu
1571 2204 97 47 wün-

141 2285 141 50 schen
311 2282 157 68 übrig:
500 2281 70 51 die
593 2282 155 51 innere
764 2284 270 67 Bewegung
1050 2285 290 50 verhinderte
1369 2284 71 51 die
1460 2285 239 67 Sängerin,

141 2368 97 50 ihre
268 2368 200 50 schönen
481 2366 161 51 Kräfte
660 2366 43 51 in
719 2368 271 67 gewohnter
1000 2369 251 51 Harmonie
1266 2388 56 32 zu
1345 2369 228 51 entfalten.
1604 2370 98 50 Der

138 2451 147 52 Fluch
335 2451 79 50 des
451 2451 166 50 Vaters
659 2451 154 51 schien
853 2453 80 49 auf
965 2451 70 51 ihr
1078 2472 57 31 zu
1176 2453 160 50 lasten.
1394 2451 130 51 Aber
1564 2470 105 33 ener-

141 2536 179 69 gischer
348 2542 92 44 trat
470 2535 62 50 sie
561 2535 60 51 im
651 2536 242 68 folgenden
924 2536 211 69 Aufzuge
1164 2538 179 51 hervor.
1380 2536 293 69 Unvergleich-

138 2620 89 51 lich
256 2637 98 34 war
383 2619 122 69 Spiel
536 2619 94 51 und
659 2620 184 68 Gesang
870 2620 59 50 im
960 2622 213 50 Terzett:
1215 2661 18 19 „
1247 2623 76 49 Ah
1351 2623 133 57 vieni,
1521 2623 73 49 nel
1624 2633 78 39 tuo

139 2724 173 49 sangue
325 2714 43 50 %
412 2705 103 50 dem
545 2704 312 69 Höhepunkte
889 2705 81 51 der
1007 2707 115 50 nach
1153 2705 81 51 der
1263 2705 312 70 Katastrophe
1604 2705 72 51 hin-

141 2788 296 68 drängenden
466 2788 263 68 Handlung,
772 2788 204 52 obschon
1008 2789 81 51 der
1120 2789 269 70 Componist
1431 2790 97 49 hier
1557 2797 143 43 etwas

141 2874 219 50 Besseres
392 2873 125 50 hätte
547 2872 147 68 geben
725 2873 197 60 können,
964 2874 63 50 als
1070 2874 70 51 die
1172 2873 279 52 ermüdende
1484 2874 185 51 Wieder-

141 2958 175 69 holung
345 2957 338 70 gewöhnlicher
711 2958 255 51 Melodieen
995 2959 59 50 im
1087 2958 174 51 breiten
1299 2958 404 52 Vier-Vierteltact

141 3042 96 51 und
266 3043 60 48 im
358 3050 142 43 etwas
518 3042 284 49 nüchternen
834 3044 160 49 C-dur.
1026 3042 128 51 Aber
1183 3043 71 50 die
1271 3044 192 65 Sänger,
1492 3051 178 42 nament-

139 3126 87 51 lich
255 3126 170 51 Molino
454 3127 93 50 und
565 3126 178 58 Cäcilie,
773 3127 274 51 verdeckten
1077 3127 120 51 diese
1229 3127 297 57 Schwächen,
1558 3126 142 51 rissen

141 3210 254 52 Orchester
438 3211 93 51 und
560 3211 268 67 Dirigenten
858 3212 43 50 in
932 3212 173 51 heisser
1140 3212 316 51 Leidenschaft
1496 3211 81 51 mit
1606 3211 93 51 sich

141 3295 106 59 fort,
275 3295 150 50 indem
456 3295 62 49 sie
548 3295 79 50 das
658 3295 175 68 Tempo
873 3296 87 49 wie
989 3296 272 51 unbewusst
1290 3296 159 49 immer
1478 3296 224 49 schneller

142 3380 95 51 und
282 3378 221 51 schneller
539 3378 211 59 nahmen,
792 3380 94 49 und
917 3378 212 69 ergriffen
1159 3380 70 51 die
1260 3380 209 51 Zuhörer
1516 3380 80 49 auf
1620 3378 79 51 das

143 3465 205 52 höchste.

270 3549 134 50 Doch
433 3547 288 51 Desdemona
764 3546 132 51 hörte
928 3547 123 51 nicht
1088 3547 79 52 das
1194 3547 243 52 Rauschen
1481 3547 78 51 des
1599 3547 76 51 Bei-

143 3635 112 58 falls,
287 3634 80 51 der
397 3632 146 53 dieser
570 3632 221 50 Nummer
821 3631 155 67 folgte,
1008 3640 174 43 wusste
1211 3632 137 60 nicht,
1389 3631 59 52 ob
1486 3632 94 51 und
1610 3634 85 49 wie

142 3718 65 50 sie
236 3719 96 49 ihre
362 3718 151 50 Partie
542 3715 342 69 durchgeführt.
915 3716 75 50 Sie
1021 3716 126 50 hatte
1178 3735 88 32 nur
1295 3718 73 49 für
1398 3716 89 51 den
1517 3716 156 51 Gelieb-

141 3810 82 45 ten
250 3803 136 67 Auge
415 3803 94 50 und
539 3801 101 51 Ohr
670 3799 182 68 gehabt,
893 3817 88 33 nur
1023 3801 82 50 mit
1134 3801 267 51 Schaudern
1446 3801 79 51 das
1566 3801 132 51 wilde

141 3888 238 51 Leuchten
410 3886 147 51 seiner
586 3886 182 68 Augen,
819 3884 77 51 das
924 3884 177 51 Zittern
1145 3885 149 51 seiner
1323 3885 152 60 Hand,
1515 3885 43 50 in
1590 3885 81 50 wel-

142 3972 109 52 cher
278 3972 79 50 das
383 3973 212 49 Schwert
623 3972 170 58 blitzte,
823 3969 191 69 verfolgt
1044 3969 92 51 und
1166 3969 43 51 in
1238 3970 290 51 namenloser
1549 3969 150 69 Angst

142 4074 58 33 zu
230 4055 229 51 erkennen
491 4054 234 70 geglaubt,
755 4054 102 52 dass
887 4071 51 33 er
981 4053 122 51 nicht
1140 4053 310 58 Desdemona,
1502 4053 196 52 sondern

143 4139 196 52 Cäcilien
369 4140 198 68 glühend
598 4139 146 52 hasse.
776 4139 77 51 Bei
885 4139 81 51 der
997 4138 153 60 Stelle,
1195 4156 73 33 wo
1309 4137 83 50 der
1421 4138 282 70 Zweikampf

1799 257 83 51 mit
1907 254 205 69 Rodrigo
2142 252 230 68 beginnen
2404 249 147 61 sollte,
2582 250 125 51 hatte
2721 250 172 53 Molino
2925 250 92 53 sein
3031 249 188 54 Gesicht
3248 256 121 44 starr

1797 342 115 49 nach
1944 341 81 49 der
2055 342 128 66 Loge
2212 338 80 51 des
2324 334 265 54 Gesandten
2621 334 236 69 gerichtet,
2899 353 93 33 was
3024 337 148 49 dieser
3195 334 172 69 jedoch

1797 426 122 49 nicht
1944 423 244 51 bemerken
2212 423 187 59 konnte,
2423 419 103 54 weil
2556 418 97 52 sein
2682 418 136 69 Auge
2848 421 298 49 unverwandt
3176 437 56 34 an
3248 422 90 48 Des-

1799 510 193 50 demona
2023 508 122 68 hing.

1923 591 162 52 Cäcilie
2137 592 139 57 hatte,
2320 591 88 51 wie
2460 609 48 31 es
2561 587 459 71 Schauspielerinnen
3079 590 284 67 gewöhnlich

1799 678 125 70 geht,
1964 677 130 50 keine
2133 676 231 51 Freundin
2394 684 137 41 unter
2577 676 128 49 ihren
2737 673 331 52 Genossinnen.
3126 675 239 59 Dennoch,

1798 783 88 33 von
1917 762 89 51 den
2036 760 292 49 Eindrücken
2358 760 300 66 gesteigerter
2686 758 175 51 Furcht
2892 757 254 67 getrieben,
3189 757 172 51 welche

1799 868 82 33 zur
1910 845 293 67 Mittheilung
2243 844 218 66 drängen,
2502 845 219 49 eröffnete
2766 845 62 49 sie
2878 844 102 50 dem
3024 842 177 69 jungen
3232 842 99 51 Mäd-

1798 935 128 57 chen,
1958 930 198 53 welches
2199 929 98 49 ihre
2325 927 248 51 Vertraute
2601 927 59 50 im
2691 929 142 49 Stück
2874 927 172 69 spielte,
3087 927 125 59 alles,
3266 944 97 33 was

1796 1020 139 51 heute
1980 1018 70 49 ihr
2077 1015 124 50 Herz
2241 1012 214 66 bewegte
2495 1011 94 51 und
2630 1011 121 50 seine
2782 1012 193 66 Schläge
3016 1012 161 50 immer
3227 1011 133 51 mehr

1796 1103 93 53 und
1919 1101 131 51 mehr
2079 1096 357 68 beschleunigte.
2502 1098 71 48 Da
2603 1095 117 67 stieg
2749 1095 211 69 plötzlich
2989 1096 70 49 ein
3088 1096 271 51 Entschluss

1793 1189 46 51 in
1868 1188 71 50 ihr
1964 1186 88 59 auf,
2084 1184 70 52 ein
2185 1181 233 59 Gedanke,
2470 1179 89 52 den
2606 1180 62 50 sie
2700 1180 142 51 schon
2872 1180 65 50 oft
2968 1180 183 67 gehegt,
3191 1180 165 52 dessen

1793 1270 399 66 Verwirklichung
2221 1266 112 53 aber
2362 1273 113 43 stets
2516 1265 82 51 der
2629 1264 232 52 Gesandte
2892 1270 229 61 entgegen
3151 1272 210 59 getreten

1794 1376 111 33 war.
1964 1355 159 52 Seiner
2152 1350 376 54 ausdrücklichen
2558 1348 323 68 Einwilligung
2911 1346 212 51 bedurfte
3163 1364 49 33 es
3255 1346 110 51 aber

1794 1443 116 51 auch
1935 1442 130 66 jetzt.
2097 1438 74 51 Sie
2203 1435 200 52 schickte
2433 1434 170 52 schnell
2634 1433 114 52 nach
2794 1434 148 50 seiner
2970 1434 146 66 Loge,
3162 1451 79 31 um
3284 1432 77 50 ihn

1794 1527 82 51 auf
1898 1526 70 50 die
1996 1523 163 52 Bühne
2188 1522 132 49 rufen
2351 1538 57 32 zu
2436 1519 161 51 lassen.
2658 1517 108 52 Man
2796 1517 197 52 meldete
3022 1517 84 59 ihr,
3152 1517 82 50 der
3266 1517 60 50 Ge-

1793 1611 160 50 sandte
2008 1607 115 51 habe
2182 1606 94 50 sich
2325 1603 116 52 nach
2495 1603 103 52 dem
2643 1602 194 51 zweiten
2878 1602 212 67 Aufzuge
3137 1600 212 58 entfernt,

1793 1713 80 33 um
1903 1694 98 51 eine
2030 1694 162 54 Dame,
2224 1689 69 51 die
2324 1687 212 71 plötzlich
2558 1687 187 52 unwohl
2767 1686 264 68 geworden,
3060 1686 117 50 nach
3199 1687 156 49 Hause

1796 1799 57 31 zu
1881 1777 245 69 begleiten.
2166 1774 163 50 Cäcilie
2359 1790 97 33 war
2486 1773 85 51 wie
2601 1771 265 50 vernichtet.

1920 1865 98 49 Der
2048 1860 136 52 dritte
2215 1858 91 51 Act
2335 1856 196 67 begann.
2588 1858 53 49 In
2685 1856 105 51 dem
2818 1853 221 52 Recitativ
3068 1853 81 51 mit
3177 1853 177 59 Emilie,

1797 1948 81 52 der
1889 1948 296 55 Vertrauten,
2217 1960 113 49 sang
2353 1940 164 52 Cäcilie
2547 1959 51 33 so
2629 1940 210 52 schwach
2869 1938 95 52 und
2993 1938 226 59 unsicher,
3251 1937 102 51 dass

1794 2035 117 48 Jene
1940 2032 87 49 fast
2066 2030 90 48 irre
2190 2026 144 52 ward.
2395 2025 83 50 Als
2508 2025 80 50 das
2618 2023 253 52 Orchester
2916 2022 70 51 die
3016 2023 234 50 Romanze
3281 2021 79 51 des

1796 2115 270 53 Gondoliers
2097 2112 240 56 einleitete,
2377 2107 210 54 flüsterte
2629 2108 62 51 sie
2723 2107 104 51 dem
2855 2106 227 52 Mädchen
3113 2125 81 32 zu:
3261 2106 97 57 „Er

1794 2202 120 68 singt
1943 2200 87 49 mir
2058 2197 120 51 mein
2579 2194 97 50 und
2725 2194 65 50 als
2837 2191 104 51 bald
2984 2192 165 51 darauf
3182 2190 172 52 Molino

1792 2286 150 50 hinter
1973 2282 89 51 den
2093 2280 238 52 Coulissen
2373 2276 198 53 sichtbar
2613 2275 145 61 ward,
2796 2276 181 51 machte
3021 2275 71 51 die
3124 2275 197 67 Angster-

1793 2371 130 50 füllte
1952 2368 80 50 auf
2058 2366 155 51 seinen
2244 2364 259 68 glühenden
2530 2361 129 54 Blick
2688 2362 320 50 aufmerksam.

1919 2451 219 52 Indessen
2168 2449 183 68 begann
2380 2445 80 53 das
2488 2445 209 52 Ritornel
2726 2463 56 33 zu
2814 2444 81 51 der
2925 2444 275 51 berühmten
3248 2442 112 51 Arie

1792 2538 332 51 Desdemona's
2156 2553 81 33 aus
2757 2534 113 51 G-m
2982 2535 78 48 oll.
2521 2530 84 52 Als
2646 2530 70 52 die
2745 2530 144 51 Harfe
2935 2529 70 51 die
3038 2529 320 67 gebrochenen

1793 2622 212 50 Accorde
2046 2619 235 67 anschlug,
2323 2616 69 51 die
2441 2616 331 65 Flötenklänge
2813 2614 94 51 sich
2965 2613 245 50 melodisch
3265 2611 69 51 bei-

1794 2707 238 54 mischten,
2090 2704 56 51 da
2188 2704 104 51 kam
2321 2700 82 52 auf
2437 2702 160 50 einmal
2635 2700 135 52 Muth
2810 2698 95 52 und
2942 2699 135 50 Kraft
3120 2696 113 51 über
3271 2698 80 49 das

1792 2789 312 57 tiefgebeugte
2132 2787 239 52 Mädchen.
2431 2787 74 49 Sie
2555 2784 143 52 erhob
2744 2783 93 51 sich
2881 2782 317 58 anmuthsvoll,
3257 2780 97 50 ihre

1874 2842 27 17 o
2028 2840 26 16 o

1796 2877 167 67 Augen
1992 2873 261 51 leuchteten
2293 2869 89 51 hell
2422 2869 94 52 und
2555 2870 114 50 stolz
2701 2869 88 56 auf,
2837 2869 93 50 und
2970 2867 61 50 sie
3063 2865 180 69 begann
3275 2865 80 51 das

1796 2959 157 52 Jssisa
1997 2959 47 50 al
2062 2959 74 65 pie
2166 2959 113 49 d'un
2307 2954 134 52 salice
2460 2954 214 51 immenso
2702 2954 71 49 nel
2795 2952 149 51 dolore
2974 2948 80 51 mit
3076 2950 122 50 ihrer
3224 2949 108 51 schö-

1794 3061 90 34 nen
1912 3041 337 52 metallreichen
2281 3038 189 52 Stimme
2503 3053 123 35 zwar
2664 3034 225 59 schwach,
2933 3033 111 52 aber
3095 3036 120 49 ohne
3262 3034 70 50 Zit-

1793 3136 103 43 tern
1940 3145 57 33 zu
2042 3126 173 68 singen.
2262 3123 64 51 Es
2372 3141 97 33 war
2499 3122 80 51 der
2606 3122 136 51 Muth
2773 3119 83 51 der
2881 3118 242 53 Unschuld
3152 3119 95 51 und
3279 3119 80 51 der

1792 3213 288 65 Entsagung,
2137 3210 80 50 der
2268 3207 62 52 sie
2375 3206 289 67 durchdrang
2718 3203 95 52 und
2853 3202 173 60 erhob;
3072 3203 95 50 ihre
3213 3221 142 51 ganze

1792 3295 317 67 Erscheinung
2152 3311 97 34 war
2293 3291 70 52 die
2404 3293 124 50 einer
2556 3291 296 49 Verklärten.

1921 3381 64 50 So
2015 3378 205 51 erschien
2264 3376 64 51 sie
2371 3376 117 51 auch
2522 3375 190 58 Molino,
2756 3372 82 51 der
2869 3373 150 51 hinter
3048 3375 81 49 der
3152 3371 203 52 Coulisse

1796 3465 132 51 stand
1968 3462 94 51 und
2103 3462 70 50 ihr
2212 3460 290 68 regungslos,
2552 3460 88 49 wie
2686 3457 266 60 bezaubert,
3011 3457 203 51 zuhörte.
3271 3456 83 49 Als

1796 3550 60 51 sie
1888 3547 71 51 bei
1999 3546 103 51 dem
2145 3546 275 67 Uebergang
2457 3545 117 51 nach
2622 3546 155 50 B-dur
2822 3542 89 51 den
2958 3544 99 49 Ton
3104 3540 222 51 anschwel-

1794 3634 73 49 len
1896 3632 101 50 liess
2029 3630 94 52 und
2151 3630 70 51 die
2264 3629 356 67 Triolen-Figur
2663 3629 61 49 im
2766 3626 326 66 nachhaltigen,
3138 3624 189 67 glocken-

1792 3718 156 50 reinen
1989 3716 158 59 Forte,
2192 3715 87 51 wie
2323 3715 82 51 mit
2434 3714 267 51 Zuversicht
2744 3711 165 56 erfüllt,
2955 3709 235 67 erklingen
3234 3709 121 57 liess,

1793 3801 56 51 da
1879 3800 129 51 ward
2037 3817 51 33 er
2118 3818 51 33 so
2201 3799 285 67 hingerissen
2516 3815 87 33 von
2643 3796 80 50 der
2751 3794 208 67 Haltung
2987 3792 96 53 und
3116 3792 106 50 dem
3252 3810 75 33 see-

1792 3885 224 52 lenvollen
2046 3886 131 50 Tone
2206 3885 80 50 des
2319 3883 313 52 schuldreinen
2662 3879 266 57 Mädchens,
2960 3878 104 50 dass
3097 3894 51 33 er
3177 3878 153 49 unwill-

1793 3970 175 51 kürlich
1997 3969 116 52 nach
2154 3970 105 51 dem
2298 3968 174 52 Dolche
2517 3965 108 69 griff
2655 3963 94 52 und
2778 3963 159 58 fühlte,
2982 3963 61 52 ob
3087 3961 71 51 die
3203 3961 158 69 Spitze

1793 4055 118 51 auch
1940 4054 203 51 wirklich
2188 4054 175 67 stumpf
2400 4050 61 52 sei
2505 4048 96 52 und
2644 4066 49 33 er
2737 4046 127 51 nicht
2894 4046 168 51 Gefahr
3093 4046 134 56 laufe,
3274 4064 56 33 un-

1796 4138 265 52 willkürlich
2083 4138 193 51 Cäcilien
2306 4154 57 32 zu
2394 4132 293 54 verwunden.
2721 4130 131 52 Aber
2876 4130 163 52 Cäcilie
3069 4129 140 52 nahm
3240 4130 123 51 diese
