3627 4417
1725 125 61 53 55

272 278 67 49 Im
384 276 138 50 Jahre
576 271 150 51 1820
776 289 94 33 war
916 290 50 33 er
1023 290 103 33 zum
1171 270 242 52 Professor
1457 285 71 32 am
1575 268 90 52 Con-

132 362 304 52 servatorium
466 360 44 49 in
541 358 122 51 Paris
710 364 206 55 ernannt,
962 362 153 66 später
1156 356 78 50 hat
1270 372 51 33 er
1366 351 208 52 mehrere
1603 354 92 51 Mal

134 448 156 51 seinen
317 443 270 53 Aufenthalt
625 443 234 67 geändert.

259 530 88 51 Um
380 528 70 51 die
482 528 470 66 Vervollkommnung
996 525 81 50 der
1108 522 250 52 Clarinette
1397 522 79 49 hat
1519 538 51 33 er
1604 520 92 51 sich

132 616 328 52 hochverdient
505 614 223 70 gemacht.
775 613 65 48 Er
883 609 156 52 erfand
1084 608 99 51 eine
1214 607 247 52 Clarinette
1505 607 82 50 mit
1623 604 68 52 13

132 699 226 72 Klappen,
403 699 81 51 auf
522 701 80 49 der
646 698 93 51 sich
784 696 198 68 bequem
1027 711 81 33 aus
1154 692 115 51 allen
1301 693 234 50 Tonarten
1578 691 92 69 spie-

134 783 75 52 len
251 784 134 61 lässt;
455 784 151 50 ferner
649 781 70 50 die
764 778 376 59 Alt-Clarinette;
1199 795 48 33 er
1291 776 288 52 verbesserte
1622 776 71 50 die

131 870 212 69 Klappen
400 868 145 51 durch
600 871 263 61 angesetzte
917 862 146 51 kleine
1120 861 235 52 elastische
1397 861 159 52 Ballen
1611 878 82 33 zur

131 955 318 64 Vermeidung
493 952 80 50 des
612 950 288 50 Geräusches
944 947 118 52 beim
1091 947 300 52 Niederfallen
1435 946 256 58 derselben,

131 1038 98 53 und
272 1038 88 51 den
392 1035 224 52 Schnabel
663 1033 144 51 durch
851 1032 71 52 ein
967 1032 263 52 metallenes
1272 1032 129 51 Band
1444 1031 83 51 mit
1556 1030 114 52 Stell-

132 1121 261 53 schrauben
436 1138 83 33 zur
555 1118 299 69 Befestigung
897 1117 80 51 des
1020 1117 174 50 Blattes
1242 1122 87 45 etc.
1418 1115 109 50 Sein
1571 1113 122 70 Spiel

132 1205 234 54 zeichnete
398 1205 93 51 sich
510 1204 143 50 durch
682 1207 181 65 grösste
879 1201 266 69 Fertigkeit,
1179 1201 201 67 Eleganz
1410 1199 97 52 und
1542 1200 153 49 Feuer

131 1308 99 37 aus.
249 1291 264 51 Gedruckte
544 1289 387 70 Compositionen,
977 1287 63 50 als
1063 1286 262 60 Quartette,
1349 1285 226 51 Concerte
1599 1290 85 44 etc.

132 1374 102 54 sind
276 1375 44 53 in
381 1374 124 52 nicht
558 1371 378 54 unbedeutender
981 1370 110 51 Zahl
1134 1389 89 32 von
1277 1369 92 49 ihm
1414 1367 278 52 erschienen.

132 1461 136 52 Seine
313 1459 470 52 Clarinetten-Schule
825 1458 58 49 ist
925 1455 326 52 weltbekannt.

257 1545 74 51 Da
374 1544 84 51 alle
511 1543 342 52 musicalischen
896 1540 180 52 Werke
1119 1540 94 51 und
1256 1538 315 52 Zeitschriften
1616 1536 79 52 das

132 1630 117 52 Jahr
294 1630 147 51 seiner
485 1628 181 51 Geburt
708 1646 87 38 nur
840 1625 265 52 annähernd
1148 1623 224 70 angeben,
1433 1640 49 33 so
1528 1621 168 51 wollen

135 1715 85 51 wir
265 1713 273 52 schliesslich
581 1712 264 58 bemerken,
897 1710 103 50 dass
1053 1709 81 51 der
1178 1707 297 52 verstorbene
1529 1722 166 51 grosse

134 1799 223 52 Künstler
398 1816 118 33 uns
566 1797 87 50 den
696 1794 51 52 3.
779 1793 259 53 December
1081 1794 139 69 (alten
1265 1792 137 68 Styls)
1441 1788 152 52 1786
1628 1789 65 51 als

135 1884 91 51 den
254 1886 101 64 Tag
398 1882 147 51 seiner
588 1880 179 50 Geburt
804 1878 167 69 angab.
1014 1878 66 49 Er
1120 1894 98 33 war
1263 1874 289 52 bekanntlich
1595 1891 63 33 we-

136 1967 107 68 nige
271 1967 170 51 Werst
482 1982 89 33 von
614 1963 138 51 Reval
798 1961 217 69 geboren.

263 2052 162 49 Iwan
485 2048 219 52 Müller
761 2046 57 52 ist
870 2047 83 52 der
996 2044 189 60 Zweite,
1241 2043 201 51 welcher
1485 2060 86 34 von
1618 2042 52 51 de-

138 2155 105 40 nen,
286 2136 141 51 deren
479 2136 175 49 Namen
699 2133 70 50 die
817 2129 310 54 musicalische
1169 2128 239 52 Nachwelt
1452 2134 113 44 stets
1615 2127 81 49 mit

136 2221 221 66 Achtung
399 2235 180 35 nennen
623 2216 128 59 wird,
795 2216 122 51 seine
960 2215 147 67 ewige
1148 2213 135 50 Ruhe
1328 2230 55 33 zu
1413 2209 278 68 Bückeburg

139 2305 230 68 gefunden
398 2303 90 50 hat.
531 2301 297 52 Bekanntlich
858 2298 405 52 entschlummerte
1298 2296 202 51 daselbst
1536 2293 152 51 1795

140 2388 117 51 auch
289 2387 180 52 Johann
501 2385 245 70 Christoph
784 2383 235 55 Friedrich
1061 2381 178 60 Bach,
1284 2381 82 51 der
1394 2386 172 44 neunte
1609 2396 56 32 un-

139 2481 72 43 ter
251 2472 87 52 den
381 2472 79 51 eilf
496 2471 186 51 Söhnen
726 2469 345 50 Sebastian
1101 2466 206 51 Bach's.

263 2557 111 52 Wir
418 2555 202 52 zweifeln
663 2554 139 58 nicht,
847 2552 103 51 dass
1001 2550 293 68 Bückeburg,
1350 2547 163 52 dessen
1556 2549 141 49 Fürst

139 2641 96 52 und
278 2641 166 51 dessen
470 2639 259 52 Bewohner
774 2645 113 43 stets
927 2654 182 51 grosses
1154 2636 229 48 Interesse
1427 2634 74 48 für
1542 2634 155 48 Kunst

140 2725 98 52 und
290 2724 152 53 Musik
492 2724 190 67 zeigten,
738 2721 130 51 recht
912 2720 107 51 bald
1063 2719 145 52 durch
1254 2717 85 60 ein,
1397 2734 138 33 wenn
1580 2715 117 49 auch

140 2809 187 60 kleines,
385 2806 375 54 Gedenkzeichen
814 2806 88 50 den
948 2804 255 70 Ruheplatz
1250 2803 79 50 des
1377 2799 319 52 bedeutenden

140 2894 244 52 Künstlers
416 2893 273 50 bezeichnen
718 2891 129 50 wird.

1439 2968 49 52 C.
1535 2969 52 50 B.

268 2979 202 59 Minden,
505 2978 49 50 8.
586 2976 209 51 Februar
837 2973 165 53 1854.

625 3370 131 44 Aus
797 3366 416 47 Wiesbaden.

1046 3500 100 39 Den
1176 3496 300 42 7.Februar
1509 3493 113 41 1854.

225 3619 70 42 Ich
338 3616 121 42 sende
501 3614 136 47 Ihnen,
676 3611 173 42 meinem
880 3609 276 53 Versprechen
1194 3609 169 51 gemäss,
1406 3602 117 42 einen
1552 3602 149 40 kurzen

144 3681 162 42 Bericht
333 3681 100 40 über
461 3677 168 52 hiesiges
657 3672 295 43 musicalisches
980 3671 149 41 Leben.
1188 3668 71 40 Die
1289 3667 110 51 Oper
1438 3663 161 41 brachte
1628 3675 74 28 uns

143 3743 179 42 kürzlich
350 3741 176 43 zweimal
555 3740 186 50 Templer
770 3737 80 39 uud
879 3735 121 40 Jüdin
1029 3746 78 28 von
1134 3731 246 44 Marschner,
1418 3729 75 39 den

142 3809 143 50 träger,
310 3807 164 46 Robert,
516 3803 62 41 die
607 3803 177 39 Stumme
823 3799 80 40 und
941 3798 64 39 die
1033 3795 270 53 Hugenotten.
1358 3792 76 42 Die
1463 3789 240 52 Leistungen

143 3870 90 41 sind
275 3869 77 41 den
390 3868 178 53 hiesigen
606 3863 300 43 Verhältnissen
944 3869 272 43 angemessen.
1270 3856 80 40 Das
1380 3854 213 41 Orchester
1620 3851 81 38 und

143 3933 87 40 sein
257 3943 124 29 neuer
409 3931 193 51 Dirigent,
630 3928 106 41 Herr
765 3922 296 55 Capellmeister
1086 3921 192 51 Hagen,
1306 3917 89 40 sind
1424 3916 41 39 in
1488 3914 113 53 jeder
1627 3912 50 40 Be-

144 3996 171 51 ziehung
334 3995 167 52 tüchtig.
530 3995 77 39 Frl.
624 3991 161 48 Stork,
813 3990 87 40 hier
915 3986 90 42 sehr
1023 3997 96 41 gern
1148 3982 185 53 gesehen,
1362 3981 66 41 hat
1457 3980 39 39 in
1514 3980 188 48 Stuttgart

143 4058 177 54 weniger
348 4057 181 53 gefallen,
573 4057 71 39 soll
682 4056 83 40 sich
804 4051 176 43 dadurch
1020 4049 94 41 aber
1143 4046 110 40 nicht
1279 4057 78 28 von
1386 4048 203 36 ernsteren
1615 4039 65 40 Stu-

144 4122 95 40 dien
267 4121 187 40 abhalten
483 4121 140 39 lassen.
670 4119 56 40 Es
756 4116 182 43 entbehrt
966 4113 61 41 ihr
1056 4104 448 56 Gesanges-Ausdruck,
1537 4103 75 39 wie
1642 4100 61 41 ihr

145 4184 111 52 Spiel
299 4183 212 52 allerdings
549 4182 55 40 oft
649 4182 70 39 dos
767 4180 260 50 Prägnanten,
1070 4171 174 42 Grossen
1281 4169 81 39 und
1405 4164 298 53 Ergreifenden.

1796 264 93 42 Wie
1929 263 117 41 eine
2084 261 145 49 Partie,
2272 271 44 30 so
2356 257 89 42 sind
2491 257 65 42 bei
2599 257 165 42 ihr~alle
2802 260 39 39 in
2871 259 87 42 Ton
2989 259 81 40 und
3098 257 143 44 Farbe.
3299 256 68 42 Sie

1795 329 95 40 liebt
1918 327 78 40 den
2023 326 218 41 deutschen
2262 323 162 53 Gesang
2451 322 82 40 und
2567 321 65 41 hat
2653 322 150 40 Furcht
2822 335 69 28 vor
2915 323 70 40 der
3001 322 223 41 Coloratur.
3254 320 114 42 Aber

1794 391 40 40 in
1863 391 102 40 eben
1994 388 131 41 dieser
2152 387 132 41 Scheu
2332 397 70 28 vor
2439 384 71 40 der
2540 383 272 41 italienischen
2844 382 399 53 Gesanges-Bildung
3272 382 95 52 liegt

1794 454 100 41 auch
1924 454 72 41 der
2016 453 152 44 Grund,
2196 452 90 39 dass
2317 452 85 39 ihre
2424 449 168 41 Stimme
2623 448 178 52 weniger
2817 448 177 53 biegsam
3017 449 218 46 erscheint;
3267 448 102 42 auch

1792 518 112 40 sollte
1933 517 56 40 sie
2021 515 63 41 die
2112 517 243 50 Auffassung
2384 514 108 41 ihrer
2520 513 145 40 Rollen
2699 510 116 42 mehr
2853 511 294 53 durchdringen
3178 513 82 39 und
3290 524 75 27 uns

1792 580 110 39 nicht
1931 579 141 40 immer
2098 577 79 41 Ein
2206 577 83 40 und
2318 577 182 40 dasselbe
2539 575 92 41 Bild
2674 575 72 39 der
2787 572 303 54 gewöhnlichen
3130 574 239 40 Menschen-

1791 644 126 39 Natur
1960 640 225 40 vorführen.
2213 638 78 41 Frl.
2323 638 131 41 Röhl
2468 651 67 34 er,
2578 637 89 41 eine
2698 636 65 41 die
2792 636 104 39 eben
2925 640 197 47 genannte
3165 636 203 52 Richtung

1791 703 147 52 fleissig
1966 702 209 53 pflegende
2204 702 206 52 Sängerin,
2449 702 66 39 hat
2543 701 89 40 eine
2661 704 93 49 gute
2783 698 147 41 Schule
2961 697 81 39 und
3072 697 74 39 viel
3180 698 161 39 Bühnen-

1791 769 160 50 übung;
1980 765 56 40 sie
2065 764 50 41 ist
2142 764 49 40 da
2220 776 98 39 ganz
2347 763 74 41 wie
2451 776 47 26 zu
2528 764 148 38 Hause.
2735 763 114 39 Aber
2891 773 42 28 es
2979 759 49 41 ist
3067 759 40 39 in
3137 759 115 39 ihren
3285 759 62 39 Lei-

1790 837 169 47 stungen
1990 829 88 42 eine
2106 826 244 47 Monotonie,
2392 826 63 40 die
2497 826 62 40 für
2601 826 78 40 den
2719 825 127 41 durch
2885 824 78 42 den
3005 823 257 53 Gegenstand
3296 823 48 39 Er-

1790 900 183 46 regteren
2002 889 218 43 unleidlich
2263 887 61 41 ist.
2379 887 66 41 Sie
2476 887 49 40 ist
2563 900 97 39 gern
2689 887 193 52 gesehen;
2930 887 97 40 aber
3055 885 58 40 sie
3140 886 114 38 sollte
3283 884 86 39 ihre

1789 957 146 41 Rollen
1963 955 72 40 mit
2062 953 115 42 mehr
2208 953 166 40 Wärme
2403 950 299 50 durchdringen
2730 950 82 39 und
2840 948 112 42 nicht
2979 950 78 39 den
3078 947 143 53 Erfolg
3249 946 120 42 allein

1790 1019 39 41 in
1860 1019 71 40 der
1959 1018 211 41 brillanten
2199 1014 265 51 Ausführung
2492 1012 163 40 suchen.
2686 1013 79 38 Der
2785 1012 78 40 Frl.
2891 1012 175 40 Wiese
3095 1012 50 39 ist
3173 1009 194 54 fleissiges

1792 1080 184 41 Studium
2006 1079 122 41 Noth.
2183 1079 82 41 Der
2294 1077 146 47 Tenor,
2479 1074 108 41 Herr
2618 1073 211 48 Peretti,
2874 1073 50 40 ist
2949 1073 89 40 eine
3066 1074 117 39 Perle
3211 1074 63 39 für
3302 1072 66 40 die

1791 1143 151 53 hiesige
1985 1141 132 52 Oper;
2162 1139 74 42 mit
2271 1139 84 40 ihm
2394 1138 153 39 verlöre
2600 1135 57 39 sie
2697 1134 115 39 ihren
2850 1132 264 54 Glanzpunkt.
3170 1135 56 39 Er
3269 1134 93 40 fasst

1789 1205 110 40 nicht
1927 1216 76 28 nur
2030 1202 138 41 seinen
2195 1202 94 40 Part
2316 1200 72 39 mit
2424 1196 214 42 Wahrheit
2674 1195 82 40 und
2787 1195 208 52 richtigem
3029 1195 148 40 Gefühl
3205 1196 77 44 auf,
3325 1207 42 28 er

1789 1267 83 52 gibt
1916 1267 69 39 ihn
2023 1266 150 40 wieder
2209 1263 75 41 mit
2328 1259 361 55 eigenthümlicher
2733 1256 291 53 Lebendigkeit
3069 1257 82 39 und
3193 1257 176 39 Frische.

1790 1332 118 39 Seine
1951 1329 166 41 Stimme
2147 1328 49 41 ist
2225 1327 116 40 meist
2369 1324 273 47 wohlthuend,
2689 1322 55 40 oft
2771 1320 237 54 ergreifend,
3055 1320 82 40 und
3177 1320 92 40 lässt
3306 1319 63 41 die

1791 1393 182 40 Zuhörer
2011 1392 65 40 nie
2119 1389 81 42 kalt
2248 1389 84 41 und
2377 1386 292 41 theilnahmlos.
2723 1384 122 52 Möge
2887 1395 43 28 er
2972 1383 106 39 noch
3135 1383 115 52 lange
3306 1381 62 41 die

1790 1456 141 41 Zierde
1975 1456 71 38 der
2102 1453 179 52 hiesigen
2335 1451 110 52 Oper
2496 1447 182 44 bleiben!
2733 1447 107 40 Herr
2891 1445 213 42 Minetti
3142 1445 68 41 hat
3250 1444 118 40 einen

1791 1519 177 39 schönen
2011 1515 162 42 Bariton
2215 1515 82 39 und
2354 1513 136 40 erfasst
2530 1511 71 41 mit
2651 1510 108 40 nicht
2801 1508 203 41 minderer
3047 1508 168 40 Wärme
3258 1507 110 41 seine

1792 1582 136 47 Rolle;
1957 1592 77 28 nur
2063 1578 94 41 fehlt
2183 1577 86 41 ihm
2297 1576 68 40 des
2382 1577 188 39 Ersteren
2600 1572 220 42 natürliche
2838 1572 154 52 Anlage
3012 1585 69 26 zur
3098 1571 265 53 Darstellung.

1792 1643 113 44 Doch
1949 1642 49 40 ist
2039 1654 43 27 er
2124 1640 91 41 sehr
2243 1639 150 41 beliebt
2421 1638 83 39 und
2533 1649 84 27 war
2644 1634 178 42 kürzlich
2852 1634 72 39 der
2953 1633 269 40 Veranstalter
3250 1634 111 39 eines

1791 1707 225 44 Concertes,
2045 1704 142 39 dessen
2215 1703 236 50 Programm
2486 1698 145 53 jedoch
2661 1696 72 41 fast
2761 1708 77 28 nur
2867 1694 142 40 Lieder
3036 1695 176 39 enthielt.
3257 1695 106 39 Herr

1791 1769 196 40 Thelen
2031 1779 76 27 von
2136 1766 107 38 Köln
2285 1762 141 42 besitzt
2467 1761 87 41 eine
2596 1760 148 40 schöne
2784 1756 276 46 Bassstimme,
3102 1756 67 41 hat
3210 1757 155 52 Anlage

1791 1842 70 27 zur
1880 1828 265 50 Darstellung,
2175 1826 64 39 die
2267 1826 98 39 aber
2392 1823 104 41 noch
2526 1822 93 39 sehr
2647 1822 55 38 im
2721 1821 139 51 Argen
2888 1820 94 50 liegt
3010 1818 82 41 und
3113 1818 70 41 des
3202 1818 145 52 fleissig-

1792 1896 85 35 sten
1907 1889 204 41 Studiums
2142 1888 149 41 bedarf.
2340 1887 85 40 Nur
2454 1886 108 39 dann
2591 1884 160 41 können
2779 1882 74 39 wir
2881 1878 85 43 ihm
2996 1880 89 41 eine
3116 1880 147 41 schöne
3292 1880 50 40 Zu-

1796 1954 114 41 kunft
1937 1952 280 53 versprechen.
2244 1950 79 41 Ein
2351 1950 73 40 Hr.
2454 1948 151 46 Röhr,
2636 1945 199 54 lyrischer
2862 1944 144 46 Tenor,
3036 1945 108 38 wäre
3172 1943 125 40 lieber
3325 1943 41 40 in

1791 2018 135 42 Berlin
1955 2015 222 55 geblieben,
2220 2014 82 40 und
2342 2013 74 40 wir
2453 2011 175 52 glauben
2671 2009 109 40 nicht
2817 2007 135 46 daran,
2982 2019 118 27 wenn
3130 2019 43 28 er
3201 2005 40 41 in
3271 2005 92 41 dem

2109 2077 124 52 singt:
2280 2076 80 47 „Es
2390 2075 100 39 wird
2519 2074 136 39 besser
2891 2068 265 41 Schwerlich:
3186 2068 105 40 denn
3323 2080 43 28 er

1790 2145 67 39 hat
1904 2142 155 41 keine
2100 2140 222 45 Stimme,
2379 2136 114 40 weiss
2538 2134 108 41 nicht
2690 2146 47 27 zu
2783 2133 152 51 singen,
2982 2132 104 39 noch
3117 2145 48 26 zu
3193 2131 164 52 spielen.

1789 2206 97 48 „Die
1918 2206 109 38 Welt
2055 2203 47 39 ist
2139 2202 103 39 rund
2272 2201 80 39 und
2383 2211 109 29 muss
2521 2197 84 40 sich
2831 2199 85 47 sagt
2954 2206 44 28 er
3034 2206 87 35 uns,
3159 2193 82 39 und
3288 2192 74 39 wir

1789 2269 138 41 freuen
1964 2278 75 28 uns
2081 2265 162 46 dessen;
2288 2263 101 40 auch
2417 2259 372 43 Jahrcs-Contracte
2831 2256 132 41 laufen
3010 2258 62 39 ab.
3127 2256 76 41 Die
3233 2255 130 41 Chöre

1787 2331 89 40 sind
1921 2328 184 40 schwach
2145 2328 82 39 und
2265 2326 232 50 ermangeln
2528 2322 92 41 sehr
2647 2322 55 39 oft
2730 2321 71 40 der
2827 2319 228 48 Präcision;
3099 2330 45 29 es
3187 2317 89 41 sind
3315 2330 47 27 zu

1789 2392 130 51 wenig
1949 2391 224 51 klangvolle
2196 2388 196 41 Stimmen
2421 2387 201 38 darunter.

1869 2496 87 41 Den
1985 2495 51 40 30
2078 2494 150 39 Januar
2256 2490 90 41 fand
2378 2502 90 27 zum
2497 2486 183 41 Vortheil
2709 2485 69 41 des
2807 2482 333 44 Orchesterfonds
3168 2484 63 39 für
3262 2482 76 42 Wit-

1789 2573 90 28 wen
1907 2559 82 40 und
2021 2556 165 41 Waisen
2215 2555 65 41 ein
2310 2554 172 40 Concert
2510 2551 112 47 Statt,
2662 2550 172 40 welches
2872 2556 117 32 unter
3017 2547 204 40 Anderem
3253 2547 91 40 Beet-

1791 2621 159 41 hoven's
1980 2616 339 42 4-dM/-Sinfonie
2349 2615 175 40 brachte.
2553 2612 66 41 Sie
2647 2611 138 40 wurde
2815 2615 117 34 unter
2947 2608 170 52 Leitung
3145 2609 68 39 des
3230 2608 132 40 Herrn

1792 2681 318 53 Capellmeisters
2139 2679 144 52 Hagen
2309 2676 159 40 wacker
2497 2673 193 42 executirt
2719 2672 82 39 und
2831 2670 188 41 verfehlte
3047 2669 85 41 ihre
3165 2669 198 54 Wirkung

1791 2747 122 40 nicht.
1965 2745 61 40 Im
2067 2745 144 40 letzten
2239 2742 113 40 Satze
2394 2739 151 41 dünkte
2584 2749 73 28 uns
2688 2736 68 40 das
2787 2736 152 50 Tempo
2970 2738 119 37 etwas
3127 2747 20 26 z
3160 2747 24 26 u
3224 2734 139 44 rasch;

1795 2810 63 40 die
1877 2808 407 42 Blech-Instrumente
2303 2814 133 29 waren
2462 2814 48 27 zu
2539 2800 116 47 stark,
2699 2799 80 40 und
2821 2811 43 27 so
2892 2797 95 53 ging
3015 2797 64 40 die
3107 2803 103 34 erste
3240 2796 121 52 Figur

1794 2872 69 40 der
1893 2870 188 39 Violinen
2109 2880 99 41 ganz
2237 2866 192 41 verloren.
2484 2863 106 40 Herr
2625 2861 164 52 Georg
2831 2861 160 49 Aloys
3025 2858 221 40 Schmitt
3277 2870 76 28 von

1796 2932 211 42 Frankfurt
2031 2931 140 51 spielte
2213 2930 68 39 das
2312 2928 171 37 D-moll-
2487 2924 168 42 Concert
2691 2935 77 28 von
2797 2921 284 42 Mendelssohn
3123 2921 64 39 für
3216 2921 121 39 Piano-

1797 2998 98 39 forte
1933 2994 82 40 und
2053 2993 214 41 Orchester
2309 2989 92 41 sehr
2443 2988 143 41 sauber
2629 2985 82 40 und
2756 2987 153 36 ärntete
2949 2980 234 41 verdienten
3213 2982 154 44 Beifall,

1797 3060 108 41 nicht
1932 3058 156 40 minder
2115 3059 62 37 für
2205 3054 85 41 sein
2319 3065 77 28 von
2424 3053 82 39 ihm
2535 3058 268 42 componirtes
3095 3045 84 39 und
3202 3044 164 40 Pauer's

2063 3117 95 40 zwei
2189 3117 177 51 elegante
2394 3111 299 42 Salon-Pieccn.
2749 3109 153 39 Ausser
2944 3107 73 40 der
3047 3106 227 41 Ouvertüre
3323 3119 46 26 zu

1797 3187 111 50 Ruy
1937 3184 117 39 Blas
2082 3192 76 28 von
2186 3176 295 47 Mendelssohn,
2530 3173 65 40 die
2638 3171 71 40 mit
2750 3171 142 39 vielem
2924 3171 129 39 Feuer
3092 3170 81 39 und
3213 3181 156 39 grosser

1799 3244 203 44 Präcision
2031 3241 229 53 ausgeführt
2286 3238 148 47 wurde,
2463 3236 179 40 verdient
2670 3233 70 39 das
2761 3232 174 51 Uebrige
2957 3231 117 40 keine
3094 3231 274 50 Erwähnung.

1879 3341 133 39 Herrn
2040 3337 141 51 Hagen
2209 3330 226 43 verdanken
2464 3327 64 41 die
2557 3326 183 51 wenigen
2779 3323 166 41 wahren
2975 3322 297 42 Kunstfreunde
3300 3322 44 39 da-

1800 3417 126 40 gegen
1955 3401 101 40 noch
2087 3398 116 41 einen
2230 3406 163 42 grossen
2424 3393 168 43 Genuss,
2622 3389 134 38 indem
2789 3399 42 27 er
2862 3387 165 48 ouart
3045 3384 320 41 ett-Soirccn

1889 3465 133 41 Leben
2051 3459 163 55 gerufen
2257 3455 79 41 und
2379 3451 130 47 dabei,
2547 3463 100 39 ganz
2676 3449 71 41 auf
2787 3449 71 39 das
2887 3448 140 52 eigene
3053 3446 195 40 Interesse
3277 3458 63 27 ver-

1799 3528 190 42 zichtend,
2020 3538 75 27 nur
2123 3524 68 38 das
2219 3521 71 40 der
2318 3519 131 38 Kunst
2477 3515 56 41 im
2561 3515 118 51 Auge
2717 3512 146 54 gehabt
2902 3512 75 39 hat.
3036 3510 87 38 Von
3154 3509 113 39 sechs
3296 3510 44 38 be-

1797 3591 259 50 absichtigten
2098 3585 163 40 Soireen
2304 3581 93 41 fand
2453 3591 64 28 am
2567 3578 33 40 1.
2643 3577 178 38 Februar
2863 3573 63 40 die
2968 3576 101 36 erste
3111 3570 108 40 Statt.
3290 3570 67 40 Sie

1799 3655 158 42 brachte
2002 3662 74 30 uns
2117 3647 181 52 Haydn's
2342 3645 76 52 Op.
2460 3645 63 45 11,
2575 3642 71 39 Nr.
2684 3639 35 47 2,
2773 3637 180 42 Mozarl's
2995 3634 75 51 Op.
3121 3633 59 46 10,
3222 3633 71 41 Nr.
3339 3634 24 42 2

1797 3717 210 49 (D-moll),
2036 3709 262 45 Becthoven's
2328 3707 78 52 Op.
2437 3707 61 47 18,
2540 3704 70 41 Nr.
2643 3703 32 47 1,
2713 3698 226 52 ausgeführt
2982 3708 75 27 von
3098 3695 79 40 den
3206 3695 160 41 Herren

1796 3775 329 45 Concertmeister
2168 3772 150 48 Frisch,
2360 3765 330 46 Concertmeister
2727 3761 170 45 lischcr,
2942 3756 299 54 Capellmcistcr
3285 3759 54 39 Ha-

1795 3855 76 40 gen
1913 3840 83 39 und
2032 3839 136 39 Herrn
2199 3835 170 42 Grimm.
2425 3834 79 39 Das
2542 3826 194 56 gewählte
2764 3822 212 42 Publicum
3019 3821 122 39 nahm
3187 3820 66 40 die
3291 3820 50 40 Be-

1795 3904 242 48 strebungen
2079 3900 70 39 des
2178 3899 134 40 Herrn
2341 3896 140 50 Hagen
2519 3888 176 51 beifällig
2738 3885 70 40 auf
2850 3883 82 40 und
2961 3882 164 41 verliess
3152 3881 213 53 befriedigt

1795 3967 79 39 den
1903 3965 101 39 Saal.
2060 3963 79 41 Das
2167 3959 216 42 Ensemble
2426 3956 88 39 liess
2556 3962 104 29 zwar
2702 3947 103 42 noch
2835 3946 193 41 Manches
3067 3957 49 27 zu
3145 3943 220 41 wünschen

1796 4029 139 52 übrig;
1996 4026 146 53 jedoch
2209 4023 94 53 ging
2366 4020 68 39 das
2491 4014 114 41 dritte
2661 4012 182 48 Quartett
2909 4008 124 40 schon
3089 4005 65 42 ein
3211 4006 131 41 Bedeu-

1796 4093 139 40 tendes
1979 4090 146 40 besser.
2180 4086 105 40 Herr
2326 4080 158 42 Fischer
2529 4078 65 39 hat
2633 4074 71 40 auf
2741 4074 71 39 der
2854 4071 160 41 Violine
3057 4070 104 42 eine.
3162 4083 13 15 l
3220 4070 145 46 vollen,

1797 4153 218 51 markigen,
2056 4149 153 42 breiten
2252 4146 99 46 Ton,
2393 4142 70 40 der
2502 4140 75 40 den
2608 4139 177 39 Zuhörer
2829 4147 49 28 an
2923 4135 71 39 der
3041 4131 164 42 rechten
3241 4131 121 41 Stelle
