3627 4417
348 129 1463 224 Niederrlitiiiisclio
1968 124 1179 249 lliisik-Zcifuii^

716 421 196 92 für
962 411 877 99 Kunstfreunde
1889 411 242 84 und
2184 401 594 94 Künstler.

167 625 450 57 Herausgegeben
658 643 103 38 von
807 621 272 56 Professor
1121 619 58 52 />•
1213 613 229 76 Bischof!
1448 656 10 11 •
1631 609 33 56 \
1681 607 149 87 erlag
1874 606 91 56 der
2004 609 65 53 DI.
2103 607 507 55 DuMoi7f~Schctubci
2623 624 42 53 g
2683 602 163 57 sehen
2889 599 435 85 Buchhandlung.

2918 806 57 60 11.
3016 802 284 77 Jahrgang.

1355 805 175 74 KÖLN,
1569 816 74 60 18.
1684 814 216 59 Februar
1939 809 146 59 1854.

197 832 83 62 Nr.
317 832 46 61 7.

672 1078 466 61 Desdemona.

470 1219 163 40 Novelle
669 1230 77 27 von
783 1217 205 52 August
1021 1214 328 41 Hitzschold.

247 1346 101 51 Vor
387 1342 145 51 einem
576 1342 83 51 der
702 1341 248 51 schönsten
981 1338 183 50 Paläste
1205 1336 196 70 Neapels
1442 1335 110 52 hielt
1592 1336 99 51 eine

124 1431 227 53 stattliche
379 1428 254 70 Equipage.
692 1426 87 51 Ein
815 1426 185 67 junger,
1044 1422 332 69 schmächtiger
1407 1422 140 51 Mann
1591 1422 104 50 kam

125 1516 155 59 daher,
325 1512 166 51 blickte
519 1511 295 51 verwundert
852 1508 114 51 nach
1012 1507 89 51 den
1130 1508 229 49 Fenstern
1401 1506 80 51 des
1510 1506 183 51 Hauses

124 1601 95 52 und
246 1597 189 69 fragend
465 1597 80 50 auf
569 1596 87 52 den
684 1595 126 52 reich
843 1594 286 68 gekleideten
1159 1592 245 51 Kutscher.

579 1680 162 70 sprach
791 1696 49 33 er
880 1679 86 50 den
999 1679 221 49 letzteren
1249 1695 73 42 an,
1378 1675 191 61 „wohnt
1597 1674 99 50 hier

124 1768 202 53 wirklich
357 1766 205 50 Maestro

260 1892 18 19 „
297 1853 142 64 Corpo
815 1851 48 49 di
1000 1851 141 46 antwortete
1142 1845 21 50 der
1177 1845 185 50 Diener.
1398 1844 143 59 „Wie
1564 1844 135 66 lange

125 1938 96 52 seid
254 1936 78 50 Ihr
362 1935 43 50 in
434 1934 185 68 Neapel,
651 1933 104 49 dass
797 1931 76 50 Ihr
912 1930 119 51 noch
1072 1928 124 52 nicht
1225 1929 71 51 die
1327 1928 263 68 Wohnung
1619 1928 80 49 des

127 2020 273 52 berühmten
430 2018 207 51 Maestro

250 2105 98 49 Der
387 2102 241 68 Fragende
668 2099 249 52 erröthete.
986 2099 97 58 „So
1124 2096 56 51 ist
1224 2096 147 51 dieses
1420 2096 82 51 der
1547 2095 152 52 Palast

129 2188 193 67 Barbaja

265 2270 222 61 „Freilich
519 2288 126 33 muss
674 2288 51 33 er
755 2269 79 51 das
866 2268 109 58 sein,
1296 2272 280 61 entgegnete
1615 2264 83 51 der

127 2357 141 52 kecke
280 2356 220 50 Bursche.
528 2353 319 67 „Ihrwisstja,
876 2352 83 52 der
973 2352 205 49 Maestro
1205 2349 93 51 und
1327 2349 81 52 der
1421 2348 274 70 Impresario

127 2442 150 51 haben
306 2441 126 49 Alles
473 2439 80 50 mit
592 2438 214 52 einander
834 2437 194 67 gemein,
1072 2436 129 49 Haus
1233 2434 94 52 und
1352 2433 153 60 Tisch,
1548 2433 148 51 Pferd'

128 2524 94 53 und
252 2524 204 68 Wagen,
823 2537 49 33 er
901 2519 232 50 brummte
1178 2524 144 45 etwas
1361 2517 46 49 in
1450 2517 89 51 den
1568 2518 126 57 Bart,

128 2629 95 33 was
255 2608 81 52 der
360 2607 144 69 junge
532 2608 140 51 Mann
701 2606 124 52 nicht
854 2602 214 53 verstand
1107 2634 88 19 —.
1252 2603 193 57 „Wenn
1475 2602 78 49 Ihr
1582 2601 111 50 aber

129 2695 88 50 den
246 2693 205 50 Maestro
492 2691 139 52 sehen
670 2690 144 59 wollt,
853 2688 182 66 Signor,
1075 2705 52 32 so
1158 2691 147 46 müsst
1336 2686 78 49 Ihr
1444 2686 72 49 ein
1547 2684 151 69 wenig

128 2778 131 53 eilen.
316 2777 66 50 Er
424 2777 121 50 fährt
586 2777 45 50 in
675 2775 116 50 zehn
834 2773 208 51 Minuten
1096 2771 115 51 nach
1615 2786 83 34 zur

252 2947 98 50 Der
374 2946 144 67 junge
541 2946 139 50 Mann
711 2942 115 68 stieg
849 2941 132 51 rasch
1009 2941 70 50 die
1097 2940 403 68 Marmortreppen
1529 2938 169 51 hinauf.

131 3032 66 49 Er
226 3029 89 70 gab
343 3030 123 49 seine
494 3030 145 49 Karte
669 3026 72 60 ab,
787 3025 94 52 und
914 3024 104 53 bald
1047 3024 206 50 erschien
1282 3022 72 51 ein
1385 3024 187 58 Diener,
1618 3022 81 51 der

129 3116 76 49 ihn
236 3115 145 51 durch
410 3114 209 51 mehrere
650 3112 213 58 Zimmer,
903 3110 123 51 eines
1056 3109 160 50 immer
1247 3109 234 67 eleganter
1524 3107 63 50 als
1618 3107 80 50 das

131 3199 182 58 andere,
343 3199 167 49 führte.
551 3196 192 52 Endlich
774 3213 171 51 sprang
974 3195 71 50 die
1074 3194 137 49 letzte
1248 3192 128 50 Thür
1406 3192 87 60 auf,
1524 3191 95 51 und
1649 3209 50 33 er

132 3283 132 52 stand
292 3300 82 32 vor
404 3281 146 50 einem
581 3281 216 56 schönen,
826 3286 258 49 munteren,
1112 3276 381 68 wohlgenährten
1514 3276 185 60 Manne,

132 3368 84 49 der
242 3384 82 35 vor
354 3365 123 51 einer
506 3382 192 49 grossen
729 3363 213 50 Schüssel
970 3361 86 51 voll
1092 3361 206 49 Austern
1327 3360 94 51 und
1450 3360 126 50 einer
1596 3360 78 51 Fla-

137 3452 107 50 sche
273 3452 233 49 Lacrimae
539 3450 168 50 Christi
736 3464 111 35 sass.

269 3537 94 58 „Es
392 3535 104 50 thut
527 3534 84 50 mir
815 3538 128 61 sagte
973 3529 181 52 Rossini
1186 3529 225 60 lächelnd,
1461 3529 136 60 „dass
1628 3529 71 51 ich

134 3620 131 50 Euch
288 3619 131 50 keine
434 3619 203 50 Austern
660 3617 130 49 mehr
810 3614 212 52 anbieten
1046 3614 135 59 kann,
1199 3614 191 67 Signor;
1422 3612 111 52 aber
1563 3631 136 33 wenn

133 3706 79 48 Ihr
241 3722 192 50 morgen
463 3703 361 57 wiederkommt,
856 3698 104 52 sollt
988 3699 77 50 Ihr
1106 3699 71 50 ein
1207 3699 182 51 Schock
1420 3716 113 51 ganz
1564 3698 135 51 frisch

141 3806 81 32 aus
254 3787 103 51 dem
386 3789 159 50 Meere

258 3872 97 49 Der
385 3872 233 51 Besucher
645 3869 230 68 verneigte
904 3867 93 51 sich
1027 3867 276 49 schüchtern
1333 3866 92 52 und
1458 3866 226 68 verlegen.

269 3954 286 69 „Uebrigens
595 3956 120 51 freut
757 3972 49 33 es
851 3952 129 60 mich,
1031 3951 131 50 Euch
1194 3951 179 49 kennen
1422 3970 57 31 zu
1524 3952 171 58 lernen,

137 4040 166 67 Signor
651 4040 104 49 fuhr
783 4036 179 53 Rossini
1008 4036 102 57 fort,
1157 4034 70 51 die
1260 4036 226 49 Serviette
1517 4052 149 33 zusam-

136 4123 339 51 mendrückend
498 4125 95 50 und
616 4123 71 52 die
703 4123 191 52 Flasche
914 4120 235 68 sorgfältig
1171 4120 383 59 verschliessend;
1595 4118 101 61 „ich

1789 1003 118 52 habe
1948 1002 84 51 viel
2063 1002 147 51 Gutes
2243 1020 85 31 von
2359 1000 151 51 Eurer
2549 1000 190 50 Stimme
2781 1000 178 68 gehört.
3005 999 133 68 Singt
3177 998 79 51 Ihr
3298 997 68 50 bis

1790 1108 106 32 zum
1928 1089 54 50 Si
2013 1087 158 49 hinauf
2196 1086 80 50 mit
2306 1086 81 49 der

1925 1173 192 60 „Wenn
2147 1171 70 50 ich
2249 1178 84 61 gut
2363 1169 224 70 disponirt
2617 1168 92 61 bin,
2740 1168 107 51 sehr
3092 1176 274 43 antwortete

1790 1256 174 56 Molino
1989 1277 11 32 :
2042 1298 16 19 „
2075 1257 109 51 aber
2215 1256 71 51 ich
2317 1256 116 51 leide
2457 1254 117 69 jetzt

1924 1343 100 59 „Ja,
2070 1341 80 51 das
2196 1341 177 51 kommt
2415 1359 88 31 von
2546 1340 83 50 der
2674 1337 256 52 deutschen
2960 1336 271 51 Schneeluft
3274 1336 92 51 und

1789 1428 89 51 den
1917 1426 318 68 langweiligen
2264 1425 178 50 Nebeln
2484 1425 56 50 da
2867 1428 131 61 sagte
3045 1420 193 52 lachend
3281 1421 83 51 der

1789 1512 202 51 Meister.
2048 1550 18 19 „
2084 1511 159 51 Wenn
2273 1510 77 49 Ihr
2381 1515 84 62 gut
2497 1508 107 60 seid,
2650 1508 145 51 könnt
2824 1507 79 50 Ihr
2932 1507 98 50 hier
3060 1505 197 50 bleiben.
3311 1506 52 51 In

1790 1596 158 50 Italien
1992 1594 144 50 bleibt
2179 1611 104 32 man
2329 1610 52 33 so
2427 1592 133 69 lange
2603 1591 74 52 bei
2723 1591 208 60 Stimme,
2984 1588 68 51 bis
3101 1590 150 51 einem
3294 1588 72 53 die

1790 1681 154 50 Haare

1929 1764 101 58 „Ja,
2060 1762 157 50 Italien
2249 1762 58 50 ist
2629 1760 89 51 rief
2742 1760 82 52 der
2856 1760 178 66 Sänger
3064 1775 97 33 aus.

1929 1845 160 61 „Aber
2117 1846 42 50 in
2188 1845 316 51 Deutschland
2533 1851 164 61 regnet
2729 1862 49 33 es
2808 1841 150 52 neben
2988 1841 159 51 vielem
3171 1842 195 53 Wasser

1792 1933 115 50 auch
1938 1933 227 57 Ducaten,
2197 1930 94 52 und
2323 1930 71 52 die
2424 1930 183 67 klingen
2637 1936 100 61 gut,
2776 1928 124 52 nicht
2932 1926 142 60 wahr,

1793 2019 145 66 fragte
1969 2015 195 52 Rossini.

1928 2102 100 58 „Ja,
2067 2100 106 51 dort
2213 2099 239 51 bezahlt
2483 2117 102 34 man
2616 2099 88 51 den
2734 2096 238 60 Künstler,
3024 2095 111 51 aber
3166 2096 71 51 bei
3269 2114 84 33 uns

1790 2185 141 51 ehrt
1962 2203 103 32 man

1924 2268 134 60 „Und
2089 2268 110 51 lässt
2229 2267 74 50 ihn
2345 2267 209 50 daneben
2584 2267 117 49 auch
2731 2265 124 51 nicht
3278 2265 52 51 be-

1790 2353 178 50 merkte
1982 2352 181 51 Rossini
2265 2391 18 19 „
2297 2352 85 49 wie
2399 2352 77 49 Ihr
2498 2370 57 31 an
2578 2350 153 51 diesen
2753 2349 466 68 Meer-Ungeheuern
3251 2349 115 61 seht,

1790 2438 44 51 d.
1867 2438 42 50 h.
1942 2438 73 50 Se.
2047 2437 216 67 Majestät
2290 2436 82 50 der
2400 2436 155 67 König
2585 2436 93 50 und
2704 2436 119 49 mein
2846 2434 189 51 Freund
3057 2434 198 68 Barbaja
3284 2433 54 52 be-

1792 2522 214 49 kommen
2037 2528 114 42 stets
2190 2519 72 51 die
2301 2527 202 43 ersten
2536 2521 204 49 Austern
2770 2518 61 50 im
2860 2517 141 51 Jahre
3031 2517 219 70 geliefert.

1792 2606 153 52 Wollt
1975 2606 77 48 Ihr
2083 2604 72 51 bei
2185 2622 87 33 uns

1929 2690 159 58 „Nein,
2107 2688 180 69 Signor,
2319 2688 70 51 ich
2419 2688 76 51 bin
2522 2688 115 51 nach
2664 2688 103 51 dem
2796 2688 155 54 Süden
2977 2688 80 50 auf
3072 2687 293 69 Anordnung

1793 2773 82 51 der
1909 2772 171 51 Aerzte
2110 2773 290 68 gekommen,
2446 2791 77 32 um
2557 2772 117 51 mich
2711 2772 97 51 hier
2850 2790 57 32 zu
2947 2771 206 51 erholen.
3203 2771 152 52 Meine

1794 2860 140 49 Brust
1963 2858 57 50 ist

1929 2942 146 59 „Kein
2452 2941 89 50 rief
2573 2941 179 50 Rossini
2792 2959 106 33 aus:
2959 2958 213 41 „wessen
3220 2942 145 50 Brust

1794 3026 131 52 sollte
1956 3026 55 51 da
2042 3025 178 51 drüben
2249 3026 123 50 nicht
2401 3025 280 68 angegriffen

1915 3109 140 59 „Wir
2084 3109 147 50 haben
2270 3126 89 33 nur
2400 3109 203 50 zweimal
2635 3109 44 49 in
2710 3109 82 50 der
2823 3109 188 52 Woche
3279 3107 55 52 be-

1795 3195 180 50 merkte
2002 3194 187 51 Molino.

1930 3318 18 18 „
1961 3279 69 58 Ja,
2055 3276 110 52 aber
2183 3294 94 33 was
2307 3278 74 49 für
2604 3278 88 50 rief
2709 3278 182 50 Rossini
2916 3295 97 33 aus.
3065 3279 102 58 „Da
3192 3283 171 47 müsste

1799 3363 126 50 einer
1954 3363 79 49 des
2063 3361 174 51 Aeolus
2267 3363 199 66 Lungen
2497 3361 163 61 haben,
2706 3379 81 33 um
2831 3361 107 51 alles
2983 3363 80 50 das
3087 3364 130 66 Zeug
3253 3363 79 50 her-

1794 3446 315 56 auszublasen,
2140 3464 94 33 was
2251 3446 70 50 die
2345 3445 323 52 barbarischen
2693 3446 329 70 Componisten

1931 3571 18 18 „
1964 3530 101 51 Und
2096 3530 116 51 doch
2243 3530 91 51 will
2366 3532 64 49 oft
2460 3549 142 32 unser
2618 3530 242 52 Publicum
2878 3530 165 70 gerade
3063 3548 72 33 am
3166 3530 194 52 liebsten

1794 3614 79 52 das
1897 3614 159 57 hören,
2086 3632 94 33 was
2206 3632 85 32 uns
2314 3632 75 33 am
2415 3615 285 51 schwersten
2905 3620 129 61 sagte
3064 3614 81 50 der
3165 3615 196 69 Sänger.

1926 3699 164 59 „Nicht
2119 3699 145 59 wahr,
2309 3717 90 33 von
2428 3700 301 51 italiänischer
2757 3699 148 51 Musik
2946 3698 168 51 wollen
3143 3699 65 51 sie
3238 3702 122 51 noch

1790 3783 146 51 nichts
2239 3783 147 69 fragte
2418 3784 193 60 Rossini,
2651 3786 101 48 Hut
2781 3783 91 50 und
2903 3783 316 52 Handschuhe
3250 3786 81 49 wie-

1792 3867 81 49 der
1916 3866 71 50 bei
2033 3867 126 51 Seite
2198 3867 179 68 legend.
2447 3869 130 58 „Vor
2615 3867 142 49 ihrem
2803 3866 250 52 höllischen
3085 3869 107 50 Don
3223 3871 137 57 Juan,

1790 3951 124 50 ihrer
1942 3952 318 69 langweiligen
2291 3951 434 59 Schweizerfamilie,
2757 3951 145 50 ihrem
2933 3952 216 70 dumpfen
3180 3953 175 52 Fidelio

1790 4034 122 51 kann
1942 4036 72 49 ein
2046 4036 172 59 Salieri,
2249 4037 71 51 ein
2349 4036 177 67 Righini
2555 4034 124 53 nicht
2710 4036 311 59 aufkommen,
3049 4055 89 33 von
3161 4037 86 52 mir
3271 4056 83 51 gar

1794 4120 126 50 nicht
1949 4139 57 32 zu

2999 4203 31 51 7
