3424 4348
399 242 1386 198 Miederrheinisdic
1882 247 1123 259 Musik-Zeitung

724 527 190 83 für
965 532 838 84 Kunstfreunde
1857 537 231 81 und
2139 534 566 89 Künstler.

188 706 428 81 Herausgegeben
658 723 96 39 von
797 706 259 54 Professor
1086 706 68 57 L.
1177 703 263 80 Bischof.
1559 708 190 84 Verlag
1788 711 89 56 der
1897 711 83 58 M.
2005 710 617 83 DuMont-Schernberg'
2622 717 152 56 sehen
2814 718 418 85 Buchhandlung.

254 905 81 55 Nr.
372 905 76 56 27.

1443 906 166 74 KÖLN,
1644 909 46 56 2.
1727 908 97 57 Juli
1860 909 135 57 1859.

2768 914 96 57 VII.
2898 915 265 74 Jahrgang.

285 1077 217 36 Inhalt.

557 1078 156 35 Franz
747 1077 185 48 Joseph
969 1078 188 38 Gossec.
1201 1078 303 48 (Auszugsweise
1533 1093 69 24 aus
1630 1080 172 46 Adolphe
1827 1081 151 36 Adam's
2009 1082 171 36 Derniers
2207 1084 194 36 Souvenirs
2428 1085 86 35 d'un
2542 1086 201 40 Musicien)
2770 1087 29 37 I.
2916 1089 101 36 Neue
3045 1090 188 36 Composi-

183 1135 124 36 tionen
334 1148 73 24 von
434 1136 89 35 Max
551 1136 124 36 Brach
717 1138 88 45 (Op.
833 1136 34 46 2,
895 1136 36 45 3,
957 1136 36 46 4,
1022 1138 36 45 5,
1086 1136 49 45 6).
1177 1138 83 36 Von
1285 1139 45 35 L.
1357 1140 44 34 B.
1530 1140 59 36 An
1617 1139 58 35 die
1700 1139 257 37 Süddeutsche
1982 1140 309 50 Musik-Zeitung
2319 1143 65 35 der
2408 1143 143 36 Herren
2577 1144 129 37 Schott
2730 1146 40 35 in
2795 1146 136 35 Mainz.
3058 1149 174 47 Tages-

183 1195 96 35 und
306 1195 535 47 Unterhaltungsblatt
882 1197 192 46 (Fräulein
1101 1197 151 36 Mösner
1354 1198 207 36 Frankfürt
1587 1211 61 23 am
1675 1198 112 46 Main,
1813 1200 158 37 Concert
2071 1202 235 47 Heidelberg,
2334 1204 159 36 Concert
2594 1205 196 46 München,
2818 1206 276 47 Capellmeister
3116 1210 37 35 J.
3180 1210 46 37 H.

184 1255 132 36 Stuntz
343 1258 26 43 f
470 1256 249 46 Königsberg,
747 1256 255 36 Händel-Fest
1105 1258 120 43 Paris,
1252 1258 282 47 Militärmusik,
1563 1258 101 38 Mad.
1691 1258 354 49 Miolan-Carvalho,
2073 1263 148 44 Roger).

463 1430 224 56 Franz
738 1429 262 76 Joseph
1058 1430 265 58 Gossec

1338 1433 66 70 *)•

264 1548 106 45 (Geb.
399 1548 69 35 den
497 1546 59 39 17.
584 1548 148 36 Januar
761 1546 95 39 1733
887 1567 47 7 —•
961 1550 96 45 gest.
1087 1548 70 37 den
1187 1548 61 38 16.
1277 1547 169 37 Februar
1475 1546 131 49 1829.)

914 1644 36 47 I.

302 1718 97 46 Vor
425 1717 196 48 hundert
639 1718 171 48 Jahren
838 1719 184 64 spielten
1050 1718 286 49 bekanntlich
1365 1717 71 49 die
1465 1718 189 48 General-

188 1794 184 65 pächter
399 1794 44 47 in
472 1794 275 47 Frankreich
778 1795 98 47 eine
905 1812 153 47 grosse
1084 1795 145 47 Rolle.
1261 1797 152 45 Herrn
1441 1793 55 48 de
1525 1795 43 47 la
1594 1795 58 46 Po-

187 1869 247 66 peliniere's
465 1870 125 47 Haus
634 1887 96 30 war
769 1869 80 48 der
876 1870 446 65 Versammlungsort
1356 1870 125 47 einer
1520 1886 133 48 ausge-

184 1945 196 48 wählten
409 1947 307 57 Gesellschaft,
753 1945 94 48 und
882 1947 152 48 seinen
1062 1947 185 48 Soireen
1283 1947 165 46 verlieh
1477 1944 70 48 die
1575 1952 106 58 gute

184 2021 166 56 Musik,
391 2020 71 48 die
503 2038 104 32 man
649 2021 57 49 da
747 2023 146 56 hörte,
933 2023 130 48 einen
1103 2039 111 48 ganz
1255 2021 279 49 besonderen
1559 2021 121 49 Reiz.

184 2098 311 49 Musicalische
518 2098 338 48 Abend-Cirkel
884 2115 153 32 waren
1060 2099 170 48 damals
1257 2099 116 48 noch
1402 2099 98 47 eine
1528 2114 153 47 grosse

185 2174 261 54 Seltenheit,
476 2173 90 47 und
595 2174 42 46 in
668 2173 100 48 dem
792 2175 155 47 Hause
974 2174 56 47 de
1059 2175 42 47 la
1121 2174 281 65 Popelinifere
1430 2173 162 48 fanden
1619 2173 62 47 sie

185 2250 80 47 mit
293 2250 145 47 einem
468 2250 166 47 Glänze
672 2249 90 48 und
792 2250 80 47 mit
912 2251 142 47 einem
1084 2250 173 48 Urtheil
1285 2250 45 47 in
1357 2249 80 48 der
1463 2249 217 48 Auswahl

188 2325 80 48 der
307 2325 335 48 musicalischen
673 2326 165 47 Stücke
867 2328 131 54 Statt,
1040 2326 70 47 die
1150 2325 93 48 sich
1284 2326 269 62 heutzutage
1594 2341 86 32 nur

184 2402 140 47 selten
350 2401 45 47 in
424 2400 100 48 dem
556 2402 175 47 Maasse
759 2402 169 47 vereint
956 2402 149 47 finden
1134 2401 193 48 dürften.

297 2477 86 47 Die
411 2477 127 47 Seele
566 2476 234 48 derselben
829 2494 95 32 war
952 2480 221 55 Rameau,
1203 2477 78 47 der
1309 2481 170 59 grösste
1510 2476 146 47 franzö-

184 2552 141 49 sische
352 2552 200 49 Musiker
592 2554 146 45 seiner
764 2554 117 54 Zeit;
924 2570 49 31 er
1012 2554 128 47 stand
1182 2554 170 47 damals
1389 2551 93 66 (um
1519 2550 157 66 1750)

185 2628 167 65 gerade
394 2630 80 47 auf
508 2628 80 47 der
618 2630 132 47 Höhe
791 2630 142 47 seines
960 2630 217 57 Ruhmes,
1219 2630 90 47 und
1350 2646 49 31 er
1437 2627 242 48 verdankte

184 2705 165 48 seinem
380 2705 180 47 reichen
589 2705 183 48 Gönner
809 2705 93 47 sein
931 2705 401 64 Emporkommen,
1369 2703 79 47 das
1474 2720 52 30 zu
1549 2702 130 65 jener

183 2781 190 48 Periode
402 2781 42 47 in
472 2781 144 56 Paris,
658 2797 70 31 wo
769 2780 70 48 die
869 2782 146 46 Kunst
1048 2797 110 47 ganz
1192 2780 92 48 und
1323 2796 83 47 gar
1432 2795 99 32 vom
1562 2778 117 49 Hofe

185 2856 184 65 abhing,
400 2857 82 47 fast
509 2857 114 47 noch
653 2856 288 65 schwieriger
969 2874 112 39 war,
1109 2857 63 48 als
1194 2857 119 64 jetzt.
1351 2855 221 48 Beweises
1600 2870 51 48 ge-

185 2950 94 47 nug
308 2932 138 48 dafür
472 2932 70 57 ist,
571 2932 99 48 dass
688 2935 203 45 Rameau
912 2941 104 48 erst,
1045 2933 61 47 als
1135 2950 48 30 er
1210 2932 117 48 nahe
1355 2949 56 31 an
1439 2929 86 49 den
1554 2929 96 49 fünf-

183 3009 68 64 zig
278 3009 170 47 Jahren
477 3008 144 48 seines
649 3009 176 47 Lebens
860 3026 110 39 war,
1001 3008 334 65 durchdringen
1363 3008 180 55 konnte,
1584 3006 92 48 und

183 3084 114 49 auch
327 3083 119 48 dann
475 3091 89 40 erst
601 3084 80 47 mit
720 3083 80 48 der
828 3084 361 64 grossmüthigen
1216 3083 136 47 Hülfe
1382 3082 54 48 de
1463 3083 43 47 la
1533 3083 114 62 Pope-

181 3161 206 56 liniöre's,
415 3159 80 49 der
521 3159 92 47 ihm
642 3159 70 49 die
743 3161 108 48 600
880 3161 151 47 Livres
1059 3161 248 54 vorschoss,
1336 3158 70 48 die
1434 3158 80 48 der
1539 3157 135 48 Abbe

180 3237 224 63 Pellegrin
428 3236 76 47 für
524 3234 79 50 das
625 3236 203 48 Libretto
856 3237 241 63 „Hippolyt
1119 3236 91 48 und
1434 3234 240 64 verlangte.

181 3314 68 47 Im
277 3314 155 47 Hause
466 3312 76 48 des
571 3313 399 64 Generalpächters
1011 3312 162 49 fanden
1213 3312 71 48 die
1310 3310 182 49 Proben
1531 3309 145 48 dieser

181 3396 148 41 ersten
357 3389 127 65 Oper
510 3390 242 46 Rameau's
780 3389 130 55 Statt,
945 3388 142 48 durch
1115 3388 152 48 seinen
1293 3387 197 48 Einfluss
1517 3385 158 49 wurde

180 3465 62 49 sie
270 3481 331 48 angenommen
630 3464 91 48 und
748 3465 208 64 gelangte
984 3464 62 48 sie
1072 3481 78 30 zur
1177 3463 313 63 Aufführung.
1520 3462 152 47 Dafür

180 3557 98 32 war
317 3542 93 45 ihm
447 3542 206 47 Rameau
692 3540 117 64 ewig
848 3539 222 57 dankbar,
1111 3538 93 48 und
1243 3538 55 48 de
1326 3538 42 48 la
1394 3537 280 64 Popelinifere

180 3632 98 33 war
302 3615 252 49 seinerseits
580 3617 106 48 stolz
715 3617 81 48 auf
816 3617 152 47 seinen
997 3615 236 64 Günstling
1265 3613 91 48 und
1384 3613 169 48 leistete
1580 3613 92 48 ihm

181 3693 116 48 allen
325 3693 253 62 möglichen
606 3693 252 48 Vorschub.
905 3694 51 46 In
996 3691 149 49 seinen
1175 3691 157 47 Salons
1366 3689 190 49 wurden
1589 3690 83 47 alle

183 3766 362 65 Compositionen
574 3769 242 47 Rameau's
844 3774 146 42 zuerst
1026 3766 279 65 aufgeführt,
1343 3764 94 49 und
1464 3764 207 48 desshalb

179 3843 242 48 unterhielt
448 3859 48 31 er
522 3843 43 47 in
594 3844 203 63 eigenem
820 3844 135 49 Solde
984 3844 70 48 ein
1081 3841 308 65 vollständiges
1412 3840 260 58 Orchester,

242 3965 38 49 *)
305 3966 293 47 Auszugsweise
625 3977 69 23 aus
721 3966 221 47 Adolphe
969 3966 180 35 Adam's
1174 3966 173 35 Derniers
1366 3965 192 34 Souvenirs
1585 3964 88 34 d'un

305 4025 187 39 Musicien.
534 4026 117 43 Paris,
680 4024 96 38 1859
881 4027 80 34 eine
987 4027 218 45 Sammlung
1240 4027 222 35 zerstreuter
1489 4025 180 36 Aufsätze

307 4085 63 36 des
397 4087 52 35 im
475 4086 153 48 vorigen
654 4084 116 37 Jahre
797 4085 261 36 verstorbenen
1086 4086 272 47 Componisten.

397 4244 20 15 /

1749 1414 127 47 einen
1906 1414 121 49 Chor
2055 1414 90 47 und
2172 1416 281 64 Solosänger,
2490 1432 93 33 was
2622 1417 92 47 ihm
2746 1433 259 33 zusammen
3033 1418 198 59 30,000

1747 1491 151 47 Livres
1933 1491 190 63 jährlich
2163 1491 183 48 kostete.
2400 1492 126 48 Aber
2560 1492 69 48 die
2655 1493 181 48 Freude
2875 1493 92 48 und
2994 1494 70 49 die
3091 1497 141 56 Ehre,

1749 1564 71 48 die
1845 1564 92 48 ihm
1967 1564 78 48 das
2074 1566 190 57 machte,
2299 1566 180 64 glaubte
2507 1583 48 32 er
2583 1567 274 66 keineswegs
2884 1586 55 30 zu
2967 1569 158 50 theuer
3152 1571 53 49 da-

1749 1642 80 47 mit
1854 1658 52 31 zu
1935 1640 228 49 bezahlen.

1863 1718 60 47 So
1963 1717 136 48 nahte
2139 1717 118 48 denn
2296 1717 166 49 wieder
2502 1719 161 48 einmal
2702 1720 70 46 ein
2813 1736 171 47 grosses
3024 1722 106 48 Fest
3168 1723 59 47 im

1749 1792 153 48 Hause
1930 1790 76 49 des
2034 1792 179 48 reichen
2241 1793 172 57 Mäcen,
2448 1809 56 32 an
2532 1794 215 47 welchem
2776 1793 70 48 die
2873 1811 114 31 neue
3015 1795 216 66 einactige

1749 1866 127 65 Oper
1901 1869 260 47 Rameau's:
2202 1868 99 56 „La
2611 1907 11 20 ,
2649 1887 99 29 zum
2777 1875 146 42 ersten
2950 1872 117 47 Male
3095 1888 110 48 gege-

1749 1941 87 49 ben
1863 1943 182 48 werden
2071 1944 139 47 sollte.
2238 1944 61 47 Es
2328 1960 95 32 war
2451 1944 77 48 das
2555 1962 76 30 um
2653 1960 48 32 so
2724 1944 293 49 anziehender
3040 1947 90 48 und
3152 1948 52 48 be-

1747 2018 261 58 deutender,
2037 2020 62 47 als
2119 2019 70 48 die
2205 2020 297 65 Aufführung
2522 2021 80 47 auf
2617 2020 79 48 der
2716 2037 183 47 grossen
2921 2023 311 63 Opernbühne

1747 2100 91 42 erst
1864 2095 144 64 einige
2034 2095 182 47 Monate
2243 2099 146 61 später
2417 2103 223 56 angesetzt
2667 2112 107 31 war.
2819 2096 209 49 Mehrere
3053 2098 180 49 Proben

1749 2187 152 31 waren
1923 2170 137 48 schon
2088 2187 223 47 gewesen,
2351 2171 108 49 aber
2497 2171 127 49 keine
2650 2171 122 49 hatte
2800 2171 85 49 den
2914 2173 317 64 Componisten

1749 2260 110 48 ganz
1887 2244 225 48 zufrieden
2137 2246 188 62 gestellt,
2353 2245 57 48 da
2437 2245 71 48 die
2535 2246 301 64 Ausführung
2866 2246 104 47 sehr
2997 2247 234 67 schwierig

1749 2338 106 31 war.
1883 2321 127 47 Noch
2039 2336 72 32 am
2141 2321 189 47 Abende
2358 2339 78 30 vor
2464 2321 99 48 dem
2592 2324 129 45 Feste
2752 2322 119 47 hatte
2899 2339 48 30 er
2974 2322 84 50 den
3086 2331 146 42 ersten

1750 2396 179 64 Geiger,
1957 2395 80 48 der
2062 2396 200 64 zugleich
2291 2397 62 47 als
2373 2397 209 64 Dirigent
2602 2397 208 64 fungirte,
2838 2397 89 47 und
2949 2397 84 49 den
3055 2400 150 63 Beglei-

1747 2479 69 40 ter
1843 2489 72 30 am
1937 2472 160 64 Flügel
2123 2472 122 49 stark
2268 2474 276 63 angelassen,
2572 2474 97 47 weil
2691 2472 60 49 sie
2772 2472 88 49 sich
2883 2474 44 47 in
2949 2474 125 49 einen
3097 2477 105 47 Tact-

1749 2547 203 57 wechsel,
1980 2546 80 48 der
2085 2564 48 31 so
2164 2547 62 48 oft
2245 2547 45 47 in
2310 2548 143 47 seiner
2474 2548 146 47 Musik
2641 2547 265 59 vorkommt,
2934 2548 119 49 nicht
3080 2551 151 48 finden

1750 2623 209 49 konnten.
1989 2625 48 45 In
2066 2623 80 47 der
2161 2623 329 65 Verzweiflung
2506 2641 53 31 an
2579 2623 79 49 der
2683 2625 218 63 richtigen
2927 2625 301 67 Ausführung

1747 2698 135 49 nahm
1911 2715 50 30 er
1986 2700 121 45 seine
2127 2700 198 47 Partitur
2363 2700 78 47 mit
2466 2700 112 47 nach
2607 2701 169 54 Hause,
2815 2716 77 31 um
2921 2698 68 50 die
3017 2702 134 47 Stelle
3177 2720 54 29 zu

1747 2775 183 57 ändern,
1970 2775 94 47 und
2092 2775 198 48 bestellte
2324 2775 77 48 das
2428 2776 448 47 Künstler-Personal
2903 2792 79 31 zur
3010 2777 213 48 General-

1746 2849 149 49 Probe
1923 2867 72 31 am
2023 2849 197 49 anderen
2246 2851 254 63 Vormittag
2527 2867 75 31 um
2634 2851 29 48 9
2688 2851 110 48 Uhr.

1858 2926 86 47 Die
1971 2926 179 47 Herren
2178 2924 160 49 fanden
2366 2926 89 47 sich
2485 2926 228 63 pünktlich
2740 2926 92 54 ein;
2875 2924 111 50 aber
3012 2943 75 31 um
3115 2928 111 47 zehn

1747 3002 96 48 Uhr
1869 3017 153 32 waren
2050 3001 80 48 der
2150 3002 488 63 Orchester-Dirigent,
2666 3001 78 48 der
2771 3002 223 63 Begleiter
3021 3018 71 32 am
3120 3004 81 46 Flü-

1745 3078 70 64 gel
1844 3077 90 48 und
1962 3077 79 47 der
2070 3077 259 63 Componist
2353 3077 136 48 selbst
2514 3077 113 47 noch
2655 3077 121 47 nicht
2803 3076 70 49 da.
2901 3078 105 47 Man
3034 3078 193 50 schickte

1745 3153 127 47 einen
1898 3153 144 47 Boten
2070 3152 114 48 nach
2211 3153 240 47 Rameau's
2479 3152 267 63 Wohnung.
2781 3153 97 47 Der
2907 3152 183 49 brachte
3119 3153 109 48 aber

1742 3246 85 30 nur
1854 3228 70 48 die
1952 3228 223 57 Antwort,
2216 3244 104 32 man
2356 3232 130 59 möge
2523 3228 224 63 gefälligst
2774 3234 186 51 warten,
3001 3228 90 48 und
3120 3229 80 48 Nie-

1742 3303 136 49 mand
1906 3308 131 60 möge
2065 3303 86 48 den
2179 3304 102 47 Saal
2309 3304 232 47 verlassen.
2575 3303 148 48 Sehen
2751 3303 82 48 wir
2859 3318 81 32 uns
2968 3321 106 40 nun,
3102 3304 93 48 wäh-

1740 3379 110 50 rend
1877 3379 70 48 die
1976 3380 198 47 Musiker
2202 3396 199 40 murren,
2429 3379 115 48 nach
2572 3382 204 45 Rameau
2805 3396 89 33 um.

1851 3457 64 45 Er
1942 3455 179 49 wohnte
2149 3455 44 47 in
2220 3453 80 49 der
2917 3454 104 50 Rue
3176 3454 57 50 du
3063 3453 61 48 im
3152 3471 47 33 er-

1737 3538 97 42 sten
1854 3531 135 49 Stock
2017 3531 118 47 eines
2161 3530 200 50 ziemlich
2381 3531 376 49 unansehnlichen
2780 3530 188 48 Hauses.
2997 3530 149 48 Allein
3172 3547 51 31 er

1738 3608 122 48 hatte
1887 3606 118 49 diese
2033 3606 255 65 Wohnung
2325 3605 89 50 lieb
2451 3622 265 49 gewonnen,
2756 3605 100 48 weil
2897 3620 49 32 er
2986 3605 62 48 sie
3087 3606 137 49 schon

1738 3683 113 48 über
1890 3683 194 63 zwanzig
2121 3683 138 48 Jahre
2300 3683 104 63 lang
2445 3683 100 47 inne
2583 3681 138 56 hatte,
2761 3679 93 48 und
2881 3680 102 48 weil
3010 3680 71 50 die
3109 3698 113 48 enge

1737 3760 187 56 Strasse,
1952 3759 140 48 durch
2121 3758 70 48 die
2219 3758 101 48 kein
2348 3758 182 63 Wagen
2558 3756 156 49 fahren
2740 3755 183 58 konnte,
2961 3756 103 49 sehr
3090 3758 133 63 ruhig

1737 3853 95 32 war
1859 3834 92 49 und
1977 3834 115 48 doch
2119 3850 47 32 so
2194 3834 117 48 nahe
2338 3832 101 50 dem
2469 3834 332 64 Operntheater
2828 3834 92 63 lag,
2947 3832 78 50 das
3053 3832 168 50 damals

1737 3911 59 48 im
1824 3911 144 48 Palais
1996 3911 143 64 Royal
2166 3925 108 33 war.

1849 3987 65 47 Er
1953 3986 122 47 hatte
2114 3984 70 48 die
2210 3985 148 47 Nacht
2394 3984 115 48 über
2549 4001 78 32 vor
2672 3985 143 48 seiner
2854 3981 199 50 Partitur
3087 3995 108 48 zuge-

1737 4061 174 60 bracht,
1940 4060 91 51 und
2058 4076 46 33 es
2131 4076 96 33 war
2253 4060 94 49 ihm
2373 4061 122 48 nicht
2522 4062 239 64 gelungen,
2782 4060 69 48 die
2873 4056 144 50 durch
3040 4053 69 50 die
3130 4055 96 48 Un-

2564 4136 85 49 •27
