2639 4074
2063 3809 191 41 JANVIER
2304 3796 126 46 1922.

231 3810 57 34 LA
321 3803 116 41 CITÉ

1320 3797 31 47 9

311 412 200 49 juments
543 416 81 32 ont
654 421 89 27 une
775 403 178 51 largeur
986 403 57 42 de
1075 402 28 42 4
1136 406 27 38 à
1195 401 114 49 4,50
1343 420 59 25 m.
1437 420 75 26 sur
1543 420 89 26 une
1664 404 287 52 profondeur
1987 406 57 43 de
2077 404 113 51 4,50
2223 424 59 26 m.
2319 409 26 41 à

316 480 22 44 5
374 482 179 40 mètres.

447 552 63 43 Le
539 561 251 43 pavement
821 549 82 43 des
934 550 169 40 écuries
1135 548 98 44 doit
1263 551 97 41 être
1388 566 58 26 en
1476 552 253 42 matériaux
1762 551 106 44 durs
1900 564 46 32 et
1976 551 366 52 imperméables.

311 626 85 42 Les
424 623 226 44 meilleurs
678 630 274 45 pavements
978 633 104 31 sont
1111 622 81 42 des
1219 625 142 48 pavés
1392 623 58 42 de
1479 622 219 52 Quenast,
1732 624 81 43 des
1841 624 195 53 platines
2063 641 115 27 avec
2204 627 141 50 joints

311 716 59 26 au
396 699 98 43 brai
525 698 59 42 de
611 695 226 54 goudron.
869 696 47 42 A
945 695 160 43 défaut
1133 695 60 43 de
1220 711 74 26 ces
1324 698 254 40 matériaux
1607 696 60 44 de
1693 696 148 49 choix,
1875 716 60 25 on
1966 709 111 42 peut
2107 697 238 52 employer

320 771 79 40 des
432 769 182 51 briques
650 768 133 42 dures
816 770 163 49 posées
1016 767 57 42 de
1107 767 167 53 champ
1310 784 114 27 avec
1454 771 141 50 joints
1628 787 58 26 au
1720 772 180 41 ciment.
1939 770 64 43 Le
2035 771 150 44 bétons
2218 782 66 31 est
2317 774 28 39 à

313 842 298 45 déconseiller
635 856 139 38 parce
799 858 87 35 que
912 841 64 42 les
1002 841 89 42 fers
1119 842 81 42 des
1225 842 209 43 chevaux
1458 842 184 53 glissent
1666 854 106 42 (trop
1801 843 262 45 facilement
2088 862 74 26 sur
2187 862 61 26 un
2275 843 68 45 sol

312 916 112 43 lisse.
454 915 63 42 Le
540 916 144 42 béton
711 917 228 45 convient,
968 931 83 35 par
1075 926 171 37 contre,
1277 917 89 42 très
1389 916 106 43 bien
1522 933 119 35 pour
1665 917 66 44 les
1752 916 199 45 couloirs
1979 917 59 44 de
2063 919 184 42 service.

446 988 32 43 Il
504 1004 57 26 ne
587 988 97 42 faut
712 987 177 43 donner
912 987 172 52 qu'une
1110 990 89 40 très
1226 987 140 45 faible
1393 988 265 44 inclinaison
1684 1007 58 26 au
1768 989 69 50 lit;
1867 1005 167 28 encore
2058 999 120 34 cette
2204 1000 139 41 pente

313 1079 57 26 ne
400 1060 205 43 doit-elle
637 1063 163 40 exister
830 1077 89 35 que
946 1077 74 26 sur
1058 1058 85 52 1/3
1179 1060 61 43 du
1270 1059 50 44 lit
1350 1078 118 36 pour
1498 1062 65 43 les
1590 1066 201 49 juments
1823 1073 45 32 et
1897 1080 74 26 sur
2002 1062 93 50 2/3
2129 1079 118 37 pour
2281 1062 64 44 les

311 1134 207 42 chevaux
542 1132 156 44 mâles.

442 1206 86 42 Les
550 1205 200 43 râteliers
774 1223 48 25 se
844 1206 102 44 font
972 1206 59 43 de
1053 1206 269 52 préférence
1345 1224 54 26 en
1425 1207 68 43 fer
1515 1225 59 26 en
1596 1208 157 43 barres
1776 1208 169 43 rondes
1973 1209 59 44 de
2056 1208 101 49 0,01
2194 1226 59 25 m.
2284 1208 61 43 de

314 1280 221 43 diamètre
562 1290 44 32 et
630 1282 186 48 espacés
841 1279 58 43 de
926 1279 111 48 0,08
1063 1296 58 26 m.
1150 1279 256 53 Lorsqu'on
1433 1280 185 51 dispose
1642 1279 110 46 d'un
1776 1279 176 44 couloir
1978 1279 367 45 d'alimentation

312 1364 46 32 et
388 1370 88 34 que
505 1352 94 42 l'on
630 1363 111 41 peut
769 1352 187 52 remplir
986 1352 42 43 le
1058 1352 178 43 râtelier
1268 1369 83 35 par
1378 1370 54 25 ce
1461 1352 176 44 couloir
1668 1353 59 43 de
1758 1356 185 46 service,
1976 1353 29 43 il
2038 1355 216 43 convient
2287 1353 58 43 de

314 1427 206 50 disposer
548 1425 66 43 les
638 1425 158 43 barres
824 1425 356 44 verticalement.
1214 1425 62 44 Le
1305 1425 96 44 foin
1433 1437 67 32 est
1527 1424 122 44 alors
1676 1424 132 53 placé
1834 1443 76 26 sur
1938 1443 60 26 un
2025 1425 128 44 volet
2181 1425 164 44 incliné

310 1516 102 26 vers
438 1498 268 49 l'ex/térieur,
735 1516 53 24 ce
812 1501 75 50 qui
913 1497 204 53 n'oblige
1139 1516 84 34 pas
1249 1498 42 42 le
1315 1498 160 42 cheval
1503 1497 202 44 d'élever
1731 1510 103 41 trop
1860 1498 43 44 la
1931 1501 93 41 tête
2047 1515 117 35 pour
2187 1501 158 41 retirer

310 1573 42 43 le
378 1572 110 43 foin.
522 1571 84 43 Les
633 1571 201 44 râteliers
859 1571 199 44 bombés
1086 1582 104 31 sont
1217 1569 259 53 également
1503 1574 26 39 à
1556 1569 250 45 conseiller.
1837 1571 64 43 Le
1929 1571 117 43 fond
2075 1571 61 44 du
2164 1569 179 44 râtelier

308 1664 60 27 ne
393 1657 109 40 peut
528 1662 83 35 pas
640 1648 95 40 être
760 1643 132 54 placé
920 1643 100 54 plus
1047 1643 112 45 haut
1186 1661 87 35 que
1308 1642 103 49 1,45
1444 1660 60 26 m.

444 1717 85 43 Les
562 1728 155 42 portes
753 1717 79 42 des
866 1718 170 41 écuries
1068 1728 165 31 auront
1265 1733 90 26 une
1387 1716 180 51 largeur
1598 1716 110 43 utile
1740 1718 188 41 minima
1963 1716 58 43 de
2063 1716 12 43 1
2119 1718 147 41 mètre
2299 1725 44 32 et

308 1791 278 43 s'ouvriront
617 1808 57 25 au
710 1790 179 43 dehors.
925 1789 121 44 Elles
1079 1789 191 43 doivent
1301 1792 94 40 être
1430 1789 132 43 faites
1594 1806 56 26 en
1684 1789 121 42 deux
1835 1790 182 49 parties,
2054 1788 60 43 de
2146 1788 136 52 façon
2315 1791 28 41 à

308 1867 197 51 pouvoir
536 1866 151 41 ouvrir
718 1881 54 26 en
804 1865 71 40 été
905 1864 44 42 la
979 1865 145 50 partie
1153 1865 261 49 supérieure
1442 1878 119 35 pour
1590 1864 128 40 aérer
1748 1860 194 44 l'écurie.

446 1937 85 43 Les
560 1937 198 43 fenêtres
788 1937 80 42 des
899 1938 169 41 écuries
1098 1948 155 32 seront
1282 1935 132 43 faites
1445 1951 184 26 comme
1658 1932 134 45 celles
1825 1934 82 43 des
1936 1932 186 45 étables.
2158 1932 64 45 La
2251 1949 69 27 sur-

309 2011 102 44 face
433 2010 244 43 éclairante
699 2026 99 26 sera
825 2009 57 43 de
912 2008 12 44 1
939 2008 30 51 /
978 2008 11 44 I
1005 2009 26 43 2
1057 2011 27 41 à
1115 2007 118 51 1/15
1263 2008 60 42 de
1346 2008 44 43 la
1411 2007 179 44 surface
1617 2007 58 43 de
1699 2006 183 44 l'écurie
1905 2024 118 35 pour
2047 2006 65 44 les
2134 2005 211 44 chevaux

309 2083 269 49 ordinaires;
616 2100 118 35 pour
767 2081 65 44 les
866 2085 215 40 animaux
1118 2082 60 43 de
1209 2079 159 45 valeur
1402 2081 43 43 la
1480 2080 180 43 surface
1696 2079 245 45 éclairante
1976 2079 99 43 doit
2112 2081 94 40 être
2242 2077 101 54 plus

309 2156 331 43 considérable.

443 2229 121 43 Pour
585 2228 43 43 la
651 2228 272 44 ventilation
945 2227 80 44 des
1049 2230 169 39 écuries
1244 2244 59 25 on
1326 2226 95 43 s'en
1444 2234 271 43 rapportera
1740 2228 27 41 à
1790 2242 53 26 ce
1865 2227 75 51 qui
1965 2242 28 26 a
2016 2226 72 41 été
2114 2223 66 44 dit
2202 2239 75 27 sur
2300 2222 43 43 la

306 2301 269 43 ventilation
600 2301 80 43 des
703 2300 187 44 étables.

1132 2405 385 43 PORCHERIES

445 2516 86 42 Les
561 2514 260 54 porcheries
850 2526 202 41 peuvent
1084 2518 96 39 être
1211 2514 81 42 des
1320 2514 249 43 bâtiments
1599 2513 136 43 isolés
1766 2530 59 25 ou
1855 2511 189 44 adossés
2076 2528 90 26 aux
2195 2520 150 34 autres

311 2592 333 41 constructions
681 2589 60 42 de
772 2588 44 43 la
852 2588 157 43 ferme.
1049 2587 31 43 Il
1119 2599 66 31 est
1219 2587 93 42 fort
1346 2589 27 40 à
1409 2584 238 44 conseiller
1684 2586 57 42 de
1778 2603 57 25 ne
1869 2602 83 34 pas
1989 2585 63 43 les
2088 2592 163 34 mettre
2288 2598 56 28 en

309 2664 389 42 communication
737 2662 169 42 directe
942 2677 113 26 avec
1090 2659 65 43 les
1192 2658 175 44 étables
1404 2676 59 25 ou
1501 2660 169 40 écuries
1704 2660 28 40 à
1765 2674 137 25 cause
1940 2657 81 43 des
2056 2658 288 42 émanations

310 2735 141 44 fortes
482 2736 228 51 dégagées
738 2751 83 35 par
851 2734 65 43 les
945 2749 145 37 porcs.

446 2808 103 43 Une
583 2807 238 53 porcherie
860 2824 56 26 ne
955 2806 99 43 doit
1090 2804 227 44 atteindre
1354 2803 168 53 qu'une
1560 2801 140 45 faible
1739 2801 210 49 hauteur;
1991 2802 42 43 le
2071 2799 175 44 couloir
2286 2800 59 43 de

312 2884 171 40 service
510 2899 59 26 ne
596 2881 98 43 doit
720 2898 82 35 pas
833 2880 218 52 dépasser
1079 2878 112 49 2,50
1219 2895 78 31 m.,
1326 2894 90 26 une
1445 2876 178 52 largeur
1653 2874 59 44 de
1745 2873 104 50 1,25
1884 2891 59 27 m.
1976 2877 28 39 à
2039 2873 108 48 1,50
2179 2890 60 26 m.
2273 2881 78 46 esty

307 2954 253 43 suffisante.

445 3026 308 45 Dimensions.
872 3026 85 43 Les
985 3025 278 43 dimensions
1292 3023 81 43 des
1398 3022 126 51 loges
1552 3020 266 53 dépendent
1845 3019 62 43 du
1933 3035 137 36 genre
2098 3030 45 32 et
2167 3026 177 34 surtout

314 3099 62 43 du
400 3100 197 43 nombre
624 3100 59 42 de
709 3116 136 35 porcs
873 3098 140 53 qu'on
1040 3108 109 32 veut
1174 3114 30 34 y
1232 3096 138 51 loger.

440 3172 136 43 Voici
603 3172 218 53 quelques
849 3172 280 42 dimensions
1155 3172 232 50 pratiques
1413 3184 116 35 pour
1557 3167 63 43 les
1647 3164 259 52 porcheries
1940 3182 11 25 :

445 3245 121 43 Pour
588 3263 89 26 une
703 3247 114 40 truie
840 3260 113 27 avec
979 3243 80 44 des
1084 3241 228 54 porcelets
1343 3259 9 24 :
1383 3239 111 49 2,50
1523 3257 59 25 m.
1612 3242 27 40 à
1667 3238 25 43 3
1721 3255 59 26 m.
1811 3241 41 39 X
1882 3236 26 43 3
1937 3254 84 31 m.;

446 3317 121 45 Pour
592 3336 60 26 un
680 3335 113 35 porc
821 3316 329 54 reproducteur
1185 3334 10 24 :
1228 3313 112 51 2,50
1369 3331 60 25 m.
1463 3316 40 40 X
1534 3309 113 51 2,50
1675 3329 60 25 m.
1750 3329 9 30 ;

445 3390 121 43 Pour
589 3391 119 42 deux
732 3409 59 24 ou
816 3393 109 40 trois
950 3391 135 42 truies
1106 3388 173 52 pleines
1310 3406 9 24 :
1346 3386 112 49 2,50
1483 3403 59 25 m.
1571 3388 40 40 X
1637 3382 113 49 2,50
1776 3400 58 25 m.
1849 3400 10 31 ;

451 3462 120 42 Pour
599 3462 27 43 6
654 3466 27 39 à
710 3462 28 43 8
766 3466 159 48 jeunes
951 3479 138 35 porcs
1115 3461 59 43 de
1201 3461 24 42 3
1257 3463 27 39 à
1313 3459 28 44 6
1369 3461 116 42 mois
1520 3476 10 25 :
1564 3457 24 44 3
1618 3475 58 25 m.
1712 3459 34 33 X
1781 3456 25 42 3
1836 3473 83 31 m.;

445 3536 103 43 Une
566 3536 105 50 loge
693 3536 60 44 de
774 3536 28 43 4
826 3553 59 25 m.
912 3539 39 40 X
974 3535 28 43 4
1025 3552 59 25 m.
1109 3546 110 40 peut
1239 3533 168 43 abriter
1430 3532 28 42 6
1480 3535 27 40 à
1536 3531 12 43 1
1565 3531 28 43 0
1616 3546 134 37 porcs
1771 3527 191 45 adultes.
