2664 3863
1300 356 76 31 394

273 441 162 47 Temps
469 439 54 38 de
556 450 177 38 guerre.
832 453 189 26 GEORGES
1052 453 157 26 GILLET.
1242 443 191 47 Figuière
1469 443 83 36 édit
1561 471 7 8 .
1694 443 31 36 Il
1754 455 25 36 y
1811 455 23 25 a
1868 444 46 37 96
1938 455 132 37 pages
2103 456 25 35 y
2159 444 187 49 compris
2365 444 40 38 la

226 498 114 38 table
361 498 76 39 des
456 499 212 39 matières.
704 500 108 39 C'est
836 502 106 38 rimé
963 503 49 36 Je
1031 512 106 28 vous
1158 501 91 48 prie
1268 502 52 36 de
1344 502 245 38 m'excuser.

266 594 149 38 L'abri
440 596 182 38 56-A-2
722 610 105 24 JEAN
850 610 115 25 AZAIS
1013 620 13 3 -
1071 600 99 35 Arts
1200 601 39 33 et
1257 600 138 35 lettres
1421 599 82 36 édit
1511 626 11 11 .
1634 599 55 37 Ce
1718 599 101 38 livre
1851 600 92 37 doit
1964 602 89 36 être
2092 603 86 35 très
2214 601 159 36 intéres-

220 657 100 35 sant
353 665 109 38 pour
483 655 110 38 celui
621 657 74 48 qui
716 657 13 38 l
744 669 23 26 a
788 657 117 38 éciit.

270 753 64 36 Le
360 755 207 36 Mercure
589 754 54 37 de
678 756 183 36 France.
960 754 57 38 Ils
1036 757 98 35 sont
1155 755 116 48 trop!
1299 754 113 38 Dans
1430 756 38 36 le
1492 763 44 29 n°
1558 756 56 36 du
1639 757 15 36 l
1661 763 32 17 cp
1722 757 266 47 Septembre.
2014 757 64 37 Mr
2098 757 174 37 Charles
2289 757 86 37 Hen-

221 821 51 37 ry
294 811 151 39 Hirsch
467 813 110 38 aime
598 814 61 37 les
680 815 162 36 raisons
860 816 179 46 précises
1045 843 8 15 ,
1076 814 28 38 il
1141 815 86 36 crie
1249 815 97 37 Kssi
1395 815 94 38 Kssi
1511 817 109 36 àMr
1659 816 143 38 Pierre
1832 817 197 37 Lasserre
2063 817 75 48 qui
2174 817 169 37 s'essaie
2380 817 23 37 à

222 882 188 38 envoyer
439 873 209 38 Rimbaud
679 874 105 38 dans
805 873 149 39 l'autre
990 874 168 38 monde.
1188 875 79 37 Ces
1284 876 155 47 grands
1461 877 193 47 critiques
1677 879 97 35 sont
1788 876 271 45 admirables,
2091 877 53 37 ils
2166 876 237 38 n'oublient

224 942 85 36 que
341 932 121 38 Dieu.

272 1018 87 35 Les
381 1018 27 37 3
437 1029 146 26 roses.
681 1020 55 36 Le
758 1018 172 38 dernier
950 1026 45 30 n°
1019 1030 100 35 reçu
1141 1018 54 37 ici
1216 1022 64 35 est
1301 1019 52 38 de
1378 1020 319 38 Février-Mars.
1720 1021 121 37 Cette
1865 1032 129 26 revue
2022 1021 161 37 vit-elle
2204 1032 154 26 encore
2381 1021 18 35 ?

226 1076 61 36 En
315 1078 130 47 égard
468 1079 23 36 à
531 1090 47 26 ce
619 1079 74 47 qui
734 1090 44 26 se
814 1079 75 37 fait
924 1079 302 38 actuellement
1263 1091 45 26 sa
1330 1079 115 49 ligne
1468 1083 61 35 est
1552 1091 118 28 assez
1692 1082 155 44 bonne,
1878 1082 101 48 quoi
2016 1081 153 49 qu'elle
2193 1081 84 38 soit
2298 1080 110 38 bien*

225 1140 180 35 souvent
425 1138 158 37 brisée.

273 1216 232 38 L'instant.
592 1219 388 36 Barcelone-Paris
991 1246 8 9 .
1114 1218 206 39 L'instant
1342 1220 136 47 paraît
1499 1219 266 39 maintenant
1780 1220 25 37 à
1826 1219 245 44 Barcelone,
2109 1223 111 34 cette
2259 1220 143 38 bonne

224 1284 128 28 revue
372 1276 155 38 fondée
549 1278 23 36 à
607 1278 118 37 Paris
746 1289 78 37 par
846 1279 37 36 J.
909 1278 279 38 Perez-Jorba
1213 1281 65 34 est
1299 1279 192 37 devenue
1513 1280 94 48 plus
1629 1280 204 37 luxueuse
1857 1279 152 48 depuis
2042 1280 153 48 qu'elle
2232 1291 21 25 a
2278 1281 124 47 passé

224 1335 62 38 les
309 1337 226 47 Pyrénées,
559 1339 102 36 c'est
696 1350 55 25 un
776 1338 146 48 plaisir
943 1349 110 37 pour
1070 1338 61 37 les
1152 1350 111 37 yeux
1282 1351 6 24 :
1313 1339 110 37 belle
1454 1339 188 44 matière,
1665 1340 84 36 bon
1771 1339 160 45 travail,
1965 1340 108 37 belle
2111 1340 289 43 ordonnance,

225 1399 43 33 et
288 1396 85 37 bon
401 1397 133 49 esprit
568 1398 181 48 puisque
770 1399 40 37 la
832 1398 209 38 direction
1070 1399 64 37 n'a
1176 1409 73 37 pas
1271 1399 180 48 changé.
1489 1400 113 36 Pour
1637 1411 124 34 nous,
1786 1412 51 24 en
1877 1401 172 43 France,
2075 1410 108 27 nous
2218 1412 26 36 y
2270 1410 135 27 avons

224 1459 212 44 peut-être
465 1469 56 26 un
544 1470 82 36 peu
649 1459 135 47 perdu
807 1469 125 37 parce
955 1460 128 47 qu'on
1103 1471 25 36 y
1144 1460 115 47 parle
1295 1471 57 25 un
1374 1470 83 37 peu
1480 1460 94 47 plus
1595 1460 165 37 catalan
1781 1471 85 37 que
1906 1460 199 46 français,
2134 1460 114 37 enfin
2288 1470 112 27 nous

224 1518 297 46 apprendrons
541 1519 38 36 le
615 1519 163 37 catalan
802 1519 182 48 puisque
1005 1530 105 26 vous
1128 1519 38 37 le
1189 1519 146 37 voulez
1365 1530 98 26 mon
1490 1520 104 37 cher
1614 1519 208 38 confrère.

269 1604 247 35 Terramar.
631 1604 115 47 Silge
749 1615 37 25 s.
831 1605 225 36 Barcelone
1066 1632 9 8 .
1203 1605 91 36 Une
1318 1605 192 36 nouvelle
1534 1615 125 26 revue
1681 1603 74 49 qui
1776 1615 108 27 nous
1905 1604 139 39 arrive
2064 1605 243 47 également
2329 1603 52 37 de

224 1660 250 49 Catalogne.
523 1664 79 36 Les
622 1663 197 37 Catalans
838 1663 92 37 font
951 1666 84 34 très
1056 1664 99 36 bien
1176 1664 62 36 les
1261 1664 165 43 choses,
1448 1664 49 36 ils
1519 1663 94 38 font
1635 1675 47 26 ce
1717 1664 128 48 qu'on
1873 1664 124 38 ferait
2018 1676 52 25 en
2100 1666 160 36 France
2281 1664 35 36 si
2338 1675 55 25 on

223 1721 174 47 pouvait
407 1734 26 37 y
454 1723 105 37 faire
581 1724 186 48 quelque
789 1725 147 36 chose.
990 1724 116 37 Nous
1128 1726 253 35 retrouvons
1403 1723 53 38 ici
1477 1724 280 37 Perez-Jorba
1781 1727 41 34 et
1847 1725 37 36 J.
1923 1725 56 36 M.
2011 1725 148 48 Junoy,
2192 1725 101 36 c'est
2314 1735 83 26 une

222 1782 193 45 garantie
437 1794 111 37 pour
568 1784 224 38 Terramar
808 1786 43 34 et
867 1795 71 25 ces
958 1783 112 37 deux
1091 1786 107 35 têtes
1221 1785 38 35 là
1277 1787 155 35 auront
1459 1784 76 39 fait
1556 1785 223 47 beaucoup
1804 1795 108 37 pour
1932 1784 100 49 qu'il
2053 1786 66 46 n'y
2139 1784 56 37 ait
2219 1785 96 47 plus
2337 1784 54 37 de

224 1841 224 49 Pyrénées.
492 1844 50 36 Et
576 1855 106 26 vous
720 1855 120 26 savez
863 1844 100 48 qu'il
991 1856 25 36 y
1051 1855 22 26 a
1096 1844 52 36 de
1181 1843 108 39 bons
1317 1843 185 49 peintres
1525 1845 22 36 à
1574 1845 241 44 Barcelone,
1854 1844 182 39 témoins
2075 1844 59 37 les
2162 1845 208 47 reproduc-

225 1901 112 38 tions
358 1902 52 37 de
432 1903 196 37 l'lnstant
647 1906 43 35 et
711 1904 52 37 de
798 1905 236 36 Terramar.

270 2001 117 47 Atys
473 2000 124 36 Rome
604 2027 14 13 .
671 2024 18 5 -
727 2002 60 36 De
810 2002 86 36 très
918 2000 158 48 grands
1098 2000 166 38 dessins
1290 2000 217 49 imprimés
1529 2012 53 25 en
1598 2001 110 37 deux
1729 2001 213 44 couleurs,
1974 2001 75 37 des
2063 2004 138 34 textes
2224 2001 173 37 italiens

222 2059 165 47 anglais
408 2062 44 35 et
472 2062 137 35 même
631 2061 195 45 français.
869 2062 141 36 Revue
1033 2061 73 48 qui
1127 2073 23 24 a
1174 2073 98 25 sans
1290 2061 131 37 doute
1440 2061 75 38 des
1536 2061 235 37 intentions
1794 2063 85 35 très
1899 2061 340 48 sympathiques,
2291 2061 106 36 mais

222 2118 79 38 elle
325 2131 65 25 me
412 2123 137 44 paraît
568 2121 97 37 bien
686 2120 201 40 indécise.
923 2122 49 36 Je
993 2121 38 37 la
1050 2121 138 47 reçois
1216 2120 214 38 d'ailleurs
1454 2123 85 35 très
1560 2120 385 49 irrégulièrement.

268 2182 62 35 Le
367 2182 277 47 Crapouillot
722 2182 124 37 Paris
856 2210 8 8 .
910 2182 34 36 N
948 2188 29 17 os
1002 2182 45 37 10
1064 2185 42 34 et
1129 2183 40 35 11
1192 2181 215 38 Chercher
1426 2192 55 25 un
1503 2181 171 38 homme
1691 2184 65 35 est
1775 2192 118 27 assez
1915 2182 73 36 àla
2013 2181 123 37 mode
2153 2193 70 26 ces
2246 2184 141 45 temps

222 2240 51 45 ci,
302 2241 99 36 c'est
422 2241 216 38 tellement
661 2242 94 48 plus
772 2241 120 38 facile
908 2253 100 27 avec
1028 2242 62 37 les
1110 2241 217 39 lanternes
1353 2241 256 49 électriques
1636 2241 51 38 de
1710 2243 151 47 poche,
1884 2241 64 37 Mr
1971 2241 255 49 Dominique
2255 2242 141 47 Braga

219 2300 116 37 vient
361 2301 95 37 d'en
473 2301 224 38 découvrir
718 2314 56 25 un
797 2304 136 35 vivant
950 2315 7 24 :
986 2302 148 38 Daniel
1156 2302 53 37 de
1232 2303 98 36 Foë.
1386 2302 113 37 Dans
1538 2313 48 26 ce
1605 2304 137 36 même
1783 2309 44 30 n°
1849 2301 27 37 il
1899 2314 25 36 y
1941 2313 23 25 a
1992 2302 114 37 aussi
2134 2302 261 48 Décalogue,

219 2372 83 26 une
331 2362 269 48 quelconque
622 2363 155 47 blague
799 2363 52 37 de
874 2364 63 36 Mr
957 2361 399 49 Georges-Armand
1377 2363 187 37 Masson.
1595 2363 57 36 M.
1679 2363 105 37 Jean
1804 2362 175 38 Bernier
1995 2361 88 38 voit
2100 2361 76 38 des
2197 2361 178 37 différen-

219 2433 70 26 ces
310 2424 121 35 entre
451 2423 37 36 la
513 2422 204 49 mimique
753 2424 35 36 la
809 2423 132 37 danse
975 2426 42 35 et
1037 2424 37 36 la
1113 2423 196 48 musique
1326 2435 8 24 :
1360 2423 84 36 moi
1467 2422 133 38 aussi.
1625 2423 55 37 Ce
1703 2422 73 49 qui
1815 2422 246 49 n'empêche
2085 2433 74 38 pas
2189 2422 63 37 Mr
2272 2423 87 38 Wal-

219 2482 149 37 dernar
388 2483 203 47 Georges,
615 2483 105 37 dans
741 2484 38 36 le
803 2491 44 29 n°
878 2483 179 42 suivant,
1082 2483 52 37 de
1157 2485 200 35 remettre
1382 2482 171 38 Isadora
1574 2494 73 26 sur
1666 2483 39 37 le
1731 2485 133 35 trône.

268 2575 65 36 La
367 2574 198 37 Revista.
673 2574 236 38 Barcelone.
951 2575 139 36 Revue
1128 2574 196 47 toujours
1352 2574 123 36 docte
1499 2575 54 35 où
1581 2574 181 37 Théorie
1799 2574 220 47 l'emporte
2061 2584 74 28 sur
2177 2572 214 50 Pratique.

219 2633 114 40 Dans
352 2634 39 37 le
413 2641 45 30 n°
480 2633 52 38 de
562 2635 252 48 Septembre
836 2636 63 35 Mr
918 2636 37 35 J.
981 2635 56 36 M.
1076 2633 258 49 Lopez-Pico
1372 2645 21 26 a
1417 2636 100 34 tenu
1558 2635 22 35 à
1602 2645 52 25 ne
1694 2645 75 37 pas
1793 2645 65 25 me
1880 2636 193 46 compter
2103 2643 56 28 au
2199 2634 194 37 nombre,

221 2693 74 37 des
317 2696 148 46 poètes
487 2706 222 26 nouveaux
727 2699 7 32 î
764 2695 198 48 serais-je
990 2694 97 49 déjà
1114 2694 34 37 si
1170 2693 247 49 classique?

267 2791 100 37 Vell
400 2792 15 36 i
446 2802 102 27 nou.
631 2793 244 35 Barcelone.
922 2792 78 36 Ces
1034 2790 195 48 temps-ci
1249 2790 29 38 il
1315 2802 63 25 me
1400 2791 162 37 semble
1582 2802 84 36 que
1689 2790 96 38 Vell
1811 2790 12 36 i
1852 2791 93 36 Nou
1968 2789 184 38 tendrait
2175 2791 23 35 à
2220 2789 175 39 devenir

219 2851 95 46 plus
335 2862 86 26 nou
443 2862 84 37 que
548 2851 94 43 vell,
666 2851 105 38 mais
789 2863 108 26 nous
918 2864 25 35 y
966 2851 199 48 perdons,
1186 2862 72 27 car
1275 2862 54 26 au
1352 2851 189 38 mauvais
1565 2862 196 26 nouveau
1802 2850 43 48 je
1870 2847 164 51 préféré
2068 2850 38 37 le
2128 2850 86 36 bon
2243 2850 150 37 ancien

266 2931 65 36 La
363 2940 105 27 rose
488 2940 161 38 rouge.
739 2930 123 37 Paris
872 2958 8 9 .
951 2930 110 37 C'est
1082 2941 57 25 un
1161 2929 127 37 bazar
1315 2930 55 35 où
1392 2930 84 36 l'on
1500 2928 152 38 trouve
1698 2930 23 36 à
1768 2940 82 36 peu
1891 2930 96 46 près
2011 2930 97 35 tous
2127 2928 61 37 les
2225 2927 168 38 articles

219 2990 151 48 depuis
391 2990 61 38 les
473 2990 170 37 articles
683 2991 60 37 Un
753 2991 52 36 tel
828 2993 126 45 quart
976 2990 414 48 pompier-pompier
1412 2990 52 36 de
1501 2991 127 46 quart
1664 2990 228 48 jusqu'aux
1933 2988 170 37 articles
2142 2988 175 38 Salmon
2341 2991 43 34 et

217 3050 203 44 Cendras,
443 3053 137 35 même
596 3051 106 36 dans
720 3062 54 25 un
799 3062 131 37 rayon
949 3062 54 25 on
1034 3061 22 26 a
1091 3051 67 36 été
1175 3049 170 50 jusqu'à
1383 3050 227 36 mentionné
1644 3049 174 38 l'article
1849 3049 314 37 collaborateur
2183 3048 53 37 de
2310 3049 71 37 Sic

218 3111 29 37 il
268 3113 66 36 est
353 3111 88 37 vrai
464 3122 84 37 que
568 3111 141 37 c'était
737 3122 109 37 pour
870 3111 93 37 rire,
1004 3110 31 37 il
1058 3122 25 36 y
1105 3122 23 26 a
1150 3111 113 36 aussi
1285 3111 60 36 les
1367 3110 120 38 titres
1510 3110 52 36 de
1584 3110 63 37 six
1670 3120 100 37 purs
1812 3108 325 38 chefs-d'œuvre
2159 3108 149 38 offerts
2329 3120 53 26 en

218 3172 137 48 prime
386 3183 76 37 par
483 3172 65 37 Mr
582 3172 53 37 de
658 3172 107 37 Max.
803 3172 32 37 Il
868 3183 25 36 y
920 3183 23 25 a
983 3171 116 37 aussi
1122 3171 62 36 les
1217 3170 279 38 lamentation
1534 3171 51 37 de
1630 3170 38 37 M
1673 3177 14 16 r
1709 3169 143 38 André
1879 3168 193 39 Warnod
2092 3180 76 25 sur
2202 3169 39 37 la
2277 3171 113 36 mort

218 3232 317 49 d'Apollinaire,
562 3243 83 36 que
666 3243 52 26 ne
745 3231 145 38 s'est-il
907 3242 157 37 aperçu
1083 3231 333 48 qu'Apollinaire
1438 3231 189 48 pendant
1661 3230 101 48 qu'il
1788 3230 125 37 vivait
1932 3240 23 26 a
1978 3229 107 37 écrit
2193 3230 79 36 Les
2297 3240 59 26 ma-

216 3294 147 38 melles
383 3292 53 38 de
458 3292 182 38 Tirésias
699 3292 119 48 pièce
843 3292 166 37 animée
1031 3292 98 37 d'un
1151 3292 132 47 esprit
1310 3292 247 37 réellement
1579 3302 193 26 nouveau
1793 3293 43 35 et
1857 3290 279 47 représentée
2159 3300 77 37 par
2253 3290 39 37 la
2329 3301 42 26 re-

213 3365 84 27 vue
320 3354 69 37 Sic
410 3364 99 27 sans
536 3353 38 37 le
595 3363 175 27 secours
797 3352 209 38 d'aucune
1027 3353 174 42 société,
1215 3351 181 39 d'aucun
1416 3351 217 38 directeur
1650 3351 53 37 de
1738 3351 178 43 théâtre,
1941 3349 181 37 d'aucun
2144 3348 180 38 éditeur.

265 3439 168 38 Ariste.
540 3439 171 37 Nantes.
751 3437 49 38 Je
821 3437 137 47 reçois
979 3449 70 26 ces
1070 3436 163 39 cahiers
1252 3438 87 36 très
1360 3436 383 49 irrégulièrement,
1762 3435 73 49 j'ai
1866 3435 54 38 ici
1952 3435 38 37 le
2026 3442 44 29 n°
2093 3435 21 36 3
2148 3437 42 34 et
2211 3435 36 36 le
2285 3442 44 29 n°
2351 3435 36 36 6.

214 3499 60 38 Le
293 3506 45 31 n°
366 3499 22 36 3
407 3498 191 38 contient
670 3499 222 37 Comment
913 3501 64 34 est
998 3499 52 36 né
1074 3499 147 47 Satyre
1294 3498 52 38 de
1369 3498 83 36 Ker
1483 3496 296 38 Frank-Houx.
1828 3494 111 38 C'est
1960 3506 83 26 une
2084 3494 131 49 petite
2254 3495 129 37 chose
