2664 3863
1278 257 69 29 381

674 366 330 168 LES
1075 366 463 168 JEUX

1617 402 414 147 (suite)

380 657 150 108 Je
588 684 150 78 ne
776 657 318 105 crois
1150 686 223 104 pas
1419 658 368 137 qu'un
1818 661 190 106 bel
2046 663 356 107 arbre

240 798 232 109 soit
510 798 355 135 aimé,
921 798 503 135 admiré,
1465 800 673 138 également
2178 834 226 106 par

235 955 323 122 tous,
614 943 310 106 mais
982 943 81 104 il
1124 950 201 102 est
1376 945 439 109 devant
1876 961 315 106 tous:
2247 978 155 79 au

238 1088 437 106 dessus
703 1088 142 106 de
888 1085 516 109 l'amour
1447 1100 112 94 et
1602 1090 140 104 de
1787 1090 552 107 l'admira-

235 1232 259 110 tion

388 1375 147 109 Et
563 1375 323 109 ainsi
921 1375 158 106 du
1132 1375 305 109 beau
1477 1408 569 111 paysage,
2097 1380 147 106 de
2290 1380 114 106 la

243 1519 312 110 belle
601 1527 721 135 montagne,
1355 1522 155 104 du
1549 1519 182 110 bel
1772 1529 432 120 océan,
2239 1524 155 107 du

245 1662 310 109 beau
586 1662 399 129 soleil,
1023 1664 150 107 de
1211 1664 114 107 la
1355 1662 183 109 bel
1559 1664 106 109 le
1691 1667 711 106 cathédrale

235 1809 69 107 d
324 1842 69 74 u
418 1806 308 110 beau
756 1806 871 140 palais,toutes
1650 1806 518 112 beautés
2191 1842 158 107 qu
2369 1811 25 105 i

253 1951 1242 109 sontdevanttousau
1526 1954 622 109 dessusde
2181 1954 164 106 l'a-

243 2093 681 110 mouretde
969 2093 864 110 l'admiration.

378 2238 149 107 Je
553 2266 371 107 pense
962 2269 231 104 que
1249 2248 183 97 cet
1470 2248 338 99 autre
1846 2238 310 109 beau
2191 2269 139 78 so-

230 2383 196 107 leil
472 2396 180 94 cet
698 2393 340 97 autre
1076 2383 310 107 beau
1427 2383 431 135 palais:
1894 2383 500 109 l'œuvre

235 2530 158 104 du
433 2528 343 134 poète
822 2584 61 20 -
914 2528 424 134 poème
1386 2558 155 76 ou
1594 2528 414 106 drame
2044 2586 63 26 -
2150 2528 247 109 doit

233 2670 249 107 être
512 2672 442 105 devant
974 2683 321 106 tous:
1333 2700 155 77 au
1515 2670 432 107 dessus
1998 2672 140 105 de
2173 2672 170 105 l'a-

225 2843 361 81 mour
611 2835 117 86 et
753 2815 143 106 de
916 2812 851 109 l'admiration.

433 2957 346 109 Voilà
863 2957 599 140 pourquoi
1549 2957 134 142 je
1782 2957 612 109 demande

240 3132 160 79 un
489 3102 498 109 théâtre
1066 3102 150 106 de
1289 3099 590 130 100,000
1975 3102 419 137 places

228 3257 132 101 et
416 3247 655 112 aratuites.

1192 3394 341 110 Pierre
1568 3389 849 115 ALBERT-BIROT
