3246 4376
108 4262 55 29 436

130 102 149 39 Alfred
310 102 130 42 Kerr:

202 199 190 36 Empfängnis
427 207 81 21 muss
545 200 73 28 nach
654 199 127 29 Wunsch
816 198 131 28 vereitelt
981 199 118 27 werden

130 244 112 28 dürfen.
292 244 67 28 Wer
386 243 77 28 nicht
495 243 91 29 soviel
621 244 141 28 Gedecke
794 243 102 28 liefern
931 243 87 33 kann,
1044 241 54 30 wie

129 288 107 30 Kinder
263 290 36 27 da
324 289 80 28 sind:
439 290 51 27 der
525 297 81 20 muss
642 297 53 20 nur
720 288 93 29 soviel
849 288 108 28 Kinder
987 288 111 33 liefern,

127 334 54 28 wie
209 334 141 28 Gedecke
378 335 36 27 da
439 334 74 28 sind.

202 388 85 28 Hohe
315 388 289 36 Bevölkerungszahl
631 388 136 34 verbürgt
794 386 78 29 nicht
893 386 106 28 einmal
1026 386 58 35 poli-

125 431 94 30 tische
247 433 107 28 Macht.
386 432 127 36 (China.)
551 432 53 29 Die
630 438 125 29 grossen
783 431 144 28 Einflüsse
950 434 148 25 stammen

127 477 105 29 immer
257 485 56 21 von
348 478 115 28 kleinen
501 478 138 28 Völkern.
700 477 60 28 Der
794 476 118 28 Glaube
948 477 51 27 der
1024 476 74 28 Welt

127 523 69 27 kam
233 530 58 21 von
327 524 67 27 dem
433 522 115 28 kleinen
586 522 104 34 Judäa.
755 521 54 28 Die
848 520 163 30 Schönheit
1046 522 52 27 der

125 567 75 29 Welt
224 575 58 21 von
309 569 67 27 dem
402 567 116 28 kleinen
545 567 227 28 Griechenland.

199 622 60 28 Der
281 621 165 28 Bundesrat
470 621 85 28 sollte
582 621 121 28 bessere
729 619 201 30 Schutzmittel
955 619 143 30 erfinden.

122 821 77 40 Dr.
226 819 81 52 jur.
336 818 284 42 Werthauer:

195 918 55 30 Die
277 917 215 30 Konstellation
517 917 47 29 für
592 917 276 36 gesetzgeberische
894 916 138 30 Arbeiten
1060 916 35 29 ist

120 962 232 37 augenblicklich
379 962 37 29 im
437 963 146 28 Interesse
602 963 54 28 des
677 962 188 29 Fortschritts
886 963 52 28 der
957 962 119 28 Mensch-

121 1009 69 34 heit,
215 1009 104 28 soweit
339 1016 32 20 er
390 1009 90 28 durch
501 1009 148 28 bewusste
670 1007 238 29 Einflussnahme
929 1007 166 35 überhaupt

119 1054 151 36 gehemmt
295 1055 74 28 oder
387 1054 155 35 gefährdet
568 1054 116 28 werden
706 1054 88 33 kann,
814 1053 42 28 als
877 1053 65 28 eine
963 1053 132 27 äusserst

120 1099 174 36 ungünstige
332 1108 37 19 zu
408 1099 175 32 bezeicnen;
621 1098 64 29 weil
724 1097 45 29 die
803 1098 290 35 Voraussetzungen,

120 1144 76 30 nach
239 1146 95 27 denen
377 1144 46 28 die
458 1144 196 35 Wahlkörper
692 1146 290 33 zusammengesetzt
1019 1143 74 34 sind,

120 1190 79 29 nicht
226 1191 56 27 den
309 1190 209 28 Grundsätzen
551 1190 52 27 der
636 1188 221 36 Gerechtigkeit
887 1188 206 36 entsprechen.

193 1254 129 28 Deshalb
357 1252 35 30 ist
425 1252 45 29 ein
507 1252 164 36 Eingreifen
705 1253 52 27 der
787 1251 231 36 Gesetzgebung
1044 1252 50 28 auf

119 1298 118 30 keinem
277 1297 108 30 Gebiet
423 1306 52 19 zur
512 1297 65 28 Zeit
614 1297 260 28 wünschenswert.
938 1296 39 29 Es
1014 1297 78 28 wäre

117 1344 97 28 schon
240 1343 122 29 deshalb
388 1344 55 28 das
469 1343 152 28 Scheitern
649 1344 53 27 des
735 1342 163 29 Entwurfes
924 1350 69 21 zum
1020 1342 55 29 Kur-

118 1389 270 37 pfuschereigesetz
443 1396 53 20 nur
549 1397 37 19 zu
631 1388 172 35 begrüssen.
878 1388 93 28 Wenn
1023 1395 68 21 man

117 1434 132 29 Gesetze
280 1434 175 35 vorschlägt,
490 1433 111 29 welche
637 1433 154 29 einerseits
827 1433 45 28 die
908 1432 183 29 individuelle

118 1479 126 30 Freiheit
277 1479 215 34 beschränken,
531 1478 198 29 andererseits
767 1479 68 28 dem
875 1478 215 29 Gesundbeten

117 1526 60 27 und
213 1524 191 29 Aehnlichem
443 1525 53 28 das
528 1525 82 28 Wort
648 1525 100 33 reden,
781 1524 37 28 ist
857 1523 46 29 die
939 1524 153 36 Hoffnung

116 1570 260 36 ausgeschlossen,
414 1571 70 26 dass
522 1572 92 26 etwas
653 1569 182 35 Kraftvolles,
875 1568 215 36 Einheitliches,

117 1615 217 29 Freiheitliches
360 1623 38 20 zu
424 1615 110 29 Stande
562 1615 122 29 kommt.

188 1669 124 37 Speziell
339 1669 46 29 die
411 1669 102 36 Frage,
539 1670 39 28 ob
606 1670 51 28 der
683 1670 83 28 Staat
792 1668 161 37 berechtigt
971 1668 53 35 sei,
1044 1670 46 28 die

115 1715 264 35 Nichtvollendung
406 1716 50 27 der
483 1714 187 37 Konzeption
695 1723 38 20 zu
752 1715 160 35 verbieten,
938 1715 36 28 ist
994 1715 95 28 schon

115 1760 28 29 in
171 1761 76 28 ihrer
271 1760 183 35 Aufstellung
480 1760 65 28 eine
572 1760 202 36 Verhöhnung
801 1762 52 26 der
879 1760 212 29 Individualität

113 1807 54 28 des
193 1806 172 29 Menschen.

187 1859 51 30 Ein
265 1860 118 29 solches
410 1860 112 29 Verbot
556 1859 80 35 trifft,
668 1859 54 30 wie
756 1859 46 30 die
835 1859 126 30 meisten
994 1861 76 28 Mass-

116 1906 126 28 nahmen
277 1905 96 29 dieser
407 1905 59 34 Art,
503 1905 143 29 natürlich
682 1905 79 29 nicht
797 1906 45 28 die
878 1905 210 36 Intelligenten,

113 1952 131 27 sondern
272 1959 53 20 nur
351 1950 46 29 die
423 1952 259 28 bedauernswerte
708 1952 101 28 Masse
837 1952 51 27 der
907 1952 123 33 Armen;
1056 1959 33 21 es

114 1996 36 29 ist
176 1995 46 30 ein
247 1997 167 28 besonders
441 1996 187 36 exponierter
653 1995 99 37 Gipfel
775 1997 168 28 unsozialer
963 1997 108 28 Gesetz-

111 2042 127 35 gebung.
289 2041 55 29 Die
378 2041 115 29 übliche
527 2042 206 35 Begründung,
761 2043 70 27 dass
857 2043 52 27 der
934 2042 84 28 Staat
1042 2042 47 29 für

112 2088 75 28 oder
223 2093 94 29 gegen
357 2087 45 28 die
441 2086 162 37 Schaffung
642 2089 52 27 des
733 2087 222 29 Nachwuchses
994 2088 94 36 Sorge

112 2136 102 32 tragen
242 2133 110 33 müsse,
379 2132 37 28 ist
440 2133 263 28 wissenschaftlich
730 2133 116 28 haltlos.

185 2195 55 29 Die
266 2195 94 29 Natur
385 2195 108 29 schafft
517 2204 36 21 so
575 2195 162 35 überreich,
757 2197 70 27 dass
848 2197 53 27 das
922 2196 165 36 Eingreifen

112 2242 52 27 der
183 2241 165 29 Menschen
370 2240 43 29 ihr
431 2241 170 36 gegenüber
620 2247 154 30 verwegen
795 2242 155 28 erscheint.
990 2242 99 29 Selbst

111 2294 86 21 wenn
223 2287 245 35 vorübergehend
496 2287 52 28 das
578 2286 155 36 Quantum
760 2287 158 35 nachlässt,
943 2295 37 21 so
1007 2288 80 28 kann

110 2340 35 20 es
171 2331 46 29 die
252 2332 93 28 Natur
381 2332 148 28 durchaus
569 2333 91 27 durch
694 2332 46 29 die
775 2332 133 37 Qualität
941 2336 145 26 ersetzen.

112 2377 104 35 Jedem
242 2377 94 29 Volke
364 2377 44 35 ist,
434 2376 53 30 wie
507 2377 83 36 jeder
609 2377 129 36 Familie,
760 2386 53 20 nur
833 2378 65 29 eine
919 2378 168 29 bestimmte

111 2422 212 29 Lebensdauer
359 2424 143 35 gegeben.
566 2423 54 29 Die
659 2423 93 29 Natur
790 2425 78 27 kann
908 2425 76 28 auch
1029 2425 57 28 den

112 2467 169 37 Untergang
306 2476 53 20 zur
384 2468 161 36 Schaffung
572 2477 91 21 neuer
688 2469 98 29 Werte
814 2468 80 37 nötig
920 2470 107 29 haben.

185 2532 60 29 Der
271 2532 82 29 Staat
379 2531 36 29 ist
440 2532 114 29 seinem
581 2533 109 36 Begriff
717 2533 75 28 nach
819 2534 46 28 ein
891 2534 175 29 Zusammen-

108 2577 118 29 schluss
252 2578 52 28 der
331 2577 167 36 Einzelnen,
531 2587 49 19 um
607 2578 47 28 ein
686 2580 180 34 geordnetes
892 2580 175 29 Zusammen-

110 2623 87 28 leben
223 2631 37 20 zu
287 2623 207 36 ermöglichen.
533 2624 93 28 Wenn
653 2625 52 28 der
730 2625 84 28 Staat
834 2626 127 28 darüber
980 2626 106 29 hinaus

110 2668 29 28 in
166 2670 213 27 anmassender
404 2668 97 29 Weise
536 2670 77 28 noch
639 2669 118 29 weitere
792 2670 95 37 Dinge
919 2680 37 19 zu
982 2672 104 28 seinen

110 2714 206 36 Operationen
342 2715 176 28 verwenden
544 2715 63 34 will,
633 2722 35 21 so
695 2715 122 29 verletzt
843 2724 31 20 er
896 2717 63 28 sich
985 2717 100 35 selbst,

110 2760 80 28 kann
218 2760 204 35 naturgemäss
448 2759 107 29 keinen
582 2760 98 36 Erfolg
707 2761 106 35 haben,
840 2763 60 27 und
926 2762 80 29 dient
1033 2772 54 20 nur

111 2806 52 28 der
201 2805 171 36 Hinderung
416 2806 60 28 und
520 2806 184 36 Zerstörung
747 2807 99 28 seiner
891 2808 195 36 eigentlichen

108 2850 137 29 Zwecke.

184 2904 55 29 Die
265 2904 132 29 Statistik
429 2908 117 34 versagt
577 2906 46 29 für
649 2906 46 29 die
722 2907 64 29 hier
810 2908 160 36 fraglichen
997 2909 87 36 Fälle,

108 2958 57 21 aus
200 2950 43 28 ihr
277 2950 73 29 lässt
383 2950 63 29 sich
482 2951 46 29 ein
564 2952 132 29 Nachteil
730 2952 79 30 nicht
835 2954 250 30 herausrechnen.

110 2995 176 29 Wesentlich
314 2995 36 29 ist
375 2996 94 35 allein,
496 2997 38 29 ob
568 2997 203 37 Pflichtgefühl
806 2999 121 35 erlaubt,
962 3000 124 37 beliebig

108 3040 56 29 viel
187 3041 109 29 Kinder
316 3041 27 28 in
365 3041 45 29 die
431 3042 74 29 Welt
524 3051 37 19 zu
581 3046 112 32 setzen,
715 3044 91 28 damit
825 3044 43 30 sie
889 3046 195 29 verkommen

109 3088 75 27 oder
218 3088 109 27 andere
362 3087 43 28 sie
440 3088 155 29 ernähren.
656 3088 84 29 Oder
774 3091 38 27 ob
847 3091 100 28 wahre
983 3091 102 29 Pflicht

111 3131 78 30 nicht
233 3131 51 29 mit
327 3133 198 29 absolutester
569 3133 184 30 Selbstsucht
792 3136 188 29 harmonisch
1021 3145 48 21 ver-

109 3178 120 29 bunden
255 3178 44 28 ist.

182 3241 70 28 Man
279 3241 111 29 erzieht
410 3243 60 27 und
496 3242 113 29 belehrt
628 3244 94 29 schon
745 3244 27 28 in
794 3246 52 28 der
865 3246 203 36 Fortbildungs-

107 3286 112 35 schule,
265 3286 38 28 im
348 3287 394 37 Vorbereitungsunterricht
787 3290 47 30 die
878 3291 116 37 Jugend
1045 3293 37 28 im

108 3331 155 30 weitesten
289 3332 110 35 Masse,
426 3333 90 28 damit
540 3334 111 29 soziale
679 3335 60 29 Not
765 3338 60 27 und
852 3336 100 35 Elend,
973 3338 96 28 Selbst-

109 3378 87 28 mord
221 3378 60 27 und
308 3376 196 31 Kindesmord
532 3379 102 29 immer
660 3382 85 27 mehr
770 3382 232 29 verschwinden.

183 3430 54 30 Die
276 3432 155 34 Judikatur
475 3434 52 28 des
573 3434 234 37 Reichsgerichts
852 3437 80 29 halte
971 3437 45 30 ich
1056 3438 28 29 in

108 3476 103 29 diesen
239 3477 112 35 Fragen
380 3477 78 29 nicht
482 3479 47 28 für
563 3479 109 36 richtig.
730 3482 93 28 Wenn
859 3482 66 29 eine
959 3483 108 29 Gesetz-

106 3523 120 34 gebung
262 3522 159 36 eingreifen
447 3524 65 35 soll,
538 3526 113 28 müsste
677 3526 43 29 sie
747 3527 181 36 abändernd,
955 3528 27 29 in
1008 3536 76 30 ganz

107 3568 127 28 anderer
261 3568 143 36 Richtung
429 3569 106 35 gehen,
562 3571 42 27 als
630 3571 43 28 sie
699 3571 72 37 jetzt
791 3572 28 29 in
838 3573 139 30 Aussicht
996 3575 87 29 steht.

181 3622 101 29 Daher
307 3622 48 29 bin
384 3623 46 29 ich
456 3625 118 28 absolut
599 3632 95 30 gegen
727 3626 46 29 die
799 3627 64 29 hier
888 3629 194 35 angeführten

109 3667 243 37 Bestimmungen
397 3670 53 28 des
494 3670 164 30 Entwurfes
708 3672 82 29 eines
842 3674 226 36 Kurpfuscherei-

106 3715 147 32 gesetzes.

1184 107 82 21 Muss
1305 100 76 28 mich
1416 101 51 27 auf
1502 101 46 27 die
1584 101 114 28 Punkte
1725 102 215 34 beschränken,
1968 104 45 26 die
2041 102 53 28 mir
2114 104 43 28 als

1183 145 148 28 Vertreter
1357 146 51 27 der
1432 144 208 36 gerichtlichen
1667 146 128 28 Medizin
1823 147 183 35 naheliegen.

1255 199 66 28 Von
1360 199 111 28 diesem
1510 199 253 35 Gesichtspunkte
1802 208 54 20 aus
1892 201 118 28 möchte
2037 202 46 28 ich
2109 210 32 20 zu-

1183 244 105 28 nächst
1320 244 171 34 bemerken,
1528 246 69 26 dass
1634 246 52 27 das
1712 245 114 27 Thema
1853 245 82 29 einer
1959 247 122 36 Teilung
2108 248 33 27 be-

1183 289 70 28 darf.
1314 288 39 29 Es
1389 297 82 20 muss
1507 290 167 28 besonders
1702 290 125 28 erörtert
1851 292 127 33 werden,
2006 292 151 28 inwieweit

1183 334 45 27 ein
1256 334 112 28 Verbot
1392 341 58 21 von
1478 334 243 36 Gegenständen,
1748 335 45 28 die
1813 335 47 29 die
1880 337 277 35 Schwangerschaft

1181 378 162 36 beseitigen
1381 379 94 28 sollen
1515 379 162 35 einerseits,
1715 388 58 20 von
1812 381 132 34 solchen,
1989 382 45 28 die
2079 382 77 28 beim

1181 423 166 29 Menschen
1386 423 46 29 die
1470 424 190 36 Empfängnis
1685 425 151 34 verhüten,
1876 426 205 36 andererseits,
2107 428 34 27 be-

1182 469 141 28 schränkt
1349 469 73 28 oder
1448 472 151 33 untersagt
1624 472 118 26 werden
1769 471 121 28 müsste.

1253 532 69 29 Was
1361 533 56 28 den
1455 535 99 26 ersten
1594 534 99 28 Punkt
1730 534 127 35 anlangt,
1887 542 36 20 so
1950 535 147 28 erscheint
2123 542 33 21 es

1181 577 54 28 mir
1273 577 226 35 unzweifelhaft,
1537 579 71 28 dass
1647 578 46 29 ein
1731 579 121 28 solches
1887 579 112 28 Verbot
2023 581 118 34 gerecht-

1180 622 97 35 fertigt
1315 622 45 29 ist.
1423 622 42 29 So
1490 624 87 35 lange
1616 631 91 21 unser
1742 623 259 36 Strafgesetzbuch
2029 624 45 28 die
2099 625 39 28 Ab-

1181 667 136 36 treibung
1342 668 43 28 als
1411 668 47 28 ein
1486 668 190 29 Verbrechen
1702 669 75 28 oder
1802 669 155 35 Vergehen
1978 669 119 35 ahndet,
2122 685 34 4 —

1181 715 60 26 und
1267 713 54 28 wie
1347 721 90 21 unser
1461 713 232 36 gegenwärtiges
1720 713 268 36 Strafgesetzbuch,
2025 722 36 21 so
2087 714 70 29 wird

1180 758 76 28 auch
1284 759 54 27 das
1364 758 131 36 künftige
1521 758 153 29 sicherlich
1702 759 102 29 diesen
1826 760 170 28 Grundsatz
2010 762 146 26 vertreten

1180 819 35 4 —
1241 803 37 28 ist
1303 810 34 22 es
1363 803 66 30 eine
1462 803 138 29 offenbar
1625 804 186 36 unzulässige
1831 804 107 29 dreiste
1954 805 203 35 Verhöhnung

1180 849 53 27 des
1277 848 158 35 Gesetzes,
1481 857 85 21 wenn
1599 849 222 36 Gegenstände,
1860 850 45 28 die
1945 850 111 28 diesem
2094 858 48 20 ver-

1180 893 228 29 brecherischen
1446 894 109 29 Zweck
1592 895 116 34 dienen,
1755 895 217 29 unbedenklich
2022 896 135 27 verkauft

1180 939 61 28 und
1275 938 165 30 vertrieben
1475 941 128 28 werden.
1664 941 62 28 Das
1761 940 153 36 geschieht
1940 941 101 28 bisher
2065 940 92 29 leider

1180 983 38 29 im
1244 984 138 35 grössten
1407 985 154 29 Masstabe
1588 987 59 27 und
1666 993 123 28 grosses
1810 985 104 30 Unheil
1934 986 70 28 wird
2025 986 131 28 dadurch

1178 1028 136 36 gestiftet.
1366 1030 87 29 Denn
1481 1031 52 28 der
1558 1031 210 28 anstandslose
1794 1031 132 28 Verkauf
1946 1033 51 26 der
2018 1031 121 35 „Mutter-

1156 1083 5 4 •
1359 1074 54 30 wie
1449 1077 126 27 anderer
1605 1085 37 19 zu
1668 1076 145 36 gleichem
1839 1077 108 28 Zweck
1974 1076 183 30 bestimmter

1176 1120 149 35 Apparate
1354 1122 60 27 und
1448 1121 94 29 Mittel
1577 1130 82 20 muss
1694 1122 218 29 unerfahrenen
1947 1122 115 29 Frauen
2096 1124 60 27 und

1177 1165 149 29 Mädchen
1362 1166 46 29 die
1444 1167 237 36 Ueberzeugung
1716 1167 179 37 beibringen,
1930 1169 69 28 dass
2034 1168 44 29 sie
2105 1167 51 30 mit

1178 1212 52 27 der
1255 1210 193 38 Anwendung
1474 1211 97 30 dieser
1597 1212 211 37 Gegenstände
1836 1216 90 26 etwas
1951 1219 75 30 ganz
2046 1214 110 35 legales

1176 1259 53 25 tun
1269 1258 60 27 und
1361 1257 187 29 verschuldet
1587 1266 32 21 es
1659 1266 36 21 so
1733 1258 191 36 schliesslich,
1969 1261 69 26 dass
2076 1260 64 28 zahl-

1176 1301 99 30 reiche
1310 1303 150 29 weibliche
1496 1304 155 28 Personen
1686 1312 38 21 an
1760 1304 76 30 Ehre
1869 1306 59 27 und
1954 1305 127 29 Freiheit
2105 1312 34 29 ge-

1178 1348 137 35 schädigt
1351 1350 130 27 werden.
1530 1350 66 28 Und
1631 1357 61 21 was
1719 1351 67 27 dem
1812 1350 163 29 Mediziner
2001 1351 77 28 noch
2105 1352 34 28 be-

1176 1394 128 27 sonders
1343 1394 188 29 bedauerlich
1564 1394 174 29 erscheinen
1773 1404 90 26 muss,
1890 1397 76 27 auch
2004 1405 38 19 an
2078 1397 78 29 ihrer

1176 1438 196 36 Gesundheit,
1421 1441 77 27 denn
1547 1440 44 29 oft
1627 1447 98 30 genug
1762 1441 79 29 führt
1879 1442 45 28 die
1963 1442 193 36 Anwendung

1176 1484 98 28 dieser
1298 1485 196 30 Instrumente
1519 1485 113 30 seitens
1659 1487 191 35 Unkundiger
1874 1496 38 19 zu
1938 1487 216 37 Verletzungen

1175 1531 61 27 und
1261 1530 162 35 schweren,
1450 1531 139 33 mitunter
1622 1531 141 29 tötlichen
1790 1532 242 35 Erkrankungen.
2093 1534 61 28 Das

1175 1574 113 30 Verbot
1312 1583 60 22 von
1399 1576 242 36 Gegenständen,
1669 1578 45 27 die
1742 1578 45 28 die
1808 1578 276 36 Schwangerschaft
2104 1580 34 28 be-

1174 1619 125 37 seitigen
1335 1621 104 35 sollen,
1475 1621 149 30 erscheint
1658 1622 55 29 mir
1753 1624 60 28 und
1850 1623 26 28 in
1903 1623 128 37 gleicher
2057 1625 97 28 Weise

1174 1666 79 28 wohl
1287 1666 75 30 allen
1399 1668 118 28 meinen
1543 1668 232 35 Fachgenossen
1809 1670 141 35 dringend
1978 1670 176 36 notwendig.

1176 1710 47 29 Ich
1250 1711 78 29 habe
1354 1719 33 22 es
1413 1712 93 29 selbst
1531 1717 152 32 angeregt,
1709 1714 43 29 als
1779 1713 44 30 ich
1858 1714 28 28 in
1914 1716 51 27 der
1992 1715 144 36 Hauptver-

1174 1757 168 36 sammlung
1386 1759 53 27 des
1483 1758 210 35 preussischen
1737 1759 417 31 Medizinalbeamtenvereins

1173 1809 54 21 vor
1256 1802 98 29 einem
1392 1803 90 34 Jahre
1509 1805 73 28 über
1608 1805 67 28 dem
1702 1805 186 29 Vorentwurf
1922 1814 68 20 zum
2027 1807 112 35 Strafge-

1173 1848 144 29 setzbuch
1353 1849 160 35 referierte,
1543 1851 80 28 ohne
1650 1850 101 36 irgend
1786 1852 132 28 welchen
1946 1852 207 35 Widerspruch

1173 1901 38 19 zu
1235 1893 111 29 finden.

1246 1948 56 29 Die
1328 1948 308 38 Gesundheitsgefahr
1662 1950 36 29 ist
1723 1951 72 28 aber
1820 1952 76 28 auch
1923 1952 47 29 bei
1996 1952 81 29 einer
2095 1952 40 29 An-

1171 1993 68 29 zahl
1264 2002 59 21 von
1351 1994 234 36 Gegenständen
1620 1997 144 35 gegeben,
1801 1997 45 28 die
1883 1997 42 29 als
1952 1998 184 36 Verhütungs-

1173 2039 90 29 mittel
1291 2040 51 28 der
1362 2040 191 37 Empfängnis
1580 2042 143 28 ebenfalls
1749 2042 27 28 in
1803 2044 234 35 schwungvoller
2055 2044 98 28 Weise

1172 2085 164 28 vertrieben
1380 2087 128 28 werden.
1561 2087 144 30 Reisende
1743 2096 60 21 von
1841 2088 125 36 Firmen,
2006 2089 45 29 die
2090 2089 62 29 sich

1173 2129 112 30 diesem
1311 2131 215 29 bedenklichen
1553 2133 255 36 Geschäftszweig
1832 2134 135 35 widmen,
1986 2134 105 29 ziehen
2114 2135 38 29 im

1173 2175 99 29 Lande
1299 2177 105 27 umher
1430 2178 59 27 und
1515 2177 117 36 preisen
1668 2179 43 28 als
1746 2178 98 29 sicher
1876 2181 59 26 und
1962 2181 190 28 unschädlich

1172 2220 197 30 Instrumente
1397 2230 45 26 an,
1481 2222 45 29 die
1562 2222 81 30 diese
1676 2224 190 36 Eigenschaft
1891 2225 185 36 keineswegs
2104 2226 32 28 be-

1171 2266 103 28 sitzen.
1314 2266 47 29 Ich
1383 2268 97 28 denke
1507 2268 85 29 dabei
1620 2270 165 28 besonders
1811 2279 38 20 an
1877 2270 197 30 Instrumente
2093 2279 59 21 von

1172 2312 51 28 der
1248 2312 52 28 Art
1324 2313 53 28 der
1401 2317 208 31 sogenannten
1648 2315 315 37 Intrauterinpessare:
1999 2324 37 21 an
2072 2316 81 29 einer

1172 2357 316 37 Hartgummischeibe,
1515 2359 46 29 die
1586 2367 54 21 vor
1665 2362 68 27 dem
1759 2362 205 28 Muttermund
1994 2370 36 20 zu
2057 2362 95 36 liegen

1171 2403 124 34 kommt,
1343 2404 131 29 befindet
1526 2405 63 29 sich
1643 2406 46 28 ein
1743 2407 159 36 längliches
1945 2407 207 35 Ansatzstück,

1171 2449 54 28 das
1276 2448 28 29 in
1355 2451 56 28 den
1463 2451 277 29 Gebärmutterhals
1796 2461 37 19 zu
1892 2453 95 36 liegen
2037 2454 116 28 kommt

1171 2494 60 28 und
1280 2502 37 22 so
1375 2495 89 36 jenen
1528 2496 72 37 Ring
1660 2498 128 29 festhält.
1876 2499 62 28 Das
2001 2500 151 29 dauernde

1171 2539 117 36 Tragen
1315 2540 82 29 eines
1425 2541 233 37 Fremdkörpers
1685 2543 38 28 im
1744 2544 105 29 Innern
1871 2545 52 28 der
1942 2545 212 29 Gebärmutter

1171 2587 79 27 kann
1276 2587 177 29 chronische
1490 2587 215 30 Reizzustände
1742 2590 52 28 des
1822 2590 118 36 Organs
1976 2592 60 28 und
2062 2591 91 29 damit

1171 2631 66 29 eine
1263 2632 132 29 schwere
1416 2632 390 39 Gesundheitsschädigung
1826 2637 51 26 der
1898 2636 75 29 Frau
1994 2637 158 29 bewirken.

1170 2677 94 28 Wenn
1291 2686 33 20 es
1345 2679 127 35 möglich
1498 2680 88 34 wäre,
1612 2681 58 27 den
1698 2681 114 28 Handel
1839 2682 51 28 mit
1910 2682 102 28 diesen
2032 2683 100 36 Gegen-

1169 2723 127 29 ständen
1323 2732 37 20 zu
1387 2727 189 33 untersagen,
1611 2733 37 21 so
1674 2728 78 27 wäre
1779 2727 91 28 damit
1895 2727 47 29 ein
1970 2728 183 29 erheblicher

1169 2769 207 35 hygienischer
1402 2769 126 30 Gewinn
1555 2771 107 29 erzielt.
1711 2773 47 28 Ich
1796 2773 107 28 nehme
1936 2781 46 27 an,
2010 2775 68 27 dass
2105 2775 46 28 bei

1169 2816 57 27 den
1261 2816 273 35 vorgeschlagenen
1570 2817 356 37 Gesetzesparagraphen
1973 2828 54 20 nur
2060 2821 90 28 daran

1168 2861 127 34 gedacht
1308 2863 122 27 worden
1445 2862 44 35 ist,
1503 2863 103 28 solche
1628 2864 522 35 gesundheitsschädlichen

1168 2905 94 30 Mittel
1287 2915 37 20 zu
1350 2907 151 29 verbieten
1528 2910 60 27 und
1613 2910 106 35 glaube
1747 2910 87 35 nicht,
1870 2912 70 26 dass
1971 2910 106 37 jemals
2105 2911 45 29 die

1167 2951 122 29 Absicht
1324 2952 164 30 bestanden
1525 2954 59 34 hat,
1620 2955 53 28 das
1709 2955 112 29 Verbot
1855 2957 76 27 auch
1964 2957 50 28 auf
2039 2958 111 27 andere

1169 2996 213 36 Gegenstände
1421 3007 37 20 zu
1498 3001 180 34 erstrecken,
1718 3001 46 28 die
1798 3001 57 29 seit
1889 3002 102 35 langer
2016 3002 65 28 Zeit
2107 3003 43 28 als

1168 3042 94 29 Mittel
1288 3051 52 21 zur
1366 3044 174 37 Verhütung
1573 3046 52 28 der
1653 3046 191 36 Empfängnis
1877 3048 115 28 ebenso
2018 3048 54 29 wie
2097 3056 54 21 zur

1168 3088 174 36 Verhütung
1368 3091 53 26 der
1448 3090 147 30 Infektion
1621 3091 67 29 weit
1713 3092 158 29 verbreitet
1895 3093 73 28 sind.
2008 3093 38 29 Es
2072 3095 77 27 wäre

1168 3133 114 29 meines
1317 3135 162 29 Erachtens
1515 3136 96 29 nichts
1647 3138 133 35 dagegen
1816 3138 221 35 einzuwenden,
2063 3147 86 21 wenn

1168 3178 27 29 in
1235 3181 67 27 dem
1339 3180 240 30 Gesetzentwurf
1617 3182 46 29 die
1701 3183 197 36 Zulässigkeit
1934 3185 52 28 des
2022 3185 127 28 Verbots

1169 3225 192 36 Empfängnis
1404 3226 232 30 verhindernder
1674 3228 94 29 Mittel
1806 3229 50 28 auf
1895 3229 165 36 diejenigen
2099 3230 34 29 be-

1166 3270 142 30 schränkt
1333 3272 110 35 würde,
1464 3272 46 29 die
1529 3274 433 35 gesundheitsschädlich
1982 3275 75 30 sind.
2096 3277 53 28 Mit

1167 3315 82 30 einer
1267 3317 124 29 solchen
1411 3318 245 38 Einschränkung
1676 3321 72 28 aber
1768 3321 122 28 müssen
1910 3321 113 28 meiner
2037 3322 94 28 Ueber-

1168 3368 137 31 zeugung
1350 3364 75 28 nach
1465 3364 46 29 die
1549 3366 274 35 vorgeschlagenen
1861 3367 199 35 gesetzlichen
2093 3368 38 28 Be-

1166 3407 200 37 stimmungen
1392 3409 44 28 als
1462 3409 66 30 eine
1554 3410 188 29 wesentliche
1769 3412 172 36 Förderung
1968 3413 52 28 des
2041 3413 93 29 öffent-

1166 3451 96 30 lichen
1288 3454 103 29 Wohls
1417 3455 137 35 begrüsst
1579 3457 128 27 werden.

1719 3529 106 23 Weitere
1839 3530 146 22 Antworten
1999 3531 85 27 folgen

2241 104 74 35 Ifrid,
2342 105 156 36 befähigte,
2534 107 65 27 eine
2635 109 191 27 verzauberte
2862 108 125 36 Gegend
3022 110 51 28 mit
3109 112 90 37 Augen

2240 157 37 19 zu
2302 150 132 28 schauen
2462 152 59 26 und
2556 151 28 28 in
2620 153 65 26 dem
2721 155 85 25 sonst
2839 153 207 29 unsichtbaren
3080 154 55 30 See
3160 162 27 28 da-

2239 194 93 28 selbst
2358 195 45 27 die
2429 198 94 32 roten,
2545 197 105 27 blauen
2672 198 59 27 und
2750 198 147 34 goldenen
2919 198 103 28 Fische
3042 207 36 19 zu
3099 205 101 32 angeln.

2240 238 37 30 Er
2304 240 114 28 kommt
2445 241 58 27 und
2530 242 82 27 redet
2638 242 158 35 begeistert
2820 250 58 21 von
2906 244 66 27 dem
2993 244 208 36 Wunderbaren

2241 285 59 26 und
2326 284 76 36 zeigt
2429 292 31 21 es
2488 294 62 19 uns.
2591 287 66 28 Und
2683 287 49 28 wir
2758 288 156 28 verstehen
2942 288 47 27 ihn
3016 292 100 25 zuerst
3136 291 65 34 nicht

2240 330 60 26 und
2325 329 151 29 brauchen
2503 330 126 35 Geduld,
2665 333 69 27 dass
2768 339 55 21 uns
2850 333 52 27 das
2928 332 191 29 Traumhafte
3144 344 57 25 zum

2241 374 202 28 Glaubhaften
2469 377 106 26 werde.
2616 377 85 28 Dann
2728 377 72 28 aber
2826 377 71 28 lässt
2923 386 56 19 uns
3006 379 53 26 das
3080 377 122 35 Gehörte

2239 422 60 25 und
2326 419 172 29 Geschaute
2519 421 79 28 nicht
2618 422 84 28 mehr
2726 422 61 33 los;
2814 429 32 21 es
2868 422 35 28 ist
2922 422 53 28 wie
2995 422 68 35 jene
3085 423 102 32 Zauber-

2239 471 72 21 rune
2339 464 26 28 in
2394 466 51 27 der
2471 466 187 35 Baumrinde,
2684 468 96 27 davon
2808 467 111 28 Volker
2945 467 37 28 im
3018 467 170 37 Nibelungen-

2239 509 56 28 lied
2323 511 126 27 erzählt:
2476 519 89 20 mann
2592 511 79 28 sinnt
2697 511 43 28 ihr
2768 513 74 26 nach
2869 513 61 27 und
2956 512 78 28 sinnt
3067 512 43 29 sie
3137 515 66 31 doch

2241 554 77 28 nicht
2344 563 62 20 aus.

2311 609 67 29 Wer
2404 610 209 29 solcherweise
2643 618 57 20 von
2727 611 166 28 Momberts
2919 612 127 28 Werken
3079 611 126 35 ergriffen

2239 656 108 32 wurde,
2373 655 45 28 für
2445 656 56 27 den
2528 656 50 27 hat
2605 657 53 26 das
2685 656 172 28 Entdecken
2883 655 68 29 kein
2986 657 97 32 Ende;
3112 656 95 33 immer

2238 699 109 28 wieder
2371 700 80 28 steht
2486 709 32 20 er
2552 708 47 20 am
2625 701 124 35 Anfang,
2776 701 54 28 wie
2865 701 47 28 bei
2939 702 52 27 der
3017 701 188 40 Betrachtung

2239 745 51 27 der
2316 745 100 29 Natur.
2443 744 97 30 Vieles
2565 753 59 21 von
2651 747 77 34 dem,
2747 753 61 21 was
2829 745 58 29 ihm
2907 749 99 25 zuerst
3026 747 42 27 als
3088 746 102 31 schwer-

2238 790 194 29 verständlich
2460 790 144 35 erschien,
2629 791 71 28 wird
2726 791 59 28 ihm
2813 792 78 27 dann
2917 791 290 33 selbstverständlich.

2241 834 66 29 Und
2343 843 60 20 was
2439 835 59 29 ihm
2534 836 208 28 verschlossen
2779 836 97 35 bleibt,
2912 836 126 36 verbirgt
3070 836 137 32 vielleicht

2240 879 45 29 die
2305 880 135 28 Wurzeln
2461 882 53 27 des
2533 881 166 29 seelischen
2721 880 183 31 Erlebnisses
2930 889 36 21 so
2991 882 61 34 tief,
3078 883 69 27 dass
3171 883 36 30 sie

2239 925 208 29 unauffindbar
2472 925 66 30 sind
2565 926 91 37 (denn
2683 935 33 20 es
2751 927 61 35 gibt
2843 927 117 29 Nerven
2975 943 10 4 -
2999 927 208 37 Erglühungen,

2240 970 158 28 Phantasie
2410 987 10 5 -
2432 971 211 36 Paroxysmen,
2680 972 46 29 die
2763 980 54 21 nur
2844 972 38 28 im
2921 972 287 31 Schaffensmoment

2239 1016 60 27 und
2325 1023 54 20 nur
2403 1016 47 27 für
2476 1017 55 28 den
2558 1017 94 29 Autor
2677 1018 77 28 selbt
2780 1017 51 29 mit
2857 1017 78 29 ihrer
2959 1017 190 36 Aussprache
3176 1017 31 31 im

2239 1059 214 30 dichterischen
2479 1063 82 27 Wort
2587 1063 284 36 übereinstimmen.)

2277 1223 151 29 Mombert
2442 1224 50 28 hat
2506 1224 101 30 innere
2622 1224 212 37 Stimmungen,
2847 1226 46 28 die
2908 1228 86 26 unter
3008 1226 52 28 der
3073 1224 136 32 Schwelle

2240 1268 51 29 der
2317 1269 441 37 Wortausdrucksmöglichkeit
2783 1280 37 19 zu
2846 1271 95 37 liegen
2967 1271 153 34 schienen,
3157 1278 52 22 nun

2238 1315 78 28 doch
2531 1317 139 34 gemacht
2693 1332 37 4 —
2755 1324 31 21 er
2813 1317 50 29 hat
2882 1317 44 28 sie
2947 1317 45 28 ins
3014 1316 195 30 Bewusstsein

2238 1359 82 29 einer
2346 1360 208 36 persönlichen
2581 1360 131 36 Sprache
2739 1363 132 27 erhoben
2898 1378 36 4 —
2962 1362 247 29 stellvertretende

2416 1406 84 28 dafür
2525 1406 159 36 gefunden.

2310 1569 171 29 Manchmal
2514 1570 36 28 ist
2583 1578 33 20 es
2648 1570 78 28 beim
2760 1571 104 33 Lesen,
2890 1571 43 27 als
2958 1571 85 28 führe
3070 1578 69 20 man
3166 1571 44 29 mit

2237 1615 53 27 der
2316 1614 169 29 Eisenbahn
2511 1618 65 33 tags
2603 1616 26 28 in
2658 1616 87 28 einen
2765 1615 115 29 Tunnel
2907 1616 62 28 ein:
2987 1631 37 4 —
3043 1615 167 37 plötzliches

2238 1658 158 30 Erblinken
2430 1661 51 28 der
2509 1661 130 36 Lampen
2675 1661 28 28 in
2740 1662 56 27 den
2831 1660 250 38 Wagenabteilen,
3107 1677 37 3 —
3169 1661 41 29 ein

2238 1705 126 28 dunkles
2392 1705 87 29 Reich
2507 1706 51 28 mit
2584 1706 95 28 hellen
2707 1705 157 30 Lichtern!
2890 1722 36 4 —

2311 1759 67 29 Und
2404 1760 103 28 immer
2533 1761 78 28 stellt
2637 1769 68 20 man
2732 1762 62 28 sich
2822 1760 86 30 einen
2935 1769 62 27 vor,
3036 1762 52 28 der
3113 1761 96 30 fernab

2237 1812 70 21 vom
2333 1804 93 36 Alltag
2451 1806 110 34 wohnt,
2589 1805 28 28 in
2643 1807 97 28 einem
2768 1807 190 28 Leuchtturm
2985 1815 48 20 am
3059 1807 93 35 Meer,
3186 1806 24 30 in

2237 1849 82 30 einer
2355 1850 178 29 Sternwarte
2569 1851 49 29 auf
2655 1852 66 28 dem
2758 1852 215 36 Hochgebirge,
3013 1868 36 4 —
3082 1853 52 27 der
3169 1855 41 26 ein

2238 1896 139 28 Nachbar
2404 1898 51 26 der
2487 1897 201 29 elementaren
2721 1898 94 28 Natur
2845 1898 36 28 ist
2916 1899 61 27 und
3003 1899 103 27 darum
3132 1897 78 30 tiefer

2239 1940 27 29 in
2294 1941 63 29 sich
2384 1941 128 36 hinnein,
2539 1943 116 28 kühner
2678 1942 27 29 in
2732 1943 47 29 die
2805 1943 74 29 Welt
2906 1943 105 29 hinaus
3024 1943 106 29 schaut
3156 1945 54 27 und

2239 1986 45 29 die
2312 1987 301 36 Enträtselungskraft
2648 1990 60 26 und
2743 1989 57 28 den
2838 1988 306 37 Ewigkeitsausdruck
3170 1989 40 29 für

2237 2033 54 28 das
2318 2033 160 33 ephemere
2504 2033 125 30 Erleben
2656 2033 135 33 gewinnt.

2309 2195 38 29 Es
2373 2195 44 35 ist,
2445 2195 42 28 als
2513 2196 119 36 verfüge
2659 2196 97 29 dieser
2783 2195 121 30 Dichter
2931 2197 72 28 über
3024 2196 66 28 eine
3109 2201 99 30 grosse

2235 2240 135 36 geheime
2398 2241 265 36 Gemäldegalerie,
2688 2249 59 21 von
2768 2243 91 27 deren
2880 2242 93 28 Inhalt
2994 2249 32 21 er
3045 2240 28 29 in
3093 2241 115 29 Worten

2236 2286 46 28 die
2309 2286 173 29 deutlichste
2508 2287 201 36 Anschauung
2733 2287 69 35 gibt,
2828 2288 110 28 sodass
2957 2286 51 30 wir
3028 2287 77 28 ihrer
3123 2286 86 29 selbst

2235 2331 133 36 garnicht
2394 2332 151 28 bedürfen.

2308 2496 167 30 Momberts
2514 2496 148 36 Dichtung
2703 2497 164 36 suggeriert
2910 2505 56 21 uns
3011 2497 198 36 Stimmungen

2236 2542 91 28 durch
2355 2542 248 34 überraschende,
2630 2543 83 28 mehr
2740 2543 74 28 oder
2851 2543 129 35 weniger
3011 2543 198 36 ausgedehnte

2237 2587 200 29 Bilderreihen
2472 2604 36 3 —
2543 2588 91 28 durch
2670 2587 184 37 Umsetzung
2886 2596 59 21 von
2980 2588 179 29 Innenleben
3186 2588 23 29 in

2237 2634 271 28 Landschaftliches
2528 2635 60 27 und
2607 2633 200 29 menschliche
2825 2634 97 29 Szene
2943 2634 151 29 innerhalb
3117 2634 92 29 dieses

2237 2679 285 29 Landschaftlichen.
2573 2679 48 29 Sie
2659 2680 86 28 rückt
2776 2679 47 29 die
2862 2679 239 36 vergleichbaren
3140 2681 52 28 Vor-

2235 2724 174 37 stellungen,
2435 2724 47 29 die
2517 2725 223 36 symbolischen
2772 2725 243 36 Obergedanken
3049 2726 94 28 direkt
3176 2733 33 21 an

2237 2769 45 30 die
2310 2769 88 30 Stelle
2425 2771 51 28 der
2494 2771 175 35 gegebenen
2689 2771 235 36 Vorstellungen.
2961 2771 48 29 Sie
3029 2771 119 29 tauscht
3168 2772 41 28 die

2236 2815 204 29 individuellen
2490 2816 222 35 symbolischen
2760 2816 364 37 Analogievorstellungen
3167 2817 42 28 für

2235 2861 47 28 die
2308 2860 263 30 konventionellen
2597 2863 61 28 und
2683 2862 168 29 wirklichen
2879 2862 55 29 ein.
2983 2863 47 28 Da
3067 2861 69 37 jene
3169 2861 40 29 ins

2236 2906 216 30 Unbestimmte
2479 2908 60 27 und
2560 2908 209 35 Unbegrenzte
2790 2908 195 35 ausstrahlen,
3018 2908 80 28 kann
3125 2907 84 29 ihnen

2236 2954 51 27 der
2312 2953 113 35 logisch
2452 2954 192 28 erkennende
2671 2955 60 27 und
2757 2962 56 20 nur
2839 2954 208 28 berechnende
3068 2954 141 28 Verstand

2235 2997 211 37 ebensowenig
2472 2999 201 35 beikommen,
2698 2999 55 29 wie
2777 3002 76 26 etwa
2873 3000 57 27 den
2951 2999 161 36 Symbolen
3134 2999 75 28 einer

2234 3043 230 29 musikalischen
2491 3044 193 36 Symphonie.
2722 3044 49 29 Sie
2797 3044 66 30 sind
2889 3044 94 29 Natur
3002 3046 60 27 und
3081 3044 127 36 zugleich

2234 3089 207 36 Hieroglyphe.
2480 3089 49 29 Sie
2555 3089 66 29 sind
2648 3089 192 30 unerklärbar
2865 3089 54 30 wie
2947 3090 133 29 Blumen.

2305 3253 87 36 Fragt
2419 3262 67 20 man
2514 3255 125 34 danach,
2673 3255 138 29 worüber
2846 3256 53 28 das
2934 3256 146 28 sinnende
3105 3255 100 29 Antlitz

2234 3298 81 30 einer
2349 3300 232 28 Marmorstatue
2613 3300 88 35 sinnt,
2733 3302 75 27 oder
2839 3309 62 20 was
2937 3301 46 28 ein
3011 3301 67 28 Fels
3104 3301 28 29 in
3160 3302 45 28 der

2233 3343 254 30 Talheimlichkeit
2500 3346 150 34 bedeutet,
2665 3347 74 28 oder
2758 3354 111 21 warum
2882 3347 76 28 mich
2970 3346 47 29 ein
3032 3347 154 29 Menschen-

2232 3397 100 21 wesen
2359 3390 158 29 anzieht?!
2542 3391 79 29 Aller
2646 3391 71 29 Sinn
2744 3393 61 27 und
2825 3392 90 29 damit
2935 3392 55 29 alle
3011 3392 114 30 Freude
3146 3392 59 35 liegt

2231 3436 96 29 schon
2356 3436 26 28 in
2410 3437 52 28 der
2487 3436 145 36 Existenz,
2660 3438 60 27 und
2746 3437 164 30 höchstens
2931 3439 90 28 deren
3048 3439 157 28 Charakter

2232 3482 61 27 und
2319 3481 334 36 Beziehungsreichtum
2679 3483 134 28 wünscht
2845 3483 151 29 bestimmt
3021 3492 38 20 zu
3085 3485 119 27 werden.

2305 3536 113 29 Glücks
2453 3543 99 30 genug
2587 3536 37 30 ist
2659 3544 41 27 es,
2735 3545 38 21 zu
2808 3538 111 35 fühlen,
2954 3539 60 28 und
3041 3539 75 29 nach
3143 3540 60 27 dem

2232 3581 125 36 eigenen
2382 3582 231 36 Temperament
2639 3583 190 36 auszulegen,
2848 3591 61 21 was
2930 3583 46 29 ein
2999 3584 121 29 Dichter
3139 3585 64 34 sagt.

2231 3626 106 29 Zumal
2369 3627 27 29 in
2424 3629 51 27 der
2507 3627 146 36 lyrischen
2687 3629 96 29 Kunst
2815 3629 37 28 ist
2876 3629 85 36 jeder
2987 3629 216 36 Empfangende

2231 3671 63 29 sein
2323 3672 118 37 eigener
2467 3673 237 29 Kommentator.
2742 3674 63 28 Nur
2831 3674 46 29 die
2904 3674 158 30 Trivialität
3090 3675 36 29 ist
3151 3674 39 29 ein-

2231 3716 109 36 deutig.

107 3911 241 43 Geheimer
375 3915 303 43 Medizinalrat
706 3917 243 44 Professor

109 3984 75 40 Dr.
215 3984 287 43 Strassmann

181 4101 83 29 Auch
300 4102 54 29 mir
387 4103 37 28 ist
450 4112 32 20 es
508 4105 53 29 wie
589 4107 93 29 Herrn
720 4116 58 21 von
805 4109 166 31 Schmoller
1006 4111 78 30 nicht

109 4145 136 37 möglich,
281 4147 46 29 die
359 4156 58 21 von
453 4149 90 29 Ihnen
579 4152 239 36 aufgeworfenen
855 4156 112 35 Fragen
1007 4159 76 27 nach

109 4191 74 28 allen
224 4192 180 37 Richtungen
443 4195 49 29 hin
519 4198 199 35 erschöpfend
754 4208 37 19 zu
836 4201 176 36 behandeln,
1040 4203 44 29 ich

1168 3907 237 73 Alfred
1456 3911 353 72 Mombert

1168 4052 82 35 Von
1278 4052 188 38 Friedrich
1492 4056 95 35 Kurt
1611 4058 193 33 Benndorf

1242 4160 106 30 Dieser
1374 4162 120 29 Dichter
1529 4165 116 28 kommt
1678 4175 37 19 zu
1742 4174 55 20 uns
1823 4166 54 29 wie
1911 4166 85 37 jener
2028 4168 119 28 Fischer

1169 4205 28 29 in
1238 4206 157 35 „Tausend
1421 4210 59 27 und
1506 4210 66 28 eine
1758 4213 56 27 den
1851 4212 46 29 ein
1934 4213 129 35 Dämon,
2099 4213 47 29 ein

2304 3863 68 28 Wer
2409 3864 166 29 Momberts
2614 3864 199 29 Grundmotiv
2857 3881 34 3 —
2937 3867 53 27 das
3035 3864 165 31 unendliche

2231 3907 126 29 Werden
2385 3909 52 28 des
2457 3908 121 29 Geistes
2600 3909 26 29 in
2654 3911 52 27 der
2725 3909 211 30 Zwei-Einheit
2957 3912 52 28 des
3030 3910 170 30 materiellen

2231 3954 61 28 und
2318 3953 179 36 mystischen
2520 3955 116 29 Lebens
2662 3971 34 3 —
2732 3955 79 29 nicht
2837 3956 63 29 klar
2926 3957 127 28 erkannt
3079 3958 60 27 und
3164 3961 24 23 er-

2229 3999 65 28 füllt
2320 3999 57 35 hat,
2404 3999 36 28 ist
2465 3999 78 29 beim
2571 4000 95 29 Lesen
2692 4001 99 28 seiner
2826 4001 147 30 Gedichte
3000 4002 27 29 in
3054 4001 146 30 derselben

2232 4044 87 35 Lage,
2344 4044 54 29 wie
2425 4044 88 35 einer,
2541 4046 52 28 der
2619 4044 66 30 eine
2712 4046 161 37 Orgelfuge
2900 4048 116 34 anhört,
3049 4048 80 28 ohne
3155 4046 44 28 das

2230 4089 115 29 Thema
2371 4090 127 28 deutlich
2525 4091 164 35 aufgefasst
2714 4100 38 20 zu
2778 4092 108 29 haben.
2924 4093 38 29 Er
2980 4092 156 29 vernimmt
3155 4095 45 24 nur

2230 4134 48 29 ein
2305 4135 167 29 erhabenes
2498 4136 144 28 Brausen.
