3190 4259
288 300 313 56 TEK
679 304 60 55 H
819 306 60 54 N
960 299 46 62 É

2611 3786 158 56 109

289 441 2490 140 INFORMATIONS

357 658 440 46 ASSOCIATION
865 663 595 49 INTERNATIONALE

293 719 84 42 DE
415 720 485 46 L'HABITATION
942 742 9 25 :
990 727 96 43 UN
1120 728 217 44 MUSEE
1374 731 60 43 IN-

294 780 485 47 TERNATIONAL
837 785 490 50 D'HABITATION
1378 792 87 43 ET

292 841 85 42 DE
407 842 541 49 CONSTRUCTION

362 905 58 41 Le
454 906 182 43 Comité
670 908 51 42 de
757 910 318 44 l'Association
1110 913 353 46 Internationale

289 966 51 41 de
368 966 306 44 l'Habitation
699 969 530 55 (Francfort-sur-Main,
1258 978 174 42 Bocken-

288 1028 166 43 heimer
481 1029 211 46 Landstr.
724 1034 80 55 95)
830 1048 22 27 a
878 1034 148 43 décidé
1052 1037 51 42 de
1127 1040 187 51 prendre
1340 1040 95 44 lini-

290 1090 153 43 tiative
484 1092 50 41 de
572 1093 39 41 la
647 1093 247 45 fondation
932 1098 27 40 d
983 1112 59 27 un
1084 1101 144 42 musée
1266 1103 169 42 interna-

292 1152 144 43 tional
498 1153 51 42 de
607 1157 308 42 construction
976 1171 40 31 et
1074 1161 306 44 d'habitation
1440 1164 22 42 à

288 1214 506 46 Francfort-sur-Main.
826 1220 59 41 Le
915 1220 229 45 Secrétaire
1170 1225 190 45 Général
1387 1226 74 44 fut

288 1277 157 54 chargé
495 1278 27 41 d
544 1278 158 42 établir
753 1296 61 26 un
866 1297 285 39 programme
1202 1287 51 41 de
1301 1288 159 42 travail

292 1353 100 27 avec
435 1338 68 43 M.
550 1339 128 56 May,
727 1343 248 44 Conseiller
1016 1344 270 56 Municipal,
1331 1361 38 31 et
1414 1351 51 41 de

287 1415 276 29 commencer
587 1403 22 42 à
636 1403 147 43 réunir
807 1407 58 41 les
891 1406 209 45 éléments
1124 1409 265 44 nécessaires.

357 1463 74 42 On
457 1464 202 55 envisage
684 1466 50 42 de
757 1467 109 43 faire
887 1477 143 35 entrer
1054 1470 111 44 dans
1188 1472 36 43 le
1251 1474 210 43 domaine

285 1525 51 41 de
361 1527 161 41 travail
547 1527 51 42 de
628 1529 145 42 musée
800 1541 146 32 toutes
972 1531 58 43 les
1055 1534 231 53 questions
1313 1536 120 42 d'éco-

286 1588 151 41 nomie
477 1589 241 44 nationale,
761 1592 50 41 de
850 1592 223 56 politique
1113 1594 170 52 sociale,
1324 1597 108 54 d'hy-

285 1649 136 53 giène,
463 1651 50 41 de
551 1652 235 55 technique
825 1665 40 31 et
903 1655 50 42 de
991 1656 169 44 culture
1198 1672 40 28 se
1275 1674 156 38 rappor-

285 1722 98 32 tant
410 1713 22 41 à
463 1713 292 44 l'habitation
788 1728 39 31 et
855 1717 51 42 de
932 1718 154 43 rendre
1113 1719 58 43 les
1202 1720 256 45 collections

285 1774 59 40 du
377 1774 146 43 musée
555 1777 246 43 accessibles
833 1780 113 41 aussi
979 1781 21 40 à
1035 1780 193 45 d'autres
1260 1783 125 44 villes
1418 1794 41 32 et

283 1851 124 39 pays,
442 1853 51 26 en
524 1840 262 52 organisant
817 1841 331 55 fréquemment
1182 1845 71 43 des
1283 1846 150 52 exposi-

283 1898 121 42 tions
434 1900 296 43 ambulantes.

351 1961 63 41 La
454 1962 235 43 collection
730 1964 51 42 de
820 1967 196 42 matériel
1054 1983 39 30 et
1131 1981 145 31 toutes
1313 1981 143 32 autres

282 2023 311 53 préparations
626 2026 186 43 doivent
843 2028 86 43 être
963 2030 279 53 poursuivies
1275 2032 110 43 dans
1418 2032 40 43 la

283 2100 168 27 mesure
492 2086 72 43 des
603 2103 188 39 moyens
830 2090 22 41 à
896 2090 285 55 disposition.

350 2147 224 54 Espérons
612 2166 86 39 que
739 2152 321 44 l'Association
1103 2155 355 44 Internationale

282 2210 77 53 qui
395 2211 123 42 vient
557 2212 50 41 de
644 2213 177 54 publier
859 2215 265 45 récemment
1161 2218 297 44 l'intéressant

280 2272 183 52 journal
499 2274 324 44 international
870 2293 21 26 «
929 2278 271 44 Habitation
1235 2295 42 31 et
1308 2281 119 42 Cons-

282 2335 195 42 truction
518 2352 40 30 »,
594 2352 51 27 en
678 2338 182 55 langues
894 2340 262 48 allemande,
1191 2343 194 54 anglaise
1416 2356 40 30 et

280 2396 227 54 française,
541 2398 183 44 réussira
756 2402 114 41 aussi
902 2403 112 42 dans
1047 2404 39 42 la
1120 2404 254 44 réalisation
1406 2406 51 42 de

277 2474 41 26 ce
343 2461 142 52 grand
509 2462 163 52 projet.
700 2463 61 42 Ce
789 2465 128 42 serait
943 2465 39 43 la
1006 2467 211 52 première
1239 2467 89 43 fois
1353 2483 98 41 que,

278 2521 110 43 dans
423 2523 36 41 !e
492 2524 212 43 domaine
740 2526 51 42 de
825 2526 292 45 l'habitation
1153 2543 85 29 une
1272 2530 160 43 associa-

279 2584 97 42 tion
414 2585 348 45 internationale
798 2589 227 45 arriverait
1058 2592 22 41 à
1118 2592 183 53 remplir
1336 2594 96 44 l'im-

277 2658 211 41 portante
524 2648 124 43 tâche
684 2650 51 42 de
772 2651 297 48 familiariser,
1108 2669 52 28 en
1198 2653 161 45 dehors
1394 2655 60 42 du

277 2709 128 43 cercle
464 2710 51 42 de
572 2712 263 54 spécialistes
892 2714 237 45 intéressés,
1192 2718 40 42 la
1291 2718 164 53 grande

277 2787 138 27 masse
454 2772 52 43 de
547 2775 39 42 la
626 2775 273 53 population
939 2777 72 43 des
1052 2777 235 45 différents
1328 2795 122 39 pays,

276 2849 100 27 avec
405 2834 58 43 les
491 2836 252 54 problèmes
772 2839 33 41 si
839 2839 139 42 arides
1009 2841 50 42 de
1091 2841 290 44 l'habitation
1414 2855 39 31 et

276 2897 51 41 de
361 2897 40 43 la
432 2900 308 42 construction
775 2902 344 45 d'habitations.

343 3132 274 45 VOYAGE
680 3135 327 45 D'ETUDES
1068 3138 84 42 DE
1216 3140 202 44 L'ASSO-

279 3194 283 44 CIATION
666 3197 604 47 INTERNATIONALE
1371 3202 84 43 DE

274 3257 489 45 L'HABITATION
804 3260 92 44 AU
936 3262 390 47 DANEMARK.
1369 3264 85 43 EN

273 3319 207 43 SUEDE
513 3320 87 43 ET
633 3321 85 44 EN
749 3321 340 47 NORWEGE.

341 3381 347 46 L'Association
716 3386 217 53 organise,
966 3387 60 42 du
1064 3403 53 26 12
1149 3404 55 28 au
1238 3405 52 27 21
1327 3390 122 44 août,

273 3460 59 26 un
369 3460 174 40 voyage
581 3446 200 44 d'études
819 3448 110 44 dans
965 3448 58 45 les
1059 3466 110 40 pays
1205 3451 61 43 du
1301 3450 146 45 Nord.

270 3507 62 43 Ce
369 3523 173 41 voyage
575 3509 208 45 fournira
820 3512 22 42 à
877 3527 109 28 ceux
1021 3513 78 56 qui
1134 3528 29 40 y
1199 3514 252 55 prendront

269 3582 100 40 part
400 3573 56 42 les
486 3572 222 44 meilleurs
738 3575 221 54 exemples
989 3575 52 44 de
1070 3577 40 43 la
1139 3578 308 42 construction

270 3631 286 46 intéressante
581 3645 41 32 et
652 3635 213 43 moderne
898 3638 71 41 des
997 3636 125 45 villes
1152 3639 50 43 de
1230 3654 64 28 ces
1322 3654 123 39 pays.

1616 673 79 42 Les
1727 674 270 53 inspections
2028 692 148 29 seront
2205 682 260 52 complétées
2498 700 77 38 par
2606 686 70 42 des
2707 701 47 27 ex-

1618 736 124 51 posés
1778 749 38 30 et
1853 736 208 56 échanges
2098 741 50 40 de
2182 756 104 28 vues
2321 744 50 41 de
2406 745 257 52 spécialistes
2701 748 82 42 très

1617 808 187 41 experts.
1842 798 80 42 Les
1956 799 148 43 études
2135 803 212 52 projetées
2379 819 147 30 seront
2559 807 219 47 facilitées,

1616 860 109 41 dans
1752 875 85 28 une
1868 861 113 54 large
2009 878 178 31 mesure,
2217 880 78 39 par
2324 867 56 41 les
2408 869 210 43 autorités
2645 884 39 29 et
2710 887 46 26 or-

1614 922 277 52 ganisations
1931 924 71 42 des
2039 924 125 43 villes
2203 928 163 43 devant
2404 930 85 42 être
2525 931 182 43 visitées.

1682 983 59 42 Le
1766 999 171 40 voyage
1965 1000 299 30 commencera
2290 990 20 40 à
2337 990 303 57 Copenhague
2665 1009 113 37 pour

1613 1059 40 27 se
1703 1046 208 42 terminer
1961 1047 20 42 à
2035 1049 279 43 Stockholm,
2369 1068 50 25 en
2470 1068 179 38 passant
2702 1072 76 38 par

1614 1107 333 56 Gothenbourg
1971 1121 40 31 et
2033 1110 127 44 Oslo.
2185 1112 304 50 Précisément,
2516 1128 106 31 cette
2645 1117 135 45 année

1614 1184 21 25 a
1681 1169 83 42 lieu
1808 1170 22 41 à
1877 1171 268 43 Stockholm
2189 1189 84 27 une
2315 1176 166 53 grande
2523 1179 255 51 exposition

1612 1231 198 42 suédoise
1862 1233 50 41 de
1960 1235 306 42 construction
2317 1237 340 43 d'habitations.
2711 1242 66 41 En

1613 1303 139 34 outre,
1806 1294 56 42 les
1909 1310 247 39 voyageurs
2203 1311 224 39 pourront
2476 1300 119 52 jouir
2643 1303 50 42 de
2742 1303 38 42 la

1615 1354 155 43 beauté
1806 1355 59 42 du
1903 1372 189 39 paysage
2131 1370 39 30 et
2208 1374 249 41 remarquer
2498 1363 286 54 l'originalité

1613 1417 71 42 des
1710 1431 291 31 monuments
2027 1421 51 41 de
2105 1423 39 41 la
2170 1421 269 44 civilisation
2466 1425 50 42 de
2545 1437 105 31 cette
2674 1441 78 27 con-

1613 1479 95 41 trée.
1746 1480 80 42 Les
1858 1480 106 43 frais
1997 1482 51 42 de
2078 1498 171 39 voyage
2281 1498 102 30 sont
2417 1486 51 41 de
2503 1502 92 39 500
2633 1489 145 42 marks

1611 1556 115 38 pour
1761 1542 57 41 les
1851 1544 216 42 membres
2100 1558 39 30 et
2176 1547 49 41 de
2261 1562 93 39 520
2392 1550 146 42 marks
2573 1564 115 38 pour
2724 1549 54 43 les

1612 1618 238 37 personnes
1881 1606 76 54 qui
1993 1621 52 27 ne
2076 1607 36 42 le
2144 1620 103 30 sont
2278 1624 76 38 pas
2384 1610 45 53 (y
2460 1613 193 52 compris
2685 1613 70 41 che-

1613 1665 93 41 min
1752 1667 50 40 de
1846 1667 75 45 fer,
1968 1671 293 50 promenades
2304 1687 50 26 en
2399 1684 212 33 autocars,
2661 1675 94 53 loge-

1614 1739 133 32 ment,
1781 1729 267 45 nourriture,
2081 1733 262 52 pourboires
2362 1734 30 54 ).

1680 1790 81 42 Dr.
1797 1790 56 42 H.
1890 1791 358 55 Kampffmeyer.
2284 1795 103 53 Reg.
2426 1797 100 42 Rat.
2564 1797 217 42 secrétaire

1609 1851 187 47 général,
1850 1854 505 44 Francfort-sur-Main,
2413 1858 360 49 Bockenheimer,

1611 1913 209 42 Landstr.
1882 1930 74 39 95,
2016 1916 177 43 fournit
2250 1931 101 30 tous
2409 1921 368 54 renseignements

1611 1975 264 44 nécessaires.

1679 2211 198 42 LIEGE.
1929 2213 133 42 UNE
2114 2215 422 44 CONFERENCE
2585 2218 82 42 DE
2718 2218 57 41 V.

1613 2274 381 44 BOURGEOIS.
2069 2276 142 43 Notre
2284 2278 223 54 distingué
2583 2279 196 43 confrère

1611 2336 10 40 1
1646 2336 228 42 arthitecte
1905 2337 60 43 V.
1999 2338 244 54 Bourgeois
2274 2356 21 26 a
2329 2342 149 41 donné
2509 2342 67 42 fin
2608 2343 170 52 janvier

1610 2398 164 43 devant
1806 2399 318 45 l'Association
2156 2402 71 42 des
2256 2403 241 43 Etudiants
2530 2404 248 44 architectes

1609 2460 51 42 de
1713 2461 271 43 l'Académie
2037 2463 172 53 Royale
2266 2465 71 41 des
2389 2465 285 44 Beaux-Arts
2728 2467 47 41 de

1610 2523 142 53 Liège,
1780 2538 85 28 une
1888 2525 305 55 remarquable
2215 2526 254 44 conférence
2492 2545 72 25 sur
2589 2530 34 41 le
2648 2543 96 28 mou-

1609 2597 178 31 vement
1826 2587 305 42 architectural
2174 2589 223 42 moderne.

1675 2834 43 41 A
1765 2834 243 43 PROPOS
2055 2836 82 40 DE
2185 2836 452 43 L'EXPOSITION
2684 2837 93 43 DU

1609 2895 369 44 BATIMENT.
2016 2897 36 43 Il
2086 2913 51 26 ne
2166 2898 99 42 faut
2295 2898 125 54 guère
2451 2899 223 43 s'étonner
2707 2902 71 40 des

1607 2957 254 54 déceptions
1889 2974 83 39 que
2001 2960 279 43 ressentirent
2310 2962 51 41 de
2389 2962 254 42 nombreux
2676 2961 80 43 visi-

1607 3031 115 31 teurs
1764 3021 51 42 de
1856 3032 106 31 cette
2004 3022 355 43 manifestation.

1675 3083 216 42 L'intérêt
1926 3084 71 42 des
2031 3085 149 43 choses
2215 3085 204 53 exposées
2453 3102 50 26 ne
2535 3085 132 45 suffit
2702 3101 75 41 pas

1609 3145 224 53 toujours.
1884 3145 37 42 Il
1971 3158 105 30 reste
2122 3162 152 27 encore
2331 3163 21 26 «
2406 3149 38 41 la
2497 3148 189 43 manière
2738 3162 39 29 ».

1604 3222 173 28 comme
1807 3209 93 41 l'on
1931 3208 80 43 dit.
2043 3210 57 42 Et
2131 3210 291 54 l'exposition
2451 3210 58 43 du
2539 3211 207 54 Cinquan-

1606 3271 163 41 tenaire
1797 3271 73 43 fut
1898 3272 21 40 à
1948 3287 42 27 ce
2017 3272 133 54 point
2178 3273 50 41 de
2254 3288 82 26 vue
2365 3273 275 43 désastreuse.
2674 3272 99 43 Une

1606 3333 256 53 exposition
1897 3345 60 31 est
1993 3335 223 52 toujours,
2256 3335 164 53 malgré
2452 3347 102 32 tout
2584 3335 166 53 déploie-

1606 3407 123 32 ment
1762 3396 294 54 publicitaire,
2096 3413 84 26 une
2213 3398 302 54 présentation
2549 3398 226 41 ordonné?

1606 3457 50 42 de
1686 3458 208 53 produits
1924 3474 58 26 ou
2015 3459 207 53 d'objets.
2258 3457 59 45 Le
2348 3460 203 42 désordre
2582 3461 51 43 de
2666 3462 86 41 l'ex-

1606 3521 199 52 position
1846 3521 59 42 du
1941 3521 223 44 bâtiment
2198 3522 73 43 fut
2310 3522 176 55 pénible
2525 3523 21 41 à
2583 3521 110 44 voir,
2733 3533 39 31 et

1603 3582 319 54 préjudiciable
1946 3600 88 27 aux
2059 3596 254 42 exposants,
2343 3585 139 42 même
2507 3584 260 43 architectes,

1607 3645 144 48 Aussi,
1787 3646 21 42 à
1840 3659 99 41 part
1969 3646 211 55 quelques
2210 3647 152 43 stands
2393 3646 254 44 industriels
2679 3645 88 54 pté-
