2255 3759
109 181 77 47 396

806 191 329 28 PUBLICATIONS
1170 190 259 27 NOUVELLES

110 284 133 42 derne
267 299 54 27 ne
345 294 101 32 sont
483 299 80 39 pas
597 284 352 54 incompatibles
990 299 105 26 avec
1138 284 38 40 le
1210 285 248 39 sentiment
1503 282 235 51 religieux.
1767 280 66 42 Ne
1872 294 168 39 soyons
2065 295 79 38 pas

108 355 141 52 dupes
273 369 55 26 en
355 354 101 41 effet
480 355 134 40 d'une
649 368 153 27 erreur
846 355 55 40 de
925 355 295 52 perspective.
1258 353 70 41 Un
1360 352 114 54 style
1512 353 75 51 qui
1628 364 116 28 nous
1776 355 147 48 paraît
1965 351 154 51 aujour-

108 424 123 40 d'hui
256 425 177 52 simple,
462 439 72 32 nu,
561 438 56 27 ou
643 423 107 51 naïf,
781 423 62 42 fut
866 439 54 26 en
955 438 81 27 son
1081 433 145 43 temps
1266 423 39 40 le
1328 423 180 39 dernier
1543 421 130 40 effort
1713 420 134 41 d'une
1887 421 174 39 science
2101 430 40 30 et

109 491 132 42 d'une
261 493 212 41 réflexion
498 493 246 52 profondes
789 493 186 41 Haendel
1000 502 41 31 et
1066 493 137 40 Bach,
1228 491 195 53 Josquin
1454 500 41 31 et
1534 491 270 47 Palestrina,
1832 498 41 32 et
1906 489 237 52 jusqu'aux

108 564 328 50 compositeurs
470 576 249 39 anonymes
741 563 54 39 de
819 576 83 27 nos
921 562 215 51 graduels
1157 571 41 31 et
1223 562 52 40 de
1294 575 83 27 nos
1402 560 176 40 alléluia
1588 592 7 16 ,
1620 569 100 31 tous
1741 568 77 32 ont
1842 561 85 38 mis
1969 574 54 25 au
2049 573 72 26 ser-

108 633 95 38 vice
226 631 54 40 de
301 631 95 40 leur
412 631 129 50 Dieu,
565 646 117 38 pour
704 632 229 41 l'honorer
953 632 273 50 davantage,
1254 640 101 32 tous
1381 631 63 39 les
1480 643 190 40 moyens
1710 629 310 53 d'expression
2067 630 74 40 oui

108 701 165 39 étaient
294 714 54 26 en
374 701 96 40 leur
492 703 191 51 pouvoir
710 713 7 37 ;
739 716 146 25 aucun
904 715 54 26 ne
977 699 103 43 s'est
1103 701 183 40 interdit
1305 700 198 53 l'emploi
1535 700 133 40 d'une
1692 698 145 41 forme
1865 698 275 52 mélodique,

112 769 133 40 d'une
269 770 180 40 marche
479 784 57 27 ou
567 771 106 40 d'un
713 771 158 40 accord
894 783 8 34 ;
929 785 145 26 aucun
1106 769 67 42 n'a
1202 770 238 40 recherché
1473 769 299 40 l'archaïsme.
1812 767 70 42 Un
1913 769 202 51 composi-

111 848 97 31 teur
232 839 215 41 moderne
464 841 93 40 doit
581 842 150 39 suivre
748 840 235 53 l'exemple
1006 841 53 40 de
1083 853 72 28 ces
1174 840 171 51 grands
1366 840 280 49 devanciers,
1670 852 47 27 ce
1741 840 77 50 qui
1843 839 171 39 revient
2037 842 21 35 à
2082 851 54 26 ne

109 921 80 39 pas
214 910 148 39 imiter
382 909 96 41 leur
497 910 127 52 style.

167 976 62 42 Le
252 978 174 51 danger
447 988 66 32 est
537 980 119 40 alors
681 993 102 39 que,
811 981 34 38 si
869 980 185 40 l'oeuvre
1080 978 110 42 n'est
1228 981 177 39 animée
1432 978 134 42 d'une
1592 978 59 42 foi
1684 981 187 45 sincère,
1907 979 84 40 elle
2029 978 109 52 perd

111 1056 96 31 tout
230 1054 222 34 caractère
471 1048 234 52 religieux,
732 1058 41 30 et
797 1062 54 26 ne
875 1062 46 26 se
938 1049 232 50 distingue
1190 1062 54 26 en
1270 1051 94 37 rien
1398 1049 107 40 d'un
1527 1050 65 38 air
1614 1046 181 55 d'opéra
1835 1048 217 41 moderne
2086 1061 57 27 ou

109 1115 107 40 d'un
250 1130 210 27 morceau
501 1117 349 52 symphonique.
894 1117 118 40 Mais
1045 1117 28 40 il
1106 1127 106 30 vaut
1254 1119 147 38 mieux
1453 1119 150 39 courir
1640 1126 112 32 cette
1802 1126 216 32 aventure
2058 1131 86 38 que

112 1183 183 42 d'écrire
315 1186 54 39 de
402 1199 194 40 pauvres
617 1195 41 32 et
682 1186 141 41 froids
855 1187 239 52 pastiches.
1132 1185 63 40 M.
1230 1185 214 54 Coquard
1466 1185 54 42 l'a
1542 1200 184 34 courue,
1765 1191 21 35 à
1823 1187 232 52 l'exemple
2091 1187 52 40 de

115 1253 189 42 Franck,
330 1255 25 40 d
377 1255 197 48 ailleurs,
598 1264 42 32 et
658 1271 27 37 y
710 1270 22 25 a
760 1258 158 38 réussi.
946 1255 71 42 On
1043 1265 206 31 trouvera
1275 1256 115 40 dans
1417 1270 80 26 son
1533 1256 93 40 Ave
1648 1270 145 26 verum
1818 1256 64 40 les
1920 1258 223 38 sonorités

109 1327 190 52 pleines,
325 1324 63 40 les
409 1338 199 26 nuances
625 1325 339 53 chromatiques
984 1326 54 39 de
1060 1326 269 40 l'harmonie
1348 1326 231 49 moderne,
1604 1326 164 52 jointes
1787 1340 83 26 aux
1896 1335 177 31 accents
2090 1326 54 40 de

110 1396 38 39 le
168 1396 160 52 prière,
355 1394 186 52 qu'elles
565 1394 263 51 soulignent
852 1393 56 53 (1)
931 1409 7 25 :

168 1969 54 41 Et
246 1970 147 53 j'aime
417 1972 122 39 aussi
560 1984 71 27 ces
657 1972 148 38 tristes
823 1970 183 40 accords
1027 1970 53 40 de
1104 1985 20 36 7
1131 1975 12 15 e
1158 1979 41 31 et
1223 1971 54 39 de
1300 1985 24 36 9
1329 1978 14 18 e
1352 2003 8 14 ,
1387 1985 83 26 aux
1496 1980 117 31 mots
1636 1968 127 42 Unda
1773 1968 141 56 fluxit
1936 1983 94 25 cum
2046 1983 74 25 san-

112 2039 151 52 guine,
291 2048 41 31 et
355 2053 47 26 ce
424 2048 151 31 retour
593 2045 89 34 très
706 2039 116 40 doux
849 2043 21 36 à
896 2039 39 40 la
961 2039 188 40 tonalité
1165 2039 54 40 de
1240 2039 39 39 la
1305 2040 189 51 majeur,
1515 2053 84 26 aux
1637 2048 118 31 mots
1788 2037 37 40 O
1840 2037 104 49 Jesu
1986 2037 155 40 dulcis.

113 2107 118 41 Tout
255 2108 91 40 cela
385 2117 65 31 est
486 2108 107 40 d'un
633 2117 65 31 art
736 2117 158 31 savant
928 2121 105 27 sans
1059 2108 153 44 doute,
1240 2110 115 38 mais
1385 2111 189 46 sincère,
1599 2117 41 31 et
1666 2107 76 41 fait
1780 2107 107 40 bien
1927 2121 213 37 augurer,

113 2177 174 50 malgré
321 2177 55 40 de
405 2178 205 39 sinistres
633 2177 259 52 prophéties
917 2186 41 31 et
979 2175 397 53 l'intransigeance
1409 2177 215 40 farouche
1644 2177 78 40 des
1757 2177 303 48 archaïsants,
2087 2177 54 40 de

113 2245 186 40 l'avenir
321 2246 53 39 de
398 2246 38 40 la
459 2248 210 49 musique
687 2246 257 51 religieuse.

1451 2314 247 42 CONSTANT
1732 2314 203 42 ZAKONE.

166 2421 251 53 Répertoire
452 2422 50 39 de
534 2436 191 40 musique
753 2421 128 40 arabe
913 2428 37 33 et
980 2436 159 26 maure.
1247 2421 242 41 Collection
1510 2424 51 39 de
1592 2422 227 49 Préludes,
1855 2422 274 50 Ouvertures,

115 2490 241 50 Chansons,
376 2490 191 52 Noubat,
589 2491 206 48 Kardiat,
814 2490 201 41 Zendani
1023 2523 8 16 ,
1045 2498 95 44 e/c.,
1226 2492 40 40 /a
1282 2492 192 54 musique
1494 2493 71 39 des
1584 2493 168 39 Arabes
1771 2499 37 33 et
1838 2494 74 38 des
1948 2492 190 40 Maures.

111 2559 117 42 Yafil
253 2570 40 30 et
316 2559 153 45 Seror,
496 2564 61 46 16,
581 2575 78 26 rue
689 2561 160 49 Bruce,
876 2565 21 35 à
926 2560 153 52 Alger.

170 2629 124 41 Voici
318 2645 60 24 un
403 2630 159 40 travail
588 2632 75 50 qui
689 2629 238 41 obtiendra
954 2630 38 40 le
1013 2631 101 52 plus
1137 2631 147 50 grand
1310 2636 153 35 succès
1499 2637 161 46 auprès
1685 2632 79 39 des
1798 2632 248 39 musiciens
2085 2631 58 40 de

114 2707 98 31 tous
237 2699 63 40 les
325 2712 124 39 pays.
478 2699 30 39 Il
529 2700 137 44 vient,
694 2713 55 26 en
773 2698 119 48 effet,
919 2699 203 41 combler
1150 2714 88 26 une
1256 2701 174 50 grande
1456 2701 158 40 lacune
1637 2701 114 40 dans
1772 2701 41 39 la
1844 2701 270 40 documenta-

113 2769 92 38 tion
227 2770 171 50 précise
421 2768 54 40 cle
497 2768 38 40 la
560 2770 210 50 musique
795 2768 231 40 orientale.

170 2835 72 41 On
266 2851 21 25 a
313 2836 233 52 beaucoup
572 2838 62 38 dit
659 2850 75 27 sur
769 2846 111 31 cette
904 2839 226 50 musique,
1153 2838 108 39 dont
1285 2837 64 39 les
1370 2839 201 49 origines
1595 2846 254 32 remontent
1870 2839 248 38 incontesta-

115 2904 198 41 blement
337 2910 21 34 à
398 2906 38 39 la
471 2904 140 42 Grèce
649 2907 184 51 antique
865 2916 41 30 et
947 2907 75 51 qui
1057 2921 21 25 a
1118 2911 216 35 conservé
1369 2919 69 28 ses
1482 2907 350 51 particularités,
1871 2919 71 27 ses
1985 2906 158 40 modes

116 2974 265 47 nombreux,
407 2975 291 52 diatoniques
722 2989 57 27 ou
803 2975 354 52 chromatiques,
1190 2989 55 26 en
1277 2975 121 52 dépit
1435 2975 53 40 de
1522 2974 264 41 l'évolution
1825 2975 317 40 considérable

114 3043 53 39 de
191 3043 38 39 la
257 3045 209 51 musique
491 3045 289 40 occidentale.
818 3044 118 41 Mais
976 3059 57 26 on
1070 3045 101 40 n'en
1209 3059 21 26 a
1270 3045 161 52 jamais
1468 3058 53 27 eu
1560 3058 107 27 sous
1701 3045 64 40 les
1799 3059 114 38 yeux
1959 3059 87 38 que
2089 3045 54 40 de

117 3114 168 38 minces
309 3112 267 51 fragments,
604 3118 231 48 parsemés
861 3114 111 40 dans
1016 3114 233 52 beaucoup
1292 3114 288 50 d'ouvrages,
1616 3114 225 41 recueillis
1876 3129 55 26 au
1975 3114 166 40 hasard

116 3181 78 39 des
214 3194 199 40 voyages
438 3196 56 26 ou
519 3183 78 40 des
633 3185 296 50 expositions,
955 3187 262 49 empruntés
1254 3198 85 25 aux
1372 3197 110 39 pays
1524 3184 63 40 les
1629 3184 102 52 plus
1754 3184 166 48 divers,
1948 3193 41 31 et
2014 3189 129 35 notés

112 3260 189 31 souvent
335 3266 80 37 par
457 3252 289 40 d'excellents
783 3254 261 47 musiciens,
1086 3254 114 38 mais
1237 3254 75 50 qui
1345 3266 53 26 ne
1439 3252 339 54 s'inquiétaient
1818 3266 80 40 pas
1930 3266 126 28 assez
2080 3253 54 40 de

111 3319 323 41 l'authenticité
457 3329 40 31 et
528 3321 54 39 de
612 3321 38 39 la
678 3323 172 38 science
892 3322 78 39 des
1006 3327 275 34 exécutants.

170 3388 87 40 Ces
275 3387 249 52 fragments
548 3403 54 27 ne
626 3393 245 49 pouvaient
896 3405 80 38 pas
997 3392 248 39 constituer
1267 3406 60 25 un
1369 3390 169 57 Corpus
1562 3405 125 27 assez
1711 3392 196 52 complet
1941 3400 41 31 et
2018 3405 124 27 assez

160 3538 47 41 (i)
231 3539 38 38 Je
289 3539 120 33 donne
427 3539 45 32 ici
499 3540 30 32 !a
552 3539 81 33 voix
653 3540 43 32 de
716 3551 158 31 soprano
897 3544 250 40 accompagné
1170 3542 44 33 de
1237 3545 32 30 la
1296 3542 192 33 réduction
1509 3546 17 29 à
1548 3544 143 41 l'orgue
1711 3543 62 32 des
1801 3543 87 32 trois
1911 3551 121 25 autres
2049 3543 94 32 voix.
