2255 3759
795 199 328 28 PUBLICATIONS
1158 197 262 30 NOUVELLES

98 204 80 41 394

97 297 185 42 l'oreille
331 293 144 43 s'était
525 293 228 44 habituée,
803 293 78 40 dès
927 293 38 40 le
1005 294 196 51 premier
1248 304 229 32 morceau,
1541 293 21 36 à
1605 289 79 40 des
1723 289 261 40 harmonies
2037 286 101 53 plus

97 367 238 41 modernes
377 374 40 31 et
459 364 99 52 plus
592 362 137 41 libres
767 360 64 42 Le
868 367 224 35 caractère
1133 360 206 41 différent
1364 360 54 40 de
1454 373 47 26 ce
1541 371 212 28 morceau
1775 370 116 28 nous
1913 355 223 53 surprend

97 446 42 31 et
160 449 54 28 ne
235 434 246 52 s'explique
497 437 155 46 guère.
679 432 69 40 Du
768 440 131 37 reste,
922 432 114 39 ainsi
1059 444 86 39 que
1162 444 117 27 nous
1297 430 39 40 le
1370 429 176 40 disions
1570 428 102 52 plus
1694 428 125 47 haut,
1843 427 10 40 1
1875 426 183 53 Adagio
2091 434 42 31 et

100 507 39 39 le
156 504 186 52 Scherqo
367 512 102 31 sont
494 502 63 40 les
582 504 166 49 parties
774 501 63 40 les
855 500 102 53 plus
978 498 163 42 faibles
1161 500 55 39 de
1236 500 39 39 la
1301 507 174 32 sonate.

154 573 62 40 Le
240 572 137 41 début
400 572 59 39 du
500 569 187 54 Scherqo
694 602 10 17 ,
746 571 75 52 qui
847 583 115 27 nous
1002 569 199 52 rappelle
1241 569 39 39 le
1303 574 390 34 commencement
1717 566 59 40 du
1808 564 189 52 Scherqo
2022 563 55 40 de
2095 563 38 39 la

99 658 24 40 y
129 648 14 17 e
166 640 161 42 Sonate
344 641 54 39 de
435 640 274 47 Beethoven,
733 645 75 35 eût
838 643 68 36 été
929 647 278 32 exactement
1232 638 38 40 le
1296 641 144 36 même
1466 639 35 38 si
1548 635 192 40 l'auteur
1773 634 167 40 n'avait
1962 635 92 50 pris
2098 632 38 40 la

96 717 262 48 précaution
383 709 99 41 d'en
507 710 197 50 changer
728 709 40 39 la
794 709 220 52 première
1035 721 178 26 mesure
1239 719 7 27 :

162 1088 238 40 Peut-être
424 1085 189 42 n'est-ce
631 1086 58 49 là,
710 1085 113 40 delà
847 1094 99 43 part
988 1084 58 40 du
1070 1085 322 51 compositeur,
1436 1082 168 53 qu'une
1641 1082 161 52 simple
1834 1082 303 47 coïncidence,

107 1159 114 38 mais
241 1157 84 39 elle
348 1164 66 31 est
433 1157 218 38 vraiment
676 1152 289 52 regrettable,
992 1150 174 42 carl'on
1190 1165 137 39 pense
1350 1151 171 51 malgré
1546 1152 67 39 soi
1634 1165 56 26 au
1713 1152 224 39 ravissant
1956 1150 183 41 scherzo

108 1226 54 40 de
184 1225 276 47 Beethoven,
484 1233 41 31 et
548 1223 113 41 celui
698 1223 54 39 de
772 1221 61 41 M.
857 1221 159 42 Nerini
1040 1234 116 28 nous
1183 1220 189 48 semble,
1393 1234 55 26 en
1488 1221 335 51 comparaison,
1845 1218 103 42 bien
1973 1233 169 39 pauvre

107 1293 219 42 d'intérêt.

162 1362 62 40 Le
246 1361 156 41 Finale
425 1362 172 40 ranime
625 1376 59 25 un
706 1374 85 39 peu
817 1369 128 31 notre
969 1361 237 48 attention,
1230 1368 41 31 et
1291 1372 116 28 nous
1428 1358 71 53 n'y
1524 1367 254 42 regrettons
1801 1371 88 38 que
1910 1371 82 27 son
2012 1372 96 25 man-

108 1446 87 38 que
210 1432 236 40 d'étendue
487 1430 232 40 musicale.
762 1429 234 52 Pourquoi
1021 1429 206 48 hauteur,
1264 1441 86 27 une
1373 1427 86 41 fois
1484 1440 70 27 ses
1595 1427 115 40 deux
1753 1427 123 40 idées
1908 1430 232 49 exposées,

109 1500 359 54 s'empresse-t-il
492 1500 54 40 de
567 1500 63 40 les
650 1509 277 42 transposer,
954 1498 127 40 selon
1101 1498 65 40 les
1200 1497 146 51 règles
1369 1497 55 39 de
1461 1497 308 39 construction
1807 1495 54 41 de
1886 1495 40 40 la
1968 1505 173 39 sonate,

110 1585 113 38 pour
245 1571 210 40 conclure
480 1573 16 37 ?
520 1568 31 40 Il
577 1568 173 41 semble
773 1568 154 43 éviter,
956 1571 22 35 à
1004 1576 95 31 tout
1123 1568 111 51 prix,
1258 1566 63 40 les
1352 1566 83 40 lois
1460 1565 59 40 du
1555 1565 393 52 développement.
1990 1564 155 41 Est-ce

113 1641 39 39 là
179 1655 58 24 un
262 1641 114 50 parti
395 1640 108 51 pris,
530 1652 56 27 ou
612 1637 191 40 l'auteur
841 1636 231 40 laisse-t-il
1106 1636 259 52 apercevoir
1403 1648 87 27 une
1523 1632 214 42 faiblesse
1760 1634 54 40 de
1838 1648 83 26 son
1950 1635 171 51 inspira-

117 1710 93 39 tion
225 1712 16 35 ?
263 1706 299 50 Néanmoins,
605 1705 175 51 malgré
823 1713 112 32 cette
977 1705 190 52 critique
1200 1709 88 35 très
1328 1702 209 54 justifiée,
1574 1703 40 40 la
1639 1702 222 40 Première
1893 1702 165 40 Sonate
2091 1703 54 40 de

111 1775 62 41 M.
200 1775 155 42 Nerini
377 1784 66 31 est
478 1789 85 26 une
600 1776 216 39 tentative
842 1776 75 51 qui
951 1788 115 27 nous
1107 1775 151 40 donne
1281 1774 274 53 l'espérance
1578 1774 226 41 d'oeuvres
1827 1775 101 52 plus
1946 1773 138 42 fortes
2105 1783 41 31 et

116 1845 101 52 plus
235 1844 266 53 complètes,
527 1853 176 31 surtout
729 1843 151 52 quand
903 1843 28 40 il
958 1845 196 39 arrivera
1179 1848 23 35 à
1223 1857 47 26 se
1289 1843 200 51 dégager
1512 1844 78 39 des
1614 1845 239 39 souvenirs
1877 1844 53 39 de
1954 1843 161 41 Beetho-

112 1927 99 34 ven,
238 1914 220 40 influence
484 1914 76 50 qui
580 1912 175 41 semble
775 1912 39 40 le
840 1914 267 50 poursuivre
1132 1921 40 31 et
1198 1911 285 54 quelquefois
1501 1912 228 40 diminuer
1752 1926 47 27 sa
1820 1912 323 53 personnalité.

1447 1981 246 40 ADALBERT
1717 1981 228 40 MERCIER.

170 2081 135 41 HUGO
333 2079 353 43 GOLDSCHMIDT.

713 2104 52 3 —
796 2079 63 42 Le
892 2079 351 42 Couronnement
1269 2082 51 38 de
1352 2081 177 56 Poppée
1537 2113 7 17 ,
1575 2086 136 49 opéra
1748 2083 54 40 de
1840 2081 301 42 Monteverdi.

112 2150 200 52 Leipzig-,
340 2149 252 52 Breitkopf.

172 2218 82 41 Cet
275 2224 133 47 opéra
434 2219 53 40 de
532 2217 301 48 Monteverdi,
886 2217 138 54 qu'un
1059 2220 102 51 juge
1186 2224 87 35 très
1305 2221 213 46 autorisé,
1544 2218 63 41 M.
1645 2218 234 42 Hermann
1905 2219 213 41 Kretzsch-

116 2303 109 27 mar,
264 2304 21 24 a
325 2288 177 40 déclaré
544 2300 20 27 ((
599 2288 39 40 le
672 2288 101 52 plus
808 2286 268 53 significatif
1106 2300 19 25 ))
1169 2288 58 40 du
1251 2302 88 26 xvn
1342 2293 16 17 e
1379 2288 147 46 siècle,
1563 2302 115 26 nous
1712 2298 66 30 est
1811 2293 217 36 conservé
2068 2304 81 38 par

116 2372 87 26 une
229 2359 125 51 copie
380 2359 93 51 qui,
510 2358 53 39 de
597 2357 39 40 la
673 2356 311 53 bibliothèque
1020 2357 78 39 des
1130 2356 238 42 Contarini
1405 2366 67 32 est
1504 2363 160 47 passée
1698 2362 21 35 à
1762 2358 40 40 la
1837 2358 312 53 bibliothèque

116 2426 165 41 Saint-
297 2426 151 49 Marc,
488 2431 21 35 à
544 2426 180 40 Venise.
770 2426 63 40 Le
866 2427 128 39 livret
1031 2439 54 27 en
1121 2435 66 31 est
1228 2426 447 52 remarquablement
1715 2429 236 38 construit.
1977 2426 170 51 Néron,

112 2500 143 48 époux
286 2494 247 46 d'Octavie,
584 2497 115 38 aime
740 2495 195 52 Poppée,
975 2502 169 45 épouse
1184 2493 217 43 d'Othon.
1445 2494 186 42 Octavie
1656 2496 189 41 cherche
1886 2499 262 38 vainement

115 2570 18 34 à
177 2579 45 26 se
251 2579 170 36 venger
464 2578 54 26 en
542 2574 220 43 poussant
787 2563 155 42 Othon
980 2569 21 35 à
1037 2574 98 31 tuer
1171 2563 182 54 Poppée
1377 2576 9 37 ;
1422 2563 157 42 Othon
1609 2579 55 26 ne
1692 2576 106 41 peut
1826 2565 63 54 s'y
1915 2566 231 47 résoudre,

111 2648 74 26 car
223 2634 28 40 il
292 2636 118 37 aime
446 2647 47 26 sa
532 2633 189 47 femme;
763 2634 29 39 il
831 2642 65 31 est
928 2634 237 39 lui-même
1200 2636 116 38 aimé
1358 2648 80 38 par
1460 2634 251 40 Drusilla...
1741 2634 139 51 C'est,
1918 2648 176 28 comme
2120 2636 30 39 il

115 2704 143 38 arrive
295 2712 191 31 souvent
516 2703 113 39 dans
653 2711 127 31 notre
805 2704 202 49 tragédie
1032 2703 242 52 classique,
1302 2717 87 27 une
1414 2704 115 40 suite
1553 2704 53 40 de
1640 2706 213 50 capucins
1877 2705 54 40 de
1955 2714 155 32 carton
2137 2722 7 24 :

115 2772 150 52 quand
300 2772 207 40 l'Amour
547 2770 157 41 souffle
749 2786 77 25 sur
869 2772 92 40 l'un
992 2772 144 49 d'eux,
1184 2781 122 31 toute
1340 2772 39 40 la
1425 2774 114 38 série
1578 2772 93 40 s'en
1716 2782 172 31 ressent
1923 2772 42 52 (v
2027 2773 67 40 1L4

116 2840 233 53 dromaque
396 2840 55 40 de
491 2848 128 32 notre
671 2839 206 43 Racine).
926 2839 87 41 Les
1066 2854 309 38 personnages
1422 2841 288 40 secondaires
1753 2850 101 31 sont
1887 2857 7 24 :
1939 2841 207 49 Arnalta,

116 2910 206 38 nourrice
342 2909 53 39 de
432 2908 182 52 Poppée
640 2923 8 33 ;
692 2907 210 54 Sénèque
928 2907 142 53 (raillé
1092 2923 80 38 par
1202 2924 60 25 un
1292 2908 152 53 page),
1481 2911 75 50 qui
1591 2918 144 31 meurt
1774 2924 55 25 au
1849 2911 165 39 second
2038 2920 111 36 acte,

118 2976 203 41 Mercure
352 2986 42 31 et
420 2976 152 41 Vénus
597 2989 8 36 ;
641 2977 64 40 les
726 2976 201 41 Consuls
960 2986 40 31 et
1022 2978 63 39 les
1111 2977 199 41 Tribuns
1341 2991 54 26 en
1432 2983 213 46 présence
1670 2979 54 39 de
1760 2980 76 51 qui
1862 2979 186 53 Poppée
2081 2990 66 31 est

118 3051 255 36 couronnée
408 3047 152 48 (scène
589 3062 18 36 7
634 3047 59 40 du
728 3045 55 41 III
789 3051 14 17 e
838 3045 129 55 acte).
1010 3045 64 41 La
1113 3048 211 51 musique
1356 3047 54 40 de
1448 3046 301 51 Monteverdi,
1793 3054 87 34 très
1915 3050 240 52 appliquée

119 3120 21 35 à
166 3117 147 38 suivre
335 3116 38 39 le
396 3116 155 40 drame
591 3124 41 31 et
666 3125 192 31 souvent
881 3115 87 41 fort
989 3114 131 53 belle,
1143 3125 66 31 est
1234 3132 59 24 un
1327 3121 88 35 très
1439 3118 179 38 curieux
1656 3118 243 40 document
1919 3118 236 42 d'histoire

118 3185 231 49 musicale,
373 3184 320 54 remarquable
714 3199 80 37 par
818 3185 39 40 le
877 3186 113 52 style
1013 3186 78 40 des
1130 3185 230 48 récitatifs,
1388 3186 40 40 la
1462 3186 197 40 richesse
1679 3187 53 40 de
1756 3187 39 40 la
1822 3188 210 50 mélodie,
2061 3189 10 39 1
2092 3190 43 39 in-

118 3258 108 36 térêt
255 3254 53 39 de
335 3254 40 40 la
405 3253 132 41 basse
572 3256 227 48 continue,
829 3255 39 39 le
908 3254 112 40 libre
1053 3254 168 53 emploi
1259 3255 53 39 de
1335 3257 219 38 certaines
1591 3255 295 42 dissonances
1929 3257 62 40 M.
2018 3257 136 52 Hugo

118 3319 317 44 Goldschmidt
474 3337 21 25 a
538 3323 150 40 donné
738 3323 39 40 le
813 3332 115 31 texte
967 3324 193 51 intégral
1205 3324 58 40 du
1299 3324 145 43 livret,
1490 3334 42 31 et
1575 3325 40 40 la
1654 3327 215 50 partition
1918 3340 56 27 en
2015 3329 142 38 entier

119 3389 98 51 (138
241 3406 42 37 p.
321 3391 54 40 de
408 3394 244 50 musique),
680 3407 104 26 avec
808 3408 59 25 un
901 3391 242 43 fac-similé
1174 3393 59 40 du
1272 3396 265 46 manuscrit,
1564 3409 86 26 une
1680 3396 308 40 introduction
2012 3405 40 31 et
2096 3412 59 25 un

120 3462 321 39 commentaire
476 3462 205 51 critique.
709 3459 121 43 C'est
852 3477 58 25 un
940 3462 216 40 excellent
1181 3463 173 47 travail,
1380 3464 136 50 digne
1549 3464 78 40 des
1652 3464 101 52 plus
1791 3466 170 49 grands
1982 3466 171 50 éloges.

119 3526 50 54 Je
190 3529 211 40 relèverai
425 3534 22 35 à
472 3532 130 48 peine
627 3546 59 24 un
711 3544 56 27 ou
793 3531 113 40 deux
945 3532 178 40 détails.
