4922 6654
64 6561 82 39 244

186 88 66 48 Es
280 89 63 47 ist
371 87 90 47 der
489 86 149 48 heiße
665 83 140 63 Golf,
832 86 90 48 der
950 85 90 47 das
1071 85 223 49 Eismeer
1319 81 243 61 schmilzt,

58 159 80 48 die
171 157 128 50 Erde
330 157 259 48 fruchtbar
613 157 105 47 und
746 158 77 46 sie
849 170 113 33 zum
994 155 140 47 Eden
1162 154 104 48 und
1296 169 85 33 zur
1411 150 150 50 Hölle

59 228 79 49 für
188 230 90 45 das
328 225 575 68 Menschengeschlecht
950 225 237 63 gemacht
1234 224 99 49 hat.

185 300 67 46 Es
295 302 64 45 ist
399 300 140 59 jener
579 298 283 61 mythische
903 297 191 60 Ozean,
1138 296 88 47 der
1268 296 91 46 das
1402 308 158 48 ganze

58 369 77 48 All
187 369 304 49 umschließt
538 369 106 48 und
691 371 92 45 mit
832 370 173 46 seinen
1057 366 266 48 liebenden
1375 362 186 50 Armen

57 439 280 62 umfangen
374 440 119 50 hält.

186 512 67 47 Es
290 513 64 47 ist
391 511 90 47 das
521 511 193 60 einzige
754 506 318 62 Unterpfand
1110 506 103 48 und
1248 506 83 47 die
1367 508 194 57 einzige

58 581 292 49 Gewißheit
389 581 88 47 des
518 578 288 50 Göttlichen
845 580 64 45 im
950 575 292 50 Menschen.

635 691 26 29 *
961 692 22 24 *

183 762 336 62 Mythologie,
549 760 345 61 Mythologie!

184 834 117 47 Und
340 832 248 49 vielleicht
627 831 148 48 nicht.
818 870 9 8 .
864 871 8 8 .
908 869 9 8 .

182 904 165 46 Wenn
381 917 117 32 man
532 898 258 65 jegliches,
824 898 260 62 gleichviel
1121 897 215 49 welches
1370 896 193 50 Gefühl

58 972 87 48 auf
186 976 140 45 seine
367 971 337 48 Bestandteile
746 971 82 46 hin
871 970 327 60 analysieren,
1239 984 55 31 es
1334 972 49 45 in
1421 970 143 47 seine

60 1044 184 47 Atome
282 1043 104 47 und
425 1040 257 49 Moleküle
721 1040 230 61 zerlegen
988 1038 207 61 könnte,
1236 1039 174 47 würde
1448 1052 117 35 man

55 1113 262 48 sicherlich
370 1111 88 48 auf
509 1111 214 47 tausend
776 1109 341 49 Bestandteile
1163 1124 135 35 neun
1351 1108 210 47 Zehntel

58 1182 189 60 finden,
275 1183 84 46 die
386 1181 93 48 das
507 1179 303 50 Geschlecht
835 1182 50 46 in
917 1179 296 61 Bewegung
1239 1181 195 59 gesetzt
1460 1178 99 47 hat.

182 1252 314 61 Verborgen,
535 1251 254 49 unfaßbar
823 1251 81 47 für
939 1251 89 47 das
1067 1251 145 60 Auge
1249 1250 89 46 der
1373 1249 159 60 Tages-

56 1322 150 61 seele,
232 1323 286 61 Verborgen
547 1325 49 46 in
624 1323 113 46 dem
768 1322 172 46 Meere
966 1321 151 47 kaum
1145 1318 418 49 aufleuchtender

57 1394 287 60 Ahnungen
389 1391 76 50 als!
507 1389 164 52 tiefste
711 1392 106 47 und
861 1392 221 59 urewige
1124 1389 161 47 Welle
1324 1389 95 47 des
1460 1388 69 47 Un-

56 1462 292 61 bewußten,
383 1462 153 49 kocht
565 1462 61 48 eSi
654 1462 106 47 und
795 1459 228 63 sprudelt
1055 1460 104 48 und
1193 1458 137 50 wirft
1360 1458 65 48 ab
1458 1457 104 48 und

58 1549 62 34 zu
152 1533 184 49 heißen
370 1533 179 48 Gischt
582 1531 178 49 hinauf
790 1533 50 49 in
872 1533 167 48 seiner
1070 1528 276 52 herrlichen
1379 1528 187 60 Macht,

58 1604 61 47 ab
145 1604 104 47 und
272 1617 62 34 zu
357 1632 59 6 —
438 1601 136 49 denn
600 1615 57 35 esi
679 1601 257 49 offenbart
960 1601 105 48 sidh
1086 1603 51 46 in
1160 1602 176 47 seinen
1358 1599 203 48 tiefsten

57 1674 246 49 Gründen
343 1676 164 46 einem
550 1688 99 33 von
691 1671 324 61 Tauslenden,
1058 1672 99 46 wie
1194 1671 114 61 jene

49 1751 67 37 toü
568 1743 84 49 die
681 1743 90 48 der
799 1743 161 61 große
994 1739 262 61 Basilides,
1286 1740 89 47 der
1405 1739 154 46 Vater

56 1815 90 47 der
182 1815 208 60 Gnos'is,
426 1814 347 60 verkündigte.

182 1884 96 48 Die
311 1884 175 47 Macht
519 1884 93 47 desi
1050 1881 121 59 klar,
1205 1878 219 49 deutlich
1457 1877 103 48 und

57 1953 149 50 leicht
245 1953 182 49 faßbar
465 1956 49 46 in
549 1953 248 48 manchen
837 1951 252 48 Gefühlen
1128 1979 59 5 —
1226 1949 303 48 verschwom-

55 2040 116 33 men
198 2025 103 47 und
324 2025 151 47 kaum
502 2020 306 51 erkenntlich
834 2021 80 48 für
936 2022 96 47 dasl
1054 2036 152 44 arme,
1228 2018 334 50 beschränkte

57 2094 604 49 Menschenbewußtsein
684 2095 51 47 in
761 2107 57 33 so
844 2089 160 51 vielen
1029 2091 237 58 anderen,
1291 2086 270 52 unendlich

57 2163 407 63 komplizierten;
498 2164 137 47 dann
671 2163 190 48 wieder
895 2177 129 46 ganz
1060 2161 103 47 und
1197 2174 92 51 gar
1321 2157 248 50 versteckt

56 2235 104 48 und
197 2234 135 50 nicht
365 2233 145 48 mehr
545 2232 280 48 erkennbar
861 2233 48 46 in
946 2233 147 63 Jenen
1130 2228 431 50 Gefühlssblitzen

58 2306 102 46 und
209 2301 542 64 Gefühlskomplexen,
797 2302 84 48 die
926 2301 193 60 infolge
1160 2297 404 54 fortwährender

56 2372 468 63 Wiederholungen
572 2386 63 37 zu
684 2370 262 52 einfachen
998 2369 243 53 Reflexen
1318 2368 214 63 herabge-

55 2444 197 50 sunken
288 2444 115 49 sind
440 2472 59 5 —
536 2444 142 47 diese
712 2441 174 48 Macht
921 2443 65 47 ist
1021 2439 542 60 nichtsdestoweniger

56 2515 164 62 gleich
268 2512 340 63 offenkundig
654 2515 47 45 in
748 2512 88 47 der
882 2510 149 49 Liebe
1077 2514 96 46 wie
1216 2513 68 49 im
1333 2508 135 60 Haß,
1512 2510 49 50 in

58 2586 113 47 dem
207 2584 317 48 Herdentum
556 2586 96 46 wie
685 2584 48 46 in
762 2582 90 48 der
885 2581 241 61 Feigheit,
1154 2584 50 45 in
1235 2579 91 47 der
1354 2578 180 48 Mutter-

57 2654 165 49 schaft
249 2657 99 46 wie
376 2655 52 47 in
458 2654 114 47 dem
603 2665 99 36 von
734 2653 87 47 der
848 2652 206 51 Wärme
1083 2650 89 48 des
1203 2647 359 50 Geschlechtes

60 2726 256 59 erhitzten,
365 2724 96 51 küb
469 2722 149 49 Ihnen
671 2724 272 60 Egoismus
994 2721 88 47 der
1130 2718 431 50 Sozialinstinkte:

57 2793 164 64 gleich
249 2795 131 61 groß
412 2794 102 48 und
544 2793 157 49 schön
734 2794 62 46 ist
823 2792 143 49 diese
992 2790 173 48 Macht
1193 2792 48 44 in
1269 2789 164 60 jedem
1464 2788 66 47 Ge-

58 2864 338 50 schlechtsakt
426 2864 90 48 des
961 2861 112 63 (das
1106 2859 141 49 heißt
1278 2860 165 58 Eines,
1474 2858 90 46 der

59 2951 83 32 um
188 2936 80 48 die
310 2934 274 48 Schönheit
622 2933 96 47 des!
759 2930 357 50 Geschlechtes
1160 2929 172 62 weiß),
1374 2930 97 46 wie
1513 2931 50 48 in

60 3007 88 46 der
186 3004 245 49 höchsten
469 3002 360 61 Offenbarung
861 3002 91 47 der
988 2997 370 51 menschlichen
1397 2997 165 59 Seele;

60 3079 50 44 in
161 3076 90 47 der
303 3073 287 62 Rhythmik,
644 3073 294 58 Harmonie,
992 3068 228 50 Melodik
1270 3098 59 4 —
1381 3073 48 45 in
1479 3068 90 47 der

61 3145 195 49 Musik!

187 3215 127 48 Dem
361 3215 155 49 Einen
558 3212 104 54 läßt
698 3228 60 33 es
796 3213 80 47 die
917 3210 236 49 Muskeln
1192 3206 270 52 scTiwellen
1502 3221 62 35 zu

61 3284 318 49 unfaßbaren
468 3283 574 61 Kraftanstrengungen,
1129 3281 114 50 dem
1331 3278 232 48 Anderen

61 3358 171 46 weitet
265 3364 60 40 es!
359 3355 81 47 die
477 3350 140 51 Seele
652 3354 78 45 bis
768 3366 66 33 an
868 3352 82 47 die
989 3351 231 47 Grenzen
1255 3350 90 46 des
1382 3349 153 46 Trans-

61 3422 356 60 zendentalen;
448 3423 97 48 den
574 3421 371 50 menschlichen
977 3420 279 48 Gedanken
1287 3420 280 60 potenziert

63 3508 55 35 es
159 3495 80 48 bis
282 3510 86 33 zur
409 3493 276 62 göttlichen
731 3492 175 47 Macht
947 3492 90 45 des
1081 3492 166 45 ersten

65 3581 90 32 aus
187 3565 114 48 dem
334 3561 183 51 Clown
545 3563 171 47 miaCht
745 3577 54 32 es
827 3564 149 46 einen
1007 3560 260 60 Schöpfer,
1297 3560 89 46 der
1419 3559 152 59 Feige

62 3636 125 48 wird
231 3637 149 45 unter
420 3635 193 47 seinem
663 3630 203 52 Einfluß
913 3646 112 32 zum
1075 3629 215 60 Helden,
1333 3628 106 48 und
1483 3628 80 47 ein

60 3704 375 60 beschränkter,
485 3703 334 61 engherziger
870 3700 337 48 Seifensieder
1258 3698 126 49 wird
1452 3712 111 33 zum

61 3773 283 54 Wohltäter
387 3775 88 47 der
517 3771 333 60 Menschheit,
891 3772 113 47 eine
1048 3770 203 48 dumme
1295 3769 142 47 Gans
1479 3780 88 34 zur

60 3847 316 59 Märtyrerin.

189 3915 67 48 Es!
287 3915 223 48 existiert
536 3914 52 48 in
618 3910 285 52 Milliarden
934 3925 98 33 von
1061 3908 357 49 wechselnden
1451 3908 88 47 For-

61 4001 132 44 men,
227 4000 55 33 es
312 3983 218 49 leuchtet
556 3984 105 46 und
690 3980 313 50 verwandelt
1031 3979 106 50 siCh
1165 3981 51 47 in
1247 3979 94 48 alle
1374 3978 162 61 Regen-

61 4054 370 63 bogenfarben,
481 4068 56 35 es
562 4090 9 12 >
588 4051 188 51 kleidet
826 4051 106 49 sich
982 4053 50 46 in
1084 4049 216 49 tausend
1349 4045 216 60 Namen,

64 4125 245 48 tausende
338 4123 263 51 ahnender
631 4120 236 62 Gefühle,
899 4122 79 48 die
1009 4120 106 48 sich
1146 4119 135 48 nicht
1311 4121 48 46 in
1390 4119 176 47 Worte

63 4195 173 49 fassen
269 4193 191 58 lassen;
493 4193 120 48 aber
639 4192 192 48 überall
863 4194 63 46 ist
955 4205 56 34 es
1040 4190 80 60 da,
1149 4191 112 47 eine
1290 4187 276 49 unteilbare

65 4264 143 52 Kraft
244 4261 165 65 gleich
447 4265 164 59 jenem
652 4261 417 62 hypothetischen
1110 4259 199 59 Aether,
1348 4258 90 47 der
1474 4257 92 48 das

64 4333 78 50 All
177 4333 353 61 durchdringt:
565 4333 102 48 und
701 4333 94 47 das!
824 4331 252 49 sichtbare
1110 4329 205 61 Symbol
1350 4327 79 49 für
1460 4328 107 51 sein

64 4404 345 66 allmächtiges
451 4401 209 50 Wirken
702 4403 105 47 und
850 4400 254 60 Schaffen,
1147 4399 221 49 sichtbar
1409 4398 160 48 selbst

65 4476 80 48 für
191 4476 96 59 die,
335 4475 80 47 die
459 4488 63 34 zu
566 4471 143 50 blind
752 4471 132 61 sind,
925 4482 88 36 (um
1060 4485 56 33 es
1159 4474 49 46 in
1254 4468 165 62 jedem
1468 4468 67 47 Ge-

63 4544 218 61 danken,
331 4544 165 61 jedem
550 4542 205 60 Gefühl,
819 4542 139 59 jeder
1009 4540 325 60 Aeußerung,
1400 4537 165 62 jedem

66 4614 179 53 Reflex
283 4615 87 48 der
408 4613 371 49 menschlichen
816 4613 140 46 Seele
994 4626 61 32 zu
1092 4609 250 50 erblicken
1381 4637 57 5 —
1476 4608 91 47 das

65 4686 62 48 ist
191 4686 89 47 der
344 4680 474 62 Geschlechtstrieb,
884 4681 103 48 und
1052 4682 137 47 seine
1256 4679 311 60 Auslösung!,

65 4753 350 63 Vollendung:
464 4755 88 47 der
598 4752 418 49 Geschlechtsakt
1060 4750 171 48 selbst.

191 4826 95 48 Die
333 4823 232 50 absolute
612 4823 173 47 Macht
829 4823 103 46 und
976 4822 82 47 die
1105 4815 231 53 absolute
1382 4819 156 48 Schön-

66 4896 117 60 heit,
232 4893 191 50 welChe
470 4893 199 48 Welten
718 4891 199 60 schafft,
967 4893 71 46 sie
1088 4892 226 58 zerstört,
1361 4904 86 33 um
1497 4889 71 47 sie

66 4969 48 45 in
144 4965 129 48 noch
303 4964 215 48 höherer
546 4960 464 51 Vollkommenheit
1038 4960 229 48 erstehen
1296 4974 61 33 zu
1382 4959 186 59 lassen,

66 5034 287 50 offenbarte
403 5034 107 48 sich
558 5035 53 47 in
662 5031 162 63 gleich
876 5032 187 61 großer
1115 5030 273 48 Schönheit
1433 5029 135 53 ibeim

66 5105 279 48 Menschen
378 5106 49 47 in
463 5105 89 45 der
585 5101 182 57 Quelle
800 5103 87 46 der
921 5101 244 49 höchsten
1201 5102 120 45 Lust
1354 5099 102 47 und
1489 5112 55 34 zu-

66 5173 163 64 gleich
263 5176 167 46 seiner
463 5172 246 50 höchsten
746 5172 143 50 Kraft
922 5200 58 5 —
1015 5173 137 59 jener
1188 5170 155 59 Kraft,
1378 5168 191 48 welche

66 5246 83 47 die
197 5242 268 68 Allgewalt
511 5243 91 47 der
649 5244 159 45 Natur
856 5241 329 61 unterjochte,
1233 5241 81 46 die
1364 5238 178 48 Höllen-

65 5315 168 49 macht
285 5315 89 46 der
420 5312 419 61 Gebirgs!ströme
888 5312 305 48 eindämmte
1245 5310 102 48 und
1398 5311 72 45 sie
1519 5311 49 56 jn

67 5384 386 49 unzerreißbare
481 5381 204 49 Feslseln
705 5382 196 64 schlug,
925 5382 82 47 die
1030 5381 163 61 Berge
1214 5379 355 59 durchbohrte,

67 5457 93 46 das
212 5455 144 47 Meer
408 5453 104 47 und
565 5452 79 48 die
698 5451 145 48 Lüfte
897 5465 60 33 zu
1008 5452 345 60 gehorsamer,
1408 5451 138 45 unter-

66 5525 243 61 würfiger
354 5524 187 46 Demut
584 5535 196 47 zwang,
824 5522 79 47 die
948 5521 155 47 durch
1145 5521 81 50 die
1268 5518 301 63 organische

69 5596 292 60 Projektion
406 5595 52 48 in
507 5589 197 55 Kolben
751 5592 102 47 und
900 5590 236 61 Zylinder
1180 5592 85 46 die
1308 5589 261 50 Maschine

67 5664 203 50 erschuf
312 5664 103 48 und
458 5663 89 47 des
589 5660 278 49 Menschen
911 5660 172 48 Arbeit
1122 5660 102 48 fast
1261 5659 310 60 überflüssig

66 5735 235 62 gemacht
347 5735 100 48 hat.

192 5804 206 49 Solcher
435 5804 89 47 Art
561 5805 63 46 ist
660 5802 80 48 die
776 5801 174 48 Macht
986 5801 102 47 und
1125 5801 273 47 Schönheit
1432 5801 139 60 jenes

67 5876 270 59 Wunders,
398 5874 89 48 das
547 5887 116 34 man
722 5874 90 46 mit
873 5869 265 48 Ehrfurcht
1197 5873 46 44 in
1299 5870 115 47 dem
1475 5870 66 47 Ge-

65 5944 380 50 schlechtstrieb
495 5959 59 32 zu
600 5941 254 49 erblicken
903 5940 99 49 hat.

194 6016 117 46 Und
343 6030 86 32 wo
463 6014 125 48 auch
623 6017 191 55 immer,
847 6011 104 48 und
983 6010 88 48 auf
1104 6009 192 49 welche
1327 6010 88 47 Art
1447 6009 125 48 auch

69 6088 176 45 immer
290 6085 107 53 sich
446 6085 165 47 dieser
656 6080 461 51 Geschlechtstrieb
1164 6079 3 61 (
1168 6081 190 58 äußert,
1407 6079 67 48 ob
1521 6083 50 50 in

70 6155 89 47 der
211 6152 309 64 Kopulation
569 6153 314 48 chemischer
933 6151 187 48 Atome
1170 6149 403 60 untereinander,

70 6228 48 45 in
162 6225 89 46 der
293 6226 196 60 ewigen
532 6224 335 60 Verbindung
909 6222 102 48 und
1053 6222 200 64 ewigen
1294 6221 279 60 Trennung

70 6293 120 50 aller
222 6294 254 48 Elemente
503 6295 126 48 oder
654 6297 51 46 in
735 6293 88 47 der
850 6292 346 62 körperlichen
1226 6292 348 59 Vereinigung

68 6367 182 48 Zweier
279 6365 370 47 Lebenswesen
678 6379 59 31 zu
766 6365 162 46 einem
957 6359 466 50 unzertrennlichen
1454 6361 119 46 Eins

69 6439 48 46 in
166 6436 88 47 der
299 6436 214 57 ewigen,
558 6433 405 60 gottsuchenden
1011 6431 298 61 Sehnsucht,
1355 6431 125 48 oder
1521 6432 51 52 in

1706 81 114 49 dem
1866 81 291 61 Bestreben,
2197 81 84 48 die
2319 81 275 46 zerstörten
2637 78 190 61 Bande,
2867 77 85 52 die
2988 92 94 33 uns
3122 78 92 49 mit

1706 153 88 47 der
1833 152 232 48 Gottheit
2102 150 291 60 verbinden,
2433 150 188 47 wieder
2657 147 350 62 herzustellen,
3045 148 78 48 sei
3156 162 54 33 es

1706 223 154 47 durch
1902 223 82 47 die
2025 223 162 49 Kunst
2227 221 123 48 oder
2389 220 81 48 die
2511 218 232 62 Religion
2783 247 57 5 —
2879 218 191 48 überall
3109 217 101 48 und

1706 297 177 45 immer
1919 296 63 45 ist
2019 294 88 46 der
2143 291 458 49 Geschlechtstrieb
2634 292 115 46 eine
2788 291 299 47 Emanation
3120 285 93 50 der

1706 364 246 48 höchsten
1995 362 287 60 Schönheit,
2322 362 105 47 und
2466 360 160 49 schön
2666 362 67 46 ist
2772 360 89 47 der
2901 359 113 60 Akt,
3055 358 155 49 durch

1706 434 225 48 welchen
1983 434 88 47 der
2120 431 213 49 Mensch
2394 430 106 49 sich
2566 432 166 46 seines
2780 429 276 62 göttlichen
3103 429 106 51 jund

1705 503 441 63 metaphysischen
2192 503 295 60 Ursprungs
2528 501 211 48 bewußt
2778 500 143 49 wird.

2271 600 186 48 Schloß
2499 600 131 61 folgt

1703 853 511 118 Slawische
2265 850 521 121 Arbeiterin

1706 1038 162 51 Sdhau
1900 1039 143 50 diese
2076 1040 160 49 Falte!
2286 1039 96 60 Du,
2413 1037 166 50 kleine
2610 1036 296 61 Arbeiterin,

1706 1112 114 47 hast
1854 1114 77 46 sie
1964 1111 275 62 gegraben.

1708 1180 232 50 Fröhlich
1980 1181 235 61 singend,

1705 1254 90 46 mit
1822 1252 99 48 den
1945 1251 369 49 Gefährtinnen
2341 1250 282 62 plaudernd

1706 1323 104 47 und
1861 1323 107 48 hier
2014 1322 108 48 und
2171 1322 115 46 dort
2336 1318 349 50 aufschauend
2736 1333 98 34 von
2883 1317 91 49 der
3024 1317 187 59 Arbeit,

1706 1407 83 33 um
1831 1406 62 34 zu
1933 1393 102 47 den
2072 1391 269 66 kräftigen,

1702 1461 466 63 schwarzlockigen

1708 1533 352 49 Erdarbeitern

1707 1604 215 48 hinüber
1964 1618 61 33 zu
2067 1601 239 62 schielen,

1706 1671 111 50 albb
1846 1672 197 49 schufst
2070 1673 68 48 du
2169 1673 117 48 dein
2313 1672 170 48 Werk.

1704 1743 115 50 Tief
1848 1746 63 46 ist
1936 1744 84 48 die
2049 1743 193 48 Furche
2265 1743 106 46 und
2399 1744 91 60 gut
2517 1743 65 47 ist
2606 1742 82 49 die
2716 1740 196 58 Arbeit;

1706 1817 105 58 gut,
1841 1817 101 46 wie
1966 1815 181 47 immer
2175 1814 79 46 die
2284 1812 175 48 Arbeit
2485 1815 66 49 ist

1708 1887 136 45 einer
1889 1881 365 64 gedankenlos,
2297 1885 141 46 einer
2480 1881 256 62 gefühllos
2783 1879 330 52 schaffenden

1707 1954 302 50 slawischen
2056 1953 360 63 Taglöhnerin.

1709 2098 200 59 Komm,
1957 2094 165 51 kleine
2170 2095 307 47 Arbeiterin!

1709 2167 102 47 Der
1840 2166 123 48 Plan
1989 2163 94 50 des!
2110 2165 259 48 Bauherrn
2393 2164 92 48 der
2510 2163 135 49 Welt

1706 2252 106 32 war
1855 2236 225 48 schlecht
2122 2234 241 62 angelegt

1707 2307 105 48 und
1864 2307 69 48 du
1979 2306 147 49 sollst
2177 2303 83 51 die
2309 2305 176 47 Grube
2535 2303 190 48 wieder
2774 2301 334 49 Verschütten.

1708 2376 182 52 Kombi
1931 2392 107 46 nur,
2074 2378 136 46 mein
2247 2375 144 49 Lieb!

1707 2449 104 59 Leg
1851 2450 97 46 mir
1988 2448 82 47 die
2115 2445 153 49 Hand

1708 2516 88 50 auf
1834 2518 86 48 die
1960 2516 147 49 heiße
2148 2516 131 49 Stirn

1707 2588 104 48 und
1852 2585 125 51 alles
2012 2589 66 48 ist
2115 2586 190 47 wieder
2341 2588 106 59 gut.

2681 2651 273 49 Eduard
2986 2650 171 49 Pukl

1706 2904 406 120 Astralia

1702 3080 122 50 Von
1862 3080 196 50 Alfred
2094 3076 201 54 Döblin

1837 3206 130 48 Herr
2016 3206 230 61 Gotting,
2295 3204 157 49 Adolf
2496 3204 232 62 Gotting,
2781 3201 435 62 Privatgelehrter,

1710 3275 267 49 wohnhaft
2028 3275 413 49 Albrechtstraße
2490 3277 74 58 15,
2615 3275 104 48 drei
2768 3271 234 63 Treppen
3052 3272 155 49 rechts

1708 3347 82 47 bei
1833 3348 129 45 Frau
1999 3346 229 48 Schälke.
2301 3347 63 45 Er
2400 3348 116 45 sitzt
2550 3347 51 46 in
2640 3347 190 45 seinem
2871 3343 221 50 Zimmer
3127 3341 90 49 auf

1712 3418 160 46 einem
1909 3415 123 48 Sofa
2071 3416 102 46 und
2211 3414 106 51 liäßt
2351 3416 106 46 sich
2492 3428 99 35 von
2628 3415 89 47 der
2753 3415 186 60 Lampe
2975 3416 240 44 wärmen.

1712 3487 90 47 Ein
1840 3486 301 62 gedrücktes
2180 3483 259 54 Männflein
2478 3487 90 47 mit
2602 3483 478 62 verschrumpeltem
3118 3482 68 48 Ge-

1706 3555 146 60 siCht,
1914 3554 233 63 gelblich,
2210 3555 335 48 entzündeten
2609 3555 180 60 Augen
2851 3554 105 47 und
3017 3552 202 50 rascher

1710 3626 217 48 weicher
1977 3626 222 49 Stimme.
2279 3626 151 48 Seine
2479 3626 183 60 Finger
2722 3621 195 65 stielten
2965 3626 93 51 |mit
3118 3622 98 48 den

1714 3698 222 46 Fransen
1966 3697 87 46 der
2078 3697 229 47 braunen
2336 3692 311 63 Wolldecke,
2676 3694 192 49 welche
2893 3694 127 48 über
3046 3696 174 46 seinen

1708 3768 207 46 dünnen
1962 3766 186 48 Beinen
2194 3764 136 68 fliegt.

1836 3837 95 48 Mit
1955 3837 186 48 kurzen
2168 3836 512 61 Handbewegungen
2703 3832 196 51 belehrt
2921 3835 97 50 dasl
3037 3835 146 52 Männ-

1712 3907 98 48 lein
1857 3908 141 47 seine
2049 3907 145 60 Frau,
2244 3907 79 49 ein
2371 3906 198 48 blasses
2618 3904 348 63 angenehmes!
3010 3904 209 59 Wesen,

1712 3975 221 50 weichest
1975 3977 103 49 ihm
2126 3976 296 62 gegenüber
2468 3975 87 48 auf
2599 3978 165 46 einem
2809 3974 145 49 Stuhl
2998 3974 93 50 mit
3131 3988 60 52 ge-

1712 4045 208 50 falteten
1964 4047 217 52 Händen
2220 4049 132 57 sitzt,
2394 4046 99 48 daß
2539 4045 223 61 Uebung
2800 4045 80 48 die
2920 4040 299 65 Grundlage

1712 4117 88 48 der
1829 4114 179 53 Kultur
2032 4120 75 46 sei
2137 4117 102 47 und
2267 4117 100 47 daß
2394 4131 57 33 es
2478 4117 170 58 wisse,
2677 4125 111 38 wasi
2809 4130 57 33 es
2894 4129 139 47 sage.
3077 4113 142 48 Auch

1712 4188 157 47 wirke
1905 4188 89 46 der
2032 4188 140 46 Most
2207 4184 268 50 erfreulich
2515 4186 87 48 auf
2638 4187 190 59 Magen
2866 4185 103 48 und
3005 4184 214 61 jegliche

1710 4255 323 50 Schleimheit
2068 4257 104 48 und
2208 4256 169 48 werde
2413 4255 414 50 wahrscheinlich
2862 4259 67 46 im
2968 4255 154 47 Darm
3159 4268 60 35 zu

1712 4328 148 47 Wein
1890 4327 392 61 umgewandelt.
2345 4327 93 47 Die
2470 4325 145 50 Kraft
2640 4325 94 47 desi
2760 4322 194 50 Lebens
2984 4338 87 35 zur
3098 4324 93 47 Ver-

1712 4395 281 67 wandlung
2024 4400 74 45 sei
2131 4395 355 49 unermeßlich.
2553 4397 64 46 Es
2650 4398 169 57 wisse,
2853 4400 111 45 was
2983 4410 64 32 es
3079 4409 139 46 sage.

1839 4467 144 48 Sanft
2033 4466 185 49 haucht
2264 4467 83 48 die
2395 4465 261 49 verblühte
2711 4466 127 47 Frau
2888 4467 163 46 etwas'
3096 4465 126 46 über

1715 4537 201 49 feuchte
1964 4537 479 61 Herbstwitterung,
2487 4536 126 48 über
2658 4535 366 64 Aufregungen
3087 4536 135 46 einer

1713 4608 224 61 Sitzung,
1967 4608 128 47 über
2125 4607 156 47 vielesi
2309 4606 236 48 Trinken.

1841 4678 241 47 Indesisen
2111 4677 120 47 hebt
2257 4676 92 48 das
2376 4675 395 49 katarrhalische
2796 4674 259 53 Männlein
3082 4674 112 62 lang-

1714 4763 107 32 sam
1872 4750 91 45 mit
2012 4748 316 60 gespreizten
2382 4748 215 59 Fingern
2647 4747 82 46 die
3121 4754 98 39 von

1712 4820 176 45 seinen
1922 4817 186 47 Beinen
2142 4816 102 61 auf,
2277 4815 103 63 fegt
2408 4818 75 46 sie
2513 4815 164 48 neben
2707 4815 106 48 sich
2843 4814 90 49 auf
2960 4815 93 48 das
3083 4814 136 49 Sofa.

1712 4887 319 60 Schlurrend,
2071 4890 90 45 mit
2200 4886 298 65 geknickten
2542 4886 187 48 Beinen
2771 4885 123 61 geht
2929 4899 58 33 es
3023 4900 64 32 an
3128 4883 92 49 das

1717 4959 221 58 Fenster,
1988 4957 164 47 öffnet
2197 4972 52 33 es
2296 4959 90 46 mit
2433 4957 223 49 Knarren
2703 4956 102 46 und
2850 4955 134 47 sieht
3025 4957 51 46 in
3121 4955 98 46 den

1715 5026 389 50 Nachthimmel.

1839 5098 149 48 Seine
2025 5098 211 54 Stimme
2270 5095 161 62 klingt
2467 5095 247 64 geduldig
2751 5095 104 48 und
2894 5095 201 48 fromm.

1842 5167 115 61 „Ich
2004 5166 148 50 sollte
2196 5167 114 49 dich
2358 5166 135 48 nicht
2539 5166 240 59 anhören,
2829 5164 233 51 Elfriede.
3139 5165 80 46 Du

1716 5239 155 47 weißt
1919 5238 149 60 nicht,
2114 5253 109 32 was
2271 5238 67 46 du
2385 5237 231 61 sprichst.

1844 5310 138 45 Heut
2021 5310 62 46 ist
2120 5308 288 47 Neumond.
2478 5307 81 47 Du
2596 5306 252 48 verstehst

1845 5379 63 47 Er
1948 5379 117 64 sagt
2106 5377 120 49 das:
2273 5376 173 61 „Heut
2489 5379 64 46 ist
2949 5390 132 47 ganz
3120 5376 79 47 ein-

1717 5448 129 61 fach,
1886 5448 136 48 ohne
2061 5447 206 49 Pathos!.

1843 5519 139 60 „Das
2010 5518 203 59 Gemüt,
2240 5518 90 47 das
2357 5518 201 48 Gemüt.
2613 5517 165 48 Wenn
2805 5520 90 46 wir
2916 5516 93 48 das
3032 5515 194 53 Gemüt

1716 5590 159 46 bereit
1927 5586 184 62 halten,
2163 5588 166 50 haben
2380 5589 92 46 wir
2523 5587 122 49 alles!
2689 5590 169 58 getan.
2942 5586 167 49 Heute
3158 5587 67 53 ist

1718 5658 288 49 Neumond.
2069 5659 114 47 Von
2217 5661 149 46 innen
2401 5658 185 48 heraus!
2615 5658 169 47 werde
2815 5657 80 48 ich
2926 5656 122 48 alles
3079 5656 117 48 über-

1717 5730 219 48 winden.
2005 5729 114 46 Wie
2155 5729 79 48 ich
2272 5727 160 49 schon
2473 5727 214 49 manche
2726 5726 315 62 Bedrängnis
3079 5725 117 51 über-

1717 5800 221 47 wunden
1965 5799 144 47 habe.
2166 5798 117 48 Und
2308 5799 89 47 der
2623 5827 59 4 —
2706 5800 90 46 mit
2817 5795 187 50 einmal
3004 5795 4 62 1
3027 5796 198 61 schlägt

1718 5873 79 44 ein
1839 5869 284 48 Entzücken
2164 5871 47 46 in
2247 5870 168 47 seiner
2452 5868 207 48 Stimme
2698 5867 89 48 auf
2821 5867 103 47 und
2965 5865 234 51 Feierlich-

1717 5941 101 47 keit
1868 5969 74 31 —,
1994 5939 191 61 „siehst
2230 5939 70 47 du
2347 5953 57 32 es
2453 5937 171 48 nicht?
2705 5938 105 46 Das
2860 5936 189 48 Gemüt
3096 5936 127 48 wird

1717 6008 139 63 geölt
1903 6009 158 48 durCh
2110 6009 109 57 ihn;
2270 6011 55 45 es!
2371 6008 126 47 wird
2541 6006 233 49 behende
2822 6004 250 65 gemacht,
3116 6006 106 58 |und

1715 6080 138 47 dann
1902 6080 132 47 kann
2085 6088 57 39 es!
2188 6078 91 49 frei
2329 6081 256 58 springen,
2629 6079 52 47 in
2729 6077 82 47 die
2860 6076 128 60 Luft,
3038 6090 82 33 wo
3167 6089 56 50 jes

1719 6149 212 49 freiist.
2004 6149 77 48 Da
2121 6149 133 48 kann
2293 6163 56 34 es
2387 6149 87 49 hin
2513 6149 256 60 springen.
2838 6146 141 47 Oder
3019 6146 86 48 auf
3142 6145 81 54 die

1722 6216 177 54 Felder
1933 6220 125 47 oder
2093 6222 48 46 in
2176 6219 81 48 die
2295 6217 282 51 Kartoffeln
2613 6246 58 5 —
2705 6217 96 48 das!
2831 6218 64 47 ist
2929 6230 132 48 ganz
3092 6216 130 62 egal.

1722 6290 116 47 Und
1871 6290 129 47 noch
2036 6289 228 60 anderes,
2297 6290 49 59 ja
2381 6287 218 51 Elfriede
2616 6304 9 32 :
2656 6303 55 33 es
2744 6287 133 49 kann
2910 6287 314 60 zwitschern,

1717 6360 95 48 daä
1850 6359 204 60 Gemüt,
2095 6359 81 47 für
2212 6358 96 49 alle
2346 6359 94 49 alle
2474 6359 177 48 Ohren
2687 6361 184 58 zirpen,
2910 6357 313 59 zwitschern,

1720 6428 358 64 glaubwürdig

3484 75 108 48 Das
3636 75 139 49 LiCht
3818 70 224 64 flackert,
4084 74 83 47 die
4213 73 188 61 Lampe
4441 69 154 51 blakt.

3483 146 135 47 Aber
3650 144 77 48 alisi
3756 145 82 48 die
3871 144 351 48 bekümmerte
4251 143 172 48 blasse
4457 143 126 48 Frau
4616 143 78 48 ins
4727 141 138 48 Licht

3356 216 145 60 sieht,
3541 214 167 49 seufzt
3745 216 92 47 das
3879 214 274 49 Männlein.

3484 286 108 48 Dasi
3626 285 170 49 sanfte
3834 286 186 47 Wesen
4060 286 137 46 weht
4235 284 87 49 auf
4357 285 94 47 das
4488 282 260 49 Männlbin
4785 296 78 47 zu,

3356 357 175 48 bindet
3614 357 105 47 ihm
3808 357 144 46 einen
4024 356 244 59 braunen,
4341 354 87 49 sch
4434 369 47 32 w
4487 370 25 32 a
4518 369 22 32 r
4543 368 90 47 zge
4638 355 45 46 st
4688 368 65 46 op
4759 351 18 48 112
4780 355 48 46 te
4833 368 30 32 n

3356 426 227 62 Strumpf
3622 441 88 33 um
3753 427 100 46 den
3899 426 141 48 Hak
4045 426 3 63 (

3483 497 157 60 „Zieh
3677 496 116 49 dich
3832 511 157 33 warrn
4030 512 78 44 an,
4151 496 153 49 lieber
4341 495 170 50 Adolf.
4580 495 170 48 Nimm
4789 492 76 51 dir

3357 567 126 48 auch
3521 570 109 46 eine
3664 567 279 48 Leibbinde
3976 581 108 43 um;
4118 569 76 45 sie
4224 567 123 61 liegt
4378 566 92 49 auf
4500 566 201 50 deinem
4738 563 125 49 Bett.

3357 638 122 60 Ach,
3521 638 89 47 das
3653 638 149 60 lange
3843 636 309 48 Ausbleiben
4193 637 191 48 nachts.

3484 708 107 47 Das
3619 706 489 62 aufgeschwemmte
4135 706 263 49 liebevolle
4424 707 175 48 Nichts
4627 705 107 49 läßt
4760 704 104 48 sich

3357 793 99 33 von
3506 778 113 47 dem
3670 775 258 54 Männlein
3976 777 85 47 die
4111 777 181 46 Hände
4337 777 221 47 drücken
4608 775 103 49 und
4759 789 80 33 ver-

3356 848 282 49 schwindet
3687 863 90 32 aus
3825 848 114 46 dem
3990 848 234 47 Zimmer.

3484 935 131 46 Herr
3664 933 232 59 Gotting,
3945 929 158 50 Adolf
4149 931 231 60 Gotting,
4434 931 434 61 Privatgelehrter,

3357 1003 268 49 wohnhaft
3655 1002 410 49 Albrechtstraße
4099 1003 76 59 15,
4204 1003 109 45 drei
4342 1002 233 59 Treppen
4605 1001 148 58 hoch,
4782 1001 83 46 bei

3359 1075 129 46 Frau
3512 1071 229 50 Schülke.
3798 1071 266 49 Verfas'ser
4085 1075 140 44 einer
4247 1070 304 48 Geschichte
4575 1071 90 46 der
4688 1070 148 60 haupt-

3355 1142 287 56 sächlichen
3698 1142 176 49 Fehler
3921 1144 68 47 im
4041 1140 373 49 menschlichen
4470 1140 236 47 Handeln
4769 1141 96 46 seit

3353 1215 117 47 dem
3504 1213 296 49 Sündenfall
3831 1213 82 49 bis!
3942 1228 88 32 zur
4062 1212 327 61 Gegenwart,
4421 1209 188 61 Verlag
4637 1209 227 48 SChultze

3357 1285 103 47 und
3488 1282 279 63 Velhagen,
3799 1283 162 49 Berlin
3991 1280 719 60 neunzehnhünclertunddrei,
4739 1279 101 48 drei-

3357 1354 624 61 hundertundsiebendzig
4043 1352 319 60 Querseiten,
4425 1351 274 61 gebunden
4762 1351 104 46 vier

3357 1424 162 60 Mark,
3560 1423 236 62 Mitglied
3838 1424 253 47 mehrerer
4132 1422 242 49 fromfrier
4416 1422 228 46 Vereine.
4700 1419 132 49 Grün-

3353 1492 123 51 dete
3540 1494 81 49 die
3684 1494 125 48 freie
3860 1492 382 52 Brüderschaft:
4650 1489 216 55 iarbeitet

3358 1562 400 64 augenblicklich
3803 1564 123 47 über
3969 1564 144 59 „Dasl
4154 1565 173 45 innere
4370 1561 166 49 Leben
4578 1560 106 47 und
4725 1561 139 46 seine

3357 1632 315 63 körperliche
4147 1634 63 46 Er
4240 1632 122 61 geht
4391 1633 120 60 jetzt
4539 1632 67 47 im
4638 1630 227 48 dicksten

3360 1702 216 62 Dunkel,
3613 1704 263 48 schweren
3916 1703 176 61 Nebel,
4133 1703 87 48 auf
4257 1703 116 47 dem
4412 1700 132 48 Wall
4582 1701 90 47 der
4708 1699 156 49 Stadt.

3361 1776 63 45 Er
3467 1774 123 62 geht
3630 1775 279 60 sipazieren,
3955 1771 118 49 weil
4112 1788 55 32 er
4211 1773 203 47 Denker
4455 1773 78 47 ist.
4609 1771 63 46 Er
4714 1770 151 60 weiß,

3359 1844 98 47 daß
3505 1859 53 33 er
3602 1843 203 48 Denker
3848 1846 86 54 ist;
3980 1844 139 47 seine
4166 1842 128 48 Frau
4337 1842 131 47 weiß
4513 1856 54 32 es
4611 1838 150 50 nicht.

3485 1914 103 47 Der
3654 1913 275 62 gedrückte
3997 1913 161 48 kleine
4216 1913 130 46 Herr
4398 1911 123 61 geht
4572 1913 146 45 unter
4768 1910 97 47 den

3357 1984 292 48 schwarzen
3678 1983 182 47 Ulmen
3888 1983 103 47 und
4016 1983 148 61 preßt
4188 1985 108 45 sein
4323 1980 352 49 Taschentuch
4699 1995 166 46 gegen

3358 2054 163 48 Mund
3551 2053 106 49 und
3691 2053 152 50 Näsle.
3909 2054 63 46 Er
4003 2055 62 46 ist
4096 2052 115 48 kein
4242 2051 347 61 Spaßdenker,
4621 2050 142 47 mehr
4794 2046 75 52 als

3360 2127 78 45 ein
3469 2124 217 60 Denker,
3716 2125 79 46 ein
3826 2123 310 59 Verkünder,
4165 2123 81 48 ein
4274 2120 171 62 Seher,
4473 2120 90 48 der
4589 2121 140 47 sieine
4758 2120 110 49 Zeit

3358 2194 261 48 abwartet.
3699 2194 64 46 Er
3804 2191 289 50 schlendert
4136 2190 267 63 behaglich
4451 2191 104 48 und
4601 2190 131 61 froh,
4777 2191 92 47 mit

3359 2267 136 45 einer
3547 2265 255 60 gewissen
3854 2262 309 57 Sehnsucht;
4214 2277 56 32 er
4322 2263 178 46 nimmt
4548 2262 93 46 mit
4692 2263 173 46 seinen

3358 2332 198 51 kleinen
3588 2334 180 61 Augen
3801 2333 281 48 Gedanken
4113 2343 100 37 von
4243 2331 99 48 den
4374 2331 226 52 Bäumen
4631 2330 237 48 herunter

3359 2406 98 46 wie
3500 2402 194 64 Aepfel.
3771 2403 97 47 Die
3910 2391 150 72 JaTire
4101 2401 115 49 sind
4252 2402 54 61 ja
4348 2401 190 60 vorbei,
4579 2415 86 33 wo
4707 2401 160 47 etwas

3361 2473 227 61 Bitteres,
3633 2473 291 48 Schwarzes
3969 2472 163 49 neben
4178 2472 96 48 den
4321 2471 183 47 Ulmen
4546 2471 109 47 hier
4696 2469 170 61 kroch,

3359 2544 211 60 abends,
3603 2544 104 47 und
3741 2544 82 48 die
3856 2543 183 47 Hände
4074 2542 323 48 ausstreckte.
4461 2541 121 47 Man
4614 2554 107 34 war
4753 2539 113 61 still,

3359 2629 150 33 wenn
3546 2629 56 32 er
3640 2613 186 60 redete,
3867 2613 121 47 aber
4024 2610 120 50 bald
4181 2611 220 49 kicherte
4439 2626 117 33 man
4595 2610 106 49 und
4736 2610 129 48 stieß

3359 2684 105 48 sich
3517 2699 77 33 an.
3676 2683 118 48 Und
3844 2683 91 48 das
3989 2682 209 49 Gucken
4245 2682 109 48 und
4402 2681 311 56 Quietschen
4759 2680 108 47 lund

3360 2753 354 49 unterdrückte
3757 2750 283 63 Gelächter,
4082 2767 149 33 wenn
4274 2752 96 47 das!
4409 2751 317 47 Alräunchen
4766 2753 78 50 ein-

3362 2826 143 59 tönig
3543 2825 144 46 seine
3727 2824 159 47 Lehre
3926 2823 236 60 hersang,
4202 2823 140 47 seine
4383 2819 483 61 Bußsalbadereien,

3360 2897 90 45 mit
3490 2894 98 47 den
3628 2891 183 64 langen
3853 2893 185 47 Armen
4081 2891 254 61 fuchtelte,
4372 2891 237 64 plötzlich
4647 2890 220 49 abbrach

3361 2965 103 47 und
3514 2967 132 46 starr
3694 2966 51 47 in
3799 2963 97 48 den
3951 2963 143 49 Lärm
4145 2962 334 49 hineinhörte.
4562 2962 76 46 Zu
4691 2961 176 47 Hause

3359 3035 278 47 versteckte
3670 3049 53 33 es
3754 3034 106 48 sich
3893 3034 135 46 dann
4059 3033 105 47 und
4196 3047 127 33 sann
4353 3032 125 48 über
4507 3032 97 48 dasi
4633 3030 233 49 Gebaren

3361 3105 89 47 der
3478 3105 155 47 Leute
3660 3104 141 47 nach.
3862 3104 108 47 Das!
3993 3103 316 48 verdüsterte
4335 3100 316 53 Alräunchen
4678 3101 189 49 konnte

3362 3176 79 47 die
3500 3174 279 48 Menschen
3834 3173 136 48 dann
4031 3173 202 60 hassen,
4292 3172 181 48 drohte
4526 3172 170 59 ihnen,
4754 3172 116 46 aber

3363 3245 232 50 erschrak
3639 3242 117 50 bald
3799 3244 126 47 über
3967 3245 174 46 seinen
4187 3243 312 51 Rachedurst
4538 3242 107 48 und
4685 3243 181 46 weinte

3361 3313 322 61 verzweifelt,
3720 3313 112 48 weil
3866 3314 104 47 ihm
4009 3313 129 48 doch
4173 3313 84 47 die
4293 3312 141 49 Kraft
4467 3311 136 50 nicht
4636 3311 231 61 gegeben

3361 3400 118 33 war.

3491 3455 152 48 Eines
3674 3455 166 60 Tages
3874 3450 124 51 iber
4031 3454 126 47 wird
4192 3455 79 46 ein
4304 3452 229 47 Wunder
4565 3450 302 63 geschehen,

3363 3526 175 46 darum
3570 3523 200 49 sChleift
3796 3539 56 32 es
3881 3525 119 59 jetzt
4025 3522 334 61 sehnsüchtig
4386 3525 145 45 unter
4558 3522 98 48 den
4687 3521 181 47 Ulmen

3363 3598 49 44 in
3464 3596 92 46 der
3605 3594 166 48 Sturm
3778 3593 314 58 wiindnaCht;
4147 3593 65 48 da
4267 3593 203 47 werden
4520 3593 75 49 sie
4648 3589 220 68 glauben

3363 3665 102 47 und
3495 3664 136 49 nicht
3660 3660 235 65 spötteln.
3927 3693 58 4 —
4016 3664 76 46 An
4123 3664 162 47 einem
4315 3664 349 60 angststarren
4694 3660 179 50 Abend

3363 3737 63 46 ist
3465 3735 105 47 ihm
3611 3735 94 47 das
3749 3749 88 32 zur
3877 3733 293 49 Gewißheit
4208 3732 297 62 geworden.
4564 3733 114 46 Von
4720 3735 150 46 innen

3364 3807 186 45 heraus
3589 3802 125 50 wird
3753 3819 55 33 es
3850 3803 84 49 ihn
3974 3800 268 64 ergreifen,
4281 3802 268 60 berühren,
4589 3816 150 34 wenn
4778 3798 92 51 das

3365 3875 189 48 Gemüt
3591 3874 109 50 sich
3742 3873 130 49 hoch
3913 3888 174 52 genug
4125 3874 208 61 gestaut
4369 3872 113 58 hat;
4522 3886 56 34 es
4618 3871 128 48 wird
4785 3870 85 50 ihn

3363 3945 341 60 verwandeln,
3740 3959 56 33 er
3832 3944 132 49 weiß
4001 3943 162 50 sielbst
4200 3943 136 47 nicht
4373 3943 111 48 wie.
4537 3942 151 48 Seine
4723 3941 147 48 Arme

3364 4015 205 47 werden
3603 4014 135 48 nidht
3769 4013 142 49 mehr
3943 4014 154 59 dünn,
4131 4013 121 62 lang
4283 4015 101 46 wie
4413 4012 294 48 Affenarme
4738 4012 132 57 stein;

3364 4087 141 46 seine
3544 4084 207 48 Stimme
3793 4084 135 48 nicht
3965 4084 146 47 mehr
4150 4083 261 49 krächzen.
4484 4084 90 46 Ein
4616 4080 230 64 Heiligen-

3364 4155 172 48 schein
3589 4156 125 45 wird
3766 4155 124 47 über
3937 4156 193 46 seinem
4186 4153 168 64 Kopfe
4401 4153 193 48 stehen.
4647 4181 58 5 —

3491 4237 242 61 „Hailoh,
3752 4238 96 47 der
3865 4237 169 62 Segen
4059 4237 182 48 Gottes
4264 4239 93 46 mit
4373 4236 82 48 dir
4473 4235 108 49 und
4599 4235 99 54 alle
4715 4237 158 67 jguten

3700 4307 93 48 Die
3838 4305 165 50 kleine
4052 4305 374 62 Brüderschaft,
4473 4306 216 49 ehrbare
4730 4303 143 68 jdicke

3366 4378 103 48 und
3517 4378 176 48 dünne
3741 4377 231 61 Männer,
4020 4377 180 48 erhebt
4248 4377 107 48 sich
4402 4388 93 36 vor
4542 4376 157 50 ihrem
4750 4377 95 46 Vor-

3363 4449 263 48 sitzenden
3663 4449 51 47 in
3753 4448 90 46 der
3882 4447 260 62 niedrigen
4180 4447 228 47 Schenke
4448 4461 79 33 am
4567 4444 148 51 Wall.

3492 4517 82 50 Sie
3612 4518 194 48 trinken
3844 4518 142 47 Most
4022 4532 91 33 aus
4153 4515 369 62 Holzbechern,
4558 4518 201 62 preisen
4794 4515 80 50 die

3366 4586 341 51 unsterbliche
3742 4587 157 49 Seele.
3970 4589 118 47 Eins
4125 4587 190 62 spricht
4349 4587 129 51 nach
4513 4587 116 49 dem
4666 4586 207 50 andern.

3368 4656 111 50 Alle
3518 4658 162 49 Güter
3717 4660 207 46 müssen
3963 4657 176 62 geteilt
4175 4657 223 60 werden,
4436 4657 105 48 und
4579 4657 93 48 das
4710 4657 165 47 Törten

3365 4735 103 41 v'on
3514 4730 180 47 Tieren
3739 4730 68 47 ist
3853 4728 167 60 Mord,
4070 4728 105 47 und
4215 4741 152 33 wenn
4413 4742 118 33 man
4576 4726 138 50 nicht
4756 4725 120 49 bald

3369 4802 49 46 in
3455 4799 108 48 siCh
3602 4799 139 66 geht,
3779 4797 137 49 steht
3952 4798 91 48 der
4079 4796 427 66 Weltuntergang
4543 4797 173 49 bevor.

3494 4868 81 50 Sie
3606 4869 193 49 trinken
3831 4869 154 49 Most.
4047 4870 52 46 In
4130 4869 97 47 den
4255 4867 245 64 plumpen
4528 4867 348 62 schmutzigen

3369 4940 220 47 Händen
3618 4937 169 50 halten
3812 4942 76 46 sie
3911 4937 380 63 blaugeheftete
4318 4938 215 60 Gebete,
4558 4940 181 60 singen
4767 4934 109 64 „ich

3368 5010 149 60 weiß,
3551 5009 102 48 daß
3689 5011 134 46 mein
3861 5009 201 48 Erlöser
4288 5008 103 48 und
4424 5023 54 33 er
4508 5010 67 46 ist
4606 5007 147 60 nahe,
4787 5007 89 48 mit

3370 5082 136 46 einer
3550 5078 257 50 Fußsohle
3847 5078 134 50 steht
4017 5095 56 32 er
4112 5078 159 49 schön
4313 5077 88 48 auf
4438 5078 90 47 der
4569 5078 144 48 Erde.

3494 5150 82 49 Sie
3614 5150 218 48 rauchen
3869 5163 96 36 ausi
4003 5147 182 63 langen
4222 5148 291 48 schwarzen
4556 5146 195 49 Pfeifen
4788 5148 88 48 mit

3368 5218 376 64 Totenköpfen,
3793 5220 235 61 qualmen
4075 5219 174 60 heftig.

3497 5291 91 48 Ein
3628 5290 305 61 gedrücktes
3970 5286 258 55 Männlein
4269 5289 90 47 mit
4398 5288 475 61 verschrumpeltem

3362 5358 191 69 gelben
3607 5360 224 60 Gesicht,
3880 5359 337 47 entzündeten
4270 5357 181 61 Augen
4504 5358 105 47 und
4660 5356 214 64 rascher,

3369 5431 217 48 weicher
3611 5431 209 47 Stimme
3845 5428 136 48 steht
4008 5443 62 33 an
4096 5430 139 45 einer
4263 5427 130 48 Ecke
4419 5427 91 49 des
4535 5427 212 49 Tisches
4772 5426 103 60 auf,

3369 5503 89 46 mit
3497 5502 262 59 geröteten
3798 5500 250 59 Wangen.

3497 5585 67 46 Es
3616 5583 101 47 ruft
3769 5586 48 45 in
3871 5584 90 46 das
4016 5584 196 58 erregte
4263 5581 366 52 Gläserklirren
4682 5582 191 57 hinein;

3370 5654 98 48 daß
3514 5654 90 48 der
3648 5653 222 60 Prophet
3912 5652 130 47 nahe
4083 5655 92 57 sei,
4215 5652 102 49 daß
4360 5653 91 49 der
4489 5656 265 46 erwartete
4796 5651 80 49 die

3372 5722 360 63 Ungläubigen
3771 5723 375 47 niederstürzen
4185 5723 188 61 werde,
4412 5723 188 49 Völker
4637 5724 105 48 und
4781 5724 64 48 Kö-

3370 5797 116 58 nige
3532 5794 102 47 und
3681 5793 204 48 Brüder.
3963 5793 62 47 Er
4069 5795 172 46 müsse
4283 5794 242 48 kommen
4567 5793 137 50 bald.
4778 5793 98 47 Der

3367 5865 131 49 süße
3538 5863 167 48 Trank
3746 5862 224 61 beselige
4013 5878 68 34 es.
4155 5865 69 46 Im
4266 5864 173 48 Stillen
4479 5864 131 48 habe
4650 5864 93 48 das
4783 5863 62 47 Zu-

3368 5934 233 61 künftige
3640 5933 109 50 siCh
3792 5934 317 60 vorbereitet,
4152 5932 277 63 gleichsam
4473 5939 98 46 wie
4611 5934 94 49 das
4748 5931 128 52 Kind

3371 6007 47 46 in
3452 6006 137 46 einer
3618 6004 398 61 Schwangeren;
4051 6018 104 34 wer
4186 6006 168 59 wisse,
4386 6006 50 48 in
4467 6002 243 51 welchem
4743 6002 132 51 Leid.

3373 6076 67 46 Es
3484 6074 280 48 versichere
3810 6074 86 48 die
3943 6073 204 60 Brüder,
4195 6089 56 36 es
4297 6077 72 45 sei
4416 6089 76 34 so.
4570 6074 103 48 Der
4717 6072 159 64 große

3372 6142 152 64 Krieg
3556 6145 171 47 werde
3758 6143 329 61 ausbrechen,
4118 6146 51 46 in
4202 6145 116 47 dem
4350 6143 81 50 die
4463 6144 279 49 Menschen
4773 6140 102 52 sich

3368 6216 321 63 gegenseitig
3720 6215 315 57 vernichten;
4066 6214 161 48 schon
4259 6216 77 47 sei
4365 6216 82 49 die
4478 6216 282 62 Spannung
4791 6210 85 54 auf

3373 6286 164 46 Erden
3592 6285 135 48 nicht
3778 6285 143 47 mehr
3973 6299 59 33 zu
4084 6287 240 60 steigern,
4373 6285 161 49 schon
4587 6287 162 46 starre
4792 6280 84 69 (die

3369 6354 137 50 Welt
3539 6359 48 46 in
3624 6356 247 66 Rüstung,
3906 6355 103 48 und
4042 6370 94 33 nur
4166 6356 86 48 die
4285 6354 366 66 Friedfertigen
4680 6354 196 50 blieben

3368 6426 163 60 übrig.
3603 6427 53 47 In
3694 6426 100 51 den
3833 6425 218 49 Wolken
4089 6425 186 49 stünde
4313 6425 160 49 schon
4512 6425 90 49 der
4643 6420 229 61 Heiland,
