3490 4432
1699 140 112 52 410

140 287 442 69 Zusammenhange
625 283 121 55 nach
790 283 153 53 einem
972 282 331 73 Mittelpunkte
1346 286 82 51 hin
1462 286 97 52 und
1598 285 118 51 wird

137 390 89 32 von
256 370 175 49 diesem
460 385 83 33 aus
573 367 239 51 bestimmt
841 365 97 51 und
968 363 292 54 beherrscht.
1311 369 101 48 Der
1443 366 273 67 Componist

136 451 109 52 darf
268 466 153 52 gegen
450 447 73 51 die
555 447 238 66 Ordnung
832 446 147 50 dieses
1011 447 421 50 mathematischen
1463 446 221 67 Grundge-

139 539 141 44 setzes
311 530 167 51 keinen
510 529 212 49 Verstoss
753 525 234 70 begeben,
1019 529 123 49 ohne
1174 527 80 51 das
1285 526 291 51 musicalisch
1600 529 77 47 Em-

140 610 234 70 pfundene
403 607 117 51 oder
549 607 72 50 die
644 606 323 51 Notenschrift
993 625 59 32 zu
1081 607 255 51 entstellen.
1365 606 167 50 Dieses
1553 606 163 50 innere

139 689 386 52 mathematische
555 686 323 69 Grundgesetz
907 687 57 50 ist
1000 689 148 48 nichts
1176 686 540 51 Zusammenraffmirtes

139 770 114 51 oder
296 769 85 50 mit
421 767 85 51 der
539 767 103 50 Zeit
684 774 95 43 erst
821 767 263 51 allmählich
1113 765 602 68 Zustandegekommenes;

137 851 127 59 nein,
295 866 47 33 es
363 850 59 49 ist
445 865 157 51 genau
624 847 122 51 eben
769 865 49 33 so
842 849 79 58 alt,
951 849 67 48 als
1042 846 72 51 die
1136 846 271 67 Erfindung
1430 846 85 51 der
1537 849 149 48 Noten-

140 930 163 49 schrift
329 927 169 52 selber.
548 930 102 48 Der
678 935 121 43 erste
832 926 288 67 Componist,
1151 925 84 51 der
1264 932 121 44 erste
1414 927 271 50 Noten-Auf-

140 1009 243 52 schreiber
413 1016 175 42 musste
619 1026 48 32 es
699 1009 141 49 schon
873 1007 199 59 kennen,
1117 1014 127 43 sonst
1275 1007 126 50 hätte
1432 1024 50 33 er
1513 1024 47 32 es
1590 1007 129 50 nicht

140 1089 263 52 anwenden
435 1087 96 51 und
559 1089 156 49 Noten
761 1086 326 51 aufschreiben
1132 1086 188 50 können
1355 1103 104 33 zum
1495 1086 189 50 Wieder-

140 1169 311 50 verständniss
483 1169 81 48 für
593 1167 202 51 Andere.

275 1249 194 59 „Wenn
501 1247 82 51 der
607 1247 287 66 Componist,
924 1246 88 50 wie
1042 1246 87 50 wir
1157 1245 121 51 eben
1308 1246 206 67 gesehen
1545 1245 171 60 haben,

140 1346 84 35 aus
254 1329 92 50 den
376 1331 164 48 Tönen
570 1329 171 48 heraus
779 1326 120 51 nach
943 1326 152 50 einem
1133 1326 299 51 bestimmten
1463 1326 218 67 Grundge-

140 1416 123 42 setze
292 1409 75 49 die
396 1410 154 48 Noten
579 1406 385 59 hervorbrachte,
995 1423 50 31 so
1076 1406 81 50 hat
1185 1424 95 32 nun
1312 1406 85 50 der
1418 1406 268 48 Elementar-

140 1487 273 51 unterricht
437 1487 132 50 keine
593 1486 174 51 andere
790 1485 222 67 Aufgabe
1037 1486 64 50 als
1125 1485 91 60 die,
1246 1484 470 52 rückwärtsführend

140 1585 156 51 genau
327 1569 118 48 nach
476 1567 121 50 eben
628 1566 271 50 demselben
932 1566 351 66 Grundgesetze
1325 1583 82 33 aus
1438 1565 89 49 den
1557 1566 156 48 Noten

142 1649 172 48 heraus
344 1646 74 50 die
449 1649 130 48 Töne
624 1645 176 51 wieder
841 1663 104 31 zum
977 1645 259 49 Vorschein
1278 1664 54 30 zu
1362 1645 214 67 bringen.
1625 1645 91 48 Die

142 1726 251 51 äusserlich
423 1726 238 51 sichtbare
691 1727 145 49 Form
877 1725 92 49 will
1012 1724 177 50 wieder
1216 1725 376 66 zurückgeführt
1619 1725 97 48 sein

140 1807 47 50 in
217 1806 211 51 dasselbe
459 1806 208 50 hörbare
696 1805 184 60 Urbild,
912 1821 84 33 aus
1026 1805 229 49 welchem
1285 1805 64 48 sie
1379 1804 210 68 geboren
1621 1804 67 49 ist.

271 1886 236 57 „Warum
537 1886 58 50 ist
624 1885 84 49 der
738 1885 267 49 mündliche
1029 1885 270 49 Unterricht
1322 1884 151 49 dieser
1495 1882 221 69 Aufgabe

139 1966 127 50 nicht
296 1965 318 67 gewachsen?

271 2046 159 56 „Weil
460 2063 51 31 er
540 2045 128 49 nicht
697 2044 187 49 direct
913 2044 96 49 und
1040 2044 322 58 unmittelbar,
1406 2042 203 51 sondern
1640 2044 51 48 in-

141 2124 191 52 direct
362 2125 95 49 und
488 2125 237 51 mittelbar
753 2125 224 48 verfährt.

277 2205 117 58 „Die
423 2207 156 49 Noten
624 2204 101 50 sind
766 2205 102 48 fürs
898 2204 137 67 Auge
1081 2202 61 50 da
1186 2202 94 50 und
1322 2202 73 50 die
1442 2204 132 49 Töne
1617 2204 100 47 fürs

145 2284 119 49 Ohr.
296 2284 146 49 Beide
471 2284 367 58 Bestandteile,
875 2282 96 50 und
1000 2282 82 50 das
1113 2282 56 49 ist
1198 2282 151 50 meine
1379 2281 125 60 Idee,
1543 2285 174 46 müsste

144 2361 84 51 der
257 2364 272 49 Unterricht
567 2381 87 32 von
695 2380 113 32 vorn
847 2362 160 49 herein
1038 2362 44 49 in
1113 2361 139 50 Eines
1282 2378 270 33 zusammen
1583 2361 133 66 legen

144 2442 95 50 und
268 2460 269 33 zusammen
568 2442 283 59 behandeln,
897 2441 145 50 damit
1085 2441 65 48 sie
1190 2440 85 49 der
1306 2441 197 48 Schüler
1542 2441 149 66 gleich-

145 2521 98 50 falls
272 2539 269 33 zusammen
572 2521 212 67 begriffe.
822 2522 99 47 Der
950 2519 271 52 Unterricht
1250 2522 173 47 müsste
1453 2521 137 65 Auge
1619 2519 96 49 und

144 2601 106 50 Ohr
271 2601 208 67 zugleich
506 2602 250 50 hinlenken
780 2601 85 50 auf
879 2601 159 48 seinen
1065 2599 317 68 Gegenstand,
1406 2600 89 48 wie
1518 2616 52 32 er
1590 2600 100 48 sinn-

145 2681 86 50 lich
257 2681 373 51 wahrnehmbar
659 2681 55 50 ist
743 2681 45 48 in
812 2682 129 47 einer
964 2680 189 66 innigen
1178 2679 339 67 Vereinigung,
1541 2680 148 66 gleich-

145 2761 88 50 wie
277 2779 51 32 er
370 2761 105 50 dort
515 2762 44 49 in
601 2762 83 50 der
723 2761 133 50 Seele
898 2760 80 49 des
1010 2760 333 67 Componisten
1386 2759 329 68 ursprünglich

144 2841 167 68 geistig
339 2841 271 51 vorhanden
649 2858 115 33 war.
819 2842 117 56 Das,
983 2856 97 33 was
1124 2839 73 50 die
1242 2839 323 67 Anschauung
1608 2839 105 49 dem

150 2921 140 66 Auge
319 2936 60 33 an
409 2921 225 48 Diensten
677 2920 167 57 leistet,
884 2922 173 45 müsste
1087 2917 211 66 zugleich
1330 2917 119 49 auch
1482 2917 101 49 fürs
1613 2917 106 49 Ohr

148 3000 85 49 mit
273 2999 369 68 bewerkstelligt
684 2997 207 51 werden.
948 3000 141 47 Dann
1131 2996 165 50 würde
1340 2996 75 50 die
1459 2996 261 50 natürliche

151 3079 479 67 Verbindungskette,
656 3079 176 49 welche
856 3077 73 50 die
954 3076 474 67 Sinnesthätigkeiten
1457 3084 138 42 unter
1623 3076 96 48 sich

149 3157 185 59 ordnet,
366 3159 83 48 mit
478 3159 150 48 einem
658 3157 226 68 geringen
908 3155 266 51 Aufwände
1205 3173 58 31 an
1291 3156 262 48 Denkkraft
1575 3156 145 48 schon

150 3236 309 50 ausreichend
482 3237 113 59 sein,
619 3237 89 49 den
733 3235 300 67 Gegenstand
1056 3253 102 31 zum
1183 3235 223 66 geistigen
1430 3235 290 67 Eigenthum

150 3316 80 48 des
261 3316 271 66 Anfängers
567 3334 54 30 zu
664 3316 213 50 machen.
935 3316 61 47 So
1040 3317 127 46 wäre
1211 3314 81 49 der
1335 3314 271 50 Unterricht
1647 3314 74 49 ein

153 3395 254 49 directer
445 3395 95 49 und
582 3395 466 57 unmittelbarer,
1086 3394 106 48 weil
1222 3394 83 49 der
1332 3395 199 48 Schüler
1561 3394 160 48 mitten

154 3474 70 49 ins
256 3474 224 50 Centrum
526 3474 84 49 der
650 3474 152 49 Sache
845 3471 353 67 hineingeführt
1240 3471 302 51 würde-und
1588 3471 133 50 keine

154 3552 207 50 anderen
390 3554 147 49 Mittel
570 3552 94 50 und
696 3552 161 50 Kräfte
901 3550 294 51 aufzubieten
1240 3551 242 59 brauchte,
1527 3551 65 48 als
1631 3566 90 33 nur

151 3632 174 59 solche,
355 3634 85 49 auf
464 3634 176 49 welche
670 3634 80 48 ihn
780 3632 72 49 die
882 3632 152 49 Natur
1063 3631 240 50 hinweis't.

283 3712 96 58 „W
384 3729 49 33 as
456 3712 104 50 thut
583 3712 216 66 dagegen
822 3710 84 49 der
922 3709 267 49 mündliche
1205 3709 304 49 Unterricht?
1533 3707 186 51 Gerade

150 3790 83 51 das
264 3792 291 65 Gegentheil.
586 3794 70 47 Er
682 3798 158 43 trennt
869 3790 74 48 die
972 3791 122 48 Note
1124 3806 103 32 vom
1259 3791 147 56 Tone,
1438 3789 155 49 macht
1623 3790 94 48 also

149 3871 103 50 eine
276 3871 133 50 Kluft
430 3872 228 49 zwischen
689 3870 186 58 beiden,
906 3869 73 49 die
1007 3869 97 49 sich
1134 3885 80 32 um
1245 3885 49 33 so
1326 3869 161 48 weiter
1517 3867 200 60 aufthut,

141 3950 48 66 je
220 3951 136 48 mehr
379 3951 127 50 Platz
536 3968 51 31 er
615 3950 152 51 selber
789 3949 258 50 einnimmt.
1077 3949 165 48 Durch
1266 3947 83 50 das
1371 3947 317 50 Auseinander-

148 4030 172 49 reissen
360 4030 170 49 zweier
570 4046 92 50 eng
699 4045 270 33 zusammen
1012 4027 260 68 gehörigen
1301 4026 162 50 Theile
1492 4026 224 50 verlieren

148 4107 124 51 diese
295 4110 101 49 ihre
421 4109 351 68 gegenseitigen
788 4106 478 67 Verbindungsfäden
1289 4105 96 49 und
1406 4105 189 51 sterben
1618 4106 72 50 ein-

146 4189 98 49 zeln
275 4189 73 50 ab.
380 4191 90 48 Die
492 4189 319 50 Notenschrift
840 4189 119 48 steht
990 4187 148 50 daher
1166 4204 83 33 vor
1278 4185 107 51 dem
1415 4185 298 51 mündlichen

1790 287 586 52 Unterrichts-Verfahren
2407 289 65 49 als
2495 287 101 51 eine
2619 286 130 51 todte
2771 286 339 62 Bilderschrift,
3142 287 94 52 und
3268 306 96 36 nun

1791 374 110 52 erst,
1946 367 231 51 nachdem
2218 369 83 49 der
2342 366 267 52 mündliche
2638 366 273 52 Unterricht
2956 369 171 49 einmal
3157 369 83 50 das
3272 371 64 50 Un-

1793 449 130 48 recht
1964 447 82 51 der
2077 449 270 66 Scheidung
2388 447 249 69 begangen
2681 446 98 65 hat,
2823 466 98 32 nun
2952 456 92 42 erst
3075 449 81 50 hat
3184 466 52 33 er
3265 450 102 51 eine

1791 527 293 68 gegründete
2114 529 226 58 Ursache,
2371 545 59 33 an
2460 529 175 49 seinem
2667 529 154 49 Platze
2859 546 55 31 zu
2947 527 204 60 bleiben,
3196 530 171 51 vorher

1793 609 126 49 hatte
1950 626 50 32 er
2028 611 65 47 sie
2124 609 148 57 nicht;
2304 626 94 31 nun
2422 615 94 42 erst
2538 607 289 51 übernimmt
2849 625 51 33 er
2923 607 73 51 die
3022 609 344 67 Ehrenpflicht,

1791 687 81 51 das
1896 687 338 51 Verschuldete
2260 687 245 68 möglichst
2526 687 177 51 wieder
2732 696 84 60 gut
2843 708 55 30 zu
2928 689 196 49 machen
3155 689 96 49 und
3282 690 54 51 da-

1792 769 80 48 für
1912 770 149 65 Sorge
2102 786 55 31 zu
2194 776 184 59 tragen,
2421 766 104 51 dass
2566 769 81 58 sie,
2690 769 72 49 die
2806 769 335 59 Notenschrift,
3189 769 177 50 wieder

1790 866 105 32 zum
1924 849 163 49 Leben
2119 849 204 48 erweckt
2365 846 171 51 werde.
2592 850 248 49 Natürlich
2883 850 57 48 ist
2975 849 124 49 diese
3142 849 222 67 Aufgabe

1793 929 79 48 für
1901 929 80 48 ihn
2013 927 214 59 Endziel;
2279 927 95 50 und
2403 927 147 50 dieses
2580 927 191 51 Endziel
2803 948 53 31 zu
2888 930 259 58 erreichen,
3179 927 111 52 darf
3311 948 51 31 er

1791 1007 126 50 nicht
1945 1026 53 31 zu
2023 1009 158 66 jenem
2213 1006 292 51 natürlichen
2538 1006 94 50 und
2662 1006 207 52 directen
2891 1010 147 48 Mittel
3061 1007 276 69 zurückgrei-

1793 1087 91 59 fen,
1927 1105 48 32 es
2004 1087 164 50 würde
2202 1087 51 68 ja
2296 1094 125 43 sonst
2464 1086 125 50 seine
2618 1086 218 51 Existenz
2867 1089 251 67 gefährdet
3145 1089 124 57 sein;
3314 1106 48 33 es

1793 1167 145 50 bleibt
1980 1167 95 50 ihm
2120 1184 90 32 nur
2253 1166 156 67 übrig,
2453 1166 94 50 sich
2590 1184 57 32 an
2688 1167 113 49 zwei
2844 1167 258 52 künstliche
3131 1169 148 49 Mittel
3309 1186 53 32 zu

1792 1247 170 50 halten.

1922 1329 169 57 „Eines
2120 1326 151 50 dieser
2310 1325 289 49 künstlichen
2630 1325 149 51 Mittel
2823 1326 55 50 ist
2921 1326 74 51 die
3032 1329 331 49 Reflexion.

1791 1406 157 59 Diese,
1999 1406 73 50 die
2119 1414 125 40 sonst
2291 1412 110 42 stets
2440 1423 79 33 um
2569 1405 134 48 einen
2751 1406 174 50 Schritt
2972 1407 390 51 zurückzutreten

1792 1486 159 66 pflegt,
1975 1486 76 59 da,
2074 1503 74 33 wo
2172 1486 102 50 eine
2298 1485 428 67 Sinnesthätigkeit,
2751 1485 88 49 wie
2863 1486 81 50 das
2968 1487 137 68 Auge
3136 1487 114 50 oder
3281 1487 82 51 das

1791 1566 121 59 Ohr,
1945 1567 81 49 mit
2055 1566 150 50 einem
2237 1566 72 48 ihr
2338 1566 301 48 verwandten
2671 1566 332 67 Gegenstande
3033 1567 44 50 in
3108 1567 219 51 Wechsel-

1790 1646 217 66 wirkung
2036 1654 150 40 treten
2218 1645 109 57 will,
2368 1645 63 49 sie
2462 1661 125 33 muss
2615 1644 95 50 sich
2743 1645 101 49 hier
2872 1664 152 48 gegen
3055 1647 87 50 alle
3173 1646 186 51 übliche

1792 1725 313 49 Gewohnheit
2149 1725 334 57 herbeilassen,
2524 1725 73 49 die
2627 1724 320 50 Bilderschrift
2982 1726 85 50 der
3098 1727 155 49 Noten
3284 1727 86 49 auf

1791 1805 196 66 gewisse
2030 1804 204 68 Begriffe
2277 1804 427 50 zurückzuführen.
2755 1805 63 49 Es
2862 1804 120 52 wird
3028 1805 105 51 dem
3166 1806 200 50 Schüler

1790 1904 35 30 z.
1858 1886 51 48 B.
1951 1891 192 61 gesagt:
2191 1885 141 48 Diese
2375 1886 121 48 Note
2539 1884 100 49 hier
2682 1884 140 50 heisst
2860 1904 24 32 c
2933 1885 95 49 und
3074 1885 124 49 diese
3241 1885 60 51 da
3331 1887 47 65 f

1791 1983 44 31 u.
1866 1981 34 33 s.
1933 1983 56 30 w.
2018 1965 141 49 Diese
2187 1964 248 50 scheinbar
2464 1964 307 67 unschuldige
2787 1966 294 67 Benennung
3113 1966 133 50 führt
3274 1965 90 52 den

1793 2044 197 49 Schüler
2012 2060 88 33 von
2124 2044 104 49 dem
2253 2042 301 69 Figürlichen
2580 2044 95 49 und
2699 2045 354 49 Wesentlichen
3077 2045 83 49 der
3183 2046 150 48 Noten-

1792 2124 159 48 schrift
1975 2122 60 51 ab
2059 2124 93 49 und
2177 2124 183 66 nöthigt
2389 2124 95 58 ihn,
2517 2124 84 49 auf
2618 2125 414 57 Unwesentliches,
3063 2125 84 49 auf
3165 2125 201 58 Namen,

1793 2202 74 50 die
1891 2220 102 33 vom
2013 2205 131 47 Tone
2168 2204 161 48 weiter
2354 2202 168 50 abseits
2547 2202 169 66 liegen,
2742 2204 135 48 mehr
2901 2204 213 49 Gewicht
3135 2223 53 30 zu
3215 2205 151 65 legen.

1793 2284 131 48 Beim
1950 2284 213 48 ferneren
2187 2284 222 48 Verlaufe
2440 2282 79 50 des
2544 2281 300 51 mündlichen
2869 2284 291 49 Unterrichts
3185 2284 179 49 kommt

1792 2362 103 49 eine
1927 2361 175 51 Unzahl
2134 2379 86 33 von
2252 2362 178 68 Regeln
2475 2379 97 41 vor,
2615 2380 34 32 z.
2675 2362 52 50 B.
2759 2362 73 50 die
2862 2364 147 66 Regel
3042 2364 79 48 für
3149 2362 72 51 die
3251 2365 77 48 Um-

1795 2440 193 68 bildung
2017 2440 84 49 der
2124 2442 293 50 Stammtöne
2442 2441 147 50 durch
2615 2441 506 67 Vorsetzungszeichen
3152 2441 107 67 (wie
3283 2459 83 33 aus

1804 2521 36 48 d
1852 2520 150 49 durch
2032 2521 74 48 ein
2138 2529 307 43 vorgesetztes
3170 2521 26 48 b
2528 2520 115 51 oder
2677 2517 26 56 ji
2851 2521 115 50 oder
2995 2520 76 52 dis
3099 2521 135 59 wird,
3278 2522 88 49 wie

2223 2570 26 18 CT
2678 2570 20 18 Ti
3226 2570 8 11 7

1792 2600 211 51 dadurch
2049 2601 73 50 ein
2161 2601 201 50 anderer
2406 2604 100 47 Ton
2553 2601 270 50 bezeichnet
2863 2602 117 49 wird
3025 2601 96 50 und
3163 2602 204 50 welcher

1793 2699 42 30 u.
1867 2698 33 33 s.
1933 2679 76 68 w.)
2041 2681 117 50 oder
2187 2681 73 50 die
2289 2681 181 68 Regeln
2502 2681 79 48 für
2609 2681 89 48 den
2731 2682 99 49 Bau
2877 2681 84 50 der
3001 2682 148 50 vielen
3180 2682 160 49 Tonlei-

1792 2766 120 52 tern,
1943 2761 245 50 Intervalle
2211 2760 117 51 oder
2350 2759 228 53 Accorde.
2610 2760 89 49 Die
2723 2760 300 51 mündlichen
3048 2761 182 65 Regeln
3254 2761 84 48 wol-

1792 2841 74 47 len
1910 2840 85 51 auf
2032 2840 74 49 die
2135 2841 344 66 Notenfiguren
2524 2840 287 66 übertragen
2853 2841 114 56 sein,
3010 2841 65 48 sie
3105 2841 169 48 wollen
3319 2840 45 49 in

1793 2917 144 50 ihnen
1966 2919 253 64 aufgehen,
2262 2920 65 47 sie
2374 2919 154 49 bilden
2569 2920 96 48 also
2705 2919 83 48 mit
2818 2919 143 48 Hülfe
2991 2919 83 48 der
3103 2917 264 59 Reflexion,

1799 2996 121 48 ohne
1952 2997 177 49 welche
2159 2996 73 48 die
2260 2996 317 67 Anwendung
2608 2997 127 49 einer
2761 2997 148 66 Regel
2948 2997 128 50 nicht
3104 2996 263 67 geschehen

1795 3075 141 60 kann,
1967 3076 74 50 die
2063 3076 346 67 Notenfiguren
2440 3076 43 50 in
2515 3084 143 44 etwas
2684 3076 213 50 Anderes
2928 3095 96 41 um,
3057 3094 95 33 was
3183 3077 63 50 sie
3276 3095 86 32 von

1793 3173 115 31 vorn
1938 3156 163 48 herein
2130 3156 124 48 nicht
2284 3155 100 51 sind
2415 3155 95 51 und
2540 3156 120 50 auch
2690 3156 127 50 nicht
2837 3157 96 49 sein
2958 3157 188 60 wollen,
3175 3159 64 48 sie
3263 3175 66 32 ma-

1795 3235 117 48 chen
1945 3234 202 67 Begriffe
2178 3234 184 52 daraus.
2413 3234 115 50 Sind
2557 3234 115 50 aber
2700 3235 205 67 Begriffe
2944 3236 173 51 daraus
3159 3244 179 42 entstan-

1795 3314 106 58 den,
1938 3330 50 33 so
2027 3315 55 48 ist
2111 3314 80 50 das
2223 3333 89 31 nur
2341 3315 100 49 eine
2473 3315 255 67 vorläufige
2759 3316 357 66 Veränderung.
3161 3317 82 49 Bei
3273 3316 93 51 den

1796 3392 235 66 Begriffen
2064 3392 123 51 kann
2232 3410 48 32 es
2318 3394 126 49 nicht
2484 3392 202 60 bleiben,
2737 3394 235 50 dieselben
3016 3399 188 44 müssen
3244 3395 120 49 doch

1796 3471 278 50 schliesslich
2098 3490 54 31 zu
2176 3472 128 50 einer
2329 3472 279 66 klingenden
2627 3472 278 69 Bedeutung
2930 3475 282 57 hinführen;
3240 3474 121 50 denn

1795 3550 80 49 das
1907 3551 54 48 ist
1989 3551 81 50 das
2100 3551 94 48 Ziel
2237 3551 78 50 des
2345 3551 304 51 Unterrichts.
2699 3554 91 48 Um
2835 3552 141 51 dahin
3015 3571 54 31 zu
3114 3554 249 67 gelangen,

1795 3634 185 45 müssen
2011 3630 72 49 die
2106 3630 204 67 Begriffe
2340 3631 240 51 nochmals
2601 3631 308 50 umreflectirt
2931 3632 190 50 werden
3143 3634 45 48 in
3212 3635 149 57 Töne,

1793 3709 97 50 und
1920 3709 176 49 hierbei
2139 3710 113 48 läuft
2290 3728 47 31 es
2383 3710 258 49 wiederum
2684 3711 86 48 auf
2807 3729 121 32 neue
2959 3712 192 49 Gesetze
3194 3712 167 51 hinaus

1793 3790 94 48 und
1919 3790 85 49 auf
2026 3789 288 67 abermalige
2343 3791 199 67 Regeln,
2581 3790 90 60 die,
2712 3790 72 49 bei
2813 3790 136 51 Licht
2980 3791 219 60 besehen,
3237 3794 121 49 noch

1793 3869 83 49 viel
1908 3867 303 68 schwieriger
2239 3869 117 58 sind,
2388 3870 66 48 als
2483 3869 72 49 die
2587 3875 224 44 ersteren.

1922 3950 147 56 „Dass
2100 3947 149 51 dieser
2270 3949 256 67 Lehrgang
2555 3950 134 48 einen
2712 3950 199 67 Umweg
2936 3951 171 59 macht,
3137 3951 116 50 wird
3278 3951 85 51 der

1791 4029 216 66 geneigte
2037 4029 144 48 Leser
2210 4029 144 49 schon
2388 4029 112 66 jetzt
2540 4027 226 68 zugeben.
2816 4030 99 49 Der
2944 4031 203 68 Umweg
3179 4032 185 50 möchte

1786 4107 251 50 immerhin
2061 4109 113 57 sein,
2206 4125 136 33 wenn
2373 4125 91 33 nur
2491 4107 137 51 dabei
2658 4107 84 51 der
2764 4109 170 49 Zweck
2959 4109 79 50 des
3061 4111 298 51 Unterrichts

1788 4186 126 50 nicht
1946 4187 114 50 allzu
2092 4187 108 50 sehr
2228 4187 193 50 verfehlt
2453 4186 177 51 würde.
2675 4189 63 48 Es
2780 4189 56 49 ist
2873 4189 143 50 schon
3061 4206 57 33 an
3152 4190 96 51 sich
3283 4192 79 50 für
