2286 3810
827 229 51 26 LA
910 226 203 32 MUSIQUE
1148 226 51 26 ET
1233 222 52 28 LA
1318 221 137 29 MAGIE

140 225 77 48 528

139 335 188 33 souvent
347 325 254 54 appréciées
621 336 53 26 en
698 320 45 41 M
779 320 111 40 Paul
913 317 228 42 Lacombe
1160 326 42 32 et
1227 329 86 40 que
1337 328 114 28 nous
1470 325 197 29 sommes
1685 311 197 40 heureux
1905 312 53 39 de
1979 322 144 36 retrou-

136 411 76 26 ver
235 396 112 40 dans
371 408 69 27 ces
464 394 111 39 deux
595 389 186 42 recueils
806 389 74 52 qui
899 396 176 44 portent
1094 387 63 40 les
1180 389 214 37 numéros
1414 383 25 40 d
1462 395 115 40 opus
1599 395 72 36 114
1697 389 39 31 et
1764 395 9 24 1
1788 393 64 26 20.
1881 378 62 43 La
1979 382 121 42 valse
2134 387 11 40 1

137 475 65 31 est
225 466 274 46 charmante,
523 461 141 52 parmi
684 458 230 52 beaucoup
938 457 194 40 d'autres
1157 457 144 51 pièces
1329 454 52 40 de
1403 453 134 40 haute
1553 450 168 41 valeur.
1748 448 158 55 J'aime
1935 452 145 40 moins
2109 454 37 41 la

138 535 122 40 valse
283 548 43 24 no
347 531 51 41 V.
421 531 121 39 Dans
565 529 39 40 le
629 528 159 41 recueil
816 527 77 40 des
908 528 146 51 pièces
1079 540 52 25 en
1153 525 141 40 forme
1317 523 54 40 de
1396 519 229 48 mazurka,
1646 520 27 38 il
1700 518 92 41 faut
1816 519 106 39 citer
1955 519 38 40 le
2014 526 47 34 n°
2107 538 38 37 4,

142 604 73 52 qui
239 610 64 32 est
327 615 58 25 un
403 598 121 54 bijou
546 597 259 52 mélodique
828 605 40 31 et
891 596 270 52 rythmique.
1190 593 62 41 La
1287 594 122 51 pièce
1434 596 48 35 n°
1505 603 15 40 5
1546 593 143 50 paraît
1713 592 91 36 être
1828 601 86 26 une
1951 591 173 41 réminis-

141 683 129 28 cence
292 668 73 50 (de
383 666 187 42 l'auteur
593 662 263 55 lui-même).
878 663 116 41 Tout
1012 664 39 40 le
1076 671 115 31 reste
1218 669 65 32 est
1322 659 85 42 fort
1432 659 240 50 ingénieux
1715 664 40 32 et
1801 656 54 40 de
1893 656 255 45 distinction

141 746 232 40 soutenue,
400 749 53 27 en
473 750 59 26 un
553 747 137 38 genre
708 739 55 35 où
786 732 39 40 la
851 732 196 40 banalité
1071 739 65 32 est
1157 729 184 41 lécueil.
1362 727 71 43 Un
1452 727 90 41 bon
1560 727 194 52 pianiste
1778 725 75 51 qui
1879 727 167 40 saurait
2073 741 77 38 par

142 821 121 27 cœur
277 819 71 27 ces
364 817 236 28 morceaux
704 802 294 52 d'apparence
1035 800 129 41 facile
1206 812 113 40 pour
1357 798 279 45 l'exécution,
1675 795 113 39 mais
1814 793 245 42 réclamant
2092 811 57 27 un

143 889 101 27 sens
268 873 186 42 musical
477 878 85 35 très
588 877 73 36 sûr
752 870 272 42 obtiendrait
1040 871 319 39 certainement
1379 882 60 26 un
1457 865 66 42 vif
1542 869 154 37 succès
1720 863 113 41 dans
1849 862 64 41 les
1936 874 209 32 concerts.

1810 931 39 56 J.
1874 930 51 42 C.

200 1051 254 42 SONATINES
480 1066 55 25 DE
560 1050 256 41 KIRCHNER.

845 1072 54 6 —
923 1050 121 40 Tous
1076 1050 63 40 les
1179 1049 243 39 musiciens
1447 1055 155 32 savent
1641 1045 207 41 combien
1881 1045 63 40 les
1978 1058 171 32 œuvres

143 1123 114 39 dites
271 1121 153 52 faciles
447 1129 100 32 sont
568 1128 187 32 souvent
778 1132 85 39 peu
896 1116 435 42 recommandables.
1358 1115 145 41 Avant
1528 1114 241 41 d'aborder
1802 1114 63 40 les
1889 1123 179 33 sonates
2100 1118 52 40 de

143 1190 172 41 Mozart
337 1198 39 31 et
400 1190 54 38 de
472 1188 175 52 Haydn,
671 1187 62 40 les
767 1188 153 51 jeunes
941 1187 215 51 pianistes
1174 1199 54 27 ne
1253 1188 286 38 connaissent
1563 1189 138 45 guère
1727 1196 86 40 que
1837 1183 63 40 les
1924 1186 225 41 sonatines

143 1259 52 40 de
218 1257 220 41 Clementi
459 1265 40 32 et
521 1256 130 40 celles
669 1256 54 39 de
763 1255 180 40 Kuhlau
967 1264 40 31 et
1026 1255 56 40 de
1103 1254 193 41 Dussek.
1323 1253 124 42 Tous
1471 1253 62 40 les
1571 1262 148 31 autres
1741 1266 238 27 morceaux
2018 1255 130 51 qu'on

144 1337 104 42 peut
265 1326 96 40 leur
379 1326 172 39 donner
574 1333 99 32 sont
694 1338 56 27 ou
771 1324 76 40 des
872 1325 358 51 transcriptions,
1254 1337 57 27 ou
1335 1323 77 40 des
1432 1323 180 47 danses,
1639 1336 57 27 ou
1730 1321 77 40 des
1830 1320 193 43 bluettes
2047 1323 103 42 dont

146 1396 38 39 le
201 1400 221 35 caractère
444 1393 149 41 fausse
614 1393 38 40 le
675 1398 110 45 goût
802 1393 188 40 musical
1011 1393 100 52 plus
1131 1392 107 53 qu'il
1263 1406 54 27 ne
1339 1393 38 39 le
1395 1391 156 41 forme.
1584 1390 58 41 La
1666 1392 174 39 maison
1861 1389 288 55 Hofmeister,

145 1464 53 40 de
221 1462 201 54 Leipzig,
447 1464 120 38 vient
591 1462 53 40 de
663 1460 200 42 combler
884 1470 109 32 cette
1020 1461 156 40 lacune
1199 1474 55 26 en
1274 1460 206 53 publiant
1501 1461 63 39 les
1578 1461 102 51 cinq
1698 1461 230 38 sonatines
1943 1461 73 50 qui
2029 1474 97 28 cons-

144 1535 160 38 tituent
327 1532 9 40 1
358 1545 72 39 op.
456 1544 50 40 70
531 1532 53 39 de
604 1530 212 40 Theodor
840 1529 219 41 Kirchner
1087 1530 75 49 (né
1185 1534 21 36 à
1240 1528 287 42 Neukirchen
1560 1542 54 27 en
1656 1532 118 48 1823,
1809 1537 115 31 mort
1961 1532 21 36 à
2018 1528 98 42 Ham-

146 1600 146 52 bourg
310 1614 52 26 en
392 1601 136 51 1903).
570 1598 87 42 Les
681 1612 174 28 œuvres
891 1599 55 39 de
982 1598 219 41 Kirchner
1241 1607 101 32 sont
1367 1612 82 39 peu
1484 1611 198 27 connues
1713 1611 54 27 en
1809 1598 183 40 France.
2034 1597 118 43 Elles

146 1671 243 38 consistent
405 1668 370 53 principalement
798 1681 54 27 en
872 1681 238 27 morceaux
1135 1681 114 39 pour
1268 1669 146 51 piano.
1445 1681 53 26 en
1524 1667 153 48 lieder,
1697 1680 55 27 en
1785 1674 216 45 quatuors
2031 1676 40 32 et
2099 1682 51 27 en

147 1739 123 39 trios.
292 1736 87 41 Les
404 1750 14 39 5
447 1738 228 39 sonatines
689 1738 74 51 qui
779 1738 212 39 viennent
1014 1737 53 38 de
1087 1740 192 48 paraître
1301 1739 207 38 méritent
1540 1734 136 42 d'être
1706 1735 225 52 signalées
1957 1750 82 26 aux
2070 1736 60 41 lec-

145 1815 119 32 teurs
298 1806 53 40 de
379 1806 38 39 la
435 1805 142 41 Revue
599 1805 221 40 musicale.
852 1804 63 41 La
941 1807 218 50 première
1182 1814 65 31 est
1271 1819 53 26 en
1345 1811 43 34 ut
1413 1818 11 25 :
1467 1805 243 47 bandante,
1736 1819 52 26 en
1827 1805 40 39 la
1901 1803 164 53 bémol,
2088 1815 62 32 est

150 1879 20 35 à
190 1875 39 39 la
254 1873 172 41 Mozart
445 1887 9 37 ;
478 1874 53 40 de
554 1872 129 42 bières
707 1873 195 40 fanfares
926 1883 193 31 sonnent
1161 1883 373 44 pompeusement
1558 1888 54 26 au
1650 1873 149 41 finale.
1835 1872 63 41 Le
1937 1874 211 41 délicieux

147 1944 206 47 andante,
375 1957 53 26 en
444 1943 73 51 mi,
537 1942 54 40 de
609 1942 37 40 la
673 1947 40 34 2°
730 1951 65 31 est
818 1942 135 50 digne
977 1941 133 41 d'être
1132 1944 274 39 mentionné.
1423 1942 64 41 La
1508 1958 17 36 3
1533 1947 14 18 e
1552 1975 10 16 ,
1576 1956 54 27 en
1649 1949 56 33 ut.
1730 1951 65 32 est
1817 1944 243 39 construite
2079 1957 71 27 sur

149 2026 59 26 un
233 2012 146 40 thème
400 2013 74 51 qui
497 2011 196 52 rappelle
713 2011 38 39 le
775 2020 178 32 menuet
977 2011 57 40 du
1059 2020 183 43 septuor
1269 2012 53 40 de
1345 2011 273 42 Beethoven.
1639 2011 62 41 La
1723 2027 24 36 4
1752 2016 15 17 e
1774 2044 7 12 ,
1807 2025 54 27 en
1877 2011 80 51 sol,
1981 2017 169 48 évoque

149 2080 38 40 la
230 2081 197 39 manière
449 2080 54 39 de
527 2078 277 42 Schumann.
830 2078 135 41 Enfin
986 2080 39 40 la
1041 2094 14 38 5
1065 2085 15 16 e
1084 2113 8 13 ,
1115 2094 54 26 en
1199 2079 40 41 si
1252 2085 37 45 b,
1316 2090 65 31 est
1413 2080 104 41 d'un
1542 2082 273 39 mécanisme
1842 2095 60 26 un
1941 2094 84 39 peu
2051 2081 97 53 plus

146 2147 188 41 difficile.
358 2147 87 41 Ces
466 2148 226 40 sonatines
730 2157 74 31 ont
828 2152 67 36 été
927 2149 367 49 soigneusement
1317 2149 203 51 doigtées
1543 2164 81 38 par
1651 2148 63 42 M.
1739 2148 167 42 Vetter.

2006 2148 57 42 H.
2095 2148 48 42 B.

273 2419 79 40 La
383 2419 267 53 musique
673 2418 296 43 orientale.
1004 2440 49 8 —
1080 2418 76 43 La
1175 2418 271 53 musique
1470 2419 57 40 et
1556 2418 56 43 la
1640 2416 190 56 magie

829 2540 82 28 SUR
947 2540 78 27 LES
1061 2540 143 27 BORDS
1237 2541 61 27 DU
1332 2541 136 26 NIGER

1855 2416 158 56 [suite).

197 2659 86 41 Les
316 2660 232 50 indigènes
584 2660 77 39 des
697 2665 199 36 contrées
922 2660 215 51 baignées
1159 2675 55 26 en
1234 2660 186 54 Afrique
1449 2675 78 39 par
1550 2661 39 40 le
1615 2660 141 52 Niger
1775 2670 41 32 et
1840 2662 40 40 le
1903 2661 151 41 Bénué
2078 2670 72 31 ont

141 2742 100 37 reçu
275 2729 52 40 de
350 2729 38 39 la
415 2736 156 32 nature
600 2743 59 25 un
682 2734 109 45 goût
812 2730 154 39 ardent
990 2743 109 38 pour
1122 2730 38 39 la
1186 2733 209 50 musique
1415 2747 6 24 :
1450 2743 56 27 on
1531 2729 92 42 s'en
1654 2733 196 50 aperçoit
1874 2739 174 32 surtout
2072 2745 76 38 par

143 2798 116 39 leurs
288 2797 155 40 chants
468 2805 40 31 et
532 2797 117 39 leurs
685 2800 378 49 représentations
1088 2799 252 40 musicales.
1375 2799 191 40 Comme
1599 2799 40 40 la
1666 2800 180 53 plupart
1870 2800 77 40 des
1971 2799 179 53 peuples

143 2879 88 26 non
252 2865 209 47 civilisés,
485 2865 54 40 ils
563 2874 74 31 ont
662 2865 187 41 l'amour
866 2867 56 40 du
947 2867 191 52 rythme,
1169 2876 56 39 et,
1256 2881 46 27 ce
1323 2869 74 51 qui
1423 2868 38 39 le
1485 2877 190 40 montre,
1699 2868 105 42 c'est
1828 2868 133 54 qu'ils
1986 2870 164 39 aiment

143 2938 20 35 à
188 2934 170 40 donner
381 2938 21 35 à
427 2934 118 39 leurs
569 2933 154 41 chants
746 2935 77 40 des
848 2945 453 42 accompagnements
1325 2936 232 53 bruyants,
1585 2951 103 27 avec
1712 2938 78 40 des
1818 2939 235 39 tambours
2074 2951 76 38 par

141 3002 198 52 exemple
358 3011 40 31 et
421 3003 77 39 des
517 3002 167 51 grelots
703 3016 8 35 ;
734 3003 53 40 de
809 3008 143 36 même
976 3005 36 39 la
1033 3004 155 52 danse,
1214 3008 75 49 qui
1308 3015 65 31 est
1396 3019 53 27 en
1470 3006 171 50 grande
1661 3006 170 51 faveur,
1874 3016 66 32 est
1963 3018 187 42 presque

142 3070 370 40 invariablement
537 3072 119 39 aussi
682 3074 192 38 associée
894 3077 22 35 à
939 3073 117 40 leurs
1079 3074 172 40 chants.
1279 3072 153 54 Quant
1455 3089 83 26 aux
1559 3077 312 47 instruments,
1901 3089 58 28 on
1981 3089 54 26 en
2059 3088 69 26 ren-

142 3147 149 31 contre
311 3139 52 39 de
388 3152 190 39 presque
602 3148 98 32 tous
721 3140 62 40 les
805 3154 160 36 genres
987 3157 6 25 :
1022 3142 330 52 quelques-uns
1373 3143 170 40 d'entre
1564 3158 81 26 eux
1666 3154 178 43 portent
1862 3145 62 40 les
1945 3156 205 41 marques

142 3207 226 40 évidentes
391 3207 26 40 d
437 3221 85 26 une
551 3208 218 40 influence
801 3209 316 42 mahométane
1152 3220 41 32 et
1229 3211 181 42 doivent
1433 3212 346 53 probablement
1816 3214 95 41 leur
1933 3215 172 49 origine
2129 3216 18 36 à

142 3276 192 52 quelque
357 3277 227 39 incursion
609 3276 233 50 d'Arabes,
879 3281 261 48 négociants
1165 3293 56 28 ou
1255 3281 270 42 marchands
1550 3280 242 43 d'esclaves
1813 3295 8 38 ;
1844 3282 170 42 d'autre
2037 3290 110 45 part,

142 3343 329 53 quelques-uns
504 3350 256 47 présentent
793 3347 78 39 des
905 3358 140 29 traces
1082 3350 217 40 certaines
1331 3349 132 41 d'une
1494 3352 175 50 origine
1703 3353 74 51 qui
1815 3352 289 40 remonterait
2128 3354 19 35 à

141 3412 10 39 1
173 3414 217 49 antiquité
412 3415 268 50 égyptienne
702 3423 40 32 et
766 3414 94 41 font
884 3418 95 38 voir
1001 3415 131 42 d'une
1156 3420 199 40 manière
1372 3425 87 35 très
1477 3429 119 31 nette
1620 3418 252 43 l'existence
1891 3419 132 43 d'une
2048 3420 82 40 civi-

141 3480 179 41 lisation
355 3483 90 50 qui,
490 3483 112 39 dans
644 3483 77 40 des
757 3492 143 44 temps
925 3486 185 49 reculés,
1148 3487 104 41 s'est
1275 3488 190 41 étendue
1489 3503 77 27 sur
1597 3503 87 27 une
1718 3490 173 51 grande
1924 3491 140 51 partie
2094 3488 55 40 du

141 3550 227 39 continent
393 3549 199 41 africain.
