2286 3810
104 162 118 87 514

637 210 76 28 LES
748 202 195 32 OEUVRES
976 195 275 35 RÉCEMMENT
1282 191 164 42 JOUÉES
1481 199 22 25 A
1540 195 127 28 PARIS

194 319 20 25 «
234 304 173 42 ARIANE
433 315 37 35 »,
494 306 144 37 OPÉRA
660 311 55 27 EN
741 308 106 33 CINQ
869 306 135 29 ACTES
1030 307 56 25 DE
1111 290 210 42 CATULLE
1348 287 192 42 MENDÈS
1557 300 53 26 ET
1629 285 40 56 J.
1696 284 264 41 MASSENET.
2046 288 82 44 Tra-

136 375 129 51 gédie
282 373 284 46 d'amour,où
586 366 176 43 Catulle
779 364 188 40 Mendès
992 377 20 25 a
1026 362 102 53 joué
1148 374 87 27 une
1256 365 87 35 très
1362 370 158 39 grosse
1537 357 159 52 partie,
1722 360 57 34 où
1804 353 231 44 Massenet
2054 371 19 27 s
2091 371 64 32 est

137 443 167 54 parfois
327 442 184 52 inspiré,
539 446 94 32 tout
650 450 53 27 en
727 440 267 35 conservant
1018 445 46 26 sa
1091 431 196 40 manière
1312 426 263 50 habituelle,
1602 425 53 40 de
1696 421 147 43 Gluck
1872 432 41 31 et
1933 424 54 40 de
2023 425 106 45 Hsen-

137 513 86 44 del,
248 522 41 30 et
319 517 57 34 où
419 508 61 40 M.
508 504 217 44 Gailhard
760 518 22 25 a
821 502 77 41 fait
918 501 78 40 des
1035 499 152 42 efforts
1224 512 84 39 peu
1353 496 251 42 ordinaires
1649 494 56 40 de
1750 494 113 39 mise
1915 506 55 27 en
2010 501 142 38 scène.

137 582 181 44 Ariane,
344 578 103 40 c'est
477 576 190 40 l'amour
687 572 271 42 abandonné
993 581 9 39 ;
1028 570 113 39 dans
1165 576 125 32 notre
1312 567 139 51 esprit
1475 565 240 51 classique,
1742 575 84 28 son
1847 565 212 39 souvenir
2089 577 65 32 est

136 645 284 56 inséparable
452 646 77 40 des
570 656 100 28 vers
708 642 54 40 de
797 640 179 42 Catulle
1002 636 132 46 (celui
1172 638 76 51 qui
1300 636 137 39 vivait
1476 634 30 41 il
1543 649 28 38 y
1594 647 21 26 a
1640 631 115 41 deux
1779 630 123 41 mille
1922 631 101 49 ans)
2046 634 109 43 dans

136 716 302 54 lepithalame
461 727 113 39 pour
596 713 63 40 les
683 724 133 28 noces
833 710 52 40 de
907 708 156 41 Thétis
1094 715 42 31 et
1159 706 53 40 de
1253 705 147 48 Pélée,
1423 712 42 32 et
1488 703 54 40 de
1566 702 255 41 l'imitation
1846 699 132 54 qu'en
2002 715 21 26 a
2053 701 102 45 faite

139 786 169 51 Virgile
331 799 55 26 au
412 782 56 42 IV
473 788 14 17 e
511 783 108 40 livre
644 781 53 40 de
720 778 209 41 VEnéide,
955 776 64 42 Ce
1042 776 114 53 sujet
1191 790 21 26 a
1254 778 119 38 tenté
1407 772 231 52 beaucoup
1672 771 55 40 de
1750 769 256 41 modernes.
2034 770 30 41 Il
2084 788 26 37 y
2133 790 21 25 a

156 861 68 34 rès
249 853 144 52 grand
419 851 188 42 nombre
629 849 205 52 d'opéras
875 861 77 27 sur
992 854 112 33 cette
1141 844 204 52 légende,
1381 850 177 34 surtout
1593 854 54 27 en
1680 840 126 41 Italie
1832 849 8 29 :
1877 842 22 37 à
1924 838 228 54 Mantoue,

137 922 26 42 Y
170 923 167 40 Ariane
354 922 54 40 de
430 919 293 43 Monteverde
746 915 145 56 (1607)
911 927 9 40 ;
948 920 23 37 à
1005 914 182 51 Venise,
1219 913 133 41 celles
1386 912 54 41 de
1470 912 175 40 Ferrari
1675 906 150 57 (1640)
1859 916 41 32 et
1934 908 54 41 de
2025 909 104 43 Boni-

136 994 119 39 venti
275 995 16 46 (
302 1006 42 37 17
358 990 64 52 19)
438 1002 9 38 5
471 994 22 36 à
513 989 159 50 Rome,
707 987 109 41 celle
849 986 53 40 de
942 986 88 39 Feo
1063 983 173 53 (1728)5
1265 987 21 36 à
1313 980 166 49 Gênes,
1515 980 108 41 celle
1647 979 25 40 d
1693 977 199 41 Adolfati
1919 978 176 53 (1750);
2132 986 21 36 à

136 1060 184 55 Naples,
346 1060 40 41 la
404 1067 174 33 cantate
601 1058 283 50 dramatique
906 1054 54 40 de
984 1051 163 42 Cafaro
1170 1051 9 52 (
1194 1049 137 54 1766).
1353 1050 68 40 En
1458 1050 186 42 France,
1679 1048 28 39 il
1728 1062 28 38 y
1785 1061 22 26 a
1834 1047 63 40 les
1919 1051 158 48 opéras
2101 1049 53 42 de

139 1129 228 48 Cambert,
393 1129 121 40 élève
537 1127 53 40 de
614 1124 405 45 Chambonnières,
1044 1134 54 27 en
1124 1124 104 37 1660
1249 1134 9 34 ;
1283 1120 55 40 de
1357 1119 195 47 Mouret,
1572 1117 122 41 élève
1713 1117 53 40 de
1790 1115 149 53 Lully,
1960 1129 54 27 en
2039 1131 114 41 1717,

138 1209 41 31 et
203 1200 52 39 de
278 1199 167 39 Marais
466 1210 54 27 en
550 1198 122 48 1696.
702 1193 49 54 Je
772 1206 54 27 ne
846 1192 123 52 parle
991 1204 80 39 pas
1089 1190 53 40 de
1168 1188 203 41 l'Ariane
1392 1188 54 40 de
1471 1186 187 42 Hsendel
1692 1183 240 56 (Londres,
1974 1188 120 51 1733)
2116 1198 39 32 et

137 1268 53 39 de
212 1266 107 41 celle
342 1266 53 40 de
412 1265 152 40 Benda
584 1260 319 56 (Hambourg),
919 1261 75 52 qui
1014 1268 82 42 est,
1117 1271 104 28 avec
1244 1258 39 40 le
1306 1255 274 56 Pygmalion
1613 1256 52 40 de
1684 1254 111 56 J.-J.
1823 1254 259 51 Rousseau,
2112 1257 37 41 le

137 1344 234 44 prototype
395 1334 58 40 du
478 1332 293 41 Mélodrame.
811 1329 64 41 De
908 1342 47 28 ce
979 1337 103 44 type
1121 1327 53 40 de
1213 1326 192 41 l'amour
1430 1324 285 48 abandonné,
1742 1322 189 42 Mendès
1965 1338 22 25 a
2019 1322 77 43 fait
2120 1326 37 41 le

138 1404 173 40 modèle
344 1404 54 39 de
437 1400 187 42 l'amour
656 1400 215 51 héroïque
906 1399 301 39 désintéressé
1240 1393 171 56 jusqu'à
1456 1392 454 43 l'invraisemblance.
1936 1391 143 51 Voici,
2104 1409 52 27 en

137 1474 113 40 deux
273 1480 117 33 mots
412 1483 8 27 :
448 1471 182 49 Ariane,
649 1471 144 51 éprise
813 1469 53 39 de
890 1468 189 46 Thésée,
1103 1467 38 39 le
1165 1467 105 48 suit,
1298 1470 130 47 après
1451 1478 47 26 sa
1521 1465 186 39 victoire
1728 1477 76 26 sur
1821 1462 39 40 le
1883 1460 270 54 Minotaure,

137 1552 41 31 et
198 1547 204 36 emmène
423 1554 104 27 avec
549 1540 83 40 elle
655 1553 47 26 sa
726 1552 121 28 sœur
867 1537 190 40 Phèdre.
1084 1535 191 47 Phèdre,
1300 1536 75 51 qui
1401 1535 116 39 aime
1550 1533 189 47 Thésée,
1766 1545 47 27 se
1835 1529 79 43 fait
1939 1533 139 39 aimer
2101 1534 51 40 de

137 1611 77 46 lui,
250 1612 113 39 mais
385 1609 82 41 elle
491 1617 161 41 meurt,
677 1611 179 37 écrasée
889 1620 79 38 par
996 1605 41 40 la
1077 1613 146 32 statue
1254 1603 55 41 de
1334 1602 180 54 Kypris.
1550 1601 182 48 Ariane,
1754 1602 73 52 qui
1865 1603 121 38 vient
2021 1601 133 42 d'être

137 1680 142 40 trahie
303 1693 85 26 une
409 1679 217 52 première
648 1675 101 52 fois,
771 1675 186 40 n'hésite
990 1687 80 40 pas
1098 1684 7 25 :
1136 1673 78 39 elle
1234 1672 181 40 descend
1437 1686 87 25 aux
1550 1670 163 53 Enfers
1744 1679 112 45 pour
1878 1669 201 41 arracher
2108 1686 44 26 sa

136 1748 135 40 rivale
294 1762 85 25 aux
400 1748 129 39 dieux
550 1747 235 53 infernaux
808 1750 37 34 et
867 1745 39 38 la
928 1744 153 39 rendre
1098 1746 22 36 à
1151 1741 168 40 Thésée.
1352 1740 189 49 Réunis,
1573 1740 63 40 les
1660 1740 113 40 deux
1807 1747 193 38 amants,
2027 1745 126 47 après

140 1818 123 39 avoir
285 1819 148 49 répété
457 1819 20 35 à
504 1816 155 38 satiété
695 1828 8 26 :
748 1828 18 20 «
798 1811 127 42 Nous
956 1812 150 39 ferons
1137 1819 126 32 notre
1286 1810 155 40 devoir
1484 1825 36 29 »,
1560 1809 321 52 s'empressent
1917 1808 55 40 de
1995 1821 54 27 ne
2077 1823 77 38 pas

137 1885 111 41 faire
271 1886 94 39 leur
388 1885 169 46 devoir,
584 1892 41 31 et
652 1882 54 40 de
730 1885 138 50 partir
898 1880 245 41 ensemble.
1179 1879 183 50 Ariane,
1388 1877 299 42 abandonnée
1718 1891 86 27 une
1842 1877 192 40 seconde
2053 1877 100 52 fois,

138 1955 96 40 leur
256 1954 231 53 pardonne
525 1965 159 27 encore
706 1967 8 24 :
748 1950 115 40 D'un
887 1964 115 26 cœur
1040 1963 159 25 comme
1239 1948 36 39 le
1312 1962 113 25 mien
1435 1978 7 17 ,
1477 1947 188 47 dit-elle,
1691 1946 92 40 leur
1802 1945 194 40 trahison
2021 1946 134 51 loyale

138 2023 100 40 était
257 2032 176 45 presque
456 2024 193 37 exaucée.
673 2019 127 41 Cette
833 2018 165 40 Ariane
1004 2050 9 16 ,
1040 2019 76 51 qui
1155 2017 198 52 rappelle
1390 2017 63 39 les
1496 2017 258 39 mauvaises
1776 2017 146 51 pièces
1955 2015 55 40 de
2051 2014 78 42 Cor-

139 2091 147 48 neille,
330 2099 65 32 est
444 2094 200 46 étrange.
685 2087 117 41 C'est
838 2102 60 26 un
934 2086 195 40 faisceau
1164 2086 54 40 de
1275 2086 266 39 sentiments
1578 2089 166 45 outrés,
1771 2084 381 55 contradictoires,

139 2173 104 27 sans
275 2168 111 31 cette
416 2160 138 39 vérité
593 2159 92 50 qui,
718 2171 55 26 au
816 2155 186 48 théâtre,
1039 2155 179 53 produit
1247 2154 123 41 seule
1409 2154 246 40 l'émotion.
1696 2152 73 42 On
1808 2161 66 32 est
1898 2157 178 47 étonné,
2098 2166 55 28 on

137 2229 111 40 n'est
271 2241 79 40 pas
370 2227 174 41 touché.
581 2225 188 49 Thésée,
793 2224 103 41 c'est
914 2240 59 25 un
996 2226 124 39 triste
1159 2226 104 38 sire.
1300 2222 64 41 Ce
1406 2223 132 40 héros
1581 2235 87 40 que
1704 2222 40 40 la
1785 2222 189 51 légende
2014 2222 138 41 exalte

148 2310 173 28 comme
358 2296 142 51 grand
543 2296 196 52 justicier
794 2303 130 32 tueur
972 2294 54 39 de
1068 2302 238 40 monstres,
1358 2305 55 27 ne
1460 2293 61 39 vit
1563 2291 102 52 plus
1703 2293 54 38 ici
1800 2304 87 39 que
1929 2305 113 38 pour
2095 2291 60 40 les

143 2378 198 28 caresses
361 2366 58 39 du
444 2365 47 40 lit
511 2363 173 53 nuptial
718 2376 57 28 ou
798 2363 58 40 du
877 2363 48 40 lit
950 2362 214 47 adultère,
1188 2371 41 31 et
1251 2374 80 40 pas
1353 2375 60 26 un
1434 2361 53 40 de
1511 2374 70 26 ses
1620 2369 151 42 gestes
1790 2360 114 40 n'est
1923 2360 229 53 héroïque.

140 2434 70 42 Un
259 2434 296 41 sensualisme
598 2432 180 50 effréné,
819 2447 56 25 un
915 2445 85 39 peu
1036 2430 143 54 puéril
1221 2444 57 27 ou
1332 2431 222 39 vraiment
1609 2438 98 44 trop
1761 2429 210 53 juvénile,
2022 2434 132 46 règne

141 2511 193 45 partout.
376 2502 30 40 Il
445 2517 28 37 y
511 2516 21 25 a
575 2502 111 40 dans
720 2502 38 40 le
791 2501 113 53 style
936 2501 77 39 des
1050 2500 184 40 touches
1270 2500 53 39 de
1380 2500 154 51 poésie
1573 2498 278 51 charmante,
1893 2500 114 39 mais
2046 2498 109 40 dans

141 2573 39 39 la
203 2573 261 50 conception
488 2571 76 39 des
582 2575 245 35 caractères
851 2583 85 27 une
957 2577 212 33 outrance
1193 2570 75 51 qui
1312 2581 132 40 passe
1480 2568 40 40 la
1545 2580 177 28 mesure
1750 2576 57 40 et,
1850 2568 164 40 durant
2054 2569 99 51 cinq

142 2649 132 39 actes,
300 2638 97 41 finit
437 2653 80 38 par
540 2639 139 40 lasser
698 2653 59 26 un
793 2651 100 40 peu.
919 2637 295 47 Docilement,
1246 2636 62 40 M.
1343 2636 230 41 Massenet
1613 2651 22 26 a
1663 2638 116 39 suivi
1821 2650 48 27 ce
1901 2637 129 40 livret
2070 2641 84 36 très

142 2710 225 49 littéraire,
394 2710 113 37 mais
527 2721 84 39 peu
645 2708 296 51 dramatique,
965 2707 113 40 dans
1101 2706 40 40 le
1165 2719 102 28 sens
1289 2705 123 41 élevé
1425 2706 59 40 du
1508 2714 108 32 mot.
1639 2705 69 41 En
1732 2705 102 53 plus
1854 2705 133 41 d'une
2009 2711 143 44 scène,

141 2790 114 28 nous
275 2790 137 27 avons
436 2781 204 36 retrouvé
661 2776 38 40 le
716 2776 229 40 Massenet
967 2775 215 41 délicieux
1204 2777 75 50 qui
1299 2780 136 45 règne
1459 2779 333 48 présentement
1813 2788 76 27 sur
1922 2787 82 28 nos
2038 2775 93 40 théâ-

142 2855 88 32 tres
253 2846 195 52 lyriques
473 2860 10 33 ;
509 2845 100 52 plus
638 2844 133 41 d'une
805 2844 85 41 fois
929 2846 120 38 aussi
1088 2858 60 26 un
1186 2843 230 41 Massenet
1449 2844 233 40 inattendu
1725 2846 92 49 qui,
1862 2857 107 27 sans
2009 2845 145 39 imiter

142 2916 288 39 directement
446 2926 237 40 personne,
711 2913 195 53 rappelle
927 2912 194 42 d'autres
1145 2917 196 36 maîtres.
1370 2912 145 49 Ainsi,
1536 2912 38 40 le
1592 2912 156 40 chœur
1778 2912 78 41 des
1879 2912 178 41 enfants
2081 2914 72 50 qui

143 2992 168 32 sortent
334 2984 309 52 joyeusement
663 2982 57 40 du
736 2981 268 54 labyrinthe,
1028 2982 191 40 délivrés
1244 2982 57 40 du
1319 2980 274 49 Minotaure,
1614 2981 79 41 fait
1714 2995 167 37 songer
1897 2986 22 36 à
1942 2984 212 38 certaines

143 3065 138 39 pages
298 3052 53 39 de
374 3051 172 40 Berlioz
567 3051 111 40 dans
696 3050 56 40 les
778 3051 203 51 Troyens.
1011 3050 31 40 Il
1065 3065 26 37 y
1110 3065 22 25 a
1156 3065 60 26 un
1236 3050 133 41 chant
1399 3050 54 40 de
1476 3050 248 49 Pirithoûs,
1748 3065 56 26 au
1830 3052 195 51 premier
2045 3059 105 39 acte,

144 3134 103 27 avec
275 3121 76 39 des
370 3119 157 41 basses
550 3118 102 41 bien
674 3119 239 52 rythmées,
951 3121 74 50 qui
1049 3128 66 32 est
1138 3119 112 40 dans
1283 3119 39 40 la
1347 3121 199 39 manière
1583 3119 54 40 de
1660 3119 250 41 l'ancienne
1959 3119 196 52 tragédie

144 3189 174 52 lyrique
341 3189 56 40 du
419 3203 87 25 xvn
511 3193 16 17 e
544 3188 146 41 siècle.
710 3187 68 41 Au
796 3187 54 41 III
856 3193 48 17 me
920 3197 110 39 acte,
1052 3201 87 28 une
1164 3196 117 33 sorte
1299 3189 53 40 de
1376 3197 181 32 menuet
1574 3203 76 26 sur
1667 3189 63 40 les
1754 3187 168 43 Grâces
1945 3187 92 55 (qui
2051 3196 103 33 vont

146 3270 325 39 accompagner
490 3255 163 42 Ariane
677 3271 82 26 aux
781 3255 176 53 Enfers)
979 3257 198 52 rappelle
1195 3255 146 43 Gluck
1364 3257 113 40 dans
1519 3256 168 56 Orphée
1694 3289 9 17 ,
1747 3266 41 32 et
1826 3257 185 41 Hsendel
2044 3257 110 41 dans

146 3339 69 27 ses
239 3327 235 39 oratorios.
499 3325 212 40 L'auteur
732 3325 54 40 de
801 3325 166 40 Manon
990 3323 207 43 n'excelle
1219 3340 80 38 pas
1327 3326 249 41 seulement
1595 3326 113 40 dans
1732 3325 216 54 l'épisode
1984 3325 76 54 qui
2081 3325 74 41 fait

146 3394 178 40 tableau
346 3395 55 39 de
416 3407 137 38 genre
576 3407 8 26 :
611 3394 28 39 il
654 3408 28 38 y
706 3408 22 25 a
754 3403 93 31 tout
868 3409 61 25 un
952 3403 108 38 acte,
1087 3394 38 40 le
1143 3394 163 41 second
1332 3395 58 51 (le
1412 3395 101 53 plus
1536 3394 137 42 faible
1696 3395 231 42 d'ailleurs
1949 3411 56 25 au
2035 3397 120 51 point

146 3464 53 39 de
229 3476 84 28 vue
336 3463 54 40 de
412 3462 212 52 l'action),
645 3464 75 50 qui
740 3471 82 40 est,
847 3463 355 49 musicalement,
1232 3464 132 41 d'une
1400 3465 124 40 unité
1543 3464 207 54 parfaite.
1776 3464 64 41 Le
1866 3464 164 48 défaut,
2055 3464 101 40 c'est

146 3545 85 40 que
263 3532 182 40 l'œuvre
468 3529 110 43 n'est
597 3544 54 27 en
675 3544 173 28 somme
871 3532 165 51 qu'une
1056 3533 322 52 juxtaposition
1467 3533 87 41 àla
1575 3533 130 52 façon
1729 3534 54 41 de
1820 3533 263 54 Meyerbeer
