2941 4010
2016 241 316 55 TEK
2416 242 58 54 H
2556 242 59 54 N
2697 242 44 54 E

257 3672 155 59 140

262 383 526 44 KONSTRUKTION
839 381 547 46 LANDWIRTSCHAF-

262 446 285 43 TLICHER
582 446 322 44 GEBAUDE,
944 462 78 37 par
1059 447 35 41 le
1128 446 56 42 D'
1226 444 59 44 T.
1323 443 79 42 Ges-

263 508 145 41 teschi.
434 508 129 41 Edité
585 508 20 41 à
629 508 149 41 Berlin
801 508 148 54 (1930
969 508 14 52 )
1006 523 77 37 par
1104 506 148 43 Julius
1276 505 128 52 Sprin-

264 584 82 38 ger.
377 569 77 42 Un
480 570 180 41 volume
688 571 50 40 de
770 570 90 53 284
889 584 128 38 pages
1044 580 39 30 et
1109 568 93 54 426
1235 567 173 42 illustra-

264 632 132 41 tions.
429 631 106 41 Prix
575 648 8 24 :
620 632 59 52 48
712 631 110 44 RM.

272 903 51 26 12
404 888 206 43 JAHRE
688 888 500 43 SCHWABISCHER
1268 888 128 41 SIED-

264 950 458 43 LUNGSVEREIN
759 950 149 53 (1917
948 950 21 40 à
1017 964 120 39 1929
1158 950 30 51 ).
1228 947 201 43 Présenté

262 1027 78 36 par
363 1011 59 41 T.
449 1011 199 45 Klemm;
676 1012 111 41 édité
807 1027 78 38 par
908 1011 150 42 Kiithe
1082 1024 39 30 et
1142 1011 78 46 C°,
1247 1011 156 41 Dussel-

263 1073 118 44 dorft
418 1089 136 38 1930.
583 1074 206 53 Ouvrage
813 1074 49 40 de
887 1088 59 38 92
971 1088 128 38 pages
1124 1085 38 29 et
1187 1072 212 41 nombreu-

262 1150 61 26 ses
349 1136 310 41 illustrations.

264 1415 457 43 ALTERSHEIME
754 1417 57 40 V.
841 1415 432 42 WOHNUNGEN
1304 1415 125 43 FUR

263 1478 289 42 BERUFST
559 1477 200 41 ATIGE
818 1478 276 43 FRAUEN,
1157 1493 77 38 par
1297 1477 132 42 Clara

263 1539 190 42 Freund.
489 1538 128 42 Edité
648 1554 78 37 par
760 1539 35 41 le
837 1554 21 26 «
896 1538 359 44 Reichsverband
1288 1540 113 40 Deut-

264 1601 118 40 scher
432 1599 459 42 Hausfrauenvereine
943 1616 38 30 »,
1036 1601 164 40 Berlin.
1251 1600 107 41 Prix
1417 1615 9 25 :

265 1678 106 37 0.75
406 1661 110 43 RM.

1577 383 1166 84 ANNONCES

2384 669 359 59 Emplois

1570 810 903 45 DESSINATEUR-ARCHITECTE
2527 810 214 42 demande

1575 887 188 29 travaux
1802 874 20 41 à
1864 874 195 41 exécuter
2095 874 21 40 à
2157 873 219 41 domicile.
2417 871 204 43 Elément
2659 870 82 43 très

1575 936 190 51 capable.
1803 936 143 40 Ecrire
1981 936 63 40 La
2077 933 100 43 Cité
2211 950 101 25 sous
2347 934 190 41 initiales
2570 933 74 42 W.
2679 933 60 41 T.

1639 1193 203 42 JEUNE
1866 1192 452 44 DESSINATEUR
2342 1191 206 43 SUISSE
2570 1191 176 42 cherche

1581 1255 179 52 emploi,
1797 1255 138 41 même
1968 1254 167 44 début.,
2172 1254 104 41 chez
2311 1253 227 42 architecte
2571 1268 58 26 ou
2663 1252 55 41 bu-

1581 1332 97 25 reau
1706 1317 296 51 d'entreprise.
2031 1316 143 42 Ecrire
2200 1317 64 41 La
2289 1316 99 42 Cité
2412 1314 57 43 A.
2497 1315 74 48 W,
2599 1313 53 43 G.

1641 1561 452 43 DESSINATEUR
2125 1560 218 42 débutant
2371 1559 176 42 cherche
2578 1558 164 53 emploi

1576 1624 108 41 dans
1726 1624 235 52 entreprise
2004 1622 268 42 bruxelloise
2315 1636 57 26 ou
2416 1621 164 41 bureau
2622 1619 96 55 ingé-

1580 1685 135 42 nieur,
1827 1685 144 40 Ecrire
2008 1699 53 27 au
2099 1683 172 42 Bureau
2310 1683 50 41 de
2396 1683 39 41 la
2472 1683 147 42 Revue
2657 1695 86 28 aux

1573 1746 188 40 initiales
1793 1745 51 41 C.
1879 1745 59 41 T,
1972 1745 57 41 H,

262 1943 127 43 DER
453 1942 582 43 BAUPOLIZEILICHE
1099 1942 190 44 FEUER-

264 2003 260 43 SCHUTZ
585 2005 69 41 IN
718 2004 516 43 WOHNGEBAUDE
1301 2005 126 42 FUR

264 2066 222 41 STADT
512 2066 59 41 U.
599 2066 192 43 LAND,
819 2081 79 38 par
920 2064 109 55 dipl.
1059 2067 96 53 Ing.
1186 2066 216 42 Schulzen-

263 2128 123 41 s:ein.
422 2128 208 42 Editions
661 2127 158 53 Hayns
850 2127 161 44 Erben,
1047 2127 147 43 Berlin
1228 2126 198 55 (1930).

264 2189 207 53 Ouvrage
509 2189 50 42 de
601 2204 92 38 344
733 2204 130 39 pages
901 2200 41 31 et
986 2204 87 39 170
1113 2189 313 42 illustrations.

263 2251 105 41 Prix
404 2267 9 25 :
451 2265 50 38 15
530 2250 111 44 RM.

2222 1973 522 60 Traductions

1642 2130 479 42 TRADUCTIONS
2153 2129 267 54 techniques,
2455 2145 50 27 en
2536 2129 202 52 français,

1577 2190 274 42 néerlandais
1882 2201 39 32 et
1952 2191 237 42 allemand,
2315 2190 143 42 Ecrire
2489 2206 53 26 au
2573 2190 171 42 Bureau

1577 2252 50 41 de
1656 2253 38 41 la
1724 2252 148 43 Revue
1900 2267 100 26 sous
2029 2252 189 42 initiales
2247 2252 53 42 G.
2332 2252 52 41 K.
2416 2252 150 51 (Gand
2587 2253 28 50 ).

265 2530 193 43 L'ART
533 2530 80 42 DE
689 2530 203 44 BATIR
966 2530 134 42 UNE
1177 2530 252 42 MAISON

264 2592 339 42 AGREABLE
638 2591 85 42 ET
758 2591 200 47 SAINE,
994 2607 79 38 par
1105 2592 49 41 E.
1190 2591 236 44 Marcotte,

262 2654 89 52 ing.
377 2653 55 41 A.
458 2666 40 30 et
518 2652 82 45 M.,
625 2653 240 42 technicien
888 2653 204 42 sanitaire
1114 2652 212 53 diplômé.
1350 2652 79 42 Un

263 2717 183 40 volume
471 2715 49 41 de
549 2730 92 38 572
667 2730 142 38 pages,
842 2730 92 39 274
962 2714 311 43 illustrations.
1301 2714 128 41 Edité

262 2791 78 38 par
370 2778 38 41 la
438 2776 213 43 Librairie
678 2776 356 55 Polytechnique
1064 2777 51 42 C.
1146 2776 230 53 Béranger,
1407 2774 22 41 à

263 2838 136 42 Paris.
426 2838 107 41 Prix
565 2853 8 26 :
604 2852 56 39 95
690 2837 159 43 francs.

2463 2501 281 54 Divers

1647 2677 318 44 MODERNE
1995 2676 406 44 BAUFORMEN
2425 2676 123 54 (ann.
2589 2676 156 54 1930)

1582 2741 19 40 à
1628 2740 120 41 céder
1774 2740 263 42 d'occasion.
2066 2739 252 43 Collection
2347 2738 229 53 complète.
2605 2737 141 43 Ecrire

1582 2817 100 26 sous
1709 2801 190 42 initiales
1924 2801 52 42 C,
2006 2801 41 42 S.

481 3133 101 35 Les
615 3131 221 41 çlicfftés
871 3132 185 38 ayant
1083 3139 158 32 paru
1270 3133 158 34 dans

479 3315 274 40 peuvent
780 3314 133 36 être
940 3314 376 39 empruntés.
1364 3336 62 13 ...

259 3402 353 35 S'adresser
658 3407 78 28 au
784 3398 180 39 Siège
1007 3399 82 35 de
1134 3399 60 35 la
1241 3406 188 29 revue

1650 3046 425 43 DISPONIBLES.
2125 3046 80 41 Les
2250 3045 154 42 clichés
2452 3057 136 40 ayant
2635 3059 107 38 paru

1575 3108 178 54 jusqu'à
1779 3123 41 26 ce
1845 3108 103 51 jour
1975 3108 108 40 dans
2120 3122 21 25 «
2172 3106 62 42 La
2262 3106 99 42 Cité
2391 3122 21 26 »
2442 3118 193 42 peuvent
2659 3118 83 30 erre

1574 3169 253 52 empruntés
1862 3184 52 26 au
1947 3167 106 45 tarif
2085 3168 50 42 de
2170 3182 55 39 25
2261 3168 207 42 centimes
2501 3170 35 40 le
2568 3182 67 27 cm
2640 3170 14 21 2
2660 3200 10 10 ,

1640 3411 422 43 ARCHITECTE
2103 3412 184 42 céderait
2327 3412 248 41 d'occasion
2616 3412 97 54 quel-

1574 3488 103 38 ques
1716 3488 211 39 ouvrages
1965 3486 38 30 et
2041 3473 148 42 traités
2228 3474 49 41 de
2315 3473 320 42 construction.

1572 3534 142 40 Ecrire
1741 3535 172 39 Bureau
1942 3535 49 39 de
2017 3535 39 39 la
2082 3550 126 24 revue
2234 3550 101 24 sous
2361 3534 189 40 initiales
2576 3534 57 40 V.
2667 3534 69 40 W.
