2941 4010
2035 231 316 55 TEK
2435 233 57 53 H
2575 233 58 53 N
2716 235 44 51 E

258 3656 153 54 126

278 364 825 66 Grande-Bretagne.

282 505 81 41 LA
398 505 318 45 SECURITE
748 508 82 41 DE
863 509 80 42 LA
974 510 470 44 CIRCULATION.

348 639 111 42 Sous
501 643 37 40 la
580 642 247 51 présidence
867 644 59 40 du
966 643 208 44 Ministre
1214 644 232 43 Morrison

278 700 100 45 s'est
405 713 128 30 tenue
558 703 21 40 à
606 703 200 42 Londres
833 719 84 28 une
941 705 253 43 conférence
1221 707 71 42 des
1318 717 103 32 auto-

280 762 99 42 rités
405 764 58 40 du
488 779 109 37 pays
621 766 148 43 entier,
797 768 198 52 chargées
1023 769 50 40 de
1100 766 282 55 réglementer
1406 767 40 43 la

278 825 276 44 circulation,
590 842 116 37 pour
741 827 208 43 délibérer
981 844 72 27 sur
1086 830 57 41 les
1177 844 185 38 moyens
1397 829 49 41 de

278 885 108 43 faire
419 887 225 43 diminuer
675 889 36 41 le
743 890 188 41 nombre
964 905 98 27 sans
1094 905 105 28 cesse
1233 891 214 42 croissant

278 948 71 42 des
385 950 215 40 accidents
635 951 50 41 de
718 953 38 39 la
789 952 274 42 circulation.
1100 953 59 41 Le
1190 952 200 44 ministre
1423 968 22 25 a

278 1011 202 40 annoncé
505 1011 229 42 lui-même
759 1014 112 53 qu'il
899 1014 123 44 allait
1047 1014 156 42 édicter
1232 1014 69 42 des
1327 1028 94 39 pres-

277 1072 215 52 criptions
534 1074 258 53 auxquelles
837 1074 370 44 automobilistes,
1253 1076 164 41 conduc-

278 1144 115 30 teurs
421 1134 50 41 de
497 1134 232 43 véhicules,
759 1137 194 52 cyclistes
981 1149 39 30 et
1046 1137 174 53 piétons
1248 1138 198 42 auraient

278 1194 20 41 à
326 1210 39 26 se
395 1196 270 42 conformer.
694 1197 73 41 Au
795 1212 125 27 cours
948 1199 49 41 de
1025 1199 38 41 la
1089 1198 266 48 conférence,
1384 1213 59 27 on

278 1258 314 40 recommanda
632 1258 295 44 chaudement
968 1264 38 40 la
1047 1261 305 41 construction
1395 1260 50 41 de

278 1319 179 40 tunnels
487 1335 115 36 pour
633 1320 175 52 piétons
839 1337 87 26 aux
957 1323 153 52 points
1141 1323 276 40 d'encombre-

278 1391 136 30 ment.
448 1380 67 41 En
547 1392 139 35 outre,
722 1397 58 26 on
813 1382 81 42 cita
927 1397 171 27 comme
1131 1384 188 43 remèdes
1359 1399 9 25 :
1404 1383 40 41 la

278 1441 353 53 multiplication
667 1444 59 40 du
763 1444 110 43 tracé
907 1444 50 42 de
991 1444 136 54 lignes
1162 1445 160 42 d'arrêt
1356 1459 87 27 aux

276 1504 297 42 croisements,
609 1504 71 41 des
715 1520 205 27 examens
954 1519 135 31 avant
1124 1507 38 41 la
1199 1506 245 41 délivrance

277 1565 59 39 du
365 1565 162 52 permis
559 1565 50 42 de
637 1566 211 42 conduire
878 1567 244 53 (l'habileté
1151 1568 71 41 des
1251 1567 164 43 conduc-

278 1636 114 31 teurs
430 1627 362 44 d'automobiles,
832 1629 66 42 dit
933 1629 36 41 le
1005 1629 213 43 ministre,
1259 1645 52 26 ne
1347 1630 97 40 doit

275 1702 78 37 pas
383 1687 85 42 être
498 1690 35 40 le
563 1688 180 44 résultat
773 1690 49 40 de
850 1690 210 54 quelques
1088 1690 262 52 accidents),
1382 1705 60 27 un

278 1749 198 42 meilleur
519 1749 203 54 éclairage
766 1751 70 41 des
880 1766 107 30 rues,
1032 1767 83 26 une
1156 1752 286 53 propagande

277 1810 142 52 parmi
452 1813 55 39 les
536 1812 177 42 enfants
742 1812 71 41 des
842 1813 133 41 écoles
1004 1825 40 30 et
1073 1815 55 40 les
1157 1813 184 43 adultes.
1373 1813 68 42 En

273 1886 39 25 ce
335 1872 77 53 qui
433 1888 208 26 concerne
665 1874 344 42 l'amélioration
1038 1876 49 41 de
1110 1875 237 54 l'éclairage
1371 1876 71 40 des

277 1949 105 24 rues,
413 1949 57 25 on
498 1949 21 25 a
546 1935 215 40 demandé
785 1935 76 54 qui
887 1935 146 42 devait
1055 1951 146 38 payer,
1232 1937 55 40 les
1313 1948 103 30 auto-

277 1994 98 42 rités
406 1996 154 40 locales
590 2012 57 25 ou
680 1996 151 42 l'Etat.
866 1997 36 42 Il
932 1997 72 43 fut
1037 1998 200 52 répondu
1270 2013 83 40 que
1385 1999 55 40 les

272 2056 209 42 autorités
505 2057 112 42 dont
640 2059 38 40 la
701 2070 124 29 route
846 2059 249 52 dépendait,
1121 2059 201 43 devaient
1345 2059 72 53 éga-

272 2118 161 42 lement
456 2119 184 51 prendre
662 2119 97 41 soin
785 2121 49 39 de
856 2135 80 26 son
960 2120 217 54 éclairage.

580 2179 50 53 («
657 2181 58 41 Le
737 2180 298 44 Mouvement
1057 2183 278 42 Communal
1364 2199 38 25 ».
1423 2184 16 51 )

272 2392 437 55 Hollande.

273 2532 244 53 QUINZE
581 2534 249 42 ANNEES
891 2536 390 44 D'ACTIVITE
1344 2538 93 42 DU

273 2605 265 43 SERVICE
596 2607 114 41 DES
765 2608 396 44 LOGEMENTS
1218 2611 81 41 DE
1355 2611 82 41 LA

273 2679 188 41 VILLE
491 2680 498 45 D'AMSTERDAM.

340 2813 73 40 On
439 2829 20 25 a
484 2814 86 40 fêté
593 2814 263 43 récemment
879 2817 36 40 le
936 2817 93 40 XV
1035 2824 14 16 e
1070 2818 293 43 anniversaire
1387 2819 49 42 de

272 2874 38 41 la
343 2875 191 41 création
567 2876 58 40 du
656 2876 156 42 service
844 2878 69 40 des
943 2878 291 44 habitations,
1270 2881 21 40 à
1322 2881 76 42 Am-

269 2936 206 43 sterdam.

338 3010 40 40 A
409 3022 106 30 cette
545 3012 215 42 occasion,
796 3028 84 26 une
912 3013 215 44 brochure
1157 3031 21 26 a
1208 3015 62 42 été
1303 3015 133 42 éditée

268 3083 245 31 contenant
549 3073 70 40 des
658 3073 370 54 renseignements
1064 3076 281 43 intéressants
1381 3092 53 27 au

269 3133 116 51 sujet
409 3134 49 41 de
480 3134 211 41 l'activité
714 3135 50 41 de
786 3150 41 27 ce
850 3136 155 43 service
1028 3152 53 27 au
1108 3153 124 27 cours
1257 3138 50 42 de
1329 3149 106 32 cette

266 3195 178 52 période
472 3196 49 41 de
557 3211 11 25 i
584 3210 22 40 5
637 3196 170 43 années.

334 3268 67 41 En
433 3283 136 40 1915,
596 3271 38 40 la
658 3270 120 41 Ville
803 3286 51 26 ne
875 3271 223 52 possédait
1118 3287 166 27 aucune
1306 3273 102 43 habi-

268 3330 143 41 tation
450 3331 60 40 lui
546 3343 308 41 appartenant.
896 3332 327 53 Aujourd'hui,
1261 3334 77 43 elle
1375 3346 59 31 est

266 3392 287 52 propriétaire
587 3393 50 41 de
680 3394 170 53 10.163
890 3396 244 51 logements
1169 3397 260 45 construits;

268 3464 52 29 61
336 3468 23 38 g
400 3466 103 30 sont
539 3470 49 25 en
627 3455 306 42 construction
971 3468 40 31 et
1051 3457 92 41 810
1181 3472 50 27 en
1268 3459 161 52 projet.

266 3516 58 40 Le
346 3517 103 40 coût
474 3517 51 40 de
548 3531 62 26 ces
635 3518 329 42 constructions
985 3518 151 42 s'élève
1161 3518 20 41 à
1211 3519 89 54 885
1331 3520 75 42 mil-

1599 368 115 41 lions
1748 370 49 41 de
1829 369 165 47 francs;
2032 378 36 35 le
2098 373 188 51 produit
2320 376 164 40 annuel
2518 375 69 42 des
2622 377 141 53 loyers

1597 429 152 43 s'élève
1789 432 20 40 à
1855 447 59 39 50
1956 432 203 44 millions
2201 435 49 40 de
2290 434 160 43 francs.

1665 503 58 42 Le
1769 507 155 40 service
1971 509 259 41 communal
2277 509 198 42 contrôle
2522 510 241 54 également

1597 567 56 39 les
1677 567 278 44 habitations
1978 569 263 42 construites
2265 587 78 36 par
2369 573 70 40 des
2464 572 175 42 sociétés
2662 587 76 39 par-

1597 628 225 47 ticulières,
1863 644 97 26 avec
1994 630 70 42 des
2098 631 137 42 fonds
2268 633 138 52 prêtés
2439 649 79 38 par
2552 634 38 42 la
2625 634 135 42 Ville.

1595 689 81 41 Ces
1709 691 174 41 sociétés
1918 704 81 30 ont
2034 694 218 41 construit
2293 709 171 40 15,749
2502 696 256 53 logements,

1597 766 92 38 937
1732 753 243 52 logements
2014 768 103 29 sont
2155 770 50 26 en
2244 756 305 42 construction
2588 769 39 31 et
2666 758 92 54 567

1595 825 103 30 sont
1727 830 49 25 en
1806 815 161 52 projet.
2001 816 57 40 Le
2088 829 213 31 montant
2330 820 57 40 du
2422 818 134 42 crédit
2585 820 176 42 accordé

1594 891 79 36 par
1699 877 39 40 la
1767 876 121 41 Ville
1914 877 151 42 s'élève
2091 878 21 41 à
2148 894 13 25 1
2196 879 195 42 milliard
2420 895 93 38 410
2544 880 214 46 millions,

1594 952 170 26 somme
1794 939 329 43 remboursable
2152 956 49 26 en
2234 956 59 39 50
2326 957 91 27 ans.

1661 1011 169 53 Depuis
1867 1027 136 40 1925,
2036 1029 142 38 2,324
2208 1015 146 42 taudis
2381 1028 81 30 ont
2489 1016 61 41 été
2577 1016 183 43 déclarés

1594 1072 299 44 inhabitables
1918 1086 39 31 et
1983 1075 201 42 démolis.

1663 1147 275 43 L'ensemble
1973 1149 70 41 des
2076 1150 279 42 habitations
2391 1153 163 51 placées
2589 1167 101 27 sous
2725 1152 35 41 le

1593 1210 199 41 contrôle
1833 1210 58 40 du
1932 1211 154 41 service
2126 1215 259 40 communal
2426 1229 21 26 a
2488 1228 84 27 une
2610 1214 150 41 valeur

1592 1270 176 53 globale
1793 1272 50 40 de
1873 1287 22 25 2
1924 1271 218 44 milliards
2170 1289 91 39 415
2293 1274 202 42 millions
2521 1276 50 40 de
2597 1275 159 42 francs.

1662 1344 292 55 L'éloquence
1982 1346 49 41 de
2060 1362 63 26 ces
2148 1347 181 42 chiffres
2356 1349 198 52 dispense
2580 1349 50 42 de
2658 1361 99 32 tout

1592 1408 315 40 commentaire
1945 1422 53 27 au
2036 1408 114 52 sujet
2188 1410 50 40 de
2277 1410 174 43 l'effort
2487 1410 272 41 formidable

1593 1469 214 52 accompli
1834 1484 78 37 par
1940 1470 38 41 la
2007 1470 103 41 ville
2138 1471 335 41 d'Amsterdam
2502 1487 50 26 en
2582 1472 176 42 matière

1593 1531 50 39 de
1677 1531 305 42 construction
2018 1532 339 41 d'habitations.

1586 1812 420 42 DORDRECHT.
2034 1813 259 42 L'ECOLE
2317 1814 82 41 EN
2421 1814 187 42 PLEIN
2631 1813 122 44 AIR.

1658 1946 134 41 Grâce
1821 1947 20 40 à
1873 1947 170 42 l'active
2070 1947 327 42 collaboration
2428 1949 50 40 de
2507 1949 223 42 l'adminis-

1592 2008 164 40 tration
1782 2009 281 41 communale
2088 2021 38 30 et
2149 2010 21 40 à
2196 2010 335 42 l'intervention
2558 2020 173 32 extraor-

1590 2069 294 44 dinairement
1916 2070 174 42 efficace
2120 2071 50 42 de
2199 2072 254 42 l'initiative
2481 2072 158 53 privée,
2672 2085 83 28 une

1590 2130 112 42 école
1731 2146 49 26 en
1811 2133 118 51 plein
1963 2132 60 41 air
2056 2148 21 25 a
2109 2148 59 37 pu
2197 2133 85 42 être
2311 2133 241 41 construite
2584 2134 21 40 à
2635 2133 90 41 Dor-

1590 2193 163 42 drecht,
1792 2193 38 40 la
1863 2193 209 52 première
2105 2194 286 43 entièrement
2423 2195 115 42 bâtie
2572 2196 109 40 dans
2714 2209 41 26 ce

1590 2254 94 41 but.
1714 2254 60 41 Ce
1804 2255 109 44 n'est
1940 2271 75 36 pas
2045 2271 83 25 une
2155 2255 112 42 école
2294 2257 305 41 transformée.

1658 2328 35 44 Il
1719 2343 26 37 y
1775 2344 21 24 a
1823 2329 114 40 donc
1961 2328 308 43 actuellement
2293 2346 85 24 une
2404 2330 112 42 école
2542 2330 57 41 du
2628 2344 126 40 genre

1589 2390 20 39 à
1646 2390 61 40 La
1743 2389 145 53 Haye;
1928 2390 28 43 il
1991 2391 134 40 existe
2160 2391 242 53 également
2437 2406 83 27 une
2555 2391 112 43 école
2702 2406 49 26 en

1587 2452 118 51 plein
1730 2452 60 41 air
1815 2452 21 40 à
1861 2452 227 52 Katwijck
2111 2452 202 53 (réservée
2337 2453 306 52 spécialement
2666 2467 86 27 aux

1587 2513 177 41 enfants
1801 2514 49 40 de
1887 2514 146 52 Leyde
2051 2514 29 52 ),
2119 2529 85 26 une
2237 2514 21 40 à
2292 2515 287 41 Amsterdam
2613 2514 112 53 (com-

1589 2575 197 42 munale;
1816 2575 29 40 il
1870 2576 89 40 s'en
1986 2575 199 52 ajoutera
2211 2576 174 41 bientôt
2412 2591 84 26 une
2521 2575 228 52 seconde),

1588 2651 84 26 une
1698 2636 21 40 à
1749 2636 264 42 Rotterdam
2042 2636 301 53 (communale
2361 2638 14 52 )
2406 2650 39 30 et
2474 2653 84 26 une
2585 2638 21 40 à
2633 2637 89 41 Dor-

1587 2698 149 41 drecht
1764 2698 292 52 (particulière
2072 2698 31 53 ),
2136 2710 124 30 outre
2292 2701 56 40 les
2378 2699 134 42 écoles
2541 2698 211 43 annexées

1587 2760 20 40 à
1635 2760 183 41 certains
1846 2760 235 42 sanatoria.
2111 2760 42 41 A
2180 2760 96 41 bref
2303 2760 124 41 délai,
2458 2763 28 40 il
2513 2776 26 38 y
2568 2775 50 26 en
2649 2775 102 26 aura

1588 2836 81 26 une
1705 2836 49 25 en
1794 2821 175 41 activité
2004 2822 21 40 à
2062 2822 203 41 Arnhem
2304 2836 38 29 et
2382 2823 28 41 il
2449 2833 59 31 est
2544 2821 204 54 question

1587 2883 132 40 d'une
1747 2894 120 30 autre
1894 2883 20 40 à
1941 2883 223 42 Haarlem.
2193 2883 276 44 Lentement,
2500 2883 109 42 mais
2635 2883 93 41 sûre-

1586 2956 134 30 ment,
1747 2956 105 30 cette
1876 2944 261 44 institution
2161 2960 39 26 se
2224 2944 240 53 développe
2488 2956 40 30 et
2554 2944 111 42 ainsi
2690 2959 59 26 un

1585 3007 139 52 grand
1749 3006 187 42 nombre
1961 3006 226 42 d'enfants
2213 3008 77 52 qui
2316 3022 50 26 ne
2389 3007 245 52 pouvaient
2658 3021 90 38 pas,

1585 3082 97 26 sans
1719 3068 123 40 nuire
1877 3068 22 40 à
1938 3068 90 41 leur
2066 3068 134 45 santé,
2241 3068 143 42 suivre
2423 3069 56 40 les
2517 3083 125 26 cours
2679 3068 71 41 des

1585 3129 132 41 écoles
1747 3129 226 52 primaires
2003 3129 276 48 habituelles,
2310 3141 193 41 peuvent
2531 3129 120 53 jouir
2679 3129 71 41 des

1585 3190 209 41 bienfaits
1821 3192 49 39 de
1898 3191 361 53 l'enseignement
2286 3203 99 30 tout
2411 3207 49 25 en
2489 3205 261 30 recouvrant

1584 3254 38 39 îa
1656 3252 134 42 santé.

1891 3326 49 51 («
1967 3327 58 42 Le
2048 3327 297 42 Mouvement
2368 3328 278 41 Communal
2674 3342 39 25 ».
2735 3327 14 50 )
