2630 4002
1209 253 114 61 211

219 412 285 72 vivante,
523 411 36 60 à
579 411 93 61 vil
700 412 169 78 prix.
902 410 145 61 Elle
1067 411 377 61 travaillera
1471 428 168 62 pour
1660 428 283 63 presque
1971 412 168 74 rien,
2181 429 131 44 non

262 509 71 43 as
360 490 214 60 même
603 508 167 59 pour
795 506 68 44 se
877 505 368 56 conserver,
1273 490 167 60 mais
1465 508 165 59 pour
1650 491 253 61 mourir
1923 491 220 60 moins
2155 491 157 74 vite,

212 593 10 58 ;
259 589 121 43 our
409 570 262 76 saigner
711 588 93 42 un
832 586 128 60 peu
990 569 152 77 plus
1171 569 393 78 longtemps.
1597 570 82 60 Et
1708 572 162 59 cette
1919 571 355 78 surproduc-

211 660 36 50 t:
271 668 82 43 on
385 647 318 61 humaine
730 665 69 42 se
828 647 315 78 produira
1172 647 79 59 de
1279 647 184 59 toute
1494 647 348 75 nécessité,
1872 650 289 76 puisque
2191 650 121 58 nul

217 727 406 64 n'embrasse
701 729 158 58 d'un
948 745 165 59 coup
1204 726 177 60 d'œil
1463 726 329 61 l'étendue
1875 730 87 57 du
2047 729 265 59 marché

216 809 363 61 d'hommes
620 806 337 60 universel
1001 806 63 59 et
1092 821 83 44 ne
1203 806 160 76 peut
1392 804 116 61 dès
1532 805 134 60 lors
1722 805 197 60 saisir
1973 806 341 61 l'inutilité

219 885 245 63 cruelle
496 885 78 58 de
605 884 205 62 l'offre
863 884 370 61 incessante
1292 884 368 61 d'hommes
1719 885 115 75 qui
1884 900 81 45 ne
1995 887 319 74 pourront

211 969 155 76 plus
398 980 70 43 se
496 964 269 61 vendre.

295 1045 171 58 Tout
487 1042 252 61 contrat
765 1044 79 58 de
871 1042 237 61 travail
1138 1042 263 60 devient
1430 1040 548 61 inévitablement
2021 1059 93 42 un
2145 1059 127 43 mar-

212 1122 118 63 ché
363 1122 80 60 de
475 1121 174 76 dupe
673 1139 168 61 pour
868 1122 61 60 le
976 1121 405 61 travailleur.
1412 1120 187 61 Dans
1625 1120 146 60 tout
1799 1120 180 77 objet
2012 1121 301 61 travaillé

209 1205 48 60 il
285 1219 194 62 passe
501 1218 129 43 une
661 1202 210 77 partie
901 1201 115 60 des
1048 1201 302 72 facultés,
1385 1200 116 61 des
1523 1199 211 61 forces
1762 1201 61 59 et
1844 1201 89 59 du
1966 1216 163 61 sang
2158 1201 156 60 d'un

211 1285 290 69 homme,
549 1280 160 61 dont
762 1281 62 61 le
870 1279 291 61 sacrifice
1233 1280 310 61 demeure
1588 1296 156 44 sans
1791 1279 519 61 rémunération.

209 1361 208 61 Toute
437 1359 106 61 vie
570 1359 371 61 laborieuse
972 1359 292 59 contient
1291 1375 129 43 une
1449 1359 145 76 part
1616 1359 78 58 de
1722 1357 131 60 don
1882 1359 268 76 gratuit,
2185 1375 127 60 que

206 1440 173 63 celui
409 1439 114 77 qui
553 1439 104 61 n'a
683 1440 144 60 rien
855 1437 123 61 fait
1005 1439 517 59 incessamment
1552 1454 84 43 au
1664 1437 201 60 riche.
1912 1439 166 58 Plus
2105 1437 49 60 il
2183 1439 96 59 tra-

206 1520 221 72 vaille,
459 1519 153 76 plus
643 1517 48 60 il
713 1517 425 79 s'appauvrit.
1153 1517 94 60 La
1273 1517 240 61 misère
1529 1534 168 60 pour
1724 1516 99 60 lui
1849 1533 80 44 ne
1962 1517 345 78 surgitpas

209 1601 77 60 de
324 1600 192 58 terre.
563 1597 143 61 Elle
737 1600 100 58 est
865 1614 93 43 un
984 1596 272 78 produit
1308 1597 79 60 de
1440 1596 338 72 l'homme,
1828 1611 255 46 comme
2112 1596 66 60 la
2219 1597 60 59 ri-

205 1681 230 60 chesse
490 1677 207 60 aussi.
730 1677 55 59 Il
828 1677 64 59 la
943 1675 179 79 forge
1153 1676 79 60 de
1291 1691 106 45 ses
1444 1675 174 61 bras.
1677 1675 54 60 Il
1759 1675 65 60 la
1877 1675 165 60 tisse
2087 1675 80 61 de
2195 1691 106 45 ses

202 1760 239 61 mains.

1216 1908 63 59 II

280 2090 191 59 Trois
516 2090 242 59 classes
789 2105 85 43 au
907 2086 160 62 total
1112 2102 69 43 se
1237 2083 310 61 trouvent
1595 2097 83 45 en
1707 2079 335 79 présence.
2089 2077 219 60 Avant

201 2170 143 59 tout
375 2168 65 60 la
468 2168 245 79 grande
733 2165 348 81 propriété,
1117 2165 158 59 dont
1289 2163 63 60 le
1385 2163 135 59 sort
1550 2159 200 61 serait
1769 2157 176 79 réglé
1974 2156 156 61 bien
2145 2156 160 72 vite,

203 2250 56 58 si
283 2248 133 60 l'on
445 2247 341 61 considère
828 2246 61 61 le
924 2243 275 62 nombre
1225 2242 229 60 infime
1504 2241 80 59 de
1637 2256 108 44 ses
1783 2234 488 80 représentants
2286 2252 18 55 ;

193 2330 157 76 puis
377 2328 67 60 la
461 2328 203 78 petite
692 2325 327 81 propriété
1047 2323 278 61 urbaine
1355 2322 63 60 et
1446 2319 238 61 rurale.
1714 2317 198 61 Enfin
1932 2316 61 61 le
2026 2314 246 78 proléta-

198 2407 125 62 riat
352 2412 287 60 ouvrier.
671 2411 93 61 Le
793 2410 136 59 mal
958 2405 152 59 c'est
1132 2420 129 61 que
1291 2402 64 60 la
1372 2399 201 79 petite
1600 2394 327 82 propriété
1957 2411 83 44 en
2063 2393 240 61 veuille

196 2504 85 43 au
309 2487 405 78 prolétariat.
747 2488 174 63 C'est
950 2500 127 61 que
1105 2482 65 60 la
1197 2481 166 59 lutte
1391 2478 188 61 doive
1607 2493 70 44 se
1705 2491 228 63 passer
1962 2474 182 60 entre
2177 2472 125 61 elle

198 2567 63 60 et
286 2566 123 72 lui,
438 2571 63 60 et
530 2586 129 42 non
675 2585 118 62 pas
837 2568 182 60 entre
1047 2579 129 43 eux
1206 2557 280 63 coalisés
1515 2558 64 60 et
1606 2556 64 59 la
1700 2554 243 79 grande
1968 2551 331 78 propriété

196 2646 108 77 qui
332 2647 99 60 les
463 2666 199 61 gruge
691 2651 154 58 tous
872 2647 193 60 deux.
1099 2643 56 59 Il
1175 2641 113 77 n'y
1320 2656 35 42 a
1382 2655 119 61 pas
1527 2652 277 61 enrayer
1833 2634 166 60 cette
2031 2632 264 60 marche

191 2726 119 61 des
353 2728 234 61 choses
619 2727 236 79 depuis
883 2723 372 78 longtemps
1283 2714 381 64 inévitable.
1711 2712 169 62 Mais
1910 2712 66 60 la
2006 2711 253 76 résigna-

192 2805 140 62 tion
362 2810 99 58 est
491 2807 193 62 facile
714 2807 60 61 si
800 2806 65 61 la
883 2802 269 64 victoire
1185 2800 99 59 est
1312 2815 87 43 au
1418 2797 186 61 bout.

267 2885 122 63 Ces
412 2887 166 62 trois
607 2888 245 60 classes
884 2878 407 68 constituent
1331 2895 83 43 en
1442 2876 247 59 France
1717 2888 131 45 une
1876 2868 413 80 population,

195 2965 428 63 statiennaire
682 2967 164 60 dans
889 2980 121 46 son
1048 2957 362 74 ensemble,
1460 2952 341 62 d'environ
1851 2951 76 61 37
1994 2948 297 60 millions

193 3060 116 44 sur
362 3046 297 77 lesquels
733 3045 51 59 il
858 3042 146 61 faut
1062 3037 292 80 compter
1416 3033 78 61 10
1541 3031 298 61 millions
1901 3027 393 74 d'ouvriers,

190 3123 74 61 18
299 3125 298 62 millions
628 3125 80 62 de
728 3139 292 64 paysans
1039 3121 64 61 et
1126 3118 36 63 9
1193 3114 297 64 millions
1540 3112 80 60 de
1667 3111 353 76 bourgeois
2053 3107 246 77 grands

193 3205 63 58 et
310 3205 225 77 petits.
591 3202 347 64 Toutefois
999 3216 107 46 ces
1176 3197 247 61 classes
1485 3192 150 61 sont
1691 3187 467 63 enchevêtrées
2220 3186 82 59 de

190 3282 152 64 telle
375 3287 175 60 sorte
582 3302 127 61 que
734 3283 218 61 même
991 3281 166 61 dans
1199 3277 98 61 les
1336 3271 488 82 départements
1852 3268 99 61 les
1997 3266 158 77 plus
2202 3262 67 65 in-

187 3361 347 79 dustriels,
567 3363 99 63 les
696 3363 300 63 ouvriers
1020 3377 83 45 ne
1129 3356 286 63 forment
1442 3367 119 64 pas
1592 3349 153 79 plus
1777 3348 79 61 de
1880 3346 72 61 51
1987 3346 105 78 o|o
2122 3346 82 61 de
2233 3346 65 59 la

183 3443 391 78 population
597 3445 222 63 totale.
849 3442 94 64 Ils
972 3441 151 63 sont
1150 3438 78 61 44
1246 3435 106 78 OjO
1372 3435 166 62 dans
1557 3431 64 63 le
1651 3427 457 81 département
2130 3426 80 61 de
2232 3424 64 61 la

184 3520 214 67 Seine.
