2630 4002
1353 265 116 61 236

349 428 328 76 longueur
708 426 79 59 de
818 424 406 72 l'Entr'acte;
1256 426 275 75 peut-on
1564 423 331 61 s'étonner
1923 442 128 59 que
2083 427 163 58 cette
2281 427 168 58 admi-

353 508 213 59 ration
606 504 233 60 finisse
882 522 119 60 par
1050 504 390 78 s'exprimer
1482 503 651 61 tumultueusement
2164 522 132 43 sur

350 592 117 56 des
501 584 390 73 lampions?

430 774 89 58 M.
557 771 207 61 Oscar
811 770 219 61 Wilde
1077 770 99 60 dit
1220 785 127 61 que
1390 769 295 58 Dickens
1727 771 99 57 est
1872 788 91 40 un
2027 791 28 35 «
2088 771 301 76 polisson
2419 793 29 35 »
2469 769 20 78 ;

348 852 87 60 M.
465 854 304 58 Maurras
791 849 276 78 prétend
1092 865 126 61 que
1248 849 87 59 M.
1374 847 75 61 0.
1484 847 226 60 Wilde
1744 851 99 57 est
1877 868 29 39 «
1938 868 90 40 un
2062 852 207 74 grand
2295 851 191 78 poète

350 934 258 76 anglais
656 953 54 39 ».
762 932 189 59 Nous
979 946 277 59 croyons
1305 929 280 76 pouvoir
1632 927 296 63 affirmer
1976 948 157 43 avec
2161 931 293 61 l'assenti-

353 1015 185 58 ment
576 1012 118 59 des
745 1011 170 59 bons
964 1009 241 76 esprits
1238 1025 127 59 que
1396 1007 294 60 Dickens
1731 1007 170 61 n'est
1930 1026 120 60 pas
2084 1028 85 40 un
2230 1031 28 35 «
2285 1011 170 78 polis-

353 1110 122 43 son
508 1114 29 36 »
564 1092 155 78 plus
753 1108 127 59 que
912 1089 86 59 M.
1041 1087 219 61 Wilde
1290 1086 169 61 n'est
1492 1106 29 37 «
1557 1105 89 41 un
1679 1089 208 77 grand
1915 1090 192 76 poète
2135 1110 57 40 ».

430 1343 94 58 La
569 1343 272 69 Syrin
846 1383 17 26 x,
894 1334 380 77 anthologie
1308 1336 373 61 mensuelle
1732 1336 79 61 de
1841 1338 272 77 poèmes
2147 1339 99 60 est
2279 1339 36 58 à
2344 1338 144 62 lire.

424 1599 88 60 M.
548 1595 150 61 Loti
730 1613 36 42 a
797 1612 79 42 eu
918 1608 130 43 une
1098 1593 346 60 mauvaise
1472 1611 227 59 presse
1746 1613 13 41 :
1816 1595 99 60 les
1968 1598 323 77 quelques
2347 1593 129 82 centaines

343 1593 86 66 de
472 1593 386 66 personnes
901 1593 86 66 du
1030 1593 172 66 sexe
1245 1593 86 66 et
1374 1593 86 66 M.
1503 1593 215 66 Zola,
1761 1593 129 66 qui
1933 1593 471 66 assistèrent
2447 1593 43 66 à

347 1778 120 42 son
499 1757 376 62 exhibition
923 1752 459 80 académique,
1415 1754 165 60 l'ont
1623 1755 235 61 trouvé
1895 1758 162 75 petit
2090 1760 79 59 de
2208 1759 187 61 taille
2428 1759 62 59 et

347 1840 80 59 de
457 1838 157 60 voix
661 1856 30 37 «
724 1853 124 60 peu
882 1832 310 80 poétique
1227 1854 53 37 ».
1341 1834 55 59 Il
1429 1852 35 41 a
1496 1834 414 61 mécontenté
1958 1839 145 59 tout
2149 1839 62 59 le
2244 1838 242 61 monde

344 1920 69 60 et
435 1920 91 59 M.
560 1917 239 59 Barrés
933 1929 70 44 ce
1032 1913 115 76 qui
1176 1917 99 57 est
1305 1932 93 42 un
1432 1932 126 60 peu
1591 1914 65 61 la
1686 1918 218 60 même
1931 1918 220 74 chose,
2184 1919 36 59 à
2257 1937 44 60 y
2330 1920 156 60 bien

349 1998 323 62 réfléchir.

424 2185 89 59 M.
546 2183 268 61 Daudet
842 2182 265 78 déplore
1139 2200 29 39 «
1199 2182 63 59 la
1295 2181 169 77 gaffe
1488 2201 28 36 »
1556 2182 80 60 de
1669 2200 120 42 son
1822 2185 134 58 ami
1989 2186 151 60 Loti
2174 2187 310 78 (Violette

347 2282 80 42 en
460 2262 320 79 hindou?)
823 2265 62 57 et
915 2263 334 77 proclame
1281 2277 129 60 que
1437 2261 149 60 l'art
1617 2262 158 60 c'est
1804 2263 64 60 la
1914 2285 28 36 «
1990 2267 352 60 recherche
2394 2268 90 60 du

341 2346 144 58 vrai
517 2366 53 38 ».
606 2343 59 60 Y
697 2343 198 72 a-t-il,
932 2345 182 58 entre
1144 2345 155 57 tous
1332 2342 97 60 les
1474 2342 254 60 scribes
1761 2345 79 58 de
1872 2362 122 42 nos
2041 2364 30 40 «
2117 2347 77 60 20
2224 2347 121 62 000
2390 2366 66 43 ro-

343 2442 193 44 mans
565 2441 117 61 par
714 2440 83 42 an
830 2441 58 55 »,
922 2440 104 43 un
1055 2427 154 56 seul
1241 2421 114 77 qui
1384 2437 71 45 se
1495 2421 259 62 déclare
1791 2444 29 35 «
1854 2425 36 58 à
1919 2425 66 59 la
2010 2427 353 61 recherche
2400 2428 86 60 du

343 2505 162 61 faux
538 2526 28 36 »
588 2503 29 61 ?

421 2710 188 60 Dans
639 2709 62 60 le
734 2713 334 57 Mercure
1107 2713 80 56 de
1234 2712 281 56 France
1552 2724 12 41 :
1629 2724 92 42 un
1782 2708 282 61 curieux
2116 2716 236 73 poëme
2403 2731 80 42 en

341 2808 196 61 prose
580 2790 80 60 de
694 2789 218 78 Rémy
946 2790 80 60 de
1065 2788 414 71 Gourmont;
1516 2788 117 58 des
1683 2806 152 42 vers
1883 2790 80 60 de
2018 2792 227 61 Pierre
2300 2794 147 70 Quil-

341 2872 149 59 lard
531 2872 62 58 et
626 2870 79 60 de
753 2870 72 60 F.
888 2869 297 74 Hérold;
1252 2886 131 43 une
1435 2867 201 61 étude
1680 2868 80 60 de
1799 2869 121 60 Th.
1956 2870 262 61 Randai
2276 2891 116 45 sur
2423 2874 60 60 le

350 2957 261 56 Devoir
612 2999 11 23 ,
660 2952 62 59 et
753 2952 118 61 des
893 2953 189 58 notes
1115 2966 272 62 sagaces
1415 2949 63 60 et
1502 2947 431 80 ingénieuses
1966 2952 80 61 de
2075 2952 81 61 A.
2193 2954 285 61 Valette.

419 3190 344 78 Quelques
797 3207 367 61 personnes
1196 3188 366 80 réclament
1603 3188 81 80 La
1725 3188 365 80 Wallonie.

1239 3413 75 48 Le
1350 3412 514 49 Directeur-Gérant
1889 3428 12 33 :
1935 3416 60 47 L.
2026 3416 271 49 BERNARD

504 3567 118 43 1635.
657 3566 152 43 Paris.
923 3567 114 53 Typ.
1065 3566 146 43 A.-M.
1238 3566 300 50 BEAUIJELOT,
1560 3565 69 53 16,
1649 3576 87 32 rue
1765 3566 56 43 de
1850 3567 245 46 Verneuil.
