2630 4002
1353 198 120 62 228

430 561 69 58 L'
595 560 339 62 Entraîné
935 580 70 60 par
1047 562 292 60 Maurice
1385 561 254 71 Quillot
1672 558 258 78 (Perrin
1963 560 64 58 et
2058 558 47 61 G
2110 557 41 43 ie
2184 557 305 74 éditeur).

349 641 77 58 Je
461 657 104 42 me
598 640 146 61 suis
776 642 266 76 complu
1077 642 34 59 à
1141 642 122 60 lire
1290 641 178 77 jadis
1499 643 177 58 Sous
1709 640 163 57 l'œil
1888 642 117 56 des
2034 641 361 58 Barbares
2429 640 64 55 et

355 725 104 56 Un
486 723 298 59 Homme
819 726 178 56 libre
1028 723 64 58 et
1121 722 61 59 le
1211 726 258 56 Jardin
1512 725 80 53 de
1648 716 349 63 Bérénice.
2043 718 274 61 J'avoue
2364 734 127 59 que

345 800 118 75 j'ai
527 801 221 60 moins
797 802 193 76 goùfé
1045 802 65 59 la
1163 802 400 76 paraphrase
1624 816 128 60 que
1811 802 184 60 vient
2043 800 149 61 d'en
2236 798 254 59 donner

351 880 87 58 M.
477 878 278 71 Quillot.
795 882 149 60 Gela
978 882 143 59 seul
1167 882 114 76 qui
1323 883 127 56 m'a
1497 880 116 76 plu
1666 897 77 42 en
1790 882 89 59 M.
1917 881 278 71 Quillot,
2221 877 159 61 c'est
2420 894 74 41 sa

350 961 361 60 touchante
743 961 259 61 naïveté
1033 962 79 59 de
1138 961 204 77 jeune
1375 960 418 77 philosophe,
1820 961 400 61 découvrant
2249 957 205 60 l'Amé-

351 1040 195 77 rique
580 1041 37 58 à
664 1041 255 77 chaque
965 1059 141 58 pas.
1143 1040 222 69 Quant
1395 1041 36 58 à
1475 1040 465 62 l'adolescente
1981 1041 237 60 ardeur
2254 1037 205 60 doctri-

351 1122 183 57 naire
584 1121 80 58 de
711 1137 105 42 ses
856 1120 218 72 héros,
1124 1120 120 59 elle
1291 1118 120 61 fait
1454 1118 218 78 plutôt
1705 1121 255 60 sourire
1995 1140 11 39 :
2043 1137 107 44 ces
2199 1116 290 77 éphèbes

351 1202 117 56 ont
518 1200 331 59 vraiment
900 1200 149 58 l'air
1096 1200 80 58 de
1223 1200 202 59 sortir
1472 1200 78 58 de
1590 1198 64 60 la
1703 1201 345 77 redingote
2112 1201 78 58 de
2240 1197 253 75 Royer-

350 1280 292 72 Collard,
675 1297 70 42 ce
778 1280 116 77 qui
925 1280 340 77 m'afflige.

428 1360 171 59 Mais
622 1360 67 77 je
724 1376 80 43 ne
835 1376 177 42 veux
1038 1360 155 76 plus
1223 1360 378 78 longtemps
1633 1360 227 59 railler
1888 1360 88 61 M.
1996 1360 282 71 Quillot,
2312 1356 145 60 d'au-

349 1442 142 56 tant
523 1440 162 76 qu'il
717 1445 130 53 m'a
877 1438 146 60 l'air
1046 1440 128 59 fort
1196 1440 390 72 convaincu,
1611 1457 257 42 comme
1897 1440 46 59 il
1964 1441 60 60 le
2049 1457 145 44 sera
2221 1440 270 73 lorsque

351 1520 167 59 dans
552 1518 326 78 quelques
908 1518 245 61 années
1181 1520 49 59 il
1261 1520 260 59 reniera
1553 1537 70 44 ce
1667 1521 290 76 premier
1988 1521 191 71 livre,
2208 1535 169 61 pour
2409 1534 79 42 en

350 1598 203 60 écrire
585 1600 290 59 d'autres
894 1600 364 71 meilleurs,
1284 1600 434 61 cedont'ilest
1745 1601 293 76 capable.
2066 1601 143 72 Car,
2239 1597 251 76 malgré

348 1680 221 58 toutes
616 1678 99 60 les
776 1680 472 71 maladresses,
1294 1682 153 57 tous
1497 1680 95 59 les
1656 1680 404 73 snobismes,
2109 1681 222 60 toutes
2392 1677 98 59 les

350 1758 504 78 inexpériences
901 1760 79 59 de
1021 1760 38 58 Y
1066 1758 351 61 Entraîné
1437 1778 14 53 ;
1497 1760 254 76 malgré
1802 1761 98 60 les
1938 1761 193 60 titres
2174 1774 274 62 pompeu-

351 1841 259 58 sement
642 1838 423 79 prétentieux
1088 1840 116 59 des
1232 1840 332 77 chapitres
1590 1840 63 77 (4
1657 1851 22 29 e
1705 1845 342 68 Psychose
2074 1841 38 60 2
2118 1850 20 30 e
2159 1845 115 56 Sec
2292 1836 199 79 tion),

351 1920 328 76 quelques
727 1920 256 59 bonnes
1014 1938 198 59 pages
1259 1926 100 71 s'y
1388 1922 335 60 trouvent.
1760 1921 142 71 Que
1934 1922 89 60 M.
2071 1920 257 72 Quillot
2364 1918 127 60 lise

350 2016 93 42 un
492 2018 131 58 peu
678 2000 222 59 moins
950 2004 348 57 Oberman
1357 2006 62 55 et
1482 2019 91 40 un
1635 2019 127 59 peu
1826 2002 155 78 plus
2048 2001 255 62 Goethe
2375 2015 119 61 par

350 2080 324 77 exemple,
710 2082 62 57 et
802 2080 61 59 le
895 2080 250 79 régime
1177 2081 98 58 lui
1308 2098 147 43 sera
1482 2099 157 43 sans
1673 2082 200 60 doute
1907 2082 370 78 profitable.
2310 2077 180 71 Qu'il

349 2160 137 59 s'en
522 2160 316 76 enquière
889 2160 254 77 auprès,
1191 2161 91 58 du
1333 2162 268 77 Psycho
1652 2162 414 61 Théramène
2114 2161 375 70 lui-même,

346 2240 162 58 dont
520 2240 97 59 les
638 2240 308 59 discours
962 2240 211 59 m'ont
1183 2259 192 58 paru,
1397 2241 68 76 je
1482 2241 146 60 dois
1644 2241 59 61 le
1727 2242 164 73 dire,
1917 2244 187 59 aussi
2123 2241 370 61 fastidieux

349 2336 128 61 que
509 2320 60 59 le
600 2319 162 60 récii
795 2321 80 58 de
909 2338 121 41 son
1061 2320 336 78 classique
1428 2321 433 77 homonyme.

427 2654 131 56 Les
582 2653 347 58 chansons
955 2654 252 57 naïves
1236 2668 119 60 par
1385 2651 171 60 Paul
1590 2650 325 80 Gérardy.

424 2730 106 59 Un
569 2730 290 76 premier
909 2730 166 61 livre
1122 2731 80 60 de
1248 2749 175 55 vers,
1475 2733 531 76 inexpérimenté
2052 2735 236 73 certes,
2321 2735 171 60 mais

341 2809 182 77 plein
547 2811 80 60 de
660 2810 187 78 grâce
876 2811 61 59 et
966 2810 80 61 de
1074 2811 262 61 charme
1356 2832 16 54 ;
1407 2811 114 63 des
1546 2814 274 76 poèmes
1844 2814 277 60 délicats
2154 2815 336 76 qu'anime

339 2890 194 61 l'âme
585 2890 118 61 des
758 2891 300 60 ancêtres
1110 2891 335 75 Wallons,
1498 2911 131 44 une
1687 2895 146 59 âme
1889 2894 491 80 mélancolique
2430 2898 61 59 et

337 2973 387 59 naïvement
757 2973 231 58 douce.
1027 2971 183 61 Cette
1256 2973 147 61 âme
1436 2974 173 60 revit
1639 2975 188 60 aussi
1860 2975 169 60 dans
2082 2977 101 59 les
2228 2980 262 56 amants

337 3050 116 78 qui
499 3051 223 61 disent
753 3069 134 42 aux
918 3054 327 72 amantes,
1279 3053 60 61 le
1386 3053 138 61 lied
1571 3071 128 60 que
1747 3072 174 44 nous
1969 3057 238 59 chante
2240 3057 88 59 M.
2364 3055 84 64 Gé-

336 3131 151 60 rard
496 3149 42 61 y
571 3149 14 41 :

693 3267 83 54 Le
797 3266 120 55 lied
939 3281 116 56 que
1087 3283 145 38 mon
1262 3271 133 51 âme
1428 3269 348 54 chantonne

697 3340 147 53 Mon
873 3338 122 54 lied
1025 3354 274 54 peureux
1331 3341 105 69 qui
1460 3340 208 71 pleure
1700 3358 84 36 un
1806 3358 138 54 peu.

697 3411 109 53 Est
833 3411 396 70 germanique
1262 3415 57 49 et
1350 3413 171 52 triste
1552 3429 83 36 un
1667 3427 139 55 peu,

699 3483 83 54 Le
806 3483 122 54 lied
956 3499 118 54 que
1105 3499 146 38 mon
1285 3483 133 56 âme
1451 3485 370 54 chantonne.
