2630 4002
1282 312 122 62 218

343 479 189 61 Nous
576 491 294 44 sommes
899 474 141 60 loin
1072 474 80 61 de
1191 474 90 61 M.
1317 474 680 79 Sully-Prudhomme
2048 478 64 58 et
2157 477 82 62 de
2292 494 120 46 son

266 557 196 63 traité
494 555 80 61 de
600 553 478 62 versification.

341 639 97 60 La
480 634 432 80 plaisanterie
938 652 174 43 nous
1145 634 113 61 eût
1289 633 101 62 été
1417 633 217 72 facile,
1656 633 62 61 le
1750 634 176 78 style
1950 634 82 61 de
2061 634 349 66 l'écrivain

263 718 101 79 s'y
407 715 263 80 prêtant
701 715 38 60 à
771 714 341 61 merveille
1168 717 65 58 et
1281 714 62 61 le
1387 713 420 79 pédantisme
1859 713 306 80 qu'exige
2220 718 188 64 toute

261 795 437 63 dissertation
735 794 362 79 technique
1134 794 242 60 autour
1420 793 90 60 du
1553 792 187 61 Beau
1794 797 422 75 provoquant
2268 813 136 49 une

256 875 409 80 impression
692 874 272 79 pénible
1004 875 36 59 à
1083 874 66 60 la
1180 873 128 61 fois
1341 874 62 60 et
1451 872 308 77 comique
1813 872 121 80 (1);
1996 874 175 61 mais
2229 892 176 48 nous

257 958 362 79 garderons
646 955 80 61 de
754 955 367 79 plaisanter
1149 971 93 43 un
1271 954 268 60 homme
1569 953 119 77 qui
1722 953 80 62 de
1831 953 222 63 bonne
2091 954 96 62 foi
2218 957 148 63 cher-

261 1039 121 61 che
412 1038 68 60 la
509 1036 209 62 vérité
750 1036 299 72 relative,
1083 1033 606 79 ingénieusement.

340 1118 173 62 Sans
557 1117 226 72 doute,
818 1133 71 43 ce
922 1133 128 60 que
1079 1113 98 62 dit
1201 1113 285 61 l'auteur
1517 1113 92 60 du
1850 1116 191 59 brisé
2069 1118 162 75 peut
2259 1117 140 65 être

259 1198 355 62 concluant
646 1213 169 61 pour
858 1196 117 78 qui
1019 1194 256 73 conçoit
1312 1194 97 60 les
1441 1192 361 78 symétries
1834 1193 422 81 syllabiques
2288 1215 79 45 au-

260 1279 292 63 trement
581 1293 129 61 que
754 1292 258 44 comme
1042 1292 134 44 une
1207 1273 343 61 virtualité
1580 1273 81 60 de
1701 1274 379 78 prosodiste
2099 1295 18 54 ;
2190 1276 49 60 il
2292 1278 114 79 n'y

260 1358 245 72 aurait,
537 1356 350 80 peut-être,
915 1372 121 61 pas
1065 1356 80 59 de
1173 1353 354 75 difficulté,
1559 1354 346 73 toutefois,
1939 1356 38 59 à
2025 1356 381 66 démontrer

257 1439 68 61 la
353 1438 232 61 valeur
631 1434 472 61 indéfiniment
1150 1433 220 61 variée
1427 1433 116 61 des
1604 1432 324 78 syllabes,
1986 1436 38 59 à
2081 1436 320 76 dévoiler,

255 1517 432 80 longuement
708 1516 101 61 les
839 1516 272 59 accords
1141 1514 82 61 de
1252 1513 475 74 l'allitération,
1755 1514 61 63 le
1845 1516 314 78 magique
2190 1522 214 61 secret

254 1601 81 59 de
360 1599 82 60 Ye
473 1598 186 60 muet
687 1594 143 79 (sur
873 1594 162 79 quoi
1065 1596 102 59 est
1195 1594 199 61 basée
1423 1594 66 60 la
1531 1596 187 59 toute
1750 1596 317 78 musique
2099 1598 81 61 de
2212 1601 189 61 notre

249 1678 296 79 langue),
578 1677 36 60 à
645 1674 331 63 dénoncer
1008 1673 395 66 l'absurdité
1455 1674 80 61 de
1581 1674 63 61 la
1694 1676 480 63 classification
2227 1678 139 62 arbi-

247 1758 204 62 traire
492 1757 119 61 des
640 1756 209 61 rimes
894 1772 82 45 en
1009 1775 31 36 «
1082 1754 409 61 masculines
1531 1756 65 59 et
1634 1753 441 64 féminines».
2138 1758 87 62 Ce
2269 1759 99 61 tra-

245 1839 138 61 vail
415 1837 377 79 appartient
824 1836 37 59 à
905 1836 292 61 d'autres
1230 1836 117 77 qui
1378 1838 536 59 commenceront
1949 1837 447 77 précisément

244 1921 66 59 là
354 1921 88 59 où
492 1918 89 61 M.
641 1917 681 77 Sully-Prudhomme
1371 1916 271 62 s'arrête
1681 1918 65 60 et
1792 1917 163 61 écrit
1982 1936 14 41 :
2053 1940 31 37 «
2115 1918 56 61 Il
2221 1936 173 47 nous

246 1999 310 63 resterait
583 1998 35 60 à
649 1996 381 62 considérer
1059 1998 98 59 les
1196 2013 177 55 vers,
1397 2013 134 44 non
1552 1996 155 78 plus
1733 1997 658 79 individuellement,

245 2079 174 63 mais
447 2079 167 59 dans
663 2077 186 61 leurs
898 2077 223 61 divers
1177 2076 452 78 assemblages
1680 2098 30 37 »
1898 2079 402 75 autrement,
2356 2081 36 61 à

240 2159 249 63 l'étude
520 2158 82 61 de
631 2158 67 60 la
739 2162 275 67 strophe
1064 2157 117 77 qui
1232 2158 100 59 est
1373 2173 170 61 pour
1588 2156 346 81 beaucoup
1994 2158 397 65 d'écrivains

242 2238 543 79 contemporains
815 2237 236 61 l'unité
1077 2237 335 79 poétique.

317 2322 94 60 Le
438 2318 380 80 prosodiste
848 2336 130 60 que
1011 2336 175 43 nous
1216 2335 249 44 venons
1503 2317 82 61 de
1614 2317 127 62 lire
1773 2318 397 62 semble-t-il
2198 2322 187 61 avoir

246 2417 189 45 assez
482 2397 350 63 considéré
890 2398 255 61 d'autre
1192 2398 149 78 part
1406 2413 129 63 que
1594 2398 276 61 l'oreille
1933 2399 231 61 tenant
2215 2417 174 62 pour

236 2481 182 79 règle
449 2481 80 59 de
571 2478 391 80 jouissance
995 2478 325 61 musicale
1362 2476 64 63 la
1474 2477 94 62 loi
1600 2479 93 60 du
1733 2478 305 62 moindre
2069 2479 214 77 effort,
2317 2500 70 43 se

238 2561 260 62 devrait
528 2560 359 78 complaire
920 2560 507 78 apparemment
1458 2575 133 44 aux
1638 2560 306 77 rythmes
1994 2561 81 59 de
2104 2562 187 62 valse
2324 2565 63 59 et

293 2740 70 65 (1)
395 2758 22 27 «
450 2740 108 48 Les
590 2738 248 49 ouvriers
870 2737 74 48 du
978 2750 127 38 vers
1135 2750 67 35 ne
1249 2738 287 48 sauraient
1564 2738 223 61 espérer
1814 2737 211 51 donner
2081 2739 52 49 le
2168 2739 209 66 change

231 2820 112 34 aux
362 2805 236 61 experts.
628 2820 24 28 »
768 2800 333 61 Réflexions
1120 2814 109 35 sur
1256 2801 144 47 l'Art
1426 2802 99 47 des
1549 2814 150 37 vers.
1727 2815 54 50 p.
1813 2800 80 49 81.

296 2885 24 28 «
346 2867 82 48 La
457 2867 244 61 besogne
727 2863 75 50 du
826 2862 157 65 poète
1005 2881 23 28 »
1064 2866 212 47 ibidem,
1309 2877 52 47 p.
1393 2862 79 50 80.

293 2947 25 27 «
348 2928 191 51 Victor
584 2928 169 61 Hugo
807 2927 252 61 exploite
1093 2924 376 64 l'irrégularité
1516 2924 99 50 des
1667 2924 247 64 rythmes
1959 2926 418 64 fragmentaires

224 3007 136 38 avec
381 3006 109 35 une
523 2993 249 48 maîtrise
804 2989 414 64 incomparable
1239 3007 24 28 »
1290 3003 52 48 p.
1370 2989 76 48 79.

290 3073 26 28 «
346 3056 80 49 La
452 3053 373 57 yersiâcation
858 3067 33 34 a
919 3051 140 50 donc
1080 3065 110 36 une
1218 3050 266 50 tendance
1515 3050 31 48 à
1571 3050 217 50 fausser
1816 3050 51 50 le
1897 3053 142 61 style
2062 3070 24 28 »
2118 3067 56 48 p.
2198 3053 83 50 37.

288 3136 25 27 «
345 3119 76 49 Le
452 3119 142 62 style
619 3120 85 46 est
734 3116 137 50 donc
894 3117 122 47 tout
1045 3129 57 37 ce
1130 3115 114 63 qui,
1277 3114 141 49 dans
1446 3115 51 48 le
1525 3115 244 63 langage,
1807 3114 241 64 échappe
2080 3115 32 49 à
2138 3117 57 49 la
2246 3130 98 38 con-

226 3182 223 50 vention
473 3199 24 26 »
530 3196 53 47 p.
614 3180 80 49 24.

287 3262 25 28 «
339 3247 78 47 La
450 3244 287 50 mauvaise
765 3243 77 50 foi
875 3242 269 49 s'insinue
1172 3253 103 50 par
1305 3238 57 50 là
1395 3238 122 63 (par
1543 3239 85 50 les
1660 3239 283 65 chevilles)
1973 3241 139 49 dans
2147 3241 200 52 l'exécu-

219 3308 118 49 tion
367 3321 132 36 avec
525 3307 129 62 plus
680 3321 70 34 ou
781 3305 184 50 moins
995 3303 281 49 d'adresse
1301 3304 68 56 et,
1395 3301 124 51 chez
1549 3304 234 48 certains
1807 3303 300 61 virtuoses,
2140 3317 130 39 avec
2298 3318 75 37 un

223 3373 83 47 art
335 3371 95 61 qui
459 3371 198 49 arrive
688 3371 36 47 à
760 3371 56 47 la
839 3370 286 48 racheter.
1150 3385 24 27 »
1207 3381 52 47 p.
1287 3366 47 49 9.

285 3450 24 28 «
339 3434 104 49 Ces
462 3446 127 36 vers
619 3432 360 50 resortissent
1012 3444 72 35 au
1118 3427 204 51 second
1359 3440 93 39 cas
1483 3426 117 52 visé
1628 3441 101 50 par
1756 3427 56 50 la
1833 3428 78 50 loi
1939 3446 24 29 »
1999 3444 55 49 p.
2086 3428 84 51 58.

284 3512 24 28 «
344 3496 170 49 Aussi
541 3496 288 51 Malherbe
863 3493 193 51 s'est-il
1084 3493 131 49 bien
1244 3492 168 62 gardé
1441 3489 65 51 de
1541 3503 290 51 composer
1853 3493 124 49 tout
2020 3493 51 49 le
2128 3492 240 63 complet

218 3559 67 50 de
311 3558 206 64 pareils
544 3572 121 36 vers
680 3575 13 43 ;
724 3559 43 49 il
795 3559 91 63 n'y
919 3572 66 34 en
1016 3571 33 34 a
1071 3554 276 51 introduit
1379 3567 105 53 que
1526 3553 159 60 deux,
1717 3558 303 58 prudence
2058 3555 310 64 étrangère

214 3634 85 37 au
326 3622 240 63 lyrisme
593 3623 367 49 inconscient
989 3623 70 47 de
1084 3620 212 57 Scribe,
1328 3634 53 50 p.
1417 3616 62 51 69
1512 3620 148 49 etc...
1685 3620 145 49 etc...
