2630 4002
1349 175 117 62 226

348 352 108 43 ces
506 334 264 61 vieilles
799 334 469 78 plaisanteries
1310 352 128 60 que
1476 334 131 60 l'on
1637 334 235 60 trouve
1905 334 167 60 dans
2116 334 98 61 les
2245 337 203 61 vaude-

348 414 199 60 villes
580 414 80 59 de
690 414 151 59 tous
870 413 99 61 les
1001 413 424 62 boulevards.

427 494 382 70 D'ailleurs,
851 511 108 42 ces
994 498 265 57 Lettres
2248 501 82 54 de
1397 501 320 54 Femmes
1749 494 115 59 ont
1895 511 92 40 1111
2020 493 99 60 air
2163 511 211 61 vague
2406 495 82 61 de

348 572 521 61 décrochez-moi
916 591 74 54 ça
1038 591 81 43 ou
1174 575 80 59 de
1307 574 243 60 hasard
1601 575 77 58 de
1726 573 64 57 la
1836 572 389 61 fourchette.
2289 573 102 61 On
2440 593 46 59 y

347 654 234 59 trouve
629 655 149 58 tout
812 672 11 39 :
855 654 90 59 du
987 654 285 73 Dumas,
1307 655 90 58 du
1428 653 174 77 Gyp,
1658 653 79 58 de
1778 653 312 76 l'Halôvy
2129 652 193 78 (celui
2369 655 119 60 des

348 734 258 57 Petites
642 735 343 59 Cardinal
991 781 15 26 ,
1037 734 172 60 celui
1245 734 215 59 même
1490 734 79 57 de
1597 732 42 58 Y
1644 729 188 62 Abbé
1865 732 454 77 Constantin).
2354 733 54 58 Il
2440 751 46 59 y

348 829 37 42 a
442 813 117 58 des
614 815 349 59 sentences
1011 814 285 60 morales
1340 812 426 77 empruntées
1810 812 37 58 à
1876 812 88 59 M.
2015 812 306 70 Valtour,
2355 813 134 61 àla

346 893 330 61 comtesse
724 893 242 74 Diane,
1000 894 180 60 voire
1213 911 132 40 aux
1390 892 301 61 derniers
1723 892 419 76 aphorismes
2176 893 79 58 de
2286 893 160 60 Chin-

346 970 245 75 cholle;
625 973 49 58 il
700 991 43 58 y
776 989 36 42 a
844 973 115 60 des
992 977 176 56 mots
1198 972 239 72 cruels,
1470 972 98 59 les
1617 970 302 61 derniers
1969 972 80 58 de
2102 972 278 72 l'année,
2416 989 71 44 ce

347 1068 127 60 que
505 1052 133 59 l'on
670 1052 122 61 fait
825 1053 80 58 de
938 1053 230 60 mieux
1198 1052 165 59 dans
1390 1052 61 58 le
1485 1068 230 61 genre;
1752 1050 47 60 il
1829 1068 45 59 y
1907 1068 35 41 a
1970 1050 64 60 la
2060 1052 242 76 phrase
2336 1068 112 43 sen-

342 1132 348 61 timentale
737 1133 117 60 des
884 1150 270 41 romans
1188 1148 80 43 en
1307 1148 236 61 vogue.
1578 1130 90 60 Le
1712 1132 146 58 tout
1903 1130 283 73 cuisiné,
2222 1148 157 42 sans
2422 1132 64 61 le

343 1212 306 61 moindre
677 1213 187 60 souci
897 1212 117 59 des
1055 1213 326 75 syntaxes
1413 1213 63 58 et
1508 1212 115 59 des
1665 1212 478 76 orthographes
2161 1231 16 53 ;
2213 1210 272 61 embelli

346 1290 197 61 d'une
573 1292 381 76 rhétorique
997 1292 417 73 maladroite,
1449 1293 64 58 et
1565 1290 159 60 d'un
1772 1290 544 78 provincialisme
2368 1292 115 77 qui

348 1387 70 44 se
445 1372 157 58 veut
634 1370 163 60 faire
826 1370 315 78 parisien.

426 1449 218 61 Telles
674 1453 148 57 sont
850 1467 107 43 ces
988 1453 266 57 Lettres
1286 1456 78 54 de
1410 1454 342 57 Femmes.

427 1533 247 61 Quand
737 1536 97 55 les
892 1534 270 57 violons
1225 1536 157 55 sont
1429 1533 236 69 partis
1706 1547 119 60 par
1867 1529 318 61 Edouard
2239 1528 246 62 Dubus

348 1609 500 79 (Bibliothèque
895 1611 353 77 artistique
1295 1613 63 57 et
1400 1611 373 77 littéraire).

423 1689 348 61 Monsieur
799 1689 244 62 Dubus
1084 1693 101 57 est
1217 1708 92 42 un
1340 1691 318 59 farouche
1688 1689 267 61 ennemi
1988 1691 90 58 du
2105 1706 151 43 vers
2286 1689 193 61 libre.

346 1769 79 61 Je
449 1772 399 75 comprends
882 1787 120 43 son
1034 1771 386 73 sentiment,
1456 1788 109 42 car
1593 1771 50 58 il
1676 1771 247 59 excelle
1954 1787 132 42 aux
2109 1787 151 42 vers
2297 1769 149 78 régu-

343 1849 163 61 liers
531 1870 17 53 ;
583 1851 50 58 il
679 1868 80 41 en
793 1851 129 59 sait
953 1849 470 78 parfaitement
1452 1851 66 59 la
1541 1849 383 78 technique,
1957 1851 101 58 les
2092 1848 389 75 difficultés,

342 1929 100 61 les
489 1931 284 59 dessous
804 1931 278 59 mêmes.
1118 1931 91 58 Le
1237 1931 329 72 malheur,
1596 1947 168 60 pour
1795 1947 197 56 nous,
2025 1931 100 58 est
2154 1947 129 58 que
2313 1946 169 44 nous

347 2027 297 43 sommes
690 2028 95 41 un
828 2028 133 60 peu
992 2011 101 58 las
1136 2011 115 59 des
1301 2011 385 61 harmonies
1730 2009 644 73 conventionnelles,
2420 2011 62 58 et

346 2107 129 60 que
526 2089 59 60 si
639 2091 164 59 elles
867 2107 172 42 nous
1082 2089 293 78 plaisent
1433 2092 62 58 et
1546 2107 171 43 nous
1785 2091 406 77 réjouissent
2248 2106 233 44 encore

345 2171 157 58 chez
527 2171 101 58 les
672 2172 301 70 maîtres,
1022 2171 118 76 qui
1173 2173 231 57 surent
1442 2171 100 59 les
1583 2171 308 59 modifier
1924 2172 65 58 et
2031 2188 45 59 y
2107 2169 372 61 introduire

343 2249 117 60 des
505 2249 590 61 transformations
1143 2251 470 77 rythmiques,
1664 2249 338 61 l'habileté
2048 2251 36 58 à
2123 2249 97 60 les
2265 2267 180 61 repro-

342 2329 193 61 duire
585 2347 171 42 nous
827 2331 189 77 agrée
1062 2332 244 58 moins.
1380 2332 96 58 La
1538 2332 356 60 constance
1952 2331 119 59 des
2129 2332 175 58 mots
2365 2331 116 76 qui

341 2409 382 61 emmènent
742 2409 118 61 des
891 2411 208 59 rimes
1122 2411 410 59 semblables
1555 2412 74 60 et
1645 2427 296 45 connues
1974 2412 64 58 et
2065 2411 268 77 partant
2363 2411 118 61 des

338 2491 257 78 images
614 2491 387 78 analogues,
1028 2492 100 60 est
1150 2492 329 76 peut-être
1502 2508 71 44 ce
1599 2491 116 78 qui
1735 2508 173 44 nous
1932 2491 259 77 choque
2214 2492 60 58 le
2297 2491 176 77 plus.

337 2571 57 59 Il
441 2572 158 60 s'est
643 2572 212 61 formé
889 2572 540 60 d'irréductibles
1489 2572 441 60 associations
1985 2571 295 75 d'idées,
2344 2587 134 61 que

340 2651 186 61 seule
582 2668 245 60 pourra
858 2668 264 61 rompre
1171 2652 488 77 l'imagination
1706 2652 158 60 d'un
1904 2652 192 77 poète
2143 2651 81 61 de
2264 2651 213 77 génie,

337 2732 174 60 mais
535 2731 161 61 dont
727 2732 80 61 la-
832 2733 466 60 conservation
1329 2750 171 42 nous
1533 2732 164 77 gêne
1723 2752 16 54 ;
1766 2734 62 58 et
1853 2732 63 60 la
1949 2731 373 61 similitude
2364 2731 115 61 des

338 2812 285 77 images,
652 2812 149 60 leur
818 2812 252 77 qualité
1100 2813 217 60 même
1349 2813 175 60 lasse
1547 2813 188 59 notre
1766 2812 230 79 esprit.
2021 2812 69 61 Si
2120 2812 99 60 les
2251 2811 227 78 poètes

334 2910 83 42 ne
450 2893 235 59 savent
731 2893 416 60 s'atfranchir
1179 2889 79 63 de
1300 2910 109 43 ces
1453 2894 377 73 coutumes,
1865 2893 87 60 ils
1998 2893 309 76 risquent
2351 2891 128 61 fort

336 2973 81 60 de
453 2973 276 61 devenir
760 2973 259 61 bientôt
1065 2974 391 60 d'aimables
1489 2974 427 74 rabâcheurs,
1951 2974 118 78 qui
2093 2991 172 43 nous
2293 2973 148 79 joue-

334 3056 150 58 ront
516 3071 159 42 sans
709 3071 184 43 cesse
938 3055 62 59 le
1034 3055 219 59 même
1286 3056 99 58 air
1415 3055 80 59 de
1526 3055 186 59 flûte.

416 3133 171 61 Chez
611 3135 90 59 M.
738 3133 272 75 Dubus,
1025 3135 384 59 l'influence
1434 3135 79 59 de
1535 3133 426 74 Baudelaire,
1988 3133 160 61 celle
2172 3132 188 61 aussi
2384 3132 88 60 du

333 3215 315 60 Verlaine
674 3215 348 74 Watteau,
1048 3218 150 59 sont
1213 3215 367 78 palpables.
1598 3216 76 59 Je
1697 3215 274 60 nelelui
1992 3216 317 77 reproche
2331 3228 142 64 pas,

334 3311 108 43 car
486 3295 334 60 vraiment
864 3296 50 59 il
948 3296 218 61 aurait
1193 3314 90 59 pu
1317 3296 249 58 choisir
1597 3296 159 77 plus
1811 3295 134 60 mal
1970 3315 17 54 ;
2021 3295 371 78 cependant
2422 3291 49 59 il

334 3376 221 61 aurait
602 3376 244 61 intérêt
897 3377 37 59 à
980 3395 71 42 se
1099 3377 284 78 dégager
1433 3377 117 60 des
1603 3377 278 60 maîtres
1930 3376 162 77 qu'il
2139 3377 174 60 aime
2345 3372 127 76 ,et

337 3455 163 61 dont
529 3456 100 62 les
658 3474 267 44 oeuvres
1047 3457 89 61 M.
1161 3456 245 61 Dubus
1438 3474 81 43 ne
1552 3461 127 56 s'en
1703 3456 326 61 offensera
2054 3474 121 61 pas
2303 3469 170 47 nous
