2630 4002
1298 312 0 0 209

195 418 181 62 ment
402 413 250 66 artiste,
680 410 113 78 qui
821 409 96 61 vit
947 410 165 59 dans
1136 409 98 60 les
1261 408 214 62 foules
1506 427 126 60 que
1659 412 389 78 d'imaginer
2071 414 239 76 qu'elle

199 511 171 47 noue
403 493 98 58 les
534 492 327 76 intrigues
894 488 277 61 sociales
1201 488 268 60 suivant
1496 489 97 60 les
1628 490 316 78 procédés
1976 494 296 60 rudimen-

199 576 201 59 taires
448 570 117 59 des
613 568 298 60 mauvais
965 568 480 75 dramaturges.
1478 567 142 62 Elle
1667 569 97 61 les
1811 570 273 63 conduit
2123 574 65 59 et
2217 573 98 61 les

204 652 222 63 résout
454 649 154 78 plus
640 648 433 60 savamment.

283 730 70 60 Si
378 729 65 59 la
467 728 400 60 Révolution
891 725 320 61 soudaine
1243 723 159 61 était
1426 725 316 77 possible,
1767 730 280 61 croit-on
2076 732 239 77 qu'elle

205 828 80 43 ne
316 807 202 62 serait
544 823 120 61 pas
703 807 149 76 déjà
886 804 203 61 faite?
1120 805 90 59 Le
1240 804 238 76 peuple
1511 821 81 43 ne
1624 810 354 73 comprend
2009 812 96 58 les
2134 812 182 58 idées

208 906 127 61 que
396 884 418 78 lorsqu'elles
858 884 361 78 répondent
1267 883 37 57 à
1347 899 91 44 un
1485 882 234 61 besoin
1770 887 117 58 dès
1941 888 375 79 longtemps

208 965 310 80 éprouvé.
551 964 169 60 Mais
750 964 60 59 le
835 963 234 60 besoin
1099 962 254 77 appelle
1380 962 593 76 impérieusement
2018 969 266 59 satisfac-

208 1049 141 60 tion
382 1044 157 59 sitôt
571 1043 160 76 qu'il
758 1059 37 42 a
816 1059 81 42 eu
928 1042 63 58 la
1022 1042 378 58 conscience
1430 1040 195 60 claire
1657 1042 79 59 de
1767 1042 346 63 lui-même
2145 1048 63 58 et
2239 1049 80 59 de

209 1143 120 46 son
358 1123 287 61 remède.
679 1123 90 58 Le
801 1122 377 77 prolétariat
1209 1120 355 77 comprend
1592 1120 65 60 la
1679 1122 424 75 Révolution,
2132 1143 189 60 parce

213 1203 160 80 qu'il
405 1219 81 44 en
532 1218 35 42 a
609 1200 257 60 besoin.
905 1200 187 59 Donc
1132 1198 105 60 s'il
1277 1216 79 42 ne
1393 1199 85 59 l'a
1525 1217 117 58 pas
1681 1217 230 44 encore
1953 1202 180 69 faite,
2169 1205 154 60 c'est

213 1283 160 79 qu'il
416 1282 168 58 n'est
626 1297 118 60 pas
783 1297 231 42 encore
1060 1296 184 42 assez
1285 1278 129 60 fort
1455 1296 166 58 pour
1663 1279 408 79 l'accomplir
2101 1285 221 60 contre

212 1381 166 44 ceux
406 1362 159 58 dont
594 1359 61 60 le
687 1359 232 59 besoin
955 1360 100 58 est
1087 1357 236 77 qu'elle
1350 1374 80 42 ne
1458 1376 69 42 se
1557 1359 172 59 fasse
1766 1378 140 59 pas.
1939 1362 52 58 Il
2027 1363 137 60 doit
2189 1364 134 60 être

210 1440 317 80 possible,
576 1457 114 57 par
737 1438 60 58 la
862 1437 382 77 statistique
1296 1438 116 58 des
1469 1437 234 75 forces,
1765 1440 79 59 de
1897 1444 323 74 supputer
2265 1444 58 60 le

214 1523 294 59 moment
538 1519 79 60 où
655 1518 122 60 elle
810 1534 67 42 se
911 1517 155 61 fera.

1259 1719 26 58 I

289 1917 316 78 J'appelle
632 1916 349 78 prolétaire
1004 1916 172 60 celui
1198 1917 115 75 qui
1336 1916 105 59 n'a
1463 1934 127 58 que
1619 1935 105 42 ses
1750 1917 152 61 bras
1926 1936 169 61 pour
2120 1919 205 61 vivre.

212 2001 91 59 Le
332 2015 280 61 paysan,
642 1997 56 59 si
729 2014 128 58 peu
886 1996 301 60 enviable
1220 2014 126 58 que
1378 1996 127 60 soit
1534 1997 249 77 parfois
1817 2016 121 42 son
1971 2001 161 70 sort,
2164 2002 166 58 n'est

212 2095 117 61 pas
360 2094 231 43 encore
624 2093 92 42 un
746 2075 350 76 prolétaire
1134 2076 142 59 tant
1305 2074 161 77 qu'il
1497 2075 278 77 possède
1814 2095 93 42 un
1943 2079 237 77 champ
2214 2079 116 76 qui

213 2159 61 59 le
303 2157 278 60 nourrit.
616 2155 586 72 Provisoirement,
1234 2155 60 60 le
1323 2155 143 60 seul
1498 2155 116 77 qui
1647 2156 90 60 ait
1767 2157 179 60 droit
1980 2159 36 58 à
2044 2175 70 43 ce
2146 2175 180 56 nom,

214 2236 156 62 c'est
416 2236 314 60 l'homme
782 2234 37 58 à
864 2232 115 79 qui
1036 2234 183 59 nulle
1280 2234 379 61 chaumière
1710 2235 319 61 familiale
2090 2239 64 57 et
2209 2237 121 60 nul

213 2316 180 78 lopin
421 2316 80 59 de
527 2317 194 68 terre,
749 2312 399 61 héréditaire
1179 2330 84 43 ou
1296 2314 250 76 acquis,
1567 2314 306 62 n'offrent
1906 2334 128 42 une
2067 2317 262 75 pitance

217 2397 62 60 et
316 2413 91 42 un
450 2395 133 77 gite
616 2411 12 41 :
664 2392 159 61 c'est
863 2392 335 60 l'ouvrier.
1235 2392 169 60 Mais
1435 2394 64 58 la
1538 2394 349 62 différence
1938 2400 97 56 est
2082 2396 247 78 grande

218 2477 180 60 entre
426 2475 99 60 les
572 2472 379 63 conditions
983 2472 398 61 d'existence
1413 2474 79 58 de
1524 2490 106 43 ces
1663 2475 177 60 deux
1872 2476 308 61 hommes
2214 2477 115 75 qui

217 2554 506 78 accomplissent
751 2554 153 58 tous
933 2552 174 61 dcix
1135 2570 90 41 un
1254 2552 239 60 travail
1526 2554 288 72 manuel,
1840 2554 317 61 l'ouvrier
2183 2559 63 57 et
2268 2556 61 59 le

215 2651 276 61 paysan.
525 2634 84 58 Et
637 2632 147 60 leur
814 2631 240 61 misère
1088 2632 235 72 même,
1358 2631 141 60 s'ils
1529 2649 45 60 y
1602 2632 299 61 tombent
1941 2636 155 59 tous
2128 2635 201 72 deux,

218 2733 79 42 ne
325 2731 68 44 se
424 2711 362 62 ressemble
814 2728 141 61 pas.

295 2795 92 60 Le
425 2810 254 61 paysan
727 2809 37 42 a
807 2792 79 59 de
927 2790 64 60 la
1036 2790 239 61 misère
1317 2809 132 42 une
1488 2792 386 78 conception
1908 2795 225 60 vieille
2174 2794 157 59 d'un

221 2875 215 60 siècle.
473 2874 123 59 Car
635 2872 64 59 la
739 2871 241 60 misère
1011 2886 36 44 a
1078 2870 246 76 changé
1357 2871 79 60 de
1472 2871 210 61 forme
1723 2872 236 78 depuis
2000 2878 146 55 cent
2187 2891 140 42 ans.

218 2952 105 60 Au
370 2970 163 42 xvm
536 2963 21 30 e
588 2950 219 71 siècle,
842 2966 83 42 au
976 2949 197 59 siècle
1223 2950 80 60 de
1350 2949 64 61 la
1460 2952 257 70 nature,
1750 2951 63 60 la
1861 2954 240 59 misère
2147 2954 187 59 aussi

219 3034 176 58 avait
430 3034 141 77 pris
607 3048 130 43 une
777 3030 211 60 forme
1031 3030 349 60 naturelle.
1416 3030 52 60 Il
1499 3031 110 76 n'y
1639 3049 37 42 a
1722 3032 78 60 de
1832 3049 308 61 pauvres,
2178 3050 118 61 pen-

221 3114 262 72 sait-on,
519 3129 127 61 que
675 3128 192 61 parce
897 3125 127 62 que
1066 3109 63 59 le
1162 3110 97 58 sol
1299 3126 81 45 ne
1412 3110 187 61 suffit
1646 3129 118 60 pas
1803 3112 37 59 à
1875 3114 267 58 nourrir
2180 3116 155 56 tous

218 3192 99 60 les
342 3194 305 58 hommes
680 3190 164 77 qu'il
873 3191 209 75 porte.
1116 3189 207 61 Toute
1365 3190 291 61 richesse
1687 3192 179 59 vient
1907 3192 78 60 de
2025 3192 65 60 la
2137 3195 196 70 terre,

221 3272 260 61 avaient
533 3272 99 59 dit
688 3271 98 60 les
843 3269 495 77 Physiocrates;
1394 3271 62 59 et
1512 3272 182 59 toute
1745 3272 320 77 pauvreté
2120 3274 213 72 aussi,

222 3351 278 78 ajoutait
546 3350 317 62 Malthus.
899 3350 95 60 La
1045 3349 240 59 misère
1328 3349 211 77 surgit
1582 3350 80 61 de
1706 3353 172 59 terre
1911 3370 259 42 comme
2204 3370 131 43 une

222 3431 334 76 euphorbe
605 3429 346 61 mauvaise
1002 3427 115 79 qui
1167 3426 306 62 foisonne
1522 3431 182 60 entre
1760 3430 99 61 les
1917 3430 144 80 épis
2120 3434 64 58 et
2236 3433 99 62 les

224 3513 309 75 empêche
575 3511 80 60 de
694 3526 283 61 pousser
1005 3510 160 58 drus
1195 3511 66 57 et
1290 3509 235 62 serrés.
1554 3511 105 74 Et,
1689 3510 96 62 les
1827 3511 146 77 épis
2009 3513 326 62 moisson-
