2630 4002
1247 298 0 0 233

148 392 112 59 Cet
307 391 323 59 excellent
678 409 233 59 garçon
958 394 207 60 craint
1214 412 124 58 que
1383 395 151 60 l'ère
1578 398 115 58 des
1738 399 518 78 mandats-poste

147 487 77 43 ne
257 469 127 58 soit
415 469 527 62 définitivement
967 474 196 70 close,
1193 477 63 56 et
1277 475 49 58 il
1357 491 68 43 se
1459 475 322 61 demande
1816 479 56 57 si
1905 497 72 41 sa
2001 482 255 58 terreur

146 549 283 78 paraîtra
472 566 130 40 une
649 550 336 77 expiation
1030 550 350 63 suffisante
1411 569 166 60 pour
1605 555 99 58 les
1737 557 279 59 travaux
2047 559 208 60 forcés

148 628 76 58 de
268 625 355 61 Ravachol.

223 837 93 57 La
351 853 166 59 peur
560 855 35 42 a
635 839 196 77 régné
870 841 165 59 dans
1065 841 214 71 Paris,
1312 841 59 60 le
1417 842 283 75 premier
1732 845 155 70 mai,
1920 846 96 59 les
2047 847 212 61 hôtels

146 931 67 45 se
246 917 149 56 sont
426 915 267 73 fermés,
725 917 95 59 les
847 919 352 77 bourgeois
1230 924 113 54 ont
1372 919 122 72 fai,
1529 938 80 42 ne
1638 939 69 42 se
1738 925 263 57 sentant
2032 943 115 58 pas
2180 944 79 42 en

143 992 216 63 sûreté
415 995 248 76 malgré
712 996 95 60 les
864 997 416 61 baïonnettes
1338 1000 62 58 et
1451 1000 394 61 l'artillerie.
1910 1004 100 59 On
2080 1008 175 57 avait

142 1071 261 61 arraché
473 1074 116 58 des
649 1074 359 77 régiments
1051 1094 81 42 au
1179 1094 193 60 repos
1418 1079 116 58 des
1583 1080 372 75 garnisons,
1990 1084 62 57 et
2104 1085 146 57 tout

141 1151 133 60 cela
303 1168 168 58 pour
500 1156 351 71 permettre
887 1156 36 57 à
951 1155 87 60 M.
1077 1156 203 76 Lavy,
1323 1157 333 75 politicien
1693 1176 232 59 vague,
1959 1164 300 58 candidat

143 1231 602 76 gouvernemental,
782 1232 237 78 député
1058 1235 143 75 prêt
1244 1236 36 56 à
1331 1235 329 61 satisfaire
1699 1244 151 52 tous
1888 1239 99 58 les
2030 1241 191 59 minis-

138 1309 194 71 tères,
367 1309 78 58 de
475 1310 251 72 traiter,
760 1329 83 42 au
876 1312 288 78 meeting
1204 1314 77 59 de
1310 1314 64 58 la
1422 1315 159 60 salle
1624 1315 223 74 Favié,
1907 1317 351 61 l'anarchie

147 1387 76 60 de
260 1408 27 34 «
320 1392 190 65 parti
538 1394 98 55 vil
661 1394 65 55 et
757 1389 212 62 lâche.
995 1411 30 36 »

213 1616 51 58 Il
297 1632 43 60 y
367 1632 36 42 a
439 1617 156 59 trois
623 1618 332 61 semaines
979 1637 82 42 on
1094 1637 37 42 a
1162 1621 231 72 arrêté,
1419 1639 84 42 au
1535 1623 246 77 mépris
1816 1626 77 58 de
1921 1627 164 59 cette
2117 1616 125 86 égalité

130 1616 168 58 que
354 1616 56 58 a
466 1616 224 58 tant
746 1616 112 58 de
914 1616 168 58 mal
1138 1616 56 58 à
1250 1616 505 58 défendre,
1811 1616 168 58 une
2035 1616 169 58 cen-

136 1773 172 60 taine
355 1775 79 58 de
475 1775 298 76 citoyens
814 1777 355 76 coupables
1224 1780 249 59 d'avoir
1511 1781 236 60 affiché
1792 1783 116 59 des
1953 1783 306 77 opinions

138 1852 428 61 anarchistes.
597 1855 95 58 La
736 1874 226 57 presse
1014 1857 332 60 socialiste
1386 1858 105 60 n'a
1538 1861 285 74 protesté
1865 1879 127 58 que
2035 1863 186 59 molle-

137 1932 200 70 ment,
372 1931 170 59 ainsi
574 1935 252 58 est-elle
859 1935 447 76 imprudente,
1339 1954 108 42 car
1483 1937 264 60 demain
1779 1941 347 75 peut-être,
2157 1942 98 59 les

134 2011 488 70 collectivistes,
678 2013 99 59 les
831 2015 378 67 marxistes,
1267 2018 158 69 etc.,
1482 2020 444 73 apprendront
1985 2021 34 58 à
2075 2021 181 61 leurs

134 2088 263 76 dépens,
433 2088 37 59 à
500 2090 281 61 méditer
810 2110 117 42 sur
953 2093 97 59 les
1075 2095 430 59 arrestations
1535 2096 439 76 préventives.

207 2168 378 73 D'ailleurs,
633 2187 108 44 ces
791 2176 175 56 actes
1017 2173 380 61 arbitraires
1447 2192 79 41 ne
1569 2178 148 58 sont
1765 2194 140 58 pas,
1931 2178 68 75 je
2053 2178 195 73 crois,

132 2264 165 59 pour
327 2248 290 77 déplaire
649 2267 132 42 aux
811 2252 407 60 anarchistes
1238 2253 113 77 qui
1384 2270 79 43 en
1489 2255 345 75 pâtissent.
1861 2256 91 60 Le
1985 2274 234 58 gouver-

134 2328 286 71 nement,
468 2344 79 43 en
579 2345 68 42 se
692 2330 350 77 chargeant
1078 2331 79 58 de
1205 2333 291 59 montrer
1540 2333 62 59 le
1634 2351 125 59 peu
1804 2335 79 58 de
1934 2351 108 43 cas
2093 2336 161 76 qu'il

130 2406 303 61 convient
464 2407 79 60 de
577 2407 159 61 faire
784 2410 79 59 de
904 2411 62 57 la
997 2410 113 71 loi,
1145 2413 266 74 apporte
1450 2412 61 60 le
1559 2412 153 76 plus
1746 2413 308 77 puissant
2104 2432 112 42 con-

130 2500 188 45 cours
349 2486 37 59 à
426 2486 374 73 l'anarchie,
833 2490 113 76 qui
999 2488 324 63 demande
1376 2492 36 57 à
1451 2491 148 60 n'en
1629 2509 117 59 pas
1792 2492 161 60 faire
2000 2510 108 43 cas
2160 2495 89 58 du

134 2566 160 79 |OUt.

205 2783 55 58 Il
292 2784 305 61 convient
626 2787 80 59 de
736 2787 285 77 signaler
1050 2788 195 76 qu'au
1279 2789 289 78 meeting
1599 2791 77 58 de
1708 2791 63 58 la
1813 2791 160 59 salle
2024 2792 226 74 Favié,

130 2876 88 44 un
249 2863 260 77 citoyen
539 2869 200 73 ayant
771 2867 322 59 demandé
1127 2885 127 59 que
1279 2867 417 61 l'assemblée
1728 2886 69 43 se
1830 2869 258 78 séparât
2114 2874 103 56 net-

129 2940 245 63 tement
433 2944 115 60 des
607 2946 447 72 anarchistes,
1112 2965 36 41 a
1200 2946 99 60 été
1356 2947 165 71 hué,
1582 2965 252 43 comme
1891 2948 59 60 le
2010 2949 240 69 député

133 3019 201 80 Lavy.

210 3232 103 62 On
343 3235 251 78 espère,
628 3236 165 61 dans
824 3238 98 59 les
953 3238 282 61 milieux
1262 3238 372 77 bourgeois,
1668 3257 129 61 que
1826 3240 99 60 les
1957 3257 299 43 mesures

134 3310 291 81 illégales
457 3316 220 60 contre
707 3316 98 61 les
831 3319 407 60 anarchistes
1267 3335 81 44 ne
1385 3335 69 44 se
1484 3323 160 61 vont
1665 3337 118 61 pas
1823 3337 231 43 encore
2086 3310 152 88 arrêter.

132 3310 82 65 On
255 3310 163 65 doit
459 3310 368 65 l'espérer
868 3310 204 65 aussi
1113 3310 163 65 chez
1317 3310 123 65 les
1481 3310 490 65 anarchistes,
2012 3310 122 65 car
2175 3310 82 65 un

134 3471 167 74 parti
330 3489 82 45 ne
438 3474 266 62 devient
730 3476 127 60 fort
887 3494 127 61 que
1041 3494 118 61 par
1183 3476 64 60 la
1272 3478 438 76 persécution.
