3017 4371
144 221 81 41 888

1264 217 242 38 BRUNO'S
1582 215 253 38 WEEKLY

144 320 184 51 happiest
350 320 142 42 dream
514 319 45 43 of
583 319 72 42 her
677 319 73 42 life
773 320 32 41 is
827 330 42 31 to
893 320 158 50 picture
1074 320 73 41 her
1169 335 93 27 new
1284 320 103 41 born
1411 320 104 51 baby

144 394 43 27 as
215 378 137 42 officer
380 378 104 42 with
513 378 117 42 sabre
661 378 81 42 and
771 393 111 35 spur,
913 378 216 52 marching
1159 380 42 40 in
1232 378 117 43 front
1377 379 46 41 of
1453 378 62 43 his

143 436 182 49 soldiers,
353 436 185 52 saluting
564 446 42 32 to
633 436 74 41 her
733 435 125 43 while
886 437 49 42 he
963 452 131 35 passes
1122 437 74 41 her
1221 438 218 49 windows,
1467 453 48 26 or

143 495 144 50 taking
309 511 23 25 a
353 495 236 50 prominent
611 505 93 40 part
726 495 41 41 in
790 494 125 42 social
937 494 86 43 life.
1075 494 143 43 There
1241 496 31 41 is
1296 506 73 31 not
1390 496 124 42 much

139 552 220 43 difference
378 554 41 40 in
439 553 68 41 the
525 553 181 42 Vinnese
724 568 164 27 woman
908 554 140 41 before
1067 554 81 41 and
1170 554 108 41 after
1296 555 217 51 marriage.

143 611 80 42 She
244 612 33 41 is
298 611 153 52 always
473 627 23 26 a
516 611 94 52 girl.
665 608 78 45 She
766 611 71 42 has
860 611 69 42 the
952 611 232 51 proverbial
1207 612 150 51 golden
1381 612 131 43 heart.

143 669 78 42 She
246 669 135 52 might
405 684 106 36 pour
537 670 69 41 the
631 680 189 31 contents
844 670 45 41 of
915 670 73 42 her
1014 686 120 35 purse
1160 671 87 41 into
1275 670 69 42 the
1369 670 73 43 hat
1467 671 45 41 of

141 744 23 25 a
201 728 152 51 beggar
389 728 68 41 for
491 743 148 36 money
675 729 81 40 and
792 728 70 42 she
898 728 135 52 might
1068 740 73 30 not
1178 730 91 50 give
1305 745 101 26 even
1443 729 69 42 the

140 786 188 51 slightest
353 785 117 43 smile
496 796 42 31 to
567 785 70 42 the
662 786 153 51 beggar
842 787 68 41 for
935 787 74 41 her
1035 787 131 42 heart.
1224 787 79 42 She
1331 787 110 42 loves
1469 798 43 32 to

140 845 128 41 dance
289 846 80 40 and
391 860 23 26 a
433 844 130 42 waltz
582 844 105 42 with
709 861 22 25 a
752 844 215 52 charming
988 845 229 42 lieutenant
1237 862 140 26 means
1398 862 114 26 more

140 914 42 30 to
209 902 73 42 her
308 903 99 41 than
435 903 115 41 three
576 903 175 42 lectures
776 919 53 25 on
856 904 200 41 woman's
1082 904 195 51 suffrage.
1335 904 79 42 She
1441 905 71 42 has

139 961 109 41 from
278 961 72 41 her
377 961 162 41 earliest
564 961 129 51 youth
722 978 23 24 a
771 962 419 51 strongly-expressed
1218 962 203 53 motherly
1453 964 40 40 in-

139 1020 124 41 stinct
294 1019 91 41 that
414 1020 138 41 makes
583 1020 72 42 her
686 1020 68 41 the
785 1020 87 42 best
900 1020 45 42 of
976 1020 57 42 all
1061 1022 139 41 wives.
1264 1022 93 41 Her
1387 1038 125 25 never

139 1078 126 51 dying
285 1078 91 41 love
397 1078 67 41 for
485 1078 149 51 beauty
654 1079 81 41 and
757 1079 85 41 real
863 1080 238 50 enjoyment
1121 1080 44 41 of
1187 1079 73 43 life
1281 1080 137 42 makes
1439 1081 73 41 her

139 1152 23 26 a
184 1136 84 42 real
292 1137 244 50 companion
561 1137 81 41 and
665 1147 123 31 mate.
840 1137 127 41 After
990 1138 70 41 the
1083 1137 91 42 first
1197 1139 245 41 excitement
1466 1140 45 41 of

138 1195 68 41 the
241 1194 285 42 mobilization
562 1195 204 42 Viennese
802 1196 100 50 girls
938 1196 140 51 forgot
1114 1196 107 41 their
1254 1212 178 27 sorrows
1468 1199 42 40 in

137 1254 221 50 preparing
378 1253 67 41 for
464 1253 187 42 brothers
672 1254 80 41 and
773 1253 206 42 husbands
1000 1255 81 41 and
1101 1255 265 42 sweethearts
1386 1256 126 51 going

138 1322 41 30 to
207 1311 69 41 the
303 1312 128 48 front,
460 1311 58 41 all
543 1311 114 42 those
684 1312 108 41 little
820 1312 137 51 things
984 1313 91 41 that
1101 1329 119 25 mean
1248 1330 41 25 so
1316 1314 123 42 much
1467 1324 42 32 to

136 1370 190 50 personal
357 1370 192 41 comfort.
608 1370 148 42 While
786 1381 107 31 tears
922 1372 118 41 stood
1072 1373 41 39 in
1145 1371 107 42 their
1282 1389 88 34 eyes
1402 1372 109 42 after

138 1428 68 41 the
235 1428 80 41 last
344 1429 185 41 embrace
559 1429 81 41 and
670 1429 69 41 the
768 1430 168 51 parting
964 1429 91 41 that
1084 1430 134 51 might
1247 1431 48 41 be
1326 1431 67 41 for
1422 1430 86 51 life,

138 1503 22 25 a
193 1501 133 36 sunny
360 1486 115 42 smile
508 1488 141 49 passed
684 1503 97 25 over
816 1488 106 41 their
957 1488 109 42 faces
1098 1489 125 41 while
1258 1489 94 51 they
1386 1490 123 41 could

136 1555 75 31 not
232 1545 93 50 help
348 1545 247 51 exclaiming
615 1546 104 41 with
742 1547 137 49 pride:
906 1546 205 42 "Doesn't
1133 1547 49 42 he
1204 1547 94 42 look
1321 1547 189 50 splendid

136 1604 41 40 in
207 1603 60 41 his

193 1684 99 42 And
327 1700 97 26 now
457 1684 96 52 they
586 1686 122 51 study
743 1686 204 52 carefully
981 1686 70 42 the
1083 1687 148 42 official
1267 1687 99 50 lists,
1403 1688 107 42 burn

136 1742 165 42 candles
328 1743 66 41 for
420 1744 69 41 the
516 1744 116 51 Holy
659 1744 166 51 George
853 1746 80 40 and
963 1745 117 51 Holy
1105 1746 164 51 Joseph,
1299 1747 80 41 and
1406 1763 104 34 open

138 1802 106 41 their
276 1802 136 41 hearts
445 1802 140 42 before
618 1802 68 44 the
718 1813 134 31 statue
884 1804 43 40 of
962 1804 68 42 the
1063 1804 165 42 Blessed
1260 1805 152 51 Virgin
1446 1806 44 40 be-

137 1876 117 26 cause
283 1860 96 51 they
408 1876 67 26 are
503 1877 98 35 very
630 1862 193 50 religious
853 1864 79 40 and
962 1864 117 49 pious
1108 1874 42 30 at
1180 1864 67 41 the
1277 1864 160 41 bottom
1466 1864 44 41 of

137 1919 107 41 their
267 1919 149 42 hearts.
473 1921 126 40 From
625 1920 69 41 the
718 1921 289 42 Archduchess
1033 1923 123 41 down
1183 1932 42 31 to
1252 1922 68 42 the
1345 1933 166 32 servant

136 1977 81 51 girl
245 1978 94 51 they
367 1978 157 42 cherish
553 1978 68 42 the
649 1994 109 26 same
786 1979 92 42 love
906 1980 67 41 for
1000 1981 230 51 everybody
1256 1981 96 42 who
1379 1998 132 26 wears

138 2052 50 25 an
221 2036 203 42 Austrian
458 2037 186 41 uniform
679 2039 81 40 and
795 2039 52 40 do
882 2039 56 40 all
973 2039 95 51 they
1101 2055 76 26 can
1211 2050 42 31 to
1286 2040 120 42 make
1441 2040 69 42 the

136 2096 207 41 wounded
383 2095 182 52 brought
602 2106 42 31 to
683 2097 164 42 Vienna
886 2097 273 42 comfortable
1198 2099 80 41 and
1318 2098 194 52 happy

376 2170 189 26 someone
595 2154 134 52 might
761 2156 51 40 do
844 2155 69 41 the
944 2172 109 26 same
1084 2157 67 41 for
1181 2173 68 35 my
1279 2173 102 35 poor
1413 2159 98 41 dear

137 2212 77 52 boy
275 2246 8 7 .
347 2246 8 8 .
522 2212 124 53 They
681 2229 67 26 are
785 2215 131 41 active
953 2216 40 39 in
1030 2215 219 52 collecting
1284 2232 147 35 money
1468 2227 42 32 to

136 2271 97 41 send
256 2287 52 25 on
331 2281 41 31 to
396 2271 68 41 the
485 2272 117 41 front
625 2272 55 41 all
703 2272 120 42 kinds
844 2274 44 40 of
912 2273 108 42 little
1042 2274 200 42 comforts
1265 2275 67 41 for
1354 2276 157 41 officers

136 2330 81 41 and
240 2330 183 42 soldiers.
480 2331 275 49 Underwear,
781 2332 218 51 stockings,
1025 2333 168 41 mittens
1219 2333 67 42 for
1309 2333 69 42 the
1402 2350 83 25 com-

136 2389 71 50 ing
240 2388 91 41 cold
365 2389 195 50 weather,
597 2391 80 40 and
712 2391 216 50 cigarettes
962 2393 81 40 and
1077 2393 143 50 cigars.
1283 2392 125 52 They
1442 2409 68 25 are

134 2446 98 42 such
254 2446 109 42 little
384 2448 216 50 optimists,
625 2448 113 42 those
761 2450 204 41 Viennese
986 2450 101 51 girls
1110 2450 183 43 between
1319 2452 191 41 fourteen

136 2506 80 40 and
248 2506 119 51 sixty.
430 2506 42 41 If
504 2523 52 24 no
588 2507 198 42 fatalities
818 2524 68 25 are
917 2509 191 50 reported
1140 2509 95 52 they
1265 2511 52 40 sit
1348 2511 160 42 around

134 2564 106 41 their
269 2563 170 43 beloved
466 2565 139 50 coffee,
635 2576 67 31 eat
729 2566 113 42 those
870 2566 195 43 delicious
1091 2568 164 42 Vienna
1283 2569 117 41 cakes
1428 2570 81 41 and

133 2622 119 42 make
277 2622 141 51 plans;
442 2623 118 50 plans
586 2624 68 42 for
677 2624 70 42 the
772 2626 98 41 time
895 2626 122 41 when
1044 2626 81 42 this
1149 2628 361 51 man-murdering

134 2697 89 25 war
243 2681 90 42 will
355 2682 47 41 be
424 2699 99 24 over
544 2683 81 41 and
647 2683 69 42 the
738 2684 98 41 dear
857 2700 96 26 ones
975 2684 120 43 home
1117 2687 133 50 again.
1303 2686 86 49 Oh,
1413 2687 97 42 how

134 2740 273 42 comfortable
434 2742 80 40 and
543 2758 100 35 cozy
668 2742 91 42 will
787 2742 96 52 they
909 2743 118 42 make
1054 2744 32 41 it
1114 2744 67 42 for
1207 2744 133 42 them!

190 2820 97 43 The
315 2822 188 42 German
530 2839 165 26 woman
724 2825 262 50 participates
1014 2826 40 40 in
1084 2826 68 41 the
1180 2826 186 42 national
1392 2827 118 51 pride

133 2880 45 41 of
212 2880 74 41 her
320 2880 188 43 husband
544 2892 42 31 to
621 2882 48 41 be
705 2899 22 25 a
762 2882 202 43 German.
1030 2883 80 43 She
1143 2885 31 41 is
1209 2885 221 43 interested
1466 2887 42 40 in

134 2939 173 50 politics.
376 2939 78 42 She
490 2941 95 41 does
620 2951 74 31 not
730 2942 96 41 read
861 2942 99 52 only
995 2942 68 43 the
1100 2943 140 43 novels
1275 2945 82 41 and
1392 2944 116 42 short

132 2998 144 41 stories
300 2998 41 40 in
367 2998 74 42 her
465 3015 240 35 newspaper
730 3000 74 41 but
829 3001 32 41 is
887 3002 244 49 acquainted
1157 3002 104 42 with
1288 3003 69 42 the
1383 3003 106 42 inter-

132 3056 187 42 national
345 3057 184 51 political
555 3059 212 42 situation.
825 3059 230 52 Especially
1082 3061 68 41 the
1176 3077 165 26 woman
1368 3062 45 42 of
1441 3062 69 42 the

132 3114 157 42 middle
320 3116 145 42 classes
496 3116 71 42 has
600 3133 23 25 a
654 3117 188 52 strongly
874 3120 213 48 expressed
1120 3120 187 41 national
1340 3120 167 52 feeling.

134 3173 79 42 She
233 3174 32 41 is
285 3175 133 49 proud
439 3175 45 42 of
506 3175 216 53 Germany
743 3193 42 25 as
807 3193 23 25 a
850 3176 168 53 leading
1038 3193 141 35 power
1198 3179 46 40 of
1267 3179 68 42 the
1357 3179 150 43 world.

134 3231 77 42 She
250 3233 32 41 is
319 3234 133 49 proud
491 3234 44 41 of
574 3234 93 44 her.
683 3235 188 42 husband
910 3236 169 42 because
1116 3236 50 42 he
1202 3238 32 40 is
1272 3254 23 25 a
1331 3248 96 40 part
1463 3238 45 42 of

132 3290 217 52 Germany
374 3293 80 41 and
479 3292 69 42 she
572 3294 32 41 is
627 3294 133 50 proud
785 3294 45 41 of
854 3294 62 42 his
940 3295 187 42 uniform
1152 3295 167 43 because
1343 3297 51 41 he
1417 3297 91 42 will

131 3349 94 51 help
249 3360 42 31 to
314 3351 152 42 defend
490 3351 188 42 German
700 3352 76 42 soil
800 3354 80 41 and
905 3353 169 42 because
1097 3353 69 43 the
1189 3370 109 27 same
1321 3355 187 43 uniform

131 3409 32 41 is
184 3424 119 26 worn
327 3409 52 52 by
402 3410 68 42 the
492 3410 148 42 Kaiser
662 3410 166 43 himself
852 3413 81 41 and
959 3412 68 42 the
1050 3414 159 49 princes
1232 3414 43 41 of
1301 3414 68 41 the
1394 3414 115 52 royal

132 3468 159 49 House,
325 3469 69 41 the
426 3468 162 53 highest
618 3471 285 42 commanders
934 3471 45 42 of
1012 3471 69 42 the
1113 3488 128 36 army.
1305 3473 79 42 She
1414 3489 71 35 sup-

131 3528 161 49 pressed
318 3528 168 52 bravely
511 3529 68 42 the
605 3539 107 32 tears
737 3530 154 52 during
915 3531 115 41 those
1054 3532 181 51 exciting
1260 3532 97 52 days
1381 3532 128 43 while

131 3585 69 43 the
235 3597 176 41 country
443 3603 86 26 was
564 3588 244 52 mobilizing
842 3589 52 42 its
931 3590 158 41 armies.
1157 3589 78 44 She
1269 3592 159 41 seemed
1465 3602 42 31 to

131 3645 177 42 demand
340 3645 109 42 from
479 3646 85 42 him
594 3663 251 36 courageous
875 3648 195 42 behavior
1100 3650 41 40 in
1173 3649 69 42 the
1272 3650 123 42 ranks
1426 3651 81 41 and

131 3719 100 26 even
265 3704 123 42 death
421 3704 32 42 if
487 3706 153 41 needed
675 3716 41 32 to
748 3722 181 35 conquer
959 3723 48 26 or
1039 3718 42 31 to
1114 3708 165 42 defend.
1344 3709 164 41 "Don't

132 3762 119 41 think
287 3763 44 41 of
512 3764 69 41 she
617 3765 143 42 would
797 3781 81 36 say,
918 3765 145 43 "don't
1099 3783 140 35 worry
1275 3767 126 42 about
1438 3768 69 42 the

132 3820 200 43 children.
393 3823 70 41 Do
491 3838 106 36 your
625 3824 103 51 duty
758 3825 81 41 and
870 3824 93 42 take
992 3826 107 50 good
1129 3841 92 26 care
1249 3826 44 43 of
1322 3826 185 52 yourself

131 3896 43 25 so
202 3880 92 42 that
318 3897 81 35 you
426 3897 113 26 come
691 3883 102 41 back
820 3893 43 32 to
889 3899 65 26 me
981 3883 33 42 if
1040 3899 81 37 you
1150 3900 68 26 are
1244 3886 124 41 saved
1397 3885 111 42 from

131 3938 68 43 the
221 3940 177 51 enemy's
660 3941 126 42 With
807 3941 168 53 smiling
995 3943 82 41 and
1100 3944 278 51 encouraging
1401 3943 108 43 faces

1581 313 94 51 they
1701 312 170 42 cheered
1898 312 69 43 the
1994 322 139 40 troops
2160 311 217 51 marching
2400 320 76 32 out
2500 309 46 43 of
2573 308 109 42 their
2707 318 135 32 towns
2869 307 82 42 and
2980 307 4 57 .

1580 371 125 42 cities.
1757 371 86 41 But
1865 370 110 43 after
1997 369 68 42 the
2086 369 122 42 backs
2228 369 46 42 of
2296 369 70 42 the
2388 367 171 43 beloved
2581 382 97 27 ones
2700 367 42 40 in
2765 365 187 42 uniform

1578 445 110 26 were
1710 430 150 41 turned
1882 428 56 42 all
1959 428 70 42 the
2048 427 325 51 sentimentality
2394 427 45 41 of
2461 427 108 41 their
2590 441 103 34 race,
2717 423 235 52 artificially

1578 488 175 41 checked
1778 487 180 51 through
1980 487 174 51 bravery
2175 486 45 42 of
2243 486 68 41 the
2334 486 129 50 spirit,
2488 500 102 36 gave
2611 499 105 37 way,
2742 483 81 42 and
2846 482 105 42 with

1579 546 69 41 the
1667 555 107 32 tears
1794 562 112 25 came
1924 555 75 32 out
2019 545 69 42 the
2360 543 135 51 might
2514 543 103 41 have
2638 557 91 26 seen
2751 540 111 43 them
2884 540 68 41 for

1578 604 68 41 the
1667 604 78 41 last
1765 605 98 41 time
1882 619 53 26 on
1957 603 80 42 this

1638 663 50 40 In
1728 661 68 43 the
1834 661 128 42 coffee
2001 661 144 42 houses
2183 660 44 41 of
2269 660 156 49 Berlin,
2465 659 45 42 of
2552 659 190 41 Dresden
2783 657 81 42 and
2903 656 46 43 of

1579 721 197 49 Munich,
1809 736 162 26 women
2006 735 68 26 are
2107 719 143 51 taking
2282 718 69 42 the
2384 717 132 51 places
2547 716 45 43 of
2627 717 68 41 the
2726 731 94 26 men
2852 714 97 43 who

1578 780 98 41 used
1713 789 41 31 to
1790 778 170 52 indulge
1995 778 96 41 here
2126 778 42 40 in
2203 777 74 41 hot
2312 775 184 52 political
2532 776 254 40 discussions.
2852 773 97 42 The

1577 837 187 42 German
1792 852 165 27 woman
1987 837 32 42 is
2046 846 73 31 not
2146 835 178 42 satisfied
2353 834 105 42 with
2487 834 69 41 the
2584 832 245 51 knowledge
2858 832 92 42 that

1578 895 70 41 the
1677 911 119 26 name
1824 895 45 41 of
1900 895 73 41 her
2002 895 200 47 husband,
2234 893 169 42 brother
2430 909 49 25 or
2509 891 138 42 father
2677 892 31 41 is
2736 907 49 25 or
2815 891 31 41 is
2876 900 73 31 not

1577 954 218 43 contained
1829 954 41 40 in
1904 953 68 41 the
2004 952 148 42 official
2185 952 87 41 lists
2304 951 44 41 of
2382 951 116 48 dead,
2532 950 74 41 but
2637 949 70 42 she
2738 959 135 32 wants
2905 959 43 31 to

1576 1013 126 41 know
1724 1012 56 41 all
1804 1012 125 41 about
1952 1011 68 42 the
2043 1011 233 51 operations
2297 1009 45 42 of
2366 1008 249 52 Germany's
2639 1008 158 48 armies,
2824 1007 125 42 about

1577 1070 248 51 Germany's
1846 1070 170 41 chances
2036 1070 41 40 in
2100 1068 68 42 the
2189 1067 110 43 field.
2352 1067 78 42 She
2451 1067 100 42 feels
2571 1067 91 41 that
2683 1066 74 41 her
2778 1065 171 42 beloved

1576 1145 77 25 one
1679 1129 111 41 takes
1815 1138 93 40 part
1932 1129 41 40 in
1999 1127 56 42 all
2080 1127 80 41 this
2185 1128 80 40 and
2291 1127 42 40 in
2358 1126 80 41 this
2462 1142 93 34 way
2578 1124 152 42 herself
2757 1135 81 31 too.

2469 1194 56 42 G.
2551 1195 51 41 B.

1574 1312 216 64 Helen
1822 1312 291 76 Dryden:
2146 1310 227 63 Witch
2403 1310 75 62 of
2505 1310 200 62 Color

1578 1401 124 64 pvO
1737 1418 81 35 you
1853 1413 116 31 want
2006 1413 42 31 to
2084 1403 126 41 know
2244 1402 115 42 what
2397 1403 32 40 it
2465 1401 129 51 really
2629 1417 86 26 was
2752 1400 91 41 that
2881 1399 64 42 be-

1719 1460 179 44 witched
1917 1477 80 35 you
2018 1462 42 40 in
2081 1461 68 41 the
2171 1460 111 43 New
2300 1460 268 42 Amsterdam
2589 1459 188 41 Theatre
2798 1459 154 50 during

1575 1520 91 41 that
1693 1520 285 50 performance
2006 1519 44 46 of
2291 1519 123 41 Your
2655 1518 64 41 Of
2747 1533 142 26 course
2918 1517 31 41 it

1573 1594 86 26 was
1685 1578 69 41 the
1778 1579 129 40 music
1933 1578 210 51 flattering
2168 1594 104 35 your
2298 1594 99 32 ears,
2425 1577 114 41 those
2565 1577 105 51 silly,
2698 1576 252 51 enchanting

1575 1637 80 41 airs
1681 1636 91 42 that
1797 1638 120 40 made
1940 1653 82 35 you
2050 1636 80 41 feel
2157 1637 68 40 the
2252 1636 166 51 rhythm
2446 1637 40 40 in
2513 1651 105 35 your
2644 1646 96 38 toes,
2770 1636 81 40 and
2879 1634 69 42 the

1575 1696 178 50 dancing
1780 1695 43 41 of
1853 1695 69 41 the
1951 1695 161 42 Castles
2141 1696 80 40 and
2251 1695 68 40 the
2348 1710 199 35 gorgeous
2576 1710 164 34 scenery
2770 1694 80 41 and
2880 1693 69 41 the

1574 1753 223 51 sparkling,
1821 1753 197 51 dazzling
2038 1752 137 52 lights,
2198 1754 81 40 and
2301 1753 96 41 then
2420 1753 114 41 there
2554 1768 109 26 were
2684 1752 199 50 bouquets
2904 1751 44 41 of

1575 1822 137 41 pretty
1755 1812 147 41 chorus
1944 1811 112 52 girls,
2101 1811 195 51 garlands
2338 1811 44 41 of
2427 1810 216 49 beautiful,
2690 1811 134 51 happy
2867 1810 82 41 and

1574 1886 136 35 merry
1736 1870 112 51 girls.
1907 1871 85 41 But
2018 1871 158 40 doesn't
2204 1870 56 41 all
2287 1870 91 41 that
2404 1886 51 35 go
2481 1869 103 43 with
2612 1885 119 36 every
2759 1869 189 42 declared

1576 1930 234 50 Broadway
1838 1928 181 42 success?
2077 1929 97 41 Yes.
2236 1929 84 41 But
2350 1928 114 42 there
2493 1944 86 26 was
2608 1928 232 50 something
2869 1927 80 41 else

1575 1987 90 42 that
1690 1988 97 50 kept
1810 2003 80 35 you
1916 1987 257 50 spellbound,
2202 2003 23 25 a
2251 1987 231 51 something
2509 1987 90 41 that
2624 1987 194 49 occupied
2845 2002 105 35 your

1574 2062 88 35 eyes
1686 2062 41 25 as
1749 2046 236 51 grippingly
2009 2046 80 41 and
2113 2045 234 52 constantly
2370 2061 41 25 as
2436 2046 70 40 did
2531 2045 68 41 the
2622 2045 94 49 soft,
2744 2045 205 50 prickling

1575 2114 118 32 tunes
1724 2120 104 36 your
1860 2120 99 33 ears,
1994 2120 23 25 a
2048 2104 233 51 something
2313 2104 90 41 that
2436 2105 120 40 made
2586 2119 80 35 you
2701 2103 148 42 follow
2882 2104 45 40 ab-

1573 2163 211 51 sorbingly
1806 2163 68 41 the
1895 2173 253 31 movements
2170 2163 44 41 of
2238 2163 147 41 chorus
2408 2163 81 40 and
2512 2162 44 41 of
2580 2161 170 52 players,
2777 2178 22 25 a
2821 2177 103 26 some-

1575 2221 118 51 thing
1731 2222 91 40 that
1859 2222 116 40 acted
2013 2237 110 34 upon
2159 2237 105 35 your
2302 2237 130 25 senses
2469 2220 81 42 like
2587 2220 70 42 the
2693 2231 112 31 scent
2842 2220 44 41 of
2926 2236 23 26 a

1573 2279 239 42 wonderful
1835 2279 188 51 perfume
2046 2279 137 42 whose
2206 2280 134 50 origin
2363 2295 80 35 you
2467 2289 152 31 cannot
2643 2278 142 50 locate,
2810 2279 139 42 whose

1573 2339 103 43 odor
1702 2354 81 35 you
1811 2349 151 30 cannot
1989 2338 146 49 define,
2163 2338 74 42 but
2264 2338 138 42 whose
2430 2339 201 40 existence
2657 2354 80 35 you
2766 2337 80 42 feel
2874 2353 50 26 un-

1573 2396 258 52 mistakably.

1633 2455 69 41 Do
1724 2471 80 35 you
1830 2455 226 42 remember
2080 2455 68 41 the
2172 2455 229 41 costumes?
2457 2453 90 43 Not
2569 2454 98 52 only
2691 2454 114 42 those
2829 2469 119 28 worn

1575 2513 50 52 by
1649 2514 68 41 the
1742 2513 166 52 leading
1930 2514 201 41 members
2155 2514 44 40 of
2225 2513 68 42 the
2318 2523 98 40 cast,
2443 2513 74 41 but
2543 2513 83 42 also
2653 2513 69 41 the
2747 2523 202 31 costumes

1573 2572 44 41 of
1641 2572 68 41 the
1730 2572 161 50 chorus,
1915 2573 41 40 in
1980 2572 56 41 all
2058 2572 106 41 their
2186 2572 203 51 changes?
2439 2572 97 50 Yes,
2562 2572 124 41 that's
2709 2573 44 40 it.
2806 2571 143 42 Those

1574 2631 227 42 fascinated
1837 2647 93 35 you.
1998 2631 136 42 Their
2170 2630 114 42 color
2319 2630 178 42 schemes
2536 2631 212 41 reminded
2784 2647 81 35 you
2903 2630 44 41 of

1573 2689 233 51 something
1829 2706 80 34 you
1935 2689 103 41 have
2064 2690 186 40 admired
2276 2689 41 41 in
2345 2689 68 41 the
2439 2699 101 40 past,
2570 2689 113 41 those
2710 2689 129 41 forms
2867 2690 80 41 and

1573 2747 102 42 lines
1697 2747 180 52 brought
1900 2748 101 41 back
2025 2758 42 31 to
2088 2764 80 36 you
2192 2763 110 26 some
2324 2763 196 36 memory.
2575 2747 64 43 Of
2664 2747 142 42 what?
2860 2747 86 49 Oh,

1572 2822 78 35 yes,
1684 2822 81 36 you
1799 2807 227 41 remember
2058 2806 114 42 those
2204 2805 136 52 lovely
2373 2806 161 41 French
2569 2806 295 50 fashionplates
2897 2806 52 51 by

1575 2864 128 42 Bakst
1732 2881 48 25 or
1809 2864 268 42 Bruneleschi
2108 2866 42 40 in
2181 2864 69 42 the
2279 2865 116 42 show
2424 2866 203 41 windows
2657 2864 43 42 of
2733 2874 65 32 art
2827 2864 121 51 shops

1574 2925 81 40 and
1689 2924 45 41 of
1771 2923 117 42 Fifth
1924 2939 157 27 avenue
2117 2923 282 52 dressmaking
2434 2923 348 42 establishments!
2848 2923 100 42 And

1571 2982 118 43 what
1719 2982 107 42 else?
1888 2982 85 50 Oh,
2007 2982 114 42 those
2153 2983 144 51 dainty
2328 2982 151 52 figures
2509 2998 54 26 on
2596 2982 68 42 the
2696 2998 121 26 cover
2848 2982 45 42 of
2926 2998 23 26 a

1573 3041 162 42 fashion
1756 3041 216 51 magazine
1993 3041 221 51 placarded
2236 3042 41 39 in
2300 3040 57 42 all
2379 3041 68 41 the
2469 3041 184 42 elevated
2677 3042 80 40 and
2779 3041 170 51 subway

1573 3101 81 41 and
1681 3110 125 32 street
1832 3100 108 42 cars!

1571 3182 284 42 Masterpieces
1876 3182 42 35 in
1938 3182 209 42 Harmony

1629 3240 97 42 You
1754 3256 68 26 are
1846 3256 53 25 on
1927 3240 69 42 the
2022 3240 113 51 right
2161 3239 109 42 trail.
2326 3239 75 42 All
2428 3239 69 43 the
2523 3250 202 32 costumes
2749 3255 120 27 worn
2897 3240 52 51 by

1571 3298 108 43 male
1702 3300 80 41 and
1806 3299 150 42 female
1978 3299 251 50 performers
2250 3298 45 42 of
2527 3299 122 41 Your
2838 3299 111 42 from

1574 3358 112 41 Mrs.
1716 3358 172 41 Vernon
1919 3356 176 43 Castle's
2124 3372 145 36 gowns
2298 3357 124 42 down
2453 3367 41 31 to
2525 3356 69 42 the
2623 3372 135 37 gauzy
2785 3372 141 37 sugges-

1573 3417 87 40 tion
1688 3416 44 41 of
1761 3415 137 42 frocks
1925 3415 45 42 of
1999 3415 68 42 the
2095 3415 160 49 chorus,
2284 3431 110 26 were
2424 3426 41 31 at
2493 3415 91 42 first
2612 3415 162 42 fashion
2805 3415 142 51 plates,

1572 3474 109 42 little
1702 3475 283 50 masterpieces
2008 3475 41 40 in
2072 3474 202 52 harmony
2295 3474 44 41 of
2363 3474 131 42 colors
2519 3475 80 41 and
2622 3490 120 35 grace
2764 3475 44 41 of
2833 3474 114 42 lines.

1571 3532 125 52 They
1721 3549 109 27 were
1858 3532 216 52 especially
2101 3533 147 42 drawn
2277 3532 67 42 for
2371 3532 68 42 the
2467 3533 201 41 members
2693 3532 47 42 of
2768 3533 69 41 the
2864 3543 85 31 cast

1573 3591 109 42 after
1706 3608 23 25 a
1752 3591 160 42 careful
1935 3591 124 52 study
2082 3591 44 42 of
2152 3591 69 42 the
2244 3592 256 50 manuscript
2523 3591 45 42 of
2594 3591 69 42 the
2686 3591 108 52 play.
2848 3591 100 42 And

1572 3666 53 26 no
1659 3666 77 26 one
1771 3650 77 42 less
1883 3650 101 42 than
2022 3650 111 42 Miss
2169 3649 138 43 Helen
2345 3650 189 52 Dryden,
2572 3650 69 42 the
2675 3650 273 43 well-known

1573 3710 130 48 artist,
1733 3709 69 42 the
1829 3709 90 42 first
1946 3719 42 31 to
2015 3709 118 41 make
2159 3725 47 26 us
2234 3709 243 50 acquainted
2505 3709 105 42 with
2638 3709 69 42 the
2733 3709 217 52 charming

1572 3784 94 26 new
1698 3769 110 41 ideas
1838 3767 45 42 of
1916 3767 69 42 the
2018 3767 162 42 French
2213 3769 150 48 artists,
2397 3767 75 42 but
2504 3769 137 40 minus
2674 3767 108 42 their
2813 3783 115 27 eccen-

1572 3827 170 41 tricities
1775 3827 80 41 and
1888 3836 326 42 extravaganzas
2246 3827 42 40 in
2321 3826 132 42 colors
2486 3827 80 41 and
2598 3826 191 49 outlines,
2825 3828 32 40 is
2890 3842 41 26 re-

1573 3885 203 51 sponsible
1806 3885 67 42 for
1903 3885 68 42 the
2002 3884 209 53 fairyland
2241 3885 45 42 of
2316 3895 201 32 costumes
2549 3885 90 42 that
2668 3901 81 36 you
2778 3901 86 26 saw
2894 3901 55 35 up

1573 3944 114 42 there
1711 3960 53 26 on
1790 3944 69 42 the
1884 3954 125 41 stage.
