3017 4371
1189 129 243 37 BRUNO'S
1509 131 252 36 WEEKLY

2802 134 78 43 895

75 235 126 29 town.
259 223 99 41 And
387 223 139 41 before
554 223 99 52 long
680 224 80 41 this
789 224 226 42 emulation
1044 225 130 51 began
1203 235 42 31 to
1274 226 170 53 develop

74 281 175 51 quickly,
293 282 110 41 these
446 282 209 41 Scotsmen
698 283 222 51 accepting,
966 283 66 41 far
1073 299 113 26 more
1228 284 217 52 implicitly

74 341 99 40 than
209 356 78 35 any
320 341 119 40 other
471 356 94 25 men
600 342 41 39 in
677 341 56 41 all
769 342 177 49 Europe,
982 342 68 41 the
1084 343 178 41 attitude
1295 343 45 41 of
1375 343 70 41 the

74 398 256 42 Frenchmen
355 409 41 31 at
419 400 116 40 issue.
587 399 97 41 The
705 410 235 31 movement
963 400 181 52 brought
1166 400 116 42 forth
1306 417 23 26 a
1353 402 92 41 deal

70 457 44 40 of
144 457 127 51 really
298 468 116 40 great
439 458 131 48 work,
601 458 66 41 for
694 459 182 41 instance
904 459 68 41 the
999 459 178 51 pictures
1203 463 48 38 of
1277 462 167 49 George

72 516 149 50 Henry
241 517 80 40 and
344 516 178 50 Hornel,
547 517 172 51 Lavery,
744 517 275 51 McTaggart
1040 519 81 40 and
1141 518 166 42 Arthur
1329 518 86 42 Mel-

69 574 110 49 ville,
205 591 22 24 a
248 585 66 41 yet
338 591 113 25 rarer
474 586 152 30 master
649 576 100 41 than
774 576 110 41 these
907 576 122 51 being
1052 576 67 42 Sir
1140 577 139 50 James
1303 576 112 43 Guth-

70 634 69 40 rie.
193 633 293 52 Accordingly,
512 635 41 40 in
578 633 68 42 the
669 634 157 51 closing
850 635 168 42 decades
1041 635 44 41 of
1111 635 69 42 the
1203 635 239 42 nineteenth

69 701 184 42 century,
283 692 68 41 the
637 692 147 42 School
811 693 44 41 of
1019 694 163 41 became
1209 710 22 26 a
1259 694 184 42 familiar

69 761 104 30 term
206 751 272 50 everywhere,
511 751 121 51 being
663 751 237 51 frequently
930 753 97 40 used
1059 753 42 40 in
1133 768 51 25 an
1215 753 225 41 honorable

66 824 112 27 sense
203 809 50 50 by
277 824 124 36 many
425 809 44 42 of
496 809 68 42 the
588 826 114 25 more
728 811 233 50 discerning
987 811 161 41 French
1174 811 148 50 critics,
1350 821 68 32 not-

68 868 93 51 ably
191 867 179 42 Camille
401 868 237 49 Mauclair;
667 869 124 41 while
821 870 41 39 in
898 870 107 40 1890
1034 869 68 41 the
1130 880 90 31 vast
1252 870 165 41 Interna-

67 925 130 42 tional
221 927 255 49 Exposition,
501 937 41 30 at
567 927 196 49 Munich,
787 927 142 51 wisely
953 928 184 50 assigned
1163 944 22 25 a
1210 927 82 42 fair
1314 939 127 39 quota

66 985 44 41 of
134 1000 117 35 space
276 995 42 30 to
344 985 109 41 these
481 985 177 41 Scottish
685 986 150 41 artists.
890 985 61 41 At
976 985 81 42 this
1083 986 98 42 time
1208 987 231 51 Fergusson

66 1059 85 26 was
172 1044 87 50 just
281 1043 224 51 beginning
527 1053 41 32 to
591 1044 127 50 paint,
744 1045 93 49 and,
862 1045 163 51 finding
1046 1044 69 42 the
1139 1045 302 51 Impressionist

66 1103 117 41 creed
211 1118 42 25 so
279 1118 99 35 very
403 1103 236 49 prominent
666 1117 151 36 among
842 1102 62 41 his
931 1103 278 50 compatriots,
1238 1103 50 42 he
1314 1105 105 41 inevi-

67 1160 113 51 tably
208 1176 113 26 came
349 1162 133 40 under
509 1162 52 40 its
588 1160 116 51 spell,
733 1160 61 42 his
823 1160 112 52 early
961 1162 140 41 works
1128 1162 227 52 signifying
1383 1179 38 25 es-

65 1219 173 50 pecially
262 1235 50 25 an
338 1220 248 41 admiration
610 1234 54 27 on
688 1219 62 42 his
773 1230 93 39 part
890 1219 67 42 for
979 1219 167 43 Arthur
1171 1221 210 43 Melville.

62 2869 159 34 Friends
246 2871 78 34 and
349 2871 219 34 Influences

117 2939 143 42 There
295 2957 110 25 were
441 2958 222 26 numerous
699 2944 120 42 other
853 2961 139 35 young
1029 2945 211 42 Scotsmen
1276 2946 44 41 of
1359 2947 79 40 this

60 2999 153 49 period,
241 2999 108 49 who,
377 3001 169 51 sharing
570 3002 353 53 enthusiastically
949 3005 266 50 Fergusson's
1241 3005 176 50 predilec-

60 3058 87 40 tion
171 3058 66 41 for
260 3059 69 41 the
352 3059 160 42 French
538 3061 302 50 Impressionist
864 3062 151 51 school,
1040 3064 212 51 naturally
1275 3064 163 42 became

59 3115 62 42 his
142 3117 105 41 close
269 3118 170 42 friends.
491 3119 147 42 Ablest
661 3136 150 36 among
833 3121 111 42 these
965 3137 111 26 were
1100 3123 159 48 Porter,
1285 3123 152 51 Joseph

62 3175 186 50 Simpson
274 3178 80 40 and
380 3177 38 42 S.
442 3178 39 50 J.
508 3177 163 51 Peploe,
697 3179 68 41 the
789 3179 257 43 first-named
1071 3197 23 25 a
1118 3181 132 51 gifted
1276 3183 162 50 painter

16 3250 17 26 v
58 3234 45 40 of
128 3235 173 50 flowers,
324 3236 126 42 while
474 3236 68 42 the
565 3237 125 41 latter
712 3239 90 49 pair
826 3254 67 26 are
918 3239 98 41 both
1040 3241 222 51 nowadays
1284 3241 153 52 widely

8 3297 26 35 to
59 3292 153 43 known
246 3295 162 41 outside
440 3295 109 42 their
580 3297 138 41 native
754 3297 209 42 Scotland.
1027 3299 99 41 And
1163 3299 163 50 Peploe,
1361 3316 51 26 un-

8 3346 9 55 [
60 3353 296 52 questionably,
392 3356 204 40 exercised
631 3372 23 25 a
686 3366 145 41 strong
864 3357 202 42 influence
1100 3374 53 25 on
1189 3359 245 51 Fergusson,

8 3406 15 73 |
58 3412 263 52 stimulating
354 3413 61 42 his
450 3415 138 40 native
622 3431 160 33 powers
817 3431 41 25 as
893 3432 22 25 a
950 3416 178 50 colorist,
1166 3417 114 42 there
1315 3419 122 50 being

8 3487 18 26 r
58 3471 233 52 something
321 3472 80 42 else
431 3473 137 41 which
601 3474 340 52 simultaneously
973 3491 112 25 came
1117 3486 42 31 to
1190 3476 144 42 mould
1368 3478 69 40 the

60 3529 186 53 budding
269 3532 152 41 artist's
445 3532 171 42 outlook
640 3534 81 40 and
745 3544 135 31 tastes.
965 3535 83 40 For
1071 3535 33 40 if
1130 3535 197 43 Scotland
1351 3553 86 25 was

60 3590 166 48 quicker
260 3591 100 40 than
396 3591 195 51 England
627 3602 41 31 to
704 3594 214 49 recognize
953 3593 69 41 the
1057 3594 198 42 founders
1288 3594 46 42 of
1368 3595 69 42 the

62 3647 122 42 Salon
214 3650 68 40 des
312 3650 186 51 Refuses,
529 3650 69 42 she
625 3667 86 26 was
740 3652 167 49 quicker
935 3652 181 42 likewise
1145 3654 42 40 in
1217 3655 221 51 according

60 3707 172 52 homage
265 3719 42 31 to
340 3709 232 50 Whistler;
606 3711 93 49 and,
735 3711 40 40 in
811 3711 97 51 days
939 3711 123 42 when
1095 3712 49 41 he
1176 3728 86 27 was
1295 3713 86 42 still
1414 3730 22 25 a

60 3766 333 53 laughing-stock
422 3779 42 31 at
492 3768 254 53 Burlington
777 3770 156 50 House,
964 3770 62 42 his
1053 3773 179 48 portrait
1259 3772 44 42 of
1334 3772 78 42 Car-

59 3825 81 51 lyle
179 3843 85 26 was
305 3828 158 51 bought
504 3828 51 51 by
595 3828 69 41 the
705 3829 241 50 Municipal
988 3829 189 53 Gallery,
1220 3831 214 52 Glasgow.

1513 228 308 50 Furthermore,
1848 228 50 42 he
1922 245 86 26 was
2033 229 153 42 elected
2214 245 51 26 an
2292 230 205 52 honorary
2523 232 192 41 associate
2740 232 45 41 of
2812 232 69 42 the

1513 286 177 43 Scottish
1718 287 224 52 Academy,
1973 285 149 51 which,
2153 304 53 25 on
2236 289 61 40 his
2326 289 135 48 death,
2492 305 86 26 was
2607 290 68 41 the
2705 290 83 41 sole
2819 307 42 25 ar-

1513 346 108 40 tistic
1644 346 118 51 body,
1789 347 41 39 in
1857 346 134 42 Great
2016 346 176 49 Britain,
2218 347 192 51 officially
2434 348 172 51 sending
2632 359 228 40 representa-

1513 405 101 40 tives
1634 414 42 31 to
1698 404 62 41 his
1781 404 178 42 funeral.
2010 405 99 41 And
2134 421 22 25 a
2178 405 108 41 little
2310 405 247 43 afterwards
2580 407 68 41 the
2670 407 212 52 Academy

1511 464 223 49 organized
1758 480 22 24 a
1802 463 188 50 splendid
2014 463 95 41 loan
2134 463 215 41 collection
2373 464 44 41 of
2441 464 62 42 his
2525 466 137 40 works
2686 467 41 39 in
2754 467 103 41 Edin-

1510 521 145 51 burgh,
1685 521 124 42 while
1835 531 97 32 next
1960 522 68 40 the
2056 520 159 52 Society
2240 522 45 40 of
2314 522 177 42 Scottish
2517 523 169 50 Artists,
2717 524 82 41 also
2828 540 52 26 an

1517 580 246 51 Edinburgh
1799 581 248 47 institution,
2085 581 212 40 contrived
2334 591 42 31 to
2412 581 177 49 borrow,
2628 583 66 40 for
2729 599 76 25 one
2840 583 44 41 of

1515 639 106 41 their
1646 639 257 49 exhibitions,
1928 638 241 42 Whistler's
2193 640 211 41 Princesse
2430 643 54 39 du
2510 641 107 50 Pays
2643 644 49 38 de
2719 644 39 39 la
2781 642 78 41 Por-

1508 699 163 40 celaine.
1695 696 140 43 These
1856 696 194 42 different
2074 696 137 51 things
2234 697 50 50 by
2308 697 68 41 the
2398 708 151 31 master
2572 700 221 41 awakened
2819 702 60 39 in-

1507 2249 110 32 tense
1640 2242 142 43 fervor
1803 2261 151 39 among
1974 2265 139 38 young
2138 2253 177 43 Scottish
2339 2256 192 49 painters,
2557 2272 106 26 none
2685 2258 44 40 of
2755 2258 125 50 them,

1507 2300 187 52 possibly,
1715 2305 269 54 manifesting
2001 2325 114 27 more
2134 2313 155 41 ardour
2307 2314 41 41 in
2369 2314 80 42 this
2468 2315 175 43 relation
2663 2318 100 41 than
2785 2321 74 41 Fer-

1507 2372 162 37 gusson,
1692 2362 95 42 who
1810 2366 98 40 used
1932 2376 40 32 to
1995 2382 50 36 go
2069 2385 120 37 every
2212 2372 78 51 day
2312 2382 42 31 to
2376 2388 62 27 see
2461 2374 69 42 the
2550 2376 212 44 Princesse
2785 2379 74 42 dur-

1508 2418 71 50 ing
1606 2420 51 40 its
1685 2430 88 42 stay
1802 2423 41 40 in
1873 2424 68 42 the
1971 2425 177 44 Scottish
2178 2430 164 51 capital.
2403 2432 86 42 But
2515 2434 143 43 whilst
2685 2437 198 53 studving

1507 2476 209 44 Whistler
1735 2481 103 41 with
1861 2498 41 26 so
1923 2484 124 42 much
2069 2486 197 44 closeness
2288 2491 80 40 and
2391 2491 103 51 love,
2518 2493 141 42 whilst
2682 2496 200 53 imbibing

1508 2535 61 41 his
1600 2537 193 43 aifection
1827 2541 67 41 for
1926 2543 68 41 the
2024 2545 136 42 subtle
2190 2547 187 53 coloring
2406 2550 44 41 of
2483 2552 131 51 night,
2650 2554 231 52 Fergusson

1509 2595 68 41 did
1600 2607 73 30 not
1695 2597 75 42 fail
1794 2609 41 31 to
1856 2601 92 50 give
1969 2602 214 50 plenteous
2207 2609 203 40 attention
2433 2611 248 43 meanwhile
2704 2623 42 32 to
2768 2630 114 28 more

1507 2654 119 42 virile
1656 2657 138 41 artists
1824 2658 100 43 than
1955 2661 69 42 the
2365 2677 84 32 two
2479 2670 98 40 such
2607 2672 104 41 with
2741 2673 141 43 whom

1507 2712 49 42 he
1579 2729 85 26 was
1688 2714 100 53 long
1812 2718 160 52 greatly
1995 2724 268 49 preoccupied
2289 2724 122 54 being
2436 2727 176 53 Sargent
2638 2732 81 41 and
2746 2731 136 53 Goya.

1509 2771 117 43 Since
1648 2773 97 42 then
1767 2775 50 42 he
1839 2776 71 42 has
1932 2777 78 43 left
2034 2779 210 53 Scotland,
2266 2784 170 52 making
2457 2786 61 42 his
2541 2788 120 42 home
2684 2790 41 41 in
2750 2792 129 49 Paris,

1506 2830 138 43 where
1669 2833 45 41 of
1740 2833 84 43 late
1847 2851 116 35 years
1989 2837 49 42 he
2064 2840 142 42 would
2233 2857 106 27 seem
2365 2853 42 32 to
2434 2844 102 44 have
2563 2847 136 43 learnt
2726 2866 22 25 a
2774 2853 106 49 good

1507 2890 91 41 dea
1626 2891 109 42 from
1765 2893 178 44 IVlatisse
1970 2898 80 40 and
2078 2898 61 42 his
2165 2899 151 51 school,
2343 2902 95 42 who
2466 2904 103 43 have
2597 2908 120 49 given
2745 2909 85 42 him
2859 2928 23 25 a

1506 2948 92 42 love
1624 2950 66 40 for
1718 2951 68 41 the
1812 2964 107 31 most
1944 2954 186 54 glowing
2156 2967 126 33 tones.
2340 2961 124 42 With
2494 2963 56 41 all
2578 2965 80 42 this
2687 2969 174 42 assimila-

1507 3018 98 39 tion,
1640 3008 203 53 however,
1876 3012 50 41 he
1958 3016 176 41 remains
2165 3033 23 24 a
2217 3034 99 35 very
2347 3020 231 43 individual
2610 3026 184 43 worker:
2828 3044 52 26 an

1507 3067 118 41 artist
1648 3071 235 50 expressing
1907 3072 41 40 in
1973 3072 60 42 his
2056 3090 95 26 own
2178 3075 160 43 fashion
2363 3078 61 42 his
2450 3082 136 41 actual
2612 3086 264 46 experiences.
