4142 5646
3146 4885 79 65 13

2655 599 132 67 LA
2841 586 453 80 CHARITÉ

400 734 108 67 La
571 730 147 68 fille
774 730 129 65 eut
962 746 134 49 son
1153 729 266 84 argent
1474 744 172 47 sans
1702 724 237 88 peine,

400 827 108 68 La
554 823 147 68 fille
745 825 131 64 eut
918 839 136 49 son
1096 822 264 84 argent
1401 837 171 47 sans
1616 837 74 47 se
1733 815 426 90 multiplier,

400 920 108 68 La
566 918 146 66 fille
764 918 134 65 eut
949 934 133 47 son
1137 917 264 84 argent
1450 917 79 62 et
1582 930 79 49 ce
1712 912 119 66 fut
1883 932 144 46 une
2081 908 341 81 aubaine,

402 1013 140 68 Car
583 1030 173 49 sous
794 1010 75 67 la
910 1006 203 70 main
1159 1006 99 66 du
1301 1005 193 67 mâle
1536 1005 134 66 elle
1712 1005 124 67 n'a
1877 1025 133 68 pas
2053 1005 167 86 plié,

400 1106 108 68 La
564 1103 148 68 fille
766 1106 130 63 eut
947 1120 135 47 son
1135 1103 264 85 argent
1450 1118 173 48 sans
1673 1098 280 66 relever
2004 1116 113 48 ses
2168 1096 215 88 jupes

398 1199 198 87 Trop
661 1196 191 68 haut
913 1199 78 61 et
1054 1213 171 47 sans
1287 1191 278 68 l'ennui
1629 1191 90 66 de
1783 1193 265 64 douter
2112 1191 223 66 d'une
2396 1188 198 88 dupe

400 1293 108 69 La
556 1291 145 68 fille
745 1293 132 64 eut
920 1308 135 47 son
1099 1291 264 84 argent
1406 1306 169 49 sans
1617 1303 317 71 engager
1976 1304 134 48 son
2154 1284 188 78 âme,

402 1386 108 67 La
571 1384 147 66 fille
776 1386 132 64 eut
962 1401 136 47 son
1157 1384 262 83 argent
1475 1399 171 48 sans
1702 1377 217 70 avilir
1975 1397 134 48 son
2166 1396 212 68 corps

400 1480 108 68 La
562 1479 148 66 fille
759 1482 132 61 eut
940 1496 134 47 son
1125 1479 262 84 argent
1436 1494 171 47 sans
1658 1492 166 48 user
1873 1474 42 66 à
1963 1474 73 66 la
2086 1470 307 68 flamme

400 1572 124 66 Du
574 1572 188 68 faux
811 1569 256 88 plaisir
1120 1587 77 48 ce
1252 1567 125 88 qui
1433 1565 384 68 d'humain
1866 1565 105 66 lui
2024 1569 193 62 reste
2268 1580 262 49 encore

398 1667 110 67 La
573 1665 147 68 fille
779 1668 132 63 eut
971 1684 133 45 son
1165 1665 263 85 argent
1485 1680 171 48 sans
1712 1660 212 86 jouer
1982 1679 96 47 au
2136 1658 125 87 jeu
2317 1655 305 79 infâme,

402 1760 186 68 Sans
644 1756 264 68 mimer
959 1756 459 68 l'innocence
1470 1758 78 63 et
1601 1773 81 48 sa
1734 1753 146 86 joie
1934 1756 76 63 et
2064 1772 112 45 ses
2229 1750 247 88 pleurs

398 1853 109 69 La
561 1851 147 68 fille
757 1856 132 63 eut
935 1850 68 67 le
1052 1850 283 67 cadeau
1385 1868 143 68 que
1575 1846 352 68 l'homme
1975 1845 144 67 fait
2166 1846 42 66 à
2256 1845 73 67 la
2376 1843 296 78 femme,

403 1946 307 68 Comme
754 1965 96 47 on
898 1943 183 67 offre
1125 1963 101 46 un
1272 1941 232 86 bijou,
1555 1958 286 49 comme
1887 1960 95 45 on
2027 1936 181 68 offre
2256 1936 127 66 des
2429 1936 225 64 fleurs

398 2039 192 70 Mais
632 2060 191 67 pour
869 2058 90 46 ne
1003 2056 135 68 pas
1182 2034 334 68 troubler
1558 2038 170 83 trop
1775 2036 198 63 cette
2017 2031 164 68 âme
2227 2029 91 68 de
2361 2027 313 68 l'ombre
2721 2026 178 67 d'un
2947 2043 347 49 nouveau

686 2132 361 78 malheur,

400 2227 305 68 Comme
756 2226 135 67 elle
940 2224 188 68 était
1174 2224 73 68 la
1299 2222 146 66 fille
1494 2224 78 64 et
1619 2237 144 72 que
1812 2217 252 90 j'étais
2112 2217 68 66 le
2229 2219 252 84 pante,

400 2322 118 68 En
576 2322 203 68 riant
835 2319 129 89 j'ai
1023 2317 217 90 glissé
1294 2317 66 66 le
1418 2315 210 68 billet
1687 2314 183 67 dans
1929 2332 132 48 son
2119 2312 157 79 bas,

398 2415 109 71 La
562 2413 200 70 seule
818 2412 307 79 charité,
1186 2410 372 88 Seigneur,
1617 2410 114 64 est
1783 2405 398 68 militante.

400 2866 134 71 Dis
564 2884 290 61 encore,
891 2864 41 69 ô
962 2864 108 68 toi
1104 2864 129 88 qui
1262 2866 174 64 tant
1468 2861 88 67 de
1589 2859 140 68 fois
1761 2857 114 68 dit
1905 2855 121 68 oui
2059 2857 43 66 à
2136 2874 188 47 ceux
2354 2850 129 90 qui
2512 2849 389 67 voulaient
2933 2846 154 67 dire
3118 2864 174 46 non.

395 2962 69 70 A
520 2982 119 48 ces
695 2962 338 66 hommes
1087 2957 322 68 violents
1467 2959 76 62 et
1601 2955 203 66 doux
1856 2950 280 70 soumis
2191 2969 153 47 aux
2401 2945 265 68 fièvres
2723 2944 88 66 de
2867 2942 73 68 la
2994 2940 298 78 femme,

398 3055 352 80 Dis-leur,
803 3054 112 69 dis
962 3055 44 66 à
1054 3071 155 49 mes
1255 3069 401 49 nouveaux
1702 3062 505 71 compagnons

397 3148 115 70 De
562 3170 77 46 se
689 3148 266 90 garder
1008 3147 90 66 de
1152 3145 323 68 détruire
1526 3162 188 69 pour
1765 3140 320 68 ranimer
2132 3137 75 66 la
2256 3133 305 68 flamme

397 3243 105 68 Et
554 3243 352 88 préparer
957 3240 318 69 l'aurore

397 3336 105 68 Le
546 3336 291 68 dernier
876 3335 193 67 bout
1111 3333 90 68 de
1242 3328 362 71 luminion
1639 3326 16 70 !

398 3428 330 69 Dis-leur
774 3429 90 67 de
911 3448 92 48 ne
1048 3426 217 90 point
1309 3424 163 80 rire,
1523 3424 42 66 à
1607 3426 173 63 tous
1827 3438 117 49 ces
1985 3413 418 71 incrédules

398 3523 330 69 Dis-leur
766 3541 144 70 que
947 3521 281 68 l'heure
1267 3518 193 67 n'est
1497 3516 154 68 rien
1690 3533 144 69 que
1871 3512 402 85 marquent
2308 3507 105 66 les
2452 3502 359 92 pendules

398 3616 330 69 Dis-leur
767 3617 92 68 de
899 3636 92 47 ne
1032 3614 216 90 point
1286 3612 140 68 rire
1467 3611 125 66 des
1633 3607 298 70 anciens
1971 3601 500 72 Catéchismes

398 3711 457 89 Protège-les
908 3714 259 66 contre
1220 3726 116 49 ces
1387 3704 295 69 vanités
1734 3702 126 88 qui
1912 3702 174 64 sont
2137 3697 126 66 des
2317 3695 357 87 égoïsmes

398 3804 330 71 Dis-leur
771 3826 147 67 que
959 3804 69 67 le
1074 3800 464 71 Catéchisme
1584 3795 257 71 c'était
1882 3812 144 48 une
2070 3788 257 90 espèce
2373 3783 498 72 d'Almanach

688 3899 91 69 de
822 3899 72 67 la
940 3897 134 68 Vie
1120 3895 282 68 Future

398 3992 104 69 Et
552 4012 146 69 que
747 3992 200 79 l'art,
998 3990 76 69 la
1121 3987 298 79 beauté,
1472 3985 74 68 la
1594 3982 254 77 bonté,
1899 3980 72 66 la
2019 3975 267 69 liberté
2334 3976 78 65 et
2462 3992 82 49 ce
2594 3970 222 89 qu'ils

688 4088 393 66 nomment
1131 4081 530 70 candidement
1699 4076 73 68 la
1810 4073 271 90 justice

397 4178 115 69 Ne
561 4181 244 68 relève
854 4198 145 70 que
1050 4178 90 68 de
1187 4176 75 68 la
1311 4175 134 67 Vie
1494 4173 281 66 Future

398 4273 427 69 Redis-leur
877 4293 148 70 que
1077 4271 220 68 Jésus
1352 4269 188 66 dont
1589 4269 89 63 tu
1728 4263 118 67 fus
1900 4256 390 71 secrétaire

400 4369 396 68 Gouverne
852 4368 75 69 la
988 4366 443 69 Chartreuse
1490 4363 188 66 dont
1731 4357 90 68 ils
1878 4357 171 65 sont
2105 4352 105 66 les
2269 4347 325 70 novices.

402 4461 223 86 Quels
678 4462 252 68 beaux
981 4459 279 68 matins
1313 4456 264 67 valent
1629 4471 134 47 nos
1817 4447 203 68 nuits
2073 4444 290 68 futures
2401 4440 36 68 ?

397 4556 196 69 Rien
647 4576 93 47 ne
793 4559 195 64 vaut
1040 4574 146 70 que
1238 4552 68 68 le
1358 4550 214 67 futur
1606 4547 17 68 !

402 4650 257 85 Quelle
710 4650 122 68 vie
884 4652 119 64 est
1054 4644 387 81 désirable,
1497 4642 171 68 hors
1719 4639 73 67 la
1846 4635 132 70 Vie
2032 4632 283 67 Future
2352 4630 38 66 ?

397 4744 533 90 Aujourd'hui,
988 4742 186 69 c'est
1230 4738 157 70 hier
1441 4735 173 88 déjà
