3334 4107
546 298 247 132 LA
911 298 1010 135 LIBRAIRIE
2046 301 708 142 STOCK

281 524 339 47 actuellement
644 524 251 61 propriete
920 524 60 46 de
1005 524 126 48 MM.
1161 522 304 51 Delamain
1494 528 44 44 et
1557 525 396 59 Boutelleau,
1982 529 80 61 fut
2085 530 177 60 fondee
2288 544 67 34 au
2382 545 141 34 xvm
2530 539 21 24 e
2577 533 145 47 siecle
2746 549 97 46 par
2867 536 143 50 J.-N.

275 594 211 57 Barba,
518 594 228 48 Vediteur
772 596 44 45 et
841 594 215 47 Vintime
1083 594 105 47 ami
1215 594 60 47 de
1298 595 456 61 Pigault-Lebrun.
1786 597 49 49 II
1862 598 168 48 acheta
2057 600 69 46 les
2150 600 148 61 fonds
2325 601 310 50 Duchesne
2663 607 43 44 et
2732 603 175 59 Dabo,
2937 619 77 37 ses

281 668 332 52 concurrents,
652 668 96 44 tres
782 664 149 48 vieux
967 663 233 49 libraires
1238 665 225 47 installes
1499 680 66 34 au
1599 668 383 61 Palais-Royal,
2021 684 118 33 sous
2175 684 75 33 ces
2283 672 251 61 fameuses
2570 674 208 60 galeries
2812 676 60 47 de
2909 676 106 48 bois

283 734 243 50 illustrees
558 749 99 47 par
687 735 269 56 Ponthieu,
994 735 121 49 dont
1146 736 187 48 Balzac
1365 737 164 47 donne
1565 752 68 33 un
1667 740 49 46 si
1750 740 207 47 curieux
1990 740 199 49 tableau
2223 742 129 48 dans
2385 757 77 33 ses
2501 744 238 52 Illusions
2774 747 236 60 perdues.

278 804 76 48 La
373 806 197 47 maison
591 806 59 47 de
667 806 491 48 Librairie-Edition
1178 820 93 47 que
1289 807 150 49 J.-N.
1463 808 172 49 Barba
1655 810 136 48 avait
1808 811 186 47 rendue
2013 811 181 48 celebre
2209 827 99 46 par
2324 814 50 47 la
2391 813 314 61 publication
2725 816 85 47 des
2826 830 189 35 ceuvres

280 873 58 48 de
360 875 140 48 Paul
523 877 59 46 de
605 877 158 56 Kock,
790 877 61 47 de
874 891 203 34 romans
1100 878 312 60 populaires,
1440 880 59 47 de
1520 880 164 60 pieces
1707 881 60 46 de
1791 881 182 48 theatre
1998 885 42 44 et
2063 883 118 49 dont
2203 897 78 34 ses
2304 898 308 35 successeurs
2635 886 230 57 Tresse,
2893 887 121 61 puis

278 944 214 50 Tresse
525 949 44 45 et
603 947 178 47 Stock
812 947 336 48 maintinrent
1181 948 337 49 brillamment
1550 950 49 48 la
1631 951 240 48 tradition
1905 952 248 58 theatrale,
2189 958 130 44 resta
2352 955 123 59 fixee
2505 957 224 59 pendant
2761 971 70 34 un
2870 957 145 48 sielce

279 1027 118 34 sous
428 1016 69 47 les
530 1017 210 61 galeries
770 1019 68 46 du
875 1018 228 47 Theatre-
1133 1019 269 58 Frangais.
1435 1021 97 45 Les
1560 1021 270 48 Parisiens
1860 1037 51 32 se
1940 1023 329 49 souviennent
2298 1039 170 34 encore
2495 1027 60 47 de
2585 1041 50 33 ce
2662 1030 135 45 vaste
2827 1027 188 61 etalage

280 1084 160 49 abrite
465 1101 98 47 par
591 1087 49 48 la
671 1089 271 48 colonnade
969 1089 60 48 de
1057 1089 49 48 la
1144 1090 215 47 Maison
1389 1092 61 46 de
1475 1092 232 56 Moliere,
1740 1094 65 45 oil
1835 1094 413 60 apparaissaient
2275 1110 118 33 sous
2422 1097 49 47 la
2498 1112 204 47 marque
2728 1098 215 47 Tresse
2972 1101 43 45 et

281 1155 178 48 Stock
486 1158 69 47 les
581 1172 191 34 ceuvres
797 1159 86 48 des
909 1159 220 49 Mattres
1157 1161 67 47 du
1253 1161 182 48 theatre
1463 1162 373 60 contemporain
1866 1167 42 43 et
1932 1164 61 47 de
2019 1165 50 46 la
2096 1165 272 49 litterature
2391 1168 225 46 nouvelle
2643 1183 11 32 :
2683 1167 331 49 VILLIERS

278 1248 75 33 DE
373 1235 464 58 L'ISLE-ADAM,
860 1237 211 48 Henry
1085 1237 301 60 BECQUE,
1410 1238 58 48 F.
1490 1253 76 33 de
1585 1240 252 56 CUREL,
1855 1241 300 58 BRIEUX,
2177 1243 473 58 COURTELINE,
2673 1244 60 50 G.
2756 1245 256 57 ANCEY,

276 1302 303 67 MORfiAS,
628 1314 156 48 Paul
828 1314 219 57 ADAM,
1109 1315 149 48 JEAN
1304 1316 343 56 LORRAIN,
1707 1317 159 48 Leon
1908 1319 207 56 BLOY,
2175 1320 401 58 HUYSMANS,
2634 1322 375 57 DESCAVES,

278 1382 219 48 lilemir
512 1383 348 49 BOURGES.
883 1386 44 47 A
952 1386 49 47 la
1018 1386 133 47 suite
1168 1386 58 48 de
1244 1386 269 49 Vincendie
1529 1387 70 48 du
1623 1388 499 60 Theatre-Frangais,
2143 1391 81 47 M.
2245 1391 155 50 P.-V.
2424 1391 144 50 Stock
2584 1392 89 48 dut
2692 1391 324 49 abandonner

276 1451 242 62 Vantique
541 1456 369 60 emplacement,
937 1456 134 47 mais
1099 1457 36 48 il
1157 1457 255 49 s'installa
1440 1457 183 49 bientot
1647 1473 59 34 en
1730 1460 123 61 face,
1880 1461 143 60 place
2045 1461 69 48 du
2143 1462 496 59 Theatre-Frangais,
2666 1464 79 54 oil,
2772 1463 244 61 profitant

276 1535 171 35 encore
480 1538 99 34 une
609 1526 101 60 fois
744 1526 155 47 d'une
933 1528 279 61 exposition
1250 1529 399 61 exceptionnelle,
1690 1530 38 48 il
1758 1531 274 62 developpa
2065 1546 58 33 sa
2159 1532 230 49 librairie
2422 1547 57 34 en
2514 1546 155 35 meme
2701 1536 158 59 temps
2891 1533 125 61 qu'il

276 1594 152 47 creait
449 1609 134 47 pour
607 1595 226 50 Vedition
860 1598 84 47 des
971 1599 133 46 voies
1127 1600 266 46 nouvelles.
1426 1600 146 56 Cest,
1603 1614 147 48 apres
1776 1601 183 48 Vachat
1982 1603 68 47 du
2076 1603 124 60 fond
2227 1603 201 57 Savine,
2457 1605 50 46 la
2533 1603 345 61 Bibliotheque
2895 1603 119 48 Cos-

274 1673 234 59 mopolite
535 1687 113 34 avec
676 1673 224 58 IBSEN,
932 1676 182 47 Oscar
1139 1676 257 57 WILDE,
1422 1678 390 56 BJORNSON,
1844 1679 343 58 SHELLEY,
2220 1681 445 56 SWINBURNE,
2694 1679 315 58 KIPLING,

275 1751 50 48 la
358 1749 348 65 Bibliotheque
731 1752 346 63 Sociologique
1108 1767 114 34 avec
1246 1755 494 58 KROPOTKINE,
1764 1756 450 59 BAKOUNINE,
2244 1758 61 49 E.
2334 1758 271 51 RECLUS
2639 1761 43 45 et
2704 1757 309 49 TOLSTOI.

718 1937 1006 139 EDITIONS
1856 1940 722 139 STOCK

1050 2126 68 71 7,
1164 2123 164 64 Rue
1377 2126 103 63 du
1509 2126 735 66 Vieux-Colombier

270 2260 394 59 rEcentes
698 2260 637 61 r£IMPRESSIONS.
1356 2302 67 6 —
1445 2275 182 46 Oscar
1639 2275 200 48 Wilde
1864 2275 102 48 «Le
1985 2276 226 48 Portrait
2231 2277 60 47 de
2307 2276 199 48 Dorian
2540 2276 147 62 Gray,
2714 2276 299 58 Intentions,

375 2335 111 48 Une
498 2336 213 49 Maison
726 2337 58 48 de
807 2336 265 58 Grenades,
1088 2338 71 47 Le
1181 2336 167 49 Crime
1369 2337 59 48 de
1440 2338 133 47 Lord
1586 2338 194 48 Arthur
1794 2339 183 48 Savile.
1992 2368 67 6 —
2071 2341 232 46 Thomas
2317 2355 77 34 de
2410 2341 260 58 Quincey
2685 2357 11 32 :
2718 2341 296 61 Confession

367 2398 124 48 d'un
520 2414 250 48 mangeur
798 2401 46 46 d'
850 2402 193 60 opium.
1074 2429 68 7 —
1170 2401 65 46 R.
1269 2401 245 48 Kipling
1537 2418 11 31 :
1582 2402 77 47 La
1693 2402 92 48 cite
1816 2403 59 46 de
1906 2403 32 47 V
1943 2403 181 61 Epouv
2128 2406 89 45 ant
2219 2403 109 48 able
2357 2404 130 47 nuit.
2508 2431 69 8 —
2602 2405 374 47 Kropotkine
3000 2418 11 33 :

368 2462 366 50 Autourd'une
752 2464 93 56 vie,
861 2466 77 46 La
955 2465 248 62 Conquete
1218 2465 236 48 duPain.
1469 2493 67 8 —
1554 2466 197 47 Ibsen:
1772 2466 78 47 La
1859 2465 163 49 Dame
2042 2468 59 46 de
2113 2468 181 55 lamer,
2314 2468 701 61 UnEnnemiduPeuple.—

368 2526 62 48 E.
453 2527 243 50 Reclus:
719 2529 59 47 &
784 2529 290 57 Evolution,
1099 2529 49 49 la
1166 2529 300 49 Revolution
1491 2532 44 46 et
1568 2529 171 49 Videal
1773 2530 321 62 anarchique.

270 2609 465 52 RAPPELONS.
770 2642 69 7 —
871 2615 385 47 Apollinaire
1287 2630 11 31 :
1340 2613 415 62 UHerdsiarque.
1784 2643 68 6 —
1899 2615 361 48 Guillaumin
2291 2632 11 32 :
2333 2616 78 47 La
2450 2616 78 47 vie
2562 2616 123 48 d'un
2721 2616 197 61 simple.
2946 2644 68 7 —

366 2674 51 48 J.
447 2675 256 48 Lorrain
735 2693 11 32 :
790 2677 96 48 Les
921 2678 260 62 Lepillier,
1218 2676 121 49 Trbs
1365 2691 157 42 russe,
1551 2678 330 48 Modernites.
1908 2707 69 6 —
2014 2680 222 47 Elemir
2266 2679 266 48 Bourges
2562 2695 11 32 :
2614 2679 70 47 Le
2713 2679 302 61 Crepuscule

365 2737 86 48 des
475 2738 186 50 Dieux.
688 2769 68 7 —
779 2741 239 49 Barbey
1045 2743 393 47 d'Aurevilly
1466 2758 11 31 :
1510 2741 254 61 Quarante
1788 2744 299 46 medaillons
2112 2744 58 46 de
2197 2744 322 48 VAcademie.
2546 2771 68 6 —
2638 2744 157 46 Leon
2819 2743 158 46 Bloy
2999 2758 11 31 :

366 2801 284 51 Belluaires
689 2806 44 45 et
767 2805 260 49 Porchers.
1054 2834 70 7 —
1159 2807 159 47 Leon
1350 2806 309 55 Hennique
1693 2822 13 32 :
1757 2805 81 49 Un
1872 2810 256 44 caractere.
2159 2835 68 7 —
2273 2808 154 46 Paul
2471 2807 272 47 Geraldy
2774 2822 11 33 :
2835 2805 93 49 Toi
2970 2809 43 45 et

365 2865 135 49 Moi.
530 2894 68 8 —
628 2868 96 48 Ch.
758 2869 143 48 Cros
936 2885 12 32 :
981 2870 71 47 Le
1085 2869 189 63 Coffret
1303 2869 59 48 de
1397 2870 195 48 Santal.
1629 2898 67 6 —
1729 2870 177 48 Viele
1943 2871 263 46 Griffins
2243 2886 12 33 :
2294 2871 157 47 Soies.

471 2930 247 49 GEuvres
758 2946 77 33 de
873 2933 255 49 Tolstoi.
1172 2932 148 49 Seule
1358 2934 281 47 traduction
1680 2933 210 48 litterale
1927 2937 44 44 et
2011 2934 254 63 integrate.

268 3010 101 49 EN
403 3003 564 61 PREPARATION.
987 3017 168 49 —La
1179 3018 120 63 Nef,
1329 3020 62 49 de
1417 3020 69 47 M.
1516 3020 221 47 Elemir
1758 3019 265 47 Bourges
2050 3019 188 61 (tirage
2262 3018 167 49 limite
2455 3032 63 32 en
2544 3017 387 63 souscription),
2944 3046 67 7 —

364 3075 265 52 LaDanse
647 3081 229 56 deMort,
892 3081 65 48 de
979 3081 412 49 Strinberg.—
1409 3082 208 48 Theatre
1636 3083 224 61 tomplet,
1875 3085 63 46 de
1950 3085 224 46 Brieux
2189 3083 165 60 (tome
2371 3082 38 57 I,
2425 3095 131 48 paru
2575 3081 48 48 le
2640 3081 60 48 15
2714 3081 223 61 Juillet).
2947 3108 65 8 —

366 3140 195 62 Propos
595 3143 124 48 d'un
756 3147 354 58 entrepreneur
1139 3147 59 47 de
1230 3147 318 47 demolitions
1580 3149 54 46 et
1667 3147 71 46 Le
1772 3147 146 47 Salut
1948 3160 98 48 par
2074 3147 68 48 les
2171 3147 162 60 Juifs,
2358 3147 64 46 de
2451 3147 156 46 Leon
2627 3145 156 46 Bloy
2812 3144 199 62 (R6im-

364 3206 301 63 pressions).
687 3235 69 6 —
776 3208 405 62 UEpithalame,
1209 3211 65 46 de
1309 3210 252 55 Jacques
1601 3211 369 48 Chardonne.

1122 3363 335 49 Demandez
1491 3364 54 47 le
1572 3365 221 47 service
1821 3366 223 58 gratuit
2077 3364 79 46 du

453 3444 471 55 BULLETIN
984 3439 589 73 PfiRIODIQUE
1628 3449 117 52 DE
1800 3449 113 51 LA
1978 3449 484 52 LIBRAIRIE
2517 3449 307 52 STOCK

460 3522 103 59 qui
591 3523 310 60 renseigne
925 3524 505 61 impartialement
1462 3539 105 33 sur
1586 3524 59 48 la
1666 3524 344 63 production
2032 3525 70 47 de
2122 3525 59 47 la
2203 3525 283 47 Librairie
2510 3525 307 61 frangaise.

979 3696 479 66 MAGASIN
1516 3698 137 67 DE
1711 3699 574 65 LIBRAIRIE:

267 3793 118 65 155,
420 3797 130 51 Rue
585 3799 352 49 St-Honor6
972 3800 201 61 (Place
1199 3802 81 48 du
1302 3802 267 51 Theatre
1943 3804 227 50 PARIS
2202 3804 29 49 lerI
2232 3814 50 23 er
2315 3831 23 11 -
2374 3804 159 48 T£l.:
2561 3802 249 52 Central
2837 3800 168 49 38-70

204 4010 88 40 Imp.
319 4011 142 42 Union,
485 4015 138 40 Ghalit,
647 4017 55 38 45,
728 4016 56 32 Bd
807 4016 297 43 Saint-Jacques,
1128 4018 118 32 Paris.

2258 4019 49 31 L€
2326 4017 374 33 Dirtcieur-Girani
2721 4024 12 24 :
2759 4016 173 30 Floeimt
2958 4013 105 32 F*ls.
