4142 5646
390 256 71 44 ce
527 246 151 54 sont
747 241 78 57 de
896 241 148 56 bien
1115 239 245 56 minces
1433 236 193 74 griefs
1697 236 204 73 qu'on
1972 251 81 41 ne

392 331 240 54 retient
697 329 189 69 point
952 325 224 72 quand
1240 341 83 39 on
1389 324 308 71 envisage
1760 320 291 58 l'intérêt

393 414 111 54 des
537 427 261 39 romans
834 410 78 56 de
944 414 105 50 cet
1083 408 288 56 écrivain
1404 410 66 53 et
1501 408 57 55 le
1591 407 218 56 talent
1843 407 113 71 qui
1989 424 66 39 se

390 496 349 55 manifeste
1010 496 85 55 Le
1147 495 127 54 Lac
1330 491 166 56 Salé.

478 579 102 56 Un
614 595 228 39 roman
876 578 142 56 doit
1050 576 1003 68 séduire,enchanter,distraire.

388 664 180 56 Nous
617 664 410 54 demandons
1078 662 35 56 à
1157 661 341 56 l'écrivain
1548 661 78 56 de
1675 678 168 39 nous
1890 661 165 57 faire

387 747 252 56 oublier
680 747 243 56 durant
966 747 313 70 quelques
1321 745 258 66 heures,
1619 747 156 53 tout
1816 761 69 39 ce
1929 761 127 54 que

387 833 189 55 notre
641 833 105 55 vie
812 849 35 40 a
942 832 447 69 d'ennuyeux,
1484 830 80 54 de
1658 830 351 71 quotidien
2041 847 14 52 ;

385 930 164 41 nous
592 916 306 72 exigeons
944 915 108 56 des
1095 913 189 56 héros
1325 913 359 56 littéraires
1726 930 129 41 une
1901 915 126 56 atti-

385 999 163 56 tude
588 999 281 72 lyrique.

473 1082 64 58 Si
592 1099 101 39 ces
749 1086 381 69 arguments
1186 1086 154 52 sont
1394 1082 322 68 valables,
1774 1099 83 41 on
1916 1084 142 56 doit

387 1170 313 55 convenir
766 1186 124 54 que
957 1170 87 55 Le
1108 1170 132 55 Lac
1310 1169 149 54 Salé
1526 1169 78 54 de
1675 1169 87 54 M.
1835 1169 220 56 Pierre

383 1250 239 58 Benoit
693 1252 385 73 appartient
1150 1252 38 56 à
1255 1252 199 56 l'Art.
1531 1252 356 57 L'histoire
1958 1255 102 54 est

383 1338 368 56 touchante
825 1338 375 56 d'Annabel
1279 1338 151 66 Lee,
1508 1338 183 54 doux
1765 1353 183 41 cœur
2022 1338 38 56 à

385 1421 303 68 prendre,
741 1419 257 58 séduite
1049 1436 122 56 par
1220 1421 62 56 la
1338 1421 190 71 grâce
1582 1419 263 58 austère
1899 1421 159 56 d'un

385 1507 271 66 pasteur
693 1507 383 68 protestant
1117 1506 111 71 qui
1266 1506 179 56 renie
1484 1523 71 39 sa
1591 1506 93 56 foi
1721 1521 169 56 pour
1928 1523 89 39 em-

383 1589 258 56 brasser
727 1590 156 55 celle
973 1592 111 54 des
1176 1590 885 56 Saints-du-Dernier-Jour.

387 1673 93 56 La
519 1690 252 54 pauvre
812 1675 198 69 jeune
1050 1675 246 56 femme
1340 1678 278 53 consent
1660 1692 83 39 au
1785 1678 276 70 partage

387 1758 306 73 conjugal
749 1775 308 41 mormon
1113 1763 68 51 et
1235 1763 222 53 meurt
1516 1760 36 56 à
1604 1760 319 71 l'hospice
1982 1761 78 53 de

387 1841 565 73 Salt-Lake-City,
996 1843 229 56 tandis
1276 1860 125 54 que
1445 1843 61 54 le
1555 1843 281 56 Pasteur
1880 1843 147 56 rené-

388 1929 112 68 gat
539 1926 271 57 devient
849 1926 351 56 Président
1238 1927 78 56 de
1352 1927 66 56 la
1454 1927 167 56 Ville
1662 1927 225 56 Sainte
1928 1929 35 54 à
1995 1927 66 56 la

385 2014 180 52 mort
612 2012 86 54 du
744 2010 169 58 frère
957 2012 322 71 Brigham
1330 2012 262 73 Young.

471 2093 297 58 Certains
844 2097 274 56 milieux
1193 2097 325 56 affectent
1594 2097 76 56 de
1746 2095 317 73 mépriser

387 2175 91 57 les
520 2193 265 43 romans
825 2180 76 54 de
942 2180 73 54 P.
1054 2180 267 67 Benoît;
1359 2180 42 54 il
1442 2180 147 56 faut
1628 2180 203 71 qu'on
1868 2181 193 56 sache

388 2263 202 67 qu'ici
641 2264 325 70 plusieurs
1018 2263 500 71 représentants
1589 2266 78 53 de
1733 2264 66 56 la
1865 2264 195 70 jeune

388 2346 381 59 littérature
839 2349 308 56 tiennent
1218 2364 119 41 son
1411 2364 225 41 œuvre
1708 2366 79 39 en
1858 2351 203 56 haute

385 2432 259 56 estime.
1660 2476 7 7 .
1763 2432 73 58 G.
1892 2434 73 56 G.

478 2532 351 56 L'Œuvre
873 2535 132 53 des
1045 2534 320 54 athlètes
1409 2535 78 54 de
1538 2535 263 70 Georges
1838 2535 179 54 Duha-

395 2615 144 68 mel,
575 2617 274 57 Edition
871 2633 14 39 :
922 2618 323 54 Nouvelle
1282 2618 231 56 Revue
1550 2618 369 70 Française,
1956 2635 105 39 me

395 2700 247 55 semble
680 2701 66 56 la
781 2701 148 71 pTus
979 2701 512 56 déconcertante
1542 2703 110 54 des
1701 2720 247 39 erreurs
1995 2708 65 51 et

393 2782 68 58 la
509 2784 147 73 plus
708 2786 387 73 affligeante
1154 2803 169 54 pour
1372 2803 164 40 ceux
1587 2789 112 68 qui
1748 2789 312 56 estiment

395 2865 290 60 l'auteur
730 2871 77 54 de
859 2893 22 27 «
925 2871 95 55 La
1064 2871 107 55 vie
1218 2872 110 54 des
1376 2876 286 66 martyrs
1721 2893 42 33 ».

483 2954 188 57 Cette
705 2954 183 72 pièce
923 2957 307 69 apparaît
1267 2970 254 44 comme
1558 2972 124 41 une
1718 2959 340 54 mauvaise

393 3038 483 70 transposition
896 3040 312 54 moderne
1230 3040 110 56 des
1367 3040 334 56 «Femmes
1724 3043 334 65 savantes,

397 3118 295 61 émaillée
783 3123 78 56 de
951 3123 455 71 plaisanteries
1496 3128 306 68 pesantes
1895 3126 163 56 dont

397 3219 254 43 aucune
700 3208 344 55 n'arrache
1093 3224 90 39 un
1232 3209 267 54 sourire.
1553 3209 173 54 Tous
1775 3209 90 56 les
1916 3226 108 54 per-

392 3304 323 59 sonnages
763 3297 152 49 sont
959 3292 476 70 parfaitement
1479 3292 444 70 indifférents,
1968 3294 90 56 les

390 3373 335 58 imbéciles
764 3390 251 41 comme
1049 3375 91 56 les
1176 3377 386 71 fripouilles,
1597 3380 68 53 et
1696 3382 154 51 tout
1884 3379 176 55 aussi

393 3456 153 58 bien
587 3458 93 56 les
722 3460 323 56 honnêtes
1091 3475 175 58 gens.
1313 3462 90 55 Et
1447 3462 135 54 cela
1625 3478 193 55 parce
1865 3463 191 70 qu'ils

392 3558 81 41 ne
515 3548 154 52 sont
714 3560 125 54 que
885 3546 110 54 des
1037 3546 347 56 fantoches
1428 3561 149 41 sans
1623 3548 435 68 consistance,

390 3643 152 40 sans
607 3627 232 58 réalité
900 3629 376 70 intérieure,
1310 3646 150 41 sans
1525 3629 320 58 nécessité
1907 3648 114 56 psy-

393 3710 414 75 chologique.

480 3795 95 56 Là
624 3797 301 56 modeste
976 3797 276 71 saynète
1301 3798 356 68 Lapoixite
1708 3800 71 53 et
1826 3798 186 72 Ropi-

393 3881 197 66 teau,
647 3897 151 40 sans
857 3880 136 56 être
1049 3898 91 39 un
1198 3881 498 68 chef-d'œuvre,
1753 3885 159 54 rend
1970 3885 86 54 du

395 3964 215 56 moins
653 3963 59 57 le
754 3966 214 54 même
1010 3981 118 41 son
1174 3966 511 56 d'authenticité
1730 3983 125 54 que
1901 3988 22 29 «
1965 3968 93 57 La

392 4047 120 56 Vie
539 4049 112 56 des
678 4052 290 68 martyrs
1006 4071 44 46 »,
1079 4049 220 58 émeut
1327 4052 196 55 d'une
1548 4052 161 72 pitié
1736 4052 320 72 profonde

392 4147 173 56 pour
614 4149 101 41 ces
768 4135 298 55 hommes
1118 4135 413 56 douloureux
1579 4139 66 52 et
1694 4137 191 56 naïfs.

475 4225 101 56 La
632 4225 324 56 Fortune
1015 4229 88 54 de
1166 4229 250 67 Bécot,
1477 4229 78 55 de
1614 4230 197 54 Louis
1873 4230 190 56 Codel

392 4308 274 59 Edition
732 4327 14 40 :
813 4312 322 57 Nouvelle
1210 4313 230 56 Revue
1514 4313 373 66 Française,
1958 4320 98 53 est

1872 4368 13 16 7

387 4410 93 40 un
537 4396 298 56 heureux
888 4396 166 58 livre
1113 4396 540 73 d'avant-guerre
1711 4401 112 68 qui
1889 4415 164 40 nous

387 4483 266 67 reporte
725 4481 38 56 à
832 4498 129 39 une
1034 4481 254 73 époque
1360 4481 151 71 déjà
1579 4483 366 67 fabuleuse,
2019 4486 34 54 à

385 4564 173 73 l'âge
617 4566 144 57 d'or
817 4566 86 55 où
956 4566 59 55 le
1071 4567 167 54 louis
1298 4569 183 54 avait
1536 4584 127 39 une
1721 4571 332 56 existence

385 4647 217 57 réelle.
654 4649 175 55 C'est
876 4665 92 41 un
1013 4650 164 56 livre
1223 4654 154 52 tout
1426 4650 156 56 doré
1630 4654 78 54 de
1757 4654 177 54 soleil
1987 4657 66 52 et

383 4737 156 52 tout
583 4735 308 71 parfumé
935 4737 78 54 de
1057 4735 322 69 jeunesse.

471 4818 88 54 Le
622 4818 191 56 héros
876 4835 37 40 a
974 4835 92 39 un
1128 4818 334 57 caractère
1525 4820 350 57 charmant
1939 4823 112 69 qui

383 4904 290 54 consiste
729 4904 35 56 à
796 4904 151 56 n'en
981 4904 186 56 avoir
1198 4919 237 41 aucun.
1476 4904 50 54 Il
1557 4906 123 68 vit,
1713 4923 83 37 ou
1826 4906 224 71 plutôt

382 5001 66 42 se
497 4987 193 56 laisse
737 4989 188 56 vivre
976 5004 159 41 avec
1184 4989 474 69 nonchalance,
1709 4991 163 55 dans
1919 5008 129 40 une

380 5065 322 64 heureuse
751 5072 267 57 contrée
1064 5070 430 59 méridionale
1543 5074 85 55 où
1674 5074 59 57 le
1782 5074 119 57 ciel
1950 5079 100 54 est

380 5140 179 101 biëUj
774 5153 99 61 vif
907 5162 67 50 et
1005 5157 59 57 le
1100 5157 184 55 soleil
1320 5158 179 68 clair,
1535 5157 84 57 où
1652 5158 66 56 la
1750 5162 196 71 vigne
1982 5177 66 40 se

376 5243 239 73 chargé
651 5231 78 68 dé
763 5253 277 63 grappes
1074 5241 144 56 d'or
1249 5246 64 53 et
1347 5243 78 54 de
1455 5253 308 61 pourpre,
1787 5255 259 47 sovirces

377 5328 445 71 magnifiques
876 5328 80 55 de
1006 5326 285 57 tiéhessé
1343 5328 66 55 et
1462 5328 78 55 de
1592 5328 149 67 joie,

2266 236 95 57 De
2397 234 184 75 jolies
2617 234 269 73 images,
2922 248 127 39 une
3084 226 368 61 sensibilité
3489 226 37 55 à
3560 224 171 59 fleur
3767 227 79 58 de

2175 337 196 54 peau,
2410 322 168 54 mais
2620 317 276 58 délicate
2935 320 66 51 et
3040 312 269 69 sincère,
3348 329 92 39 un
3480 310 173 71 style
3694 312 116 57 cha-

2173 410 249 68 toyant
2471 410 68 53 et
2590 402 277 67 sensuel,
2920 417 85 41 on
3057 400 200 56 dirait
3306 397 180 57 dodu
3536 400 70 52 et
3651 398 197 58 troué

2177 491 79 56 de
2288 493 336 66 fossettes,
2656 490 350 64 adornent,
3037 486 299 56 animent
3365 486 68 53 et
3462 481 382 73 expriment

2177 581 105 51 cet
2339 578 246 69 hymne
2644 591 81 39 au
2783 573 225 72 plaisir
3062 569 263 60 naturel
3384 571 66 52 et
3509 568 334 71 gracieux,

2175 676 152 42 sans
2363 662 288 72 passion,
2686 662 66 53 et
2786 673 151 42 sans
2969 656 295 57 remords
3296 669 196 58 parce
3528 668 129 55 que
3690 669 153 43 sans

2173 747 254 56 malice.

2261 842 56 54 A
2370 844 172 52 cette
2597 837 389 73 conception
3038 830 639 69 méditerranéenne,
3733 849 74 40 en-

2177 925 282 57 soleillée
2507 928 66 54 et
2619 927 279 69 païenne
2949 923 76 54 de
3072 922 65 55 la
3184 922 129 66 vie,
3360 918 120 54 Un
3528 916 315 58 homme

2175 1010 354 67 heureux,
2583 1011 78 54 de
2713 1010 168 55 Jean
2939 1003 497 73 Schlumberger.
3492 1003 280 57 Edition
3826 1021 13 41 :

2180 1116 22 29 «
2238 1094 321 58 Nouvelle
2597 1093 228 57 Revue
2864 1091 347 71 Française
3259 1111 44 48 »,
3342 1103 248 57 oppose
3629 1103 83 40 en
3750 1104 91 41 un

2178 1184 334 54 contraste
2541 1181 337 55 saisissant
2906 1181 66 54 et
2998 1177 261 66 fortuit,
3286 1191 128 40 une
3445 1176 396 69 conception

2175 1269 191 54 toute
2432 1265 346 71 nordique,
2845 1264 348 55 brumeuse
3260 1264 66 52 et
3392 1262 447 69 protestante.

2261 1369 203 57 Marié
2514 1369 193 69 jeune
2761 1367 35 56 à
2847 1382 129 41 une
3025 1365 242 56 femme
3323 1363 161 72 qu'il
3540 1363 177 55 aime
3775 1367 68 52 et

2182 1455 113 68 qui
2356 1455 269 66 l'adore,
2686 1452 149 72 père
2898 1452 76 55 de
3035 1452 219 54 beaux
3313 1448 266 58 enfants
3641 1448 202 68 sains,

2180 1538 146 56 chef
2390 1540 196 54 d'une
2647 1538 322 56 industrie
3032 1533 308 74 prospère
3408 1533 162 71 qu'il
3636 1533 207 73 dirige

2178 1638 161 40 avec
2370 1621 243 59 intérêt
2647 1626 66 52 et
2747 1621 224 73 profit,
3008 1623 103 52 cet
3145 1621 264 54 homme
3445 1617 298 56 heureux
3777 1633 67 40 se

2178 1712 148 51 sent
2368 1709 37 54 à
2442 1707 249 56 l'étroit
2734 1709 161 56 dans
2935 1722 119 41 son
3094 1706 302 55 bonheur
3433 1707 156 68 trop
3633 1704 210 54 calme

2178 1795 66 53 et
2288 1809 65 39 se
2398 1790 324 58 découvre
2762 1794 153 54 tout
2959 1790 35 54 à
3054 1805 167 56 coup
3264 1805 89 39 un
3397 1788 229 55 besoin
3667 1788 142 56 insa-

2177 1878 216 54 tisfait
2424 1878 76 56 de
2529 1875 255 69 liberté,
2817 1877 387 55 d'aventure
3235 1878 63 53 et
3330 1875 78 54 de
3438 1873 400 56 souffrance.

2182 1961 86 56 Et
2309 1963 497 69 brusquement,
2847 1961 44 56 il
2932 1961 215 71 quitte
3184 1961 156 54 tout
3379 1975 118 40 son
3538 1960 306 54 bonheur

2177 2078 84 7 —
2297 2049 64 53 et
2395 2049 152 53 tous
2585 2063 98 39 ses
2720 2046 261 56 devoirs
3015 2078 84 7 —
3133 2059 168 56 pour
3336 2044 160 56 aller
3530 2044 191 56 vivre
3760 2058 81 40 en

2178 2131 354 71 Amérique
2586 2132 78 54 de
2712 2131 64 55 la
2825 2132 105 54 vie
2978 2129 289 73 précaire
3318 2131 110 54 des
3480 2127 361 75 émigrants

2178 2219 66 52 et
2315 2217 110 54 des
2495 2217 350 69 pionniers.
2922 2215 86 56 Et
3079 2215 161 56 c'est
3308 2214 64 55 là
3443 2214 398 67 seulement,

2180 2300 163 56 dans
2383 2302 64 54 la
2488 2302 307 66 solitude,
2837 2300 212 71 parmi
3088 2300 91 56 les
3221 2300 376 71 privations
3641 2302 68 52 et
3748 2296 93 58 les

2177 2383 482 69 promiscuités,
2683 2385 162 71 qu'il
2866 2385 169 69 jouit
3060 2385 77 54 de
3160 2400 65 40 se
3248 2385 207 54 sentir
3472 2383 366 56 lui-même.

2180 2468 186 67 Mais,
2395 2469 212 56 même
2637 2469 36 56 à
2701 2484 70 41 ce
2800 2471 318 66 moment,
3145 2469 46 56 il
3215 2469 93 54 lui
3336 2484 293 55 manque
3660 2471 179 54 cette

2178 2552 368 58 exaltation
2588 2552 388 73 passionnée
3023 2554 110 69 qui
3181 2554 174 56 seule
3397 2552 444 58 l'absoudrait

2180 2637 34 54 à
2261 2654 136 39 mes
2444 2654 176 56 yeux
2666 2637 257 57 d'avoir
2967 2637 258 57 sacrifié
3267 2639 59 54 le
3374 2639 305 55 bonheur
3728 2639 113 55 des

2175 2722 169 55 siens
2370 2723 32 54 à
2424 2722 62 55 la
2507 2722 416 57 satisfaction
2947 2723 78 54 de
3045 2738 117 39 son
3184 2722 217 57 stérile
3423 2723 269 71 orgueil.

2263 2804 311 60 Présenté
2647 2823 151 41 sous
2869 2808 66 56 la
3006 2808 209 56 forme
3240 2825 8 12 •
3291 2808 269 56 difficile
3641 2808 202 54 d'une

2177 2891 391 69 confession,
2637 2908 68 39 ce
2769 2891 163 56 livre
3001 2906 197 59 grave
3264 2896 100 52 est
3426 2893 137 57 loin
3631 2893 210 55 d'être

2175 2991 377 56 ennuyeux,
2597 2981 66 50 et
2705 2977 46 54 il
2791 2981 100 52 est
2935 2976 161 57 écrit
3138 2977 163 56 dans
3345 2994 88 39 un
3479 2977 176 71 style
3701 2992 105 41 cor-

2175 3064 159 64 rect,
2376 3060 244 68 sévère,
2663 3060 260 75 élégant
2964 3067 66 51 et
3071 3064 145 71 gris.

2258 3201 137 54 Les
2461 3201 457 56 Euménides
2988 3202 421 72 d'Eschyle,
3479 3219 122 56 par
3672 3202 174 58 Paul

2178 3284 281 57 Claudel.
2515 3284 275 57 Edition
2842 3302 12 39 :
2911 3309 21 29 «
2983 3287 318 58 Nouvelle
3352 3287 232 58 Revue
3635 3289 165 56 Fran-

2178 3370 166 69 çaise
2392 3370 125 58 ».Si
2566 3372 64 69 je
2679 3387 82 41 ne
2810 3372 323 67 m'abuse,
3184 3373 85 56 M.
3325 3373 166 56 Paul
3541 3373 298 68 Claudel,

2177 3468 77 41 en
2302 3470 115 39 use
2463 3455 135 56 fort
2652 3455 358 57 librement
3067 3473 161 39 avec
3276 3456 304 73 Eschyle.
3640 3458 50 56 Il
3738 3462 101 52 est
3875 3468 6 9 '

2178 3539 141 61 vrai
2353 3541 159 68 qu'il
2541 3556 81 39 ne
2651 3539 293 72 professe
2974 3558 117 54 pas
3121 3558 131 41 non
3282 3543 148 71 plus
3460 3560 90 40 un
3580 3546 261 70 respect

2177 3624 274 54 excessif
2478 3641 168 54 pour
2669 3626 63 54 la
2756 3626 238 71 langue
3022 3626 345 73 française,
3392 3631 168 54 mais
3589 3646 69 39 ce
3687 3633 154 50 sont

2173 3705 63 56 là
2292 3707 347 73 privilèges
2698 3709 86 54 du
2842 3707 203 75 génie.
3108 3710 166 70 Quoi
3331 3712 161 71 qu'il
3548 3729 80 39 en
3684 3714 155 66 soit,

2175 3790 85 56 M.
2287 3792 164 56 Paul
2471 3792 268 57 Claudel
2759 3809 168 40 nous
2957 3810 37 39 a
3015 3795 276 56 restitué
3316 3814 90 39 un
3430 3798 223 55 drame
3675 3798 164 55 rude

2175 3880 66 51 et
2292 3876 157 66 fort,
2500 3876 395 73 pathétique
2947 3883 66 51 et
3062 3881 261 68 vivant,
3375 3883 170 54 alors
3599 3898 127 55 que
3775 3881 66 56 la

2177 3959 166 56 belle
2397 3964 66 51 et
2515 3961 195 58 noble
2761 3963 239 73 langue
3057 3964 76 56 de
3189 3966 286 56 Leconte
3533 3968 78 54 de
3668 3966 171 56 Lisle

2171 4061 83 39 ne
2293 4047 310 70 parvient
2644 4047 35 56 à
2718 4064 166 41 nous
2927 4047 337 73 présenter
3304 4052 207 72 qu'un
3553 4054 286 56 cadavre

2173 4129 596 72 magnifiquement
2801 4134 368 56 embaumé.

2260 4232 321 58 Entraîné
2607 4251 120 54 par
2752 4251 119 40 son
2896 4235 142 56 idée
3066 4237 157 69 fixe,
3252 4237 84 58 M.
3370 4239 165 56 Paul
3565 4239 274 57 Claudel

2171 4332 87 41 va
2295 4318 334 70 peut-être
2666 4335 91 39 un
2795 4335 127 56 peu
2961 4322 135 56 loin
3137 4325 227 68 quand
3401 4323 44 56 il
3484 4327 145 54 voit
3672 4325 166 56 dans

2173 4401 266 58 Athéna
2519 4425 22 29 «
2612 4420 130 41 une
2817 4405 330 73 préfigure
3225 4410 78 54 de
3379 4408 459 58 l'lmmaculée

2173 4484 405 75 Conception
2651 4510 22 28 »
2734 4493 66 52 et
2873 4491 160 56 dans
3106 4494 283 70 Apollon
3458 4511 131 39 une
3660 4500 178 52 sorte

2171 4569 236 74 d'ange
2471 4572 288 71 gardien.
2823 4574 339 58 Toutefois
3225 4577 44 55 il
3330 4579 147 56 faut
3540 4579 93 56 lui
3697 4579 139 56 être

2168 4657 500 58 reconnaissant
2707 4659 255 57 d'avoir
2996 4662 124 56 fait
3159 4665 355 67 entrevoir,
3555 4664 283 57 derrière

2170 4737 57 55 le
2270 4740 223 58 drame
2532 4743 349 70 personnel
2922 4745 323 69 d'Oreste,
3284 4764 93 40 un
3418 4748 227 56 drame
3687 4748 147 73 plus

2166 4823 366 74 largement
2568 4828 299 69 humain,
2888 4847 90 40 un
2998 4836 279 51 moment
3291 4833 545 73 singulièrement

2166 4908 281 72 critique
2492 4911 162 56 dans
2695 4911 320 59 l'histoire
3060 4916 77 56 de
3177 4916 66 58 la
3284 4918 423 57 civilisation.
3756 4918 78 57 Je

2166 5004 178 46 veux
2375 4996 135 56 dire
2541 4996 64 56 la
2635 4999 173 69 prise
2842 5001 78 56 de
2950 5002 383 56 conscience
3367 5019 120 55 par
3514 5002 320 58 l'homme

2166 5074 78 59 dë
2285 5089 73 46 sa
2393 5082 508 68 Responsabilité
2935 5116 87 8 —
3059 5085 404 58 c'est-à-dire
3506 5089 78 56 de
3624 5104 75 41 sa
3740 5087 63 56 di-

2165 5162 183 71 gnité
2400 5163 315 61 humaine
2769 5201 87 6 —
2908 5172 66 54 et
3030 5185 119 43 son
3206 5172 628 57 affranchissement

2165 5248 86 56 du
2287 5248 159 73 joug
2481 5250 112 56 des
2627 5253 379 69 puissances
3049 5256 306 73 antiques
3403 5258 311 63 aveugles
3751 5258 80 56 de

2159 5329 65 60 là
2261 5326 308 66 Fatalité;
