4142 5646
3180 4767 69 63 11

417 475 240 78 triste.
693 482 190 69 Mais
910 476 52 73 il
993 500 91 49 ne
1113 480 171 69 faut
1313 500 135 70 pas
1479 475 204 73 obéir
1714 478 42 70 à
1788 497 114 49 ses
1932 471 424 75 mauvaises
2385 466 364 99 passions,
2782 471 243 68 même
3053 465 63 72 si
3145 460 176 77 elles

419 598 188 55 nous
659 598 91 46 en
808 576 335 66 donnent
1194 575 271 67 l'ordre
1518 573 511 68 elles-mêmes.
2063 571 66 68 A
2183 570 174 89 quoi
2413 566 522 71 reconnaît-on
2991 583 144 71 que
3191 563 128 66 des

419 671 338 90 passions
810 673 174 63 sont
1035 666 445 80 mauvaises,
1536 666 422 68 mauvaises
2010 683 288 51 comme
2347 663 75 67 la
2473 663 164 88 gale
2672 661 39 68 ?
2766 658 147 79 oui,
2969 659 45 66 à
3067 654 178 92 quoi
3282 653 39 67 ?

610 763 120 66 Au
786 761 252 88 plaisir
1096 781 142 68 que
1292 761 153 68 l'on
1501 759 233 88 prend
1792 761 42 66 à
1892 759 113 87 s'y
2061 758 508 77 abandonner,
2628 756 44 68 à
2728 754 117 87 s'y
2898 751 249 78 livrer,
3224 768 100 47 et

422 857 381 78 qu'elles
859 857 494 65 déplaisent
1406 874 166 46 aux
1626 873 438 57 critiques.

615 949 173 66 Eux
827 949 213 66 n'ont
1081 968 133 67 pas
1257 947 88 68 de
1385 947 424 68 mauvaises
1849 944 361 90 passions.
2256 944 396 68 Comment
2689 961 93 47 en
2825 935 494 78 auraient-ils,

420 1044 105 67 les
561 1044 269 67 braves
867 1061 180 69 gens
1084 1042 36 68 ?
1165 1042 97 66 Ils
1301 1042 213 66 n'ont
1551 1061 134 69 pas
1724 1042 90 66 de
1853 1040 335 88 passions
2227 1039 102 67 du
2366 1042 196 75 tout,
2608 1054 298 49 aucune.
2948 1030 375 90 Toujours

422 1137 295 79 calmes,
752 1135 90 68 ils
877 1157 92 46 ne
1003 1140 316 83 songent
1353 1135 175 88 qu'à
1562 1135 159 66 leur
1755 1133 277 78 devoir,
2071 1132 317 88 corriger
2418 1132 105 68 les
2561 1130 299 66 défauts
2896 1128 103 66 du
3035 1142 286 73 pauvre

420 1230 297 78 monde,
761 1233 77 63 et
879 1230 154 66 s'en
1076 1228 182 68 faire
1299 1249 102 45 un
1443 1247 276 47 revenu
1760 1227 481 78 convenable,
2286 1244 190 69 pour
2515 1223 367 68 s'acheter
2923 1220 102 68 du
3065 1216 253 80 tabac,

420 1327 176 62 tout
645 1321 500 89 simplement.

613 1416 200 68 C'est
855 1418 72 66 là
971 1416 159 68 leur
1170 1415 243 69 tâche.
1463 1415 210 67 Cette
1716 1415 220 67 tâche
1976 1411 346 73 incombe
2364 1413 43 66 à
2452 1430 119 49 ces
2613 1410 339 67 hommes
2996 1404 91 70 de
3131 1404 192 68 bons

422 1509 313 68 conseils
769 1531 17 58 ;
830 1530 220 67 parce
1091 1509 220 88 qu'ils
1348 1530 93 45 en
1484 1513 133 62 ont
1656 1508 197 67 mille
1893 1528 190 68 pour
2122 1526 125 60 un,
2291 1506 131 66 des
2461 1503 333 79 conseils,
2840 1503 129 66 des
3009 1496 314 71 conseils

420 1603 430 87 régionaux.

615 1873 621 68 Remercions-les
1292 1873 90 67 de
1436 1877 173 63 tous
1661 1872 105 66 les
1821 1868 372 70 sacrifices
2247 1868 222 88 qu'ils
2523 1867 170 69 font
2745 1863 578 90 journellement

422 1987 188 68 pour
649 1972 212 62 notre
899 1968 195 78 bien,
1137 1987 187 68 pour
1363 1970 210 69 notre
1612 1965 156 69 seul
1807 1963 195 80 bien;
2037 1962 464 74 demandons
2539 1963 42 66 à
2618 1962 75 72 la
2730 1958 462 73 Providence
3231 1955 92 69 de

417 2061 105 66 les
564 2061 344 87 protéger
949 2065 252 62 contre
1243 2060 105 67 les
1389 2058 357 76 maladies
1790 2058 88 66 de
1921 2061 254 66 toutes
2215 2060 237 64 sortes
2486 2077 17 56 ;
2549 2055 91 66 de
2679 2055 105 66 les
2828 2051 322 88 éloigner
3194 2048 129 69 des

420 2155 263 64 ennuis
717 2153 89 68 de
837 2158 173 61 tous
1042 2170 255 71 genres
1333 2175 15 54 ;
1384 2151 89 68 de
1504 2153 157 74 leur
1694 2149 347 72 accorder
2071 2170 100 51 un
2205 2148 235 88 grand
2473 2146 311 71 nombre
2815 2143 381 71 d'enfants
3231 2139 92 71 de

419 2251 216 63 toute
667 2248 280 88 espèce,
984 2246 125 88 qui
1143 2248 442 66 continuent
1614 2246 73 66 la
1716 2244 179 66 leur.
1932 2243 132 67 Ces
2097 2241 337 69 souhaits
2466 2261 91 46 ne
2588 2243 333 84 peuvent
2950 2238 159 67 leur
3140 2234 184 75 faire

424 2339 72 68 ni
540 2339 171 68 bien
757 2339 73 68 ni
876 2339 171 68 mal.
1098 2339 115 66 En
1255 2344 173 70 tous
1472 2358 145 59 cas,
1665 2337 156 75 cela
1861 2336 161 71 leur
2061 2334 159 68 fera
2263 2354 145 55 une
2451 2332 189 68 belle
2683 2331 252 89 jambe

422 2483 61 17 ..
525 2486 15 14 .
584 2485 14 13 .
623 2453 188 61 pour
871 2432 245 68 écrire.

2591 2519 58 7 -w—«
2740 2519 67 7 ir-r
2821 2518 27 8 y
2909 2517 38 9 n
2981 2516 15 10 A
3137 2515 19 11 T
3157 2514 39 12 —l

2590 2519 264 68 ERIK
2907 2514 316 73 SATIE.

1522 2934 694 85 Saint-André

1654 3115 396 90 fragments

420 3287 207 68 Avec
683 3286 255 69 Simon
994 3286 129 88 qui
1179 3286 167 86 plus
1399 3284 174 69 tard
1629 3303 161 49 sera
1846 3282 269 80 Pierre,

422 3381 279 88 Lequel
752 3379 188 69 était
988 3379 223 68 l'aîné
1247 3377 37 68 ?
1331 3418 98 7 —
1475 3396 290 49 comme
1812 3375 109 68 toi
1973 3375 323 89 pêcheur
2346 3370 186 72 ainsi
2584 3392 144 68 que
2777 3370 124 72 fut
2945 3374 137 68 ton
3133 3367 196 91 père,

424 3475 111 65 Tu
584 3474 273 88 prends
906 3492 95 48 au
1047 3472 115 68 lac
1211 3472 90 66 de
1352 3470 462 71 Génézareth

422 3569 102 67 Le
554 3569 300 88 poisson
884 3567 220 68 d'eau
1133 3567 236 68 douce
1396 3565 221 68 blanc
1646 3569 78 62 et
1751 3565 163 86 plat
1943 3562 127 89 qui
2098 3565 170 64 sent
2293 3562 73 67 la
2393 3580 179 51 vase
2601 3563 76 65 et
2706 3579 146 69 que
2877 3558 105 73 les
3011 3575 323 71 pauvres

711 3662 365 67 dévorent
1126 3660 412 88 jusqu'aux
1589 3660 264 78 arêtes,

422 3755 103 68 Le
574 3755 149 68 Fils
774 3755 344 68 décidera
1167 3753 169 68 d'en
1384 3753 184 68 faire
1614 3772 136 47 son
1799 3767 586 71 monogramine.

425 3850 529 88 Capharnaum
999 3848 195 66 n'est
1238 3867 134 67 pas
1418 3867 147 49 une
1606 3846 465 87 importante
2115 3845 286 76 station

427 3943 139 67 Sur
617 3944 72 68 la
744 3948 215 62 route
1015 3943 127 66 des
1197 3943 375 66 donneurs
1629 3939 90 66 de
1772 3939 189 66 fêtes
2015 3943 78 62 et
2147 3938 90 72 de
2293 3936 318 80 drames,

2179 4015 6 12 ?

427 4036 113 68 On
596 4058 51 66 y
700 4056 326 68 manque
1084 4036 90 66 de
1230 4034 504 70 distractions.

424 4129 160 75 Ton
635 4131 158 66 seul
844 4129 254 88 plaisir
1147 4129 315 88 partagé
1512 4127 90 73 de
1655 4127 255 70 Simon

425 4222 334 70 N'est-ce
830 4222 440 70 d'entendre
1340 4222 67 68 le
1477 4241 296 47 sermon

430 4317 102 66 Et
576 4317 88 68 de
710 4317 313 68 chanter
1065 4315 239 88 après,
1353 4317 41 69 à
1440 4315 242 87 pleine
1726 4312 181 74 voix
1948 4329 252 73 grave,
2247 4331 175 49 sous
2462 4310 104 73 les
2610 4310 269 70 voûtes
2925 4327 181 51 nues

718 4412 90 66 de
850 4412 73 68 la
991 4410 445 88 Synagogue
1475 4408 37 68 ?

425 4595 166 71 Ceci
644 4601 115 63 est
810 4596 66 68 le
930 4596 388 88 Prologue.
