<?xml version="1.0" encoding="UTF-8"?>
<alto xmlns:xsi="http://www.w3.org/2001/XMLSchema-instance" xmlns="http://www.loc.gov/standards/alto/ns-v2#" xsi:schemaLocation="http://www.loc.gov/standards/alto/ns-v2# http://www.loc.gov/standards/alto/alto-v2.0.xsd" xmlns:xlink="http://www.w3.org/1999/xlink">
	<Description>
		<MeasurementUnit>mm10</MeasurementUnit>
		<sourceImageInformation>
			<fileName>//fileserver7/IN2/Princeton/Batch2/bmtnaab/1921/08_01/00000044.tif</fileName>
		</sourceImageInformation>
		<OCRProcessing ID="OCRPROCESSING_1">
			<preProcessingStep>
				<processingSoftware>
					<softwareCreator>CCS Content Conversion Specialists GmbH, Germany</softwareCreator>
					<softwareName>CCS docWORKS</softwareName>
					<softwareVersion>6.6-0.29</softwareVersion>
				</processingSoftware>
			</preProcessingStep>
			<ocrProcessingStep>
				<processingSoftware>
					<softwareCreator>ABBYY (BIT Software), Russia</softwareCreator>
					<softwareName>FineReader</softwareName>
					<softwareVersion>10.0</softwareVersion>
				</processingSoftware>
			</ocrProcessingStep>
		</OCRProcessing>
	</Description>
	<Styles>
		<TextStyle ID="TXT_0" FONTSIZE="10" FONTFAMILY="Times New Roman"/>
		<ParagraphStyle ID="PAR_LEFT" ALIGN="Left"/>
	</Styles>
	<Layout>
		<Page ID="P44" PHYSICAL_IMG_NR="44" HEIGHT="5646" WIDTH="4142" PRINTED_IMG_NR="30" PC="0.924">
			<TopMargin ID="P44_TM00001" HPOS="0" VPOS="0" WIDTH="4142" HEIGHT="5"/>
			<LeftMargin ID="P44_LM00001" HPOS="0" VPOS="5" WIDTH="5" HEIGHT="4877"/>
			<RightMargin ID="P44_RM00001" HPOS="4137" VPOS="5" WIDTH="5" HEIGHT="4877"/>
			<BottomMargin ID="P44_BM00001" HPOS="0" VPOS="4882" WIDTH="4142" HEIGHT="764">
				<TextBlock ID="P44_TB00001" HPOS="818" VPOS="4885" WIDTH="82" HEIGHT="71" STYLEREFS="TXT_0 PAR_LEFT">
					<TextLine ID="P44_TL00001" HPOS="818" VPOS="4885" WIDTH="82" HEIGHT="71">
						<String ID="P44_ST00001" HPOS="818" VPOS="4885" WIDTH="82" HEIGHT="71" CONTENT="30" WC="1.00" CC="00"/>
					</TextLine>
				</TextBlock>
			</BottomMargin>
			<PrintSpace ID="P44_PS00001" HPOS="5" VPOS="5" WIDTH="4132" HEIGHT="4877">
				<TextBlock ID="P44_TB00002" HPOS="720" VPOS="557" WIDTH="2937" HEIGHT="4238" STYLEREFS="TXT_0 PAR_LEFT">
					<TextLine ID="P44_TL00002" HPOS="721" VPOS="561" WIDTH="2922" HEIGHT="96">
						<String ID="P44_ST00002" HPOS="721" VPOS="590" WIDTH="220" HEIGHT="59" CONTENT="l'amie" WC="0.99" CC="300501"/>
						<SP ID="P44_SP00001" HPOS="941" VPOS="649" WIDTH="40"/>
						<String ID="P44_ST00003" HPOS="981" VPOS="590" WIDTH="214" HEIGHT="56" CONTENT="morte" WC="0.98" CC="50620"/>
						<SP ID="P44_SP00002" HPOS="1195" VPOS="649" WIDTH="42"/>
						<String ID="P44_ST00004" HPOS="1237" VPOS="600" WIDTH="125" HEIGHT="57" CONTENT="que" WC="0.95" CC="551"/>
						<SP ID="P44_SP00003" HPOS="1362" VPOS="657" WIDTH="41"/>
						<String ID="P44_ST00005" HPOS="1403" VPOS="598" WIDTH="168" HEIGHT="43" CONTENT="vous" WC="0.97" CC="1165"/>
						<SP ID="P44_SP00004" HPOS="1571" VPOS="657" WIDTH="42"/>
						<String ID="P44_ST00006" HPOS="1613" VPOS="580" WIDTH="190" HEIGHT="59" CONTENT="aviez" WC="0.97" CC="66344"/>
						<SP ID="P44_SP00005" HPOS="1803" VPOS="657" WIDTH="39"/>
						<String ID="P44_ST00007" HPOS="1842" VPOS="581" WIDTH="155" HEIGHT="56" CONTENT="tant" WC="0.94" CC="6874"/>
						<SP ID="P44_SP00006" HPOS="1997" VPOS="657" WIDTH="41"/>
						<String ID="P44_ST00008" HPOS="2038" VPOS="576" WIDTH="210" HEIGHT="59" CONTENT="aimée" WC="0.97" CC="97070"/>
						<SP ID="P44_SP00007" HPOS="2248" VPOS="657" WIDTH="32"/>
						<String ID="P44_ST00009" HPOS="2280" VPOS="576" WIDTH="15" HEIGHT="58" CONTENT="!" WC="0.64" CC="3"/>
						<SP ID="P44_SP00008" HPOS="2295" VPOS="657" WIDTH="43"/>
						<String ID="P44_ST00010" HPOS="2338" VPOS="574" WIDTH="271" HEIGHT="68" CONTENT="Lucien," WC="0.99" CC="0700262"/>
						<SP ID="P44_SP00009" HPOS="2609" VPOS="657" WIDTH="42"/>
						<String ID="P44_ST00011" HPOS="2651" VPOS="571" WIDTH="152" HEIGHT="59" CONTENT="cher" WC="0.98" CC="0702"/>
						<SP ID="P44_SP00010" HPOS="2803" VPOS="657" WIDTH="38"/>
						<String ID="P44_ST00012" HPOS="2841" VPOS="564" WIDTH="196" HEIGHT="78" CONTENT="poète" WC="0.98" CC="60700"/>
						<SP ID="P44_SP00011" HPOS="3037" VPOS="657" WIDTH="41"/>
						<String ID="P44_ST00013" HPOS="3078" VPOS="563" WIDTH="232" HEIGHT="61" CONTENT="chassé" WC="0.98" CC="177004"/>
						<SP ID="P44_SP00012" HPOS="3310" VPOS="657" WIDTH="40"/>
						<String ID="P44_ST00014" HPOS="3350" VPOS="563" WIDTH="92" HEIGHT="57" CONTENT="du" WC="0.44" CC="56"/>
						<SP ID="P44_SP00013" HPOS="3442" VPOS="657" WIDTH="40"/>
						<String ID="P44_ST00015" HPOS="3482" VPOS="561" WIDTH="121" HEIGHT="59" CONTENT="Par" SUBS_TYPE="HypPart1" SUBS_CONTENT="Parnasse," WC="0.96" CC="654"/>
						<HYP HPOS="3603" VPOS="561" WIDTH="40" CONTENT="-"/>
					</TextLine>
					<TextLine ID="P44_TL00003" HPOS="721" VPOS="656" WIDTH="2208" HEIGHT="90">
						<String ID="P44_ST00016" HPOS="721" VPOS="691" WIDTH="215" HEIGHT="53" CONTENT="nasse," SUBS_TYPE="HypPart2" SUBS_CONTENT="Parnasse," WC="0.99" CC="700006"/>
						<SP ID="P44_SP00014" HPOS="936" VPOS="744" WIDTH="35"/>
						<String ID="P44_ST00017" HPOS="971" VPOS="674" WIDTH="63" HEIGHT="72" CONTENT="je" WC="0.70" CC="50"/>
						<SP ID="P44_SP00015" HPOS="1034" VPOS="746" WIDTH="35"/>
						<String ID="P44_ST00018" HPOS="1069" VPOS="686" WIDTH="165" HEIGHT="46" CONTENT="vous" WC="0.98" CC="0070"/>
						<SP ID="P44_SP00016" HPOS="1234" VPOS="746" WIDTH="37"/>
						<String ID="P44_ST00019" HPOS="1271" VPOS="668" WIDTH="355" HEIGHT="59" CONTENT="ressemble" WC="0.99" CC="542000701"/>
						<SP ID="P44_SP00017" HPOS="1626" VPOS="746" WIDTH="36"/>
						<String ID="P44_ST00020" HPOS="1662" VPOS="683" WIDTH="93" HEIGHT="42" CONTENT="un" WC="0.46" CC="64"/>
						<SP ID="P44_SP00018" HPOS="1755" VPOS="746" WIDTH="36"/>
						<String ID="P44_ST00021" HPOS="1791" VPOS="683" WIDTH="154" HEIGHT="57" CONTENT="peu," WC="0.96" CC="6364"/>
						<SP ID="P44_SP00019" HPOS="1945" VPOS="746" WIDTH="39"/>
						<String ID="P44_ST00022" HPOS="1984" VPOS="666" WIDTH="100" HEIGHT="57" CONTENT="dit" WC="0.97" CC="600"/>
						<SP ID="P44_SP00020" HPOS="2084" VPOS="746" WIDTH="35"/>
						<String ID="P44_ST00023" HPOS="2119" VPOS="679" WIDTH="159" HEIGHT="43" CONTENT="mon" WC="0.96" CC="064"/>
						<SP ID="P44_SP00021" HPOS="2278" VPOS="746" WIDTH="38"/>
						<String ID="P44_ST00024" HPOS="2316" VPOS="663" WIDTH="132" HEIGHT="57" CONTENT="ami" WC="0.98" CC="004"/>
						<SP ID="P44_SP00022" HPOS="2448" VPOS="746" WIDTH="37"/>
						<String ID="P44_ST00025" HPOS="2485" VPOS="661" WIDTH="157" HEIGHT="56" CONTENT="Max" WC="0.99" CC="002"/>
						<SP ID="P44_SP00023" HPOS="2642" VPOS="746" WIDTH="55"/>
						<String ID="P44_ST00026" HPOS="2697" VPOS="656" WIDTH="232" HEIGHT="57" CONTENT="Jacob." WC="0.99" CC="400070"/>
					</TextLine>
					<TextLine ID="P44_TL00004" HPOS="805" VPOS="742" WIDTH="2842" HEIGHT="97">
						<String ID="P44_ST00027" HPOS="805" VPOS="768" WIDTH="329" HEIGHT="71" CONTENT="Toujours" WC="0.99" CC="04770151"/>
						<SP ID="P44_SP00024" HPOS="1134" VPOS="839" WIDTH="39"/>
						<String ID="P44_ST00028" HPOS="1173" VPOS="764" WIDTH="177" HEIGHT="58" CONTENT="est-il" WC="0.99" CC="100305"/>
						<SP ID="P44_SP00025" HPOS="1350" VPOS="839" WIDTH="41"/>
						<String ID="P44_ST00029" HPOS="1391" VPOS="779" WIDTH="127" HEIGHT="56" CONTENT="que" WC="0.98" CC="060"/>
						<SP ID="P44_SP00026" HPOS="1518" VPOS="839" WIDTH="39"/>
						<String ID="P44_ST00030" HPOS="1557" VPOS="761" WIDTH="91" HEIGHT="57" CONTENT="les" WC="0.95" CC="642"/>
						<SP ID="P44_SP00027" HPOS="1648" VPOS="839" WIDTH="39"/>
						<String ID="P44_ST00031" HPOS="1687" VPOS="759" WIDTH="231" HEIGHT="75" CONTENT="poètes" WC="0.98" CC="026900"/>
						<SP ID="P44_SP00028" HPOS="1918" VPOS="839" WIDTH="40"/>
						<String ID="P44_ST00032" HPOS="1958" VPOS="759" WIDTH="307" HEIGHT="58" CONTENT="meurent" WC="0.99" CC="0053000"/>
						<SP ID="P44_SP00029" HPOS="2265" VPOS="839" WIDTH="37"/>
						<String ID="P44_ST00033" HPOS="2302" VPOS="771" WIDTH="169" HEIGHT="59" CONTENT="pour" WC="0.96" CC="0556"/>
						<SP ID="P44_SP00030" HPOS="2471" VPOS="839" WIDTH="38"/>
						<String ID="P44_ST00034" HPOS="2509" VPOS="768" WIDTH="191" HEIGHT="52" CONTENT="vous," WC="0.98" CC="03304"/>
						<SP ID="P44_SP00031" HPOS="2700" VPOS="839" WIDTH="37"/>
						<String ID="P44_ST00035" HPOS="2737" VPOS="749" WIDTH="371" HEIGHT="57" CONTENT="mesdames" WC="1.00" CC="00007000"/>
						<SP ID="P44_SP00032" HPOS="3108" VPOS="839" WIDTH="56"/>
						<String ID="P44_ST00036" HPOS="3164" VPOS="747" WIDTH="68" HEIGHT="54" CONTENT="et" WC="0.97" CC="00"/>
						<SP ID="P44_SP00033" HPOS="3232" VPOS="839" WIDTH="37"/>
						<String ID="P44_ST00037" HPOS="3269" VPOS="742" WIDTH="378" HEIGHT="66" CONTENT="messieurs," WC="0.99" CC="5023026702"/>
					</TextLine>
					<TextLine ID="P44_TL00005" HPOS="721" VPOS="828" WIDTH="2926" HEIGHT="97">
						<String ID="P44_ST00038" HPOS="721" VPOS="859" WIDTH="154" HEIGHT="54" CONTENT="tout" WC="0.97" CC="0660"/>
						<SP ID="P44_SP00034" HPOS="875" VPOS="913" WIDTH="30"/>
						<String ID="P44_ST00039" HPOS="905" VPOS="852" WIDTH="445" HEIGHT="73" CONTENT="simplement." WC="1.00" CC="00701003602"/>
						<SP ID="P44_SP00035" HPOS="1350" VPOS="925" WIDTH="50"/>
						<String ID="P44_ST00040" HPOS="1400" VPOS="850" WIDTH="188" HEIGHT="58" CONTENT="Nous" WC="0.98" CC="0062"/>
						<SP ID="P44_SP00036" HPOS="1588" VPOS="925" WIDTH="49"/>
						<String ID="P44_ST00041" HPOS="1637" VPOS="862" WIDTH="316" HEIGHT="43" CONTENT="mourons" WC="0.99" CC="0060265"/>
						<SP ID="P44_SP00037" HPOS="1953" VPOS="925" WIDTH="51"/>
						<String ID="P44_ST00042" HPOS="2004" VPOS="844" WIDTH="625" HEIGHT="74" CONTENT="quotidiennement" WC="1.00" CC="060060305400040"/>
						<SP ID="P44_SP00038" HPOS="2629" VPOS="925" WIDTH="44"/>
						<String ID="P44_ST00043" HPOS="2673" VPOS="852" WIDTH="169" HEIGHT="59" CONTENT="pour" WC="0.96" CC="0646"/>
						<SP ID="P44_SP00039" HPOS="2842" VPOS="925" WIDTH="46"/>
						<String ID="P44_ST00044" HPOS="2888" VPOS="850" WIDTH="191" HEIGHT="51" CONTENT="vous," WC="0.98" CC="00563"/>
						<SP ID="P44_SP00040" HPOS="3079" VPOS="925" WIDTH="46"/>
						<String ID="P44_ST00045" HPOS="3125" VPOS="849" WIDTH="130" HEIGHT="40" CONTENT="une" WC="0.95" CC="660"/>
						<SP ID="P44_SP00041" HPOS="3255" VPOS="925" WIDTH="48"/>
						<String ID="P44_ST00046" HPOS="3303" VPOS="847" WIDTH="144" HEIGHT="41" CONTENT="rose" WC="0.99" CC="5000"/>
						<SP ID="P44_SP00042" HPOS="3447" VPOS="925" WIDTH="51"/>
						<String ID="P44_ST00047" HPOS="3498" VPOS="828" WIDTH="37" HEIGHT="58" CONTENT="à" WC="0.86" CC="1"/>
						<SP ID="P44_SP00043" HPOS="3535" VPOS="925" WIDTH="46"/>
						<String ID="P44_ST00048" HPOS="3581" VPOS="828" WIDTH="66" HEIGHT="58" CONTENT="la" WC="0.55" CC="16"/>
					</TextLine>
					<TextLine ID="P44_TL00006" HPOS="724" VPOS="935" WIDTH="505" HEIGHT="68">
						<String ID="P44_ST00049" HPOS="724" VPOS="935" WIDTH="505" HEIGHT="68" CONTENT="boutonnière..." WC="1.00" CC="70002650460000"/>
					</TextLine>
					<TextLine ID="P44_TL00007" HPOS="810" VPOS="1008" WIDTH="2837" HEIGHT="96">
						<String ID="P44_ST00050" HPOS="810" VPOS="1033" WIDTH="93" HEIGHT="56" CONTENT="La" WC="1.00" CC="00"/>
						<SP ID="P44_SP00044" HPOS="903" VPOS="1089" WIDTH="39"/>
						<String ID="P44_ST00051" HPOS="942" VPOS="1030" WIDTH="222" HEIGHT="74" CONTENT="poésie" WC="0.99" CC="003105"/>
						<SP ID="P44_SP00045" HPOS="1164" VPOS="1104" WIDTH="39"/>
						<String ID="P44_ST00052" HPOS="1203" VPOS="1032" WIDTH="102" HEIGHT="56" CONTENT="est" WC="1.00" CC="100"/>
						<SP ID="P44_SP00046" HPOS="1305" VPOS="1104" WIDTH="37"/>
						<String ID="P44_ST00053" HPOS="1342" VPOS="1045" WIDTH="132" HEIGHT="41" CONTENT="une" WC="0.95" CC="562"/>
						<SP ID="P44_SP00047" HPOS="1474" VPOS="1104" WIDTH="41"/>
						<String ID="P44_ST00054" HPOS="1515" VPOS="1027" WIDTH="283" HEIGHT="59" CONTENT="seconde" WC="0.99" CC="1502700"/>
						<SP ID="P44_SP00048" HPOS="1798" VPOS="1104" WIDTH="40"/>
						<String ID="P44_ST00055" HPOS="1838" VPOS="1030" WIDTH="263" HEIGHT="54" CONTENT="nature." WC="0.98" CC="8805004"/>
						<SP ID="P44_SP00049" HPOS="2101" VPOS="1104" WIDTH="44"/>
						<String ID="P44_ST00056" HPOS="2145" VPOS="1022" WIDTH="496" HEIGHT="72" CONTENT="L'intelligence" WC="0.99" CC="03560060324302"/>
						<SP ID="P44_SP00050" HPOS="2641" VPOS="1104" WIDTH="39"/>
						<String ID="P44_ST00057" HPOS="2680" VPOS="1020" WIDTH="100" HEIGHT="54" CONTENT="est" WC="1.00" CC="000"/>
						<SP ID="P44_SP00051" HPOS="2780" VPOS="1104" WIDTH="39"/>
						<String ID="P44_ST00058" HPOS="2819" VPOS="1016" WIDTH="191" HEIGHT="56" CONTENT="notre" WC="0.98" CC="02162"/>
						<SP ID="P44_SP00052" HPOS="3010" VPOS="1104" WIDTH="54"/>
						<String ID="P44_ST00059" HPOS="3064" VPOS="1010" WIDTH="371" HEIGHT="74" CONTENT="profession" WC="0.99" CC="0704001035"/>
						<SP ID="P44_SP00053" HPOS="3435" VPOS="1104" WIDTH="41"/>
						<String ID="P44_ST00060" HPOS="3476" VPOS="1011" WIDTH="67" HEIGHT="55" CONTENT="et" WC="1.00" CC="00"/>
						<SP ID="P44_SP00054" HPOS="3543" VPOS="1104" WIDTH="38"/>
						<String ID="P44_ST00061" HPOS="3581" VPOS="1008" WIDTH="66" HEIGHT="59" CONTENT="la" WC="0.53" CC="09"/>
					</TextLine>
					<TextLine ID="P44_TL00008" HPOS="724" VPOS="1096" WIDTH="2921" HEIGHT="91">
						<String ID="P44_ST00062" HPOS="724" VPOS="1116" WIDTH="244" HEIGHT="58" CONTENT="beauté" WC="0.99" CC="700500"/>
						<SP ID="P44_SP00055" HPOS="968" VPOS="1174" WIDTH="34"/>
						<String ID="P44_ST00063" HPOS="1002" VPOS="1118" WIDTH="193" HEIGHT="56" CONTENT="notre" WC="1.00" CC="02001"/>
						<SP ID="P44_SP00056" HPOS="1195" VPOS="1174" WIDTH="37"/>
						<String ID="P44_ST00064" HPOS="1232" VPOS="1115" WIDTH="159" HEIGHT="72" CONTENT="pain" WC="0.97" CC="0706"/>
						<SP ID="P44_SP00057" HPOS="1391" VPOS="1187" WIDTH="41"/>
						<String ID="P44_ST00065" HPOS="1432" VPOS="1115" WIDTH="371" HEIGHT="71" CONTENT="quotidien." WC="1.00" CC="0503006000"/>
						<SP ID="P44_SP00058" HPOS="1803" VPOS="1187" WIDTH="42"/>
						<String ID="P44_ST00066" HPOS="1845" VPOS="1111" WIDTH="80" HEIGHT="58" CONTENT="Je" WC="1.00" CC="00"/>
						<SP ID="P44_SP00059" HPOS="1925" VPOS="1187" WIDTH="37"/>
						<String ID="P44_ST00067" HPOS="1962" VPOS="1128" WIDTH="105" HEIGHT="39" CONTENT="me" WC="1.00" CC="00"/>
						<SP ID="P44_SP00060" HPOS="2067" VPOS="1187" WIDTH="35"/>
						<String ID="P44_ST00068" HPOS="2102" VPOS="1110" WIDTH="259" HEIGHT="59" CONTENT="nourris" WC="0.98" CC="5255600"/>
						<SP ID="P44_SP00061" HPOS="2361" VPOS="1187" WIDTH="39"/>
						<String ID="P44_ST00069" HPOS="2400" VPOS="1104" WIDTH="319" HEIGHT="60" CONTENT="d'étoiles." WC="1.00" CC="0400006020"/>
						<SP ID="P44_SP00062" HPOS="2719" VPOS="1187" WIDTH="57"/>
						<String ID="P44_ST00070" HPOS="2776" VPOS="1096" WIDTH="395" HEIGHT="61" CONTENT="Archimède" WC="0.92" CC="020500000"/>
						<SP ID="P44_SP00063" HPOS="3171" VPOS="1187" WIDTH="52"/>
						<String ID="P44_ST00071" HPOS="3223" VPOS="1096" WIDTH="222" HEIGHT="58" CONTENT="aurait" WC="0.99" CC="060000"/>
						<SP ID="P44_SP00064" HPOS="3445" VPOS="1187" WIDTH="51"/>
						<String ID="P44_ST00072" HPOS="3496" VPOS="1111" WIDTH="112" HEIGHT="41" CONTENT="sou" SUBS_TYPE="HypPart1" SUBS_CONTENT="soulevé" WC="0.97" CC="434"/>
						<HYP HPOS="3608" VPOS="1111" WIDTH="37" CONTENT="-"/>
					</TextLine>
					<TextLine ID="P44_TL00009" HPOS="722" VPOS="1179" WIDTH="2926" HEIGHT="88">
						<String ID="P44_ST00073" HPOS="722" VPOS="1201" WIDTH="148" HEIGHT="59" CONTENT="levé" SUBS_TYPE="HypPart2" SUBS_CONTENT="soulevé" WC="0.98" CC="7300"/>
						<SP ID="P44_SP00065" HPOS="870" VPOS="1260" WIDTH="25"/>
						<String ID="P44_ST00074" HPOS="895" VPOS="1203" WIDTH="61" HEIGHT="56" CONTENT="le" WC="0.98" CC="00"/>
						<SP ID="P44_SP00066" HPOS="956" VPOS="1260" WIDTH="29"/>
						<String ID="P44_ST00075" HPOS="985" VPOS="1201" WIDTH="245" HEIGHT="58" CONTENT="monde" WC="0.99" CC="00403"/>
						<SP ID="P44_SP00067" HPOS="1230" VPOS="1260" WIDTH="31"/>
						<String ID="P44_ST00076" HPOS="1261" VPOS="1215" WIDTH="166" HEIGHT="42" CONTENT="avec" WC="1.00" CC="0000"/>
						<SP ID="P44_SP00068" HPOS="1427" VPOS="1260" WIDTH="25"/>
						<String ID="P44_ST00077" HPOS="1452" VPOS="1216" WIDTH="95" HEIGHT="41" CONTENT="un" WC="0.32" CC="76"/>
						<SP ID="P44_SP00069" HPOS="1547" VPOS="1260" WIDTH="27"/>
						<String ID="P44_ST00078" HPOS="1574" VPOS="1198" WIDTH="230" HEIGHT="69" CONTENT="levier," WC="0.99" CC="2000060"/>
						<SP ID="P44_SP00070" HPOS="1804" VPOS="1267" WIDTH="32"/>
						<String ID="P44_ST00079" HPOS="1836" VPOS="1198" WIDTH="104" HEIGHT="56" CONTENT="s'il" WC="0.98" CC="2033"/>
						<SP ID="P44_SP00071" HPOS="1940" VPOS="1267" WIDTH="45"/>
						<String ID="P44_ST00080" HPOS="1985" VPOS="1196" WIDTH="116" HEIGHT="58" CONTENT="eût" WC="1.00" CC="000"/>
						<SP ID="P44_SP00072" HPOS="2101" VPOS="1267" WIDTH="42"/>
						<String ID="P44_ST00081" HPOS="2143" VPOS="1193" WIDTH="244" HEIGHT="59" CONTENT="trouvé" WC="0.99" CC="010600"/>
						<SP ID="P44_SP00073" HPOS="2387" VPOS="1267" WIDTH="27"/>
						<String ID="P44_ST00082" HPOS="2414" VPOS="1209" WIDTH="91" HEIGHT="39" CONTENT="un" WC="0.48" CC="54"/>
						<SP ID="P44_SP00074" HPOS="2505" VPOS="1267" WIDTH="29"/>
						<String ID="P44_ST00083" HPOS="2534" VPOS="1191" WIDTH="191" HEIGHT="73" CONTENT="point" WC="0.98" CC="00262"/>
						<SP ID="P44_SP00075" HPOS="2725" VPOS="1267" WIDTH="33"/>
						<String ID="P44_ST00084" HPOS="2758" VPOS="1186" WIDTH="294" HEIGHT="74" CONTENT="d'appui." WC="0.99" CC="04000703"/>
						<SP ID="P44_SP00076" HPOS="3052" VPOS="1267" WIDTH="36"/>
						<String ID="P44_ST00085" HPOS="3088" VPOS="1184" WIDTH="145" HEIGHT="56" CONTENT="Une" WC="0.97" CC="071"/>
						<SP ID="P44_SP00077" HPOS="3233" VPOS="1267" WIDTH="29"/>
						<String ID="P44_ST00086" HPOS="3262" VPOS="1179" WIDTH="242" HEIGHT="75" CONTENT="pensée" WC="1.00" CC="006000"/>
						<SP ID="P44_SP00078" HPOS="3504" VPOS="1267" WIDTH="33"/>
						<String ID="P44_ST00087" HPOS="3537" VPOS="1179" WIDTH="74" HEIGHT="58" CONTENT="dé" SUBS_TYPE="HypPart1" SUBS_CONTENT="détruit" WC="0.97" CC="03"/>
						<HYP HPOS="3611" VPOS="1179" WIDTH="37" CONTENT="-"/>
					</TextLine>
					<TextLine ID="P44_TL00010" HPOS="722" VPOS="1265" WIDTH="2920" HEIGHT="85">
						<String ID="P44_ST00088" HPOS="722" VPOS="1289" WIDTH="171" HEIGHT="56" CONTENT="truit" SUBS_TYPE="HypPart2" SUBS_CONTENT="détruit" WC="0.99" CC="03330"/>
						<SP ID="P44_SP00079" HPOS="893" VPOS="1345" WIDTH="29"/>
						<String ID="P44_ST00089" HPOS="922" VPOS="1287" WIDTH="59" HEIGHT="56" CONTENT="le" WC="0.80" CC="40"/>
						<SP ID="P44_SP00080" HPOS="981" VPOS="1345" WIDTH="32"/>
						<String ID="P44_ST00090" HPOS="1013" VPOS="1287" WIDTH="246" HEIGHT="58" CONTENT="monde" WC="0.99" CC="01104"/>
						<SP ID="P44_SP00081" HPOS="1259" VPOS="1345" WIDTH="36"/>
						<String ID="P44_ST00091" HPOS="1295" VPOS="1289" WIDTH="67" HEIGHT="53" CONTENT="et" WC="1.00" CC="00"/>
						<SP ID="P44_SP00082" HPOS="1362" VPOS="1345" WIDTH="29"/>
						<String ID="P44_ST00092" HPOS="1391" VPOS="1284" WIDTH="63" HEIGHT="58" CONTENT="le" WC="0.75" CC="40"/>
						<SP ID="P44_SP00083" HPOS="1454" VPOS="1345" WIDTH="30"/>
						<String ID="P44_ST00093" HPOS="1484" VPOS="1284" WIDTH="434" HEIGHT="66" CONTENT="reconstruit," WC="0.99" CC="610075012001"/>
						<SP ID="P44_SP00084" HPOS="1918" VPOS="1350" WIDTH="34"/>
						<String ID="P44_ST00094" HPOS="1952" VPOS="1299" WIDTH="81" HEIGHT="39" CONTENT="en" WC="0.80" CC="04"/>
						<SP ID="P44_SP00085" HPOS="2033" VPOS="1350" WIDTH="30"/>
						<String ID="P44_ST00095" HPOS="2063" VPOS="1282" WIDTH="217" HEIGHT="54" CONTENT="moins" WC="0.98" CC="20430"/>
						<SP ID="P44_SP00086" HPOS="2280" VPOS="1350" WIDTH="36"/>
						<String ID="P44_ST00096" HPOS="2316" VPOS="1281" WIDTH="78" HEIGHT="54" CONTENT="de" WC="1.00" CC="00"/>
						<SP ID="P44_SP00087" HPOS="2394" VPOS="1350" WIDTH="30"/>
						<String ID="P44_ST00097" HPOS="2424" VPOS="1282" WIDTH="222" HEIGHT="66" CONTENT="temps" WC="0.99" CC="00004"/>
						<SP ID="P44_SP00088" HPOS="2646" VPOS="1350" WIDTH="35"/>
						<String ID="P44_ST00098" HPOS="2681" VPOS="1272" WIDTH="160" HEIGHT="73" CONTENT="qu'il" WC="0.99" CC="06200"/>
						<SP ID="P44_SP00089" HPOS="2841" VPOS="1350" WIDTH="30"/>
						<String ID="P44_ST00099" HPOS="2871" VPOS="1289" WIDTH="83" HEIGHT="41" CONTENT="ne" WC="0.66" CC="24"/>
						<SP ID="P44_SP00090" HPOS="2954" VPOS="1350" WIDTH="31"/>
						<String ID="P44_ST00100" HPOS="2985" VPOS="1270" WIDTH="149" HEIGHT="56" CONTENT="faut" WC="0.96" CC="5560"/>
						<SP ID="P44_SP00091" HPOS="3134" VPOS="1350" WIDTH="32"/>
						<String ID="P44_ST00101" HPOS="3166" VPOS="1284" WIDTH="169" HEIGHT="56" CONTENT="pour" WC="0.98" CC="0056"/>
						<SP ID="P44_SP00092" HPOS="3335" VPOS="1350" WIDTH="29"/>
						<String ID="P44_ST00102" HPOS="3364" VPOS="1265" WIDTH="278" HEIGHT="58" CONTENT="l'écrire." WC="0.99" CC="430020114"/>
					</TextLine>
					<TextLine ID="P44_TL00011" HPOS="727" VPOS="1352" WIDTH="2918" HEIGHT="95">
						<String ID="P44_ST00103" HPOS="727" VPOS="1375" WIDTH="107" HEIGHT="56" CONTENT="Un" WC="0.63" CC="06"/>
						<SP ID="P44_SP00093" HPOS="834" VPOS="1431" WIDTH="30"/>
						<String ID="P44_ST00104" HPOS="864" VPOS="1372" WIDTH="197" HEIGHT="75" CONTENT="poète" WC="0.99" CC="00500"/>
						<SP ID="P44_SP00094" HPOS="1061" VPOS="1447" WIDTH="30"/>
						<String ID="P44_ST00105" HPOS="1091" VPOS="1370" WIDTH="271" HEIGHT="60" CONTENT="soulève" WC="0.99" CC="0152600"/>
						<SP ID="P44_SP00095" HPOS="1362" VPOS="1447" WIDTH="29"/>
						<String ID="P44_ST00106" HPOS="1391" VPOS="1370" WIDTH="63" HEIGHT="56" CONTENT="le" WC="0.79" CC="04"/>
						<SP ID="P44_SP00096" HPOS="1454" VPOS="1447" WIDTH="30"/>
						<String ID="P44_ST00107" HPOS="1484" VPOS="1370" WIDTH="246" HEIGHT="56" CONTENT="monde" WC="0.99" CC="04100"/>
						<SP ID="P44_SP00097" HPOS="1730" VPOS="1447" WIDTH="34"/>
						<String ID="P44_ST00108" HPOS="1764" VPOS="1370" WIDTH="37" HEIGHT="56" CONTENT="à" WC="1.00" CC="0"/>
						<SP ID="P44_SP00098" HPOS="1801" VPOS="1447" WIDTH="30"/>
						<String ID="P44_ST00109" HPOS="1831" VPOS="1370" WIDTH="153" HEIGHT="55" CONTENT="bras" WC="0.96" CC="6606"/>
						<SP ID="P44_SP00099" HPOS="1984" VPOS="1447" WIDTH="30"/>
						<String ID="P44_ST00110" HPOS="2014" VPOS="1367" WIDTH="232" HEIGHT="58" CONTENT="tendu." WC="0.99" CC="012054"/>
						<SP ID="P44_SP00100" HPOS="2246" VPOS="1447" WIDTH="37"/>
						<String ID="P44_ST00111" HPOS="2283" VPOS="1362" WIDTH="260" HEIGHT="74" CONTENT="Orphée" WC="0.98" CC="460700"/>
						<SP ID="P44_SP00101" HPOS="2543" VPOS="1447" WIDTH="32"/>
						<String ID="P44_ST00112" HPOS="2575" VPOS="1360" WIDTH="303" HEIGHT="58" CONTENT="chantait" WC="0.98" CC="04066559"/>
						<SP ID="P44_SP00102" HPOS="2878" VPOS="1447" WIDTH="32"/>
						<String ID="P44_ST00113" HPOS="2910" VPOS="1358" WIDTH="164" HEIGHT="56" CONTENT="dans" WC="0.97" CC="0056"/>
						<SP ID="P44_SP00103" HPOS="3074" VPOS="1447" WIDTH="31"/>
						<String ID="P44_ST00114" HPOS="3105" VPOS="1355" WIDTH="91" HEIGHT="56" CONTENT="les" WC="0.97" CC="502"/>
						<SP ID="P44_SP00104" HPOS="3196" VPOS="1447" WIDTH="31"/>
						<String ID="P44_ST00115" HPOS="3227" VPOS="1355" WIDTH="206" HEIGHT="56" CONTENT="forêts" WC="0.98" CC="628013"/>
						<SP ID="P44_SP00105" HPOS="3433" VPOS="1447" WIDTH="36"/>
						<String ID="P44_ST00116" HPOS="3469" VPOS="1353" WIDTH="79" HEIGHT="56" CONTENT="de" WC="1.00" CC="00"/>
						<SP ID="P44_SP00106" HPOS="3548" VPOS="1447" WIDTH="31"/>
						<String ID="P44_ST00117" HPOS="3579" VPOS="1352" WIDTH="66" HEIGHT="57" CONTENT="la" WC="1.00" CC="00"/>
					</TextLine>
					<TextLine ID="P44_TL00012" HPOS="724" VPOS="1440" WIDTH="2921" HEIGHT="76">
						<String ID="P44_ST00118" HPOS="724" VPOS="1460" WIDTH="276" HEIGHT="56" CONTENT="Thrace." WC="0.77" CC="0630013"/>
						<SP ID="P44_SP00107" HPOS="1000" VPOS="1516" WIDTH="42"/>
						<String ID="P44_ST00119" HPOS="1042" VPOS="1458" WIDTH="122" HEIGHT="56" CONTENT="Les" WC="0.98" CC="005"/>
						<SP ID="P44_SP00108" HPOS="1164" VPOS="1516" WIDTH="39"/>
						<String ID="P44_ST00120" HPOS="1203" VPOS="1457" WIDTH="325" HEIGHT="57" CONTENT="animaux" WC="0.98" CC="9500080"/>
						<SP ID="P44_SP00109" HPOS="1528" VPOS="1516" WIDTH="36"/>
						<String ID="P44_ST00121" HPOS="1564" VPOS="1453" WIDTH="301" HEIGHT="58" CONTENT="charmés" WC="0.99" CC="0706600"/>
						<SP ID="P44_SP00110" HPOS="1865" VPOS="1516" WIDTH="37"/>
						<String ID="P44_ST00122" HPOS="1902" VPOS="1453" WIDTH="327" HEIGHT="56" CONTENT="sortaient" WC="0.99" CC="144463070"/>
						<SP ID="P44_SP00111" HPOS="2229" VPOS="1516" WIDTH="39"/>
						<String ID="P44_ST00123" HPOS="2268" VPOS="1452" WIDTH="80" HEIGHT="54" CONTENT="de" WC="1.00" CC="00"/>
						<SP ID="P44_SP00112" HPOS="2348" VPOS="1516" WIDTH="35"/>
						<String ID="P44_ST00124" HPOS="2383" VPOS="1450" WIDTH="65" HEIGHT="56" CONTENT="la" WC="0.69" CC="60"/>
						<SP ID="P44_SP00113" HPOS="2448" VPOS="1516" WIDTH="35"/>
						<String ID="P44_ST00125" HPOS="2483" VPOS="1448" WIDTH="148" HEIGHT="56" CONTENT="nuit" WC="0.96" CC="6505"/>
						<SP ID="P44_SP00114" HPOS="2631" VPOS="1516" WIDTH="39"/>
						<String ID="P44_ST00126" HPOS="2670" VPOS="1450" WIDTH="66" HEIGHT="52" CONTENT="et" WC="0.82" CC="03"/>
						<SP ID="P44_SP00115" HPOS="2736" VPOS="1516" WIDTH="35"/>
						<String ID="P44_ST00127" HPOS="2771" VPOS="1445" WIDTH="90" HEIGHT="56" CONTENT="les" WC="0.95" CC="166"/>
						<SP ID="P44_SP00116" HPOS="2861" VPOS="1516" WIDTH="39"/>
						<String ID="P44_ST00128" HPOS="2900" VPOS="1441" WIDTH="228" HEIGHT="58" CONTENT="étoiles" WC="0.98" CC="3733801"/>
						<SP ID="P44_SP00117" HPOS="3128" VPOS="1516" WIDTH="41"/>
						<String ID="P44_ST00129" HPOS="3169" VPOS="1440" WIDTH="476" HEIGHT="56" CONTENT="descendaient" WC="0.99" CC="000006902087"/>
					</TextLine>
					<TextLine ID="P44_TL00013" HPOS="727" VPOS="1524" WIDTH="2916" HEIGHT="92">
						<String ID="P44_ST00130" HPOS="727" VPOS="1545" WIDTH="90" HEIGHT="54" CONTENT="du" WC="0.20" CC="96"/>
						<SP ID="P44_SP00118" HPOS="817" VPOS="1599" WIDTH="31"/>
						<String ID="P44_ST00131" HPOS="848" VPOS="1543" WIDTH="121" HEIGHT="56" CONTENT="ciel" WC="1.00" CC="0000"/>
						<SP ID="P44_SP00119" HPOS="969" VPOS="1599" WIDTH="28"/>
						<String ID="P44_ST00132" HPOS="997" VPOS="1558" WIDTH="172" HEIGHT="58" CONTENT="pour" WC="0.98" CC="0045"/>
						<SP ID="P44_SP00120" HPOS="1169" VPOS="1616" WIDTH="27"/>
						<String ID="P44_ST00133" HPOS="1196" VPOS="1543" WIDTH="231" HEIGHT="56" CONTENT="mieux" WC="0.98" CC="00460"/>
						<SP ID="P44_SP00121" HPOS="1427" VPOS="1616" WIDTH="25"/>
						<String ID="P44_ST00134" HPOS="1452" VPOS="1540" WIDTH="395" HEIGHT="57" CONTENT="l'entendre." WC="0.99" CC="00407340600"/>
						<SP ID="P44_SP00122" HPOS="1847" VPOS="1616" WIDTH="33"/>
						<String ID="P44_ST00135" HPOS="1880" VPOS="1538" WIDTH="95" HEIGHT="56" CONTENT="La" WC="0.57" CC="08"/>
						<SP ID="P44_SP00123" HPOS="1975" VPOS="1616" WIDTH="27"/>
						<String ID="P44_ST00136" HPOS="2002" VPOS="1536" WIDTH="175" HEIGHT="56" CONTENT="forêt" WC="0.97" CC="50652"/>
						<SP ID="P44_SP00124" HPOS="2177" VPOS="1616" WIDTH="30"/>
						<String ID="P44_ST00137" HPOS="2207" VPOS="1536" WIDTH="80" HEIGHT="54" CONTENT="de" WC="0.86" CC="02"/>
						<SP ID="P44_SP00125" HPOS="2287" VPOS="1616" WIDTH="25"/>
						<String ID="P44_ST00138" HPOS="2312" VPOS="1531" WIDTH="268" HEIGHT="58" CONTENT="Bièvres" WC="0.82" CC="0050302"/>
						<SP ID="P44_SP00126" HPOS="2580" VPOS="1616" WIDTH="30"/>
						<String ID="P44_ST00139" HPOS="2610" VPOS="1530" WIDTH="288" HEIGHT="57" CONTENT="n'abrite" WC="0.99" CC="00802460"/>
						<SP ID="P44_SP00127" HPOS="2898" VPOS="1616" WIDTH="27"/>
						<String ID="P44_ST00140" HPOS="2925" VPOS="1541" WIDTH="119" HEIGHT="58" CONTENT="pas" WC="0.96" CC="090"/>
						<SP ID="P44_SP00128" HPOS="3044" VPOS="1616" WIDTH="34"/>
						<String ID="P44_ST00141" HPOS="3078" VPOS="1526" WIDTH="78" HEIGHT="56" CONTENT="de" WC="0.96" CC="00"/>
						<SP ID="P44_SP00129" HPOS="3156" VPOS="1616" WIDTH="32"/>
						<String ID="P44_ST00142" HPOS="3188" VPOS="1524" WIDTH="186" HEIGHT="56" CONTENT="bêtes" WC="1.00" CC="03000"/>
						<SP ID="P44_SP00130" HPOS="3374" VPOS="1616" WIDTH="29"/>
						<String ID="P44_ST00143" HPOS="3403" VPOS="1524" WIDTH="240" HEIGHT="56" CONTENT="fauves" WC="0.98" CC="805034"/>
					</TextLine>
					<TextLine ID="P44_TL00014" HPOS="726" VPOS="1607" WIDTH="2922" HEIGHT="95">
						<String ID="P44_ST00144" HPOS="726" VPOS="1633" WIDTH="67" HEIGHT="52" CONTENT="et" WC="0.73" CC="05"/>
						<SP ID="P44_SP00131" HPOS="793" VPOS="1685" WIDTH="33"/>
						<String ID="P44_ST00145" HPOS="826" VPOS="1629" WIDTH="62" HEIGHT="72" CONTENT="je" WC="0.78" CC="40"/>
						<SP ID="P44_SP00132" HPOS="888" VPOS="1701" WIDTH="31"/>
						<String ID="P44_ST00146" HPOS="919" VPOS="1629" WIDTH="61" HEIGHT="56" CONTENT="le" WC="0.94" CC="01"/>
						<SP ID="P44_SP00133" HPOS="980" VPOS="1701" WIDTH="32"/>
						<String ID="P44_ST00147" HPOS="1012" VPOS="1631" WIDTH="315" HEIGHT="71" CONTENT="regrette," WC="0.99" CC="000604334"/>
						<SP ID="P44_SP00134" HPOS="1327" VPOS="1702" WIDTH="35"/>
						<String ID="P44_ST00148" HPOS="1362" VPOS="1641" WIDTH="134" HEIGHT="53" CONTENT="car," WC="0.99" CC="0040"/>
						<SP ID="P44_SP00135" HPOS="1496" VPOS="1702" WIDTH="36"/>
						<String ID="P44_ST00149" HPOS="1532" VPOS="1626" WIDTH="139" HEIGHT="56" CONTENT="cela" WC="0.99" CC="0040"/>
						<SP ID="P44_SP00136" HPOS="1671" VPOS="1702" WIDTH="32"/>
						<String ID="P44_ST00150" HPOS="1703" VPOS="1624" WIDTH="318" HEIGHT="56" CONTENT="m'aurait" WC="0.99" CC="00066005"/>
						<SP ID="P44_SP00137" HPOS="2021" VPOS="1702" WIDTH="34"/>
						<String ID="P44_ST00151" HPOS="2055" VPOS="1619" WIDTH="220" HEIGHT="60" CONTENT="donné" WC="0.97" CC="05765"/>
						<SP ID="P44_SP00138" HPOS="2275" VPOS="1702" WIDTH="29"/>
						<String ID="P44_ST00152" HPOS="2304" VPOS="1618" WIDTH="355" HEIGHT="59" CONTENT="l'occasion" WC="0.99" CC="3220200006"/>
						<SP ID="P44_SP00139" HPOS="2659" VPOS="1702" WIDTH="36"/>
						<String ID="P44_ST00153" HPOS="2695" VPOS="1618" WIDTH="78" HEIGHT="55" CONTENT="de" WC="1.00" CC="00"/>
						<SP ID="P44_SP00140" HPOS="2773" VPOS="1702" WIDTH="35"/>
						<String ID="P44_ST00154" HPOS="2808" VPOS="1629" WIDTH="165" HEIGHT="43" CONTENT="vous" WC="0.99" CC="0060"/>
						<SP ID="P44_SP00141" HPOS="2973" VPOS="1702" WIDTH="50"/>
						<String ID="P44_ST00155" HPOS="3023" VPOS="1614" WIDTH="300" HEIGHT="54" CONTENT="montrer" WC="0.98" CC="0576506"/>
						<SP ID="P44_SP00142" HPOS="3323" VPOS="1702" WIDTH="46"/>
						<String ID="P44_ST00156" HPOS="3369" VPOS="1607" WIDTH="279" HEIGHT="60" CONTENT="l'utilité" WC="0.99" CC="016053080"/>
					</TextLine>
					<TextLine ID="P44_TL00015" HPOS="727" VPOS="1694" WIDTH="2925" HEIGHT="90">
						<String ID="P44_ST00157" HPOS="727" VPOS="1714" WIDTH="80" HEIGHT="56" CONTENT="de" WC="1.00" CC="00"/>
						<SP ID="P44_SP00143" HPOS="807" VPOS="1770" WIDTH="35"/>
						<String ID="P44_ST00158" HPOS="842" VPOS="1712" WIDTH="67" HEIGHT="60" CONTENT="la" WC="0.50" CC="09"/>
						<SP ID="P44_SP00144" HPOS="909" VPOS="1772" WIDTH="35"/>
						<String ID="P44_ST00159" HPOS="944" VPOS="1711" WIDTH="230" HEIGHT="59" CONTENT="Poésie" WC="0.99" CC="410000"/>
						<SP ID="P44_SP00145" HPOS="1174" VPOS="1772" WIDTH="39"/>
						<String ID="P44_ST00160" HPOS="1213" VPOS="1714" WIDTH="68" HEIGHT="54" CONTENT="et" WC="0.68" CC="42"/>
						<SP ID="P44_SP00146" HPOS="1281" VPOS="1772" WIDTH="34"/>
						<String ID="P44_ST00161" HPOS="1315" VPOS="1712" WIDTH="64" HEIGHT="55" CONTENT="la" WC="0.82" CC="30"/>
						<SP ID="P44_SP00147" HPOS="1379" VPOS="1772" WIDTH="36"/>
						<String ID="P44_ST00162" HPOS="1415" VPOS="1712" WIDTH="352" HEIGHT="72" CONTENT="puissance" WC="0.99" CC="015009702"/>
						<SP ID="P44_SP00148" HPOS="1767" VPOS="1784" WIDTH="37"/>
						<String ID="P44_ST00163" HPOS="1804" VPOS="1709" WIDTH="80" HEIGHT="56" CONTENT="de" WC="0.56" CC="62"/>
						<SP ID="P44_SP00149" HPOS="1884" VPOS="1784" WIDTH="35"/>
						<String ID="P44_ST00164" HPOS="1919" VPOS="1724" WIDTH="119" HEIGHT="39" CONTENT="son" WC="0.97" CC="601"/>
						<SP ID="P44_SP00150" HPOS="2038" VPOS="1784" WIDTH="54"/>
						<String ID="P44_ST00165" HPOS="2092" VPOS="1707" WIDTH="268" HEIGHT="55" CONTENT="charme" WC="0.97" CC="076970"/>
						<SP ID="P44_SP00151" HPOS="2360" VPOS="1784" WIDTH="34"/>
						<String ID="P44_ST00166" HPOS="2394" VPOS="1704" WIDTH="330" HEIGHT="73" CONTENT="magique." WC="0.99" CC="03250533"/>
						<SP ID="P44_SP00152" HPOS="2724" VPOS="1784" WIDTH="56"/>
						<String ID="P44_ST00167" HPOS="2780" VPOS="1699" WIDTH="127" HEIGHT="71" CONTENT="(On" WC="0.97" CC="700"/>
						<SP ID="P44_SP00153" HPOS="2907" VPOS="1784" WIDTH="52"/>
						<String ID="P44_ST00168" HPOS="2959" VPOS="1697" WIDTH="205" HEIGHT="58" CONTENT="sourit" WC="0.98" CC="005037"/>
						<SP ID="P44_SP00154" HPOS="3164" VPOS="1784" WIDTH="49"/>
						<String ID="P44_ST00169" HPOS="3213" VPOS="1694" WIDTH="439" HEIGHT="57" CONTENT="discrètement" WC="0.99" CC="005047690666"/>
					</TextLine>
					<TextLine ID="P44_TL00016" HPOS="727" VPOS="1782" WIDTH="2921" HEIGHT="86">
						<String ID="P44_ST00170" HPOS="727" VPOS="1800" WIDTH="165" HEIGHT="56" CONTENT="dans" WC="1.00" CC="0000"/>
						<SP ID="P44_SP00155" HPOS="892" VPOS="1856" WIDTH="64"/>
						<String ID="P44_ST00171" HPOS="956" VPOS="1799" WIDTH="422" HEIGHT="66" CONTENT="l'assistance," WC="1.00" CC="0070000330400"/>
						<SP ID="P44_SP00156" HPOS="1378" VPOS="1865" WIDTH="64"/>
						<String ID="P44_ST00172" HPOS="1442" VPOS="1797" WIDTH="149" HEIGHT="71" CONTENT="plus" WC="0.98" CC="0063"/>
						<SP ID="P44_SP00157" HPOS="1591" VPOS="1868" WIDTH="63"/>
						<String ID="P44_ST00173" HPOS="1654" VPOS="1795" WIDTH="159" HEIGHT="58" CONTENT="d'un" WC="0.99" CC="1040"/>
						<SP ID="P44_SP00158" HPOS="1813" VPOS="1868" WIDTH="59"/>
						<String ID="P44_ST00174" HPOS="1872" VPOS="1794" WIDTH="354" HEIGHT="71" CONTENT="spectateur" WC="1.00" CC="0000404502"/>
						<SP ID="P44_SP00159" HPOS="2226" VPOS="1868" WIDTH="47"/>
						<String ID="P44_ST00175" HPOS="2273" VPOS="1806" WIDTH="192" HEIGHT="57" CONTENT="pense" WC="1.00" CC="02000"/>
						<SP ID="P44_SP00160" HPOS="2465" VPOS="1868" WIDTH="37"/>
						<String ID="P44_ST00176" HPOS="2502" VPOS="1789" WIDTH="108" HEIGHT="55" CONTENT=":si" WC="0.89" CC="903"/>
						<SP ID="P44_SP00161" HPOS="2610" VPOS="1868" WIDTH="53"/>
						<String ID="P44_ST00177" HPOS="2663" VPOS="1804" WIDTH="88" HEIGHT="39" CONTENT="un" WC="1.00" CC="00"/>
						<SP ID="P44_SP00162" HPOS="2751" VPOS="1868" WIDTH="52"/>
						<String ID="P44_ST00178" HPOS="2803" VPOS="1787" WIDTH="131" HEIGHT="54" CONTENT="lion" WC="0.97" CC="4009"/>
						<SP ID="P44_SP00163" HPOS="2934" VPOS="1868" WIDTH="49"/>
						<String ID="P44_ST00179" HPOS="2983" VPOS="1782" WIDTH="349" HEIGHT="73" CONTENT="surgissait" WC="0.99" CC="0993008004"/>
						<SP ID="P44_SP00164" HPOS="3332" VPOS="1868" WIDTH="62"/>
						<String ID="P44_ST00180" HPOS="3394" VPOS="1797" WIDTH="82" HEIGHT="41" CONTENT="ou" WC="0.59" CC="07"/>
						<SP ID="P44_SP00165" HPOS="3476" VPOS="1868" WIDTH="81"/>
						<String ID="P44_ST00181" HPOS="3557" VPOS="1797" WIDTH="91" HEIGHT="41" CONTENT="un" WC="1.00" CC="00"/>
					</TextLine>
					<TextLine ID="P44_TL00017" HPOS="729" VPOS="1866" WIDTH="2919" HEIGHT="90">
						<String ID="P44_ST00182" HPOS="729" VPOS="1885" WIDTH="229" HEIGHT="71" CONTENT="tigre..." WC="0.98" CC="70527501"/>
						<SP ID="P44_SP00166" HPOS="958" VPOS="1956" WIDTH="35"/>
						<String ID="P44_ST00183" HPOS="993" VPOS="1882" WIDTH="349" HEIGHT="73" CONTENT="quelqu'un" WC="0.99" CC="094008076"/>
						<SP ID="P44_SP00167" HPOS="1342" VPOS="1956" WIDTH="36"/>
						<String ID="P44_ST00184" HPOS="1378" VPOS="1880" WIDTH="294" HEIGHT="56" CONTENT="voudrait" WC="0.99" CC="02803016"/>
						<SP ID="P44_SP00168" HPOS="1672" VPOS="1956" WIDTH="32"/>
						<String ID="P44_ST00185" HPOS="1704" VPOS="1878" WIDTH="266" HEIGHT="73" CONTENT="souffler" WC="0.99" CC="32713070"/>
						<SP ID="P44_SP00169" HPOS="1970" VPOS="1956" WIDTH="31"/>
						<String ID="P44_ST00186" HPOS="2001" VPOS="1877" WIDTH="161" HEIGHT="56" CONTENT="dans" WC="0.98" CC="0090"/>
						<SP ID="P44_SP00170" HPOS="2162" VPOS="1956" WIDTH="39"/>
						<String ID="P44_ST00187" HPOS="2201" VPOS="1892" WIDTH="88" HEIGHT="39" CONTENT="un" WC="0.17" CC="79"/>
						<SP ID="P44_SP00171" HPOS="2289" VPOS="1956" WIDTH="35"/>
						<String ID="P44_ST00188" HPOS="2324" VPOS="1890" WIDTH="168" HEIGHT="41" CONTENT="verre" WC="0.98" CC="04441"/>
						<SP ID="P44_SP00172" HPOS="2492" VPOS="1956" WIDTH="32"/>
						<String ID="P44_ST00189" HPOS="2524" VPOS="1872" WIDTH="71" HEIGHT="57" CONTENT="de" WC="0.94" CC="01"/>
						<SP ID="P44_SP00173" HPOS="2595" VPOS="1956" WIDTH="37"/>
						<String ID="P44_ST00190" HPOS="2632" VPOS="1872" WIDTH="229" HEIGHT="72" CONTENT="lampe," WC="1.00" CC="040000"/>
						<SP ID="P44_SP00174" HPOS="2861" VPOS="1956" WIDTH="34"/>
						<String ID="P44_ST00191" HPOS="2895" VPOS="1885" WIDTH="164" HEIGHT="58" CONTENT="pour" WC="0.96" CC="0574"/>
						<SP ID="P44_SP00175" HPOS="3059" VPOS="1956" WIDTH="49"/>
						<String ID="P44_ST00192" HPOS="3108" VPOS="1866" WIDTH="274" HEIGHT="73" CONTENT="effrayer" WC="0.99" CC="40250550"/>
						<SP ID="P44_SP00176" HPOS="3382" VPOS="1956" WIDTH="36"/>
						<String ID="P44_ST00193" HPOS="3418" VPOS="1866" WIDTH="51" HEIGHT="56" CONTENT="le" WC="0.50" CC="36"/>
						<SP ID="P44_SP00177" HPOS="3469" VPOS="1956" WIDTH="34"/>
						<String ID="P44_ST00194" HPOS="3503" VPOS="1882" WIDTH="109" HEIGHT="40" CONTENT="con" SUBS_TYPE="HypPart1" SUBS_CONTENT="conférencier)." WC="0.98" CC="006"/>
						<HYP HPOS="3612" VPOS="1882" WIDTH="36" CONTENT="-"/>
					</TextLine>
					<TextLine ID="P44_TL00018" HPOS="720" VPOS="1968" WIDTH="354" HEIGHT="71">
						<String ID="P44_ST00195" HPOS="720" VPOS="1968" WIDTH="354" HEIGHT="71" CONTENT="férencier)." SUBS_TYPE="HypPart2" SUBS_CONTENT="conférencier)." WC="0.99" CC="05000005473"/>
					</TextLine>
					<TextLine ID="P44_TL00019" HPOS="903" VPOS="2046" WIDTH="2744" HEIGHT="91">
						<String ID="P44_ST00196" HPOS="903" VPOS="2063" WIDTH="346" HEIGHT="74" CONTENT="Amphion" WC="0.67" CC="0007446"/>
						<SP ID="P44_SP00178" HPOS="1249" VPOS="2137" WIDTH="46"/>
						<String ID="P44_ST00197" HPOS="1295" VPOS="2061" WIDTH="315" HEIGHT="58" CONTENT="bâtissait" WC="0.98" CC="737606062"/>
						<SP ID="P44_SP00179" HPOS="1610" VPOS="2137" WIDTH="42"/>
						<String ID="P44_ST00198" HPOS="1652" VPOS="2076" WIDTH="130" HEIGHT="39" CONTENT="une" WC="0.94" CC="652"/>
						<SP ID="P44_SP00180" HPOS="1782" VPOS="2137" WIDTH="44"/>
						<String ID="P44_ST00199" HPOS="1826" VPOS="2058" WIDTH="154" HEIGHT="59" CONTENT="ville" WC="0.97" CC="03683"/>
						<SP ID="P44_SP00181" HPOS="1980" VPOS="2137" WIDTH="48"/>
						<String ID="P44_ST00200" HPOS="2028" VPOS="2073" WIDTH="79" HEIGHT="41" CONTENT="en" WC="0.78" CC="04"/>
						<SP ID="P44_SP00182" HPOS="2107" VPOS="2137" WIDTH="46"/>
						<String ID="P44_ST00201" HPOS="2153" VPOS="2056" WIDTH="349" HEIGHT="58" CONTENT="chantant." WC="0.99" CC="040820430"/>
						<SP ID="P44_SP00183" HPOS="2502" VPOS="2137" WIDTH="47"/>
						<String ID="P44_ST00202" HPOS="2549" VPOS="2051" WIDTH="447" HEIGHT="73" CONTENT="Aujourd'hui" WC="0.99" CC="07423570364"/>
						<SP ID="P44_SP00184" HPOS="2996" VPOS="2137" WIDTH="48"/>
						<String ID="P44_ST00203" HPOS="3044" VPOS="2065" WIDTH="127" HEIGHT="55" CONTENT="que" WC="0.97" CC="062"/>
						<SP ID="P44_SP00185" HPOS="3171" VPOS="2137" WIDTH="44"/>
						<String ID="P44_ST00204" HPOS="3215" VPOS="2048" WIDTH="91" HEIGHT="57" CONTENT="les" WC="0.98" CC="600"/>
						<SP ID="P44_SP00186" HPOS="3306" VPOS="2137" WIDTH="46"/>
						<String ID="P44_ST00205" HPOS="3352" VPOS="2046" WIDTH="295" HEIGHT="59" CONTENT="maisons" WC="0.99" CC="0060080"/>
					</TextLine>
					<TextLine ID="P44_TL00020" HPOS="731" VPOS="2134" WIDTH="2916" HEIGHT="86">
						<String ID="P44_ST00206" HPOS="731" VPOS="2151" WIDTH="404" HEIGHT="69" CONTENT="manquent," WC="0.98" CC="986060253"/>
						<SP ID="P44_SP00187" HPOS="1135" VPOS="2220" WIDTH="34"/>
						<String ID="P44_ST00207" HPOS="1169" VPOS="2165" WIDTH="127" HEIGHT="54" CONTENT="que" WC="0.97" CC="042"/>
						<SP ID="P44_SP00188" HPOS="1296" VPOS="2220" WIDTH="29"/>
						<String ID="P44_ST00208" HPOS="1325" VPOS="2148" WIDTH="92" HEIGHT="54" CONTENT="les" WC="0.98" CC="112"/>
						<SP ID="P44_SP00189" HPOS="1417" VPOS="2220" WIDTH="32"/>
						<String ID="P44_ST00209" HPOS="1449" VPOS="2148" WIDTH="506" HEIGHT="69" CONTENT="appartements" WC="0.99" CC="000476391675"/>
						<SP ID="P44_SP00190" HPOS="1955" VPOS="2220" WIDTH="30"/>
						<String ID="P44_ST00210" HPOS="1985" VPOS="2144" WIDTH="153" HEIGHT="54" CONTENT="sont" WC="0.96" CC="0564"/>
						<SP ID="P44_SP00191" HPOS="2138" VPOS="2220" WIDTH="18"/>
						<String ID="P44_ST00211" HPOS="2156" VPOS="2146" WIDTH="153" HEIGHT="51" CONTENT="tous" WC="0.95" CC="7475"/>
						<SP ID="P44_SP00192" HPOS="2309" VPOS="2220" WIDTH="25"/>
						<String ID="P44_ST00212" HPOS="2334" VPOS="2136" WIDTH="278" HEIGHT="74" CONTENT="occupés" WC="0.99" CC="3048020"/>
						<SP ID="P44_SP00193" HPOS="2612" VPOS="2220" WIDTH="24"/>
						<String ID="P44_ST00213" HPOS="2636" VPOS="2141" WIDTH="66" HEIGHT="52" CONTENT="et" WC="1.00" CC="00"/>
						<SP ID="P44_SP00194" HPOS="2702" VPOS="2220" WIDTH="32"/>
						<String ID="P44_ST00214" HPOS="2734" VPOS="2136" WIDTH="159" HEIGHT="73" CONTENT="qu'il" WC="0.99" CC="04003"/>
						<SP ID="P44_SP00195" HPOS="2893" VPOS="2220" WIDTH="29"/>
						<String ID="P44_ST00215" HPOS="2922" VPOS="2151" WIDTH="81" HEIGHT="41" CONTENT="ne" WC="0.81" CC="30"/>
						<SP ID="P44_SP00196" HPOS="3003" VPOS="2220" WIDTH="31"/>
						<String ID="P44_ST00216" HPOS="3034" VPOS="2137" WIDTH="171" HEIGHT="53" CONTENT="reste" WC="0.99" CC="52000"/>
						<SP ID="P44_SP00197" HPOS="3205" VPOS="2220" WIDTH="34"/>
						<String ID="P44_ST00217" HPOS="3239" VPOS="2134" WIDTH="35" HEIGHT="54" CONTENT="à" WC="0.64" CC="3"/>
						<SP ID="P44_SP00198" HPOS="3274" VPOS="2220" WIDTH="27"/>
						<String ID="P44_ST00218" HPOS="3301" VPOS="2134" WIDTH="186" HEIGHT="56" CONTENT="louer" WC="0.97" CC="23537"/>
						<SP ID="P44_SP00199" HPOS="3487" VPOS="2220" WIDTH="31"/>
						<String ID="P44_ST00219" HPOS="3518" VPOS="2149" WIDTH="129" HEIGHT="56" CONTENT="que" WC="0.96" CC="062"/>
					</TextLine>
					<TextLine ID="P44_TL00021" HPOS="731" VPOS="2220" WIDTH="2914" HEIGHT="87">
						<String ID="P44_ST00220" HPOS="731" VPOS="2234" WIDTH="59" HEIGHT="58" CONTENT="le" WC="0.71" CC="13"/>
						<SP ID="P44_SP00200" HPOS="790" VPOS="2292" WIDTH="41"/>
						<String ID="P44_ST00221" HPOS="831" VPOS="2236" WIDTH="338" HEIGHT="71" CONTENT="Seigneur," WC="0.99" CC="001930740"/>
						<SP ID="P44_SP00201" HPOS="1169" VPOS="2307" WIDTH="39"/>
						<String ID="P44_ST00222" HPOS="1208" VPOS="2231" WIDTH="435" HEIGHT="72" CONTENT="aujourd'hui" WC="0.99" CC="96400684760"/>
						<SP ID="P44_SP00202" HPOS="1643" VPOS="2307" WIDTH="38"/>
						<String ID="P44_ST00223" HPOS="1681" VPOS="2246" WIDTH="71" HEIGHT="40" CONTENT="ce" WC="0.86" CC="02"/>
						<SP ID="P44_SP00203" HPOS="1752" VPOS="2307" WIDTH="35"/>
						<String ID="P44_ST00224" HPOS="1787" VPOS="2246" WIDTH="241" HEIGHT="54" CONTENT="moyen" WC="0.98" CC="03307"/>
						<SP ID="P44_SP00204" HPOS="2028" VPOS="2307" WIDTH="37"/>
						<String ID="P44_ST00225" HPOS="2065" VPOS="2227" WIDTH="202" HEIGHT="56" CONTENT="serait" WC="0.99" CC="007004"/>
						<SP ID="P44_SP00205" HPOS="2267" VPOS="2307" WIDTH="37"/>
						<String ID="P44_ST00226" HPOS="2304" VPOS="2224" WIDTH="322" HEIGHT="57" CONTENT="excellent" WC="0.98" CC="402276087"/>
						<SP ID="P44_SP00206" HPOS="2626" VPOS="2307" WIDTH="35"/>
						<String ID="P44_ST00227" HPOS="2661" VPOS="2239" WIDTH="169" HEIGHT="56" CONTENT="pour" WC="0.99" CC="0500"/>
						<SP ID="P44_SP00207" HPOS="2830" VPOS="2307" WIDTH="34"/>
						<String ID="P44_ST00228" HPOS="2864" VPOS="2220" WIDTH="331" HEIGHT="60" CONTENT="satisfaire" WC="0.99" CC="0074280003"/>
						<SP ID="P44_SP00208" HPOS="3195" VPOS="2307" WIDTH="33"/>
						<String ID="P44_ST00229" HPOS="3228" VPOS="2220" WIDTH="92" HEIGHT="56" CONTENT="les" WC="0.97" CC="242"/>
						<SP ID="P44_SP00209" HPOS="3320" VPOS="2307" WIDTH="37"/>
						<String ID="P44_ST00230" HPOS="3357" VPOS="2236" WIDTH="288" HEIGHT="56" CONTENT="pauvres" WC="0.99" CC="0051504"/>
					</TextLine>
					<TextLine ID="P44_TL00022" HPOS="737" VPOS="2302" WIDTH="2908" HEIGHT="91">
						<String ID="P44_ST00231" HPOS="737" VPOS="2332" WIDTH="156" HEIGHT="61" CONTENT="gens" WC="0.96" CC="9044"/>
						<SP ID="P44_SP00210" HPOS="893" VPOS="2393" WIDTH="29"/>
						<String ID="P44_ST00232" HPOS="922" VPOS="2334" WIDTH="152" HEIGHT="40" CONTENT="sans" WC="0.99" CC="1002"/>
						<SP ID="P44_SP00211" HPOS="1074" VPOS="2393" WIDTH="31"/>
						<String ID="P44_ST00233" HPOS="1105" VPOS="2317" WIDTH="308" HEIGHT="56" CONTENT="domicile" WC="0.99" CC="00010465"/>
						<SP ID="P44_SP00212" HPOS="1413" VPOS="2393" WIDTH="29"/>
						<String ID="P44_ST00234" HPOS="1442" VPOS="2320" WIDTH="68" HEIGHT="53" CONTENT="et" WC="0.52" CC="17"/>
						<SP ID="P44_SP00213" HPOS="1510" VPOS="2393" WIDTH="25"/>
						<String ID="P44_ST00235" HPOS="1535" VPOS="2315" WIDTH="63" HEIGHT="71" CONTENT="je" WC="0.44" CC="46"/>
						<SP ID="P44_SP00214" HPOS="1598" VPOS="2393" WIDTH="27"/>
						<String ID="P44_ST00236" HPOS="1625" VPOS="2312" WIDTH="338" HEIGHT="59" CONTENT="m'étonne" WC="0.99" CC="00805706"/>
						<SP ID="P44_SP00215" HPOS="1963" VPOS="2393" WIDTH="31"/>
						<String ID="P44_ST00237" HPOS="1994" VPOS="2327" WIDTH="124" HEIGHT="56" CONTENT="que" WC="0.99" CC="003"/>
						<SP ID="P44_SP00216" HPOS="2118" VPOS="2393" WIDTH="25"/>
						<String ID="P44_ST00238" HPOS="2143" VPOS="2310" WIDTH="218" HEIGHT="56" CONTENT="l'Etat" WC="0.99" CC="010325"/>
						<SP ID="P44_SP00217" HPOS="2361" VPOS="2393" WIDTH="26"/>
						<String ID="P44_ST00239" HPOS="2387" VPOS="2308" WIDTH="352" HEIGHT="72" CONTENT="n'emploie" WC="1.00" CC="000090000"/>
						<SP ID="P44_SP00218" HPOS="2739" VPOS="2393" WIDTH="27"/>
						<String ID="P44_ST00240" HPOS="2766" VPOS="2322" WIDTH="117" HEIGHT="56" CONTENT="pas" WC="0.94" CC="907"/>
						<SP ID="P44_SP00219" HPOS="2883" VPOS="2393" WIDTH="32"/>
						<String ID="P44_ST00241" HPOS="2915" VPOS="2307" WIDTH="36" HEIGHT="56" CONTENT="à" WC="0.72" CC="2"/>
						<SP ID="P44_SP00220" HPOS="2951" VPOS="2393" WIDTH="27"/>
						<String ID="P44_ST00242" HPOS="2978" VPOS="2308" WIDTH="103" HEIGHT="53" CONTENT="cet" WC="0.93" CC="646"/>
						<SP ID="P44_SP00221" HPOS="3081" VPOS="2393" WIDTH="27"/>
						<String ID="P44_ST00243" HPOS="3108" VPOS="2305" WIDTH="163" HEIGHT="56" CONTENT="effet" WC="0.97" CC="08703"/>
						<SP ID="P44_SP00222" HPOS="3271" VPOS="2393" WIDTH="23"/>
						<String ID="P44_ST00244" HPOS="3294" VPOS="2303" WIDTH="94" HEIGHT="58" CONTENT="les" WC="0.98" CC="130"/>
						<SP ID="P44_SP00223" HPOS="3388" VPOS="2393" WIDTH="27"/>
						<String ID="P44_ST00245" HPOS="3415" VPOS="2302" WIDTH="230" HEIGHT="74" CONTENT="poètes" WC="0.98" CC="006633"/>
					</TextLine>
					<TextLine ID="P44_TL00023" HPOS="736" VPOS="2390" WIDTH="2909" HEIGHT="84">
						<String ID="P44_ST00246" HPOS="736" VPOS="2402" WIDTH="493" HEIGHT="72" CONTENT="académiques," WC="1.00" CC="020000006000"/>
						<SP ID="P44_SP00224" HPOS="1229" VPOS="2474" WIDTH="45"/>
						<String ID="P44_ST00247" HPOS="1274" VPOS="2417" WIDTH="85" HEIGHT="40" CONTENT="ou" WC="0.66" CC="06"/>
						<SP ID="P44_SP00225" HPOS="1359" VPOS="2474" WIDTH="41"/>
						<String ID="P44_ST00248" HPOS="1400" VPOS="2400" WIDTH="93" HEIGHT="57" CONTENT="les" WC="0.97" CC="330"/>
						<SP ID="P44_SP00226" HPOS="1493" VPOS="2474" WIDTH="45"/>
						<String ID="P44_ST00249" HPOS="1538" VPOS="2403" WIDTH="244" HEIGHT="53" CONTENT="autres." WC="0.98" CC="0586030"/>
						<SP ID="P44_SP00227" HPOS="1782" VPOS="2474" WIDTH="48"/>
						<String ID="P44_ST00250" HPOS="1830" VPOS="2398" WIDTH="95" HEIGHT="56" CONTENT="La" WC="0.51" CC="18"/>
						<SP ID="P44_SP00228" HPOS="1925" VPOS="2474" WIDTH="40"/>
						<String ID="P44_ST00251" HPOS="1965" VPOS="2398" WIDTH="163" HEIGHT="56" CONTENT="voix" WC="1.00" CC="0000"/>
						<SP ID="P44_SP00229" HPOS="2128" VPOS="2474" WIDTH="40"/>
						<String ID="P44_ST00252" HPOS="2168" VPOS="2397" WIDTH="80" HEIGHT="55" CONTENT="de" WC="0.81" CC="03"/>
						<SP ID="P44_SP00230" HPOS="2248" VPOS="2474" WIDTH="42"/>
						<String ID="P44_ST00253" HPOS="2290" VPOS="2391" WIDTH="342" HEIGHT="60" CONTENT="Théodore" WC="0.99" CC="27000073"/>
						<SP ID="P44_SP00231" HPOS="2632" VPOS="2474" WIDTH="41"/>
						<String ID="P44_ST00254" HPOS="2673" VPOS="2391" WIDTH="244" HEIGHT="56" CONTENT="Botrel-" WC="0.61" CC="2326038"/>
						<SP ID="P44_SP00232" HPOS="2917" VPOS="2474" WIDTH="25"/>
						<String ID="P44_ST00255" HPOS="2942" VPOS="2405" WIDTH="85" HEIGHT="42" CONTENT="ou" WC="0.72" CC="05"/>
						<SP ID="P44_SP00233" HPOS="3027" VPOS="2474" WIDTH="44"/>
						<String ID="P44_ST00256" HPOS="3071" VPOS="2390" WIDTH="157" HEIGHT="56" CONTENT="celle" WC="0.99" CC="00403"/>
						<SP ID="P44_SP00234" HPOS="3228" VPOS="2474" WIDTH="44"/>
						<String ID="P44_ST00257" HPOS="3272" VPOS="2390" WIDTH="80" HEIGHT="56" CONTENT="de" WC="0.74" CC="05"/>
						<SP ID="P44_SP00235" HPOS="3352" VPOS="2474" WIDTH="44"/>
						<String ID="P44_ST00258" HPOS="3396" VPOS="2390" WIDTH="249" HEIGHT="56" CONTENT="Lucien" WC="0.98" CC="060606"/>
					</TextLine>
					<TextLine ID="P44_TL00024" HPOS="732" VPOS="2473" WIDTH="2918" HEIGHT="86">
						<String ID="P44_ST00259" HPOS="732" VPOS="2488" WIDTH="222" HEIGHT="71" CONTENT="Boyer" WC="0.62" CC="52406"/>
						<SP ID="P44_SP00236" HPOS="954" VPOS="2559" WIDTH="34"/>
						<String ID="P44_ST00260" HPOS="988" VPOS="2488" WIDTH="202" HEIGHT="56" CONTENT="ferait" WC="0.98" CC="606006"/>
						<SP ID="P44_SP00237" HPOS="1190" VPOS="2559" WIDTH="37"/>
						<String ID="P44_ST00261" HPOS="1227" VPOS="2486" WIDTH="200" HEIGHT="58" CONTENT="sortir" WC="0.99" CC="006006"/>
						<SP ID="P44_SP00238" HPOS="1427" VPOS="2559" WIDTH="39"/>
						<String ID="P44_ST00262" HPOS="1466" VPOS="2486" WIDTH="79" HEIGHT="56" CONTENT="de" WC="1.00" CC="00"/>
						<SP ID="P44_SP00239" HPOS="1545" VPOS="2559" WIDTH="34"/>
						<String ID="P44_ST00263" HPOS="1579" VPOS="2486" WIDTH="176" HEIGHT="54" CONTENT="terre" WC="0.99" CC="00620"/>
						<SP ID="P44_SP00240" HPOS="1755" VPOS="2559" WIDTH="39"/>
						<String ID="P44_ST00264" HPOS="1794" VPOS="2483" WIDTH="78" HEIGHT="56" CONTENT="de" WC="1.00" CC="00"/>
						<SP ID="P44_SP00241" HPOS="1872" VPOS="2559" WIDTH="37"/>
						<String ID="P44_ST00265" HPOS="1909" VPOS="2479" WIDTH="444" HEIGHT="75" CONTENT="magnifiques" WC="0.99" CC="00026604523"/>
						<SP ID="P44_SP00242" HPOS="2353" VPOS="2559" WIDTH="56"/>
						<String ID="P44_ST00266" HPOS="2409" VPOS="2493" WIDTH="298" HEIGHT="42" CONTENT="casernes" WC="0.99" CC="01206522"/>
						<SP ID="P44_SP00243" HPOS="2707" VPOS="2559" WIDTH="37"/>
						<String ID="P44_ST00267" HPOS="2744" VPOS="2493" WIDTH="80" HEIGHT="41" CONTENT="en" WC="0.69" CC="06"/>
						<SP ID="P44_SP00244" HPOS="2824" VPOS="2559" WIDTH="40"/>
						<String ID="P44_ST00268" HPOS="2864" VPOS="2476" WIDTH="248" HEIGHT="58" CONTENT="ciment" WC="0.98" CC="044330"/>
						<SP ID="P44_SP00245" HPOS="3112" VPOS="2559" WIDTH="37"/>
						<String ID="P44_ST00269" HPOS="3149" VPOS="2473" WIDTH="203" HEIGHT="71" CONTENT="armé," WC="0.99" CC="02001"/>
						<SP ID="P44_SP00246" HPOS="3352" VPOS="2559" WIDTH="41"/>
						<String ID="P44_ST00270" HPOS="3393" VPOS="2473" WIDTH="257" HEIGHT="73" CONTENT="qualité" WC="0.98" CC="0294430"/>
					</TextLine>
					<TextLine ID="P44_TL00025" HPOS="734" VPOS="2559" WIDTH="2914" HEIGHT="88">
						<String ID="P44_ST00271" HPOS="734" VPOS="2573" WIDTH="498" HEIGHT="74" CONTENT="indispensable" WC="1.00" CC="2000001530042"/>
						<SP ID="P44_SP00247" HPOS="1232" VPOS="2647" WIDTH="58"/>
						<String ID="P44_ST00272" HPOS="1290" VPOS="2573" WIDTH="37" HEIGHT="54" CONTENT="à" WC="0.34" CC="6"/>
						<SP ID="P44_SP00248" HPOS="1327" VPOS="2647" WIDTH="56"/>
						<String ID="P44_ST00273" HPOS="1383" VPOS="2573" WIDTH="111" HEIGHT="55" CONTENT="des" WC="0.99" CC="003"/>
						<SP ID="P44_SP00249" HPOS="1494" VPOS="2647" WIDTH="60"/>
						<String ID="P44_ST00274" HPOS="1554" VPOS="2568" WIDTH="530" HEIGHT="59" CONTENT="établissements" WC="0.99" CC="55072400000473"/>
						<SP ID="P44_SP00250" HPOS="2084" VPOS="2647" WIDTH="56"/>
						<String ID="P44_ST00275" HPOS="2140" VPOS="2566" WIDTH="343" HEIGHT="56" CONTENT="militaires" WC="1.00" CC="0002300503"/>
						<SP ID="P44_SP00251" HPOS="2483" VPOS="2647" WIDTH="34"/>
						<String ID="P44_ST00276" HPOS="2517" VPOS="2581" WIDTH="14" HEIGHT="51" CONTENT=";" WC="0.84" CC="1"/>
						<SP ID="P44_SP00252" HPOS="2531" VPOS="2647" WIDTH="56"/>
						<String ID="P44_ST00277" HPOS="2587" VPOS="2564" WIDTH="299" HEIGHT="71" CONTENT="Auguste" WC="0.99" CC="0624050"/>
						<SP ID="P44_SP00253" HPOS="2886" VPOS="2647" WIDTH="73"/>
						<String ID="P44_ST00278" HPOS="2959" VPOS="2561" WIDTH="337" HEIGHT="57" CONTENT="Dorchain" WC="0.67" CC="11407064"/>
						<SP ID="P44_SP00254" HPOS="3296" VPOS="2647" WIDTH="73"/>
						<String ID="P44_ST00279" HPOS="3369" VPOS="2559" WIDTH="279" HEIGHT="58" CONTENT="bâtirait" WC="0.99" CC="62506000"/>
					</TextLine>
					<TextLine ID="P44_TL00026" HPOS="739" VPOS="2645" WIDTH="2909" HEIGHT="70">
						<String ID="P44_ST00280" HPOS="739" VPOS="2657" WIDTH="37" HEIGHT="58" CONTENT="à" WC="0.29" CC="7"/>
						<SP ID="P44_SP00255" HPOS="776" VPOS="2715" WIDTH="41"/>
						<String ID="P44_ST00281" HPOS="817" VPOS="2659" WIDTH="163" HEIGHT="56" CONTENT="voix" WC="0.97" CC="9100"/>
						<SP ID="P44_SP00256" HPOS="980" VPOS="2715" WIDTH="39"/>
						<String ID="P44_ST00282" HPOS="1019" VPOS="2657" WIDTH="191" HEIGHT="56" CONTENT="basse" WC="0.98" CC="70007"/>
						<SP ID="P44_SP00257" HPOS="1210" VPOS="2715" WIDTH="46"/>
						<String ID="P44_ST00283" HPOS="1256" VPOS="2656" WIDTH="111" HEIGHT="55" CONTENT="des" WC="0.99" CC="001"/>
						<SP ID="P44_SP00258" HPOS="1367" VPOS="2715" WIDTH="43"/>
						<String ID="P44_ST00284" HPOS="1410" VPOS="2654" WIDTH="191" HEIGHT="57" CONTENT="asiles" WC="0.99" CC="305301"/>
						<SP ID="P44_SP00259" HPOS="1601" VPOS="2715" WIDTH="44"/>
						<String ID="P44_ST00285" HPOS="1645" VPOS="2654" WIDTH="80" HEIGHT="56" CONTENT="de" WC="1.00" CC="00"/>
						<SP ID="P44_SP00260" HPOS="1725" VPOS="2715" WIDTH="39"/>
						<String ID="P44_ST00286" HPOS="1764" VPOS="2652" WIDTH="150" HEIGHT="58" CONTENT="nuit" WC="0.97" CC="3632"/>
						<SP ID="P44_SP00261" HPOS="1914" VPOS="2715" WIDTH="41"/>
						<String ID="P44_ST00287" HPOS="1955" VPOS="2651" WIDTH="86" HEIGHT="57" CONTENT="où" WC="0.75" CC="50"/>
						<SP ID="P44_SP00262" HPOS="2041" VPOS="2715" WIDTH="36"/>
						<String ID="P44_ST00288" HPOS="2077" VPOS="2651" WIDTH="137" HEIGHT="57" CONTENT="l'on" WC="0.98" CC="1403"/>
						<SP ID="P44_SP00263" HPOS="2214" VPOS="2715" WIDTH="44"/>
						<String ID="P44_ST00289" HPOS="2258" VPOS="2649" WIDTH="347" HEIGHT="57" CONTENT="dormirait" WC="0.99" CC="046044046"/>
						<SP ID="P44_SP00264" HPOS="2605" VPOS="2715" WIDTH="43"/>
						<String ID="P44_ST00290" HPOS="2648" VPOS="2647" WIDTH="159" HEIGHT="56" CONTENT="d'un" WC="0.98" CC="0350"/>
						<SP ID="P44_SP00265" HPOS="2807" VPOS="2715" WIDTH="40"/>
						<String ID="P44_ST00291" HPOS="2847" VPOS="2645" WIDTH="302" HEIGHT="58" CONTENT="sommeil" WC="0.99" CC="1350003"/>
						<SP ID="P44_SP00266" HPOS="3149" VPOS="2715" WIDTH="40"/>
						<String ID="P44_ST00292" HPOS="3189" VPOS="2661" WIDTH="153" HEIGHT="42" CONTENT="sans" WC="1.00" CC="0000"/>
						<SP ID="P44_SP00267" HPOS="3342" VPOS="2715" WIDTH="40"/>
						<String ID="P44_ST00293" HPOS="3382" VPOS="2645" WIDTH="156" HEIGHT="56" CONTENT="rêve" WC="0.98" CC="6100"/>
						<SP ID="P44_SP00268" HPOS="3538" VPOS="2715" WIDTH="41"/>
						<String ID="P44_ST00294" HPOS="3579" VPOS="2647" WIDTH="69" HEIGHT="56" CONTENT="et" WC="1.00" CC="00"/>
					</TextLine>
					<TextLine ID="P44_TL00027" HPOS="739" VPOS="2730" WIDTH="2904" HEIGHT="83">
						<String ID="P44_ST00295" HPOS="739" VPOS="2742" WIDTH="171" HEIGHT="59" CONTENT="Jean" WC="0.99" CC="0101"/>
						<SP ID="P44_SP00269" HPOS="910" VPOS="2801" WIDTH="43"/>
						<String ID="P44_ST00296" HPOS="953" VPOS="2740" WIDTH="330" HEIGHT="73" CONTENT="Bichepin" WC="0.78" CC="72060000"/>
						<SP ID="P44_SP00270" HPOS="1283" VPOS="2813" WIDTH="42"/>
						<String ID="P44_ST00297" HPOS="1325" VPOS="2740" WIDTH="400" HEIGHT="73" CONTENT="soupirerait" WC="0.99" CC="03600417047"/>
						<SP ID="P44_SP00271" HPOS="1725" VPOS="2813" WIDTH="42"/>
						<String ID="P44_ST00298" HPOS="1767" VPOS="2739" WIDTH="80" HEIGHT="55" CONTENT="de" WC="0.94" CC="01"/>
						<SP ID="P44_SP00272" HPOS="1847" VPOS="2813" WIDTH="44"/>
						<String ID="P44_ST00299" HPOS="1891" VPOS="2737" WIDTH="150" HEIGHT="56" CONTENT="bien" WC="1.00" CC="0001"/>
						<SP ID="P44_SP00273" HPOS="2041" VPOS="2813" WIDTH="43"/>
						<String ID="P44_ST00300" HPOS="2084" VPOS="2737" WIDTH="186" HEIGHT="71" CONTENT="jolies" WC="0.98" CC="467031"/>
						<SP ID="P44_SP00274" HPOS="2270" VPOS="2813" WIDTH="44"/>
						<String ID="P44_ST00301" HPOS="2314" VPOS="2733" WIDTH="535" HEIGHT="73" CONTENT="vespasiennes..." WC="1.00" CC="000004006500000"/>
						<SP ID="P44_SP00275" HPOS="2849" VPOS="2813" WIDTH="49"/>
						<String ID="P44_ST00302" HPOS="2898" VPOS="2732" WIDTH="83" HEIGHT="57" CONTENT="Ce" WC="0.81" CC="30"/>
						<SP ID="P44_SP00276" HPOS="2981" VPOS="2813" WIDTH="42"/>
						<String ID="P44_ST00303" HPOS="3023" VPOS="2730" WIDTH="202" HEIGHT="58" CONTENT="serait" WC="0.99" CC="058000"/>
						<SP ID="P44_SP00277" HPOS="3225" VPOS="2813" WIDTH="39"/>
						<String ID="P44_ST00304" HPOS="3264" VPOS="2730" WIDTH="379" HEIGHT="58" CONTENT="charmant." WC="0.99" CC="760500252"/>
					</TextLine>
					<TextLine ID="P44_TL00028" HPOS="910" VPOS="2825" WIDTH="2740" HEIGHT="85">
						<String ID="P44_ST00305" HPOS="910" VPOS="2837" WIDTH="122" HEIGHT="57" CONTENT="Les" WC="1.00" CC="000"/>
						<SP ID="P44_SP00278" HPOS="1032" VPOS="2894" WIDTH="44"/>
						<String ID="P44_ST00306" HPOS="1076" VPOS="2833" WIDTH="230" HEIGHT="77" CONTENT="poètes" WC="0.98" CC="605604"/>
						<SP ID="P44_SP00279" HPOS="1306" VPOS="2910" WIDTH="48"/>
						<String ID="P44_ST00307" HPOS="1354" VPOS="2835" WIDTH="278" HEIGHT="56" CONTENT="doivent" WC="0.99" CC="0000065"/>
						<SP ID="P44_SP00280" HPOS="1632" VPOS="2910" WIDTH="40"/>
						<String ID="P44_ST00308" HPOS="1672" VPOS="2833" WIDTH="164" HEIGHT="58" CONTENT="faire" WC="0.97" CC="79070"/>
						<SP ID="P44_SP00281" HPOS="1836" VPOS="2910" WIDTH="43"/>
						<String ID="P44_ST00309" HPOS="1879" VPOS="2835" WIDTH="274" HEIGHT="54" CONTENT="tourner" WC="0.98" CC="1056405"/>
						<SP ID="P44_SP00282" HPOS="2153" VPOS="2910" WIDTH="39"/>
						<String ID="P44_ST00310" HPOS="2192" VPOS="2830" WIDTH="68" HEIGHT="58" CONTENT="la" WC="0.67" CC="60"/>
						<SP ID="P44_SP00283" HPOS="2260" VPOS="2910" WIDTH="39"/>
						<String ID="P44_ST00311" HPOS="2299" VPOS="2833" WIDTH="172" HEIGHT="53" CONTENT="terre" WC="0.98" CC="00560"/>
						<SP ID="P44_SP00284" HPOS="2471" VPOS="2910" WIDTH="44"/>
						<String ID="P44_ST00312" HPOS="2515" VPOS="2832" WIDTH="187" HEIGHT="54" CONTENT="entre" WC="0.97" CC="07434"/>
						<SP ID="P44_SP00285" HPOS="2702" VPOS="2910" WIDTH="40"/>
						<String ID="P44_ST00313" HPOS="2742" VPOS="2828" WIDTH="173" HEIGHT="56" CONTENT="leurs" WC="0.98" CC="02461"/>
						<SP ID="P44_SP00286" HPOS="2915" VPOS="2910" WIDTH="49"/>
						<String ID="P44_ST00314" HPOS="2964" VPOS="2827" WIDTH="237" HEIGHT="72" CONTENT="doigts." WC="1.00" CC="0000010"/>
						<SP ID="P44_SP00287" HPOS="3201" VPOS="2910" WIDTH="49"/>
						<String ID="P44_ST00315" HPOS="3250" VPOS="2825" WIDTH="192" HEIGHT="57" CONTENT="Atlas" WC="0.98" CC="01560"/>
						<SP ID="P44_SP00288" HPOS="3442" VPOS="2910" WIDTH="37"/>
						<String ID="P44_ST00316" HPOS="3479" VPOS="2827" WIDTH="30" HEIGHT="54" CONTENT="?" WC="0.70" CC="2"/>
						<SP ID="P44_SP00289" HPOS="3509" VPOS="2910" WIDTH="50"/>
						<String ID="P44_ST00317" HPOS="3559" VPOS="2827" WIDTH="91" HEIGHT="57" CONTENT="Le" WC="0.76" CC="04"/>
					</TextLine>
					<TextLine ID="P44_TL00029" HPOS="739" VPOS="2911" WIDTH="2909" HEIGHT="76">
						<String ID="P44_ST00318" HPOS="739" VPOS="2923" WIDTH="246" HEIGHT="56" CONTENT="monde" WC="0.98" CC="60703"/>
						<SP ID="P44_SP00290" HPOS="985" VPOS="2979" WIDTH="35"/>
						<String ID="P44_ST00319" HPOS="1020" VPOS="2923" WIDTH="102" HEIGHT="56" CONTENT="est" WC="0.97" CC="034"/>
						<SP ID="P44_SP00291" HPOS="1122" VPOS="2979" WIDTH="34"/>
						<String ID="P44_ST00320" HPOS="1156" VPOS="2920" WIDTH="194" HEIGHT="57" CONTENT="lourd" WC="0.98" CC="60350"/>
						<SP ID="P44_SP00292" HPOS="1350" VPOS="2979" WIDTH="36"/>
						<String ID="P44_ST00321" HPOS="1386" VPOS="2923" WIDTH="66" HEIGHT="53" CONTENT="et" WC="0.71" CC="14"/>
						<SP ID="P44_SP00293" HPOS="1452" VPOS="2979" WIDTH="36"/>
						<String ID="P44_ST00322" HPOS="1488" VPOS="2933" WIDTH="167" HEIGHT="44" CONTENT="nous" WC="0.97" CC="0363"/>
						<SP ID="P44_SP00294" HPOS="1655" VPOS="2979" WIDTH="38"/>
						<String ID="P44_ST00323" HPOS="1693" VPOS="2933" WIDTH="284" HEIGHT="41" CONTENT="sommes" WC="1.00" CC="000000"/>
						<SP ID="P44_SP00295" HPOS="1977" VPOS="2979" WIDTH="36"/>
						<String ID="P44_ST00324" HPOS="2013" VPOS="2933" WIDTH="91" HEIGHT="41" CONTENT="un" WC="0.40" CC="65"/>
						<SP ID="P44_SP00296" HPOS="2104" VPOS="2979" WIDTH="37"/>
						<String ID="P44_ST00325" HPOS="2141" VPOS="2932" WIDTH="127" HEIGHT="55" CONTENT="peu" WC="0.98" CC="021"/>
						<SP ID="P44_SP00297" HPOS="2268" VPOS="2987" WIDTH="36"/>
						<String ID="P44_ST00326" HPOS="2304" VPOS="2913" WIDTH="308" HEIGHT="74" CONTENT="fatigués." WC="0.99" CC="500204500"/>
						<SP ID="P44_SP00298" HPOS="2612" VPOS="2987" WIDTH="41"/>
						<String ID="P44_ST00327" HPOS="2653" VPOS="2915" WIDTH="135" HEIGHT="54" CONTENT="Nos" WC="0.98" CC="041"/>
						<SP ID="P44_SP00299" HPOS="2788" VPOS="2987" WIDTH="39"/>
						<String ID="P44_ST00328" HPOS="2827" VPOS="2927" WIDTH="212" HEIGHT="42" CONTENT="cœurs" WC="0.98" CC="02651"/>
						<SP ID="P44_SP00300" HPOS="3039" VPOS="2987" WIDTH="35"/>
						<String ID="P44_ST00329" HPOS="3074" VPOS="2911" WIDTH="385" HEIGHT="58" CONTENT="fleurissent" WC="0.99" CC="80067008440"/>
						<SP ID="P44_SP00301" HPOS="3459" VPOS="2987" WIDTH="34"/>
						<String ID="P44_ST00330" HPOS="3493" VPOS="2915" WIDTH="155" HEIGHT="69" CONTENT="trop" WC="0.97" CC="5340"/>
					</TextLine>
					<TextLine ID="P44_TL00030" HPOS="739" VPOS="2996" WIDTH="2911" HEIGHT="80">
						<String ID="P44_ST00331" HPOS="739" VPOS="3008" WIDTH="139" HEIGHT="56" CONTENT="vite" WC="0.99" CC="0021"/>
						<SP ID="P44_SP00302" HPOS="878" VPOS="3064" WIDTH="27"/>
						<String ID="P44_ST00332" HPOS="905" VPOS="3023" WIDTH="85" HEIGHT="41" CONTENT="au" WC="0.33" CC="76"/>
						<SP ID="P44_SP00303" HPOS="990" VPOS="3064" WIDTH="25"/>
						<String ID="P44_ST00333" HPOS="1015" VPOS="3006" WIDTH="185" HEIGHT="56" CONTENT="soleil" WC="0.99" CC="004002"/>
						<SP ID="P44_SP00304" HPOS="1200" VPOS="3064" WIDTH="25"/>
						<String ID="P44_ST00334" HPOS="1225" VPOS="3004" WIDTH="195" HEIGHT="58" CONTENT="avide" WC="0.99" CC="00500"/>
						<SP ID="P44_SP00305" HPOS="1420" VPOS="3064" WIDTH="27"/>
						<String ID="P44_ST00335" HPOS="1447" VPOS="3004" WIDTH="112" HEIGHT="56" CONTENT="des" WC="1.00" CC="000"/>
						<SP ID="P44_SP00306" HPOS="1559" VPOS="3064" WIDTH="25"/>
						<String ID="P44_ST00336" HPOS="1584" VPOS="3003" WIDTH="432" HEIGHT="73" CONTENT="projecteurs." WC="0.99" CC="054402316700"/>
						<SP ID="P44_SP00307" HPOS="2016" VPOS="3076" WIDTH="32"/>
						<String ID="P44_ST00337" HPOS="2048" VPOS="3003" WIDTH="208" HEIGHT="66" CONTENT="Paris," WC="0.99" CC="006034"/>
						<SP ID="P44_SP00308" HPOS="2256" VPOS="3076" WIDTH="27"/>
						<String ID="P44_ST00338" HPOS="2283" VPOS="2999" WIDTH="34" HEIGHT="56" CONTENT="ô" WC="0.72" CC="2"/>
						<SP ID="P44_SP00309" HPOS="2317" VPOS="3076" WIDTH="27"/>
						<String ID="P44_ST00339" HPOS="2344" VPOS="2998" WIDTH="177" HEIGHT="57" CONTENT="mère" WC="0.98" CC="0053"/>
						<SP ID="P44_SP00310" HPOS="2521" VPOS="3076" WIDTH="23"/>
						<String ID="P44_ST00340" HPOS="2544" VPOS="2998" WIDTH="398" HEIGHT="72" CONTENT="implacable" WC="0.99" CC="0006000460"/>
						<SP ID="P44_SP00311" HPOS="2942" VPOS="3076" WIDTH="27"/>
						<String ID="P44_ST00341" HPOS="2969" VPOS="2998" WIDTH="114" HEIGHT="71" CONTENT="qui" WC="0.97" CC="060"/>
						<SP ID="P44_SP00312" HPOS="3083" VPOS="3076" WIDTH="23"/>
						<String ID="P44_ST00342" HPOS="3106" VPOS="3013" WIDTH="166" HEIGHT="41" CONTENT="nous" WC="0.98" CC="0260"/>
						<SP ID="P44_SP00313" HPOS="3272" VPOS="3076" WIDTH="29"/>
						<String ID="P44_ST00343" HPOS="3301" VPOS="3013" WIDTH="70" HEIGHT="41" CONTENT="as" WC="0.95" CC="00"/>
						<SP ID="P44_SP00314" HPOS="3371" VPOS="3076" WIDTH="25"/>
						<String ID="P44_ST00344" HPOS="3396" VPOS="2996" WIDTH="254" HEIGHT="73" CONTENT="portés," WC="0.98" CC="0264534"/>
					</TextLine>
					<TextLine ID="P44_TL00031" HPOS="741" VPOS="3081" WIDTH="2907" HEIGHT="83">
						<String ID="P44_ST00345" HPOS="741" VPOS="3092" WIDTH="208" HEIGHT="67" CONTENT="Paris," WC="0.97" CC="095361"/>
						<SP ID="P44_SP00315" HPOS="949" VPOS="3159" WIDTH="31"/>
						<String ID="P44_ST00346" HPOS="980" VPOS="3092" WIDTH="274" HEIGHT="72" CONTENT="pieuvre" WC="0.99" CC="0007003"/>
						<SP ID="P44_SP00316" HPOS="1254" VPOS="3164" WIDTH="27"/>
						<String ID="P44_ST00347" HPOS="1281" VPOS="3089" WIDTH="237" HEIGHT="58" CONTENT="tendre" WC="0.98" CC="507050"/>
						<SP ID="P44_SP00317" HPOS="1518" VPOS="3164" WIDTH="34"/>
						<String ID="P44_ST00348" HPOS="1552" VPOS="3087" WIDTH="12" HEIGHT="56" CONTENT="!" WC="0.34" CC="6"/>
						<SP ID="P44_SP00318" HPOS="1564" VPOS="3164" WIDTH="30"/>
						<String ID="P44_ST00349" HPOS="1594" VPOS="3091" WIDTH="80" HEIGHT="54" CONTENT="tu" WC="0.70" CC="13"/>
						<SP ID="P44_SP00319" HPOS="1674" VPOS="3164" WIDTH="29"/>
						<String ID="P44_ST00350" HPOS="1703" VPOS="3087" WIDTH="218" HEIGHT="56" CONTENT="boiras" WC="0.98" CC="703606"/>
						<SP ID="P44_SP00320" HPOS="1921" VPOS="3164" WIDTH="29"/>
						<String ID="P44_ST00351" HPOS="1950" VPOS="3086" WIDTH="306" HEIGHT="71" CONTENT="toujours" WC="0.99" CC="50444150"/>
						<SP ID="P44_SP00321" HPOS="2256" VPOS="3164" WIDTH="31"/>
						<String ID="P44_ST00352" HPOS="2287" VPOS="3087" WIDTH="190" HEIGHT="55" CONTENT="notre" WC="0.96" CC="25864"/>
						<SP ID="P44_SP00322" HPOS="2477" VPOS="3164" WIDTH="30"/>
						<String ID="P44_ST00353" HPOS="2507" VPOS="3098" WIDTH="163" HEIGHT="59" CONTENT="sang" WC="0.99" CC="5000"/>
						<SP ID="P44_SP00323" HPOS="2670" VPOS="3164" WIDTH="32"/>
						<String ID="P44_ST00354" HPOS="2702" VPOS="3082" WIDTH="35" HEIGHT="56" CONTENT="à" WC="1.00" CC="0"/>
						<SP ID="P44_SP00324" HPOS="2737" VPOS="3164" WIDTH="29"/>
						<String ID="P44_ST00355" HPOS="2766" VPOS="3082" WIDTH="176" HEIGHT="71" CONTENT="plein" WC="1.00" CC="00020"/>
						<SP ID="P44_SP00325" HPOS="2942" VPOS="3164" WIDTH="31"/>
						<String ID="P44_ST00356" HPOS="2973" VPOS="3098" WIDTH="206" HEIGHT="42" CONTENT="verre." WC="0.99" CC="001510"/>
						<SP ID="P44_SP00326" HPOS="3179" VPOS="3164" WIDTH="36"/>
						<String ID="P44_ST00357" HPOS="3215" VPOS="3082" WIDTH="130" HEIGHT="56" CONTENT="Des" WC="0.98" CC="201"/>
						<SP ID="P44_SP00327" HPOS="3345" VPOS="3164" WIDTH="32"/>
						<String ID="P44_ST00358" HPOS="3377" VPOS="3081" WIDTH="271" HEIGHT="72" CONTENT="poisons" WC="1.00" CC="0000014"/>
					</TextLine>
					<TextLine ID="P44_TL00032" HPOS="737" VPOS="3165" WIDTH="2913" HEIGHT="78">
						<String ID="P44_ST00359" HPOS="737" VPOS="3175" WIDTH="241" HEIGHT="58" CONTENT="subtils" WC="0.99" CC="3803001"/>
						<SP ID="P44_SP00328" HPOS="978" VPOS="3233" WIDTH="41"/>
						<String ID="P44_ST00360" HPOS="1019" VPOS="3177" WIDTH="67" HEIGHT="54" CONTENT="et" WC="1.00" CC="00"/>
						<SP ID="P44_SP00329" HPOS="1086" VPOS="3233" WIDTH="41"/>
						<String ID="P44_ST00361" HPOS="1127" VPOS="3174" WIDTH="328" HEIGHT="57" CONTENT="délicieux" WC="0.99" CC="860000560"/>
						<SP ID="P44_SP00330" HPOS="1455" VPOS="3233" WIDTH="36"/>
						<String ID="P44_ST00362" HPOS="1491" VPOS="3170" WIDTH="356" HEIGHT="73" CONTENT="pénètrent" WC="0.99" CC="036412260"/>
						<SP ID="P44_SP00331" HPOS="1847" VPOS="3243" WIDTH="37"/>
						<String ID="P44_ST00363" HPOS="1884" VPOS="3174" WIDTH="191" HEIGHT="54" CONTENT="notre" WC="0.97" CC="62560"/>
						<SP ID="P44_SP00332" HPOS="2075" VPOS="3243" WIDTH="41"/>
						<String ID="P44_ST00364" HPOS="2116" VPOS="3186" WIDTH="190" HEIGHT="55" CONTENT="corps" WC="0.98" CC="05702"/>
						<SP ID="P44_SP00333" HPOS="2306" VPOS="3243" WIDTH="40"/>
						<String ID="P44_ST00365" HPOS="2346" VPOS="3172" WIDTH="66" HEIGHT="53" CONTENT="et" WC="0.61" CC="07"/>
						<SP ID="P44_SP00334" HPOS="2412" VPOS="3243" WIDTH="39"/>
						<String ID="P44_ST00366" HPOS="2451" VPOS="3172" WIDTH="191" HEIGHT="53" CONTENT="notre" WC="0.97" CC="06665"/>
						<SP ID="P44_SP00335" HPOS="2642" VPOS="3243" WIDTH="43"/>
						<String ID="P44_ST00367" HPOS="2685" VPOS="3165" WIDTH="167" HEIGHT="70" CONTENT="âme," WC="0.97" CC="0704"/>
						<SP ID="P44_SP00336" HPOS="2852" VPOS="3243" WIDTH="39"/>
						<String ID="P44_ST00368" HPOS="2891" VPOS="3167" WIDTH="283" HEIGHT="68" CONTENT="l'alcool," WC="0.99" CC="336500471"/>
						<SP ID="P44_SP00337" HPOS="3174" VPOS="3243" WIDTH="39"/>
						<String ID="P44_ST00369" HPOS="3213" VPOS="3165" WIDTH="437" HEIGHT="70" CONTENT="l'électricité," WC="1.00" CC="03331006000503"/>
					</TextLine>
					<TextLine ID="P44_TL00033" HPOS="737" VPOS="3248" WIDTH="2911" HEIGHT="85">
						<String ID="P44_ST00370" HPOS="737" VPOS="3260" WIDTH="65" HEIGHT="56" CONTENT="la" WC="0.96" CC="00"/>
						<SP ID="P44_SP00338" HPOS="802" VPOS="3316" WIDTH="27"/>
						<String ID="P44_ST00371" HPOS="829" VPOS="3260" WIDTH="264" HEIGHT="73" CONTENT="pensée," WC="0.99" CC="0001740"/>
						<SP ID="P44_SP00339" HPOS="1093" VPOS="3333" WIDTH="25"/>
						<String ID="P44_ST00372" HPOS="1118" VPOS="3260" WIDTH="356" HEIGHT="56" CONTENT="l'amour..." WC="0.99" CC="0200064203"/>
						<SP ID="P44_SP00340" HPOS="1474" VPOS="3333" WIDTH="32"/>
						<String ID="P44_ST00373" HPOS="1506" VPOS="3258" WIDTH="183" HEIGHT="55" CONTENT="Nous" WC="0.96" CC="2574"/>
						<SP ID="P44_SP00341" HPOS="1689" VPOS="3333" WIDTH="31"/>
						<String ID="P44_ST00374" HPOS="1720" VPOS="3272" WIDTH="282" HEIGHT="42" CONTENT="sommes" WC="1.00" CC="210002"/>
						<SP ID="P44_SP00342" HPOS="2002" VPOS="3333" WIDTH="34"/>
						<String ID="P44_ST00375" HPOS="2036" VPOS="3257" WIDTH="110" HEIGHT="56" CONTENT="des" WC="0.99" CC="001"/>
						<SP ID="P44_SP00343" HPOS="2146" VPOS="3333" WIDTH="33"/>
						<String ID="P44_ST00376" HPOS="2179" VPOS="3253" WIDTH="345" HEIGHT="60" CONTENT="andréïdes" WC="0.77" CC="050630040"/>
						<SP ID="P44_SP00344" HPOS="2524" VPOS="3333" WIDTH="25"/>
						<String ID="P44_ST00377" HPOS="2549" VPOS="3258" WIDTH="154" HEIGHT="66" CONTENT="trop" WC="0.96" CC="7530"/>
						<SP ID="P44_SP00345" HPOS="2703" VPOS="3333" WIDTH="31"/>
						<String ID="P44_ST00378" HPOS="2734" VPOS="3252" WIDTH="339" HEIGHT="69" CONTENT="sensibles," WC="0.99" CC="0060600064"/>
						<SP ID="P44_SP00346" HPOS="3073" VPOS="3333" WIDTH="28"/>
						<String ID="P44_ST00379" HPOS="3101" VPOS="3269" WIDTH="166" HEIGHT="40" CONTENT="nous" WC="0.97" CC="3550"/>
						<SP ID="P44_SP00347" HPOS="3267" VPOS="3333" WIDTH="27"/>
						<String ID="P44_ST00380" HPOS="3294" VPOS="3252" WIDTH="92" HEIGHT="57" CONTENT="les" WC="0.97" CC="214"/>
						<SP ID="P44_SP00348" HPOS="3386" VPOS="3333" WIDTH="32"/>
						<String ID="P44_ST00381" HPOS="3418" VPOS="3248" WIDTH="230" HEIGHT="76" CONTENT="poètes" WC="0.99" CC="006700"/>
					</TextLine>
					<TextLine ID="P44_TL00034" HPOS="741" VPOS="3336" WIDTH="2907" HEIGHT="78">
						<String ID="P44_ST00382" HPOS="741" VPOS="3346" WIDTH="367" HEIGHT="55" CONTENT="modernes." WC="1.00" CC="020004000"/>
						<SP ID="P44_SP00349" HPOS="1108" VPOS="3401" WIDTH="32"/>
						<String ID="P44_ST00383" HPOS="1140" VPOS="3343" WIDTH="168" HEIGHT="56" CONTENT="Mais" WC="0.99" CC="0002"/>
						<SP ID="P44_SP00350" HPOS="1308" VPOS="3401" WIDTH="27"/>
						<String ID="P44_ST00384" HPOS="1335" VPOS="3341" WIDTH="336" HEIGHT="73" CONTENT="peut-être" WC="0.99" CC="004607050"/>
						<SP ID="P44_SP00351" HPOS="1671" VPOS="3414" WIDTH="28"/>
						<String ID="P44_ST00385" HPOS="1699" VPOS="3340" WIDTH="446" HEIGHT="57" CONTENT="désirez-vous" WC="0.99" CC="000661230540"/>
						<SP ID="P44_SP00352" HPOS="2145" VPOS="3414" WIDTH="30"/>
						<String ID="P44_ST00386" HPOS="2175" VPOS="3340" WIDTH="220" HEIGHT="57" CONTENT="savoir" WC="0.98" CC="330257"/>
						<SP ID="P44_SP00353" HPOS="2395" VPOS="3414" WIDTH="29"/>
						<String ID="P44_ST00387" HPOS="2424" VPOS="3336" WIDTH="158" HEIGHT="60" CONTENT="d'où" WC="0.97" CC="0455"/>
						<SP ID="P44_SP00354" HPOS="2582" VPOS="3414" WIDTH="25"/>
						<String ID="P44_ST00388" HPOS="2607" VPOS="3353" WIDTH="166" HEIGHT="43" CONTENT="nous" WC="0.98" CC="1240"/>
						<SP ID="P44_SP00355" HPOS="2773" VPOS="3414" WIDTH="30"/>
						<String ID="P44_ST00389" HPOS="2803" VPOS="3353" WIDTH="253" HEIGHT="41" CONTENT="venons" WC="0.99" CC="016071"/>
						<SP ID="P44_SP00356" HPOS="3056" VPOS="3414" WIDTH="35"/>
						<String ID="P44_ST00390" HPOS="3091" VPOS="3336" WIDTH="29" HEIGHT="58" CONTENT="?" WC="0.25" CC="7"/>
						<SP ID="P44_SP00357" HPOS="3120" VPOS="3414" WIDTH="32"/>
						<String ID="P44_ST00391" HPOS="3152" VPOS="3338" WIDTH="136" HEIGHT="56" CONTENT="Nos" WC="0.99" CC="001"/>
						<SP ID="P44_SP00358" HPOS="3288" VPOS="3414" WIDTH="28"/>
						<String ID="P44_ST00392" HPOS="3316" VPOS="3338" WIDTH="265" HEIGHT="71" CONTENT="papiers" WC="0.99" CC="0003050"/>
						<SP ID="P44_SP00359" HPOS="3581" VPOS="3414" WIDTH="37"/>
						<String ID="P44_ST00393" HPOS="3618" VPOS="3336" WIDTH="30" HEIGHT="58" CONTENT="?" WC="0.24" CC="7"/>
					</TextLine>
					<TextLine ID="P44_TL00035" HPOS="739" VPOS="3428" WIDTH="649" HEIGHT="59">
						<String ID="P44_ST00394" HPOS="739" VPOS="3429" WIDTH="137" HEIGHT="56" CONTENT="Nos" WC="0.94" CC="095"/>
						<SP ID="P44_SP00360" HPOS="876" VPOS="3485" WIDTH="44"/>
						<String ID="P44_ST00395" HPOS="920" VPOS="3428" WIDTH="402" HEIGHT="59" CONTENT="manuscrits" WC="0.98" CC="0046907669"/>
						<SP ID="P44_SP00361" HPOS="1322" VPOS="3487" WIDTH="37"/>
						<String ID="P44_ST00396" HPOS="1359" VPOS="3428" WIDTH="29" HEIGHT="56" CONTENT="?" WC="0.31" CC="6"/>
					</TextLine>
					<TextLine ID="P44_TL00036" HPOS="824" VPOS="3517" WIDTH="2540" HEIGHT="75">
						<String ID="P44_ST00397" HPOS="824" VPOS="3524" WIDTH="123" HEIGHT="56" CONTENT="Les" WC="0.99" CC="200"/>
						<SP ID="P44_SP00362" HPOS="947" VPOS="3580" WIDTH="38"/>
						<String ID="P44_ST00398" HPOS="985" VPOS="3524" WIDTH="172" HEIGHT="58" CONTENT="voici" WC="1.00" CC="00000"/>
						<SP ID="P44_SP00363" HPOS="1157" VPOS="3582" WIDTH="43"/>
						<String ID="P44_ST00399" HPOS="1200" VPOS="3538" WIDTH="12" HEIGHT="40" CONTENT=":" WC="1.00" CC="0"/>
						<SP ID="P44_SP00364" HPOS="1212" VPOS="3582" WIDTH="44"/>
						<String ID="P44_ST00400" HPOS="1256" VPOS="3519" WIDTH="203" HEIGHT="61" CONTENT="Scène" WC="0.98" CC="30370"/>
						<SP ID="P44_SP00365" HPOS="1459" VPOS="3582" WIDTH="39"/>
						<String ID="P44_ST00401" HPOS="1498" VPOS="3521" WIDTH="110" HEIGHT="56" CONTENT="des" WC="0.98" CC="030"/>
						<SP ID="P44_SP00366" HPOS="1608" VPOS="3582" WIDTH="39"/>
						<String ID="P44_ST00402" HPOS="1647" VPOS="3521" WIDTH="320" HEIGHT="71" CONTENT="portraits" WC="0.99" CC="004046742"/>
						<SP ID="P44_SP00367" HPOS="1967" VPOS="3592" WIDTH="40"/>
						<String ID="P44_ST00403" HPOS="2007" VPOS="3519" WIDTH="78" HEIGHT="56" CONTENT="de" WC="1.00" CC="00"/>
						<SP ID="P44_SP00368" HPOS="2085" VPOS="3592" WIDTH="38"/>
						<String ID="P44_ST00404" HPOS="2123" VPOS="3517" WIDTH="272" HEIGHT="70" CONTENT="famille," WC="0.99" CC="30063203"/>
						<SP ID="P44_SP00369" HPOS="2395" VPOS="3592" WIDTH="41"/>
						<String ID="P44_ST00405" HPOS="2436" VPOS="3517" WIDTH="230" HEIGHT="58" CONTENT="album" WC="0.97" CC="90046"/>
						<SP ID="P44_SP00370" HPOS="2666" VPOS="3592" WIDTH="37"/>
						<String ID="P44_ST00406" HPOS="2703" VPOS="3517" WIDTH="80" HEIGHT="56" CONTENT="de" WC="0.56" CC="80"/>
						<SP ID="P44_SP00371" HPOS="2783" VPOS="3592" WIDTH="37"/>
						<String ID="P44_ST00407" HPOS="2820" VPOS="3517" WIDTH="544" HEIGHT="73" CONTENT="photographies." WC="1.00" CC="07320040060013"/>
					</TextLine>
					<TextLine ID="P44_TL00037" HPOS="910" VPOS="3609" WIDTH="2740" HEIGHT="80">
						<String ID="P44_ST00408" HPOS="910" VPOS="3616" WIDTH="210" HEIGHT="73" CONTENT="Après" WC="0.98" CC="00446"/>
						<SP ID="P44_SP00372" HPOS="1120" VPOS="3689" WIDTH="29"/>
						<String ID="P44_ST00409" HPOS="1149" VPOS="3617" WIDTH="68" HEIGHT="56" CONTENT="la" WC="0.39" CC="65"/>
						<SP ID="P44_SP00373" HPOS="1217" VPOS="3689" WIDTH="27"/>
						<String ID="P44_ST00410" HPOS="1244" VPOS="3619" WIDTH="179" HEIGHT="53" CONTENT="mort" WC="0.97" CC="0065"/>
						<SP ID="P44_SP00374" HPOS="1423" VPOS="3689" WIDTH="32"/>
						<String ID="P44_ST00411" HPOS="1455" VPOS="3616" WIDTH="78" HEIGHT="56" CONTENT="de" WC="0.84" CC="03"/>
						<SP ID="P44_SP00375" HPOS="1533" VPOS="3689" WIDTH="34"/>
						<String ID="P44_ST00412" HPOS="1567" VPOS="3614" WIDTH="164" HEIGHT="58" CONTENT="Paul" WC="0.97" CC="0750"/>
						<SP ID="P44_SP00376" HPOS="1731" VPOS="3689" WIDTH="29"/>
						<String ID="P44_ST00413" HPOS="1760" VPOS="3612" WIDTH="307" HEIGHT="60" CONTENT="Verlaine" WC="0.99" CC="60630073"/>
						<SP ID="P44_SP00377" HPOS="2067" VPOS="3689" WIDTH="30"/>
						<String ID="P44_ST00414" HPOS="2097" VPOS="3617" WIDTH="66" HEIGHT="53" CONTENT="et" WC="0.70" CC="05"/>
						<SP ID="P44_SP00378" HPOS="2163" VPOS="3689" WIDTH="32"/>
						<String ID="P44_ST00415" HPOS="2195" VPOS="3614" WIDTH="77" HEIGHT="54" CONTENT="de" WC="1.00" CC="00"/>
						<SP ID="P44_SP00379" HPOS="2272" VPOS="3689" WIDTH="34"/>
						<String ID="P44_ST00416" HPOS="2306" VPOS="3611" WIDTH="335" HEIGHT="74" CONTENT="Stéphane" WC="0.99" CC="09006063"/>
						<SP ID="P44_SP00380" HPOS="2641" VPOS="3689" WIDTH="32"/>
						<String ID="P44_ST00417" HPOS="2673" VPOS="3609" WIDTH="364" HEIGHT="71" CONTENT="Mallarmé," WC="0.99" CC="003605040"/>
						<SP ID="P44_SP00381" HPOS="3037" VPOS="3689" WIDTH="31"/>
						<String ID="P44_ST00418" HPOS="3068" VPOS="3612" WIDTH="59" HEIGHT="56" CONTENT="le" WC="0.82" CC="03"/>
						<SP ID="P44_SP00382" HPOS="3127" VPOS="3689" WIDTH="27"/>
						<String ID="P44_ST00419" HPOS="3154" VPOS="3611" WIDTH="101" HEIGHT="72" CONTENT="lys" WC="1.00" CC="000"/>
						<SP ID="P44_SP00383" HPOS="3255" VPOS="3689" WIDTH="33"/>
						<String ID="P44_ST00420" HPOS="3288" VPOS="3614" WIDTH="67" HEIGHT="54" CONTENT="et" WC="0.54" CC="17"/>
						<SP ID="P44_SP00384" HPOS="3355" VPOS="3689" WIDTH="29"/>
						<String ID="P44_ST00421" HPOS="3384" VPOS="3612" WIDTH="65" HEIGHT="56" CONTENT="la" WC="0.67" CC="60"/>
						<SP ID="P44_SP00385" HPOS="3449" VPOS="3689" WIDTH="28"/>
						<String ID="P44_ST00422" HPOS="3477" VPOS="3628" WIDTH="173" HEIGHT="54" CONTENT="rose," WC="0.99" CC="11400"/>
					</TextLine>
					<TextLine ID="P44_TL00038" HPOS="736" VPOS="3697" WIDTH="2916" HEIGHT="76">
						<String ID="P44_ST00423" HPOS="736" VPOS="3702" WIDTH="46" HEIGHT="58" CONTENT="il" WC="0.75" CC="31"/>
						<SP ID="P44_SP00386" HPOS="782" VPOS="3760" WIDTH="32"/>
						<String ID="P44_ST00424" HPOS="814" VPOS="3721" WIDTH="81" HEIGHT="39" CONTENT="ne" WC="0.61" CC="70"/>
						<SP ID="P44_SP00387" HPOS="895" VPOS="3760" WIDTH="34"/>
						<String ID="P44_ST00425" HPOS="929" VPOS="3704" WIDTH="237" HEIGHT="56" CONTENT="restait" WC="0.99" CC="6007007"/>
						<SP ID="P44_SP00388" HPOS="1166" VPOS="3760" WIDTH="35"/>
						<String ID="P44_ST00426" HPOS="1201" VPOS="3717" WIDTH="127" HEIGHT="56" CONTENT="que" WC="0.96" CC="071"/>
						<SP ID="P44_SP00389" HPOS="1328" VPOS="3773" WIDTH="36"/>
						<String ID="P44_ST00427" HPOS="1364" VPOS="3702" WIDTH="110" HEIGHT="56" CONTENT="des" WC="0.97" CC="044"/>
						<SP ID="P44_SP00390" HPOS="1474" VPOS="3773" WIDTH="34"/>
						<String ID="P44_ST00428" HPOS="1508" VPOS="3700" WIDTH="254" HEIGHT="56" CONTENT="feuilles" WC="0.99" CC="40300506"/>
						<SP ID="P44_SP00391" HPOS="1762" VPOS="3773" WIDTH="34"/>
						<String ID="P44_ST00429" HPOS="1796" VPOS="3704" WIDTH="247" HEIGHT="52" CONTENT="mortes" WC="0.98" CC="046500"/>
						<SP ID="P44_SP00392" HPOS="2043" VPOS="3773" WIDTH="36"/>
						<String ID="P44_ST00430" HPOS="2079" VPOS="3716" WIDTH="83" HEIGHT="39" CONTENT="au" WC="0.68" CC="06"/>
						<SP ID="P44_SP00393" HPOS="2162" VPOS="3773" WIDTH="33"/>
						<String ID="P44_ST00431" HPOS="2195" VPOS="3699" WIDTH="221" HEIGHT="71" CONTENT="jardin" WC="0.98" CC="401065"/>
						<SP ID="P44_SP00394" HPOS="2416" VPOS="3773" WIDTH="37"/>
						<String ID="P44_ST00432" HPOS="2453" VPOS="3699" WIDTH="110" HEIGHT="56" CONTENT="des" WC="0.98" CC="006"/>
						<SP ID="P44_SP00395" HPOS="2563" VPOS="3773" WIDTH="35"/>
						<String ID="P44_ST00433" HPOS="2598" VPOS="3697" WIDTH="239" HEIGHT="56" CONTENT="Muses." WC="0.99" CC="060000"/>
						<SP ID="P44_SP00396" HPOS="2837" VPOS="3773" WIDTH="39"/>
						<String ID="P44_ST00434" HPOS="2876" VPOS="3697" WIDTH="244" HEIGHT="58" CONTENT="C'était" WC="0.99" CC="6005010"/>
						<SP ID="P44_SP00397" HPOS="3120" VPOS="3773" WIDTH="29"/>
						<String ID="P44_ST00435" HPOS="3149" VPOS="3697" WIDTH="376" HEIGHT="59" CONTENT="l'automne" WC="0.99" CC="030630020"/>
						<SP ID="P44_SP00398" HPOS="3525" VPOS="3773" WIDTH="37"/>
						<String ID="P44_ST00436" HPOS="3562" VPOS="3700" WIDTH="90" HEIGHT="56" CONTENT="du" WC="0.77" CC="04"/>
					</TextLine>
					<TextLine ID="P44_TL00039" HPOS="739" VPOS="3782" WIDTH="2914" HEIGHT="79">
						<String ID="P44_ST00437" HPOS="739" VPOS="3788" WIDTH="444" HEIGHT="73" CONTENT="Symbolisme" WC="0.99" CC="0026300403"/>
						<SP ID="P44_SP00399" HPOS="1183" VPOS="3861" WIDTH="32"/>
						<String ID="P44_ST00438" HPOS="1215" VPOS="3804" WIDTH="14" HEIGHT="50" CONTENT=";" WC="0.89" CC="1"/>
						<SP ID="P44_SP00400" HPOS="1229" VPOS="3861" WIDTH="40"/>
						<String ID="P44_ST00439" HPOS="1269" VPOS="3787" WIDTH="208" HEIGHT="56" CONTENT="Henri" WC="0.96" CC="74670"/>
						<SP ID="P44_SP00401" HPOS="1477" VPOS="3861" WIDTH="38"/>
						<String ID="P44_ST00440" HPOS="1515" VPOS="3787" WIDTH="79" HEIGHT="56" CONTENT="de" WC="1.00" CC="00"/>
						<SP ID="P44_SP00402" HPOS="1594" VPOS="3861" WIDTH="39"/>
						<String ID="P44_ST00441" HPOS="1633" VPOS="3785" WIDTH="307" HEIGHT="73" CONTENT="Bégnier," WC="0.74" CC="71060050"/>
						<SP ID="P44_SP00403" HPOS="1940" VPOS="3861" WIDTH="40"/>
						<String ID="P44_ST00442" HPOS="1980" VPOS="3785" WIDTH="270" HEIGHT="54" CONTENT="Francis" WC="0.99" CC="0504004"/>
						<SP ID="P44_SP00404" HPOS="2250" VPOS="3861" WIDTH="40"/>
						<String ID="P44_ST00443" HPOS="2290" VPOS="3783" WIDTH="320" HEIGHT="68" CONTENT="Jammes," WC="0.79" CC="0900040"/>
						<SP ID="P44_SP00405" HPOS="2610" VPOS="3861" WIDTH="38"/>
						<String ID="P44_ST00444" HPOS="2648" VPOS="3782" WIDTH="291" HEIGHT="57" CONTENT="Maurice" WC="0.99" CC="0755000"/>
						<SP ID="P44_SP00406" HPOS="2939" VPOS="3861" WIDTH="39"/>
						<String ID="P44_ST00445" HPOS="2978" VPOS="3782" WIDTH="435" HEIGHT="57" CONTENT="Maeterlinck" WC="1.00" CC="00032540400"/>
						<SP ID="P44_SP00407" HPOS="3413" VPOS="3861" WIDTH="37"/>
						<String ID="P44_ST00446" HPOS="3450" VPOS="3785" WIDTH="163" HEIGHT="56" CONTENT="chan" SUBS_TYPE="HypPart1" SUBS_CONTENT="chantaient" WC="0.98" CC="0604"/>
						<HYP HPOS="3613" VPOS="3785" WIDTH="40" CONTENT="-"/>
					</TextLine>
					<TextLine ID="P44_TL00040" HPOS="734" VPOS="3865" WIDTH="2918" HEIGHT="76">
						<String ID="P44_ST00447" HPOS="734" VPOS="3873" WIDTH="219" HEIGHT="56" CONTENT="taient" SUBS_TYPE="HypPart2" SUBS_CONTENT="chantaient" WC="0.98" CC="570163"/>
						<SP ID="P44_SP00408" HPOS="953" VPOS="3929" WIDTH="28"/>
						<String ID="P44_ST00448" HPOS="981" VPOS="3873" WIDTH="38" HEIGHT="56" CONTENT="à" WC="0.83" CC="1"/>
						<SP ID="P44_SP00409" HPOS="1019" VPOS="3929" WIDTH="27"/>
						<String ID="P44_ST00449" HPOS="1046" VPOS="3871" WIDTH="389" HEIGHT="58" CONTENT="demi-voix." WC="0.99" CC="0004005502"/>
						<SP ID="P44_SP00410" HPOS="1435" VPOS="3929" WIDTH="32"/>
						<String ID="P44_ST00450" HPOS="1467" VPOS="3870" WIDTH="95" HEIGHT="56" CONTENT="La" WC="1.00" CC="00"/>
						<SP ID="P44_SP00411" HPOS="1562" VPOS="3929" WIDTH="26"/>
						<String ID="P44_ST00451" HPOS="1588" VPOS="3868" WIDTH="220" HEIGHT="73" CONTENT="poésie" WC="0.99" CC="006230"/>
						<SP ID="P44_SP00412" HPOS="1808" VPOS="3941" WIDTH="28"/>
						<String ID="P44_ST00452" HPOS="1836" VPOS="3866" WIDTH="166" HEIGHT="60" CONTENT="était" WC="0.99" CC="10402"/>
						<SP ID="P44_SP00413" HPOS="2002" VPOS="3941" WIDTH="27"/>
						<String ID="P44_ST00453" HPOS="2029" VPOS="3868" WIDTH="283" HEIGHT="56" CONTENT="malade." WC="1.00" CC="0010000"/>
						<SP ID="P44_SP00414" HPOS="2312" VPOS="3941" WIDTH="32"/>
						<String ID="P44_ST00454" HPOS="2344" VPOS="3868" WIDTH="89" HEIGHT="56" CONTENT="Le" WC="1.00" CC="00"/>
						<SP ID="P44_SP00415" HPOS="2433" VPOS="3941" WIDTH="27"/>
						<String ID="P44_ST00455" HPOS="2460" VPOS="3865" WIDTH="291" HEIGHT="59" CONTENT="météore" WC="0.99" CC="0260062"/>
						<SP ID="P44_SP00416" HPOS="2751" VPOS="3941" WIDTH="24"/>
						<String ID="P44_ST00456" HPOS="2775" VPOS="3866" WIDTH="282" HEIGHT="73" CONTENT="lyrique," WC="0.99" CC="60310402"/>
						<SP ID="P44_SP00417" HPOS="3057" VPOS="3941" WIDTH="27"/>
						<String ID="P44_ST00457" HPOS="3084" VPOS="3866" WIDTH="60" HEIGHT="56" CONTENT="le" WC="1.00" CC="00"/>
						<SP ID="P44_SP00418" HPOS="3144" VPOS="3941" WIDTH="27"/>
						<String ID="P44_ST00458" HPOS="3171" VPOS="3866" WIDTH="206" HEIGHT="60" CONTENT="vilain" WC="0.98" CC="000972"/>
						<SP ID="P44_SP00419" HPOS="3377" VPOS="3941" WIDTH="29"/>
						<String ID="P44_ST00459" HPOS="3406" VPOS="3883" WIDTH="246" HEIGHT="58" CONTENT="garçon" WC="0.98" CC="806026"/>
					</TextLine>
					<TextLine ID="P44_TL00041" HPOS="739" VPOS="3951" WIDTH="2914" HEIGHT="78">
						<String ID="P44_ST00460" HPOS="739" VPOS="3958" WIDTH="114" HEIGHT="71" CONTENT="qui" WC="0.98" CC="040"/>
						<SP ID="P44_SP00420" HPOS="853" VPOS="4029" WIDTH="32"/>
						<String ID="P44_ST00461" HPOS="885" VPOS="3958" WIDTH="255" HEIGHT="56" CONTENT="battait" WC="0.98" CC="7943007"/>
						<SP ID="P44_SP00421" HPOS="1140" VPOS="4029" WIDTH="33"/>
						<String ID="P44_ST00462" HPOS="1173" VPOS="3971" WIDTH="72" HEIGHT="41" CONTENT="sa" WC="1.00" CC="00"/>
						<SP ID="P44_SP00422" HPOS="1245" VPOS="4029" WIDTH="33"/>
						<String ID="P44_ST00463" HPOS="1278" VPOS="3956" WIDTH="208" HEIGHT="68" CONTENT="Muse," WC="0.99" CC="04003"/>
						<SP ID="P44_SP00423" HPOS="1486" VPOS="4029" WIDTH="34"/>
						<String ID="P44_ST00464" HPOS="1520" VPOS="3954" WIDTH="254" HEIGHT="56" CONTENT="Arthur" WC="0.99" CC="000606"/>
						<SP ID="P44_SP00424" HPOS="1774" VPOS="4029" WIDTH="32"/>
						<String ID="P44_ST00465" HPOS="1806" VPOS="3954" WIDTH="344" HEIGHT="56" CONTENT="Bimbaud" WC="0.76" CC="7400050"/>
						<SP ID="P44_SP00425" HPOS="2150" VPOS="4029" WIDTH="34"/>
						<String ID="P44_ST00466" HPOS="2184" VPOS="3953" WIDTH="166" HEIGHT="56" CONTENT="était" WC="0.98" CC="07006"/>
						<SP ID="P44_SP00426" HPOS="2350" VPOS="4029" WIDTH="32"/>
						<String ID="P44_ST00467" HPOS="2382" VPOS="3953" WIDTH="178" HEIGHT="71" CONTENT="parti" WC="0.98" CC="00534"/>
						<SP ID="P44_SP00427" HPOS="2560" VPOS="4029" WIDTH="32"/>
						<String ID="P44_ST00468" HPOS="2592" VPOS="3968" WIDTH="150" HEIGHT="41" CONTENT="sans" WC="0.96" CC="4970"/>
						<SP ID="P44_SP00428" HPOS="2742" VPOS="4029" WIDTH="33"/>
						<String ID="P44_ST00469" HPOS="2775" VPOS="3951" WIDTH="228" HEIGHT="58" CONTENT="laisser" WC="0.98" CC="6904003"/>
						<SP ID="P44_SP00429" HPOS="3003" VPOS="4029" WIDTH="32"/>
						<String ID="P44_ST00470" HPOS="3035" VPOS="3953" WIDTH="334" HEIGHT="57" CONTENT="d'adresse" WC="0.99" CC="040040064"/>
						<SP ID="P44_SP00430" HPOS="3369" VPOS="4029" WIDTH="37"/>
						<String ID="P44_ST00471" HPOS="3406" VPOS="3975" WIDTH="22" HEIGHT="30" CONTENT="«" WC="1.00" CC="0"/>
						<SP ID="P44_SP00431" HPOS="3428" VPOS="4029" WIDTH="29"/>
						<String ID="P44_ST00472" HPOS="3457" VPOS="3954" WIDTH="157" HEIGHT="58" CONTENT="n'im" SUBS_TYPE="HypPart1" SUBS_CONTENT="n'importe" WC="0.99" CC="4100"/>
						<HYP HPOS="3614" VPOS="3954" WIDTH="39" CONTENT="-"/>
					</TextLine>
					<TextLine ID="P44_TL00042" HPOS="736" VPOS="4037" WIDTH="2916" HEIGHT="77">
						<String ID="P44_ST00473" HPOS="736" VPOS="4046" WIDTH="193" HEIGHT="68" CONTENT="porte" SUBS_TYPE="HypPart2" SUBS_CONTENT="n'importe" WC="0.98" CC="05240"/>
						<SP ID="P44_SP00432" HPOS="929" VPOS="4114" WIDTH="40"/>
						<String ID="P44_ST00474" HPOS="969" VPOS="4042" WIDTH="85" HEIGHT="56" CONTENT="où" WC="1.00" CC="00"/>
						<SP ID="P44_SP00433" HPOS="1054" VPOS="4114" WIDTH="37"/>
						<String ID="P44_ST00475" HPOS="1091" VPOS="4044" WIDTH="153" HEIGHT="54" CONTENT="hors" WC="0.97" CC="6061"/>
						<SP ID="P44_SP00434" HPOS="1244" VPOS="4114" WIDTH="40"/>
						<String ID="P44_ST00476" HPOS="1284" VPOS="4042" WIDTH="90" HEIGHT="55" CONTENT="du" WC="0.63" CC="07"/>
						<SP ID="P44_SP00435" HPOS="1374" VPOS="4114" WIDTH="37"/>
						<String ID="P44_ST00477" HPOS="1411" VPOS="4041" WIDTH="244" HEIGHT="56" CONTENT="monde" WC="0.97" CC="06705"/>
						<SP ID="P44_SP00436" HPOS="1655" VPOS="4114" WIDTH="49"/>
						<String ID="P44_ST00478" HPOS="1704" VPOS="4061" WIDTH="44" HEIGHT="36" CONTENT="»." WC="0.78" CC="40"/>
						<SP ID="P44_SP00437" HPOS="1748" VPOS="4114" WIDTH="43"/>
						<String ID="P44_ST00479" HPOS="1791" VPOS="4039" WIDTH="88" HEIGHT="56" CONTENT="Le" WC="0.97" CC="00"/>
						<SP ID="P44_SP00438" HPOS="1879" VPOS="4114" WIDTH="37"/>
						<String ID="P44_ST00480" HPOS="1916" VPOS="4039" WIDTH="307" HEIGHT="59" CONTENT="mauvais" WC="0.99" CC="0050411"/>
						<SP ID="P44_SP00439" HPOS="2223" VPOS="4114" WIDTH="40"/>
						<String ID="P44_ST00481" HPOS="2263" VPOS="4053" WIDTH="164" HEIGHT="59" CONTENT="ange" WC="0.97" CC="9700"/>
						<SP ID="P44_SP00440" HPOS="2427" VPOS="4114" WIDTH="41"/>
						<String ID="P44_ST00482" HPOS="2468" VPOS="4037" WIDTH="166" HEIGHT="56" CONTENT="était" WC="0.98" CC="44005"/>
						<SP ID="P44_SP00441" HPOS="2634" VPOS="4114" WIDTH="37"/>
						<String ID="P44_ST00483" HPOS="2671" VPOS="4053" WIDTH="153" HEIGHT="40" CONTENT="sans" WC="0.99" CC="3010"/>
						<SP ID="P44_SP00442" HPOS="2824" VPOS="4114" WIDTH="40"/>
						<String ID="P44_ST00484" HPOS="2864" VPOS="4039" WIDTH="202" HEIGHT="56" CONTENT="doute" WC="0.99" CC="00620"/>
						<SP ID="P44_SP00443" HPOS="3066" VPOS="4114" WIDTH="57"/>
						<String ID="P44_ST00485" HPOS="3123" VPOS="4039" WIDTH="336" HEIGHT="58" CONTENT="descendu" WC="0.99" CC="72300504"/>
						<SP ID="P44_SP00444" HPOS="3459" VPOS="4114" WIDTH="56"/>
						<String ID="P44_ST00486" HPOS="3515" VPOS="4056" WIDTH="137" HEIGHT="41" CONTENT="aux" WC="0.95" CC="750"/>
					</TextLine>
					<TextLine ID="P44_TL00043" HPOS="736" VPOS="4120" WIDTH="2919" HEIGHT="78">
						<String ID="P44_ST00487" HPOS="736" VPOS="4129" WIDTH="237" HEIGHT="56" CONTENT="enfers." WC="0.98" CC="3560603"/>
						<SP ID="P44_SP00445" HPOS="973" VPOS="4185" WIDTH="37"/>
						<String ID="P44_ST00488" HPOS="1010" VPOS="4127" WIDTH="53" HEIGHT="56" CONTENT="Il" WC="0.77" CC="04"/>
						<SP ID="P44_SP00446" HPOS="1063" VPOS="4185" WIDTH="25"/>
						<String ID="P44_ST00489" HPOS="1088" VPOS="4127" WIDTH="154" HEIGHT="56" CONTENT="n'en" WC="0.99" CC="0006"/>
						<SP ID="P44_SP00447" HPOS="1242" VPOS="4185" WIDTH="25"/>
						<String ID="P44_ST00490" HPOS="1267" VPOS="4127" WIDTH="222" HEIGHT="56" CONTENT="revint" WC="0.98" CC="200575"/>
						<SP ID="P44_SP00448" HPOS="1489" VPOS="4185" WIDTH="27"/>
						<String ID="P44_ST00491" HPOS="1516" VPOS="4125" WIDTH="261" HEIGHT="72" CONTENT="jamais." WC="0.99" CC="4560003"/>
						<SP ID="P44_SP00449" HPOS="1777" VPOS="4197" WIDTH="32"/>
						<String ID="P44_ST00492" HPOS="1809" VPOS="4125" WIDTH="121" HEIGHT="55" CONTENT="Les" WC="0.99" CC="020"/>
						<SP ID="P44_SP00450" HPOS="1930" VPOS="4197" WIDTH="28"/>
						<String ID="P44_ST00493" HPOS="1958" VPOS="4124" WIDTH="229" HEIGHT="71" CONTENT="jeunes" WC="0.98" CC="404600"/>
						<SP ID="P44_SP00451" HPOS="2187" VPOS="4197" WIDTH="29"/>
						<String ID="P44_ST00494" HPOS="2216" VPOS="4122" WIDTH="228" HEIGHT="73" CONTENT="poètes" WC="0.99" CC="004600"/>
						<SP ID="P44_SP00452" HPOS="2444" VPOS="4197" WIDTH="31"/>
						<String ID="P44_ST00495" HPOS="2475" VPOS="4124" WIDTH="88" HEIGHT="54" CONTENT="du" WC="0.70" CC="05"/>
						<SP ID="P44_SP00453" HPOS="2563" VPOS="4197" WIDTH="32"/>
						<String ID="P44_ST00496" HPOS="2595" VPOS="4120" WIDTH="208" HEIGHT="60" CONTENT="début" WC="0.99" CC="00045"/>
						<SP ID="P44_SP00454" HPOS="2803" VPOS="4197" WIDTH="29"/>
						<String ID="P44_ST00497" HPOS="2832" VPOS="4124" WIDTH="80" HEIGHT="56" CONTENT="de" WC="0.82" CC="03"/>
						<SP ID="P44_SP00455" HPOS="2912" VPOS="4197" WIDTH="29"/>
						<String ID="P44_ST00498" HPOS="2941" VPOS="4139" WIDTH="69" HEIGHT="41" CONTENT="ce" WC="0.90" CC="01"/>
						<SP ID="P44_SP00456" HPOS="3010" VPOS="4197" WIDTH="27"/>
						<String ID="P44_ST00499" HPOS="3037" VPOS="4122" WIDTH="191" HEIGHT="58" CONTENT="siècle" WC="0.99" CC="035010"/>
						<SP ID="P44_SP00457" HPOS="3228" VPOS="4197" WIDTH="29"/>
						<String ID="P44_ST00500" HPOS="3257" VPOS="4125" WIDTH="398" HEIGHT="73" CONTENT="respiraient" WC="0.99" CC="20482644025"/>
					</TextLine>
					<TextLine ID="P44_TL00044" HPOS="736" VPOS="4207" WIDTH="2917" HEIGHT="74">
						<String ID="P44_ST00501" HPOS="736" VPOS="4213" WIDTH="79" HEIGHT="55" CONTENT="de" WC="0.75" CC="05"/>
						<SP ID="P44_SP00458" HPOS="815" VPOS="4268" WIDTH="31"/>
						<String ID="P44_ST00502" HPOS="846" VPOS="4213" WIDTH="240" HEIGHT="56" CONTENT="douces" WC="0.99" CC="805000"/>
						<SP ID="P44_SP00459" HPOS="1086" VPOS="4269" WIDTH="29"/>
						<String ID="P44_ST00503" HPOS="1115" VPOS="4212" WIDTH="202" HEIGHT="57" CONTENT="fleurs" WC="0.98" CC="020665"/>
						<SP ID="P44_SP00460" HPOS="1317" VPOS="4269" WIDTH="30"/>
						<String ID="P44_ST00504" HPOS="1347" VPOS="4210" WIDTH="425" HEIGHT="68" CONTENT="artificielles," WC="0.99" CC="54504000164010"/>
						<SP ID="P44_SP00461" HPOS="1772" VPOS="4278" WIDTH="32"/>
						<String ID="P44_ST00505" HPOS="1804" VPOS="4210" WIDTH="114" HEIGHT="58" CONTENT="des" WC="0.98" CC="006"/>
						<SP ID="P44_SP00462" HPOS="1918" VPOS="4278" WIDTH="27"/>
						<String ID="P44_ST00506" HPOS="1945" VPOS="4208" WIDTH="200" HEIGHT="56" CONTENT="fleurs" WC="0.98" CC="503630"/>
						<SP ID="P44_SP00463" HPOS="2145" VPOS="4278" WIDTH="32"/>
						<String ID="P44_ST00507" HPOS="2177" VPOS="4210" WIDTH="79" HEIGHT="56" CONTENT="de" WC="0.86" CC="02"/>
						<SP ID="P44_SP00464" HPOS="2256" VPOS="4278" WIDTH="31"/>
						<String ID="P44_ST00508" HPOS="2287" VPOS="4208" WIDTH="218" HEIGHT="56" CONTENT="bonne" WC="0.98" CC="05731"/>
						<SP ID="P44_SP00465" HPOS="2505" VPOS="4278" WIDTH="29"/>
						<String ID="P44_ST00509" HPOS="2534" VPOS="4207" WIDTH="295" HEIGHT="69" CONTENT="volonté," WC="0.99" CC="02706024"/>
						<SP ID="P44_SP00466" HPOS="2829" VPOS="4278" WIDTH="30"/>
						<String ID="P44_ST00510" HPOS="2859" VPOS="4207" WIDTH="549" HEIGHT="74" CONTENT="chrysanthèmes" WC="0.99" CC="0460307165003"/>
						<SP ID="P44_SP00467" HPOS="3408" VPOS="4281" WIDTH="30"/>
						<String ID="P44_ST00511" HPOS="3438" VPOS="4225" WIDTH="215" HEIGHT="43" CONTENT="amers" WC="0.99" CC="00040"/>
					</TextLine>
					<TextLine ID="P44_TL00045" HPOS="732" VPOS="4291" WIDTH="2925" HEIGHT="77">
						<String ID="P44_ST00512" HPOS="732" VPOS="4295" WIDTH="375" HEIGHT="59" CONTENT="tremblant" WC="0.99" CC="063060070"/>
						<SP ID="P44_SP00468" HPOS="1107" VPOS="4354" WIDTH="30"/>
						<String ID="P44_ST00513" HPOS="1137" VPOS="4312" WIDTH="85" HEIGHT="40" CONTENT="au" WC="0.40" CC="65"/>
						<SP ID="P44_SP00469" HPOS="1222" VPOS="4354" WIDTH="32"/>
						<String ID="P44_ST00514" HPOS="1254" VPOS="4300" WIDTH="164" HEIGHT="52" CONTENT="vent" WC="0.98" CC="0072"/>
						<SP ID="P44_SP00470" HPOS="1418" VPOS="4354" WIDTH="32"/>
						<String ID="P44_ST00515" HPOS="1450" VPOS="4295" WIDTH="366" HEIGHT="67" CONTENT="d'octobre," WC="0.99" CC="0405547643"/>
						<SP ID="P44_SP00471" HPOS="1816" VPOS="4362" WIDTH="31"/>
						<String ID="P44_ST00516" HPOS="1847" VPOS="4293" WIDTH="243" HEIGHT="73" CONTENT="petites" WC="0.99" CC="0050800"/>
						<SP ID="P44_SP00472" HPOS="2090" VPOS="4366" WIDTH="31"/>
						<String ID="P44_ST00517" HPOS="2121" VPOS="4291" WIDTH="273" HEIGHT="75" CONTENT="pensées" WC="0.99" CC="0003300"/>
						<SP ID="P44_SP00473" HPOS="2394" VPOS="4366" WIDTH="32"/>
						<String ID="P44_ST00518" HPOS="2426" VPOS="4308" WIDTH="81" HEIGHT="41" CONTENT="en" WC="0.82" CC="03"/>
						<SP ID="P44_SP00474" HPOS="2507" VPOS="4366" WIDTH="29"/>
						<String ID="P44_ST00519" HPOS="2536" VPOS="4291" WIDTH="288" HEIGHT="70" CONTENT="velours," WC="0.99" CC="00246400"/>
						<SP ID="P44_SP00475" HPOS="2824" VPOS="4366" WIDTH="30"/>
						<String ID="P44_ST00520" HPOS="2854" VPOS="4291" WIDTH="517" HEIGHT="75" CONTENT="mélancoliques" WC="1.00" CC="0027203600200"/>
						<SP ID="P44_SP00476" HPOS="3371" VPOS="4366" WIDTH="32"/>
						<String ID="P44_ST00521" HPOS="3403" VPOS="4295" WIDTH="218" HEIGHT="73" CONTENT="pissen" SUBS_TYPE="HypPart1" SUBS_CONTENT="pissenlits" WC="0.99" CC="001516"/>
						<HYP HPOS="3621" VPOS="4295" WIDTH="36" CONTENT="-"/>
					</TextLine>
					<TextLine ID="P44_TL00046" HPOS="732" VPOS="4378" WIDTH="2921" HEIGHT="78">
						<String ID="P44_ST00522" HPOS="732" VPOS="4381" WIDTH="112" HEIGHT="58" CONTENT="lits" SUBS_TYPE="HypPart2" SUBS_CONTENT="pissenlits" WC="0.98" CC="0053"/>
						<SP ID="P44_SP00477" HPOS="844" VPOS="4439" WIDTH="42"/>
						<String ID="P44_ST00523" HPOS="886" VPOS="4383" WIDTH="114" HEIGHT="56" CONTENT="des" WC="0.98" CC="005"/>
						<SP ID="P44_SP00478" HPOS="1000" VPOS="4439" WIDTH="39"/>
						<String ID="P44_ST00524" HPOS="1039" VPOS="4384" WIDTH="249" HEIGHT="72" CONTENT="regrets" WC="0.99" CC="5007204"/>
						<SP ID="P44_SP00479" HPOS="1288" VPOS="4456" WIDTH="39"/>
						<String ID="P44_ST00525" HPOS="1327" VPOS="4379" WIDTH="227" HEIGHT="60" CONTENT="fleuris" WC="0.99" CC="8001603"/>
						<SP ID="P44_SP00480" HPOS="1554" VPOS="4456" WIDTH="40"/>
						<String ID="P44_ST00526" HPOS="1594" VPOS="4396" WIDTH="112" HEIGHT="41" CONTENT="sur" WC="0.95" CC="354"/>
						<SP ID="P44_SP00481" HPOS="1706" VPOS="4456" WIDTH="37"/>
						<String ID="P44_ST00527" HPOS="1743" VPOS="4379" WIDTH="58" HEIGHT="56" CONTENT="le" WC="0.60" CC="52"/>
						<SP ID="P44_SP00482" HPOS="1801" VPOS="4456" WIDTH="39"/>
						<String ID="P44_ST00528" HPOS="1840" VPOS="4379" WIDTH="322" HEIGHT="56" CONTENT="tombeau" WC="0.99" CC="0006406"/>
						<SP ID="P44_SP00483" HPOS="2162" VPOS="4456" WIDTH="40"/>
						<String ID="P44_ST00529" HPOS="2202" VPOS="4378" WIDTH="80" HEIGHT="56" CONTENT="de" WC="1.00" CC="00"/>
						<SP ID="P44_SP00484" HPOS="2282" VPOS="4456" WIDTH="44"/>
						<String ID="P44_ST00530" HPOS="2326" VPOS="4378" WIDTH="181" HEIGHT="57" CONTENT="Jules" WC="0.99" CC="04400"/>
						<SP ID="P44_SP00485" HPOS="2507" VPOS="4456" WIDTH="42"/>
						<String ID="P44_ST00531" HPOS="2549" VPOS="4378" WIDTH="351" HEIGHT="73" CONTENT="Laforgue," WC="0.99" CC="107050600"/>
						<SP ID="P44_SP00486" HPOS="2900" VPOS="4456" WIDTH="39"/>
						<String ID="P44_ST00532" HPOS="2939" VPOS="4379" WIDTH="193" HEIGHT="56" CONTENT="triste" WC="0.99" CC="053050"/>
						<SP ID="P44_SP00487" HPOS="3132" VPOS="4456" WIDTH="59"/>
						<String ID="P44_ST00533" HPOS="3191" VPOS="4381" WIDTH="325" HEIGHT="56" CONTENT="chanteur" WC="0.98" CC="17077066"/>
						<SP ID="P44_SP00488" HPOS="3516" VPOS="4456" WIDTH="56"/>
						<String ID="P44_ST00534" HPOS="3572" VPOS="4381" WIDTH="81" HEIGHT="58" CONTENT="de" WC="1.00" CC="00"/>
					</TextLine>
					<TextLine ID="P44_TL00047" HPOS="736" VPOS="4462" WIDTH="2917" HEIGHT="77">
						<String ID="P44_ST00535" HPOS="736" VPOS="4466" WIDTH="464" HEIGHT="73" CONTENT="complaintes," WC="0.99" CC="000029046004"/>
						<SP ID="P44_SP00489" HPOS="1200" VPOS="4539" WIDTH="52"/>
						<String ID="P44_ST00536" HPOS="1252" VPOS="4466" WIDTH="237" HEIGHT="71" CONTENT="joueur" WC="0.98" CC="457016"/>
						<SP ID="P44_SP00490" HPOS="1489" VPOS="4539" WIDTH="53"/>
						<String ID="P44_ST00537" HPOS="1542" VPOS="4464" WIDTH="249" HEIGHT="73" CONTENT="d'orgie" WC="0.99" CC="0465050"/>
						<SP ID="P44_SP00491" HPOS="1791" VPOS="4539" WIDTH="56"/>
						<String ID="P44_ST00538" HPOS="1847" VPOS="4464" WIDTH="78" HEIGHT="56" CONTENT="de" WC="0.84" CC="03"/>
						<SP ID="P44_SP00492" HPOS="1925" VPOS="4539" WIDTH="50"/>
						<String ID="P44_ST00539" HPOS="1975" VPOS="4462" WIDTH="342" HEIGHT="68" CONTENT="Barbarie," WC="0.99" CC="005505203"/>
						<SP ID="P44_SP00493" HPOS="2317" VPOS="4539" WIDTH="56"/>
						<String ID="P44_ST00540" HPOS="2373" VPOS="4462" WIDTH="227" HEIGHT="58" CONTENT="ombre" WC="0.98" CC="20661"/>
						<SP ID="P44_SP00494" HPOS="2600" VPOS="4539" WIDTH="56"/>
						<String ID="P44_ST00541" HPOS="2656" VPOS="4462" WIDTH="371" HEIGHT="70" CONTENT="d'Hamlet," WC="0.83" CC="040012024"/>
						<SP ID="P44_SP00495" HPOS="3027" VPOS="4539" WIDTH="57"/>
						<String ID="P44_ST00542" HPOS="3084" VPOS="4478" WIDTH="209" HEIGHT="59" CONTENT="cygne" WC="1.00" CC="00000"/>
						<SP ID="P44_SP00496" HPOS="3293" VPOS="4539" WIDTH="57"/>
						<String ID="P44_ST00543" HPOS="3350" VPOS="4466" WIDTH="87" HEIGHT="56" CONTENT="du" WC="0.66" CC="06"/>
						<SP ID="P44_SP00497" HPOS="3437" VPOS="4539" WIDTH="56"/>
						<String ID="P44_ST00544" HPOS="3493" VPOS="4481" WIDTH="160" HEIGHT="56" CONTENT="parc" WC="0.98" CC="0055"/>
					</TextLine>
					<TextLine ID="P44_TL00048" HPOS="734" VPOS="4547" WIDTH="2914" HEIGHT="76">
						<String ID="P44_ST00545" HPOS="734" VPOS="4550" WIDTH="325" HEIGHT="60" CONTENT="Monceau" WC="0.99" CC="0050066"/>
						<SP ID="P44_SP00498" HPOS="1059" VPOS="4610" WIDTH="26"/>
						<String ID="P44_ST00546" HPOS="1085" VPOS="4552" WIDTH="113" HEIGHT="71" CONTENT="qui" WC="0.99" CC="030"/>
						<SP ID="P44_SP00499" HPOS="1198" VPOS="4623" WIDTH="24"/>
						<String ID="P44_ST00547" HPOS="1222" VPOS="4567" WIDTH="37" HEIGHT="39" CONTENT="a" WC="1.00" CC="0"/>
						<SP ID="P44_SP00500" HPOS="1259" VPOS="4623" WIDTH="22"/>
						<String ID="P44_ST00548" HPOS="1281" VPOS="4549" WIDTH="244" HEIGHT="57" CONTENT="chanté" WC="0.98" CC="060613"/>
						<SP ID="P44_SP00501" HPOS="1525" VPOS="4623" WIDTH="20"/>
						<String ID="P44_ST00549" HPOS="1545" VPOS="4566" WIDTH="73" HEIGHT="40" CONTENT="sa" WC="0.59" CC="08"/>
						<SP ID="P44_SP00502" HPOS="1618" VPOS="4623" WIDTH="20"/>
						<String ID="P44_ST00550" HPOS="1638" VPOS="4564" WIDTH="310" HEIGHT="41" CONTENT="romance" WC="0.99" CC="4000203"/>
						<SP ID="P44_SP00503" HPOS="1948" VPOS="4623" WIDTH="24"/>
						<String ID="P44_ST00551" HPOS="1972" VPOS="4550" WIDTH="210" HEIGHT="55" CONTENT="avant" WC="0.98" CC="60220"/>
						<SP ID="P44_SP00504" HPOS="2182" VPOS="4623" WIDTH="24"/>
						<String ID="P44_ST00552" HPOS="2206" VPOS="4547" WIDTH="77" HEIGHT="58" CONTENT="de" WC="1.00" CC="00"/>
						<SP ID="P44_SP00505" HPOS="2283" VPOS="4623" WIDTH="24"/>
						<String ID="P44_ST00553" HPOS="2307" VPOS="4549" WIDTH="273" HEIGHT="67" CONTENT="mourir," WC="0.99" CC="0026034"/>
						<SP ID="P44_SP00506" HPOS="2580" VPOS="4623" WIDTH="25"/>
						<String ID="P44_ST00554" HPOS="2605" VPOS="4549" WIDTH="256" HEIGHT="56" CONTENT="Pierrot" WC="0.99" CC="0002603"/>
						<SP ID="P44_SP00507" HPOS="2861" VPOS="4623" WIDTH="24"/>
						<String ID="P44_ST00555" HPOS="2885" VPOS="4547" WIDTH="262" HEIGHT="69" CONTENT="céleste," WC="1.00" CC="00302002"/>
						<SP ID="P44_SP00508" HPOS="3147" VPOS="4623" WIDTH="22"/>
						<String ID="P44_ST00556" HPOS="3169" VPOS="4566" WIDTH="254" HEIGHT="56" CONTENT="pauvre" WC="0.99" CC="005060"/>
						<SP ID="P44_SP00509" HPOS="3423" VPOS="4623" WIDTH="22"/>
						<String ID="P44_ST00557" HPOS="3445" VPOS="4550" WIDTH="203" HEIGHT="72" CONTENT="jeune" WC="0.98" CC="42540"/>
					</TextLine>
					<TextLine ID="P44_TL00049" HPOS="732" VPOS="4633" WIDTH="2916" HEIGHT="72">
						<String ID="P44_ST00558" HPOS="732" VPOS="4637" WIDTH="270" HEIGHT="57" CONTENT="homme" WC="0.99" CC="60000"/>
						<SP ID="P44_SP00510" HPOS="1002" VPOS="4694" WIDTH="28"/>
						<String ID="P44_ST00559" HPOS="1030" VPOS="4637" WIDTH="82" HEIGHT="56" CONTENT="de" WC="0.78" CC="04"/>
						<SP ID="P44_SP00511" HPOS="1112" VPOS="4694" WIDTH="25"/>
						<String ID="P44_ST00560" HPOS="1137" VPOS="4637" WIDTH="66" HEIGHT="57" CONTENT="la" WC="1.00" CC="00"/>
						<SP ID="P44_SP00512" HPOS="1203" VPOS="4694" WIDTH="26"/>
						<String ID="P44_ST00561" HPOS="1229" VPOS="4635" WIDTH="177" HEIGHT="70" CONTENT="lune," WC="0.97" CC="46634"/>
						<SP ID="P44_SP00513" HPOS="1406" VPOS="4705" WIDTH="31"/>
						<String ID="P44_ST00562" HPOS="1437" VPOS="4635" WIDTH="438" HEIGHT="58" CONTENT="douloureuse" WC="0.99" CC="03650550500"/>
						<SP ID="P44_SP00514" HPOS="1875" VPOS="4705" WIDTH="29"/>
						<String ID="P44_ST00563" HPOS="1904" VPOS="4635" WIDTH="366" HEIGHT="56" CONTENT="caricature" WC="1.00" CC="0002002550"/>
						<SP ID="P44_SP00515" HPOS="2270" VPOS="4705" WIDTH="32"/>
						<String ID="P44_ST00564" HPOS="2302" VPOS="4633" WIDTH="80" HEIGHT="56" CONTENT="de" WC="1.00" CC="00"/>
						<SP ID="P44_SP00516" HPOS="2382" VPOS="4705" WIDTH="25"/>
						<String ID="P44_ST00565" HPOS="2407" VPOS="4633" WIDTH="361" HEIGHT="58" CONTENT="lui-même." WC="0.99" CC="050305000"/>
						<SP ID="P44_SP00517" HPOS="2768" VPOS="4705" WIDTH="30"/>
						<String ID="P44_ST00566" HPOS="2798" VPOS="4633" WIDTH="395" HEIGHT="58" CONTENT="Baudelaire" WC="1.00" CC="0060050060"/>
						<SP ID="P44_SP00518" HPOS="3193" VPOS="4705" WIDTH="32"/>
						<String ID="P44_ST00567" HPOS="3225" VPOS="4635" WIDTH="166" HEIGHT="59" CONTENT="était" WC="1.00" CC="02000"/>
						<SP ID="P44_SP00519" HPOS="3391" VPOS="4705" WIDTH="29"/>
						<String ID="P44_ST00568" HPOS="3420" VPOS="4640" WIDTH="179" HEIGHT="53" CONTENT="mort" WC="0.99" CC="0060"/>
						<SP ID="P44_SP00520" HPOS="3599" VPOS="4705" WIDTH="32"/>
						<String ID="P44_ST00569" HPOS="3631" VPOS="4652" WIDTH="17" HEIGHT="53" CONTENT=";" WC="0.70" CC="2"/>
					</TextLine>
					<TextLine ID="P44_TL00050" HPOS="732" VPOS="4718" WIDTH="2916" HEIGHT="75">
						<String ID="P44_ST00570" HPOS="732" VPOS="4720" WIDTH="92" HEIGHT="59" CONTENT="les" WC="0.98" CC="500"/>
						<SP ID="P44_SP00521" HPOS="824" VPOS="4779" WIDTH="39"/>
						<String ID="P44_ST00571" HPOS="863" VPOS="4720" WIDTH="330" HEIGHT="61" CONTENT="dernières" WC="0.99" CC="004217604"/>
						<SP ID="P44_SP00522" HPOS="1193" VPOS="4781" WIDTH="36"/>
						<String ID="P44_ST00572" HPOS="1229" VPOS="4720" WIDTH="203" HEIGHT="59" CONTENT="fleurs" WC="0.98" CC="750430"/>
						<SP ID="P44_SP00523" HPOS="1432" VPOS="4781" WIDTH="39"/>
						<String ID="P44_ST00573" HPOS="1471" VPOS="4720" WIDTH="89" HEIGHT="57" CONTENT="du" WC="0.70" CC="05"/>
						<SP ID="P44_SP00524" HPOS="1560" VPOS="4781" WIDTH="36"/>
						<String ID="P44_ST00574" HPOS="1596" VPOS="4720" WIDTH="135" HEIGHT="57" CONTENT="Mal" WC="1.00" CC="000"/>
						<SP ID="P44_SP00525" HPOS="1731" VPOS="4781" WIDTH="34"/>
						<String ID="P44_ST00575" HPOS="1765" VPOS="4718" WIDTH="341" HEIGHT="59" CONTENT="séchaient" WC="0.99" CC="050504000"/>
						<SP ID="P44_SP00526" HPOS="2106" VPOS="4781" WIDTH="37"/>
						<String ID="P44_ST00576" HPOS="2143" VPOS="4720" WIDTH="186" HEIGHT="56" CONTENT="entre" WC="0.99" CC="03230"/>
						<SP ID="P44_SP00527" HPOS="2329" VPOS="4781" WIDTH="34"/>
						<String ID="P44_ST00577" HPOS="2363" VPOS="4718" WIDTH="93" HEIGHT="56" CONTENT="les" WC="1.00" CC="000"/>
						<SP ID="P44_SP00528" HPOS="2456" VPOS="4781" WIDTH="36"/>
						<String ID="P44_ST00578" HPOS="2492" VPOS="4732" WIDTH="201" HEIGHT="61" CONTENT="pages" WC="0.99" CC="00900"/>
						<SP ID="P44_SP00529" HPOS="2693" VPOS="4793" WIDTH="39"/>
						<String ID="P44_ST00579" HPOS="2732" VPOS="4718" WIDTH="92" HEIGHT="58" CONTENT="du" WC="0.61" CC="07"/>
						<SP ID="P44_SP00530" HPOS="2824" VPOS="4793" WIDTH="32"/>
						<String ID="P44_ST00580" HPOS="2856" VPOS="4718" WIDTH="167" HEIGHT="59" CONTENT="livre" WC="0.99" CC="40014"/>
						<SP ID="P44_SP00531" HPOS="3023" VPOS="4793" WIDTH="38"/>
						<String ID="P44_ST00581" HPOS="3061" VPOS="4720" WIDTH="79" HEIGHT="57" CONTENT="de" WC="0.82" CC="03"/>
						<SP ID="P44_SP00532" HPOS="3140" VPOS="4793" WIDTH="34"/>
						<String ID="P44_ST00582" HPOS="3174" VPOS="4718" WIDTH="68" HEIGHT="63" CONTENT="la" WC="0.42" CC="19"/>
						<SP ID="P44_SP00533" HPOS="3242" VPOS="4793" WIDTH="35"/>
						<String ID="P44_ST00583" HPOS="3277" VPOS="4721" WIDTH="131" HEIGHT="70" CONTENT="vie," WC="0.97" CC="8003"/>
						<SP ID="P44_SP00534" HPOS="3408" VPOS="4793" WIDTH="35"/>
						<String ID="P44_ST00584" HPOS="3443" VPOS="4720" WIDTH="205" HEIGHT="61" CONTENT="fleurs" WC="0.97" CC="760554"/>
					</TextLine>
				</TextBlock>
			</PrintSpace>
		</Page>
	</Layout>
</alto>
