4142 5646
782 4860 81 63 20

695 562 498 88 attrapassent
1220 556 122 70 des
1369 551 350 72 maladies
1746 548 501 80 vénériennes,
2281 563 126 49 car
2434 545 430 67 autrement
2889 543 176 66 tous
3108 540 106 69 les
3243 541 344 71 hommes

695 655 465 89 prendraient
1198 651 122 68 des
1357 648 193 80 ailes,
1590 646 72 68 la
1697 650 192 62 terre
1929 641 224 70 serait
2187 638 386 69 inhabitée
2612 641 77 64 et
2723 636 51 69 il
2815 636 134 90 n'y
2986 634 254 71 aurait
3287 634 173 92 plus
3495 638 90 69 de

695 750 235 69 raison
976 768 181 69 pour
1196 746 71 68 la
1308 741 442 71 bombarder
1794 739 100 68 du
1939 738 188 69 haut
2171 736 127 68 des
2346 734 167 70 airs.

874 1049 227 80 Alors,
1169 1046 323 69 dernière
1555 1044 416 90 espérance,
2043 1041 326 69 Candide
2435 1044 358 63 retourna
2857 1037 193 70 dans
3111 1037 70 70 le
3247 1037 335 73 Dorado.

690 1144 166 68 L'or
891 1144 202 68 avait
1128 1142 295 88 disparu
1462 1141 127 66 des
1624 1142 273 77 routes,
1938 1142 76 63 et
2048 1137 66 68 le
2149 1134 495 91 lapis-lazzuli
2684 1134 190 68 était
2910 1132 335 70 enfermé
3284 1136 189 69 dans
3509 1136 76 69 la

686 1239 310 86 banque.
1055 1236 134 67 Les
1245 1239 347 63 moutons
1650 1251 259 71 rouges
1965 1230 403 70 formaient
2425 1251 146 47 une
2628 1229 283 89 grande
2972 1229 273 69 armée.
3309 1229 105 69 Le
3473 1232 109 68 roi

688 1332 262 88 prêcha
1000 1354 13 44 :
1064 1357 25 36 «
1133 1330 203 68 Nous
1382 1349 90 47 ne
1518 1346 338 71 pouvons
1904 1327 164 90 plus
2115 1330 232 63 rester
2393 1327 42 68 à
2481 1325 220 70 l'état
2749 1325 89 68 de
2888 1324 287 89 mythe,
3208 1325 223 68 isolés
3480 1327 105 68 du

686 1427 263 66 monde
986 1430 74 63 et
1103 1423 357 70 enfermés
1509 1427 183 66 dans
1741 1444 132 47 nos
1921 1427 443 85 montagnes
2403 1449 48 41 ».
2498 1420 374 71 Cacambo
2911 1420 95 68 fit
3045 1420 224 70 échec
3309 1442 98 48 au
3446 1423 134 68 roi.

686 1520 434 88 Cunégonde
1172 1520 117 68 fut
1342 1518 484 70 électrocutée
1878 1539 188 67 pour
2117 1517 210 69 avoir
2378 1517 105 67 bu
2537 1517 90 67 de
2678 1517 72 67 la
2803 1517 225 67 bière.
3087 1517 105 67 Et
3247 1515 337 71 Candide

685 1613 115 68 fut
830 1615 200 88 grillé
1062 1635 134 68 par
1225 1615 66 68 le
1325 1617 235 64 même
1594 1613 315 90 procédé
1943 1633 186 68 pour
2163 1615 154 66 être
2351 1633 200 46 venu
2586 1613 186 66 dans
2805 1611 69 70 le
2910 1632 191 69 pays
3135 1632 176 49 sans
3348 1613 234 90 qu'on

685 1708 101 88 l'y
832 1710 105 66 ait
983 1708 277 90 appelé.
1318 1708 95 69 Ils
1460 1708 413 90 pleuraient
1919 1708 171 68 bien
2137 1713 173 63 tous
2361 1708 218 68 deux.
2637 1706 129 70 Six
2813 1708 146 68 rois
3009 1706 354 70 détrônés
3413 1728 129 70 pas-

686 1803 239 68 sèrent
961 1823 89 48 en
1088 1803 386 68 mendiant
1508 1804 157 67 leur
1711 1823 286 70 souper.
2026 1803 100 68 Et
2165 1803 357 88 Pangloss
2559 1803 357 90 expliqua
2955 1804 43 68 à
3050 1801 335 70 Candide
3436 1823 148 71 que

685 1899 167 63 tout
893 1896 183 68 était
1113 1918 186 68 pour
1335 1898 66 66 le
1441 1898 271 79 mieux,
1756 1898 351 89 puisqu'il
2148 1898 291 67 n'avait
2476 1898 273 89 jamais
2789 1898 119 67 été
2949 1898 245 69 arrêté
3235 1918 194 69 pour
3467 1918 117 47 ses

686 1991 193 67 vrais
937 1991 279 81 crimes,
1274 1991 460 71 l'assassinat
1792 1992 178 70 d'un
2029 1992 185 81 Juif,
2278 1992 179 68 d'un
2518 1992 349 70 Chrétien
2925 1998 79 62 et
3064 1992 184 70 d'un
3309 1992 269 72 Noble.

878 2263 176 68 Vers
1084 2265 339 90 l'époque
1458 2267 178 67 d'un
1673 2267 390 83 armistice,
2104 2267 370 71 Cacambo
2508 2268 97 68 fit
2640 2268 219 70 échec
2894 2274 78 64 et
3015 2272 188 68 mat.

693 2382 25 35 «
761 2355 88 69 Je
889 2358 260 68 l'avais
1191 2360 254 88 prévu,
1494 2360 112 69 dit
1648 2362 298 69 Martin.
1995 2362 100 67 Le
2141 2362 123 89 jeu
2310 2363 127 68 des
2485 2363 257 70 échecs
2788 2385 188 48 nous
3021 2370 117 63 est
3184 2363 295 70 néfaste
3528 2390 52 48 ».

693 2475 27 36 «
762 2450 139 69 Pas
947 2451 97 68 du
1086 2456 193 78 tout,
1323 2455 103 67 lui
1472 2455 344 89 répondit
1868 2456 379 90 Pangloss.
2288 2456 203 70 Vous
2537 2460 156 68 êtes
2739 2465 186 76 mat,
2971 2460 54 68 il
3070 2465 117 63 est
3240 2461 193 80 vrai,
3482 2480 100 49 ou

693 2543 244 90 plutôt
974 2551 210 63 votre
1225 2548 140 68 Roi
1406 2555 112 62 est
1558 2555 180 76 mat,
1782 2551 186 70 mais
2005 2573 190 48 vous
2237 2573 182 48 avez
2457 2555 261 89 gagné.
2767 2555 141 69 Car
2947 2556 59 68 si
3048 2577 193 47 vous
3284 2556 298 68 n'aviez

693 2658 130 68 pas
857 2641 175 66 sorti
1069 2648 208 62 votre
1318 2644 279 82 cheval,
1640 2646 55 66 si
1734 2666 187 48 vous
1960 2648 287 69 n'aviez
2280 2670 133 69 pas
2451 2649 282 70 avancé
2766 2651 67 70 le
2871 2651 154 81 fou,
3064 2653 171 88 puis
3267 2651 74 71 la
3375 2653 205 66 reine

695 2736 74 62 et
808 2734 65 66 le
915 2734 171 88 pion
1130 2737 124 89 qui
1294 2737 73 70 la
1411 2739 398 81 défendait,
1856 2763 188 47 vous
2088 2743 187 67 étiez
2317 2744 442 90 vainqueur.
2808 2744 401 73 D'ailleurs
3255 2748 59 69 si
3358 2751 222 64 votre

698 2826 406 71 adversaire
1164 2832 203 68 avait
1423 2834 284 68 sacrifié
1765 2841 262 83 quatre
2085 2858 328 69 paysans
2471 2844 78 65 et
2605 2861 81 49 sa
2742 2844 176 66 tour
2977 2842 188 70 dans
3225 2842 106 70 les
3387 2842 191 68 trois

698 2920 340 85 premiers
1088 2944 245 68 coups,
1382 2925 51 66 il
1480 2927 187 70 était
1712 2931 339 88 paralysé
2098 2936 77 62 et
2222 2934 259 86 perdu,
2534 2939 76 63 et
2645 2936 424 67 considérez
3108 2937 184 90 qu'il
3328 2936 252 69 aurait

700 3032 98 66 pu
840 3034 87 46 en
971 3015 149 68 être
1162 3019 181 67 ainsi
1377 3046 46 40 ».
1472 3047 27 36 «
1530 3022 165 68 Cela
1738 3029 110 61 est
1890 3025 183 80 vrai,
2110 3025 114 70 dit
2268 3027 350 69 Candide.
2639 3054 25 36 »
2706 3030 102 68 Et
2837 3030 91 70 ils
2971 3032 606 68 commencèrent

700 3124 139 49 une
871 3110 330 68 nouvelle
1231 3113 258 87 partie.
1526 3142 26 36 «
1582 3115 322 71 Couvrez
1931 3120 68 68 le
2027 3120 107 68 roi
2166 3122 127 90 qui
2324 3127 115 64 est
2466 3146 91 47 en
2590 3125 301 90 danger,
2927 3127 110 69 dit
3070 3129 442 89 Pangloss...
3550 3152 27 38 »

703 3196 100 70 Et
842 3203 327 87 pendant
1209 3227 78 47 ce
1326 3212 268 86 temps,
1640 3212 365 71 Cacambo
2046 3215 330 71 trichait.

2273 3328 272 82 LÉON
2601 3343 779 89 PIERRE-QUINT.

1590 3552 532 90 Chansons
2187 3560 133 85 du
2393 3562 254 85 Bled

1448 3723 124 68 LE
1623 3725 564 74 MARCHAND
2241 3731 135 72 DE
2429 3735 362 74 FRUITS

891 3845 203 71 Voici
1127 3848 169 70 bien
1328 3852 215 91 vingt
1575 3857 268 69 années
1878 3880 143 68 que
2054 3862 251 88 j'étale
2341 3865 127 71 des
2500 3869 242 84 fruits,
2781 3879 256 66 contre
3069 3877 67 70 le
3170 3897 173 50 mur
3375 3879 95 68 de
3504 3879 76 68 la

708 3957 195 49 mosc
925 3941 152 80 uée,
1116 3945 41 66 à
1193 3948 116 63 cet
1342 3948 306 88 angle-ci
1684 3952 504 88 précisément.
2227 3960 90 68 Je
2349 3963 235 68 vends
2617 3965 194 71 bien.
2850 3970 90 68 Je
2974 3972 157 68 suis
3167 3994 273 47 connu.
3480 3972 98 69 Je

1016 4055 42 100 f.
1059 4057 81 45 ur
1265 4040 71 88 P^
1347 4060 123 47 ace
1480 4096 12 13 *
1524 4041 117 70 Au
1672 4048 311 85 premier
2014 4053 211 87 appel
2259 4055 100 66 du
2388 4060 356 83 muezzin,
2776 4062 73 89 je
2881 4065 288 90 déploie
3199 4089 127 49 ma
3357 4072 220 64 natte

712 4129 76 61 et
839 4128 20 84 j
898 4128 213 66 édifie
1164 4150 152 47 mes
1365 4138 141 76 tas,
1562 4136 362 90 réguliers,
1982 4143 294 90 alignés.
2334 4148 110 69 De
2496 4153 229 88 petits
2776 4162 118 66 tas
2949 4160 181 69 d'un
3184 4182 162 49 sou.
3407 4163 170 68 Une

712 4238 260 69 rangee
1015 4223 86 66 de
1142 4224 245 70 dattes
1426 4228 268 84 sèches,
1739 4233 45 66 d
1816 4234 252 72 abord.
2109 4239 118 70 Au
2264 4246 227 80 soleil,
2534 4248 181 69 c'est
2754 4273 288 51 comme
3081 4278 103 48 un
3226 4258 352 90 chapelet

712 4333 42 47 a
801 4329 243 71 grains
1094 4317 44 66 d
1172 4338 100 47 or.
1325 4319 101 68 Et
1472 4324 186 87 puis,
1709 4328 300 71 suivant
2056 4334 71 68 la
2175 4336 266 85 saison,
2495 4341 125 70 des
2667 4365 273 69 prunes
2987 4351 356 70 violettes
3397 4353 180 68 d'où

710 4412 242 61 suinte
986 4429 98 46 un
1118 4412 190 66 beau
1340 4416 166 66 miel
1538 4436 163 69 gras
1736 4443 15 56 ;
1790 4443 93 45 ou
1919 4424 122 69 des
2076 4427 321 73 abricots
2429 4436 203 69 hâlés
2666 4461 286 51 comme
2987 4446 129 68 des
3152 4466 293 66 nuques
3482 4446 95 68 de

703 4517 281 70 vierges
1016 4554 17 26 ,
1072 4522 92 46 ou
1203 4505 123 66 des
1360 4505 232 90 figues
1628 4512 277 71 dodues
1941 4539 281 51 comme
2258 4526 127 67 des
2419 4532 399 72 mamelles.
2859 4538 200 69 Pour
3091 4541 106 68 les
3233 4558 344 64 oranges,

707 4612 37 46 c
774 4598 112 60 est
923 4602 302 61 suivant
1259 4598 72 70 la
1367 4602 201 68 taille
1602 4627 14 44 :
1662 4607 215 83 deux,
1921 4632 93 48 ou
2053 4617 181 68 trois
2266 4641 17 57 ;
2325 4626 258 84 quand
2623 4627 171 70 elles
2835 4637 176 63 sont
3048 4656 102 46 un
3191 4656 150 63 peu
3380 4639 162 64 rata-

742 4705 195 49 mees
971 4693 78 63 et
1081 4690 437 86 daitieuses,
1557 4719 35 47 c
1624 4705 112 63 est
1768 4703 203 72 trois.
2012 4705 108 71 De
2154 4714 241 71 même
2429 4717 128 69 des
2593 4724 503 74 mandarines.
3133 4729 144 69 Les
3313 4729 267 69 raisins
