4323 5626
410 5189 145 68 200

409 489 137 69 Der
602 487 155 71 Duft
808 487 120 71 des
978 487 309 71 ehemals
1337 490 416 82 verspeisten
1806 484 342 71 Rotkohls

409 600 118 70 hat
585 602 130 66 sich
778 600 167 68 auch
1005 599 145 69 hier
1216 605 114 78 gut
1389 597 340 85 gehalten.
1846 597 163 69 Man
2070 600 80 65 ist

407 716 69 64 in
512 709 361 71 Friesland.
952 707 220 71 Zwölf
1205 709 233 69 Stühle
1487 714 259 64 warten
1792 731 120 45 um
1946 710 202 66 einen

407 821 252 82 langen
708 821 215 81 Tisch,
981 819 122 69 auf
1155 819 161 69 dem
1377 822 269 66 einsam
1704 822 112 65 ein
1867 819 282 69 Schwan

407 953 125 45 aus
570 927 165 71 Glas
768 934 274 64 träumt.
1115 927 333 70 Vielleicht
1497 931 82 64 ist
1626 948 71 47 es
1748 929 151 71 eine
1939 924 210 73 Gans.

407 1039 156 68 Von
622 1037 135 70 den
817 1037 313 70 Wänden
1193 1034 194 85 grüßt
1447 1036 333 79 Holland,
1840 1036 127 69 das
2027 1034 80 69 be-

409 1146 367 69 nachbarte
840 1146 412 69 freundliche
1321 1144 336 69 Ausland.
1751 1144 185 69 Alles
2004 1166 145 47 was

407 1254 178 69 Delft
642 1274 93 49 an
785 1254 260 69 Tellern
1106 1252 266 88 besitzt,
1435 1252 369 70 klammert
1862 1254 132 68 sich
2055 1273 93 49 an

407 1366 135 68 den
578 1364 330 81 Wänden,
959 1384 129 48 nur
1123 1362 207 70 durch
1379 1366 112 66 ein
1523 1361 369 71 friesisches
1928 1361 221 69 Büfett

409 1479 269 78 gestört.
756 1476 184 68 Auch
991 1472 109 70 die
1135 1472 246 70 Plastik
1431 1476 80 64 ist
1562 1474 174 66 nicht
1768 1489 380 66 vergessen.

410 1584 420 68 Künstliches
923 1581 309 84 Geflügel
1338 1586 124 64 mit
1563 1584 232 66 echten
1892 1581 256 71 Federn

407 1698 281 62 wässert
785 1693 133 67 den
1017 1689 323 71 Gaumen
1436 1713 161 47 zum
1696 1689 204 70 Mahl.
2033 1689 115 71 Ein

409 1801 318 68 Nähtisch
824 1803 301 66 erinnert
1203 1820 93 47 an
1377 1798 112 69 die
1584 1798 298 84 gnädige
1960 1798 188 69 Frau.

414 1909 416 80 Unberührt,
881 1908 100 69 als
1033 1908 95 69 ob
1177 1913 95 64 sie
1323 1908 176 69 eben
1550 1930 140 47 von
1741 1906 121 71 der
1912 1906 236 71 Arbeit

412 2018 503 84 aufgestanden
966 2023 100 64 ist.

414 2162 183 78 „Das
630 2162 302 69 Zimmer
967 2162 222 69 kostet
1228 2182 131 49 nur
1408 2162 481 69 zehntausend
1924 2162 217 69 Mark.

407 2270 154 69 Den
630 2272 282 67 Schwan
981 2270 132 68 will
1184 2270 173 69 Herr
1430 2270 272 69 Doktor
1773 2270 371 85 allerdings

409 2400 164 65 gern
625 2378 342 72 behalten.
1084 2380 253 83 Wegen
1387 2383 187 67 einer
1618 2380 488 83 Jugenderinne-

414 2617 200 87 „Und
688 2617 163 70 alles
925 2617 259 70 andere
1257 2617 130 70 will
1460 2639 71 48 er
1608 2617 289 70 wirklich
1977 2617 133 70 fort-

410 2726 219 84 geben
651 2726 29 69 ?

409 2875 260 76 „Unter
719 2895 150 59 uns,
918 2876 188 66 mein
1157 2873 191 81 Herr,
1386 2876 122 65 wir
1560 2871 342 70 brauchen
1955 2871 193 71 Geld.

407 2983 93 68 So
534 2988 110 63 ein
680 2981 364 70 Irrenhaus
1079 2981 222 70 kostet
1330 2986 112 65 ein
1479 2981 410 83 Vermögen,
1938 2986 174 65 trotz-

407 3091 163 71 dem
605 3113 207 48 unser
846 3091 172 70 Herr
1052 3091 100 70 als
1184 3093 164 68 Arzt
1384 3091 330 70 Prozente
1763 3090 381 69 bekommt.

407 3201 127 70 Die
583 3203 200 69 Leute
840 3201 231 70 lassen
1135 3203 130 66 sich
1328 3203 168 68 auch
1547 3203 176 68 nicht
1772 3201 200 68 mehr
2019 3205 129 64 wie

405 3310 232 71 früher
688 3310 420 69 behandeln.
1213 3311 107 68 Sie
1370 3310 155 69 sind
1575 3313 70 66 in
1696 3313 189 66 einer
1934 3310 214 69 Kasse

407 3420 173 69 oder
630 3420 222 83 gehen
903 3420 256 69 einfach
1211 3423 70 65 in
1333 3418 110 70 die

412 3567 212 86 „Also
673 3589 142 46 was
868 3565 220 70 kostet
1137 3587 144 46 nun
1332 3565 110 70 die

409 3713 179 78 „Wir
629 3711 232 69 haben
900 3711 144 69 hier
1079 3713 175 67 noch
1289 3711 125 69 das
1450 3711 523 81 Schlafzimmer,
2021 3711 123 69 das

407 3826 252 65 nimmt
717 3821 118 70 der
896 3821 173 70 Herr
1128 3821 275 70 Doktor
1460 3824 141 67 mit.
1696 3819 265 72 Ebenso
2021 3821 125 70 das

407 3931 738 83 Operationszimmer.
1254 3929 127 68 Die
1453 3928 199 71 Miete
1724 3929 222 68 kostet
2019 3951 127 48 nur

407 4040 552 84 hundertfünfzig

409 4189 189 77 „Das
647 4192 83 64 ist
779 4189 175 67 nicht
1001 4192 209 64 teuer.
1287 4185 292 70 Welcher
1614 4183 317 70 Abstand
1975 4183 171 70 wird

409 4444 267 76 „Unser
749 4443 173 69 Herr
979 4443 276 67 Doktor
1326 4441 307 83 verlangt
1697 4439 249 70 keinen
2000 4437 96 70 Ab-

407 4554 222 70 stand.
717 4554 107 68 Sie
873 4558 286 64 müssen
1210 4573 132 49 nur
1391 4551 112 69 die
1548 4549 247 71 beiden
1846 4549 302 68 Zimmer

2265 484 105 71 für
2473 484 926 86 zweiundzwanzigtausend
3496 484 196 69 Mark
3799 484 163 69 über-

2270 721 262 79 „Wieso
2591 721 275 69 kommt
2922 721 120 69 der
3093 721 171 69 Herr
3314 721 275 69 Doktor
3645 719 122 71 auf
3819 721 185 67 diese

2263 956 215 80 „Herr
2549 956 273 69 Doktor
2893 958 230 71 haben
3192 961 133 66 sich
3396 980 71 47 es
3538 978 179 63 ganz
3777 976 227 65 genau

2261 1066 505 81 ausgerechnet.
2864 1066 76 69 Er
2989 1066 278 69 braucht
3314 1066 187 71 diese

2263 1193 230 80 „Aber
2556 1193 112 69 die
2732 1195 257 67 Sachen
3071 1195 230 69 haben
3384 1195 206 69 selbst
3648 1200 124 64 mit
3834 1195 163 69 dem

2261 1303 285 68 Schwan
2620 1303 366 68 höchstens
3060 1307 202 66 einen
3336 1305 178 69 Wert
3584 1327 144 47 von
3800 1308 162 65 zwei-

2258 1411 294 70 tausend

2266 1540 183 78 „Das
2510 1538 232 70 haben
2791 1538 110 70 die
2952 1540 308 70 anderen
3311 1540 471 71 Reflektanten
3833 1545 167 66 auch

2259 1657 249 78 gesagt,
2559 1649 166 69 aber
2774 1649 122 69 der
2947 1649 173 71 Herr
3159 1649 274 69 Doktor
3482 1654 298 78 meinen,
3831 1672 169 48 man

2258 1782 203 61 spare
2537 1759 136 69 den
2725 1759 305 83 Umzug;
3108 1777 179 51 neue
3347 1757 232 71 Möbel
3648 1759 156 69 sind
3877 1760 127 66 viel

2256 1874 283 64 teuerer.
2654 1867 163 69 Und
2867 1867 193 69 dann
3113 1872 234 64 müsse
3396 1889 171 46 man
3618 1865 386 83 bedenken,

2258 1977 135 71 daß
2466 1997 169 49 man
2706 1982 156 66 eine
2933 1977 378 83 komplette
3386 1979 419 83 Einrichtung
3882 1982 122 63 mit

2256 2087 561 70 künstlerischem
2869 2085 412 72 Geschmack
3333 2085 440 72 übernimmt.
3860 2087 142 68 Das

2259 2196 232 69 haben
2561 2196 112 69 die
2739 2196 311 69 anderen
3111 2194 471 71 Reflektanten
3651 2197 168 68 auch
3882 2218 79 45 zu-

2265 2433 201 81 „Und
2515 2456 142 46 was
2710 2433 230 69 haben
2991 2436 95 66 sie

2265 2563 182 78 „Das
2495 2561 250 70 wollen
2798 2565 96 66 sie
2942 2563 130 68 sich
3123 2563 176 68 noch

2265 2687 171 79 „Die
2485 2687 296 84 gnädige
2830 2685 169 71 Frau
3049 2690 83 66 ist
3179 2690 96 66 im
3326 2687 385 79 Irrenhaus,
3761 2690 239 78 sagten

2261 2798 125 68 Sie.
2480 2797 188 69 Aber
2723 2797 122 69 der
2894 2797 173 69 Herr
3118 2797 273 69 Doktor
3450 2800 81 66 ist
3589 2795 172 69 doch
3824 2814 180 64 ganz

2266 3035 178 83 „Der
2493 3034 134 71 lebt
2669 3039 154 79 jetzt
2874 3039 236 64 seinen
3160 3040 205 78 guten

2266 3162 320 80 „Grüften
2637 3164 108 68 Sie
2795 3164 120 70 ihn
2966 3164 210 78 schön

2266 3291 178 78 „Der
2493 3289 173 70 Herr
2717 3291 272 68 Doktor
3040 3289 234 70 haben
3325 3294 262 80 gesagt,
3636 3308 203 51 wenn
3892 3293 110 64 ein

2259 3399 383 70 Reflektant
2700 3401 211 68 schon
2962 3398 232 71 Möbel
3255 3399 144 80 hat,
3448 3398 239 69 würde
3746 3420 71 47 er
3877 3398 127 69 das

2261 3506 374 71 Eßzimmer
2705 3508 449 69 mitnehmen.
3269 3508 211 68 Dann
3548 3506 224 70 kostet
3839 3506 165 70 aber

2259 3618 121 69 der
2429 3618 213 69 Salon
2693 3616 628 71 fünfzehntausend

2265 3745 240 86 „Essen
2557 3745 107 69 Sie
2715 3745 146 69 hier
2911 3743 97 71 oft

2265 3874 138 86 „Ich
2446 3875 189 70 nicht.
2696 3874 187 69 Aber
2916 3874 112 69 die
3060 3870 385 73 Herrschaft
3479 3872 166 69 muß

2259 4001 127 71 Die
2420 4001 620 71 Oleanderbäume
3072 4004 253 68 zucken
3360 4019 434 51 zusammen.
3875 4001 129 69 Die

2259 4112 300 70 Schoner
2610 4111 261 71 ducken
2922 4114 132 68 sich
3121 4116 197 66 unter
3369 4111 311 81 hastigen
3733 4109 267 83 Tritten,

2259 4221 111 69 die
2425 4221 580 71 Renaissancetür
3071 4222 237 70 knarrt
3364 4217 431 71 verdrießlich
3856 4222 146 68 und

2258 4329 112 70 die
2417 4329 249 85 Augen
2717 4329 122 71 der
2889 4331 556 68 Küchenschürze
3504 4327 259 70 blicken
3824 4327 132 72 miß-

2258 4441 289 68 trauisch
2598 4439 222 70 hinter
2862 4439 137 70 den
3049 4436 584 86 davonjagenden
3668 4436 334 73 Fremden

2263 4549 140 68 her.
