4323 5626
403 5163 143 69 186

408 451 333 86 Gefährtin
790 451 68 72 T.
882 451 372 74 Zarnower
1303 456 109 69 die
1461 456 361 71 Zeitschrift

409 562 109 70 die
565 562 120 70 der
736 562 469 85 kämpfenden
1241 564 239 69 Neuen
1515 564 219 71 Kunst
1784 564 359 86 gewidmet

406 696 144 46 war
624 674 144 68 und
843 677 156 82 jene
1073 677 259 82 jungen
1415 674 315 71 Künstler
1810 698 120 47 um
2011 677 129 66 sich

408 782 272 80 scharte,
740 782 110 68 die
899 784 130 68 sich
1080 784 212 68 schon
1351 786 122 64 seit
1520 782 119 70 der
1688 789 223 65 ersten
1960 784 135 68 Aus-

406 891 286 83 stellung
751 894 94 65 im
904 891 195 83 Jahre
1153 901 174 59 1920
1386 898 195 62 unter
1640 893 163 69 dem
1864 893 279 67 Banner

406 999 337 70 Szczukas
814 1001 767 83 zusammengefunden
1657 1003 251 67 hatten.
2006 1001 137 69 Der

765 1109 122 70 der
956 1133 141 46 von
1156 1109 283 83 Anfang
1515 1135 90 44 an
1678 1114 186 65 seine
1935 1114 173 65 inter-

408 1219 355 68 nationale
795 1219 302 83 Haltung
1132 1219 300 83 betonte,
1483 1221 234 83 spielte
1749 1219 100 70 als
1884 1224 259 78 einzige

406 1328 361 69 Zeitschrift
836 1329 219 68 dieser
1104 1331 122 68 Art
1281 1333 70 64 in
1403 1329 209 70 Polen
1684 1333 155 66 eine
1896 1328 205 71 außer-

408 1436 369 71 ordentlich
829 1436 210 85 große
1073 1438 214 69 Rolle.
1344 1438 100 69 Im
1766 1443 211 78 zeigte
2011 1439 132 68 sich

406 1550 210 66 schon
713 1546 120 70 der
912 1548 461 83 Umschwung
1471 1551 68 65 in
1620 1548 120 68 der
1820 1548 323 83 Tätigkeit

408 1648 352 76 Szczukas.
897 1655 125 67 Die
1116 1653 287 71 Periode
1495 1655 647 71 leidenschaftlichen

406 1765 295 69 Suchens
777 1763 144 71 und
1004 1763 118 69 der
1204 1765 352 69 kritischen
1629 1765 301 84 Analyse
2001 1788 142 46 war

406 1871 317 70 vorüber.
823 1871 98 70 Im
1298 1873 278 83 begann
1630 1875 300 67 Szczuka
1993 1878 150 64 eine

406 1981 169 70 breit
663 1983 354 83 angelegte
1095 1983 354 83 Tätigkeit,
1534 1985 235 69 indem
1859 2007 71 45 er
2018 1983 125 69 das

406 2091 264 70 Schöne
721 2098 71 61 in
867 2091 120 70 der
1039 2091 336 70 utilitaren
1427 2093 217 70 Kunst
1691 2096 449 80 propagierte,

406 2205 183 64 einer
626 2200 237 83 Kunst,
914 2200 108 69 die
1071 2205 111 64 ein
1232 2223 212 48 neues
1475 2203 220 68 Leben
1729 2201 184 70 baut.
1983 2201 160 70 Hier

408 2312 132 82 gab
611 2332 73 47 er
757 2310 225 69 neben
1056 2315 236 66 seinen
1366 2312 320 69 früheren
1747 2313 395 70 abstrakten

406 2420 870 71 Laboratoriumsarbeiten
1337 2422 612 84 Photomontagen
1999 2423 143 68 und

404 2530 444 69 theoretische
897 2530 254 69 Artikel
1214 2530 269 81 heraus,
1552 2532 110 69 die
1712 2532 110 69 die
1869 2533 273 82 Losung

404 2662 166 46 vom
608 2640 335 68 utilitaren
980 2640 659 69 Konstruktivismus
1673 2640 467 69 verkündeten

404 2747 102 88 (er
555 2750 142 66 und
748 2747 93 69 Fr.
877 2748 67 68 T.
973 2747 373 71 Zarnower
1393 2770 232 48 waren
1676 2750 108 68 die
1833 2753 307 80 einzigen

404 2857 332 69 Vertreter
807 2857 222 68 dieser
1087 2857 372 84 Richtung),
1532 2860 142 68 und
1747 2858 396 68 verbreitete

408 2967 398 83 gleichzeitig
858 2985 180 51 neue
1073 2967 374 69 Methoden
1483 2969 119 69 des
1637 2970 312 68 Druckes.
1999 2969 143 67 Das

406 3075 508 83 Hauptgewicht
960 3077 171 81 legte
1180 3099 73 46 er
1293 3077 242 83 jedoch
1586 3077 120 69 auf
1742 3079 110 67 die
1888 3079 210 81 Propa-

406 3184 232 83 ganda
687 3189 186 64 einer
919 3204 230 51 neuen
1202 3187 381 68 Baukunst.

406 3294 71 67 In
526 3292 242 69 kurzer
801 3292 140 71 Zeit
990 3295 185 68 hatte
1222 3317 71 46 er
1342 3299 133 64 sich
1519 3297 108 68 die
1662 3295 480 71 Geheimnisse

404 3400 121 68 der
558 3400 646 70 architektonischen
1239 3402 467 71 Wissenschaft
1740 3409 403 78 angeeignet

406 3509 142 69 und
623 3509 184 69 schuf
877 3529 144 49 nun
1104 3512 525 68 monumentale
1700 3512 222 68 Stadt-
1998 3512 142 68 und

404 3619 693 84 Siedlungsprojekte,
1188 3622 144 68 und
1415 3627 434 78 propagierte
1928 3626 214 79 große

403 3727 591 71 Kollektivhäuser
1021 3732 123 65 mit
1156 3727 598 71 Gartenterrassen
1779 3734 95 64 im
1888 3731 250 69 Innern

404 3837 144 70 und
606 3839 449 68 maximalem
1109 3837 382 71 Luftzutritt.
1590 3839 72 69 In
1715 3839 134 69 den
1898 3841 240 69 letzten

398 3946 248 81 Jahren
706 3946 428 84 beschäftigte
1183 3949 131 66 sich
1366 3947 119 70 der
1544 3947 598 71 leidenschaftliche

403 4056 318 69 Künstler
762 4054 494 71 ausschließlich
1293 4061 122 64 mit
1449 4057 435 70 Architektur.
1945 4059 197 68 Seine

401 4162 325 71 Arbeiten
797 4186 236 47 waren
1117 4186 141 47 von
1342 4166 469 83 ungeheurem
1886 4167 254 70 Einfluß

401 4274 120 70 auf
587 4274 110 70 die
770 4294 217 63 ganze
1051 4277 212 82 junge
1320 4274 427 71 Generation
1806 4277 119 70 der
1984 4279 115 81 pol-

401 4386 271 68 nischen
724 4384 444 70 Architekten.

401 4494 337 70 Szczukas
789 4493 782 84 Kompromißlosigkeit
1627 4498 325 66 schreckte
2011 4496 129 68 alle

401 4601 271 71 Halben
733 4603 107 69 ab.
938 4603 238 84 Gegen
1249 4603 181 69 Ende
1498 4603 119 69 des
1678 4604 233 82 Jahres
1967 4611 171 61 1925

399 4709 283 86 erfolgte
738 4716 95 66 im
1210 4718 154 64 eine
1424 4713 330 82 Spaltung
1811 4714 327 68 zwischen

2255 454 244 83 denen,
2528 457 110 70 die
2663 456 232 71 bisher
2922 481 83 47 zu
3034 457 337 71 Szczukas
3396 457 317 85 gehalten
3742 457 253 83 hatten,

2253 588 143 45 was
2455 566 146 67 ihm
2655 567 240 83 jedoch
2956 589 132 48 nur
3146 569 201 68 mehr
3407 567 279 70 Freiheit
3745 571 70 66 in
3876 567 119 70 der

2255 674 525 86 konsequenten
2844 677 529 85 Durchführung
3432 683 224 64 seiner
3716 676 232 71 Grund-

2255 789 183 63 sätze
2487 784 153 81 gab.

2255 889 100 70 Im
2391 889 188 71 März
2629 901 170 61 1926
2849 899 444 78 organisierte
3342 918 90 59 er,
3483 896 191 69 ohne
3722 894 120 71 auf
3888 894 107 70 die

2257 1001 144 68 sich
2470 1001 535 73 auftürmenden
3070 1004 447 71 Hindernisse
3588 1030 84 45 zu
3742 1006 253 80 achten,

2257 1108 110 67 die
2433 1108 178 69 Erste
2668 1109 535 73 Internationale
3271 1114 437 83 Ausstellung
3769 1114 226 70 Neuer

2255 1216 420 69 Architektur
2709 1223 69 64 in
2819 1219 378 71 Warschau.
3283 1231 173 61 1927
3508 1224 220 68 nahm
3779 1246 73 46 er
3901 1245 93 47 an

2257 1324 120 70 der
2443 1326 437 86 Ausstellung
2949 1329 121 70 der
3139 1331 242 70 Neuen
3440 1333 419 69 Architektur
3925 1338 69 63 in

2257 1434 296 70 Moskau
2595 1436 129 68 teil.
2809 1438 96 67 Im
2949 1438 234 69 selben
3214 1439 201 82 Jahre
3456 1439 277 87 begann
3767 1463 71 48 er
3874 1445 121 66 mit

2257 1543 118 69 der
2436 1544 447 85 Herausgabe
2941 1548 122 68 der
3119 1548 359 71 Zeitschrift

2255 1658 70 64 in
2396 1655 122 67 der
2585 1678 71 44 er
2706 1655 326 71 Literaten
3105 1658 141 69 und
3307 1658 315 69 Künstler
3688 1683 120 44 zur
3877 1678 77 65 ge-

2257 1766 435 66 meinsamen
2770 1763 237 69 Arbeit
3085 1765 120 69 auf
3280 1765 160 69 dem
3515 1765 281 71 Gebiete
3874 1766 121 70 der

2255 1871 528 83 proletarischen
2834 1876 239 68 Kultur
3122 1876 376 68 sammelte.
3593 1875 76 69 Er
3718 1881 238 78 organi-

2255 1986 198 65 sierte
2518 1980 223 71 ferner
2809 1983 110 69 die
2985 1983 435 69 Gesellschaft
3486 1985 103 67 für
3650 1983 304 71 Arbeiter-

2257 2093 245 81 kultur,
2551 2091 109 70 die
2711 2095 130 66 sich
2892 2093 100 70 als
3026 2093 321 85 Aufgabe
3390 2093 110 70 die
3532 2093 298 85 Hebung
3876 2095 119 69 des

2257 2198 882 75 kulturell-künstlerischen
3161 2205 295 68 Niveaus
3479 2203 144 70 und
3637 2203 357 85 Schaffung

2255 2313 188 65 etnes
2492 2312 319 82 richtigen
2863 2313 562 81 Sport-Niveaus
3473 2312 106 69 für
3627 2312 110 69 die
3786 2317 209 66 breite

2257 2418 225 70 Masse
2550 2420 118 69 der
2743 2420 308 71 Arbeiter
3126 2422 255 83 gestellt
3451 2422 206 71 hatte.
3764 2423 230 70 Leider

3490 2507 8 12 /

2255 2528 237 70 wurde
2540 2532 186 67 diese
2765 2530 433 71 Gesellschaft
3246 2554 140 47 von
3437 2532 120 69 der
3606 2532 386 86 Regierung

2253 2640 175 66 nicht
2475 2638 374 85 legalisiert.
2948 2642 335 67 Szczukas
3330 2640 192 69 letzte
3571 2640 234 69 Arbeit
3850 2664 144 47 war

2255 2750 109 63 ein
2424 2747 256 67 Artikel
2739 2752 70 62 in
2868 2747 117 69 Nr.
3024 2757 39 59 4
3122 2747 120 69 der
3796 2753 199 65 unter

2255 2853 161 70 dem
2467 2855 159 70 Titel
2663 2857 263 78 „Kunst
2973 2857 144 69 und
3708 2862 71 66 in
3830 2858 162 68 dem

2257 2984 71 49 er
2365 2967 131 66 sich
2531 2970 122 65 mit
2682 2965 120 70 der
2827 2967 305 69 sozialen
3163 2967 298 83 Stellung
3495 2967 122 71 des
3642 2969 350 67 Künstlers

2255 3074 144 67 und
2450 3079 123 64 mit
2621 3075 159 68 dem
2816 3075 386 70 Verhältnis
3247 3077 121 68 der
3418 3077 322 85 heutigen
3777 3075 218 71 Kunst

2253 3209 85 44 zu
2389 3185 135 70 den
2575 3184 595 72 Arbeitermassen
3219 3187 406 83 beschäftigt.
3693 3187 301 69 Szczuka

2253 3317 143 44 war
2445 3297 110 66 ein
2604 3297 584 81 ausgezeichneter
3224 3297 486 83 Sportsmann,
3762 3317 71 48 er
3877 3316 77 62 ge-

2257 3404 196 67 hörte
2519 3426 85 45 zu
2653 3404 137 67 den
2855 3402 237 71 besten
3142 3404 383 84 Alpinisten
3579 3404 276 79 Polens;
3923 3426 72 47 er

2253 3512 471 83 verunglückte
2782 3517 69 66 in
2910 3514 136 69 den
3098 3514 270 84 Bergen
3430 3515 205 68 durch
3686 3514 108 69 die
3845 3515 98 68 Un-

2253 3624 493 81 vorsichtigkeit
2794 3629 188 64 eines
3029 3624 752 85 Ausflugteilnehmers.

2253 3731 158 67 Sein
2448 3731 147 69 Tod
2631 3731 317 71 bedeutet
2982 3737 201 65 einen
3229 3734 449 83 ungeheuren
3713 3732 279 70 Verlust.

2255 3841 127 67 Die
2448 3864 176 46 neue
2677 3842 220 68 Kunst
2944 3842 249 70 Polens
3263 3842 120 70 hat
3449 3842 198 70 ihren
3708 3841 284 84 größten

2255 3951 330 69 Vertreter
2634 3952 336 70 verloren.
3083 3952 205 71 Einen
3339 3954 357 81 Vertreter,
3744 3952 248 70 dessen

2245 4061 218 88 junge
2538 4061 274 83 Energie
2883 4066 126 64 mit
3085 4062 452 68 elementarer
3617 4059 188 69 Kraft
3882 4059 110 69 die

2253 4171 309 68 anderen
2692 4169 440 71 hinzureißen
3258 4167 360 82 verstand,
3744 4169 247 70 dessen

2253 4279 473 83 Schöpfermut
2773 4301 178 48 neue
2992 4281 201 81 Wege
3242 4279 259 70 bahnte
3552 4279 142 68 und
3744 4277 247 72 dessen

2255 4388 220 67 klarer
2526 4388 146 69 und
2722 4386 392 71 selbstloser
3144 4386 401 69 Idealismus
3596 4384 110 71 die
3738 4386 203 69 Atmo-

2255 4496 252 81 sphäre
2555 4499 152 65 eine
2756 4494 405 70 kraftvollen
3214 4491 780 86 Kompromißlosigkeit

2255 4628 120 43 um
2426 4608 131 63 sich
2607 4603 205 68 schuf.
