2238 3734
138 227 76 25 202

631 425 294 41 ZDENKO
972 424 252 41 FIBICH
1267 423 344 53 (1850-1900)

191 581 190 41 Zdenko
407 581 172 50 Fibich,
606 595 54 26 un
684 583 92 39 très
813 582 234 52 distingué
1084 583 304 51 compositeur
1406 582 201 52 tchèque,
1644 580 278 40 intéressant
1954 593 91 39 par
2083 582 39 38 le

137 646 180 38 charme
337 643 210 53 poétique
569 645 54 38 de
642 656 78 27 son
744 645 142 49 esprit
906 644 175 49 rêveur,
1104 646 61 37 les
1188 645 157 37 hautes
1362 642 197 54 qualités
1582 642 53 40 de
1655 644 124 50 style
1800 649 42 32 et
1865 642 52 40 de
1936 646 185 43 facture

137 707 79 52 qui
232 718 46 27 se
301 710 257 35 retrouvent
575 706 112 39 dans
712 712 145 33 toutes
877 718 70 27 ses
969 704 335 52 compositions,
1328 712 41 30 et
1391 717 70 27 ses
1482 705 239 38 tendances
1743 705 377 49 émancipatrices

136 766 40 40 d'
182 767 239 39 anciennes
429 766 236 53 formules
687 768 252 43 musicales,
962 767 144 39 trahit
1119 766 112 40 dans
1244 767 25 38 l
1275 778 151 28 œuvre
1441 765 110 54 qu'il
1569 778 25 26 a
1615 765 161 41 laissée
1795 766 27 38 V
1830 764 223 54 influence
2069 766 52 38 de

139 830 113 38 trois
275 835 185 32 maîtres
480 840 11 26 :
523 827 213 54 Wagner,
764 828 259 39 Schumann
1049 835 42 32 et
1111 828 233 40 Smetana.
1369 828 63 39 La
1461 826 191 41 Fiancée
1673 827 53 39 de
1749 825 217 52 Messine,
1982 825 137 52 obérez

138 902 52 27 en
214 888 30 41 3
263 896 137 36 actes,
419 891 187 50 paroles
627 888 226 40 dfOtokar
874 889 55 39 H
932 889 230 51 ostinsky,
1181 889 53 39 où
1260 889 33 39 il
1313 889 175 53 déploie
1496 901 122 39 pour
1644 890 43 37 la
1703 889 231 51 première
1946 888 103 52 fois
2071 900 48 26 sa

134 952 237 52 puissance
388 950 300 52 dramatique,
715 956 66 32 est
802 950 227 51 composée
1049 949 110 39 dans
1180 950 174 50 Vesprit
1374 950 53 37 de
1460 950 151 38 l'ecole
1649 950 382 38 néo-allemande.

191 1013 127 38 Dans
347 1025 67 26 ses
447 1023 223 40 ouvrages
705 1011 222 51 lyriques,
953 1011 154 37 chants
1130 1016 44 32 et
1201 1010 322 51 compositions
1541 1023 120 38 pour
1693 1010 155 51 piano,
1867 1012 106 49 plus
2015 1018 24 31 ci
2048 1012 5 9 1
2062 1023 57 25 un

139 1081 110 31 irait
282 1074 203 49 rappelle
510 1074 41 36 la
581 1072 225 52 langueur
820 1071 274 51 pénétrante
1117 1071 57 39 du
1194 1071 158 54 prince
1372 1071 77 39 des
1465 1070 183 49 Lieder,
1675 1072 56 39 R.
1764 1072 270 38 Schumann.
2057 1072 63 38 La

137 1135 218 38 tendance
373 1133 117 49 enfin
515 1133 129 52 qu'on
672 1144 236 41 remarque
931 1145 51 25 en
1007 1133 67 37 lui
1096 1131 272 40 d'atteindre
1390 1133 36 38 le
1451 1134 251 37 maximum
1722 1131 52 40 de
1804 1132 244 51 simplicité
2081 1140 42 31 et

136 1194 312 52 d'expression
491 1196 39 36 le
553 1206 143 39 range
712 1195 158 49 parmi
902 1194 61 37 les
987 1192 177 51 adeptes
1183 1195 60 37 les
1255 1195 106 50 plus
1382 1195 204 46 fervents
1608 1195 57 37 du
1685 1194 168 38 maître
1887 1194 230 39 Smetana.

191 1256 208 39 Parvenu
422 1254 25 39 à
483 1256 40 37 la
540 1256 253 50 possession
827 1256 218 49 complète
1075 1254 52 39 de
1148 1260 97 33 tous
1269 1256 62 37 les
1359 1267 191 36 moyens
1572 1262 44 32 et
1626 1254 25 39 à
1673 1255 42 39 la
1733 1255 148 52 pleine
1903 1253 218 41 maturité

136 1317 53 40 de
207 1329 77 27 son
313 1318 156 46 talent,
496 1317 33 38 il
545 1317 216 38 s'attache
785 1315 24 39 à
846 1314 180 54 élargir
1049 1317 42 37 la
1114 1321 146 40 forme
1283 1317 213 38 musicale
1523 1329 148 26 reçue.
1695 1314 41 41 Il
1759 1323 150 45 rompt
1929 1329 108 26 avec
2059 1316 62 38 les

135 1378 237 40 habitudes
390 1390 48 26 en
455 1390 47 26 ce
522 1376 110 54 qu'il
650 1378 219 38 substitue
888 1376 25 40 à
940 1378 40 38 la
1003 1381 107 35 voix
1124 1376 185 40 chantée
1333 1379 42 37 la
1392 1378 161 52 parole
1567 1378 211 52 poétique
1802 1378 114 38 libre
1926 1376 52 40 de
2002 1383 120 33 toute

136 1447 198 41 entrave,
361 1439 178 38 colorée
577 1440 241 38 seulement
849 1451 87 40 par
967 1438 264 39 l'orchestre
1271 1439 326 53 symphonique
1629 1439 227 48 moderne,
1896 1445 45 33 et
1964 1452 46 25 se
2022 1437 101 54 fait

135 1501 120 39 ainsi
273 1500 210 40 créateur
505 1501 57 38 du
595 1500 272 39 mélodrame
885 1502 210 50 scénique
1119 1500 228 40 moderne.

191 1563 65 38 La
280 1561 190 53 trilogie
492 1560 313 54 Hippodamie
828 1561 59 45 (le
912 1568 120 33 texte
1058 1568 66 32 est
1160 1562 58 38 du
1235 1563 127 48 poète
1389 1561 181 53 tchèque
1589 1560 38 41 1.
1656 1560 458 53 Frida-Vrchlicky),

136 1622 226 50 composée
385 1622 52 39 de
467 1622 113 39 trois
609 1622 179 40 drames
812 1623 292 52 remplissant
1128 1623 168 39 chacun
1321 1635 84 27 une
1423 1623 164 50 soirée,
1730 1623 85 39 Les
1844 1621 272 52 Fiançailles

136 1684 53 39 de
232 1683 164 54 Pelops
438 1683 72 52 (i),
546 1683 278 53 l'Expiation
847 1684 52 39 de
934 1683 191 40 Tantale
1155 1690 42 33 et
1219 1683 40 40 la
1296 1684 125 39 Mort
1456 1683 378 54 d'Hippodamie,
1868 1708 53 4 —
1943 1690 172 33 estime

136 1757 150 27 œuvre
304 1745 243 52 originale,
569 1745 256 39 abondante
862 1758 52 26 en
954 1747 151 37 scènes
1136 1745 310 52 dramatiques
1488 1747 90 37 très
1619 1751 305 42 émouvantes,
1948 1745 79 52 qui
2049 1757 45 26 as-

136 1820 104 26 sure
263 1805 26 39 à
314 1806 158 39 Fibich
498 1818 84 27 une
606 1806 113 39 belle
752 1808 130 49 place
901 1808 150 50 parmi
1074 1807 62 38 les
1146 1807 230 51 premiers
1391 1809 324 49 compositeurs
1738 1805 376 54 contemporains.

191 1867 42 40 Il
268 1867 146 40 donna
436 1869 171 37 ensuite
625 1866 40 40 la
682 1868 231 52 Tempête,
941 1869 175 49 d'après
1142 1869 41 37 la
1195 1869 130 50 pièce
1354 1868 52 39 de
1428 1868 287 51 Shakspeare
1729 1881 9 36 ;
1768 1868 150 53 Hedy,
1941 1867 180 52 d'après

134 1929 162 49 Byron
320 1942 7 35 ;
356 1928 152 48 Sarka,
548 1928 136 52 opéra
708 1930 216 48 national,
971 1930 54 37 où
1058 1930 32 37 il
1109 1929 105 39 s'est
1246 1929 169 51 inspiré
1451 1928 131 40 d'une
1618 1928 189 54 légende
1841 1929 180 39 bohème
2062 1928 55 52 [la

132 2003 169 40 guerre
322 1989 76 40 des
420 1990 278 52 Amazones),
724 1996 42 33 et
784 1990 39 39 la
842 1991 148 40 Chute
1012 1990 242 51 d'Arcune,
1281 1990 154 39 drame
1460 1991 184 52 lyrique
1667 1990 324 52 d'inspiration
2027 1992 92 37 très

136 2051 159 40 élevée.

192 2113 209 39 Chacune
427 2113 53 38 de
502 2125 70 26 ces
591 2124 173 28 œuvres
788 2125 185 39 marque
996 2125 80 26 une
1097 2114 201 38 nouvelle
1324 2112 125 52 étape
1483 2112 111 39 dans
1617 2114 42 38 la
1699 2112 243 40 recherche
1963 2114 51 38 de
2053 2111 44 40 li-

134 2175 101 38 déal
254 2186 83 39 que
364 2173 159 40 Fibich
542 2175 257 50 poursuivit
817 2180 119 32 toute
958 2187 48 25 sa
1039 2173 82 39 vie.

191 2235 42 39 Il
242 2234 101 52 fait
365 2241 173 33 montre
559 2235 318 39 d'admirables
894 2235 194 53 qualités
1098 2236 54 38 de
1169 2235 123 48 style
1317 2241 41 33 et
1381 2234 276 40 d'invention
1682 2236 111 38 dans
1813 2248 69 26 ses
1904 2237 182 51 sympho-

136 2298 109 47 nies,
265 2302 180 33 surtout
468 2297 105 38 celle
614 2309 50 26 en
703 2295 61 40 mi
789 2297 138 38 bémol
947 2295 189 51 majeur,
1172 2303 42 32 et
1238 2296 111 39 dans
1368 2309 69 26 ses
1475 2303 279 32 ouvertures.

191 2358 81 38 Ses
296 2358 232 38 meilleurs
548 2359 172 49 poèmes
755 2358 348 52 symphoniques
1140 2358 266 52 s'appellent
1441 2358 156 50 Zaboj,
1635 2356 150 54 Slavoj
1832 2368 40 28 et
1927 2356 189 49 Ludick,

138 2421 38 37 le
198 2417 117 54 sujet
329 2431 51 26 en
404 2425 65 32 est
489 2418 90 39 tiré
597 2418 127 39 d'une
738 2425 130 32 autre
891 2418 188 51 légende
1104 2418 180 39 bohème
1296 2431 16 39 ;
1327 2420 104 50 puis
1452 2420 239 38 Tomanet
1715 2418 41 40 la
1783 2418 100 50 Fée,
1912 2418 204 51 Othello,

138 2486 45 33 et
198 2478 117 48 enfin
337 2481 35 36 A
394 2479 40 39 la
458 2479 180 39 tombée
664 2479 110 40 delà
811 2479 115 51 nuit,
961 2480 429 50 particulièrement
1411 2480 136 52 goûté
1566 2493 85 37 par
1681 2492 68 26 ses
1778 2479 339 53 compatriotes.

197 2540 64 39 On
275 2539 112 53 joue
562 2547 184 32 souvent
776 2543 123 36 aussi
920 2553 79 26 son
1027 2540 207 49 Quatuor
1274 2554 51 25 en
1368 2541 66 39 sol
1468 2541 174 53 majeur
1692 2546 42 33 et
1773 2553 80 26 son
1891 2540 229 49 Quintette

130 2614 120 39 pour
274 2603 153 49 piano,
452 2603 167 47 violon,
646 2603 252 46 clarinette,
949 2614 79 26 cor
1064 2609 42 32 et
1141 2602 286 40 violoncelle.

193 2662 82 39 Ses
296 2664 317 50 compositions
630 2676 116 38 pour
757 2665 155 49 piano,
936 2676 70 26 ses
1029 2663 200 39 ballades
1256 2671 43 31 et
1317 2677 70 25 ses
1418 2664 169 46 chants,
1604 2664 77 51 qui
1705 2663 200 39 révèlent
1934 2676 58 26 un
2008 2663 111 51 goût

139 2725 92 38 très
245 2723 181 51 délicat,
452 2730 98 33 sont
572 2727 92 36 très
693 2725 300 38 nombreuses.
1025 2724 66 39 On
1115 2737 49 25 en
1190 2732 171 45 compte
1379 2726 103 50 plus
1505 2725 52 38 de
1580 2726 101 50 cinq
1719 2730 136 33 cents.
1903 2724 81 38 Les
2016 2724 105 51 plus

140 2785 318 39 intéressantes
488 2798 49 25 en
560 2792 105 32 sont
687 2802 7 24 :
722 2787 62 37 les
812 2784 302 54 Impressions
1136 2796 39 28 et
1194 2784 264 52 Souvenirs,
1484 2786 62 38 les
1569 2783 205 50 Veillées,
1802 2784 143 53 l'Age,
1971 2784 85 40 Sur
2079 2783 40 39 la

143 2846 249 51 Montagne
425 2852 37 33 et
487 2847 62 38 les
574 2846 279 40 Silhouettes
878 2846 52 39 de
951 2846 214 53 peintres.
1197 2848 79 37 Les
1295 2848 191 51 qualités
1506 2846 51 39 de
1576 2847 282 52 pittoresque
1880 2847 53 38 de
1959 2845 158 40 Fibich

146 2912 100 32 sont
266 2906 135 39 mises
425 2907 40 38 le
488 2908 152 38 mieux
663 2920 50 26 en
748 2909 155 37 valeur
923 2907 112 40 dans
1060 2920 69 27 ses
1154 2909 316 51 compositions
1487 2921 118 40 pour
1624 2907 156 39 chœur
1801 2915 43 31 et
1865 2907 251 43 orchestre,

141 2966 106 38 dont
272 2967 60 37 les
355 2969 101 50 plus
475 2968 197 40 réussies
693 2975 97 33 sont
814 2979 12 28 :
852 2969 61 39 les
940 2969 257 39 Romances
1232 2968 301 54 printanières
1554 2975 41 32 et
1616 2970 44 37 la
1685 2967 243 41 Mélusine.

200 3026 38 40 Il
270 3033 66 33 est
369 3027 54 39 né
445 3029 39 38 le
524 3041 55 27 21
624 3029 229 40 décembre
896 3027 124 42 iBso
1047 3031 25 37 à
1114 3031 266 38 Seborschit
1385 3044 35 34 *,
1453 3031 53 47 fit
1541 3042 68 27 ses
1632 3029 157 40 études
1820 3029 240 40 musicales
2095 3027 24 39 à

141 3087 204 53 Prague,
363 3094 41 33 et
407 3088 86 52 fut
506 3089 110 51 chef
629 3090 275 40 d'orchestre
924 3091 107 39 dans
1056 3098 113 33 cette
1192 3091 120 41 ville.
1338 3093 57 38 Le
1420 3093 170 39 lecteur
1623 3090 171 40 éclairé
1823 3092 98 38 doit
1942 3090 176 39 retenir

141 3161 80 26 son
242 3161 115 27 nom.

1517 3250 40 40 H
1564 3264 100 26 ENRI
1700 3250 41 40 H
1752 3264 171 26 ANTICH.

186 3382 47 43 (1)
255 3383 105 32 Cette
382 3393 127 22 œuvre
526 3393 19 21 a
565 3383 108 43 passé
696 3394 63 22 sur
778 3384 35 32 la
836 3385 110 32 scène
968 3396 75 21 non
1066 3387 215 32 seulement
1299 3388 17 31 à
1340 3388 157 43 Prague,
1518 3386 96 33 mais
1633 3387 102 32 aussi
1757 3386 18 34 à
1802 3387 211 43 l'étranger.
2038 3387 81 32 Elle

142 3432 56 32 fut
221 3442 109 31 reçue
353 3442 88 22 avec
468 3432 196 42 beaucoup
687 3433 44 32 de
752 3432 128 34 faveur
897 3435 17 31 à
935 3435 242 33 Amsterdam
1201 3443 36 25 et
1253 3436 18 32 à
1293 3436 160 34 Vienne.
