3573 4399
1738 138 88 54 213

188 280 338 70 respondenten
557 279 114 51 über
705 279 67 51 die
803 279 404 52 Musik-Zustände
1236 279 42 50 in
1307 280 132 49 Bonn
1468 278 264 70 berichtigt;

187 366 85 49 wir
304 364 176 50 kennen
510 364 132 50 Bonn
672 363 212 50 ebenfalls
926 381 111 49 ganz
1070 371 96 58 gut,
1208 362 372 49 unterschreiben
1611 364 120 59 alles,

187 463 94 33 was
314 447 70 49 die
835 447 197 48 darüber
1071 452 114 58 sagt,
1228 444 93 50 und
1360 444 232 50 bedauern
1630 463 101 42 nur,

187 529 103 50 dass
314 531 122 47 Herr
459 528 120 50 Prof.
610 529 307 49 Breidenstein
943 528 122 50 nicht
1092 527 225 66 geradezu
1343 527 91 49 und
1460 546 237 32 unumwun-

192 612 89 49 den
325 612 366 67 ausgesprochen
737 612 90 56 hat,
872 612 101 48 dass
1015 611 43 48 in
1098 611 102 48 dem
1244 609 241 65 fraglichen
1515 611 216 49 Aufsatze

187 693 98 50 eine
343 693 403 50 absichtliche
798 693 330 65 Verläugnung
1183 692 90 48 und
1317 692 291 66 Entstellung
1651 693 81 48 der

188 777 247 51 Wahrheit
477 795 111 48 ganz
635 774 203 51 offenbar
882 794 53 30 zu
967 777 124 64 Tage
1122 774 110 49 tritt.
1291 776 50 47 In
1373 774 142 50 einem
1547 776 183 48 solchen

184 860 139 58 Falle,
352 860 85 49 wie
464 860 80 48 der
568 857 287 66 vorliegende
887 858 68 56 ist,
986 857 112 50 wird
1118 857 246 65 Schonung
1390 875 101 30 zum
1515 857 215 50 Unrecht.

183 943 135 49 Denn
348 959 132 33 wenn
512 959 103 30 man
647 940 113 49 auch
793 940 67 49 die
884 940 264 49 Dummheit
1178 940 78 48 der
1284 940 313 66 Aeusserung,
1630 941 100 48 dass

184 1023 73 50 ein
271 1022 387 66 Gesang-Verein,
676 1021 197 49 welcher
902 1022 27 50 d
944 1040 20 30 r
978 1022 45 48 ei
1038 1039 19 31 s
1072 1039 19 31 s
1105 1022 9 48 i
1132 1039 29 48 g
1183 1022 28 48 J
1223 1039 21 30 a
1260 1021 26 48 h
1301 1039 21 30 r
1336 1039 24 31 e
1385 1021 102 67 lang
1510 1028 192 42 ununter-

182 1105 203 50 brochen
400 1105 248 49 bestanden
666 1105 76 48 hat
765 1105 93 48 und
879 1122 80 32 vor
976 1103 264 50 anderthalb
1254 1103 110 50 Jahr
1388 1103 79 50 mit
1489 1103 142 50 einem
1647 1106 56 47 Be-

186 1187 157 50 stände
371 1204 86 33 von
482 1186 71 49 88
571 1186 285 66 Mitgliedern
888 1205 86 30 von
1005 1187 101 50 dem
1126 1186 208 49 Gründer
1355 1186 91 49 und
1468 1186 264 66 Dirigenten

183 1266 239 53 desselben
440 1268 139 50 selbst
596 1270 289 65 geschlossen
901 1270 188 49 worden
1119 1270 70 57 ist,
1230 1270 118 57 „den
1368 1268 131 50 Keim
1523 1270 77 48 des
1614 1271 87 48 Ver-

183 1352 94 50 falls
301 1369 85 33 von
409 1352 158 49 Hause
596 1369 80 32 aus
708 1351 42 50 in
771 1351 90 50 sich
887 1359 217 59 getragen
1299 1352 9 49 !
1336 1351 235 50 verzeihen
1599 1351 130 57 kann,

276 1453 51 31 so
351 1435 200 49 verdient
582 1434 116 49 doch
728 1432 69 51 die
812 1435 202 58 Bosheit,
1044 1435 172 48 welche
1247 1434 152 49 diesen
1415 1434 132 49 Keim
1576 1435 44 48 in
1651 1435 79 49 der

193 1516 318 66 „Unfähigkeit
532 1516 78 50 des
633 1516 265 66 Dirigenten
924 1517 91 50 und
1040 1517 162 49 dessen
1232 1516 188 50 schiefer
1451 1516 208 66 Stellung
1687 1516 43 50 in

184 1600 80 49 der
290 1599 308 59 Gesellschaft,
630 1599 169 50 welche
831 1599 258 50 letztere
1119 1597 368 51 namentlich
1519 1618 52 29 zu
1606 1616 93 32 man-

182 1683 228 66 nigfacher
454 1681 244 50 Retention
746 1681 338 68 Veranlassung
1128 1681 189 68 geben
1656 1710 65 8 —-

183 1764 98 51 eine
311 1764 357 66 schonungslose
699 1764 395 67 Brandmarkung.
1151 1765 118 48 Dass
1313 1764 149 49 ferner
1505 1764 80 48 der
1617 1764 83 49 Cor-

182 1846 279 69 respondent
502 1846 77 50 das
624 1848 548 57 Beethoven-Fest,
1218 1846 193 50 welches
1454 1845 115 51 doch
1602 1846 100 50 welt-

182 1928 201 50 bekannt
410 1929 56 49 ist
497 1929 91 49 und
619 1929 165 66 gewiss
814 1948 56 30 zu
901 1930 85 51 den
1010 1929 353 67 grossartigsten
1390 1929 336 49 musicalischen

182 2011 289 66 Ereignissen
517 2029 71 32 am
633 2011 320 51 Niederrheine
997 2013 177 66 gehört,
1219 2028 80 49 gar
1341 2011 122 50 nicht
1507 2011 220 59 erwähnt,

184 2094 102 50 dass
332 2111 49 31 er
424 2094 87 50 den
568 2094 175 50 bonner
786 2093 555 67 Männergesang-Verein
1397 2093 329 51 Concordia

183 2177 205 66 ignorirt,
444 2177 80 49 der
569 2183 134 43 unter
745 2178 167 49 seinem
958 2178 239 49 wackeren
1240 2177 265 64 Dirigenten
1559 2177 166 49 Fritz

183 2258 396 66 Wenigmann
621 2259 103 48 sehr
753 2259 221 50 rühmlich
1019 2259 199 50 bekannt
1249 2276 94 31 war
1385 2259 90 48 und
1507 2258 219 49 manchen

184 2340 200 51 schönen
416 2342 125 48 Preis
573 2357 227 49 errungen
832 2342 90 58 hat,
960 2342 116 66 jetzt
1118 2340 109 49 aber
1268 2347 118 42 trotz
1419 2340 80 49 der
1527 2340 200 65 Leitung

184 2424 79 50 des
294 2425 153 49 Herrn
478 2442 38 32 v.
549 2424 331 57 Wasielewski,
925 2432 133 42 unter
1100 2423 217 49 welchem
1350 2423 90 49 sich
1484 2439 208 50 „gegen-

184 2507 215 66 wärtig
442 2507 69 48 ein
541 2523 184 50 regeres
756 2507 197 51 Treiben
982 2508 70 47 für
1092 2507 69 48 die
1190 2507 151 47 Kunst
1373 2525 55 30 zu
1460 2504 269 51 entwickeln

428 2589 164 66 (Hört!
625 2589 126 49 hört!
783 2589 54 50 da
869 2589 145 50 steckt
1044 2588 79 50 des
1152 2588 168 48 Pudels
1336 2588 179 66 Kern!),
1547 2587 180 49 factisch

183 2671 102 50 todt
325 2671 72 58 ist,
441 2688 132 32 wenn
618 2672 114 48 auch
776 2672 102 48 dem
908 2673 173 48 Namen
1123 2671 114 48 nach
1282 2671 117 49 noch
1443 2669 284 57 vorhanden;

184 2754 102 52 dass
318 2771 49 32 er
398 2754 148 50 ferner
587 2771 50 33 so
667 2756 118 57 thut,
830 2754 62 50 als
932 2758 154 46 wären
1127 2753 353 66 „regelmässige
1509 2752 186 49 Abonne-

184 2836 399 49 ments-Concerte
612 2837 42 48 in
685 2838 128 47 Bonn
837 2845 93 41 erst
953 2836 82 49 seit
1065 2834 109 50 zwei
1481 2833 221 66 eingerich-

184 2926 69 40 tet
282 2936 45 32 u.
362 2936 33 32 s.
427 2936 57 32 w.
595 2919 76 49 das
703 2919 106 49 alles
840 2919 181 50 verrälh
1053 2935 50 31 so
1136 2935 106 48 arge
1275 2917 204 58 Blossen,
1510 2917 101 48 dass
1646 2916 81 48 wir

184 3001 248 58 bedauern,
478 3002 101 48 dass
625 3002 80 50 der
748 3002 371 67 Correspondent
1164 3001 91 48 sich
1299 3000 200 50 dadurch
1543 3000 44 48 in
1631 3000 98 48 eine

187 3082 155 50 mehr
385 3083 81 49 als
513 3083 230 50 schiefe
790 3085 210 66 Stellung
1032 3101 53 31 zu
1117 3082 80 50 der
1227 3082 339 50 musicalischen
1599 3081 130 51 Welt

187 3165 218 67 gebracht
433 3165 91 50 hat.

313 3247 133 50 Seine
475 3248 350 65 Bemerkungen
854 3247 113 50 über
997 3248 239 50 Aachen
1270 3247 153 66 zeigen
1454 3247 138 48 leider
1622 3246 81 49 den-

188 3330 155 52 selben
388 3331 123 50 Geist
555 3332 93 50 und
691 3331 264 58 Charakter,
1011 3331 84 48 wie
1141 3331 249 65 diejenigen
1433 3330 113 49 über
1584 3331 145 48 Bonn.

188 3414 174 49 Unsere
394 3415 141 48 Leser
565 3415 177 48 kennen
780 3412 69 50 die
878 3412 408 50 Musik-Zustände
1317 3430 87 32 von
1434 3412 187 49 Aachen
1649 3427 80 32 aus

188 3497 87 50 den
305 3496 239 51 Berichten
578 3515 187 32 unseres
798 3495 427 67 Correspondenten
1477 3495 157 67 (vergl.
1651 3495 78 47 Nr.

191 3579 73 49 20
300 3595 102 32 vom
440 3579 86 49 19.
557 3579 88 50 Mai
676 3580 42 48 d.
748 3581 74 64 J.).
882 3577 96 50 Aus
1025 3576 80 50 der
1146 3576 211 67 leipziger
1388 3577 195 65 Zeitung
1623 3575 107 49 aber

188 3661 207 51 erfahren
428 3661 106 51 wir:
595 3662 218 56 „Aachen
851 3660 229 49 zeichnete
1122 3660 90 48 sich
1254 3660 166 48 seither
1462 3659 142 50 durch
1635 3659 96 48 eine

190 3745 195 65 gewisse
445 3744 409 66 Mittelmässigkeit
912 3742 92 50 und
1062 3740 398 67 Halbschürigkeit
1493 3758 81 33 aus
1595 3755 136 33 —es

190 3828 174 49 kommt
393 3826 103 50 dort
526 3828 78 48 das
635 3826 308 50 musicalische
965 3824 155 51 Leben
1152 3842 54 30 zu
1240 3824 152 49 keiner
1424 3822 306 51 ordentlichen

188 3909 164 51 Blüthe
449 3909 82 48 seit
562 3909 162 65 vierzig
752 3908 170 49 Jahren
953 3908 128 48 keine
1110 3905 236 66 geeignete
1377 3904 354 51 Persönlichkeit

190 4008 55 32 an
276 3991 80 49 der
379 3990 152 69 Spitze
560 3990 70 67 [so
663 3990 84 50 wie
778 3990 41 50 in
844 3991 129 49 Bonn
1005 3989 82 49 seit
1117 3988 78 49 der
1226 3988 373 49 Säcularisation!
1632 3985 99 50 Und

190 4073 115 50 doch
334 4074 55 48 ist
419 4074 80 49 der
525 4075 122 48 Herr
664 4073 371 65 Correspondent
1065 4070 139 52 selbst
1233 4070 121 51 noch
1386 4070 104 52 sehr
1514 4069 116 67 jung
1659 4085 71 33 am

1832 280 186 59 Rheine,
2065 279 93 51 und
2209 279 113 51 nach
2366 279 141 51 einem
2550 280 257 68 derartigen
2849 279 245 52 Auftreten
3135 280 147 54 dürfte
3325 299 47 34 er

1832 363 264 50 schwerlich
2126 362 61 49 alt
2219 362 198 49 daselbst
2448 363 224 67 werden!]
2794 363 225 58 Parteien,
3057 363 136 51 deren
3224 366 124 48 Inten-

1829 446 154 49 tionen
2015 446 142 64 gleich
2188 444 336 69 unerquicklich
2557 446 98 49 sind
2777 463 87 33 von
2895 446 477 52 bemerkenswerthen

1827 529 215 65 Erfolgen
2074 528 117 50 kann
2223 528 120 50 nicht
2375 528 70 50 die
2476 528 124 50 Rede

1952 611 101 49 Und
2086 628 95 32 wer
2210 611 56 48 ist
2296 611 136 49 daran
2465 611 191 48 schuld?
2713 611 69 58 Ei,
2821 628 95 32 wer
2945 611 179 58 anders,
3164 611 63 49 als
3264 612 78 49 wie-

1828 694 159 49 derum
2030 694 80 49 der
2138 693 410 50 Musik-Director!
2605 693 123 50 Herr
2768 711 104 30 von
2911 693 262 67 Turanyi
3224 694 146 58 „soll

1827 776 86 49 den
1946 776 382 65 Anforderungen
2369 792 53 32 an
2464 774 128 50 einen
2624 781 139 60 guten
2794 774 259 67 Dirigenten
3084 776 283 65 keineswegs

1829 858 297 66 entsprechen
2169 857 100 67 [der
2300 857 370 66 Correspondent
2713 856 183 49 urtheilt
2928 857 91 50 also
3051 876 99 32 vom
3179 858 153 50 Hören-

1827 941 180 67 sagen!]
2020 971 61 5 —
2095 959 100 30 man
2229 941 233 48 wünschte
2491 941 75 48 ihn
2596 957 54 31 zu
2683 940 247 57 entfernen,
2963 957 90 32 was
3083 941 162 63 jedoch
3277 959 55 31 un-

1824 1023 269 49 ausführbar
2133 1040 110 41 war,
2288 1023 53 49 da
2383 1023 70 49 ein
2484 1022 218 50 Conlract
2728 1021 92 49 ihm
2862 1021 120 49 seine
3014 1023 204 65 Stellung
3246 1022 119 51 noch

1824 1106 77 48 auf
1928 1105 69 49 die
2028 1106 216 49 nächsten
2274 1105 137 49 Jahre
2797 1103 108 50 Dies
2948 1103 57 50 ist
3046 1103 115 50 eben
3191 1121 49 32 so
3272 1122 60 31 ma-

1825 1187 122 50 liciös
1978 1187 63 48 als
2073 1187 215 50 unwahr:
2321 1187 116 50 denn
2468 1187 122 48 Herr
2613 1204 85 30 von
2716 1186 194 66 Turanyi
2940 1186 56 48 ist
3020 1194 93 40 erst
3137 1204 79 31 vor
3239 1187 90 47 Kur-

1825 1288 97 30 zem
1952 1270 169 49 wieder
2163 1270 141 48 durch
2351 1268 130 50 einen
2521 1275 296 42 erneuten
2858 1268 218 50 Contract
3116 1268 80 49 auf
3232 1268 131 50 sechs

1823 1352 137 50 Jahre
1992 1352 62 50 als
2086 1352 268 49 städtischer
2382 1351 384 51 Musik-Director
2796 1351 241 66 angestellt
3066 1351 202 50 worden.

1932 1436 175 48 Darauf
2133 1435 110 65 folgt
2260 1436 120 47 Herr
2404 1436 51 48 F.
2489 1432 392 66 Wenigmann
2911 1434 42 49 in
2977 1434 80 49 der
3072 1435 287 65 Musterung,

1824 1517 170 50 welche
2025 1517 78 49 der
2134 1517 208 66 leipziger
2374 1515 371 67 Correspondent
2783 1515 115 52 über
2943 1515 67 49 die
3039 1515 295 49 niederrheini-

1823 1599 136 49 schen
1976 1600 201 49 Musiker
2208 1600 105 49 hält.
2343 1600 139 48 Jener
2509 1597 218 50 Künstler
2756 1597 137 50 heisst
2921 1597 90 50 ihm
3055 1597 125 58 „ein
3210 1599 153 47 Herr

2233 1699 49 32 so
2329 1683 69 48 ein
2439 1680 142 66 Dings
2633 1680 70 58 da,
2760 1680 81 48 der
2891 1680 93 57 „als
3027 1679 336 66 Vorgeiger

1821 1765 115 48 nach
1954 1765 184 48 Aachen
2166 1764 188 49 berufen
2380 1763 186 50 worden
2730 1763 96 49 Der
2844 1761 371 68 Correspondent
3245 1763 118 57 thut,

1821 1848 63 53 als
1927 1848 145 48 kenne
2116 1864 50 32 er
2204 1849 153 47 Herrn
2388 1845 308 66 Wenigmann
2728 1845 150 57 kaum,
2919 1845 92 48 und
3058 1845 116 48 doch
3216 1844 56 49 ist
3312 1862 50 31 es

1821 1929 206 49 derselbe
2059 1929 324 66 Wenigmann,
2423 1929 197 49 welcher
2661 1928 69 49 die
2773 1926 332 51 Concordia
3150 1926 43 50 in
3232 1928 133 48 Bonn

1819 2013 137 48 Jahre
1987 2011 104 65 lang
2112 2011 172 65 dirigirt
2312 2011 91 58 hat,
2434 2009 195 49 dieselbe
2653 2009 267 60 Concordia,
2952 2009 170 49 welche
3146 2009 80 49 der
3250 2008 85 49 Cor-

1818 2094 278 67 respondent
2122 2093 204 66 ignorirt,
2357 2093 99 48 weil
2481 2093 61 48 sie
2567 2099 133 41 unter
2741 2091 216 58 „einem
3241 2091 78 50 We-

1818 2177 213 64 nigmann
2059 2175 44 50 in
2130 2175 165 51 Blüthe
2326 2174 130 50 stand
2487 2174 91 50 und
2605 2173 112 66 jetzt
2747 2180 134 42 unter
2911 2173 102 49 dem
3043 2173 83 49 viel
3159 2189 170 49 genann-

1816 2265 78 42 ten
1923 2259 152 47 Herrn
2103 2276 41 33 v.
2171 2255 317 54 Wasielewski
2517 2257 78 48 des
2618 2257 151 48 Todes
2799 2254 254 50 verblichen
3083 2255 57 50 ist
3150 2274 86 40 —;
3262 2255 76 49 der-

1820 2339 123 50 selbe
1993 2339 325 66 Wenigmann,
2364 2338 78 49 der
2487 2338 203 65 zugleich
2731 2337 81 49 mit
2853 2338 53 48 L.
2947 2337 204 49 BischofF
3187 2353 56 32 an
3285 2337 80 49 der

1820 2422 154 67 Spitze
2006 2422 77 49 des
2114 2420 477 51 Beethoven-Vereins
2622 2419 41 48 in
2694 2420 129 49 Bonn
2858 2419 145 57 stand,
3033 2419 84 50 wie
3150 2419 80 50 der
3254 2418 84 51 Cor-

1816 2504 284 68 respondent
2130 2503 141 49 selbst
2302 2509 100 59 sagt
2509 2500 236 51 desselben
2775 2502 490 57 Beethoven-Vereins,
3297 2502 70 48 für

1820 2587 202 49 welchen
2035 2588 122 47 Herr
2181 2605 37 30 v.
2235 2584 315 52 Wasielewski
2573 2584 63 48 als
2999 2582 139 50 durch
3156 2584 85 48 den
3262 2583 79 49 Ein-

1820 2669 108 50 fluss
1960 2687 85 32 von
2075 2671 120 48 Prof.
2225 2668 270 50 Heimsoeth
2525 2667 93 49 und
2648 2669 50 47 L.
2730 2667 204 48 Bischoff
2953 2667 206 65 engagirt
3189 2665 176 51 wurde.

1821 2752 150 48 Allein
2017 2752 102 48 dem
2166 2751 429 67 Correspondenten
2638 2749 58 50 ist
2740 2751 120 47 Herr
2893 2749 309 65 Wenigmann
3244 2748 123 50 nicht

1833 2834 101 58 „ein
1965 2833 309 66 distinguirter
2601 2832 193 49 sondern
2837 2831 145 57 „eben
3014 2847 86 32 nur
3131 2832 70 48 ein
3231 2831 102 50 hon-

1820 2925 173 40 neter
2446 2916 80 48 der
2577 2913 144 59 „eben
2752 2931 50 30 so
2835 2913 149 65 wenig
3013 2913 84 50 wie
3128 2913 121 48 Herr
3279 2931 88 33 von

1821 2998 197 68 Turanyi
2063 3000 70 46 für
2177 2998 86 50 den
2294 2998 458 65 Dirigenten-Posten
2794 2996 43 48 in
2868 2996 184 48 Aachen

1820 3083 120 56 Nun,
1980 3081 78 49 das
2098 3082 56 48 ist
2191 3081 184 65 richtig:
2421 3080 239 57 honnet,
2704 3078 41 51 d.
2778 3078 43 50 h.
2853 3077 247 58 ehrlich,
3145 3078 58 49 ist
3246 3077 121 50 Fritz

1825 3163 334 65 Wenigmann;
2206 3180 49 30 er
2284 3162 56 48 ist
2369 3161 113 48 allen
2514 3161 189 48 Ränken
2735 3161 92 48 und
2860 3160 251 57 Schlichen,
3156 3173 74 36 um
3273 3160 93 49 sich

1824 3262 157 50 empor
2027 3264 52 30 zu
2112 3245 203 64 bringen,
2361 3243 302 50 vollkommen
2704 3242 160 58 fremd,
2910 3260 48 32 er
3005 3242 199 50 versteht
3249 3242 121 50 seine

1823 3328 200 50 Partitur
2064 3328 91 49 und
2196 3327 76 48 hat
2314 3325 254 49 offenbares
2611 3323 458 59 Directions-Talent,
3113 3325 121 48 stellt
3278 3323 92 50 sich

1823 3410 109 49 aber
1975 3427 80 32 aus
2086 3408 139 51 Liebe
2267 3426 80 31 zur
2379 3407 144 50 Sache
2569 3407 70 48 bei
2689 3407 142 50 einem
2865 3407 281 65 Dirigenten,
3192 3407 86 48 den
3320 3422 48 32 er

1823 3492 165 57 achtet,
2020 3491 116 50 ohne
2167 3491 82 48 alle
2281 3490 281 67 persönliche
2592 3488 210 50 Eitelkeit
2832 3488 115 50 eben
2978 3506 50 32 so
3062 3505 111 49 gern
3204 3506 55 31 an
3288 3487 78 50 das

1824 3582 121 42 erste
1975 3574 247 67 Violinpult
2252 3574 91 49 und
2374 3574 56 48 ist
2460 3574 117 48 dann
2608 3572 69 49 ein
2709 3572 230 49 Anführer
2968 3572 79 49 des
3080 3572 287 56 Orchesters,

1825 3657 84 50 wie
1955 3674 100 32 man
2101 3656 74 50 ihn
2216 3673 88 31 nur
2346 3655 245 49 wünschen
2634 3655 130 48 kann.
2825 3655 81 48 Als
2938 3654 307 66 Wenigmann
3274 3651 96 50 und

1825 3740 122 48 seine
1978 3739 175 48 Brüder
2194 3739 118 48 noch
2356 3739 43 48 in
2429 3739 129 47 Bonn
2599 3754 169 39 waren,
2812 3736 125 50 hatte
2975 3754 102 30 man
3111 3736 100 48 dort
3251 3734 119 49 doch

1827 3821 115 48 auch
1974 3820 443 60 Quartett-Soireen,
2456 3819 86 49 wie
2583 3819 63 48 sie
2686 3819 115 49 auch
2836 3819 113 64 jetzt
2990 3819 43 48 in
3062 3817 188 49 Aachen
3281 3834 90 32 von

1825 3904 135 48 ihnen
1990 3904 292 48 veranstaltet
2313 3901 185 51 worden
2529 3901 113 48 sind.
2704 3902 116 49 Was
2848 3900 77 49 hat
2957 3916 100 32 man
3089 3899 118 49 denn
3249 3915 91 51 „ge-

1827 3985 350 66 genwärtig,
2223 4003 72 32 wo
2340 3984 68 49 ein
2453 4000 184 49 regeres
2679 3982 194 49 Treiben
2914 3982 70 47 lür
3031 3981 68 48 die
3127 3982 155 49 Kunst
3325 3981 46 48 in

1825 4069 131 49 Bonn
2260 4066 102 50 dort
2393 4083 85 34 von
2509 4064 363 51 Kammermusik
2901 4062 345 53 aufzuweisen?
3277 4061 94 52 und
