2417 4098
1223 371 117 58 208

394 526 72 56 Et
515 522 58 61 le
610 522 152 78 jour
799 523 76 59 de
917 522 65 60 la
1028 522 367 60 délivrance
1437 523 208 60 arrive
1688 529 188 72 après
1917 529 148 60 bien
2119 532 110 60 des

312 631 213 42 maux.
564 612 207 60 L'idée
804 615 134 57 naît
972 630 81 41 au
1085 612 207 60 soleil.
1326 612 131 60 Elle
1480 616 195 75 vagit.
1711 616 328 62 L'homme
2069 621 138 60 s'ex-

309 703 161 58 tasie
524 703 233 58 devant
811 704 62 57 la
926 701 134 61 fille
1108 703 76 58 de
1236 720 116 41 son
1404 719 247 44 amour.
1709 706 162 59 Tout
1917 708 180 59 d'elle
2142 711 92 59 lui

305 793 215 76 agrée.
558 791 48 56 Il
643 791 61 58 la
745 796 270 68 montre,
1061 791 47 58 il
1143 791 64 59 la
1245 809 178 60 pare,
1474 793 48 57 il
1561 793 65 58 la
1672 794 115 58 fait
1819 799 321 61 sourire...
2181 802 52 57 Il

304 880 161 60 tient
502 879 77 60 de
605 879 300 80 l'orgueil
943 885 58 55 et
1043 880 78 60 de
1162 882 63 58 la
1265 880 164 61 foi...
1476 884 75 56 Et
1593 882 48 57 il
1683 884 216 60 oublie
1950 887 236 61 heureu-

312 972 245 58 sement
590 969 156 60 celle
781 970 157 61 dont
967 970 65 59 la
1061 970 253 60 brutale
1354 977 342 53 rencontre
1736 973 91 58 lui
1869 976 268 61 féconda
2166 978 63 60 le

314 1076 196 42 cœur.

392 1148 168 60 Nous
606 1166 276 42 sommes
922 1148 416 79 aujourd'hui
1378 1169 104 43 ces
1526 1153 204 58 mères
1771 1152 322 79 joyeuses.
2139 1157 93 57 La

313 1237 114 60 Vie
478 1256 160 41 nous
687 1259 37 39 a
755 1240 249 58 maniés
1047 1241 368 72 durement;
1468 1240 92 59 les
1603 1240 267 61 femmes
1919 1244 318 58 violèrent

312 1331 185 55 notre
531 1331 188 57 naïve
761 1329 285 77 loyauté,
1067 1329 310 58 chantant
1421 1348 97 40 ses
1559 1330 128 58 airs
1717 1331 78 59 de
1827 1332 293 75 jeunesse
2148 1350 84 42 au

313 1415 363 80 printemps
723 1418 85 57 du
851 1418 280 72 chemin,
1171 1423 184 53 notre
1399 1419 136 57 sein
1578 1418 147 59 s'est
1767 1420 160 58 enflé
1955 1420 228 60 d'amer-

312 1509 203 67 tume,
571 1510 59 55 et
682 1524 162 42 nous
901 1524 151 41 sous
1103 1524 278 41 sommes
1457 1510 392 73 épouvantés
1881 1527 184 57 parce
2107 1528 125 58 que

313 1612 161 43 nous
520 1597 286 58 sentions
844 1602 183 52 notre
1058 1597 233 57 beauté
1325 1597 241 58 morale
1595 1614 64 40 se
1693 1598 220 58 flétrir.
1945 1600 184 56 Enfin
2163 1599 67 59 la

315 1683 272 61 douleur
639 1702 161 41 nous
854 1703 38 40 a
944 1685 243 77 crispés
1249 1702 109 39 sur
1411 1685 466 69 nous-mêmes;
1932 1689 57 56 et
2065 1705 165 41 nous

314 1791 198 44 avons
548 1774 254 59 enfanté
835 1773 58 59 le
927 1774 235 58 nouvel
1194 1773 243 59 avenir.

392 1863 125 56 Ah!
554 1881 132 41 mes
719 1862 537 74 frères,malheur
1284 1868 37 52 à
1353 1863 109 76 qui
1494 1881 76 41 ne
1597 1865 249 58 souffrit
1874 1884 110 57 pas
2013 1863 191 63 d'Eve
2209 1912 18 25 y

313 1952 294 62 malheur
639 1959 37 52 à
708 1970 157 41 ceux
908 1952 110 76 qui
1060 1970 76 41 ne
1178 1953 250 75 prirent
1470 1952 184 60 d'elle
1698 1973 120 57 que
1856 1953 62 59 la
1949 1955 152 76 joie.
2148 1956 88 58 Ils

315 2046 219 55 seront
574 2041 92 59 les
709 2040 249 60 stériles
1004 2045 56 55 et
1100 2040 92 58 les
1234 2041 303 59 maudits.
1580 2041 87 59 Ils
1706 2059 77 41 ne
1822 2045 414 56 connaîtront

312 2149 116 61 pas
456 2131 65 57 la
553 2130 237 58 félicité
814 2131 75 57 de
922 2131 256 56 revenir
1209 2133 36 53 à
1273 2127 458 79 l'androgynat
1763 2130 252 66 céleste,
2063 2131 165 59 celui

315 2220 266 59 d'Adam
614 2219 170 58 alors
842 2237 120 58 que
996 2219 56 56 le
1085 2218 295 58 sommeil
1415 2219 73 56 de
1518 2218 62 58 la
1609 2219 218 57 raison
1858 2219 234 58 n'avait
2121 2238 116 57 pas

317 2327 228 43 encore
596 2309 240 76 permis
888 2326 123 39 aux
1047 2309 230 57 Forces
1324 2307 330 59 dominées
1711 2308 78 57 de
1848 2309 255 58 scinder
2172 2309 58 58 le

317 2417 147 42 sexe
494 2399 291 57 humain.

397 2489 174 56 Nous
600 2505 228 40 savons
851 2483 644 78 l'hermaphrodisme
1529 2484 177 59 divin
1724 2484 106 59 des
1847 2488 226 74 Anges.
2106 2488 127 57 Eve

314 2581 291 58 rentrera
649 2577 157 57 dans
847 2592 120 40 nos
1009 2574 231 68 lianes;
1287 2590 110 42 car
1444 2591 160 41 nous
1651 2591 201 42 avons
1884 2577 343 76 reconquis

317 2666 58 60 le
409 2663 276 79 pouvoir
712 2665 77 57 de
823 2666 177 55 créer
1030 2680 117 60 par
1178 2662 467 59 nous-mêmes.

395 2757 176 55 Nous
604 2755 307 56 n'aurons
952 2752 143 76 plus
1136 2757 37 52 à
1218 2751 217 58 courir
1467 2770 112 57 par
1618 2752 64 59 la
1717 2751 119 71 vie,
1883 2751 351 60 cherchant

315 2844 64 62 la
394 2863 170 39 sœur
579 2841 403 60 caracolante
1006 2841 76 59 de
1104 2842 183 56 notre
1312 2845 225 52 nature
1560 2840 378 72 dédoublée,
1961 2841 271 76 éperdus

318 2936 57 58 et
421 2933 443 59 inconscients
908 2931 86 59 du
1037 2930 169 60 désir
1240 2930 76 59 de
1362 2930 258 76 joindre
1660 2930 92 59 les
1785 2931 169 58 deux
1994 2931 238 75 parties

315 3023 223 59 d'être.
558 3025 348 55 Nouveaux
934 3019 441 70 Adams,nous
1401 3019 507 58 ressemblerons
1933 3025 36 51 à
2002 3019 231 58 l'Unité

317 3113 109 79 qui
455 3129 65 42 se
550 3109 323 79 multiplie
903 3108 356 60 elle-même
1289 3126 119 58 par
1443 3108 396 74 l'expansion
1858 3108 77 57 de
1964 3108 258 72 Iahveh,

314 3204 187 79 point
546 3202 361 75 rayonnant
940 3198 233 76 jusque
1213 3193 268 61 l'infinie
1524 3197 202 58 limite
1762 3197 84 57 du
1879 3197 172 73 cycle
2088 3198 107 56 uni-

313 3292 225 61 versel.
583 3291 173 57 Nous
800 3305 219 42 serons
1061 3288 29 55 1
1137 3288 58 56 et
1237 3287 98 70 10,
1372 3284 57 59 le
1466 3289 216 55 centre
1717 3287 59 56 et
1800 3284 56 60 le
1894 3284 202 60 cercle
2116 3302 12 55 ;
2163 3284 57 59 le

304 3381 121 85 jod
455 3382 108 79 qui
595 3378 320 78 engendre
944 3380 58 56 et
1029 3377 58 57 le
1119 3378 142 56 zéro
1296 3375 231 75 sphère
1564 3376 108 57 des
1705 3375 265 58 mondes
2001 3392 195 59 engen-

318 3474 168 59 drés.
557 3467 340 65 Hosannah
934 3469 11 55 !
1015 3484 132 42 mes
1212 3465 234 71 frères,
1515 3483 160 40 nous
1753 3465 485 58 embrasserons

318 3565 156 61 Dieu
493 3564 10 56 !
