2417 4098
1167 303 115 55 194

262 472 152 42 mon
447 471 240 56 erreur,
727 454 58 59 et
813 453 212 61 cela...
1065 453 259 61 devinez
1354 471 118 61 par
1505 453 154 78 qui?
1696 456 122 59 Par
1847 473 149 44 mon
2023 460 165 77 petit

265 546 161 56 Max.

350 631 282 60 L'enfant
656 632 91 59 est
774 630 194 71 doux,
999 631 130 58 bon
1159 632 58 59 et
1249 631 346 60 obéissant.
1621 632 72 59 Je
1728 632 214 60 crains
1971 634 207 60 même

266 721 152 78 qu'il
441 739 78 41 ne
549 721 126 60 soit
700 726 145 70 trop
868 720 151 72 bon,
1040 725 145 72 trop
1218 720 195 60 doux.
1438 722 74 58 Et
1540 721 52 59 si
1613 740 115 41 vos
1755 722 270 74 enfants,
2051 743 131 42 mes

265 811 350 71 auditeurs,
663 809 423 59 ressemblent
1134 813 37 55 à
1221 807 174 61 leurs
1443 813 282 75 parents,
1771 829 151 41 mon
1969 814 214 60 enfant

265 899 222 58 subira
516 917 86 39 un
633 899 148 77 jour
808 896 61 60 le
902 896 353 61 châtiment,
1289 915 121 59 que
1442 899 58 58 le
1533 898 234 61 monde
1799 899 217 77 inflige
2048 907 36 53 à
2119 901 63 60 la

263 988 220 67 bonté,
519 1004 163 60 pour
728 1003 64 42 se
822 1003 240 61 venger
1094 985 75 60 de
1201 985 64 59 la
1294 985 368 63 différence.

348 1077 167 73 Quoi
558 1074 156 78 qu'il
756 1093 74 41 en
880 1077 145 71 soit,
1067 1074 48 57 il
1161 1077 93 57 est
1293 1074 318 61 serviable
1655 1078 59 57 et
1755 1074 345 62 obéissant.
2139 1077 47 57 Il

267 1166 262 77 remplit
553 1168 129 56 très
717 1163 354 61 volontiers
1103 1163 91 60 les
1232 1164 197 77 petits
1462 1163 257 61 devoirs
1757 1182 120 59 que
1921 1164 90 59 lui
2053 1166 86 57 im-

267 1272 155 63 pose
455 1272 116 41 son
602 1255 139 76 âge.
771 1255 280 76 Presque
1082 1249 235 80 jamais
1355 1271 83 41 on
1471 1251 103 62 n'a
1612 1253 273 76 quelque
1926 1253 189 60 chose
2149 1258 37 55 à

266 1345 94 58 lui
399 1343 347 63 ordonner.
780 1343 167 73 Bref,
988 1341 322 79 jusqu'ici,
1348 1341 48 60 il
1427 1342 346 60 travaillait
1805 1346 142 55 tout
1989 1346 37 55 à
2065 1342 118 60 fait

267 1434 367 59 librement.

347 1524 105 72 Or,
479 1523 47 58 il
557 1543 39 58 y
628 1540 37 41 a
696 1521 313 76 quelques
1038 1521 204 76 jours,
1265 1519 239 62 l'heure
1529 1536 202 42 sonna
1757 1526 81 51 où
1866 1519 281 61 habituel-

265 1613 238 59 lement
534 1628 68 42 sa
630 1613 169 54 mère
821 1609 57 58 le
903 1609 263 58 couche.
1189 1609 97 58 Au
1316 1608 132 58 lieu
1474 1608 74 58 de
1576 1625 318 41 ramasser
1922 1627 95 40 ses
2036 1609 110 76 jou-

261 1702 179 76 joux,
478 1699 76 58 de
596 1716 65 41 se
703 1696 391 59 déshabiller
1137 1699 58 57 et
1228 1695 77 60 de
1333 1713 161 42 nous
1538 1696 376 73 embrasser,
1951 1698 48 57 il
2041 1700 140 56 vint

265 1793 232 72 auprès
530 1789 75 57 de
639 1787 130 57 moi
799 1787 59 57 et
888 1802 100 41 me
1027 1784 93 60 dit
1157 1806 13 38 :

342 1912 79 11 —
452 1879 197 74 Papa,
673 1874 105 79 j'ai
814 1892 124 42 une
969 1873 143 65 idée
1136 1876 10 54 !

339 1967 53 58 Il
421 1964 400 78 m'effrayait.

339 2090 79 8 —
450 2057 143 57 Mon
626 2071 240 61 pauvre
900 2070 262 61 garçon,
1201 2052 46 57 il
1273 2069 79 43 ne
1380 2051 139 58 faut
1557 2069 115 59 pas
1711 2070 119 58 que
1867 2051 136 60 cela
2034 2052 118 57 t'ar-

263 2146 131 58 rive
431 2146 286 57 souvent.
756 2142 146 60 Cela
938 2147 58 55 te
1030 2141 292 77 gênerait
1353 2141 157 58 dans
1546 2140 65 57 la
1641 2140 123 59 vie.
1813 2140 367 75 Qu'est-ce?

338 2269 75 8 —
452 2236 87 55 Eh
566 2234 172 68 bien,
776 2232 149 59 c'est
958 2231 243 59 l'heure
1231 2230 76 58 de
1338 2246 63 42 se
1435 2229 355 59 coucher...

339 2358 78 8 —
447 2323 162 58 C'est
642 2339 75 43 ca
742 2325 113 53 ton
878 2319 184 58 idée?

649 2388 19 10 »

338 2446 76 7 —
445 2410 161 71 Non,
637 2414 222 53 écoute
879 2409 10 56 !
915 2408 148 58 Hier
1085 2406 58 59 le
1170 2408 285 57 moment
1479 2404 221 60 d'aller
1724 2405 244 60 dormir
1988 2423 185 52 venu,

258 2503 64 76 je
353 2518 98 41 me
489 2499 134 59 suis
659 2497 555 59 immédiatement
1254 2494 358 60 déshabillé
1650 2497 57 57 et
1745 2494 107 58 t'ai
1890 2495 288 60 souhaité

257 2607 123 42 une
413 2591 211 55 bonne
661 2585 162 61 nuit.
866 2587 92 56 Tu
1001 2584 154 59 m'as
1201 2584 321 59 embrassé
1564 2585 58 58 et
1655 2587 182 73 porté
1880 2585 156 58 dans
2077 2602 104 42 ma

273 2679 314 69 shambre,
629 2677 244 57 ensuite
905 2678 68 54 tu
1002 2673 154 59 m'as
1189 2673 262 70 couché,
1484 2677 260 55 couvert
1773 2676 59 56 et
1865 2673 221 73 bordé,
2124 2677 58 55 et

262 2767 260 76 lorsque
548 2771 70 52 tu
646 2782 67 41 as
746 2763 206 78 quitté
983 2762 61 58 la
1079 2762 304 58 chambre
1408 2779 149 41 avec
1580 2779 103 41 ma
1716 2766 196 67 mère,
1941 2767 65 53 ta
2039 2763 108 59 der-

261 2856 175 58 nière
466 2852 244 79 parole,
741 2867 245 42 comme
1019 2851 319 77 toujours,
1367 2848 100 60 fut
1494 2866 11 41 :
1535 2871 33 35 «
1601 2851 217 61 Bonne
1849 2851 155 70 nuit,
2031 2870 150 41 mon

263 2945 153 58 cher
442 2942 290 59 enfant...
783 2963 33 34 »

342 3067 77 6 —
452 3030 237 72 Certes,
736 3033 141 55 tout
919 3027 138 60 cela
1098 3031 91 55 est
1227 3031 201 68 exact,
1471 3030 58 56 et
1574 3031 66 54 ta
1677 3031 171 54 mère
1891 3027 171 58 aussi
2100 3027 83 58 t'a

265 3120 289 61 souhaité
599 3137 120 42 une
752 3119 211 58 bonne
995 3116 141 59 nuit
1167 3119 59 56 et
1256 3121 70 53 tu
1367 3134 159 41 nous
1564 3134 35 40 a
1637 3115 94 57 dit
1769 3114 286 61 bonsoir.
2102 3115 78 59 Ce

265 3210 218 61 n'était
534 3210 164 59 donc
741 3224 113 61 pas
896 3207 191 59 bien?
1126 3207 132 69 Que
1294 3204 347 60 voulais-tu
1691 3203 203 59 donc?
1933 3207 249 58 N'as-tu

266 3318 113 63 pas
412 3299 150 60 bien
593 3298 210 60 dormi
832 3299 230 75 après?

351 3428 80 10 —
465 3396 161 66 Non,
659 3387 107 77 j'ai
802 3389 128 56 très
960 3384 153 61 bien
1147 3383 234 71 dormi,
1418 3382 241 63 mais...
1698 3387 162 56 cette
1893 3384 285 61 manière

270 3487 226 62 d'aller
536 3500 64 42 se
643 3476 278 62 coucher
966 3473 162 61 n'est
1166 3492 115 58 pas
1324 3473 61 59 la
1425 3473 234 60 bonne.
1705 3474 85 58 La
1830 3473 234 62 femme
2106 3476 77 59 de
