2417 4098
1133 423 151 63 197

254 611 120 62 par
425 589 94 61 les
578 584 439 66 observations
1077 597 119 61 que
1229 576 64 78 je
1345 571 120 62 fais
1493 570 158 60 dans
1680 584 151 42 mon
1870 566 291 75 ménage.

339 677 173 73 Qu'il
532 696 99 40 me
661 677 122 57 soit
814 672 240 78 permis
1078 669 76 58 de
1175 682 158 43 vous
1361 663 297 57 raconter
1681 654 144 77 déjà
1848 655 318 58 comment

254 769 110 79 j'ai
396 768 220 78 essayé
661 762 406 78 d'appliquer
1106 763 33 53 à
1181 757 63 58 la
1281 753 192 60 chose
1505 747 310 80 publique
1846 744 61 58 la
1940 745 191 57 décou-

259 863 173 57 verte
485 856 132 78 qui,
674 851 224 80 depuis
951 848 272 78 quelque
1271 847 231 70 temps,
1534 854 37 41 a
1616 833 388 61 transformé
2061 847 104 42 ma

261 947 253 61 maison
548 964 77 40 en
658 961 85 40 un
773 937 308 62 véritable
1108 931 285 80 paradis.

341 1039 72 55 Je
444 1035 130 58 suis
606 1035 125 54 très
762 1028 84 58 lié
880 1041 147 42 avec
1054 1041 85 41 un
1169 1020 192 77 agent
1393 1016 76 58 de
1502 1011 219 78 police
1755 1009 108 78 qui
1898 1009 92 59 est
2020 1007 108 76 phi-

261 1125 271 76 losophe
569 1128 35 52 à
636 1138 95 40 ses
763 1117 229 56 heures
1026 1112 75 57 de
1130 1107 206 61 loisir.

339 1215 71 57 Je
454 1210 92 57 lui
592 1209 57 58 ai
691 1202 293 79 expliqué
1026 1215 150 42 mon
1213 1197 275 75 système
1531 1192 59 57 et
1634 1187 50 60 il
1721 1186 124 60 m'a
1891 1183 275 61 aussitôt

261 1299 301 77 compris,
598 1314 84 40 vu
733 1310 118 60 que
898 1289 226 76 j'avais
1173 1284 228 78 profité
1448 1280 148 60 d'un
1638 1279 286 56 moment
1989 1280 82 53 où
2122 1274 46 55 il

263 1387 221 61 n'était
522 1401 114 59 pas
670 1382 75 58 de
787 1378 262 61 service.
1101 1376 71 56 Et
1213 1389 127 42 non
1384 1368 352 60 seulement
1779 1364 47 57 il
1855 1380 101 42 me
1997 1382 129 40 com-

264 1477 155 78 prit,
473 1472 163 61 mais
687 1470 57 59 le
790 1464 369 62 lendemain
1206 1460 146 76 déjà
1390 1459 49 57 il
1483 1455 313 78 appliqua
1854 1470 105 42 ma
2010 1451 128 59 déli-

264 1567 208 58 cieuse
499 1562 406 58 découverte.
943 1553 205 71 Voici,
1177 1567 135 42 mes
1342 1548 186 58 chers
1556 1545 350 65 auditeurs,
1952 1558 86 41 un
2072 1557 66 42 ex-

261 1653 153 60 trait
447 1652 75 58 de
546 1669 115 40 son
694 1649 218 55 carnet
945 1665 11 37 :

345 1737 349 75 Bruxelles,
734 1737 74 55 il
829 1735 266 74 janvier.
1135 1765 78 6 —
1255 1727 137 58 Jeté
1441 1745 71 39 en
1561 1723 101 59 bas
1699 1722 81 58 du
1835 1719 245 60 trottoir
2121 1717 50 61 le

264 1834 232 56 nommé
715 1826 138 61 A...
854 1841 76 62 pour
931 1817 261 81 l'obliger
1244 1816 228 60 ensuite
1530 1820 37 52 à
1619 1820 307 50 remonter
1961 1826 108 41 sur
2117 1807 52 58 le

268 1917 264 60 trottoir.

344 2005 146 60 Fait
517 2006 185 56 sortir
719 1999 71 58 de
804 2018 64 39 sa
899 1996 230 59 maison
1161 1992 59 60 la
1249 1994 218 77 femme
1505 1989 127 61 B...
1669 2006 158 63 pour
1855 1985 84 80 l'y
1970 2005 167 39 recon-

261 2095 197 60 duire.
495 2090 203 60 Monté
725 2088 60 57 la
804 2085 188 80 garde
1021 2083 226 58 devant
1277 2100 107 38 son
1416 2075 278 62 domicile
1728 2075 272 80 pendant
2025 2077 146 56 trois

264 2184 215 59 heures
514 2180 126 78 afin
673 2178 70 58 de
777 2173 359 78 l'empêcher
1161 2169 69 60 de
1262 2173 208 54 sortir.

343 2269 153 82 (Elle
529 2264 361 81 prétendait
919 2260 149 59 bien
1098 2258 245 58 n'avoir
1371 2272 247 39 aucune
1652 2253 182 59 envie
1850 2251 321 70 de_sortir,

259 2362 164 58 mais
452 2359 63 78 je
547 2358 236 57 déteste
818 2370 68 40 ce
921 2366 189 61 genre
1144 2345 75 59 de
1249 2339 483 79 libertarisme.)

343 2447 275 60 Ordonné
641 2451 36 51 à
703 2462 78 37 un
809 2439 208 60 cocher
1039 2434 71 60 de
1128 2434 165 78 faire
1319 2428 294 62 emballer
1632 2447 109 38 son
1774 2424 210 62 cheval
2009 2444 162 61 pour

263 2536 52 61 le
446 2536 34 58 lui
481 2531 269 79 défendre
794 2530 254 57 ensuite.

334 2632 301 74 Enfermé
655 2626 257 80 jusqu'à
937 2624 218 57 minuit
1185 2617 291 83 quelques
1507 2616 261 60 buveurs
1801 2613 71 60 de
1891 2615 142 77 fa.ro
2060 2613 106 79 qui

256 2721 310 63 voulaient
590 2718 228 80 quitter
843 2711 357 61 l'estaminet
1242 2715 188 52 avant
1469 2705 230 60 l'heure
1735 2704 71 59 de
1840 2702 60 59 la
1938 2705 185 75 ferme-

258 2823 132 49 ture
419 2805 453 84 réglementaire
903 2822 161 59 pour
1089 2799 83 58 les
1199 2796 232 80 obliger
1450 2796 230 60 ensuite
1700 2801 36 52 à
1775 2794 126 58 s'en
1943 2791 176 60 aller.

336 2900 341 77 Provoqué,
716 2913 117 60 par
894 2888 284 84 quelques
1227 2885 143 61 bons
1423 2904 187 60 coups
1662 2884 70 58 de
1797 2883 204 69 bâton,
2050 2900 116 40 une

251 3006 301 66 personne
603 2989 105 77 qui
744 3003 57 38 se
832 2979 346 83 promenait
1232 2973 517 82 tranquillement,
1784 2982 55 49 et
1890 2970 278 60 l'arrêter

258 3078 231 62 ensuite
520 3093 224 42 comme
773 3069 292 82 coupable
1097 3067 318 77 d'outrage
1448 3074 57 49 et
1535 3062 316 61 rébellion.

336 3167 179 61 Voici
564 3184 161 59 pour
767 3163 60 59 le
884 3162 218 57 carnet
1152 3158 76 60 de
1270 3173 151 41 mon
1472 3153 125 60 ami
1646 3153 59 59 le
1747 3151 380 78 philosophe-

258 3257 293 79 policier.
583 3253 155 60 Mais
768 3270 67 41 ce
868 3248 159 60 n'est
1054 3265 113 61 pas
1196 3250 165 56 tout.
1691 3275 9 6 •

335 3346 174 57 Vous
550 3360 77 41 ne
667 3358 156 42 vous
867 3339 221 58 doutez
1130 3353 114 59 pas
1289 3350 254 52 encore,
1585 3349 132 40 mes
1760 3330 185 59 chers
1978 3328 148 60 audi-

258 3438 194 62 teurs,
472 3434 318 54 comment
834 3445 104 40 ma
975 3426 375 59 découverte
1393 3421 343 60 concluant
1770 3425 37 52 à
1844 3419 62 58 la
1947 3421 181 55 néces-

260 3520 117 61 sité
419 3520 74 59 de
536 3520 66 57 la
647 3516 380 68 contrainte,
1072 3513 233 59 touche
1340 3511 76 60 de
1441 3514 150 75 près
1620 3527 127 41 aux
1778 3507 268 60 intérêts
2089 3505 75 58 de

255 3610 65 63 la
349 3607 169 72 ville,
557 3608 85 57 du
674 3622 180 60 pays,
890 3604 75 60 de
994 3603 328 62 l'univers.
