2417 4098
1155 422 119 57 240

987 832 436 84 MÉMENTO

297 1095 105 50 Ont
431 1108 129 50 paru
595 1111 11 33 :

291 1195 135 48 Chez
451 1196 65 48 A.
549 1196 254 50 Lemerre
838 1213 9 31 :
887 1199 89 47 Les
1023 1199 257 63 Trophées
1288 1239 10 21 ,
1335 1201 64 47 de
1448 1200 127 48 José
1625 1201 169 50 Maria
1828 1204 344 61 deHeredia;

231 1269 73 47 La
336 1267 266 60 Possédée,
642 1270 62 46 de
738 1269 239 60 Philippe
1006 1269 269 62 Chaperon
1294 1288 13 43 ;
1341 1272 158 47 Ames
1529 1271 273 61 Blanches,
1821 1276 63 46 de
1917 1276 251 50 Williams

230 1341 164 48 Ritter
414 1354 10 34 ;
444 1340 63 47 Le
531 1354 125 49 gros
684 1340 125 49 chat
836 1343 127 61 gris,
983 1343 63 47 de
1077 1342 197 50 Michel
1305 1343 308 63 Jacquemin
1635 1360 10 44 ;
1971 1347 196 61 Secret,

234 1411 63 45 de
338 1409 161 49 Henri
534 1413 236 59 Rouger;
805 1413 94 47 Les
939 1415 300 47 Aventures
1283 1416 63 47 de
1383 1415 54 49 la
1467 1416 274 62 princesse
1778 1417 275 50 Soundari
2058 1458 11 23 ,
2105 1422 62 46 de

238 1481 151 49 Marv
421 1483 261 48 Summèr.

300 1553 133 48 Chez
461 1556 60 47 A.
558 1554 187 49 Savine
779 1571 13 30 :
830 1554 213 50 Solness
1075 1556 45 49 le
1170 1557 396 61 Constructeur,
1622 1562 61 46 de
1726 1561 225 49 Henrich
1984 1562 151 48 Ibsen
2159 1578 13 45 ;

234 1625 95 47 Les
361 1625 329 63 complicités
722 1627 63 47 de
808 1628 271 61 Panama,
1115 1630 61 47 de
1206 1628 60 49 G.
1296 1632 237 48 Rouanet
1550 1647 11 43 ;
1597 1633 72 47 La
1708 1633 201 48 France
1945 1634 221 61 Sociale,

239 1698 62 46 de
328 1702 58 43 A.
418 1697 224 48 Hamon.

296 1769 134 48 Chez
454 1769 58 47 E.
544 1770 179 46 Dentu
755 1784 11 32 :
799 1770 114 50 Joie
936 1773 226 59 perdue,
1197 1773 62 47 de
1291 1773 280 59 Gonzague
1599 1775 193 49 Privât.

303 1840 135 48 Chez
469 1839 182 48 Perrin
682 1841 50 47 et
765 1840 37 48 C
808 1841 33 31 ie
870 1855 13 33 :
913 1844 103 46 Une
1051 1844 332 60 Courtisane,
1421 1846 63 46 de
1533 1846 239 49 Armand
1810 1846 363 64 Charpentier;

238 1912 219 61 Egarée,
494 1912 63 47 de
590 1912 58 47 E.
676 1912 170 49 Aubé.

300 1982 135 49 Chez
479 1982 142 49 Léon
662 1984 196 49 Vanier
893 2000 12 32 :
941 1987 268 61 Liturgies
1251 1987 229 60 intimes,
1519 1990 62 47 de
1626 1990 131 48 Paul
1788 1992 239 49 Verlaine
2044 2011 12 42 ;

243 2055 127 48 Sens
403 2056 267 61 religieux
696 2057 66 47 de
794 2056 52 48 la
872 2058 199 60 Poésie,
1101 2061 63 46 de
1194 2060 207 48 Charles
1439 2060 215 51 Morice.

304 2126 132 48 Chez
469 2126 58 48 E.
563 2127 185 48 Girard
781 2146 9 29 :
826 2131 284 61 Prestiges,
1143 2132 61 46 de
1236 2131 48 48 J.
1320 2132 291 48 Declarœil.

309 2201 131 48 Chez
470 2199 61 49 P.
569 2198 290 50 Ollendorff
879 2217 8 29 :
920 2202 409 62 Coquecigrues,
1350 2205 63 45 de
1434 2203 154 50 Jules
1617 2205 237 59 Renard;
1880 2208 66 46 Le
1968 2208 204 63 Voyage

245 2271 132 48 dans
412 2269 72 50 les
508 2286 158 47 yeux,
703 2274 62 46 de
798 2276 230 57 Georges
1061 2273 336 50 Rodenbach.

303 2343 132 48 Chez
466 2343 121 60 May
611 2347 50 44 et
691 2342 264 49 Motteroz
991 2359 9 32 :
1035 2345 210 61 Lequel,
1278 2359 93 47 par
1404 2347 171 49 Suzel.

301 2417 43 45 A
374 2415 48 46 la
452 2414 223 47 librairie
706 2417 63 45 de
798 2415 127 49 l'Art
953 2415 358 61 Indépendant
1338 2432 11 32 :
1385 2417 329 49 Chevaleries
1744 2419 420 64 Sentimentales,

239 2486 64 47 de
334 2485 66 47 A.
441 2484 57 48 F.
534 2484 223 58 Herold;
790 2485 224 48 Sonnets
1044 2500 61 33 en
1137 2486 131 63 bige,
1306 2489 62 46 de
1392 2488 62 47 A.
1485 2489 227 48 Sabatier
1733 2504 10 45 ;
1774 2492 72 47 La
1885 2492 147 49 Vitle.

305 2559 42 47 A
386 2559 50 46 la
469 2556 250 49 Librairie
743 2558 257 48 socialiste
1039 2558 66 62 (J.
1139 2559 299 62 Allemane)
1477 2580 8 37 ;
1794 2565 50 46 et
1874 2564 203 60 Misère,
2102 2566 62 47 de

247 2629 143 48 Jules
421 2627 242 50 Jeannin.

301 2701 135 50 Chez
510 2699 231 59 Georges
797 2702 156 47 Carré
995 2716 11 31 :
1051 2702 67 47 La
1147 2702 187 61 genèse
1374 2704 273 62 humaine,
1686 2706 63 48 de
1785 2710 288 58 Paniagua;
2112 2709 63 47 Le

240 2773 59 47 P?
301 2771 311 62 ■>em-Sagar,
640 2772 289 48 traduction
958 2773 61 47 de
1061 2773 57 49 E.
1153 2776 301 48 Lamairine.

304 2846 143 47 Pour
468 2845 221 61 paraître
715 2846 430 60 prochainement
1184 2847 124 50 chez
1346 2848 61 50 E.
1454 2847 176 51 Dentu
1661 2864 12 34 :
1708 2852 73 48 La
1823 2852 239 62 Légende
2111 2852 62 48 de

245 2916 206 63 VAigle,
487 2917 62 46 de
578 2914 233 61 Georges
836 2916 329 63 d'Espartier.

310 2988 130 48 Note
469 3001 10 33 :
513 2986 79 49 M.
624 2987 61 48 P.
719 2987 194 48 Marius
959 2989 198 60 André,
1193 2992 270 48 rédacteur
1510 3006 64 34 en
1625 2994 122 49 chef
1786 2996 63 47 de
1898 2996 48 47 la
1979 2994 199 49 France

244 3062 266 57 Moderne,
543 3062 181 45 auteur
753 3060 63 47 de
856 3060 49 47 la
935 3062 239 47 Revenue
1214 3066 50 45 et
1305 3066 382 50 collaborateur
1717 3068 92 46 des
1849 3067 327 58 Entretiens,

243 3133 129 48 n'est
393 3146 91 47 pas
515 3133 47 46 le
595 3132 197 48 Marius
821 3133 195 58 André,
1053 3133 177 49 félibre
1263 3139 49 45 et
1353 3137 152 48 hardi
1552 3139 285 60 Provençal
1865 3141 103 60 qui,
1993 3138 180 61 depuis

245 3219 119 49 peu,
398 3204 245 50 s'adonne
673 3207 27 45 à
729 3205 49 47 la
805 3203 174 63 poésie
1011 3205 273 63 française.

1863 3289 60 48 B.
1964 3289 57 48 L.

1234 3465 71 51 Le
1350 3461 205 56 Gérant
1588 3477 18 39 :
1652 3463 57 57 L.
1757 3463 277 56 BERNARD.

533 3637 102 32 IMP.
666 3637 243 39 NOIZETTE,
938 3626 43 50 8,
1010 3635 94 30 RUE
1134 3627 536 46 CAMPAGNE-PREMIÈRE,
1695 3636 156 33 PARIS.
