2417 4098
1149 426 111 56 198

331 579 71 57 Je
449 576 466 59 commencerai
952 575 64 59 la
1058 575 505 61 démonstration
1604 595 117 60 par
1754 579 318 74 l'univers,
2095 585 59 57 et

251 681 156 41 vous
444 664 238 58 croirez
708 664 366 60 facilement
1106 664 57 58 le
1191 669 183 56 reste.

335 750 436 64 L'univers?...
815 754 502 59 Certainement!
1362 754 346 61 Avez-vous
1751 756 144 76 déjà
1935 763 214 74 songé,

251 858 132 41 mes
415 842 353 71 auditeurs,
806 843 323 59 comme-il
1163 847 90 55 est
1287 843 345 59 humiliant
1662 863 161 59 pour
1853 866 157 39 nous
2032 869 118 58 que

254 929 58 60 le
354 931 182 58 soleil
569 936 162 54 reste
769 931 333 59 immobile
1140 932 74 58 de
1252 950 117 58 par
1411 949 67 40 sa
1510 950 231 58 propre
1773 936 280 75 volonté,
2095 941 57 56 et

251 1037 120 59 que
398 1021 63 57 la
491 1025 187 67 terre,
716 1023 160 56 cette
908 1021 195 77 petite
1131 1027 168 52 terre
1345 1023 544 74 présomptueuse,
1925 1030 226 56 tourne

255 1107 502 70 éternellement,
795 1125 147 42 sans
973 1126 118 59 que
1125 1126 157 41 nous
1317 1107 58 60 le
1407 1109 87 57 lui
1528 1128 199 59 ayons
1748 1112 328 60 ordonné?

334 1197 183 60 Voilà
546 1197 91 60 les
670 1199 191 58 suites
894 1197 73 59 de
1000 1203 181 53 notre
1213 1197 317 59 blâmable
1578 1200 394 76 négligence.
2013 1204 146 58 Mais

256 1284 47 58 il
329 1290 153 55 vaut
513 1286 216 59 mieux
759 1304 159 42 nous
948 1285 240 60 arrêter
1216 1286 80 58 là.
1318 1288 169 56 Nous
1519 1285 337 80 obligerons
1887 1289 57 58 le
1975 1290 181 60 soleil

258 1378 38 53 à
334 1374 312 60 s'arrêter.
691 1375 157 60 Rien
899 1375 159 59 n'est
1111 1374 142 77 plus
1305 1374 214 58 facile.
1572 1375 201 71 Qu'on
1820 1377 89 58 lui
1947 1378 208 61 donne

259 1482 122 41 une
430 1464 301 59 chambre
768 1481 244 42 comme
1053 1463 64 57 la
1153 1465 199 65 nôtre,
1390 1464 59 56 et
1483 1463 61 76 je
1580 1482 96 39 me
1709 1471 179 69 porte
1928 1473 224 70 garant

260 1553 155 79 qu'il
445 1571 77 39 ne
553 1553 284 76 bougera
863 1570 134 58 pas.
1028 1553 77 57 Et
1134 1552 65 57 la
1227 1556 165 53 terre
1426 1552 129 76 qui,
1590 1552 222 77 depuis
1846 1556 151 57 Dieu
2030 1557 124 57 sait

258 1642 234 79 quand,
514 1658 64 41 se
595 1645 245 72 permet
863 1641 350 58 détourner
1234 1656 149 42 avec
1399 1657 121 41 une
1536 1639 614 63 incommensurable

258 1731 440 80 présomption
732 1747 162 59 pour
926 1746 68 41 sa
1022 1728 395 59 satisfaction
1444 1730 421 72 personnelle,
1901 1749 157 39 nous
2088 1731 64 58 la

260 1824 312 76 forcerons
611 1821 35 55 à
684 1821 283 56 tourner.
1013 1817 168 56 Pour
1219 1813 265 59 réaliser
1524 1820 204 53 toutes
1762 1834 101 39 ces
1896 1816 222 60 amélio-

259 1910 266 66 rations,
561 1907 62 77 je
651 1905 318 58 n'attends
1004 1921 120 59 que
1157 1904 62 58 la
1261 1902 376 60 découverte
1684 1904 73 58 de
1806 1923 67 40 ce
1900 1905 254 58 fameux

259 1999 185 79 point
487 1996 261 75 d'appui
788 1994 144 76 qu'à
973 1992 144 77 déjà
1166 1991 270 59 cherché
1475 1992 453 60 Archimède...
1989 1996 57 55 et
2091 1995 63 76 je

255 2106 157 41 vous
445 2090 285 74 promets
759 2102 87 39 un
877 2083 221 58 avenir
1126 2081 288 58 radieux.

336 2178 158 56 Tout
539 2191 64 40 se
651 2172 137 58 fera
840 2188 113 58 par
1000 2170 59 59 la
1102 2169 377 57 contrainte.
1526 2169 122 56 Par
1688 2166 59 58 la
1799 2168 356 61 contrainte

259 2264 260 59 l'enfant
572 2260 241 58 aimera
862 2276 98 40 ses
1004 2260 280 70 parents.
1341 2255 120 56 Par
1501 2254 63 57 la
1606 2255 352 60 contrainte
2001 2274 154 41 vous

261 2351 308 75 parierez,
584 2362 156 41 vous
782 2361 156 40 vous
980 2342 210 71 tairez,
1223 2358 157 41 vous
1407 2347 267 53 resterez
1709 2344 260 70 debout,
2001 2361 155 42 vous

260 2453 156 41 vous
451 2433 368 65 coucherez,
853 2447 156 41 vous
1032 2428 385 70 marcherez,
1454 2446 155 42 vous
1642 2431 330 72 dormirez,
2001 2448 155 42 vous

263 2540 358 60 mangerez,
668 2523 58 57 et
759 2536 155 41 vous
941 2535 307 59 gagnerez
1272 2517 74 57 de
1369 2517 286 76 l'argent.
1694 2521 84 56 La
1806 2521 351 57 contrainte

259 2621 265 70 régnera
555 2612 155 56 dans
731 2610 328 66 laNature,
1086 2605 154 59 dans
1261 2606 204 67 l'Etat,
1491 2606 153 57 dans
1662 2612 177 54 votre
1868 2612 286 74 ménage,

268 2706 156 59 dans
466 2704 176 54 votre
686 2697 149 60 lit...
856 2699 138 55 tout
1035 2713 68 40 ce
1143 2695 106 76 qui
1293 2696 90 56 est
1414 2694 126 58 mal
1571 2713 75 40 ne
1679 2713 139 41 sera
1851 2697 164 77 plus,
2052 2715 108 41 car

265 2795 59 59 le
355 2794 150 57 bien
537 2805 140 42 sera
706 2786 115 59 fait
852 2803 115 59 par
995 2785 65 57 la
1092 2782 357 60 contrainte
1486 2801 12 40 :

349 2880 348 68 Glorieuse,
732 2874 227 70 sainte,
998 2873 215 58 divine

343 2973 73 58 Et
445 2968 56 60 le
532 2963 298 63 Javanais
865 2961 172 60 aussi
1075 2978 140 42 sera,
1238 2961 174 75 forcé
1441 2965 34 52 à
1506 2959 160 60 faire
1698 2960 57 59 le
1787 2961 169 69 bien,
1990 2964 145 56 c'est-

268 3062 207 61 à-dire
506 3058 74 58 de
612 3052 328 61 travailler
970 3068 163 60 pour
1163 3068 235 41 nous...

346 3147 177 68 Mais,
551 3142 404 61 s'exclamera
992 3138 104 70 ici,
1122 3139 295 75 j'espère,
1454 3137 53 59 le
1534 3138 258 69 lecteur,
1829 3141 139 54 tout
2029 3139 132 60 ceci

266 3243 92 59 est
391 3233 291 64 absurde.
701 3273 10 17 4
726 3278 12 14 .
773 3232 200 70 inouï,
1002 3227 321 74 imbécile,
1347 3228 112 59 fou
1488 3228 57 57 et
1576 3227 212 76 pire...

349 3321 484 66 Parfaitement!

355 3412 174 76 Quod
561 3420 130 51 erat
719 3405 614 63 demonstrandum...
1359 3423 133 40 mes
1526 3403 183 60 chers
1741 3403 295 60 lecteurs.

1701 3513 383 56 MULTATULLI

273 3613 224 64 (Traduit
529 3610 60 47 du
614 3604 316 57 Hollandais,
962 3615 90 48 par
1081 3600 286 49 Alexandre
1400 3599 205 64 Cohen.J
