<?xml version="1.0" encoding="UTF-8"?>
<alto xmlns:xsi="http://www.w3.org/2001/XMLSchema-instance" xmlns="http://www.loc.gov/standards/alto/ns-v2#" xsi:schemaLocation="http://www.loc.gov/standards/alto/ns-v2# http://www.loc.gov/standards/alto/alto-v2.0.xsd" xmlns:xlink="http://www.w3.org/1999/xlink">
	<Description>
		<MeasurementUnit>mm10</MeasurementUnit>
		<sourceImageInformation>
			<fileName>//fileserver7/IN2/Princeton/Batch3/bmtnabh/1912/02/15_01/00000154.tif</fileName>
		</sourceImageInformation>
		<OCRProcessing ID="OCRPROCESSING_1">
			<preProcessingStep>
				<processingSoftware>
					<softwareCreator>CCS Content Conversion Specialists GmbH, Germany</softwareCreator>
					<softwareName>CCS docWORKS</softwareName>
					<softwareVersion>6.6-1.18</softwareVersion>
				</processingSoftware>
			</preProcessingStep>
			<ocrProcessingStep>
				<processingSoftware>
					<softwareCreator>ABBYY (BIT Software), Russia</softwareCreator>
					<softwareName>FineReader</softwareName>
					<softwareVersion>10.0</softwareVersion>
				</processingSoftware>
			</ocrProcessingStep>
		</OCRProcessing>
	</Description>
	<Styles>
		<TextStyle ID="TXT_0" FONTSIZE="26" FONTFAMILY="Times New Roman"/>
		<TextStyle ID="TXT_1" FONTSIZE="16" FONTFAMILY="Times New Roman"/>
		<TextStyle ID="TXT_2" FONTSIZE="12" FONTFAMILY="Times New Roman" FONTSTYLE="bold"/>
		<TextStyle ID="TXT_3" FONTSIZE="16" FONTFAMILY="Times New Roman" FONTSTYLE="italics"/>
		<TextStyle ID="TXT_4" FONTSIZE="15" FONTFAMILY="Times New Roman" FONTSTYLE="bold"/>
		<TextStyle ID="TXT_5" FONTSIZE="17" FONTFAMILY="Times New Roman"/>
		<ParagraphStyle ID="PAR_CENTER" ALIGN="Center"/>
		<ParagraphStyle ID="PAR_BLOCK" ALIGN="Block"/>
		<ParagraphStyle ID="PAR_LEFT" ALIGN="Left"/>
	</Styles>
	<Layout>
		<Page ID="P81" PHYSICAL_IMG_NR="81" HEIGHT="4221" WIDTH="3015" PC="0.921">
			<TopMargin ID="P81_TM00001" HPOS="0" VPOS="0" WIDTH="3015" HEIGHT="274"/>
			<LeftMargin ID="P81_LM00001" HPOS="0" VPOS="274" WIDTH="427" HEIGHT="3387"/>
			<RightMargin ID="P81_RM00001" HPOS="2951" VPOS="274" WIDTH="64" HEIGHT="3387"/>
			<BottomMargin ID="P81_BM00001" HPOS="0" VPOS="3661" WIDTH="3015" HEIGHT="560"/>
			<PrintSpace ID="P81_PS00001" HPOS="427" VPOS="274" WIDTH="2524" HEIGHT="3387">
				<TextBlock ID="P81_TB00001" HPOS="1511" VPOS="254" WIDTH="360" HEIGHT="70" STYLEREFS="TXT_0 PAR_CENTER">
					<TextLine ID="P81_TL00001" HPOS="1511" VPOS="254" WIDTH="360" HEIGHT="70">
						<String ID="P81_ST00001" HPOS="1511" VPOS="254" WIDTH="63" HEIGHT="70" CONTENT="S." WC="1.00" CC="00"/>
						<SP ID="P81_SP00001" HPOS="1574" VPOS="324" WIDTH="68"/>
						<String ID="P81_ST00002" HPOS="1642" VPOS="255" WIDTH="54" HEIGHT="69" CONTENT="I." WC="0.75" CC="05"/>
						<SP ID="P81_SP00002" HPOS="1696" VPOS="324" WIDTH="68"/>
						<String ID="P81_ST00003" HPOS="1764" VPOS="254" WIDTH="107" HEIGHT="70" CONTENT="M." WC="0.81" CC="03"/>
					</TextLine>
				</TextBlock>
				<TextBlock ID="P81_TB00002" HPOS="427" VPOS="395" WIDTH="2524" HEIGHT="2737" STYLEREFS="TXT_1 PAR_BLOCK">
					<TextLine ID="P81_TL00002" HPOS="569" VPOS="396" WIDTH="2371" HEIGHT="66">
						<String ID="P81_ST00004" HPOS="569" VPOS="398" WIDTH="46" HEIGHT="45" CONTENT="A" WC="1.00" CC="0"/>
						<SP ID="P81_SP00003" HPOS="615" VPOS="443" WIDTH="27"/>
						<String ID="P81_ST00005" HPOS="642" VPOS="396" WIDTH="223" HEIGHT="49" CONTENT="GAND." WC="0.81" CC="00044"/>
						<SP ID="P81_SP00004" HPOS="865" VPOS="445" WIDTH="125"/>
						<String ID="P81_ST00006" HPOS="990" VPOS="398" WIDTH="67" HEIGHT="48" CONTENT="Le" WC="0.98" CC="00"/>
						<SP ID="P81_SP00005" HPOS="1057" VPOS="446" WIDTH="29"/>
						<String ID="P81_ST00007" HPOS="1086" VPOS="398" WIDTH="356" HEIGHT="49" CONTENT="Conservatoire" WC="1.00" CC="0090000033400"/>
						<SP ID="P81_SP00006" HPOS="1442" VPOS="447" WIDTH="27"/>
						<String ID="P81_ST00008" HPOS="1469" VPOS="399" WIDTH="128" HEIGHT="63" CONTENT="royal" WC="0.98" CC="10056"/>
						<SP ID="P81_SP00007" HPOS="1597" VPOS="462" WIDTH="27"/>
						<String ID="P81_ST00009" HPOS="1624" VPOS="401" WIDTH="54" HEIGHT="45" CONTENT="de" WC="1.00" CC="00"/>
						<SP ID="P81_SP00008" HPOS="1678" VPOS="462" WIDTH="24"/>
						<String ID="P81_ST00010" HPOS="1702" VPOS="400" WIDTH="210" HEIGHT="61" CONTENT="musique" WC="1.00" CC="0004200"/>
						<SP ID="P81_SP00009" HPOS="1912" VPOS="462" WIDTH="22"/>
						<String ID="P81_ST00011" HPOS="1934" VPOS="400" WIDTH="128" HEIGHT="44" CONTENT="vient" WC="0.98" CC="04056"/>
						<SP ID="P81_SP00010" HPOS="2062" VPOS="462" WIDTH="22"/>
						<String ID="P81_ST00012" HPOS="2084" VPOS="398" WIDTH="54" HEIGHT="45" CONTENT="de" WC="1.00" CC="00"/>
						<SP ID="P81_SP00011" HPOS="2138" VPOS="462" WIDTH="22"/>
						<String ID="P81_ST00013" HPOS="2160" VPOS="396" WIDTH="205" HEIGHT="47" CONTENT="célébrer" WC="0.99" CC="56660000"/>
						<SP ID="P81_SP00012" HPOS="2365" VPOS="462" WIDTH="18"/>
						<String ID="P81_ST00014" HPOS="2383" VPOS="396" WIDTH="41" HEIGHT="47" CONTENT="le" WC="0.70" CC="50"/>
						<SP ID="P81_SP00013" HPOS="2424" VPOS="462" WIDTH="21"/>
						<String ID="P81_ST00015" HPOS="2445" VPOS="398" WIDTH="495" HEIGHT="60" CONTENT="soixante-quinzième" WC="1.00" CC="004000004004034753"/>
					</TextLine>
					<TextLine ID="P81_TL00003" HPOS="427" VPOS="465" WIDTH="2514" HEIGHT="69">
						<String ID="P81_ST00016" HPOS="427" VPOS="468" WIDTH="310" HEIGHT="47" CONTENT="anniversaire" WC="1.00" CC="600500000400"/>
						<SP ID="P81_SP00014" HPOS="737" VPOS="515" WIDTH="38"/>
						<String ID="P81_ST00017" HPOS="775" VPOS="468" WIDTH="55" HEIGHT="45" CONTENT="de" WC="1.00" CC="00"/>
						<SP ID="P81_SP00015" HPOS="830" VPOS="515" WIDTH="38"/>
						<String ID="P81_ST00018" HPOS="868" VPOS="486" WIDTH="84" HEIGHT="29" CONTENT="son" WC="1.00" CC="000"/>
						<SP ID="P81_SP00016" HPOS="952" VPOS="515" WIDTH="37"/>
						<String ID="P81_ST00019" HPOS="989" VPOS="471" WIDTH="280" HEIGHT="45" CONTENT="institution." WC="1.00" CC="600030003004"/>
						<SP ID="P81_SP00017" HPOS="1269" VPOS="516" WIDTH="30"/>
						<String ID="P81_ST00020" HPOS="1299" VPOS="468" WIDTH="131" HEIGHT="47" CONTENT="C'est" WC="0.99" CC="04100"/>
						<SP ID="P81_SP00018" HPOS="1430" VPOS="516" WIDTH="38"/>
						<String ID="P81_ST00021" HPOS="1468" VPOS="468" WIDTH="42" HEIGHT="47" CONTENT="le" WC="0.82" CC="30"/>
						<SP ID="P81_SP00019" HPOS="1510" VPOS="516" WIDTH="46"/>
						<String ID="P81_ST00022" HPOS="1556" VPOS="485" WIDTH="17" HEIGHT="30" CONTENT="l" WC="0.69" CC="3" STYLEREFS="TXT_2"/>
						<String ID="P81_ST00023" HPOS="1583" VPOS="472" WIDTH="34" HEIGHT="20" CONTENT="er" STYLE="superscript" WC="0.42" CC="47" STYLEREFS="TXT_2"/>
						<SP ID="P81_SP00020" HPOS="1617" VPOS="516" WIDTH="31"/>
						<String ID="P81_ST00024" HPOS="1648" VPOS="471" WIDTH="179" HEIGHT="63" CONTENT="janvier" WC="0.99" CC="4000500"/>
						<SP ID="P81_SP00021" HPOS="1827" VPOS="534" WIDTH="46"/>
						<String ID="P81_ST00025" HPOS="1873" VPOS="468" WIDTH="146" HEIGHT="63" CONTENT="1835," WC="0.53" CC="54254"/>
						<SP ID="P81_SP00022" HPOS="2019" VPOS="534" WIDTH="39"/>
						<String ID="P81_ST00026" HPOS="2058" VPOS="485" WIDTH="59" HEIGHT="28" CONTENT="en" WC="1.00" CC="00"/>
						<SP ID="P81_SP00023" HPOS="2117" VPOS="534" WIDTH="39"/>
						<String ID="P81_ST00027" HPOS="2156" VPOS="465" WIDTH="124" HEIGHT="61" CONTENT="effet," WC="0.98" CC="066104"/>
						<SP ID="P81_SP00024" HPOS="2280" VPOS="534" WIDTH="41"/>
						<String ID="P81_ST00028" HPOS="2321" VPOS="484" WIDTH="90" HEIGHT="45" CONTENT="que" WC="1.00" CC="000"/>
						<SP ID="P81_SP00025" HPOS="2411" VPOS="534" WIDTH="39"/>
						<String ID="P81_ST00029" HPOS="2450" VPOS="467" WIDTH="281" HEIGHT="45" CONTENT="s'ouvrirent" WC="1.00" CC="04200060200"/>
						<SP ID="P81_SP00026" HPOS="2731" VPOS="534" WIDTH="36"/>
						<String ID="P81_ST00030" HPOS="2767" VPOS="485" WIDTH="113" HEIGHT="43" CONTENT="pour" WC="0.99" CC="0400"/>
						<SP ID="P81_SP00027" HPOS="2880" VPOS="534" WIDTH="24"/>
						<String ID="P81_ST00031" HPOS="2904" VPOS="472" WIDTH="37" HEIGHT="48" CONTENT="la" WC="0.38" CC="65"/>
					</TextLine>
					<TextLine ID="P81_TL00004" HPOS="430" VPOS="536" WIDTH="2514" HEIGHT="63">
						<String ID="P81_ST00032" HPOS="430" VPOS="537" WIDTH="224" HEIGHT="62" CONTENT="première" WC="1.00" CC="00004600"/>
						<SP ID="P81_SP00028" HPOS="654" VPOS="599" WIDTH="27"/>
						<String ID="P81_ST00033" HPOS="681" VPOS="538" WIDTH="85" HEIGHT="46" CONTENT="fois" WC="0.98" CC="0430"/>
						<SP ID="P81_SP00029" HPOS="766" VPOS="599" WIDTH="25"/>
						<String ID="P81_ST00034" HPOS="791" VPOS="537" WIDTH="25" HEIGHT="47" CONTENT="à" WC="0.38" CC="6"/>
						<SP ID="P81_SP00030" HPOS="816" VPOS="599" WIDTH="26"/>
						<String ID="P81_ST00035" HPOS="842" VPOS="537" WIDTH="143" HEIGHT="49" CONTENT="Gand" WC="0.77" CC="0900"/>
						<SP ID="P81_SP00031" HPOS="985" VPOS="599" WIDTH="28"/>
						<String ID="P81_ST00036" HPOS="1013" VPOS="538" WIDTH="64" HEIGHT="46" CONTENT="les" WC="0.98" CC="120"/>
						<SP ID="P81_SP00032" HPOS="1077" VPOS="599" WIDTH="25"/>
						<String ID="P81_ST00037" HPOS="1102" VPOS="556" WIDTH="134" HEIGHT="30" CONTENT="cours" WC="0.99" CC="24000"/>
						<SP ID="P81_SP00033" HPOS="1236" VPOS="599" WIDTH="26"/>
						<String ID="P81_ST00038" HPOS="1262" VPOS="537" WIDTH="113" HEIGHT="47" CONTENT="d'un" WC="0.99" CC="0400"/>
						<SP ID="P81_SP00034" HPOS="1375" VPOS="599" WIDTH="24"/>
						<String ID="P81_ST00039" HPOS="1399" VPOS="537" WIDTH="350" HEIGHT="49" CONTENT="établissement" WC="1.00" CC="9100420000000"/>
						<SP ID="P81_SP00035" HPOS="1749" VPOS="599" WIDTH="26"/>
						<String ID="P81_ST00040" HPOS="1775" VPOS="539" WIDTH="165" HEIGHT="46" CONTENT="officiel" WC="0.99" CC="00000450"/>
						<SP ID="P81_SP00036" HPOS="1940" VPOS="599" WIDTH="37"/>
						<String ID="P81_ST00041" HPOS="1977" VPOS="538" WIDTH="406" HEIGHT="60" CONTENT="d'enseignement" WC="1.00" CC="04000011000000"/>
						<SP ID="P81_SP00037" HPOS="2383" VPOS="599" WIDTH="37"/>
						<String ID="P81_ST00042" HPOS="2420" VPOS="537" WIDTH="208" HEIGHT="47" CONTENT="musical." WC="1.00" CC="00030024"/>
						<SP ID="P81_SP00038" HPOS="2628" VPOS="599" WIDTH="31"/>
						<String ID="P81_ST00043" HPOS="2659" VPOS="536" WIDTH="92" HEIGHT="47" CONTENT="Les" WC="1.00" CC="000"/>
						<SP ID="P81_SP00039" HPOS="2751" VPOS="599" WIDTH="38"/>
						<String ID="P81_ST00044" HPOS="2789" VPOS="539" WIDTH="155" HEIGHT="50" CONTENT="débuts" WC="0.99" CC="060330"/>
					</TextLine>
					<TextLine ID="P81_TL00005" HPOS="433" VPOS="608" WIDTH="2509" HEIGHT="63">
						<String ID="P81_ST00045" HPOS="433" VPOS="608" WIDTH="157" HEIGHT="46" CONTENT="furent" WC="1.00" CC="000401"/>
						<SP ID="P81_SP00040" HPOS="590" VPOS="654" WIDTH="25"/>
						<String ID="P81_ST00046" HPOS="615" VPOS="608" WIDTH="229" HEIGHT="46" CONTENT="modestes" WC="0.99" CC="02000560"/>
						<SP ID="P81_SP00041" HPOS="844" VPOS="654" WIDTH="26"/>
						<String ID="P81_ST00047" HPOS="870" VPOS="626" WIDTH="9" HEIGHT="29" CONTENT=":" WC="0.57" CC="4"/>
						<SP ID="P81_SP00042" HPOS="879" VPOS="655" WIDTH="38"/>
						<String ID="P81_ST00048" HPOS="917" VPOS="622" WIDTH="179" HEIGHT="34" CONTENT="12.000" WC="0.77" CC="054004"/>
						<SP ID="P81_SP00043" HPOS="1096" VPOS="656" WIDTH="39"/>
						<String ID="P81_ST00049" HPOS="1135" VPOS="610" WIDTH="151" HEIGHT="45" CONTENT="francs" WC="1.00" CC="000000"/>
						<SP ID="P81_SP00044" HPOS="1286" VPOS="656" WIDTH="39"/>
						<String ID="P81_ST00050" HPOS="1325" VPOS="609" WIDTH="55" HEIGHT="45" CONTENT="de" WC="0.78" CC="04"/>
						<SP ID="P81_SP00045" HPOS="1380" VPOS="656" WIDTH="39"/>
						<String ID="P81_ST00051" HPOS="1419" VPOS="609" WIDTH="189" HEIGHT="62" CONTENT="budget," WC="1.00" CC="0000104"/>
						<SP ID="P81_SP00046" HPOS="1608" VPOS="671" WIDTH="35"/>
						<String ID="P81_ST00052" HPOS="1643" VPOS="622" WIDTH="94" HEIGHT="48" CONTENT="150" WC="0.65" CC="640"/>
						<SP ID="P81_SP00047" HPOS="1737" VPOS="671" WIDTH="40"/>
						<String ID="P81_ST00053" HPOS="1777" VPOS="609" WIDTH="162" HEIGHT="59" CONTENT="élèves," WC="0.99" CC="6350004"/>
						<SP ID="P81_SP00048" HPOS="1939" VPOS="671" WIDTH="27"/>
						<String ID="P81_ST00054" HPOS="1966" VPOS="608" WIDTH="25" HEIGHT="46" CONTENT="8" WC="0.76" CC="2"/>
						<SP ID="P81_SP00049" HPOS="1991" VPOS="671" WIDTH="31"/>
						<String ID="P81_ST00055" HPOS="2022" VPOS="609" WIDTH="277" HEIGHT="59" CONTENT="professeurs" WC="1.00" CC="00300000000"/>
						<SP ID="P81_SP00050" HPOS="2299" VPOS="671" WIDTH="35"/>
						<String ID="P81_ST00056" HPOS="2334" VPOS="618" WIDTH="47" HEIGHT="34" CONTENT="et" WC="0.75" CC="04"/>
						<SP ID="P81_SP00051" HPOS="2381" VPOS="671" WIDTH="30"/>
						<String ID="P81_ST00057" HPOS="2411" VPOS="624" WIDTH="65" HEIGHT="28" CONTENT="un" WC="1.00" CC="00"/>
						<SP ID="P81_SP00052" HPOS="2476" VPOS="671" WIDTH="29"/>
						<String ID="P81_ST00058" HPOS="2505" VPOS="608" WIDTH="246" HEIGHT="60" CONTENT="directeur," WC="1.00" CC="0000000004"/>
						<SP ID="P81_SP00053" HPOS="2751" VPOS="671" WIDTH="26"/>
						<String ID="P81_ST00059" HPOS="2777" VPOS="609" WIDTH="165" HEIGHT="62" CONTENT="Joseph" WC="0.99" CC="000334"/>
					</TextLine>
					<TextLine ID="P81_TL00006" HPOS="434" VPOS="676" WIDTH="2510" HEIGHT="64">
						<String ID="P81_ST00060" HPOS="434" VPOS="676" WIDTH="214" HEIGHT="63" CONTENT="Mengal," WC="0.84" CC="0006004"/>
						<SP ID="P81_SP00054" HPOS="648" VPOS="739" WIDTH="28"/>
						<String ID="P81_ST00061" HPOS="676" VPOS="677" WIDTH="142" HEIGHT="62" CONTENT="gloire" WC="0.99" CC="050200"/>
						<SP ID="P81_SP00055" HPOS="818" VPOS="739" WIDTH="28"/>
						<String ID="P81_ST00062" HPOS="846" VPOS="678" WIDTH="160" HEIGHT="61" CONTENT="locale," WC="0.99" CC="3400304"/>
						<SP ID="P81_SP00056" HPOS="1006" VPOS="739" WIDTH="29"/>
						<String ID="P81_ST00063" HPOS="1035" VPOS="681" WIDTH="76" HEIGHT="59" CONTENT="qui" WC="0.98" CC="005"/>
						<SP ID="P81_SP00057" HPOS="1111" VPOS="740" WIDTH="28"/>
						<String ID="P81_ST00064" HPOS="1139" VPOS="680" WIDTH="122" HEIGHT="45" CONTENT="avait" WC="0.98" CC="00915"/>
						<SP ID="P81_SP00058" HPOS="1261" VPOS="740" WIDTH="26"/>
						<String ID="P81_ST00065" HPOS="1287" VPOS="678" WIDTH="73" HEIGHT="46" CONTENT="été" WC="0.96" CC="605"/>
						<SP ID="P81_SP00059" HPOS="1360" VPOS="740" WIDTH="27"/>
						<String ID="P81_ST00066" HPOS="1387" VPOS="681" WIDTH="198" HEIGHT="58" CONTENT="premier" WC="1.00" CC="0000200"/>
						<SP ID="P81_SP00060" HPOS="1585" VPOS="740" WIDTH="27"/>
						<String ID="P81_ST00067" HPOS="1612" VPOS="697" WIDTH="78" HEIGHT="28" CONTENT="cor" WC="1.00" CC="010"/>
						<SP ID="P81_SP00061" HPOS="1690" VPOS="740" WIDTH="39"/>
						<String ID="P81_ST00068" HPOS="1729" VPOS="680" WIDTH="25" HEIGHT="45" CONTENT="à" WC="0.59" CC="4"/>
						<SP ID="P81_SP00062" HPOS="1754" VPOS="740" WIDTH="37"/>
						<String ID="P81_ST00069" HPOS="1791" VPOS="678" WIDTH="441" HEIGHT="61" CONTENT="l'Opéra-comique" WC="0.82" CC="540070050003000"/>
						<SP ID="P81_SP00063" HPOS="2232" VPOS="740" WIDTH="34"/>
						<String ID="P81_ST00070" HPOS="2266" VPOS="694" WIDTH="104" HEIGHT="28" CONTENT="sous" WC="1.00" CC="0000"/>
						<SP ID="P81_SP00064" HPOS="2370" VPOS="740" WIDTH="26"/>
						<String ID="P81_ST00071" HPOS="2396" VPOS="676" WIDTH="230" HEIGHT="61" CONTENT="l'Empire" WC="0.99" CC="24400403"/>
						<SP ID="P81_SP00065" HPOS="2626" VPOS="740" WIDTH="26"/>
						<String ID="P81_ST00072" HPOS="2652" VPOS="689" WIDTH="46" HEIGHT="33" CONTENT="et" WC="0.71" CC="05"/>
						<SP ID="P81_SP00066" HPOS="2698" VPOS="740" WIDTH="25"/>
						<String ID="P81_ST00073" HPOS="2723" VPOS="695" WIDTH="60" HEIGHT="28" CONTENT="au" WC="0.64" CC="70"/>
						<SP ID="P81_SP00067" HPOS="2783" VPOS="740" WIDTH="27"/>
						<String ID="P81_ST00074" HPOS="2810" VPOS="678" WIDTH="134" HEIGHT="50" CONTENT="début" WC="0.98" CC="04350"/>
					</TextLine>
					<TextLine ID="P81_TL00007" HPOS="434" VPOS="746" WIDTH="2511" HEIGHT="66">
						<String ID="P81_ST00075" HPOS="434" VPOS="748" WIDTH="55" HEIGHT="45" CONTENT="de" WC="0.92" CC="01"/>
						<SP ID="P81_SP00068" HPOS="489" VPOS="793" WIDTH="40"/>
						<String ID="P81_ST00076" HPOS="529" VPOS="747" WIDTH="42" HEIGHT="46" CONTENT="la" WC="0.23" CC="68"/>
						<SP ID="P81_SP00069" HPOS="571" VPOS="793" WIDTH="37"/>
						<String ID="P81_ST00077" HPOS="608" VPOS="747" WIDTH="343" HEIGHT="61" CONTENT="Restauration," WC="1.00" CC="2500000006404"/>
						<SP ID="P81_SP00070" HPOS="951" VPOS="808" WIDTH="29"/>
						<String ID="P81_ST00078" HPOS="980" VPOS="759" WIDTH="46" HEIGHT="35" CONTENT="et" WC="1.00" CC="00"/>
						<SP ID="P81_SP00071" HPOS="1026" VPOS="808" WIDTH="37"/>
						<String ID="P81_ST00079" HPOS="1063" VPOS="765" WIDTH="30" HEIGHT="46" CONTENT="y" WC="1.00" CC="0"/>
						<SP ID="P81_SP00072" HPOS="1093" VPOS="811" WIDTH="38"/>
						<String ID="P81_ST00080" HPOS="1131" VPOS="750" WIDTH="120" HEIGHT="45" CONTENT="avait" WC="0.99" CC="00050"/>
						<SP ID="P81_SP00073" HPOS="1251" VPOS="811" WIDTH="37"/>
						<String ID="P81_ST00081" HPOS="1288" VPOS="749" WIDTH="156" HEIGHT="46" CONTENT="même" WC="0.99" CC="0300"/>
						<SP ID="P81_SP00074" HPOS="1444" VPOS="811" WIDTH="28"/>
						<String ID="P81_ST00082" HPOS="1472" VPOS="750" WIDTH="81" HEIGHT="45" CONTENT="fait" WC="0.98" CC="0036"/>
						<SP ID="P81_SP00075" HPOS="1553" VPOS="811" WIDTH="33"/>
						<String ID="P81_ST00083" HPOS="1586" VPOS="750" WIDTH="131" HEIGHT="62" CONTENT="jouer" WC="1.00" CC="30000"/>
						<SP ID="P81_SP00076" HPOS="1717" VPOS="812" WIDTH="28"/>
						<String ID="P81_ST00084" HPOS="1745" VPOS="751" WIDTH="110" HEIGHT="44" CONTENT="trois" WC="1.00" CC="00000"/>
						<SP ID="P81_SP00077" HPOS="1855" VPOS="812" WIDTH="37"/>
						<String ID="P81_ST00085" HPOS="1892" VPOS="748" WIDTH="173" HEIGHT="61" CONTENT="opéras." WC="0.99" CC="0060074"/>
						<SP ID="P81_SP00078" HPOS="2065" VPOS="812" WIDTH="32"/>
						<String ID="P81_ST00086" HPOS="2097" VPOS="746" WIDTH="351" HEIGHT="61" CONTENT="L'importance" WC="1.00" CC="044005000000"/>
						<SP ID="P81_SP00079" HPOS="2448" VPOS="812" WIDTH="29"/>
						<String ID="P81_ST00087" HPOS="2477" VPOS="748" WIDTH="56" HEIGHT="44" CONTENT="de" WC="0.99" CC="00"/>
						<SP ID="P81_SP00080" HPOS="2533" VPOS="812" WIDTH="27"/>
						<String ID="P81_ST00088" HPOS="2560" VPOS="746" WIDTH="162" HEIGHT="47" CONTENT="l'école" WC="0.99" CC="1440350"/>
						<SP ID="P81_SP00081" HPOS="2722" VPOS="812" WIDTH="32"/>
						<String ID="P81_ST00089" HPOS="2754" VPOS="746" WIDTH="191" HEIGHT="52" CONTENT="s'accrut" WC="0.99" CC="04002054"/>
					</TextLine>
					<TextLine ID="P81_TL00008" HPOS="432" VPOS="816" WIDTH="2513" HEIGHT="64">
						<String ID="P81_ST00090" HPOS="432" VPOS="834" WIDTH="90" HEIGHT="44" CONTENT="peu" WC="1.00" CC="000"/>
						<SP ID="P81_SP00082" HPOS="522" VPOS="878" WIDTH="25"/>
						<String ID="P81_ST00091" HPOS="547" VPOS="817" WIDTH="26" HEIGHT="46" CONTENT="à" WC="0.53" CC="4"/>
						<SP ID="P81_SP00083" HPOS="573" VPOS="878" WIDTH="26"/>
						<String ID="P81_ST00092" HPOS="599" VPOS="835" WIDTH="104" HEIGHT="42" CONTENT="peu," WC="0.98" CC="0204"/>
						<SP ID="P81_SP00084" HPOS="703" VPOS="878" WIDTH="30"/>
						<String ID="P81_ST00093" HPOS="733" VPOS="819" WIDTH="114" HEIGHT="45" CONTENT="mais" WC="0.97" CC="0560"/>
						<SP ID="P81_SP00085" HPOS="847" VPOS="878" WIDTH="25"/>
						<String ID="P81_ST00094" HPOS="872" VPOS="817" WIDTH="85" HEIGHT="46" CONTENT="elle" WC="0.99" CC="1400"/>
						<SP ID="P81_SP00086" HPOS="957" VPOS="878" WIDTH="28"/>
						<String ID="P81_ST00095" HPOS="985" VPOS="830" WIDTH="198" HEIGHT="35" CONTENT="traversa" WC="1.00" CC="00000006"/>
						<SP ID="P81_SP00087" HPOS="1183" VPOS="878" WIDTH="25"/>
						<String ID="P81_ST00096" HPOS="1208" VPOS="817" WIDTH="278" HEIGHT="47" CONTENT="néanmoins" WC="0.99" CC="060003500"/>
						<SP ID="P81_SP00088" HPOS="1486" VPOS="878" WIDTH="24"/>
						<String ID="P81_ST00097" HPOS="1510" VPOS="836" WIDTH="93" HEIGHT="28" CONTENT="une" WC="1.00" CC="000"/>
						<SP ID="P81_SP00089" HPOS="1603" VPOS="878" WIDTH="26"/>
						<String ID="P81_ST00098" HPOS="1629" VPOS="821" WIDTH="112" HEIGHT="44" CONTENT="crise" WC="0.99" CC="01600"/>
						<SP ID="P81_SP00090" HPOS="1741" VPOS="878" WIDTH="29"/>
						<String ID="P81_ST00099" HPOS="1770" VPOS="820" WIDTH="281" HEIGHT="59" CONTENT="importante" WC="1.00" CC="0003000500"/>
						<SP ID="P81_SP00091" HPOS="2051" VPOS="879" WIDTH="27"/>
						<String ID="P81_ST00100" HPOS="2078" VPOS="835" WIDTH="57" HEIGHT="27" CONTENT="en" WC="1.00" CC="00"/>
						<SP ID="P81_SP00092" HPOS="2135" VPOS="879" WIDTH="35"/>
						<String ID="P81_ST00101" HPOS="2170" VPOS="816" WIDTH="146" HEIGHT="63" CONTENT="1857," WC="0.46" CC="66454"/>
						<SP ID="P81_SP00093" HPOS="2316" VPOS="879" WIDTH="29"/>
						<String ID="P81_ST00102" HPOS="2345" VPOS="817" WIDTH="117" HEIGHT="46" CONTENT="dont" WC="0.98" CC="7000"/>
						<SP ID="P81_SP00094" HPOS="2462" VPOS="879" WIDTH="25"/>
						<String ID="P81_ST00103" HPOS="2487" VPOS="816" WIDTH="87" HEIGHT="46" CONTENT="e^e" STYLE="superscript" WC="0.23" CC="787"/>
						<SP ID="P81_SP00095" HPOS="2574" VPOS="879" WIDTH="28"/>
						<String ID="P81_ST00104" HPOS="2602" VPOS="834" WIDTH="58" HEIGHT="28" CONTENT="nc" STYLE="superscript" WC="0.40" CC="74"/>
						<SP ID="P81_SP00096" HPOS="2660" VPOS="879" WIDTH="39"/>
						<String ID="P81_ST00105" HPOS="2699" VPOS="818" WIDTH="132" HEIGHT="45" CONTENT="sortit" WC="0.98" CC="750070"/>
						<SP ID="P81_SP00097" HPOS="2831" VPOS="879" WIDTH="33"/>
						<String ID="P81_ST00106" HPOS="2864" VPOS="836" WIDTH="81" HEIGHT="44" CONTENT="que" WC="0.97" CC="080"/>
					</TextLine>
					<TextLine ID="P81_TL00009" HPOS="435" VPOS="886" WIDTH="2512" HEIGHT="64">
						<String ID="P81_ST00107" HPOS="435" VPOS="886" WIDTH="134" HEIGHT="63" CONTENT="grâce" WC="0.99" CC="00203"/>
						<SP ID="P81_SP00098" HPOS="569" VPOS="949" WIDTH="26"/>
						<String ID="P81_ST00108" HPOS="595" VPOS="904" WIDTH="90" HEIGHT="28" CONTENT="aux" WC="1.00" CC="000"/>
						<SP ID="P81_SP00099" HPOS="685" VPOS="949" WIDTH="27"/>
						<String ID="P81_ST00109" HPOS="712" VPOS="886" WIDTH="156" HEIGHT="46" CONTENT="efforts" WC="0.99" CC="0780000"/>
						<SP ID="P81_SP00100" HPOS="868" VPOS="949" WIDTH="27"/>
						<String ID="P81_ST00110" HPOS="895" VPOS="888" WIDTH="55" HEIGHT="45" CONTENT="de" WC="1.00" CC="00"/>
						<SP ID="P81_SP00101" HPOS="950" VPOS="949" WIDTH="26"/>
						<String ID="P81_ST00111" HPOS="976" VPOS="905" WIDTH="79" HEIGHT="29" CONTENT="son" WC="0.99" CC="020"/>
						<SP ID="P81_SP00102" HPOS="1055" VPOS="949" WIDTH="31"/>
						<String ID="P81_ST00112" HPOS="1086" VPOS="889" WIDTH="101" HEIGHT="61" CONTENT="plus" WC="1.00" CC="0000"/>
						<SP ID="P81_SP00103" HPOS="1187" VPOS="950" WIDTH="26"/>
						<String ID="P81_ST00113" HPOS="1213" VPOS="888" WIDTH="175" HEIGHT="46" CONTENT="illustre" WC="0.99" CC="44400000"/>
						<SP ID="P81_SP00104" HPOS="1388" VPOS="950" WIDTH="22"/>
						<String ID="P81_ST00114" HPOS="1410" VPOS="888" WIDTH="142" HEIGHT="61" CONTENT="élève," WC="0.98" CC="546004"/>
						<SP ID="P81_SP00105" HPOS="1552" VPOS="950" WIDTH="25"/>
						<String ID="P81_ST00115" HPOS="1577" VPOS="887" WIDTH="222" HEIGHT="61" CONTENT="Gevaert," WC="0.90" CC="00000304"/>
						<SP ID="P81_SP00106" HPOS="1799" VPOS="950" WIDTH="22"/>
						<String ID="P81_ST00116" HPOS="1821" VPOS="889" WIDTH="76" HEIGHT="61" CONTENT="qui" WC="0.99" CC="003"/>
						<SP ID="P81_SP00107" HPOS="1897" VPOS="950" WIDTH="27"/>
						<String ID="P81_ST00117" HPOS="1924" VPOS="887" WIDTH="219" HEIGHT="61" CONTENT="s'occupa" WC="0.99" CC="04403001"/>
						<SP ID="P81_SP00108" HPOS="2143" VPOS="950" WIDTH="25"/>
						<String ID="P81_ST00118" HPOS="2168" VPOS="888" WIDTH="286" HEIGHT="44" CONTENT="activement" WC="1.00" CC="0205000300"/>
						<SP ID="P81_SP00109" HPOS="2454" VPOS="950" WIDTH="27"/>
						<String ID="P81_ST00119" HPOS="2481" VPOS="897" WIDTH="45" HEIGHT="35" CONTENT="et" WC="1.00" CC="00"/>
						<SP ID="P81_SP00110" HPOS="2526" VPOS="950" WIDTH="25"/>
						<String ID="P81_ST00120" HPOS="2551" VPOS="886" WIDTH="252" HEIGHT="47" CONTENT="utilement" WC="1.00" CC="005510000"/>
						<SP ID="P81_SP00111" HPOS="2803" VPOS="950" WIDTH="26"/>
						<String ID="P81_ST00121" HPOS="2829" VPOS="889" WIDTH="52" HEIGHT="45" CONTENT="de" WC="1.00" CC="00"/>
						<SP ID="P81_SP00112" HPOS="2881" VPOS="950" WIDTH="25"/>
						<String ID="P81_ST00122" HPOS="2906" VPOS="908" WIDTH="41" HEIGHT="29" CONTENT="sa" WC="0.78" CC="04"/>
					</TextLine>
					<TextLine ID="P81_TL00010" HPOS="434" VPOS="955" WIDTH="2512" HEIGHT="64">
						<String ID="P81_ST00123" HPOS="434" VPOS="955" WIDTH="380" HEIGHT="63" CONTENT="réorganisation." WC="0.99" CC="473658072004004"/>
						<SP ID="P81_SP00113" HPOS="814" VPOS="1018" WIDTH="30"/>
						<String ID="P81_ST00124" HPOS="844" VPOS="956" WIDTH="211" HEIGHT="47" CONTENT="D'abord" WC="1.00" CC="0400000"/>
						<SP ID="P81_SP00114" HPOS="1055" VPOS="1018" WIDTH="27"/>
						<String ID="P81_ST00125" HPOS="1082" VPOS="957" WIDTH="288" HEIGHT="59" CONTENT="communal," WC="1.00" CC="000000054"/>
						<SP ID="P81_SP00115" HPOS="1370" VPOS="1018" WIDTH="29"/>
						<String ID="P81_ST00126" HPOS="1399" VPOS="957" WIDTH="42" HEIGHT="46" CONTENT="le" WC="0.75" CC="40"/>
						<SP ID="P81_SP00116" HPOS="1441" VPOS="1018" WIDTH="39"/>
						<String ID="P81_ST00127" HPOS="1480" VPOS="958" WIDTH="355" HEIGHT="47" CONTENT="Conservatoire" WC="1.00" CC="0030000000100"/>
						<SP ID="P81_SP00117" HPOS="1835" VPOS="1018" WIDTH="39"/>
						<String ID="P81_ST00128" HPOS="1874" VPOS="958" WIDTH="71" HEIGHT="45" CONTENT="fut" WC="1.00" CC="000"/>
						<SP ID="P81_SP00118" HPOS="1945" VPOS="1018" WIDTH="37"/>
						<String ID="P81_ST00129" HPOS="1982" VPOS="959" WIDTH="143" HEIGHT="59" CONTENT="repris" WC="1.00" CC="000000"/>
						<SP ID="P81_SP00119" HPOS="2125" VPOS="1018" WIDTH="37"/>
						<String ID="P81_ST00130" HPOS="2162" VPOS="974" WIDTH="80" HEIGHT="43" CONTENT="par" WC="1.00" CC="000"/>
						<SP ID="P81_SP00120" HPOS="2242" VPOS="1018" WIDTH="37"/>
						<String ID="P81_ST00131" HPOS="2279" VPOS="955" WIDTH="148" HEIGHT="47" CONTENT="l'Etat" WC="0.98" CC="433006"/>
						<SP ID="P81_SP00121" HPOS="2427" VPOS="1018" WIDTH="36"/>
						<String ID="P81_ST00132" HPOS="2463" VPOS="974" WIDTH="60" HEIGHT="28" CONTENT="en" WC="1.00" CC="00"/>
						<SP ID="P81_SP00122" HPOS="2523" VPOS="1018" WIDTH="45"/>
						<String ID="P81_ST00133" HPOS="2568" VPOS="956" WIDTH="129" HEIGHT="63" CONTENT="1879" WC="0.55" CC="6550"/>
						<SP ID="P81_SP00123" HPOS="2697" VPOS="1019" WIDTH="28"/>
						<String ID="P81_ST00134" HPOS="2725" VPOS="978" WIDTH="12" HEIGHT="37" CONTENT=";" WC="0.30" CC="6"/>
						<SP ID="P81_SP00124" HPOS="2737" VPOS="1019" WIDTH="41"/>
						<String ID="P81_ST00135" HPOS="2778" VPOS="957" WIDTH="30" HEIGHT="45" CONTENT="il" WC="0.72" CC="41"/>
						<SP ID="P81_SP00125" HPOS="2808" VPOS="1019" WIDTH="36"/>
						<String ID="P81_ST00136" HPOS="2844" VPOS="958" WIDTH="102" HEIGHT="49" CONTENT="était" WC="0.97" CC="46650"/>
					</TextLine>
					<TextLine ID="P81_TL00011" HPOS="434" VPOS="1025" WIDTH="2510" HEIGHT="64">
						<String ID="P81_ST00137" HPOS="434" VPOS="1025" WIDTH="117" HEIGHT="46" CONTENT="alors" WC="1.00" CC="00300"/>
						<SP ID="P81_SP00126" HPOS="551" VPOS="1071" WIDTH="26"/>
						<String ID="P81_ST00138" HPOS="577" VPOS="1026" WIDTH="145" HEIGHT="62" CONTENT="dirigé" WC="0.98" CC="033405"/>
						<SP ID="P81_SP00127" HPOS="722" VPOS="1088" WIDTH="27"/>
						<String ID="P81_ST00139" HPOS="749" VPOS="1044" WIDTH="78" HEIGHT="43" CONTENT="par" WC="0.98" CC="005"/>
						<SP ID="P81_SP00128" HPOS="827" VPOS="1088" WIDTH="28"/>
						<String ID="P81_ST00140" HPOS="855" VPOS="1027" WIDTH="219" HEIGHT="60" CONTENT="Adolphe" WC="0.99" CC="0003050"/>
						<SP ID="P81_SP00129" HPOS="1074" VPOS="1088" WIDTH="28"/>
						<String ID="P81_ST00141" HPOS="1102" VPOS="1026" WIDTH="184" HEIGHT="49" CONTENT="Samuel" WC="1.00" CC="000004"/>
						<SP ID="P81_SP00130" HPOS="1286" VPOS="1088" WIDTH="26"/>
						<String ID="P81_ST00142" HPOS="1312" VPOS="1029" WIDTH="80" HEIGHT="59" CONTENT="qui" WC="1.00" CC="001"/>
						<SP ID="P81_SP00131" HPOS="1392" VPOS="1088" WIDTH="28"/>
						<String ID="P81_ST00143" HPOS="1420" VPOS="1028" WIDTH="156" HEIGHT="45" CONTENT="donna" WC="1.00" CC="04000"/>
						<SP ID="P81_SP00132" HPOS="1576" VPOS="1088" WIDTH="25"/>
						<String ID="P81_ST00144" HPOS="1601" VPOS="1045" WIDTH="93" HEIGHT="28" CONTENT="une" WC="1.00" CC="000"/>
						<SP ID="P81_SP00133" HPOS="1694" VPOS="1088" WIDTH="27"/>
						<String ID="P81_ST00145" HPOS="1721" VPOS="1028" WIDTH="249" HEIGHT="61" CONTENT="impulsion" WC="0.99" CC="300040360"/>
						<SP ID="P81_SP00134" HPOS="1970" VPOS="1089" WIDTH="37"/>
						<String ID="P81_ST00146" HPOS="2007" VPOS="1026" WIDTH="315" HEIGHT="47" CONTENT="considérable" WC="1.00" CC="000040400010"/>
						<SP ID="P81_SP00135" HPOS="2322" VPOS="1089" WIDTH="38"/>
						<String ID="P81_ST00147" HPOS="2360" VPOS="1026" WIDTH="26" HEIGHT="46" CONTENT="à" WC="0.58" CC="4"/>
						<SP ID="P81_SP00136" HPOS="2386" VPOS="1089" WIDTH="36"/>
						<String ID="P81_ST00148" HPOS="2422" VPOS="1043" WIDTH="83" HEIGHT="29" CONTENT="son" WC="1.00" CC="010"/>
						<SP ID="P81_SP00137" HPOS="2505" VPOS="1089" WIDTH="41"/>
						<String ID="P81_ST00149" HPOS="2546" VPOS="1026" WIDTH="398" HEIGHT="61" CONTENT="développement." WC="1.00" CC="06000000000304"/>
					</TextLine>
					<TextLine ID="P81_TL00012" HPOS="434" VPOS="1094" WIDTH="2513" HEIGHT="67">
						<String ID="P81_ST00150" HPOS="434" VPOS="1095" WIDTH="71" HEIGHT="47" CONTENT="Le" WC="1.00" CC="00"/>
						<SP ID="P81_SP00138" HPOS="505" VPOS="1142" WIDTH="28"/>
						<String ID="P81_ST00151" HPOS="533" VPOS="1094" WIDTH="355" HEIGHT="48" CONTENT="Conservatoire" WC="1.00" CC="0500000005030"/>
						<SP ID="P81_SP00139" HPOS="888" VPOS="1142" WIDTH="27"/>
						<String ID="P81_ST00152" HPOS="915" VPOS="1097" WIDTH="54" HEIGHT="45" CONTENT="de" WC="1.00" CC="00"/>
						<SP ID="P81_SP00140" HPOS="969" VPOS="1142" WIDTH="28"/>
						<String ID="P81_ST00153" HPOS="997" VPOS="1095" WIDTH="145" HEIGHT="49" CONTENT="Gand" WC="1.00" CC="0000"/>
						<SP ID="P81_SP00141" HPOS="1142" VPOS="1144" WIDTH="27"/>
						<String ID="P81_ST00154" HPOS="1169" VPOS="1108" WIDTH="185" HEIGHT="49" CONTENT="compte" WC="1.00" CC="000000"/>
						<SP ID="P81_SP00142" HPOS="1354" VPOS="1157" WIDTH="26"/>
						<String ID="P81_ST00155" HPOS="1380" VPOS="1097" WIDTH="296" HEIGHT="64" CONTENT="aujourd'hui" WC="1.00" CC="00100004006"/>
						<SP ID="P81_SP00143" HPOS="1676" VPOS="1161" WIDTH="30"/>
						<String ID="P81_ST00156" HPOS="1706" VPOS="1097" WIDTH="97" HEIGHT="63" CONTENT="630" WC="0.88" CC="030"/>
						<SP ID="P81_SP00144" HPOS="1803" VPOS="1161" WIDTH="29"/>
						<String ID="P81_ST00157" HPOS="1832" VPOS="1097" WIDTH="161" HEIGHT="60" CONTENT="élèves," WC="0.98" CC="6370004"/>
						<SP ID="P81_SP00145" HPOS="1993" VPOS="1161" WIDTH="31"/>
						<String ID="P81_ST00158" HPOS="2024" VPOS="1113" WIDTH="64" HEIGHT="47" CONTENT="49" WC="0.63" CC="15"/>
						<SP ID="P81_SP00146" HPOS="2088" VPOS="1161" WIDTH="28"/>
						<String ID="P81_ST00159" HPOS="2116" VPOS="1097" WIDTH="278" HEIGHT="60" CONTENT="professeurs" WC="1.00" CC="04000001000"/>
						<SP ID="P81_SP00147" HPOS="2394" VPOS="1161" WIDTH="26"/>
						<String ID="P81_ST00160" HPOS="2420" VPOS="1108" WIDTH="46" HEIGHT="33" CONTENT="et" WC="0.67" CC="06"/>
						<SP ID="P81_SP00148" HPOS="2466" VPOS="1161" WIDTH="26"/>
						<String ID="P81_ST00161" HPOS="2492" VPOS="1096" WIDTH="273" HEIGHT="61" CONTENT="répétiteurs" WC="0.99" CC="26076200000"/>
						<SP ID="P81_SP00149" HPOS="2765" VPOS="1161" WIDTH="24"/>
						<String ID="P81_ST00162" HPOS="2789" VPOS="1114" WIDTH="101" HEIGHT="30" CONTENT="sous" WC="1.00" CC="0000"/>
						<SP ID="P81_SP00150" HPOS="2890" VPOS="1161" WIDTH="19"/>
						<String ID="P81_ST00163" HPOS="2909" VPOS="1099" WIDTH="38" HEIGHT="47" CONTENT="la" WC="0.58" CC="16"/>
					</TextLine>
					<TextLine ID="P81_TL00013" HPOS="434" VPOS="1165" WIDTH="2514" HEIGHT="64">
						<String ID="P81_ST00164" HPOS="434" VPOS="1165" WIDTH="226" HEIGHT="46" CONTENT="direction" WC="1.00" CC="020400300"/>
						<SP ID="P81_SP00151" HPOS="660" VPOS="1211" WIDTH="51"/>
						<String ID="P81_ST00165" HPOS="711" VPOS="1166" WIDTH="55" HEIGHT="45" CONTENT="de" WC="0.98" CC="00"/>
						<SP ID="P81_SP00152" HPOS="766" VPOS="1211" WIDTH="50"/>
						<String ID="P81_ST00166" HPOS="816" VPOS="1165" WIDTH="77" HEIGHT="48" CONTENT="M." WC="0.77" CC="04"/>
						<SP ID="P81_SP00153" HPOS="893" VPOS="1213" WIDTH="53"/>
						<String ID="P81_ST00167" HPOS="946" VPOS="1165" WIDTH="156" HEIGHT="48" CONTENT="Emile" WC="0.98" CC="20405"/>
						<SP ID="P81_SP00154" HPOS="1102" VPOS="1213" WIDTH="45"/>
						<String ID="P81_ST00168" HPOS="1147" VPOS="1167" WIDTH="240" HEIGHT="58" CONTENT="Mathieu," WC="0.99" CC="00044004"/>
						<SP ID="P81_SP00155" HPOS="1387" VPOS="1225" WIDTH="40"/>
						<String ID="P81_ST00169" HPOS="1427" VPOS="1179" WIDTH="47" HEIGHT="33" CONTENT="et" WC="0.98" CC="00"/>
						<SP ID="P81_SP00156" HPOS="1474" VPOS="1225" WIDTH="39"/>
						<String ID="P81_ST00170" HPOS="1513" VPOS="1184" WIDTH="83" HEIGHT="28" CONTENT="son" WC="0.99" CC="020"/>
						<SP ID="P81_SP00157" HPOS="1596" VPOS="1225" WIDTH="47"/>
						<String ID="P81_ST00171" HPOS="1643" VPOS="1168" WIDTH="172" HEIGHT="61" CONTENT="budget" WC="1.00" CC="000020"/>
						<SP ID="P81_SP00158" HPOS="1815" VPOS="1229" WIDTH="43"/>
						<String ID="P81_ST00172" HPOS="1858" VPOS="1167" WIDTH="168" HEIGHT="45" CONTENT="s'élève" WC="0.98" CC="0454601"/>
						<SP ID="P81_SP00159" HPOS="2026" VPOS="1229" WIDTH="43"/>
						<String ID="P81_ST00173" HPOS="2069" VPOS="1167" WIDTH="26" HEIGHT="45" CONTENT="à" WC="0.26" CC="7"/>
						<SP ID="P81_SP00160" HPOS="2095" VPOS="1229" WIDTH="48"/>
						<String ID="P81_ST00174" HPOS="2143" VPOS="1179" WIDTH="109" HEIGHT="49" CONTENT="107." WC="0.64" CC="6304"/>
						<String ID="P81_ST00175" HPOS="2267" VPOS="1181" WIDTH="94" HEIGHT="31" CONTENT="110" WC="0.64" CC="631"/>
						<SP ID="P81_SP00161" HPOS="2361" VPOS="1229" WIDTH="45"/>
						<String ID="P81_ST00176" HPOS="2406" VPOS="1167" WIDTH="54" HEIGHT="45" CONTENT="fr." WC="0.62" CC="424"/>
						<SP ID="P81_SP00162" HPOS="2460" VPOS="1229" WIDTH="30"/>
						<String ID="P81_ST00177" HPOS="2490" VPOS="1187" WIDTH="12" HEIGHT="36" CONTENT=";" WC="0.47" CC="5"/>
						<SP ID="P81_SP00163" HPOS="2502" VPOS="1229" WIDTH="48"/>
						<String ID="P81_ST00178" HPOS="2550" VPOS="1166" WIDTH="30" HEIGHT="45" CONTENT="il" WC="0.72" CC="50"/>
						<SP ID="P81_SP00164" HPOS="2580" VPOS="1229" WIDTH="44"/>
						<String ID="P81_ST00179" HPOS="2624" VPOS="1167" WIDTH="187" HEIGHT="60" CONTENT="possède" WC="1.00" CC="0000600"/>
						<SP ID="P81_SP00165" HPOS="2811" VPOS="1229" WIDTH="49"/>
						<String ID="P81_ST00180" HPOS="2860" VPOS="1186" WIDTH="88" HEIGHT="30" CONTENT="une" WC="0.98" CC="040"/>
					</TextLine>
					<TextLine ID="P81_TL00014" HPOS="436" VPOS="1235" WIDTH="2273" HEIGHT="62">
						<String ID="P81_ST00181" HPOS="436" VPOS="1235" WIDTH="314" HEIGHT="61" CONTENT="bibliothèque" WC="1.00" CC="030004006000"/>
						<SP ID="P81_SP00166" HPOS="750" VPOS="1296" WIDTH="28"/>
						<String ID="P81_ST00182" HPOS="778" VPOS="1237" WIDTH="297" HEIGHT="59" CONTENT="importante," WC="1.00" CC="40030000004"/>
						<SP ID="P81_SP00167" HPOS="1075" VPOS="1296" WIDTH="27"/>
						<String ID="P81_ST00183" HPOS="1102" VPOS="1236" WIDTH="247" HEIGHT="46" CONTENT="accessible" WC="1.00" CC="0002005000"/>
						<SP ID="P81_SP00168" HPOS="1349" VPOS="1296" WIDTH="26"/>
						<String ID="P81_ST00184" HPOS="1375" VPOS="1254" WIDTH="58" HEIGHT="28" CONTENT="au" WC="1.00" CC="00"/>
						<SP ID="P81_SP00169" HPOS="1433" VPOS="1296" WIDTH="27"/>
						<String ID="P81_ST00185" HPOS="1460" VPOS="1237" WIDTH="172" HEIGHT="60" CONTENT="public," WC="1.00" CC="0000204"/>
						<SP ID="P81_SP00170" HPOS="1632" VPOS="1297" WIDTH="29"/>
						<String ID="P81_ST00186" HPOS="1661" VPOS="1249" WIDTH="46" HEIGHT="33" CONTENT="et" WC="1.00" CC="00"/>
						<SP ID="P81_SP00171" HPOS="1707" VPOS="1297" WIDTH="26"/>
						<String ID="P81_ST00187" HPOS="1733" VPOS="1248" WIDTH="218" HEIGHT="35" CONTENT="recevant" WC="0.99" CC="03000900"/>
						<SP ID="P81_SP00172" HPOS="1951" VPOS="1297" WIDTH="28"/>
						<String ID="P81_ST00188" HPOS="1979" VPOS="1251" WIDTH="56" HEIGHT="33" CONTENT="21" WC="0.90" CC="02"/>
						<SP ID="P81_SP00173" HPOS="2035" VPOS="1297" WIDTH="36"/>
						<String ID="P81_ST00189" HPOS="2071" VPOS="1235" WIDTH="309" HEIGHT="62" CONTENT="publications" WC="1.00" CC="000030602600"/>
						<SP ID="P81_SP00174" HPOS="2380" VPOS="1297" WIDTH="26"/>
						<String ID="P81_ST00190" HPOS="2406" VPOS="1235" WIDTH="303" HEIGHT="62" CONTENT="périodiques." WC="0.99" CC="063330600204"/>
					</TextLine>
					<TextLine ID="P81_TL00015" HPOS="576" VPOS="1303" WIDTH="2371" HEIGHT="64">
						<String ID="P81_ST00191" HPOS="576" VPOS="1303" WIDTH="91" HEIGHT="47" CONTENT="Les" WC="1.00" CC="000"/>
						<SP ID="P81_SP00175" HPOS="667" VPOS="1350" WIDTH="37"/>
						<String ID="P81_ST00192" HPOS="704" VPOS="1304" WIDTH="129" HEIGHT="60" CONTENT="fêtes," WC="0.99" CC="040004"/>
						<SP ID="P81_SP00176" HPOS="833" VPOS="1364" WIDTH="28"/>
						<String ID="P81_ST00193" HPOS="861" VPOS="1305" WIDTH="225" HEIGHT="60" CONTENT="présidées" WC="0.99" CC="005060600"/>
						<SP ID="P81_SP00177" HPOS="1086" VPOS="1365" WIDTH="36"/>
						<String ID="P81_ST00194" HPOS="1122" VPOS="1323" WIDTH="79" HEIGHT="43" CONTENT="par" WC="1.00" CC="000"/>
						<SP ID="P81_SP00178" HPOS="1201" VPOS="1366" WIDTH="37"/>
						<String ID="P81_ST00195" HPOS="1238" VPOS="1305" WIDTH="76" HEIGHT="46" CONTENT="M." WC="0.80" CC="04"/>
						<SP ID="P81_SP00179" HPOS="1314" VPOS="1366" WIDTH="30"/>
						<String ID="P81_ST00196" HPOS="1344" VPOS="1305" WIDTH="199" HEIGHT="62" CONTENT="Poullet," WC="0.72" CC="60055004"/>
						<SP ID="P81_SP00180" HPOS="1543" VPOS="1367" WIDTH="30"/>
						<String ID="P81_ST00197" HPOS="1573" VPOS="1305" WIDTH="221" HEIGHT="47" CONTENT="Ministre" WC="1.00" CC="01060000"/>
						<SP ID="P81_SP00181" HPOS="1794" VPOS="1367" WIDTH="39"/>
						<String ID="P81_ST00198" HPOS="1833" VPOS="1307" WIDTH="78" HEIGHT="45" CONTENT="des" WC="1.00" CC="000"/>
						<SP ID="P81_SP00182" HPOS="1911" VPOS="1367" WIDTH="38"/>
						<String ID="P81_ST00199" HPOS="1949" VPOS="1307" WIDTH="214" HEIGHT="46" CONTENT="Sciences" WC="1.00" CC="00300000"/>
						<SP ID="P81_SP00183" HPOS="2163" VPOS="1367" WIDTH="37"/>
						<String ID="P81_ST00200" HPOS="2200" VPOS="1317" WIDTH="46" HEIGHT="35" CONTENT="et" WC="1.00" CC="00"/>
						<SP ID="P81_SP00184" HPOS="2246" VPOS="1367" WIDTH="39"/>
						<String ID="P81_ST00201" HPOS="2285" VPOS="1306" WIDTH="77" HEIGHT="46" CONTENT="des" WC="1.00" CC="000"/>
						<SP ID="P81_SP00185" HPOS="2362" VPOS="1367" WIDTH="36"/>
						<String ID="P81_ST00202" HPOS="2398" VPOS="1307" WIDTH="130" HEIGHT="60" CONTENT="Arts," WC="0.99" CC="00024"/>
						<SP ID="P81_SP00186" HPOS="2528" VPOS="1367" WIDTH="28"/>
						<String ID="P81_ST00203" HPOS="2556" VPOS="1318" WIDTH="85" HEIGHT="33" CONTENT="ont" WC="0.97" CC="304"/>
						<SP ID="P81_SP00187" HPOS="2641" VPOS="1367" WIDTH="26"/>
						<String ID="P81_ST00204" HPOS="2667" VPOS="1306" WIDTH="201" HEIGHT="47" CONTENT="consisté" WC="1.00" CC="00004006"/>
						<SP ID="P81_SP00188" HPOS="2868" VPOS="1367" WIDTH="27"/>
						<String ID="P81_ST00205" HPOS="2895" VPOS="1326" WIDTH="52" HEIGHT="29" CONTENT="en" WC="0.61" CC="16"/>
					</TextLine>
					<TextLine ID="P81_TL00016" HPOS="433" VPOS="1374" WIDTH="2056" HEIGHT="61">
						<String ID="P81_ST00206" HPOS="433" VPOS="1391" WIDTH="94" HEIGHT="29" CONTENT="une" WC="0.98" CC="400"/>
						<SP ID="P81_SP00189" HPOS="527" VPOS="1420" WIDTH="25"/>
						<String ID="P81_ST00207" HPOS="552" VPOS="1374" WIDTH="162" HEIGHT="45" CONTENT="séance" WC="0.99" CC="070000"/>
						<SP ID="P81_SP00190" HPOS="714" VPOS="1420" WIDTH="27"/>
						<String ID="P81_ST00208" HPOS="741" VPOS="1374" WIDTH="415" HEIGHT="47" CONTENT="commémorative" WC="0.90" CC="0000700000500"/>
						<SP ID="P81_SP00191" HPOS="1156" VPOS="1421" WIDTH="26"/>
						<String ID="P81_ST00209" HPOS="1182" VPOS="1386" WIDTH="46" HEIGHT="35" CONTENT="et" WC="1.00" CC="00"/>
						<SP ID="P81_SP00192" HPOS="1228" VPOS="1421" WIDTH="26"/>
						<String ID="P81_ST00210" HPOS="1254" VPOS="1393" WIDTH="58" HEIGHT="27" CONTENT="en" WC="0.73" CC="13"/>
						<SP ID="P81_SP00193" HPOS="1312" VPOS="1421" WIDTH="28"/>
						<String ID="P81_ST00211" HPOS="1340" VPOS="1393" WIDTH="65" HEIGHT="28" CONTENT="un" WC="1.00" CC="00"/>
						<SP ID="P81_SP00194" HPOS="1405" VPOS="1421" WIDTH="27"/>
						<String ID="P81_ST00212" HPOS="1432" VPOS="1388" WIDTH="192" HEIGHT="34" CONTENT="concert" WC="1.00" CC="0000000"/>
						<SP ID="P81_SP00195" HPOS="1624" VPOS="1422" WIDTH="27"/>
						<String ID="P81_ST00213" HPOS="1651" VPOS="1376" WIDTH="378" HEIGHT="59" CONTENT="extraordinaire," WC="1.00" CC="000090004005004"/>
						<SP ID="P81_SP00196" HPOS="2029" VPOS="1435" WIDTH="29"/>
						<String ID="P81_ST00214" HPOS="2058" VPOS="1376" WIDTH="40" HEIGHT="45" CONTENT="le" WC="1.00" CC="00"/>
						<SP ID="P81_SP00197" HPOS="2098" VPOS="1435" WIDTH="35"/>
						<String ID="P81_ST00215" HPOS="2133" VPOS="1374" WIDTH="56" HEIGHT="47" CONTENT="18" WC="0.79" CC="04"/>
						<SP ID="P81_SP00198" HPOS="2189" VPOS="1435" WIDTH="33"/>
						<String ID="P81_ST00216" HPOS="2222" VPOS="1377" WIDTH="267" HEIGHT="46" CONTENT="novembre." WC="1.00" CC="060005010"/>
					</TextLine>
					<TextLine ID="P81_TL00017" HPOS="574" VPOS="1442" WIDTH="2372" HEIGHT="67">
						<String ID="P81_ST00217" HPOS="574" VPOS="1444" WIDTH="46" HEIGHT="44" CONTENT="A" WC="1.00" CC="0"/>
						<SP ID="P81_SP00199" HPOS="620" VPOS="1488" WIDTH="28"/>
						<String ID="P81_ST00218" HPOS="648" VPOS="1442" WIDTH="40" HEIGHT="45" CONTENT="la" WC="1.00" CC="00"/>
						<SP ID="P81_SP00200" HPOS="688" VPOS="1488" WIDTH="32"/>
						<String ID="P81_ST00219" HPOS="720" VPOS="1443" WIDTH="180" HEIGHT="60" CONTENT="séance," WC="0.99" CC="0600024"/>
						<SP ID="P81_SP00201" HPOS="900" VPOS="1503" WIDTH="30"/>
						<String ID="P81_ST00220" HPOS="930" VPOS="1444" WIDTH="75" HEIGHT="47" CONTENT="M." WC="0.77" CC="04"/>
						<SP ID="P81_SP00202" HPOS="1005" VPOS="1503" WIDTH="30"/>
						<String ID="P81_ST00221" HPOS="1035" VPOS="1445" WIDTH="138" HEIGHT="63" CONTENT="Ligy," WC="0.61" CC="05904"/>
						<SP ID="P81_SP00203" HPOS="1173" VPOS="1508" WIDTH="28"/>
						<String ID="P81_ST00222" HPOS="1201" VPOS="1445" WIDTH="232" HEIGHT="60" CONTENT="président" WC="0.99" CC="006060230"/>
						<SP ID="P81_SP00204" HPOS="1433" VPOS="1508" WIDTH="27"/>
						<String ID="P81_ST00223" HPOS="1460" VPOS="1446" WIDTH="54" HEIGHT="45" CONTENT="de" WC="0.83" CC="03"/>
						<SP ID="P81_SP00205" HPOS="1514" VPOS="1508" WIDTH="28"/>
						<String ID="P81_ST00224" HPOS="1542" VPOS="1446" WIDTH="41" HEIGHT="45" CONTENT="la" WC="1.00" CC="00"/>
						<SP ID="P81_SP00206" HPOS="1583" VPOS="1508" WIDTH="29"/>
						<String ID="P81_ST00225" HPOS="1612" VPOS="1445" WIDTH="316" HEIGHT="47" CONTENT="Commission" WC="1.00" CC="0000400010"/>
						<SP ID="P81_SP00207" HPOS="1928" VPOS="1508" WIDTH="38"/>
						<String ID="P81_ST00226" HPOS="1966" VPOS="1446" WIDTH="384" HEIGHT="59" CONTENT="administrative," WC="1.00" CC="000104000004004"/>
						<SP ID="P81_SP00208" HPOS="2350" VPOS="1508" WIDTH="39"/>
						<String ID="P81_ST00227" HPOS="2389" VPOS="1463" WIDTH="25" HEIGHT="28" CONTENT="a" WC="1.00" CC="0"/>
						<SP ID="P81_SP00209" HPOS="2414" VPOS="1508" WIDTH="38"/>
						<String ID="P81_ST00228" HPOS="2452" VPOS="1445" WIDTH="175" HEIGHT="46" CONTENT="retracé" WC="1.00" CC="0000105"/>
						<SP ID="P81_SP00210" HPOS="2627" VPOS="1508" WIDTH="38"/>
						<String ID="P81_ST00229" HPOS="2665" VPOS="1445" WIDTH="281" HEIGHT="64" CONTENT="l'historique" WC="1.00" CC="340000001150"/>
					</TextLine>
					<TextLine ID="P81_TL00018" HPOS="435" VPOS="1511" WIDTH="2512" HEIGHT="67">
						<String ID="P81_ST00230" HPOS="435" VPOS="1513" WIDTH="54" HEIGHT="45" CONTENT="de" WC="1.00" CC="00"/>
						<SP ID="P81_SP00211" HPOS="489" VPOS="1558" WIDTH="27"/>
						<String ID="P81_ST00231" HPOS="516" VPOS="1511" WIDTH="391" HEIGHT="62" CONTENT="l'établissement," WC="1.00" CC="4465000500000004"/>
						<SP ID="P81_SP00212" HPOS="907" VPOS="1573" WIDTH="29"/>
						<String ID="P81_ST00232" HPOS="936" VPOS="1515" WIDTH="101" HEIGHT="59" CONTENT="puis" WC="0.99" CC="0050"/>
						<SP ID="P81_SP00213" HPOS="1037" VPOS="1574" WIDTH="25"/>
						<String ID="P81_ST00233" HPOS="1062" VPOS="1532" WIDTH="64" HEIGHT="28" CONTENT="un" WC="1.00" CC="00"/>
						<SP ID="P81_SP00214" HPOS="1126" VPOS="1574" WIDTH="27"/>
						<String ID="P81_ST00234" HPOS="1153" VPOS="1517" WIDTH="250" HEIGHT="59" CONTENT="hommage" WC="1.00" CC="0000000"/>
						<SP ID="P81_SP00215" HPOS="1403" VPOS="1576" WIDTH="25"/>
						<String ID="P81_ST00235" HPOS="1428" VPOS="1515" WIDTH="168" HEIGHT="60" CONTENT="spécial" WC="0.99" CC="0060604"/>
						<SP ID="P81_SP00216" HPOS="1596" VPOS="1576" WIDTH="20"/>
						<String ID="P81_ST00236" HPOS="1616" VPOS="1534" WIDTH="25" HEIGHT="27" CONTENT="a" WC="1.00" CC="0"/>
						<SP ID="P81_SP00217" HPOS="1641" VPOS="1576" WIDTH="26"/>
						<String ID="P81_ST00237" HPOS="1667" VPOS="1515" WIDTH="73" HEIGHT="45" CONTENT="été" WC="0.95" CC="606"/>
						<SP ID="P81_SP00218" HPOS="1740" VPOS="1576" WIDTH="27"/>
						<String ID="P81_ST00238" HPOS="1767" VPOS="1517" WIDTH="147" HEIGHT="44" CONTENT="rendu" WC="1.00" CC="00000"/>
						<SP ID="P81_SP00219" HPOS="1914" VPOS="1576" WIDTH="26"/>
						<String ID="P81_ST00239" HPOS="1940" VPOS="1515" WIDTH="25" HEIGHT="46" CONTENT="à" WC="0.39" CC="6"/>
						<SP ID="P81_SP00220" HPOS="1965" VPOS="1576" WIDTH="26"/>
						<String ID="P81_ST00240" HPOS="1991" VPOS="1515" WIDTH="219" HEIGHT="61" CONTENT="Adolphe" WC="0.99" CC="0010015"/>
						<SP ID="P81_SP00221" HPOS="2210" VPOS="1576" WIDTH="29"/>
						<String ID="P81_ST00241" HPOS="2239" VPOS="1515" WIDTH="202" HEIGHT="60" CONTENT="Samuel," WC="1.00" CC="0000104"/>
						<SP ID="P81_SP00222" HPOS="2441" VPOS="1576" WIDTH="24"/>
						<String ID="P81_ST00242" HPOS="2465" VPOS="1533" WIDTH="52" HEIGHT="29" CONTENT="ce" WC="0.86" CC="02"/>
						<SP ID="P81_SP00223" HPOS="2517" VPOS="1576" WIDTH="21"/>
						<String ID="P81_ST00243" HPOS="2538" VPOS="1516" WIDTH="145" HEIGHT="62" CONTENT="grand" WC="1.00" CC="00000"/>
						<SP ID="P81_SP00224" HPOS="2683" VPOS="1578" WIDTH="18"/>
						<String ID="P81_ST00244" HPOS="2701" VPOS="1516" WIDTH="246" HEIGHT="48" CONTENT="éducateur" WC="1.00" CC="600000003"/>
					</TextLine>
					<TextLine ID="P81_TL00019" HPOS="435" VPOS="1581" WIDTH="2512" HEIGHT="67">
						<String ID="P81_ST00245" HPOS="435" VPOS="1582" WIDTH="115" HEIGHT="45" CONTENT="dont" WC="1.00" CC="0001"/>
						<SP ID="P81_SP00225" HPOS="550" VPOS="1627" WIDTH="25"/>
						<String ID="P81_ST00246" HPOS="575" VPOS="1581" WIDTH="389" HEIGHT="63" CONTENT="l'enseignement" WC="1.00" CC="24000540000000"/>
						<SP ID="P81_SP00226" HPOS="964" VPOS="1644" WIDTH="26"/>
						<String ID="P81_ST00247" HPOS="990" VPOS="1584" WIDTH="70" HEIGHT="46" CONTENT="fut" WC="1.00" CC="000"/>
						<SP ID="P81_SP00227" HPOS="1060" VPOS="1644" WIDTH="26"/>
						<String ID="P81_ST00248" HPOS="1086" VPOS="1602" WIDTH="65" HEIGHT="28" CONTENT="un" WC="1.00" CC="00"/>
						<SP ID="P81_SP00228" HPOS="1151" VPOS="1644" WIDTH="29"/>
						<String ID="P81_ST00249" HPOS="1180" VPOS="1585" WIDTH="190" HEIGHT="44" CONTENT="bienfait" WC="0.99" CC="02000054"/>
						<SP ID="P81_SP00229" HPOS="1370" VPOS="1644" WIDTH="26"/>
						<String ID="P81_ST00250" HPOS="1396" VPOS="1601" WIDTH="114" HEIGHT="43" CONTENT="pour" WC="0.99" CC="0022"/>
						<SP ID="P81_SP00230" HPOS="1510" VPOS="1644" WIDTH="38"/>
						<String ID="P81_ST00251" HPOS="1548" VPOS="1585" WIDTH="43" HEIGHT="45" CONTENT="la" WC="0.79" CC="40"/>
						<SP ID="P81_SP00231" HPOS="1591" VPOS="1644" WIDTH="38"/>
						<String ID="P81_ST00252" HPOS="1629" VPOS="1585" WIDTH="226" HEIGHT="62" CONTENT="Belgique" WC="0.99" CC="60307000"/>
						<SP ID="P81_SP00232" HPOS="1855" VPOS="1647" WIDTH="38"/>
						<String ID="P81_ST00253" HPOS="1893" VPOS="1585" WIDTH="192" HEIGHT="60" CONTENT="entière," WC="0.98" CC="09058624"/>
						<SP ID="P81_SP00233" HPOS="2085" VPOS="1647" WIDTH="29"/>
						<String ID="P81_ST00254" HPOS="2114" VPOS="1603" WIDTH="78" HEIGHT="42" CONTENT="par" WC="1.00" CC="000"/>
						<SP ID="P81_SP00234" HPOS="2192" VPOS="1647" WIDTH="40"/>
						<String ID="P81_ST00255" HPOS="2232" VPOS="1585" WIDTH="76" HEIGHT="47" CONTENT="M." WC="0.81" CC="03"/>
						<SP ID="P81_SP00235" HPOS="2308" VPOS="1647" WIDTH="30"/>
						<String ID="P81_ST00256" HPOS="2338" VPOS="1585" WIDTH="156" HEIGHT="63" CONTENT="Edgar" WC="1.00" CC="40000"/>
						<SP ID="P81_SP00236" HPOS="2494" VPOS="1648" WIDTH="35"/>
						<String ID="P81_ST00257" HPOS="2529" VPOS="1585" WIDTH="165" HEIGHT="61" CONTENT="Tinel," WC="0.72" CC="560004"/>
						<SP ID="P81_SP00237" HPOS="2694" VPOS="1648" WIDTH="29"/>
						<String ID="P81_ST00258" HPOS="2723" VPOS="1588" WIDTH="224" HEIGHT="45" CONTENT="directeur" WC="1.00" CC="060000004"/>
					</TextLine>
					<TextLine ID="P81_TL00020" HPOS="435" VPOS="1651" WIDTH="2512" HEIGHT="67">
						<String ID="P81_ST00259" HPOS="435" VPOS="1652" WIDTH="62" HEIGHT="45" CONTENT="du" WC="1.00" CC="00"/>
						<SP ID="P81_SP00238" HPOS="497" VPOS="1697" WIDTH="39"/>
						<String ID="P81_ST00260" HPOS="536" VPOS="1651" WIDTH="355" HEIGHT="47" CONTENT="Conservatoire" WC="1.00" CC="0000000000400"/>
						<SP ID="P81_SP00239" HPOS="891" VPOS="1698" WIDTH="39"/>
						<String ID="P81_ST00261" HPOS="930" VPOS="1653" WIDTH="55" HEIGHT="45" CONTENT="de" WC="1.00" CC="00"/>
						<SP ID="P81_SP00240" HPOS="985" VPOS="1698" WIDTH="39"/>
						<String ID="P81_ST00262" HPOS="1024" VPOS="1653" WIDTH="256" HEIGHT="60" CONTENT="Bruxelles," WC="0.99" CC="6300044004"/>
						<SP ID="P81_SP00241" HPOS="1280" VPOS="1713" WIDTH="28"/>
						<String ID="P81_ST00263" HPOS="1308" VPOS="1671" WIDTH="58" HEIGHT="28" CONTENT="au" WC="1.00" CC="00"/>
						<SP ID="P81_SP00242" HPOS="1366" VPOS="1713" WIDTH="39"/>
						<String ID="P81_ST00264" HPOS="1405" VPOS="1672" WIDTH="112" HEIGHT="27" CONTENT="nom" WC="1.00" CC="000"/>
						<SP ID="P81_SP00243" HPOS="1517" VPOS="1713" WIDTH="40"/>
						<String ID="P81_ST00265" HPOS="1557" VPOS="1655" WIDTH="54" HEIGHT="44" CONTENT="de" WC="0.83" CC="03"/>
						<SP ID="P81_SP00244" HPOS="1611" VPOS="1713" WIDTH="39"/>
						<String ID="P81_ST00266" HPOS="1650" VPOS="1655" WIDTH="295" HEIGHT="46" CONTENT="l'Académie" WC="0.99" CC="0400607060"/>
						<SP ID="P81_SP00245" HPOS="1945" VPOS="1713" WIDTH="39"/>
						<String ID="P81_ST00267" HPOS="1984" VPOS="1656" WIDTH="155" HEIGHT="61" CONTENT="royale" WC="0.99" CC="000060"/>
						<SP ID="P81_SP00246" HPOS="2139" VPOS="1717" WIDTH="39"/>
						<String ID="P81_ST00268" HPOS="2178" VPOS="1656" WIDTH="54" HEIGHT="45" CONTENT="de" WC="1.00" CC="00"/>
						<SP ID="P81_SP00247" HPOS="2232" VPOS="1717" WIDTH="40"/>
						<String ID="P81_ST00269" HPOS="2272" VPOS="1655" WIDTH="243" HEIGHT="63" CONTENT="Belgique," WC="1.00" CC="600000004"/>
						<SP ID="P81_SP00248" HPOS="2515" VPOS="1718" WIDTH="29"/>
						<String ID="P81_ST00270" HPOS="2544" VPOS="1667" WIDTH="45" HEIGHT="34" CONTENT="et" WC="0.69" CC="06"/>
						<SP ID="P81_SP00249" HPOS="2589" VPOS="1718" WIDTH="38"/>
						<String ID="P81_ST00271" HPOS="2627" VPOS="1673" WIDTH="79" HEIGHT="44" CONTENT="par" WC="0.99" CC="002"/>
						<SP ID="P81_SP00250" HPOS="2706" VPOS="1718" WIDTH="27"/>
						<String ID="P81_ST00272" HPOS="2733" VPOS="1657" WIDTH="76" HEIGHT="46" CONTENT="M." WC="0.78" CC="04"/>
						<SP ID="P81_SP00251" HPOS="2809" VPOS="1718" WIDTH="30"/>
						<String ID="P81_ST00273" HPOS="2839" VPOS="1656" WIDTH="108" HEIGHT="48" CONTENT="Paul" WC="0.96" CC="5660"/>
					</TextLine>
					<TextLine ID="P81_TL00021" HPOS="436" VPOS="1720" WIDTH="2512" HEIGHT="63">
						<String ID="P81_ST00274" HPOS="436" VPOS="1720" WIDTH="208" HEIGHT="60" CONTENT="Lebrun," WC="0.99" CC="0003204"/>
						<SP ID="P81_SP00252" HPOS="644" VPOS="1780" WIDTH="42"/>
						<String ID="P81_ST00275" HPOS="686" VPOS="1722" WIDTH="254" HEIGHT="59" CONTENT="professeur" WC="1.00" CC="0000000000"/>
						<SP ID="P81_SP00253" HPOS="940" VPOS="1781" WIDTH="36"/>
						<String ID="P81_ST00276" HPOS="976" VPOS="1740" WIDTH="59" HEIGHT="28" CONTENT="au" WC="1.00" CC="00"/>
						<SP ID="P81_SP00254" HPOS="1035" VPOS="1781" WIDTH="39"/>
						<String ID="P81_ST00277" HPOS="1074" VPOS="1723" WIDTH="355" HEIGHT="47" CONTENT="Conservatoire" WC="1.00" CC="0000000000500"/>
						<SP ID="P81_SP00255" HPOS="1429" VPOS="1781" WIDTH="40"/>
						<String ID="P81_ST00278" HPOS="1469" VPOS="1724" WIDTH="53" HEIGHT="45" CONTENT="de" WC="1.00" CC="00"/>
						<SP ID="P81_SP00256" HPOS="1522" VPOS="1781" WIDTH="41"/>
						<String ID="P81_ST00279" HPOS="1563" VPOS="1723" WIDTH="158" HEIGHT="60" CONTENT="Gand," WC="0.91" CC="00004"/>
						<SP ID="P81_SP00257" HPOS="1721" VPOS="1783" WIDTH="29"/>
						<String ID="P81_ST00280" HPOS="1750" VPOS="1743" WIDTH="60" HEIGHT="27" CONTENT="au" WC="1.00" CC="00"/>
						<SP ID="P81_SP00258" HPOS="1810" VPOS="1783" WIDTH="38"/>
						<String ID="P81_ST00281" HPOS="1848" VPOS="1743" WIDTH="112" HEIGHT="27" CONTENT="nom" WC="0.96" CC="900"/>
						<SP ID="P81_SP00259" HPOS="1960" VPOS="1783" WIDTH="40"/>
						<String ID="P81_ST00282" HPOS="2000" VPOS="1725" WIDTH="77" HEIGHT="46" CONTENT="des" WC="1.00" CC="000"/>
						<SP ID="P81_SP00260" HPOS="2077" VPOS="1783" WIDTH="36"/>
						<String ID="P81_ST00283" HPOS="2113" VPOS="1727" WIDTH="190" HEIGHT="44" CONTENT="anciens" WC="1.00" CC="0006100"/>
						<SP ID="P81_SP00261" HPOS="2303" VPOS="1783" WIDTH="38"/>
						<String ID="P81_ST00284" HPOS="2341" VPOS="1725" WIDTH="164" HEIGHT="47" CONTENT="élèves." WC="0.98" CC="8470004"/>
						<SP ID="P81_SP00262" HPOS="2505" VPOS="1783" WIDTH="42"/>
						<String ID="P81_ST00285" HPOS="2547" VPOS="1725" WIDTH="71" HEIGHT="47" CONTENT="La" WC="1.00" CC="00"/>
						<SP ID="P81_SP00263" HPOS="2618" VPOS="1783" WIDTH="35"/>
						<String ID="P81_ST00286" HPOS="2653" VPOS="1725" WIDTH="164" HEIGHT="47" CONTENT="séance" WC="0.99" CC="760000"/>
						<SP ID="P81_SP00264" HPOS="2817" VPOS="1783" WIDTH="31"/>
						<String ID="P81_ST00287" HPOS="2848" VPOS="1726" WIDTH="100" HEIGHT="47" CONTENT="s'est" WC="0.99" CC="04200"/>
					</TextLine>
					<TextLine ID="P81_TL00022" HPOS="437" VPOS="1790" WIDTH="2512" HEIGHT="68">
						<String ID="P81_ST00288" HPOS="437" VPOS="1790" WIDTH="226" HEIGHT="46" CONTENT="terminée" WC="1.00" CC="40000060"/>
						<SP ID="P81_SP00265" HPOS="663" VPOS="1836" WIDTH="28"/>
						<String ID="P81_ST00289" HPOS="691" VPOS="1808" WIDTH="78" HEIGHT="43" CONTENT="par" WC="1.00" CC="000"/>
						<SP ID="P81_SP00266" HPOS="769" VPOS="1851" WIDTH="27"/>
						<String ID="P81_ST00290" HPOS="796" VPOS="1791" WIDTH="283" HEIGHT="48" CONTENT="l'exécution" WC="1.00" CC="54007000300"/>
						<SP ID="P81_SP00267" HPOS="1079" VPOS="1851" WIDTH="28"/>
						<String ID="P81_ST00291" HPOS="1107" VPOS="1793" WIDTH="55" HEIGHT="45" CONTENT="de" WC="1.00" CC="00"/>
						<SP ID="P81_SP00268" HPOS="1162" VPOS="1851" WIDTH="28"/>
						<String ID="P81_ST00292" HPOS="1190" VPOS="1793" WIDTH="42" HEIGHT="45" CONTENT="la" WC="0.82" CC="30"/>
						<SP ID="P81_SP00269" HPOS="1232" VPOS="1851" WIDTH="28"/>
						<String ID="P81_ST00293" HPOS="1260" VPOS="1792" WIDTH="27" HEIGHT="46" CONTENT="6" WC="1.00" CC="0"/>
						<String ID="P81_ST00294" HPOS="1292" VPOS="1795" WIDTH="15" HEIGHT="19" CONTENT="e" STYLE="superscript" WC="0.76" CC="2"/>
						<SP ID="P81_SP00270" HPOS="1307" VPOS="1851" WIDTH="25"/>
						<String ID="P81_ST00295" HPOS="1332" VPOS="1795" WIDTH="278" HEIGHT="61" CONTENT="symphonie" WC="1.00" CC="000004050"/>
						<SP ID="P81_SP00271" HPOS="1610" VPOS="1856" WIDTH="27"/>
						<String ID="P81_ST00296" HPOS="1637" VPOS="1795" WIDTH="55" HEIGHT="45" CONTENT="de" WC="1.00" CC="00"/>
						<SP ID="P81_SP00272" HPOS="1692" VPOS="1856" WIDTH="29"/>
						<String ID="P81_ST00297" HPOS="1721" VPOS="1795" WIDTH="201" HEIGHT="59" CONTENT="Samuel," WC="0.99" CC="0700014"/>
						<SP ID="P81_SP00273" HPOS="1922" VPOS="1856" WIDTH="29"/>
						<String ID="P81_ST00298" HPOS="1951" VPOS="1812" WIDTH="59" HEIGHT="28" CONTENT="en" WC="1.00" CC="00"/>
						<SP ID="P81_SP00274" HPOS="2010" VPOS="1856" WIDTH="28"/>
						<String ID="P81_ST00299" HPOS="2038" VPOS="1795" WIDTH="45" HEIGHT="45" CONTENT="rè" WC="0.66" CC="06" STYLEREFS="TXT_3"/>
						<SP ID="P81_SP00275" HPOS="2083" VPOS="1856" WIDTH="27"/>
						<String ID="P81_ST00300" HPOS="2110" VPOS="1796" WIDTH="200" HEIGHT="58" CONTENT="mineur," WC="0.99" CC="0600004"/>
						<SP ID="P81_SP00276" HPOS="2310" VPOS="1856" WIDTH="28"/>
						<String ID="P81_ST00301" HPOS="2338" VPOS="1812" WIDTH="162" HEIGHT="29" CONTENT="oeuvre" WC="0.99" CC="780000"/>
						<SP ID="P81_SP00277" HPOS="2500" VPOS="1856" WIDTH="31"/>
						<String ID="P81_ST00302" HPOS="2531" VPOS="1796" WIDTH="318" HEIGHT="61" CONTENT="remarquable" WC="1.00" CC="10000000030"/>
						<SP ID="P81_SP00278" HPOS="2849" VPOS="1857" WIDTH="27"/>
						<String ID="P81_ST00303" HPOS="2876" VPOS="1815" WIDTH="73" HEIGHT="43" CONTENT="par" WC="0.99" CC="003"/>
					</TextLine>
					<TextLine ID="P81_TL00023" HPOS="437" VPOS="1859" WIDTH="2514" HEIGHT="67">
						<String ID="P81_ST00304" HPOS="437" VPOS="1859" WIDTH="42" HEIGHT="46" CONTENT="la" WC="0.80" CC="40"/>
						<SP ID="P81_SP00279" HPOS="479" VPOS="1905" WIDTH="37"/>
						<String ID="P81_ST00305" HPOS="516" VPOS="1859" WIDTH="161" HEIGHT="61" CONTENT="pureté" WC="0.99" CC="000107"/>
						<SP ID="P81_SP00280" HPOS="677" VPOS="1920" WIDTH="39"/>
						<String ID="P81_ST00306" HPOS="716" VPOS="1861" WIDTH="54" HEIGHT="44" CONTENT="de" WC="0.65" CC="60"/>
						<SP ID="P81_SP00281" HPOS="770" VPOS="1920" WIDTH="39"/>
						<String ID="P81_ST00307" HPOS="809" VPOS="1861" WIDTH="42" HEIGHT="45" CONTENT="la" WC="0.68" CC="60"/>
						<SP ID="P81_SP00282" HPOS="851" VPOS="1920" WIDTH="36"/>
						<String ID="P81_ST00308" HPOS="887" VPOS="1862" WIDTH="166" HEIGHT="59" CONTENT="forme," WC="0.99" CC="030004"/>
						<SP ID="P81_SP00283" HPOS="1053" VPOS="1921" WIDTH="28"/>
						<String ID="P81_ST00309" HPOS="1081" VPOS="1862" WIDTH="43" HEIGHT="46" CONTENT="la" WC="0.63" CC="70"/>
						<SP ID="P81_SP00284" HPOS="1124" VPOS="1921" WIDTH="38"/>
						<String ID="P81_ST00310" HPOS="1162" VPOS="1861" WIDTH="166" HEIGHT="46" CONTENT="beauté" WC="0.98" CC="007056"/>
						<SP ID="P81_SP00285" HPOS="1328" VPOS="1921" WIDTH="39"/>
						<String ID="P81_ST00311" HPOS="1367" VPOS="1863" WIDTH="76" HEIGHT="45" CONTENT="des" WC="1.00" CC="000"/>
						<SP ID="P81_SP00286" HPOS="1443" VPOS="1921" WIDTH="39"/>
						<String ID="P81_ST00312" HPOS="1482" VPOS="1864" WIDTH="122" HEIGHT="44" CONTENT="idées" WC="0.98" CC="30800"/>
						<SP ID="P81_SP00287" HPOS="1604" VPOS="1921" WIDTH="37"/>
						<String ID="P81_ST00313" HPOS="1641" VPOS="1875" WIDTH="46" HEIGHT="34" CONTENT="et" WC="1.00" CC="00"/>
						<SP ID="P81_SP00288" HPOS="1687" VPOS="1921" WIDTH="37"/>
						<String ID="P81_ST00314" HPOS="1724" VPOS="1865" WIDTH="42" HEIGHT="45" CONTENT="la" WC="0.56" CC="08"/>
						<SP ID="P81_SP00289" HPOS="1766" VPOS="1921" WIDTH="26"/>
						<String ID="P81_ST00315" HPOS="1792" VPOS="1866" WIDTH="181" HEIGHT="44" CONTENT="science" WC="1.00" CC="0140000"/>
						<SP ID="P81_SP00290" HPOS="1973" VPOS="1921" WIDTH="38"/>
						<String ID="P81_ST00316" HPOS="2011" VPOS="1866" WIDTH="77" HEIGHT="44" CONTENT="des" WC="0.99" CC="300"/>
						<SP ID="P81_SP00291" HPOS="2088" VPOS="1921" WIDTH="26"/>
						<String ID="P81_ST00317" HPOS="2114" VPOS="1865" WIDTH="425" HEIGHT="61" CONTENT="développements." WC="1.00" CC="060140020000004"/>
						<SP ID="P81_SP00292" HPOS="2539" VPOS="1926" WIDTH="31"/>
						<String ID="P81_ST00318" HPOS="2570" VPOS="1865" WIDTH="296" HEIGHT="47" CONTENT="L'orchestre" WC="1.00" CC="04000400090"/>
						<SP ID="P81_SP00293" HPOS="2866" VPOS="1926" WIDTH="27"/>
						<String ID="P81_ST00319" HPOS="2893" VPOS="1868" WIDTH="58" HEIGHT="46" CONTENT="du" WC="0.76" CC="04"/>
					</TextLine>
					<TextLine ID="P81_TL00024" HPOS="438" VPOS="1929" WIDTH="1990" HEIGHT="64">
						<String ID="P81_ST00320" HPOS="438" VPOS="1929" WIDTH="373" HEIGHT="61" CONTENT="Conservatoire," WC="1.00" CC="02000000004004"/>
						<SP ID="P81_SP00294" HPOS="811" VPOS="1990" WIDTH="28"/>
						<String ID="P81_ST00321" HPOS="839" VPOS="1931" WIDTH="144" HEIGHT="62" CONTENT="dirigé" WC="0.99" CC="050206"/>
						<SP ID="P81_SP00295" HPOS="983" VPOS="1993" WIDTH="26"/>
						<String ID="P81_ST00322" HPOS="1009" VPOS="1948" WIDTH="78" HEIGHT="43" CONTENT="par" WC="1.00" CC="000"/>
						<SP ID="P81_SP00296" HPOS="1087" VPOS="1993" WIDTH="27"/>
						<String ID="P81_ST00323" HPOS="1114" VPOS="1932" WIDTH="75" HEIGHT="46" CONTENT="M." WC="0.78" CC="04"/>
						<SP ID="P81_SP00297" HPOS="1189" VPOS="1993" WIDTH="30"/>
						<String ID="P81_ST00324" HPOS="1219" VPOS="1931" WIDTH="237" HEIGHT="61" CONTENT="Mathieu," WC="0.99" CC="00004094"/>
						<SP ID="P81_SP00298" HPOS="1456" VPOS="1993" WIDTH="29"/>
						<String ID="P81_ST00325" HPOS="1485" VPOS="1950" WIDTH="57" HEIGHT="28" CONTENT="en" WC="1.00" CC="00"/>
						<SP ID="P81_SP00299" HPOS="1542" VPOS="1993" WIDTH="29"/>
						<String ID="P81_ST00326" HPOS="1571" VPOS="1934" WIDTH="156" HEIGHT="45" CONTENT="donna" WC="1.00" CC="00000"/>
						<SP ID="P81_SP00300" HPOS="1727" VPOS="1993" WIDTH="25"/>
						<String ID="P81_ST00327" HPOS="1752" VPOS="1951" WIDTH="94" HEIGHT="28" CONTENT="une" WC="0.94" CC="662"/>
						<SP ID="P81_SP00301" HPOS="1846" VPOS="1993" WIDTH="27"/>
						<String ID="P81_ST00328" HPOS="1873" VPOS="1934" WIDTH="251" HEIGHT="46" CONTENT="exécution" WC="0.99" CC="007004600"/>
						<SP ID="P81_SP00302" HPOS="2124" VPOS="1993" WIDTH="28"/>
						<String ID="P81_ST00329" HPOS="2152" VPOS="1934" WIDTH="276" HEIGHT="47" CONTENT="excellente." WC="1.00" CC="00001500004"/>
					</TextLine>
					<TextLine ID="P81_TL00025" HPOS="577" VPOS="1999" WIDTH="2372" HEIGHT="68">
						<String ID="P81_ST00330" HPOS="577" VPOS="1999" WIDTH="69" HEIGHT="46" CONTENT="Le" WC="0.70" CC="04"/>
						<SP ID="P81_SP00303" HPOS="646" VPOS="2045" WIDTH="38"/>
						<String ID="P81_ST00331" HPOS="684" VPOS="2011" WIDTH="190" HEIGHT="35" CONTENT="concert" WC="1.00" CC="0000000"/>
						<SP ID="P81_SP00304" HPOS="874" VPOS="2046" WIDTH="37"/>
						<String ID="P81_ST00332" HPOS="911" VPOS="2000" WIDTH="250" HEIGHT="61" CONTENT="présentait" WC="1.00" CC="0060000050"/>
						<SP ID="P81_SP00305" HPOS="1161" VPOS="2061" WIDTH="39"/>
						<String ID="P81_ST00333" HPOS="1200" VPOS="2019" WIDTH="65" HEIGHT="28" CONTENT="un" WC="1.00" CC="00"/>
						<SP ID="P81_SP00306" HPOS="1265" VPOS="2061" WIDTH="38"/>
						<String ID="P81_ST00334" HPOS="1303" VPOS="2002" WIDTH="230" HEIGHT="46" CONTENT="caractère" WC="1.00" CC="000000700"/>
						<SP ID="P81_SP00307" HPOS="1533" VPOS="2061" WIDTH="39"/>
						<String ID="P81_ST00335" HPOS="1572" VPOS="2014" WIDTH="103" HEIGHT="35" CONTENT="tout" WC="1.00" CC="0000"/>
						<SP ID="P81_SP00308" HPOS="1675" VPOS="2061" WIDTH="37"/>
						<String ID="P81_ST00336" HPOS="1712" VPOS="2004" WIDTH="182" HEIGHT="60" CONTENT="spécial." WC="0.99" CC="40705800"/>
						<SP ID="P81_SP00309" HPOS="1894" VPOS="2064" WIDTH="43"/>
						<String ID="P81_ST00337" HPOS="1937" VPOS="2002" WIDTH="254" HEIGHT="62" CONTENT="Groupant" WC="1.00" CC="00000000"/>
						<SP ID="P81_SP00310" HPOS="2191" VPOS="2064" WIDTH="39"/>
						<String ID="P81_ST00338" HPOS="2230" VPOS="2005" WIDTH="77" HEIGHT="46" CONTENT="des" WC="1.00" CC="000"/>
						<SP ID="P81_SP00311" HPOS="2307" VPOS="2064" WIDTH="35"/>
						<String ID="P81_ST00339" HPOS="2342" VPOS="2023" WIDTH="184" HEIGHT="28" CONTENT="œuvres" WC="1.00" CC="000000"/>
						<SP ID="P81_SP00312" HPOS="2526" VPOS="2064" WIDTH="39"/>
						<String ID="P81_ST00340" HPOS="2565" VPOS="2006" WIDTH="76" HEIGHT="45" CONTENT="des" WC="0.99" CC="002"/>
						<SP ID="P81_SP00313" HPOS="2641" VPOS="2064" WIDTH="39"/>
						<String ID="P81_ST00341" HPOS="2680" VPOS="2007" WIDTH="269" HEIGHT="60" CONTENT="principaux" WC="0.99" CC="0030050008"/>
					</TextLine>
					<TextLine ID="P81_TL00026" HPOS="438" VPOS="2066" WIDTH="2512" HEIGHT="73">
						<String ID="P81_ST00342" HPOS="438" VPOS="2066" WIDTH="147" HEIGHT="47" CONTENT="élèves" WC="0.98" CC="627000"/>
						<SP ID="P81_SP00314" HPOS="585" VPOS="2113" WIDTH="26"/>
						<String ID="P81_ST00343" HPOS="611" VPOS="2068" WIDTH="56" HEIGHT="45" CONTENT="de" WC="1.00" CC="00"/>
						<SP ID="P81_SP00315" HPOS="667" VPOS="2113" WIDTH="27"/>
						<String ID="P81_ST00344" HPOS="694" VPOS="2068" WIDTH="199" HEIGHT="61" CONTENT="Samuel," WC="0.99" CC="0400034"/>
						<SP ID="P81_SP00316" HPOS="893" VPOS="2129" WIDTH="30"/>
						<String ID="P81_ST00345" HPOS="923" VPOS="2070" WIDTH="29" HEIGHT="45" CONTENT="il" WC="0.54" CC="26"/>
						<SP ID="P81_SP00317" HPOS="952" VPOS="2129" WIDTH="27"/>
						<String ID="P81_ST00346" HPOS="979" VPOS="2072" WIDTH="121" HEIGHT="44" CONTENT="avait" WC="1.00" CC="00040"/>
						<SP ID="P81_SP00318" HPOS="1100" VPOS="2129" WIDTH="26"/>
						<String ID="P81_ST00347" HPOS="1126" VPOS="2089" WIDTH="57" HEIGHT="27" CONTENT="en" WC="1.00" CC="00"/>
						<SP ID="P81_SP00319" HPOS="1183" VPOS="2129" WIDTH="28"/>
						<String ID="P81_ST00348" HPOS="1211" VPOS="2071" WIDTH="201" HEIGHT="62" CONTENT="quelque" WC="0.99" CC="0004090"/>
						<SP ID="P81_SP00320" HPOS="1412" VPOS="2133" WIDTH="27"/>
						<String ID="P81_ST00349" HPOS="1439" VPOS="2084" WIDTH="119" HEIGHT="33" CONTENT="sorte" WC="0.99" CC="00060"/>
						<SP ID="P81_SP00321" HPOS="1558" VPOS="2133" WIDTH="40"/>
						<String ID="P81_ST00350" HPOS="1598" VPOS="2091" WIDTH="115" HEIGHT="42" CONTENT="pour" WC="0.99" CC="0400"/>
						<SP ID="P81_SP00322" HPOS="1713" VPOS="2133" WIDTH="40"/>
						<String ID="P81_ST00351" HPOS="1753" VPOS="2075" WIDTH="81" HEIGHT="44" CONTENT="but" WC="0.95" CC="065"/>
						<SP ID="P81_SP00323" HPOS="1834" VPOS="2133" WIDTH="39"/>
						<String ID="P81_ST00352" HPOS="1873" VPOS="2075" WIDTH="54" HEIGHT="44" CONTENT="de" WC="1.00" CC="00"/>
						<SP ID="P81_SP00324" HPOS="1927" VPOS="2133" WIDTH="39"/>
						<String ID="P81_ST00353" HPOS="1966" VPOS="2074" WIDTH="181" HEIGHT="45" CONTENT="vérifier" WC="0.99" CC="07008600"/>
						<SP ID="P81_SP00325" HPOS="2147" VPOS="2133" WIDTH="37"/>
						<String ID="P81_ST00354" HPOS="2184" VPOS="2075" WIDTH="503" HEIGHT="60" CONTENT="expérimentalement" WC="1.00" CC="00070700040110000"/>
						<SP ID="P81_SP00326" HPOS="2687" VPOS="2135" WIDTH="26"/>
						<String ID="P81_ST00355" HPOS="2713" VPOS="2076" WIDTH="64" HEIGHT="46" CONTENT="les" WC="0.99" CC="100"/>
						<SP ID="P81_SP00327" HPOS="2777" VPOS="2135" WIDTH="27"/>
						<String ID="P81_ST00356" HPOS="2804" VPOS="2077" WIDTH="146" HEIGHT="62" CONTENT="éloges" WC="0.98" CC="642300"/>
					</TextLine>
					<TextLine ID="P81_TL00027" HPOS="436" VPOS="2137" WIDTH="2513" HEIGHT="69">
						<String ID="P81_ST00357" HPOS="436" VPOS="2137" WIDTH="218" HEIGHT="46" CONTENT="décernés" WC="0.99" CC="07010050"/>
						<SP ID="P81_SP00328" HPOS="654" VPOS="2183" WIDTH="29"/>
						<String ID="P81_ST00358" HPOS="683" VPOS="2156" WIDTH="58" HEIGHT="28" CONTENT="au" WC="0.67" CC="60"/>
						<SP ID="P81_SP00329" HPOS="741" VPOS="2184" WIDTH="27"/>
						<String ID="P81_ST00359" HPOS="768" VPOS="2140" WIDTH="163" HEIGHT="45" CONTENT="maître" WC="0.99" CC="006000"/>
						<SP ID="P81_SP00330" HPOS="931" VPOS="2185" WIDTH="28"/>
						<String ID="P81_ST00360" HPOS="959" VPOS="2141" WIDTH="111" HEIGHT="45" CONTENT="dans" WC="1.00" CC="0000"/>
						<SP ID="P81_SP00331" HPOS="1070" VPOS="2186" WIDTH="26"/>
						<String ID="P81_ST00361" HPOS="1096" VPOS="2140" WIDTH="63" HEIGHT="46" CONTENT="les" WC="0.99" CC="200"/>
						<SP ID="P81_SP00332" HPOS="1159" VPOS="2186" WIDTH="26"/>
						<String ID="P81_ST00362" HPOS="1185" VPOS="2141" WIDTH="204" HEIGHT="45" CONTENT="discours" WC="1.00" CC="02004000"/>
						<SP ID="P81_SP00333" HPOS="1389" VPOS="2186" WIDTH="26"/>
						<String ID="P81_ST00363" HPOS="1415" VPOS="2142" WIDTH="202" HEIGHT="46" CONTENT="officiels." WC="1.00" CC="3000030204"/>
						<SP ID="P81_SP00334" HPOS="1617" VPOS="2188" WIDTH="31"/>
						<String ID="P81_ST00364" HPOS="1648" VPOS="2143" WIDTH="203" HEIGHT="46" CONTENT="Comme" WC="1.00" CC="00000"/>
						<SP ID="P81_SP00335" HPOS="1851" VPOS="2189" WIDTH="28"/>
						<String ID="P81_ST00365" HPOS="1879" VPOS="2155" WIDTH="103" HEIGHT="34" CONTENT="tout" WC="0.99" CC="5000"/>
						<SP ID="P81_SP00336" HPOS="1982" VPOS="2189" WIDTH="26"/>
						<String ID="P81_ST00366" HPOS="2008" VPOS="2144" WIDTH="160" HEIGHT="46" CONTENT="travail" WC="1.00" CC="0000030"/>
						<SP ID="P81_SP00337" HPOS="2168" VPOS="2190" WIDTH="30"/>
						<String ID="P81_ST00367" HPOS="2198" VPOS="2145" WIDTH="55" HEIGHT="45" CONTENT="de" WC="1.00" CC="00"/>
						<SP ID="P81_SP00338" HPOS="2253" VPOS="2190" WIDTH="26"/>
						<String ID="P81_ST00368" HPOS="2279" VPOS="2144" WIDTH="289" HEIGHT="61" CONTENT="laboratoire," WC="1.00" CC="000000036104"/>
						<SP ID="P81_SP00339" HPOS="2568" VPOS="2205" WIDTH="28"/>
						<String ID="P81_ST00369" HPOS="2596" VPOS="2145" WIDTH="310" HEIGHT="61" CONTENT="l'expérience" WC="1.00" CC="440007050000"/>
						<SP ID="P81_SP00340" HPOS="2906" VPOS="2206" WIDTH="20"/>
						<String ID="P81_ST00370" HPOS="2926" VPOS="2166" WIDTH="23" HEIGHT="27" CONTENT="a" WC="1.00" CC="0"/>
					</TextLine>
					<TextLine ID="P81_TL00028" HPOS="435" VPOS="2206" WIDTH="2513" HEIGHT="69">
						<String ID="P81_ST00371" HPOS="435" VPOS="2206" WIDTH="74" HEIGHT="46" CONTENT="été" WC="0.94" CC="906"/>
						<SP ID="P81_SP00341" HPOS="509" VPOS="2252" WIDTH="35"/>
						<String ID="P81_ST00372" HPOS="544" VPOS="2224" WIDTH="65" HEIGHT="28" CONTENT="un" WC="0.52" CC="36"/>
						<SP ID="P81_SP00342" HPOS="609" VPOS="2252" WIDTH="39"/>
						<String ID="P81_ST00373" HPOS="648" VPOS="2224" WIDTH="90" HEIGHT="43" CONTENT="peu" WC="0.97" CC="403"/>
						<SP ID="P81_SP00343" HPOS="738" VPOS="2267" WIDTH="37"/>
						<String ID="P81_ST00374" HPOS="775" VPOS="2207" WIDTH="187" HEIGHT="63" CONTENT="longue," WC="0.99" CC="6000202"/>
						<SP ID="P81_SP00344" HPOS="962" VPOS="2270" WIDTH="29"/>
						<String ID="P81_ST00375" HPOS="991" VPOS="2210" WIDTH="114" HEIGHT="44" CONTENT="mais" WC="0.97" CC="4360"/>
						<SP ID="P81_SP00345" HPOS="1105" VPOS="2270" WIDTH="38"/>
						<String ID="P81_ST00376" HPOS="1143" VPOS="2209" WIDTH="86" HEIGHT="47" CONTENT="elle" WC="0.99" CC="0400"/>
						<SP ID="P81_SP00346" HPOS="1229" VPOS="2270" WIDTH="38"/>
						<String ID="P81_ST00377" HPOS="1267" VPOS="2228" WIDTH="25" HEIGHT="28" CONTENT="a" WC="0.54" CC="4"/>
						<SP ID="P81_SP00347" HPOS="1292" VPOS="2270" WIDTH="38"/>
						<String ID="P81_ST00378" HPOS="1330" VPOS="2210" WIDTH="73" HEIGHT="47" CONTENT="été" WC="0.94" CC="725"/>
						<SP ID="P81_SP00348" HPOS="1403" VPOS="2270" WIDTH="35"/>
						<String ID="P81_ST00379" HPOS="1438" VPOS="2213" WIDTH="144" HEIGHT="44" CONTENT="suivie" WC="0.99" CC="007080"/>
						<SP ID="P81_SP00349" HPOS="1582" VPOS="2270" WIDTH="21"/>
						<String ID="P81_ST00380" HPOS="1603" VPOS="2211" WIDTH="219" HEIGHT="62" CONTENT="jusqu'au" WC="0.99" CC="10055000"/>
						<SP ID="P81_SP00350" HPOS="1822" VPOS="2273" WIDTH="39"/>
						<String ID="P81_ST00381" HPOS="1861" VPOS="2214" WIDTH="113" HEIGHT="44" CONTENT="bout" WC="0.99" CC="0003"/>
						<SP ID="P81_SP00351" HPOS="1974" VPOS="2273" WIDTH="27"/>
						<String ID="P81_ST00382" HPOS="2001" VPOS="2230" WIDTH="78" HEIGHT="43" CONTENT="par" WC="1.00" CC="000"/>
						<SP ID="P81_SP00352" HPOS="2079" VPOS="2273" WIDTH="26"/>
						<String ID="P81_ST00383" HPOS="2105" VPOS="2230" WIDTH="65" HEIGHT="30" CONTENT="un" WC="0.71" CC="40"/>
						<SP ID="P81_SP00353" HPOS="2170" VPOS="2273" WIDTH="29"/>
						<String ID="P81_ST00384" HPOS="2199" VPOS="2214" WIDTH="156" HEIGHT="61" CONTENT="public" WC="1.00" CC="050000"/>
						<SP ID="P81_SP00354" HPOS="2355" VPOS="2275" WIDTH="27"/>
						<String ID="P81_ST00385" HPOS="2382" VPOS="2215" WIDTH="279" HEIGHT="60" CONTENT="nombreux," WC="0.99" CC="306000034"/>
						<SP ID="P81_SP00355" HPOS="2661" VPOS="2275" WIDTH="28"/>
						<String ID="P81_ST00386" HPOS="2689" VPOS="2216" WIDTH="194" HEIGHT="46" CONTENT="attentif" WC="0.99" CC="04006056"/>
						<SP ID="P81_SP00356" HPOS="2883" VPOS="2275" WIDTH="22"/>
						<String ID="P81_ST00387" HPOS="2905" VPOS="2228" WIDTH="43" HEIGHT="34" CONTENT="et" WC="0.80" CC="04"/>
					</TextLine>
					<TextLine ID="P81_TL00029" HPOS="436" VPOS="2276" WIDTH="2513" HEIGHT="72">
						<String ID="P81_ST00388" HPOS="436" VPOS="2276" WIDTH="232" HEIGHT="60" CONTENT="intéressé," WC="1.00" CC="6000100004"/>
						<SP ID="P81_SP00357" HPOS="668" VPOS="2336" WIDTH="27"/>
						<String ID="P81_ST00389" HPOS="695" VPOS="2289" WIDTH="47" HEIGHT="34" CONTENT="et" WC="0.76" CC="04"/>
						<SP ID="P81_SP00358" HPOS="742" VPOS="2336" WIDTH="26"/>
						<String ID="P81_ST00390" HPOS="768" VPOS="2277" WIDTH="86" HEIGHT="46" CONTENT="elle" WC="0.98" CC="0530"/>
						<SP ID="P81_SP00359" HPOS="854" VPOS="2336" WIDTH="25"/>
						<String ID="P81_ST00391" HPOS="879" VPOS="2296" WIDTH="27" HEIGHT="28" CONTENT="a" WC="1.00" CC="0"/>
						<SP ID="P81_SP00360" HPOS="906" VPOS="2336" WIDTH="25"/>
						<String ID="P81_ST00392" HPOS="931" VPOS="2279" WIDTH="138" HEIGHT="45" CONTENT="établi" WC="0.98" CC="640006"/>
						<SP ID="P81_SP00361" HPOS="1069" VPOS="2336" WIDTH="27"/>
						<String ID="P81_ST00393" HPOS="1096" VPOS="2296" WIDTH="88" HEIGHT="45" CONTENT="que" WC="0.98" CC="030"/>
						<SP ID="P81_SP00362" HPOS="1184" VPOS="2341" WIDTH="28"/>
						<String ID="P81_ST00394" HPOS="1212" VPOS="2280" WIDTH="201" HEIGHT="61" CONTENT="Samuel," WC="0.98" CC="0970024"/>
						<SP ID="P81_SP00363" HPOS="1413" VPOS="2341" WIDTH="28"/>
						<String ID="P81_ST00395" HPOS="1441" VPOS="2298" WIDTH="58" HEIGHT="29" CONTENT="en" WC="0.64" CC="07"/>
						<SP ID="P81_SP00364" HPOS="1499" VPOS="2341" WIDTH="28"/>
						<String ID="P81_ST00396" HPOS="1527" VPOS="2282" WIDTH="276" HEIGHT="61" CONTENT="inculquant" WC="0.99" CC="3500400902"/>
						<SP ID="P81_SP00365" HPOS="1803" VPOS="2343" WIDTH="28"/>
						<String ID="P81_ST00397" HPOS="1831" VPOS="2300" WIDTH="92" HEIGHT="28" CONTENT="une" WC="0.99" CC="300"/>
						<SP ID="P81_SP00366" HPOS="1923" VPOS="2343" WIDTH="24"/>
						<String ID="P81_ST00398" HPOS="1947" VPOS="2285" WIDTH="186" HEIGHT="46" CONTENT="science" WC="1.00" CC="0000030"/>
						<SP ID="P81_SP00367" HPOS="2133" VPOS="2343" WIDTH="37"/>
						<String ID="P81_ST00399" HPOS="2170" VPOS="2285" WIDTH="141" HEIGHT="44" CONTENT="solide" WC="0.99" CC="021460"/>
						<SP ID="P81_SP00368" HPOS="2311" VPOS="2343" WIDTH="26"/>
						<String ID="P81_ST00400" HPOS="2337" VPOS="2284" WIDTH="26" HEIGHT="47" CONTENT="à" WC="0.22" CC="7"/>
						<SP ID="P81_SP00369" HPOS="2363" VPOS="2343" WIDTH="25"/>
						<String ID="P81_ST00401" HPOS="2388" VPOS="2301" WIDTH="69" HEIGHT="30" CONTENT="ses" WC="0.98" CC="004"/>
						<SP ID="P81_SP00370" HPOS="2457" VPOS="2343" WIDTH="25"/>
						<String ID="P81_ST00402" HPOS="2482" VPOS="2285" WIDTH="164" HEIGHT="61" CONTENT="élèves," WC="0.99" CC="0073002"/>
						<SP ID="P81_SP00371" HPOS="2646" VPOS="2346" WIDTH="29"/>
						<String ID="P81_ST00403" HPOS="2675" VPOS="2286" WIDTH="100" HEIGHT="46" CONTENT="leur" WC="0.99" CC="2003"/>
						<SP ID="P81_SP00372" HPOS="2775" VPOS="2346" WIDTH="25"/>
						<String ID="P81_ST00404" HPOS="2800" VPOS="2304" WIDTH="26" HEIGHT="28" CONTENT="a" WC="0.03" CC="9"/>
						<SP ID="P81_SP00373" HPOS="2826" VPOS="2346" WIDTH="24"/>
						<String ID="P81_ST00405" HPOS="2850" VPOS="2304" WIDTH="75" HEIGHT="44" CONTENT="per" SUBS_TYPE="HypPart1" SUBS_CONTENT="permis" WC="1.00" CC="000"/>
						<HYP HPOS="2925" VPOS="2304" WIDTH="24" CONTENT="-"/>
					</TextLine>
					<TextLine ID="P81_TL00030" HPOS="435" VPOS="2346" WIDTH="2511" HEIGHT="71">
						<String ID="P81_ST00406" HPOS="435" VPOS="2347" WIDTH="87" HEIGHT="45" CONTENT="mis" SUBS_TYPE="HypPart2" SUBS_CONTENT="permis" WC="0.99" CC="010"/>
						<SP ID="P81_SP00374" HPOS="522" VPOS="2392" WIDTH="26"/>
						<String ID="P81_ST00407" HPOS="548" VPOS="2347" WIDTH="54" HEIGHT="45" CONTENT="de" WC="0.79" CC="40"/>
						<SP ID="P81_SP00375" HPOS="602" VPOS="2392" WIDTH="28"/>
						<String ID="P81_ST00408" HPOS="630" VPOS="2346" WIDTH="273" HEIGHT="62" CONTENT="développer" WC="1.00" CC="0000100600"/>
						<SP ID="P81_SP00376" HPOS="903" VPOS="2408" WIDTH="27"/>
						<String ID="P81_ST00409" HPOS="930" VPOS="2348" WIDTH="99" HEIGHT="46" CONTENT="leur" WC="0.99" CC="6000"/>
						<SP ID="P81_SP00377" HPOS="1029" VPOS="2408" WIDTH="26"/>
						<String ID="P81_ST00410" HPOS="1055" VPOS="2348" WIDTH="260" HEIGHT="63" CONTENT="originalité" WC="0.99" CC="09016592000"/>
						<SP ID="P81_SP00378" HPOS="1315" VPOS="2411" WIDTH="27"/>
						<String ID="P81_ST00411" HPOS="1342" VPOS="2367" WIDTH="177" HEIGHT="44" CONTENT="propre." WC="1.00" CC="0000100"/>
						<SP ID="P81_SP00379" HPOS="1519" VPOS="2411" WIDTH="31"/>
						<String ID="P81_ST00412" HPOS="1550" VPOS="2351" WIDTH="91" HEIGHT="47" CONTENT="Les" WC="0.99" CC="030"/>
						<SP ID="P81_SP00380" HPOS="1641" VPOS="2411" WIDTH="26"/>
						<String ID="P81_ST00413" HPOS="1667" VPOS="2354" WIDTH="332" HEIGHT="59" CONTENT="compositions" WC="1.00" CC="000300450030"/>
						<SP ID="P81_SP00381" HPOS="1999" VPOS="2413" WIDTH="37"/>
						<String ID="P81_ST00414" HPOS="2036" VPOS="2354" WIDTH="55" HEIGHT="45" CONTENT="de" WC="1.00" CC="00"/>
						<SP ID="P81_SP00382" HPOS="2091" VPOS="2413" WIDTH="39"/>
						<String ID="P81_ST00415" HPOS="2130" VPOS="2354" WIDTH="142" HEIGHT="46" CONTENT="MM." WC="0.99" CC="003"/>
						<SP ID="P81_SP00383" HPOS="2272" VPOS="2413" WIDTH="30"/>
						<String ID="P81_ST00416" HPOS="2302" VPOS="2355" WIDTH="45" HEIGHT="62" CONTENT="J." WC="0.92" CC="01"/>
						<SP ID="P81_SP00384" HPOS="2347" VPOS="2417" WIDTH="30"/>
						<String ID="P81_ST00417" HPOS="2377" VPOS="2355" WIDTH="190" HEIGHT="47" CONTENT="Vander" WC="0.87" CC="303000"/>
						<SP ID="P81_SP00385" HPOS="2567" VPOS="2417" WIDTH="41"/>
						<String ID="P81_ST00418" HPOS="2608" VPOS="2355" WIDTH="219" HEIGHT="61" CONTENT="Meulen," WC="0.94" CC="0000003"/>
						<SP ID="P81_SP00386" HPOS="2827" VPOS="2417" WIDTH="30"/>
						<String ID="P81_ST00419" HPOS="2857" VPOS="2357" WIDTH="89" HEIGHT="47" CONTENT="Ad." WC="0.97" CC="062"/>
					</TextLine>
					<TextLine ID="P81_TL00031" HPOS="436" VPOS="2414" WIDTH="2511" HEIGHT="73">
						<String ID="P81_ST00420" HPOS="436" VPOS="2414" WIDTH="208" HEIGHT="60" CONTENT="d'Hulst," WC="0.75" CC="00606042"/>
						<SP ID="P81_SP00387" HPOS="644" VPOS="2474" WIDTH="40"/>
						<String ID="P81_ST00421" HPOS="684" VPOS="2414" WIDTH="99" HEIGHT="49" CONTENT="Léo" WC="0.99" CC="200"/>
						<SP ID="P81_SP00388" HPOS="783" VPOS="2474" WIDTH="40"/>
						<String ID="P81_ST00422" HPOS="823" VPOS="2418" WIDTH="191" HEIGHT="45" CONTENT="Vander" WC="0.85" CC="305000"/>
						<SP ID="P81_SP00389" HPOS="1014" VPOS="2474" WIDTH="41"/>
						<String ID="P81_ST00423" HPOS="1055" VPOS="2418" WIDTH="212" HEIGHT="63" CONTENT="Haegen," WC="0.86" CC="4000004"/>
						<SP ID="P81_SP00390" HPOS="1267" VPOS="2481" WIDTH="29"/>
						<String ID="P81_ST00424" HPOS="1296" VPOS="2417" WIDTH="56" HEIGHT="48" CONTENT="L." WC="0.86" CC="02"/>
						<SP ID="P81_SP00391" HPOS="1352" VPOS="2481" WIDTH="42"/>
						<String ID="P81_ST00425" HPOS="1394" VPOS="2418" WIDTH="320" HEIGHT="63" CONTENT="Moeremans," WC="0.92" CC="0000010600"/>
						<SP ID="P81_SP00392" HPOS="1714" VPOS="2481" WIDTH="43"/>
						<String ID="P81_ST00426" HPOS="1757" VPOS="2421" WIDTH="65" HEIGHT="47" CONTENT="D." WC="0.84" CC="20"/>
						<SP ID="P81_SP00393" HPOS="1822" VPOS="2481" WIDTH="40"/>
						<String ID="P81_ST00427" HPOS="1862" VPOS="2440" WIDTH="88" HEIGHT="28" CONTENT="van" WC="0.97" CC="800"/>
						<SP ID="P81_SP00394" HPOS="1950" VPOS="2481" WIDTH="33"/>
						<String ID="P81_ST00428" HPOS="1983" VPOS="2422" WIDTH="307" HEIGHT="64" CONTENT="Reysschoot," WC="0.91" CC="00001022300"/>
						<SP ID="P81_SP00395" HPOS="2290" VPOS="2486" WIDTH="31"/>
						<String ID="P81_ST00429" HPOS="2321" VPOS="2425" WIDTH="63" HEIGHT="45" CONTENT="N." WC="1.00" CC="00"/>
						<SP ID="P81_SP00396" HPOS="2384" VPOS="2486" WIDTH="31"/>
						<String ID="P81_ST00430" HPOS="2415" VPOS="2423" WIDTH="216" HEIGHT="61" CONTENT="Daneau," WC="0.86" CC="0603000"/>
						<SP ID="P81_SP00397" HPOS="2631" VPOS="2486" WIDTH="29"/>
						<String ID="P81_ST00431" HPOS="2660" VPOS="2425" WIDTH="52" HEIGHT="48" CONTENT="P." WC="0.47" CC="64"/>
						<SP ID="P81_SP00398" HPOS="2712" VPOS="2486" WIDTH="29"/>
						<String ID="P81_ST00432" HPOS="2741" VPOS="2425" WIDTH="206" HEIGHT="62" CONTENT="Lebrun," WC="0.99" CC="0000552"/>
					</TextLine>
					<TextLine ID="P81_TL00032" HPOS="435" VPOS="2484" WIDTH="2512" HEIGHT="74">
						<String ID="P81_ST00433" HPOS="435" VPOS="2486" WIDTH="94" HEIGHT="45" CONTENT="Ad." WC="0.98" CC="301"/>
						<SP ID="P81_SP00399" HPOS="529" VPOS="2531" WIDTH="29"/>
						<String ID="P81_ST00434" HPOS="558" VPOS="2484" WIDTH="37" HEIGHT="46" CONTENT="B" WC="0.31" CC="6"/>
						<SP ID="P81_SP00400" HPOS="595" VPOS="2531" WIDTH="7"/>
						<String ID="P81_ST00435" HPOS="602" VPOS="2487" WIDTH="145" HEIGHT="44" CONTENT="iarent" WC="0.72" CC="060045"/>
						<SP ID="P81_SP00401" HPOS="747" VPOS="2531" WIDTH="26"/>
						<String ID="P81_ST00436" HPOS="773" VPOS="2498" WIDTH="47" HEIGHT="35" CONTENT="et" WC="0.86" CC="20"/>
						<SP ID="P81_SP00402" HPOS="820" VPOS="2533" WIDTH="26"/>
						<String ID="P81_ST00437" HPOS="846" VPOS="2487" WIDTH="66" HEIGHT="48" CONTENT="O." WC="0.78" CC="04"/>
						<SP ID="P81_SP00403" HPOS="912" VPOS="2535" WIDTH="24"/>
						<String ID="P81_ST00438" HPOS="936" VPOS="2488" WIDTH="141" HEIGHT="46" CONTENT="Roels" WC="0.83" CC="40030"/>
						<SP ID="P81_SP00404" HPOS="1077" VPOS="2535" WIDTH="27"/>
						<String ID="P81_ST00439" HPOS="1104" VPOS="2489" WIDTH="300" HEIGHT="46" CONTENT="manifestent" WC="0.99" CC="00803404055"/>
						<SP ID="P81_SP00405" HPOS="1404" VPOS="2535" WIDTH="26"/>
						<String ID="P81_ST00440" HPOS="1430" VPOS="2489" WIDTH="64" HEIGHT="47" CONTENT="les" WC="0.99" CC="003"/>
						<SP ID="P81_SP00406" HPOS="1494" VPOS="2536" WIDTH="25"/>
						<String ID="P81_ST00441" HPOS="1519" VPOS="2492" WIDTH="252" HEIGHT="47" CONTENT="tendances" WC="1.00" CC="400070000"/>
						<SP ID="P81_SP00407" HPOS="1771" VPOS="2539" WIDTH="28"/>
						<String ID="P81_ST00442" HPOS="1799" VPOS="2492" WIDTH="62" HEIGHT="47" CONTENT="les" WC="0.97" CC="340"/>
						<SP ID="P81_SP00408" HPOS="1861" VPOS="2539" WIDTH="25"/>
						<String ID="P81_ST00443" HPOS="1886" VPOS="2493" WIDTH="103" HEIGHT="61" CONTENT="plus" WC="0.99" CC="0400"/>
						<SP ID="P81_SP00409" HPOS="1989" VPOS="2554" WIDTH="26"/>
						<String ID="P81_ST00444" HPOS="2015" VPOS="2494" WIDTH="209" HEIGHT="47" CONTENT="diverses." WC="1.00" CC="004040000"/>
						<SP ID="P81_SP00410" HPOS="2224" VPOS="2554" WIDTH="21"/>
						<String ID="P81_ST00445" HPOS="2245" VPOS="2494" WIDTH="154" HEIGHT="46" CONTENT="Parmi" WC="0.98" CC="60600"/>
						<SP ID="P81_SP00411" HPOS="2399" VPOS="2554" WIDTH="30"/>
						<String ID="P81_ST00446" HPOS="2429" VPOS="2494" WIDTH="62" HEIGHT="47" CONTENT="les" WC="0.97" CC="501"/>
						<SP ID="P81_SP00412" HPOS="2491" VPOS="2554" WIDTH="25"/>
						<String ID="P81_ST00447" HPOS="2516" VPOS="2496" WIDTH="102" HEIGHT="61" CONTENT="plus" WC="0.99" CC="0400"/>
						<SP ID="P81_SP00413" HPOS="2618" VPOS="2557" WIDTH="24"/>
						<String ID="P81_ST00448" HPOS="2642" VPOS="2497" WIDTH="305" HEIGHT="61" CONTENT="remarquées," WC="0.99" CC="53090000114"/>
					</TextLine>
					<TextLine ID="P81_TL00033" HPOS="430" VPOS="2555" WIDTH="2518" HEIGHT="70">
						<String ID="P81_ST00449" HPOS="430" VPOS="2555" WIDTH="45" HEIGHT="63" CONTENT="je" WC="1.00" CC="00"/>
						<SP ID="P81_SP00414" HPOS="475" VPOS="2618" WIDTH="45"/>
						<String ID="P81_ST00450" HPOS="520" VPOS="2557" WIDTH="155" HEIGHT="44" CONTENT="citerai" WC="1.00" CC="0000001"/>
						<SP ID="P81_SP00415" HPOS="675" VPOS="2618" WIDTH="44"/>
						<String ID="P81_ST00451" HPOS="719" VPOS="2555" WIDTH="230" HEIGHT="63" CONTENT="l'esquisse" WC="1.00" CC="3200004000"/>
						<SP ID="P81_SP00416" HPOS="949" VPOS="2618" WIDTH="43"/>
						<String ID="P81_ST00452" HPOS="992" VPOS="2559" WIDTH="358" HEIGHT="61" CONTENT="symphonique," WC="0.97" CC="000000030000"/>
						<SP ID="P81_SP00417" HPOS="1350" VPOS="2620" WIDTH="41"/>
						<String ID="P81_ST00453" HPOS="1391" VPOS="2559" WIDTH="177" HEIGHT="61" CONTENT="d'après" WC="0.99" CC="0100071"/>
						<SP ID="P81_SP00418" HPOS="1568" VPOS="2620" WIDTH="43"/>
						<String ID="P81_ST00454" HPOS="1611" VPOS="2580" WIDTH="62" HEIGHT="28" CONTENT="un" WC="1.00" CC="00"/>
						<SP ID="P81_SP00419" HPOS="1673" VPOS="2620" WIDTH="42"/>
						<String ID="P81_ST00455" HPOS="1715" VPOS="2562" WIDTH="164" HEIGHT="59" CONTENT="poème" WC="0.99" CC="00600"/>
						<SP ID="P81_SP00420" HPOS="1879" VPOS="2621" WIDTH="39"/>
						<String ID="P81_ST00456" HPOS="1918" VPOS="2563" WIDTH="53" HEIGHT="46" CONTENT="de" WC="1.00" CC="00"/>
						<SP ID="P81_SP00421" HPOS="1971" VPOS="2621" WIDTH="41"/>
						<String ID="P81_ST00457" HPOS="2012" VPOS="2563" WIDTH="212" HEIGHT="47" CONTENT="Leconte" WC="0.88" CC="0000340"/>
						<SP ID="P81_SP00422" HPOS="2224" VPOS="2621" WIDTH="40"/>
						<String ID="P81_ST00458" HPOS="2264" VPOS="2564" WIDTH="55" HEIGHT="46" CONTENT="de" WC="0.90" CC="02"/>
						<SP ID="P81_SP00423" HPOS="2319" VPOS="2621" WIDTH="39"/>
						<String ID="P81_ST00459" HPOS="2358" VPOS="2564" WIDTH="142" HEIGHT="61" CONTENT="Lisle," WC="0.87" CC="000502"/>
						<SP ID="P81_SP00424" HPOS="2500" VPOS="2625" WIDTH="40"/>
						<String ID="P81_ST00460" HPOS="2540" VPOS="2564" WIDTH="31" HEIGHT="47" CONTENT="Y" WC="0.18" CC="8" STYLEREFS="TXT_3"/>
						<SP ID="P81_SP00425" HPOS="2571" VPOS="2625" WIDTH="9"/>
						<String ID="P81_ST00461" HPOS="2580" VPOS="2564" WIDTH="118" HEIGHT="49" CONTENT="Orbe" WC="0.97" CC="4047" STYLEREFS="TXT_3"/>
						<SP ID="P81_SP00426" HPOS="2698" VPOS="2625" WIDTH="199"/>
						<String ID="P81_ST00462" HPOS="2897" VPOS="2568" WIDTH="51" HEIGHT="45" CONTENT="de" WC="1.00" CC="00"/>
					</TextLine>
					<TextLine ID="P81_TL00034" HPOS="437" VPOS="2623" WIDTH="2510" HEIGHT="73">
						<String ID="P81_ST00463" HPOS="437" VPOS="2624" WIDTH="77" HEIGHT="46" CONTENT="M." WC="0.79" CC="04"/>
						<SP ID="P81_SP00427" HPOS="514" VPOS="2670" WIDTH="30"/>
						<String ID="P81_ST00464" HPOS="544" VPOS="2623" WIDTH="184" HEIGHT="48" CONTENT="Dorsan" WC="0.80" CC="500005"/>
						<SP ID="P81_SP00428" HPOS="728" VPOS="2671" WIDTH="38"/>
						<String ID="P81_ST00465" HPOS="766" VPOS="2643" WIDTH="88" HEIGHT="29" CONTENT="van" WC="0.94" CC="088"/>
						<SP ID="P81_SP00429" HPOS="854" VPOS="2672" WIDTH="41"/>
						<String ID="P81_ST00466" HPOS="895" VPOS="2627" WIDTH="304" HEIGHT="63" CONTENT="Reysschoot," WC="0.84" CC="20900000004"/>
						<SP ID="P81_SP00430" HPOS="1199" VPOS="2690" WIDTH="38"/>
						<String ID="P81_ST00467" HPOS="1237" VPOS="2629" WIDTH="78" HEIGHT="60" CONTENT="qui" WC="0.98" CC="006"/>
						<SP ID="P81_SP00431" HPOS="1315" VPOS="2690" WIDTH="38"/>
						<String ID="P81_ST00468" HPOS="1353" VPOS="2646" WIDTH="46" HEIGHT="29" CONTENT="se" WC="0.98" CC="00"/>
						<SP ID="P81_SP00432" HPOS="1399" VPOS="2690" WIDTH="38"/>
						<String ID="P81_ST00469" HPOS="1437" VPOS="2632" WIDTH="204" HEIGHT="44" CONTENT="rattache" WC="0.99" CC="00336030"/>
						<SP ID="P81_SP00433" HPOS="1641" VPOS="2690" WIDTH="38"/>
						<String ID="P81_ST00470" HPOS="1679" VPOS="2632" WIDTH="296" HEIGHT="45" CONTENT="visiblement" WC="1.00" CC="00001500040"/>
						<SP ID="P81_SP00434" HPOS="1975" VPOS="2690" WIDTH="36"/>
						<String ID="P81_ST00471" HPOS="2011" VPOS="2632" WIDTH="25" HEIGHT="47" CONTENT="à" WC="0.18" CC="8"/>
						<SP ID="P81_SP00435" HPOS="2036" VPOS="2690" WIDTH="38"/>
						<String ID="P81_ST00472" HPOS="2074" VPOS="2633" WIDTH="44" HEIGHT="46" CONTENT="la" WC="0.65" CC="51"/>
						<SP ID="P81_SP00436" HPOS="2118" VPOS="2690" WIDTH="31"/>
						<String ID="P81_ST00473" HPOS="2149" VPOS="2634" WIDTH="143" HEIGHT="62" CONTENT="jeune" WC="1.00" CC="30000"/>
						<SP ID="P81_SP00437" HPOS="2292" VPOS="2696" WIDTH="38"/>
						<String ID="P81_ST00474" HPOS="2330" VPOS="2633" WIDTH="127" HEIGHT="47" CONTENT="école" WC="0.99" CC="50000"/>
						<SP ID="P81_SP00438" HPOS="2457" VPOS="2696" WIDTH="39"/>
						<String ID="P81_ST00475" HPOS="2496" VPOS="2635" WIDTH="221" HEIGHT="59" CONTENT="française" WC="1.00" CC="000104000"/>
						<SP ID="P81_SP00439" HPOS="2717" VPOS="2696" WIDTH="39"/>
						<String ID="P81_ST00476" HPOS="2756" VPOS="2654" WIDTH="79" HEIGHT="42" CONTENT="par" WC="0.97" CC="060"/>
						<SP ID="P81_SP00440" HPOS="2835" VPOS="2696" WIDTH="33"/>
						<String ID="P81_ST00477" HPOS="2868" VPOS="2653" WIDTH="79" HEIGHT="29" CONTENT="son" WC="0.97" CC="024"/>
					</TextLine>
					<TextLine ID="P81_TL00035" HPOS="435" VPOS="2694" WIDTH="2513" HEIGHT="75">
						<String ID="P81_ST00478" HPOS="435" VPOS="2694" WIDTH="263" HEIGHT="61" CONTENT="originalité" WC="1.00" CC="02000500015"/>
						<SP ID="P81_SP00441" HPOS="698" VPOS="2755" WIDTH="26"/>
						<String ID="P81_ST00479" HPOS="724" VPOS="2696" WIDTH="306" HEIGHT="61" CONTENT="harmonique" WC="1.00" CC="1000050000"/>
						<SP ID="P81_SP00442" HPOS="1030" VPOS="2757" WIDTH="26"/>
						<String ID="P81_ST00480" HPOS="1056" VPOS="2709" WIDTH="46" HEIGHT="33" CONTENT="et" WC="0.74" CC="05"/>
						<SP ID="P81_SP00443" HPOS="1102" VPOS="2757" WIDTH="24"/>
						<String ID="P81_ST00481" HPOS="1126" VPOS="2715" WIDTH="47" HEIGHT="28" CONTENT="sa" WC="1.00" CC="00"/>
						<SP ID="P81_SP00444" HPOS="1173" VPOS="2757" WIDTH="36"/>
						<String ID="P81_ST00482" HPOS="1209" VPOS="2699" WIDTH="178" HEIGHT="46" CONTENT="fluidité" WC="1.00" CC="00000004"/>
						<SP ID="P81_SP00445" HPOS="1387" VPOS="2757" WIDTH="27"/>
						<String ID="P81_ST00483" HPOS="1414" VPOS="2698" WIDTH="401" HEIGHT="63" CONTENT="d'orchestration," WC="1.00" CC="0000030000020003"/>
						<SP ID="P81_SP00446" HPOS="1815" VPOS="2761" WIDTH="121"/>
						<String ID="P81_ST00484" HPOS="1936" VPOS="2721" WIDTH="66" HEIGHT="27" CONTENT="un" WC="1.00" CC="00"/>
						<SP ID="P81_SP00447" HPOS="2002" VPOS="2761" WIDTH="41"/>
						<String ID="P81_ST00485" HPOS="2043" VPOS="2705" WIDTH="115" HEIGHT="45" CONTENT="beau" WC="1.00" CC="0000"/>
						<SP ID="P81_SP00448" HPOS="2158" VPOS="2761" WIDTH="40"/>
						<String ID="P81_ST00486" HPOS="2198" VPOS="2704" WIDTH="163" HEIGHT="60" CONTENT="poème" WC="0.99" CC="00420"/>
						<SP ID="P81_SP00449" HPOS="2361" VPOS="2764" WIDTH="38"/>
						<String ID="P81_ST00487" HPOS="2399" VPOS="2707" WIDTH="345" HEIGHT="62" CONTENT="symphonique" WC="0.97" CC="00000300000"/>
						<SP ID="P81_SP00450" HPOS="2744" VPOS="2769" WIDTH="39"/>
						<String ID="P81_ST00488" HPOS="2783" VPOS="2707" WIDTH="88" HEIGHT="45" CONTENT="Sur" WC="0.97" CC="510" STYLEREFS="TXT_3"/>
						<SP ID="P81_SP00451" HPOS="2871" VPOS="2769" WIDTH="35"/>
						<String ID="P81_ST00489" HPOS="2906" VPOS="2708" WIDTH="42" HEIGHT="44" CONTENT="la" WC="1.00" CC="00" STYLEREFS="TXT_3"/>
					</TextLine>
					<TextLine ID="P81_TL00036" HPOS="453" VPOS="2765" WIDTH="2496" HEIGHT="70">
						<String ID="P81_ST00490" HPOS="453" VPOS="2775" WIDTH="223" HEIGHT="50" CONTENT="montagne" WC="0.99" CC="03010411" STYLEREFS="TXT_3"/>
						<SP ID="P81_SP00452" HPOS="676" VPOS="2825" WIDTH="9"/>
						<String ID="P81_ST00491" HPOS="685" VPOS="2765" WIDTH="192" HEIGHT="61" CONTENT="(d'après" WC="0.99" CC="70100500"/>
						<SP ID="P81_SP00453" HPOS="877" VPOS="2826" WIDTH="24"/>
						<String ID="P81_ST00492" HPOS="901" VPOS="2766" WIDTH="168" HEIGHT="47" CONTENT="Victor" WC="0.99" CC="040603"/>
						<SP ID="P81_SP00454" HPOS="1069" VPOS="2826" WIDTH="27"/>
						<String ID="P81_ST00493" HPOS="1096" VPOS="2768" WIDTH="177" HEIGHT="62" CONTENT="Hugo)," WC="0.99" CC="500070"/>
						<SP ID="P81_SP00455" HPOS="1273" VPOS="2830" WIDTH="28"/>
						<String ID="P81_ST00494" HPOS="1301" VPOS="2769" WIDTH="56" HEIGHT="46" CONTENT="de" WC="1.00" CC="00"/>
						<SP ID="P81_SP00456" HPOS="1357" VPOS="2830" WIDTH="28"/>
						<String ID="P81_ST00495" HPOS="1385" VPOS="2769" WIDTH="75" HEIGHT="47" CONTENT="M." WC="0.79" CC="04"/>
						<SP ID="P81_SP00457" HPOS="1460" VPOS="2830" WIDTH="30"/>
						<String ID="P81_ST00496" HPOS="1490" VPOS="2769" WIDTH="113" HEIGHT="47" CONTENT="Paul" WC="0.98" CC="6001"/>
						<SP ID="P81_SP00458" HPOS="1603" VPOS="2830" WIDTH="28"/>
						<String ID="P81_ST00497" HPOS="1631" VPOS="2770" WIDTH="193" HEIGHT="47" CONTENT="Lebrun" WC="1.00" CC="002000"/>
						<SP ID="P81_SP00459" HPOS="1824" VPOS="2830" WIDTH="27"/>
						<String ID="P81_ST00498" HPOS="1851" VPOS="2774" WIDTH="79" HEIGHT="61" CONTENT="qui" WC="0.98" CC="005"/>
						<SP ID="P81_SP00460" HPOS="1930" VPOS="2835" WIDTH="34"/>
						<String ID="P81_ST00499" HPOS="1964" VPOS="2771" WIDTH="288" HEIGHT="64" CONTENT="s'apparente" WC="1.00" CC="00000000050"/>
						<SP ID="P81_SP00461" HPOS="2252" VPOS="2835" WIDTH="41"/>
						<String ID="P81_ST00500" HPOS="2293" VPOS="2774" WIDTH="151" HEIGHT="61" CONTENT="plutôt" WC="0.99" CC="010061"/>
						<SP ID="P81_SP00462" HPOS="2444" VPOS="2835" WIDTH="37"/>
						<String ID="P81_ST00501" HPOS="2481" VPOS="2793" WIDTH="90" HEIGHT="29" CONTENT="aux" WC="0.99" CC="030"/>
						<SP ID="P81_SP00463" HPOS="2571" VPOS="2835" WIDTH="39"/>
						<String ID="P81_ST00502" HPOS="2610" VPOS="2776" WIDTH="311" HEIGHT="46" CONTENT="néo-romanti" SUBS_TYPE="HypPart1" SUBS_CONTENT="néo-romantiques" WC="0.99" CC="47032209000"/>
						<HYP HPOS="2921" VPOS="2776" WIDTH="28" CONTENT="-"/>
					</TextLine>
					<TextLine ID="P81_TL00037" HPOS="436" VPOS="2834" WIDTH="2512" HEIGHT="74">
						<String ID="P81_ST00503" HPOS="436" VPOS="2850" WIDTH="112" HEIGHT="45" CONTENT="ques" SUBS_TYPE="HypPart2" SUBS_CONTENT="néo-romantiques" WC="0.98" CC="6200"/>
						<SP ID="P81_SP00464" HPOS="548" VPOS="2895" WIDTH="35"/>
						<String ID="P81_ST00504" HPOS="583" VPOS="2834" WIDTH="270" HEIGHT="61" CONTENT="allemands," WC="1.00" CC="0030204004"/>
						<SP ID="P81_SP00465" HPOS="853" VPOS="2895" WIDTH="143"/>
						<String ID="P81_ST00505" HPOS="996" VPOS="2848" WIDTH="46" HEIGHT="34" CONTENT="et" WC="0.75" CC="05"/>
						<SP ID="P81_SP00466" HPOS="1042" VPOS="2895" WIDTH="35"/>
						<String ID="P81_ST00506" HPOS="1077" VPOS="2854" WIDTH="65" HEIGHT="28" CONTENT="un" WC="1.00" CC="00"/>
						<SP ID="P81_SP00467" HPOS="1142" VPOS="2895" WIDTH="37"/>
						<String ID="P81_ST00507" HPOS="1179" VPOS="2839" WIDTH="234" HEIGHT="61" CONTENT="fragment" WC="1.00" CC="00000032"/>
						<SP ID="P81_SP00468" HPOS="1413" VPOS="2900" WIDTH="38"/>
						<String ID="P81_ST00508" HPOS="1451" VPOS="2839" WIDTH="263" HEIGHT="61" CONTENT="d'oratorio," WC="1.00" CC="00004320002"/>
						<SP ID="P81_SP00469" HPOS="1714" VPOS="2900" WIDTH="635"/>
						<String ID="P81_ST00509" HPOS="2349" VPOS="2844" WIDTH="59" HEIGHT="62" CONTENT="(la" WC="1.00" CC="000"/>
						<SP ID="P81_SP00470" HPOS="2408" VPOS="2906" WIDTH="37"/>
						<String ID="P81_ST00510" HPOS="2445" VPOS="2845" WIDTH="123" HEIGHT="46" CONTENT="Nuit" WC="0.98" CC="0061"/>
						<SP ID="P81_SP00471" HPOS="2568" VPOS="2906" WIDTH="37"/>
						<String ID="P81_ST00511" HPOS="2605" VPOS="2846" WIDTH="262" HEIGHT="62" CONTENT="flamande)," WC="1.00" CC="0000070003"/>
						<SP ID="P81_SP00472" HPOS="2867" VPOS="2908" WIDTH="29"/>
						<String ID="P81_ST00512" HPOS="2896" VPOS="2846" WIDTH="52" HEIGHT="46" CONTENT="de" WC="0.64" CC="07"/>
					</TextLine>
					<TextLine ID="P81_TL00038" HPOS="436" VPOS="2901" WIDTH="2512" HEIGHT="76">
						<String ID="P81_ST00513" HPOS="436" VPOS="2901" WIDTH="78" HEIGHT="49" CONTENT="M." WC="1.00" CC="00"/>
						<SP ID="P81_SP00473" HPOS="514" VPOS="2950" WIDTH="29"/>
						<String ID="P81_ST00514" HPOS="543" VPOS="2902" WIDTH="151" HEIGHT="48" CONTENT="Oscar" WC="1.00" CC="00000"/>
						<SP ID="P81_SP00474" HPOS="694" VPOS="2950" WIDTH="28"/>
						<String ID="P81_ST00515" HPOS="722" VPOS="2903" WIDTH="153" HEIGHT="61" CONTENT="Roels," WC="0.96" CC="000002"/>
						<SP ID="P81_SP00475" HPOS="875" VPOS="2964" WIDTH="27"/>
						<String ID="P81_ST00516" HPOS="902" VPOS="2922" WIDTH="159" HEIGHT="30" CONTENT="œuvre" WC="0.99" CC="20500"/>
						<SP ID="P81_SP00476" HPOS="1061" VPOS="2964" WIDTH="27"/>
						<String ID="P81_ST00517" HPOS="1088" VPOS="2907" WIDTH="228" HEIGHT="60" CONTENT="puissante" WC="1.00" CC="000000000"/>
						<SP ID="P81_SP00477" HPOS="1316" VPOS="2967" WIDTH="28"/>
						<String ID="P81_ST00518" HPOS="1344" VPOS="2920" WIDTH="45" HEIGHT="34" CONTENT="et" WC="0.73" CC="05"/>
						<SP ID="P81_SP00478" HPOS="1389" VPOS="2967" WIDTH="25"/>
						<String ID="P81_ST00519" HPOS="1414" VPOS="2908" WIDTH="199" HEIGHT="63" CONTENT="colorée," WC="0.99" CC="00200604"/>
						<SP ID="P81_SP00479" HPOS="1613" VPOS="2971" WIDTH="28"/>
						<String ID="P81_ST00520" HPOS="1641" VPOS="2911" WIDTH="245" HEIGHT="46" CONTENT="trahissant" WC="1.00" CC="1000000004"/>
						<SP ID="P81_SP00480" HPOS="1886" VPOS="2971" WIDTH="27"/>
						<String ID="P81_ST00521" HPOS="1913" VPOS="2911" WIDTH="265" HEIGHT="48" CONTENT="l'influence" WC="1.00" CC="30000000000"/>
						<SP ID="P81_SP00481" HPOS="2178" VPOS="2971" WIDTH="28"/>
						<String ID="P81_ST00522" HPOS="2206" VPOS="2914" WIDTH="55" HEIGHT="45" CONTENT="de" WC="1.00" CC="00"/>
						<SP ID="P81_SP00482" HPOS="2261" VPOS="2971" WIDTH="28"/>
						<String ID="P81_ST00523" HPOS="2289" VPOS="2915" WIDTH="215" HEIGHT="62" CONTENT="Wagner" WC="0.99" CC="406000"/>
						<SP ID="P81_SP00483" HPOS="2504" VPOS="2977" WIDTH="26"/>
						<String ID="P81_ST00524" HPOS="2530" VPOS="2926" WIDTH="46" HEIGHT="36" CONTENT="et" WC="0.90" CC="02"/>
						<SP ID="P81_SP00484" HPOS="2576" VPOS="2977" WIDTH="27"/>
						<String ID="P81_ST00525" HPOS="2603" VPOS="2915" WIDTH="54" HEIGHT="47" CONTENT="de" WC="0.77" CC="40"/>
						<SP ID="P81_SP00485" HPOS="2657" VPOS="2977" WIDTH="29"/>
						<String ID="P81_ST00526" HPOS="2686" VPOS="2916" WIDTH="186" HEIGHT="61" CONTENT="Benoit," WC="0.99" CC="0000052"/>
						<SP ID="P81_SP00486" HPOS="2872" VPOS="2977" WIDTH="37"/>
						<String ID="P81_ST00527" HPOS="2909" VPOS="2916" WIDTH="39" HEIGHT="46" CONTENT="le" WC="0.82" CC="30"/>
					</TextLine>
					<TextLine ID="P81_TL00039" HPOS="436" VPOS="2973" WIDTH="579" HEIGHT="61">
						<String ID="P81_ST00528" HPOS="436" VPOS="2973" WIDTH="145" HEIGHT="61" CONTENT="grand" WC="1.00" CC="00000"/>
						<SP ID="P81_SP00487" HPOS="581" VPOS="3034" WIDTH="27"/>
						<String ID="P81_ST00529" HPOS="608" VPOS="2973" WIDTH="163" HEIGHT="46" CONTENT="maître" WC="1.00" CC="003100"/>
						<SP ID="P81_SP00488" HPOS="771" VPOS="3034" WIDTH="27"/>
						<String ID="P81_ST00530" HPOS="798" VPOS="2975" WIDTH="217" HEIGHT="48" CONTENT="flamand." WC="1.00" CC="00000204"/>
					</TextLine>
					<TextLine ID="P81_TL00040" HPOS="2239" VPOS="3079" WIDTH="572" HEIGHT="52">
						<String ID="P81_ST00531" HPOS="2239" VPOS="3079" WIDTH="50" HEIGHT="48" CONTENT="D" WC="1.00" CC="0" STYLEREFS="TXT_4"/>
						<String ID="P81_ST00532" HPOS="2294" VPOS="3082" WIDTH="15" HEIGHT="20" CONTENT="R" STYLE="superscript" WC="0.23" CC="7" STYLEREFS="TXT_4"/>
						<SP ID="P81_SP00489" HPOS="2309" VPOS="3127" WIDTH="26"/>
						<String ID="P81_ST00533" HPOS="2335" VPOS="3079" WIDTH="139" HEIGHT="48" CONTENT="PAUL" WC="0.95" CC="4547" STYLEREFS="TXT_4"/>
						<SP ID="P81_SP00490" HPOS="2474" VPOS="3127" WIDTH="39"/>
						<String ID="P81_ST00534" HPOS="2513" VPOS="3080" WIDTH="298" HEIGHT="51" CONTENT="BERGMANS." WC="0.75" CC="612004204" STYLEREFS="TXT_4"/>
					</TextLine>
				</TextBlock>
				<TextBlock ID="P81_TB00003" HPOS="433" VPOS="3245" WIDTH="2518" HEIGHT="416" STYLEREFS="TXT_1 PAR_BLOCK">
					<TextLine ID="P81_TL00041" HPOS="577" VPOS="3246" WIDTH="2370" HEIGHT="68">
						<String ID="P81_ST00535" HPOS="577" VPOS="3246" WIDTH="188" HEIGHT="47" CONTENT="Février" WC="0.98" CC="0661515" STYLEREFS="TXT_3"/>
						<SP ID="P81_SP00491" HPOS="765" VPOS="3293" WIDTH="22"/>
						<String ID="P81_ST00536" HPOS="787" VPOS="3265" WIDTH="14" HEIGHT="29" CONTENT=":" WC="0.81" CC="1" STYLEREFS="TXT_3"/>
						<SP ID="P81_SP00492" HPOS="801" VPOS="3294" WIDTH="17"/>
						<String ID="P81_ST00537" HPOS="818" VPOS="3247" WIDTH="70" HEIGHT="48" CONTENT="La" WC="0.64" CC="15"/>
						<SP ID="P81_SP00493" HPOS="888" VPOS="3295" WIDTH="19"/>
						<String ID="P81_ST00538" HPOS="907" VPOS="3248" WIDTH="244" HEIGHT="48" CONTENT="Neuvième" WC="0.99" CC="13063800" STYLEREFS="TXT_3"/>
						<SP ID="P81_SP00494" HPOS="1151" VPOS="3296" WIDTH="25"/>
						<String ID="P81_ST00539" HPOS="1176" VPOS="3250" WIDTH="250" HEIGHT="64" CONTENT="Symphonie" WC="0.98" CC="795466554" STYLEREFS="TXT_3"/>
						<SP ID="P81_SP00495" HPOS="1426" VPOS="3314" WIDTH="18"/>
						<String ID="P81_ST00540" HPOS="1444" VPOS="3252" WIDTH="19" HEIGHT="46" CONTENT="!" WC="0.94" CC="0" STYLEREFS="TXT_3"/>
						<SP ID="P81_SP00496" HPOS="1463" VPOS="3314" WIDTH="26"/>
						<String ID="P81_ST00541" HPOS="1489" VPOS="3253" WIDTH="164" HEIGHT="47" CONTENT="Fidélio" WC="0.62" CC="0207536" STYLEREFS="TXT_3"/>
						<SP ID="P81_SP00497" HPOS="1653" VPOS="3314" WIDTH="21"/>
						<String ID="P81_ST00542" HPOS="1674" VPOS="3253" WIDTH="19" HEIGHT="47" CONTENT="!" WC="0.88" CC="1" STYLEREFS="TXT_3"/>
						<SP ID="P81_SP00498" HPOS="1693" VPOS="3314" WIDTH="26"/>
						<String ID="P81_ST00543" HPOS="1719" VPOS="3255" WIDTH="139" HEIGHT="47" CONTENT="Voilà" WC="0.97" CC="60455"/>
						<SP ID="P81_SP00499" HPOS="1858" VPOS="3314" WIDTH="19"/>
						<String ID="P81_ST00544" HPOS="1877" VPOS="3256" WIDTH="42" HEIGHT="46" CONTENT="le" WC="0.79" CC="40"/>
						<SP ID="P81_SP00500" HPOS="1919" VPOS="3314" WIDTH="21"/>
						<String ID="P81_ST00545" HPOS="1940" VPOS="3270" WIDTH="379" HEIGHT="35" CONTENT="couronnement" WC="0.99" CC="046002604044"/>
						<SP ID="P81_SP00501" HPOS="2319" VPOS="3314" WIDTH="26"/>
						<String ID="P81_ST00546" HPOS="2345" VPOS="3260" WIDTH="54" HEIGHT="45" CONTENT="de" WC="0.69" CC="60"/>
						<SP ID="P81_SP00502" HPOS="2399" VPOS="3314" WIDTH="21"/>
						<String ID="P81_ST00547" HPOS="2420" VPOS="3259" WIDTH="43" HEIGHT="47" CONTENT="la" WC="0.69" CC="06"/>
						<SP ID="P81_SP00503" HPOS="2463" VPOS="3314" WIDTH="17"/>
						<String ID="P81_ST00548" HPOS="2480" VPOS="3260" WIDTH="160" HEIGHT="47" CONTENT="Saison" WC="1.00" CC="003000"/>
						<SP ID="P81_SP00504" HPOS="2640" VPOS="3314" WIDTH="22"/>
						<String ID="P81_ST00549" HPOS="2662" VPOS="3261" WIDTH="285" HEIGHT="48" CONTENT="Beethoven." WC="0.99" CC="4105115097"/>
					</TextLine>
					<TextLine ID="P81_TL00042" HPOS="438" VPOS="3316" WIDTH="2512" HEIGHT="69">
						<String ID="P81_ST00550" HPOS="438" VPOS="3316" WIDTH="86" HEIGHT="48" CONTENT="On" WC="1.00" CC="00"/>
						<SP ID="P81_SP00505" HPOS="524" VPOS="3364" WIDTH="27"/>
						<String ID="P81_ST00551" HPOS="551" VPOS="3335" WIDTH="25" HEIGHT="28" CONTENT="a" WC="0.02" CC="9"/>
						<SP ID="P81_SP00506" HPOS="576" VPOS="3364" WIDTH="26"/>
						<String ID="P81_ST00552" HPOS="602" VPOS="3329" WIDTH="104" HEIGHT="34" CONTENT="tout" WC="0.99" CC="0060"/>
						<SP ID="P81_SP00507" HPOS="706" VPOS="3364" WIDTH="25"/>
						<String ID="P81_ST00553" HPOS="731" VPOS="3319" WIDTH="66" HEIGHT="44" CONTENT="dit" WC="0.97" CC="240"/>
						<SP ID="P81_SP00508" HPOS="797" VPOS="3364" WIDTH="19"/>
						<String ID="P81_ST00554" HPOS="816" VPOS="3336" WIDTH="149" HEIGHT="28" CONTENT="—on" WC="0.91" CC="850"/>
						<SP ID="P81_SP00509" HPOS="965" VPOS="3364" WIDTH="22"/>
						<String ID="P81_ST00555" HPOS="987" VPOS="3337" WIDTH="25" HEIGHT="27" CONTENT="a" WC="1.00" CC="0"/>
						<SP ID="P81_SP00510" HPOS="1012" VPOS="3364" WIDTH="20"/>
						<String ID="P81_ST00556" HPOS="1032" VPOS="3331" WIDTH="101" HEIGHT="50" CONTENT="trop" WC="1.00" CC="0000"/>
						<SP ID="P81_SP00511" HPOS="1133" VPOS="3381" WIDTH="28"/>
						<String ID="P81_ST00557" HPOS="1161" VPOS="3322" WIDTH="66" HEIGHT="44" CONTENT="dit" WC="0.95" CC="066"/>
						<SP ID="P81_SP00512" HPOS="1227" VPOS="3381" WIDTH="120"/>
						<String ID="P81_ST00558" HPOS="1347" VPOS="3323" WIDTH="54" HEIGHT="45" CONTENT="de" WC="0.95" CC="00"/>
						<SP ID="P81_SP00513" HPOS="1401" VPOS="3381" WIDTH="28"/>
						<String ID="P81_ST00559" HPOS="1429" VPOS="3323" WIDTH="42" HEIGHT="45" CONTENT="la" WC="1.00" CC="00"/>
						<SP ID="P81_SP00514" HPOS="1471" VPOS="3381" WIDTH="119"/>
						<String ID="P81_ST00560" HPOS="1590" VPOS="3325" WIDTH="225" HEIGHT="60" CONTENT="première" WC="0.99" CC="07064710"/>
						<SP ID="P81_SP00515" HPOS="1815" VPOS="3385" WIDTH="28"/>
						<String ID="P81_ST00561" HPOS="1843" VPOS="3327" WIDTH="54" HEIGHT="45" CONTENT="de" WC="1.00" CC="00"/>
						<SP ID="P81_SP00516" HPOS="1897" VPOS="3385" WIDTH="28"/>
						<String ID="P81_ST00562" HPOS="1925" VPOS="3344" WIDTH="76" HEIGHT="29" CONTENT="ces" WC="1.00" CC="000"/>
						<SP ID="P81_SP00517" HPOS="2001" VPOS="3385" WIDTH="26"/>
						<String ID="P81_ST00563" HPOS="2027" VPOS="3328" WIDTH="228" HEIGHT="47" CONTENT="créations" WC="1.00" CC="007006000"/>
						<SP ID="P81_SP00518" HPOS="2255" VPOS="3385" WIDTH="25"/>
						<String ID="P81_ST00564" HPOS="2280" VPOS="3329" WIDTH="234" HEIGHT="48" CONTENT="sublimes." WC="1.00" CC="000230004"/>
						<SP ID="P81_SP00519" HPOS="2514" VPOS="3385" WIDTH="42"/>
						<String ID="P81_ST00565" HPOS="2556" VPOS="3331" WIDTH="193" HEIGHT="47" CONTENT="Devant" WC="1.00" CC="100000"/>
						<SP ID="P81_SP00520" HPOS="2749" VPOS="3385" WIDTH="26"/>
						<String ID="P81_ST00566" HPOS="2775" VPOS="3333" WIDTH="54" HEIGHT="45" CONTENT="de" WC="1.00" CC="00"/>
						<SP ID="P81_SP00521" HPOS="2829" VPOS="3385" WIDTH="40"/>
						<String ID="P81_ST00567" HPOS="2869" VPOS="3332" WIDTH="81" HEIGHT="47" CONTENT="tels" WC="1.00" CC="0001"/>
					</TextLine>
					<TextLine ID="P81_TL00043" HPOS="437" VPOS="3387" WIDTH="2513" HEIGHT="71">
						<String ID="P81_ST00568" HPOS="437" VPOS="3399" WIDTH="318" HEIGHT="48" CONTENT="monuments," WC="1.00" CC="0000000054"/>
						<SP ID="P81_SP00522" HPOS="755" VPOS="3447" WIDTH="30"/>
						<String ID="P81_ST00569" HPOS="785" VPOS="3387" WIDTH="96" HEIGHT="47" CONTENT="l'on" WC="0.99" CC="0400"/>
						<SP ID="P81_SP00523" HPOS="881" VPOS="3447" WIDTH="26"/>
						<String ID="P81_ST00570" HPOS="907" VPOS="3406" WIDTH="45" HEIGHT="28" CONTENT="se" WC="1.00" CC="00"/>
						<SP ID="P81_SP00524" HPOS="952" VPOS="3447" WIDTH="26"/>
						<String ID="P81_ST00571" HPOS="978" VPOS="3390" WIDTH="218" HEIGHT="47" CONTENT="recueille" WC="1.00" CC="000002510"/>
						<SP ID="P81_SP00525" HPOS="1196" VPOS="3447" WIDTH="26"/>
						<String ID="P81_ST00572" HPOS="1222" VPOS="3403" WIDTH="46" HEIGHT="34" CONTENT="et" WC="1.00" CC="00"/>
						<SP ID="P81_SP00526" HPOS="1268" VPOS="3447" WIDTH="27"/>
						<String ID="P81_ST00573" HPOS="1295" VPOS="3391" WIDTH="94" HEIGHT="47" CONTENT="l'on" WC="0.98" CC="0440"/>
						<SP ID="P81_SP00527" HPOS="1389" VPOS="3447" WIDTH="27"/>
						<String ID="P81_ST00574" HPOS="1416" VPOS="3410" WIDTH="46" HEIGHT="29" CONTENT="se" WC="1.00" CC="00"/>
						<SP ID="P81_SP00528" HPOS="1462" VPOS="3447" WIDTH="27"/>
						<String ID="P81_ST00575" HPOS="1489" VPOS="3395" WIDTH="98" HEIGHT="45" CONTENT="tait." WC="0.97" CC="60474"/>
						<SP ID="P81_SP00529" HPOS="1587" VPOS="3447" WIDTH="25"/>
						<String ID="P81_ST00576" HPOS="1612" VPOS="3394" WIDTH="94" HEIGHT="47" CONTENT="Car" WC="0.97" CC="090"/>
						<SP ID="P81_SP00530" HPOS="1706" VPOS="3447" WIDTH="27"/>
						<String ID="P81_ST00577" HPOS="1733" VPOS="3396" WIDTH="111" HEIGHT="46" CONTENT="c'est" WC="0.99" CC="04000"/>
						<SP ID="P81_SP00531" HPOS="1844" VPOS="3447" WIDTH="21"/>
						<String ID="P81_ST00578" HPOS="1865" VPOS="3408" WIDTH="129" HEIGHT="35" CONTENT="toute" WC="1.00" CC="00000"/>
						<SP ID="P81_SP00532" HPOS="1994" VPOS="3447" WIDTH="28"/>
						<String ID="P81_ST00579" HPOS="2022" VPOS="3397" WIDTH="42" HEIGHT="46" CONTENT="la" WC="0.27" CC="67"/>
						<SP ID="P81_SP00533" HPOS="2064" VPOS="3447" WIDTH="19"/>
						<String ID="P81_ST00580" HPOS="2083" VPOS="3399" WIDTH="239" HEIGHT="59" CONTENT="puissance" WC="1.00" CC="004003000"/>
						<SP ID="P81_SP00534" HPOS="2322" VPOS="3458" WIDTH="28"/>
						<String ID="P81_ST00581" HPOS="2350" VPOS="3400" WIDTH="77" HEIGHT="46" CONTENT="des" WC="1.00" CC="000"/>
						<SP ID="P81_SP00535" HPOS="2427" VPOS="3458" WIDTH="25"/>
						<String ID="P81_ST00582" HPOS="2452" VPOS="3401" WIDTH="147" HEIGHT="46" CONTENT="forces" WC="1.00" CC="410000"/>
						<SP ID="P81_SP00536" HPOS="2599" VPOS="3458" WIDTH="27"/>
						<String ID="P81_ST00583" HPOS="2626" VPOS="3402" WIDTH="55" HEIGHT="46" CONTENT="de" WC="1.00" CC="00"/>
						<SP ID="P81_SP00537" HPOS="2681" VPOS="3458" WIDTH="26"/>
						<String ID="P81_ST00584" HPOS="2707" VPOS="3402" WIDTH="43" HEIGHT="46" CONTENT="la" WC="0.85" CC="20"/>
						<SP ID="P81_SP00538" HPOS="2750" VPOS="3458" WIDTH="20"/>
						<String ID="P81_ST00585" HPOS="2770" VPOS="3403" WIDTH="180" HEIGHT="46" CONTENT="Nature" WC="0.98" CC="067005"/>
					</TextLine>
					<TextLine ID="P81_TL00044" HPOS="436" VPOS="3456" WIDTH="2515" HEIGHT="78">
						<String ID="P81_ST00586" HPOS="436" VPOS="3467" WIDTH="48" HEIGHT="35" CONTENT="et" WC="0.91" CC="01"/>
						<SP ID="P81_SP00539" HPOS="484" VPOS="3502" WIDTH="26"/>
						<String ID="P81_ST00587" HPOS="510" VPOS="3456" WIDTH="54" HEIGHT="46" CONTENT="de" WC="1.00" CC="00"/>
						<SP ID="P81_SP00540" HPOS="564" VPOS="3502" WIDTH="28"/>
						<String ID="P81_ST00588" HPOS="592" VPOS="3456" WIDTH="41" HEIGHT="46" CONTENT="la" WC="0.76" CC="40"/>
						<SP ID="P81_SP00541" HPOS="633" VPOS="3502" WIDTH="20"/>
						<String ID="P81_ST00589" HPOS="653" VPOS="3458" WIDTH="107" HEIGHT="58" CONTENT="Vie," WC="0.98" CC="0307"/>
						<SP ID="P81_SP00542" HPOS="760" VPOS="3516" WIDTH="21"/>
						<String ID="P81_ST00590" HPOS="781" VPOS="3457" WIDTH="113" HEIGHT="47" CONTENT="c'est" WC="0.99" CC="04200"/>
						<SP ID="P81_SP00543" HPOS="894" VPOS="3516" WIDTH="27"/>
						<String ID="P81_ST00591" HPOS="921" VPOS="3470" WIDTH="128" HEIGHT="35" CONTENT="toute" WC="1.00" CC="10000"/>
						<SP ID="P81_SP00544" HPOS="1049" VPOS="3516" WIDTH="27"/>
						<String ID="P81_ST00592" HPOS="1076" VPOS="3460" WIDTH="43" HEIGHT="45" CONTENT="la" WC="0.69" CC="60"/>
						<SP ID="P81_SP00545" HPOS="1119" VPOS="3516" WIDTH="24"/>
						<String ID="P81_ST00593" HPOS="1143" VPOS="3461" WIDTH="247" HEIGHT="61" CONTENT="splendeur" WC="1.00" CC="005000000"/>
						<SP ID="P81_SP00546" HPOS="1390" VPOS="3522" WIDTH="27"/>
						<String ID="P81_ST00594" HPOS="1417" VPOS="3463" WIDTH="62" HEIGHT="46" CONTENT="du" WC="0.83" CC="03"/>
						<SP ID="P81_SP00547" HPOS="1479" VPOS="3522" WIDTH="27"/>
						<String ID="P81_ST00595" HPOS="1506" VPOS="3465" WIDTH="136" HEIGHT="45" CONTENT="verbe" WC="1.00" CC="00000"/>
						<SP ID="P81_SP00548" HPOS="1642" VPOS="3522" WIDTH="27"/>
						<String ID="P81_ST00596" HPOS="1669" VPOS="3465" WIDTH="195" HEIGHT="46" CONTENT="humain" WC="0.98" CC="000960"/>
						<SP ID="P81_SP00549" HPOS="1864" VPOS="3522" WIDTH="27"/>
						<String ID="P81_ST00597" HPOS="1891" VPOS="3465" WIDTH="115" HEIGHT="63" CONTENT="qu'il" WC="0.98" CC="30403"/>
						<SP ID="P81_SP00550" HPOS="2006" VPOS="3528" WIDTH="27"/>
						<String ID="P81_ST00598" HPOS="2033" VPOS="3469" WIDTH="199" HEIGHT="45" CONTENT="faudrait" WC="0.99" CC="30000940"/>
						<SP ID="P81_SP00551" HPOS="2232" VPOS="3528" WIDTH="26"/>
						<String ID="P81_ST00599" HPOS="2258" VPOS="3486" WIDTH="116" HEIGHT="44" CONTENT="pour" WC="1.00" CC="0000"/>
						<SP ID="P81_SP00552" HPOS="2374" VPOS="3530" WIDTH="25"/>
						<String ID="P81_ST00600" HPOS="2399" VPOS="3488" WIDTH="178" HEIGHT="46" CONTENT="essayer" WC="0.99" CC="1000600"/>
						<SP ID="P81_SP00553" HPOS="2577" VPOS="3534" WIDTH="28"/>
						<String ID="P81_ST00601" HPOS="2605" VPOS="3471" WIDTH="106" HEIGHT="46" CONTENT="d'en" WC="0.99" CC="0400"/>
						<SP ID="P81_SP00554" HPOS="2711" VPOS="3534" WIDTH="40"/>
						<String ID="P81_ST00602" HPOS="2751" VPOS="3474" WIDTH="200" HEIGHT="44" CONTENT="traduire" WC="1.00" CC="00000404"/>
					</TextLine>
					<TextLine ID="P81_TL00045" HPOS="435" VPOS="3525" WIDTH="2515" HEIGHT="78">
						<String ID="P81_ST00603" HPOS="435" VPOS="3525" WIDTH="44" HEIGHT="46" CONTENT="la" WC="0.76" CC="03"/>
						<SP ID="P81_SP00555" HPOS="479" VPOS="3571" WIDTH="37"/>
						<String ID="P81_ST00604" HPOS="516" VPOS="3527" WIDTH="277" HEIGHT="61" CONTENT="triomphale" WC="1.00" CC="0035000003"/>
						<SP ID="P81_SP00556" HPOS="793" VPOS="3588" WIDTH="37"/>
						<String ID="P81_ST00605" HPOS="830" VPOS="3527" WIDTH="195" HEIGHT="49" CONTENT="Beauté." WC="0.99" CC="6400064"/>
						<SP ID="P81_SP00557" HPOS="1025" VPOS="3588" WIDTH="169"/>
						<String ID="P81_ST00606" HPOS="1194" VPOS="3530" WIDTH="75" HEIGHT="49" CONTENT="M." WC="0.78" CC="04"/>
						<SP ID="P81_SP00558" HPOS="1269" VPOS="3588" WIDTH="43"/>
						<String ID="P81_ST00607" HPOS="1312" VPOS="3531" WIDTH="124" HEIGHT="49" CONTENT="Otto" WC="1.00" CC="0002"/>
						<SP ID="P81_SP00559" HPOS="1436" VPOS="3588" WIDTH="38"/>
						<String ID="P81_ST00608" HPOS="1474" VPOS="3532" WIDTH="154" HEIGHT="49" CONTENT="Lohse" WC="0.78" CC="36000"/>
						<SP ID="P81_SP00560" HPOS="1628" VPOS="3588" WIDTH="39"/>
						<String ID="P81_ST00609" HPOS="1667" VPOS="3533" WIDTH="60" HEIGHT="48" CONTENT="l'a" WC="0.97" CC="340"/>
						<SP ID="P81_SP00561" HPOS="1727" VPOS="3588" WIDTH="37"/>
						<String ID="P81_ST00610" HPOS="1764" VPOS="3537" WIDTH="280" HEIGHT="60" CONTENT="interprétée" WC="1.00" CC="40000010300"/>
						<SP ID="P81_SP00562" HPOS="2044" VPOS="3597" WIDTH="37"/>
						<String ID="P81_ST00611" HPOS="2081" VPOS="3556" WIDTH="60" HEIGHT="27" CONTENT="en" WC="1.00" CC="00"/>
						<SP ID="P81_SP00563" HPOS="2141" VPOS="3597" WIDTH="39"/>
						<String ID="P81_ST00612" HPOS="2180" VPOS="3540" WIDTH="200" HEIGHT="45" CONTENT="virtuose" WC="1.00" CC="02000000"/>
						<SP ID="P81_SP00564" HPOS="2380" VPOS="3597" WIDTH="40"/>
						<String ID="P81_ST00613" HPOS="2420" VPOS="3541" WIDTH="55" HEIGHT="45" CONTENT="de" WC="0.92" CC="01"/>
						<SP ID="P81_SP00565" HPOS="2475" VPOS="3597" WIDTH="39"/>
						<String ID="P81_ST00614" HPOS="2514" VPOS="3540" WIDTH="286" HEIGHT="63" CONTENT="l'orchestre," WC="1.00" CC="440020000004"/>
						<SP ID="P81_SP00566" HPOS="2800" VPOS="3603" WIDTH="38"/>
						<String ID="P81_ST00615" HPOS="2838" VPOS="3554" WIDTH="47" HEIGHT="35" CONTENT="et" WC="1.00" CC="00"/>
						<SP ID="P81_SP00567" HPOS="2885" VPOS="3603" WIDTH="36"/>
						<String ID="P81_ST00616" HPOS="2921" VPOS="3541" WIDTH="29" HEIGHT="47" CONTENT="il" WC="0.67" CC="42"/>
					</TextLine>
					<TextLine ID="P81_TL00046" HPOS="435" VPOS="3596" WIDTH="793" HEIGHT="63">
						<String ID="P81_ST00617" HPOS="435" VPOS="3612" WIDTH="32" HEIGHT="47" CONTENT="y" WC="1.00" CC="9"/>
						<SP ID="P81_SP00568" HPOS="467" VPOS="3659" WIDTH="29"/>
						<String ID="P81_ST00618" HPOS="496" VPOS="3613" WIDTH="26" HEIGHT="29" CONTENT="a" WC="1.00" CC="0"/>
						<SP ID="P81_SP00569" HPOS="522" VPOS="3659" WIDTH="26"/>
						<String ID="P81_ST00619" HPOS="548" VPOS="3596" WIDTH="162" HEIGHT="47" CONTENT="trouvé" WC="1.00" CC="000000"/>
						<SP ID="P81_SP00570" HPOS="710" VPOS="3659" WIDTH="26"/>
						<String ID="P81_ST00620" HPOS="736" VPOS="3615" WIDTH="66" HEIGHT="28" CONTENT="un" WC="1.00" CC="00"/>
						<SP ID="P81_SP00571" HPOS="802" VPOS="3659" WIDTH="27"/>
						<String ID="P81_ST00621" HPOS="829" VPOS="3597" WIDTH="202" HEIGHT="48" CONTENT="éclatant" WC="1.00" CC="00000005"/>
						<SP ID="P81_SP00572" HPOS="1031" VPOS="3659" WIDTH="24"/>
						<String ID="P81_ST00622" HPOS="1055" VPOS="3601" WIDTH="173" HEIGHT="47" CONTENT="succès." WC="0.99" CC="0000714"/>
					</TextLine>
				</TextBlock>
				<TextBlock ID="P81_TB00004" HPOS="433" VPOS="274" WIDTH="100" HEIGHT="70" STYLEREFS="TXT_5 PAR_LEFT">
					<TextLine ID="P81_TL00047" HPOS="433" VPOS="274" WIDTH="100" HEIGHT="70">
						<String ID="P81_ST00623" HPOS="433" VPOS="274" WIDTH="100" HEIGHT="70" CONTENT="70" WC="1.00" CC="00"/>
					</TextLine>
				</TextBlock>
			</PrintSpace>
		</Page>
	</Layout>
</alto>
