3015 4221
454 308 525 70 L'OREILLE
1048 306 130 71 ET
1228 303 422 74 L'IMAGE
1719 306 517 72 MUSICALE

70 463 174 58 d'une
278 459 280 60 fonction
597 458 428 81 géométrique
1068 456 323 80 (vestibule
1425 470 57 44 et
1519 456 286 80 canaux),
1843 458 231 70 l'autre,
2112 458 179 57 d'une
2326 455 278 59 fonction

70 549 440 83 arithmétique
551 549 310 80 (limaçon,
889 547 178 61 fibres
1101 548 73 58 de
1211 547 224 80 Corti).

323 642 114 57 Les
487 641 327 58 sensations
863 639 296 70 visuelles,
1206 636 149 59 écrit
1410 637 98 58 M.
1547 637 71 57 de
1658 638 194 80 Cyon,
1890 651 58 44 et
1999 638 80 57 les
2135 638 325 57 sensations
2506 636 99 57 des

141 745 426 43 mouvements
602 743 266 66 peuvent
905 727 116 58 très
1057 727 138 58 bien
1231 726 30 58 à
1300 726 174 58 l'aide
1510 724 99 60 des
1644 727 197 79 signes
1894 728 220 56 locaux
2148 726 123 58 être
2310 723 295 83 projetées

143 843 96 36 sur
290 841 79 37 un
428 841 210 60 espace
687 818 31 59 à
770 820 145 57 trois
949 818 370 58 dimensions
1369 816 79 58 du
1500 831 277 43 moment
1829 817 150 80 qu'il
2025 818 188 58 existe
2249 837 79 37 un
2382 836 222 59 organe

141 909 432 82 spécialement
610 907 229 61 destiné
874 907 32 60 à
941 930 149 37 nous
1133 906 235 60 fournir
1413 907 54 56 la
1512 905 475 82 représentation
2026 906 142 58 d'un
2210 905 257 81 système
2506 906 99 57 des

144 999 413 61 coordonnées
592 999 70 58 de
700 1000 379 57 Descartes...
1119 999 178 57 Nous
1333 1017 403 60 comprenons
1771 995 30 60 à
1835 995 239 81 présent
2110 996 306 81 pourquoi
2458 996 143 57 c'est

134 1091 335 79 justement
506 1105 77 42 un
623 1110 209 60 espace
882 1088 30 58 à
953 1089 145 57 trois
1133 1088 370 57 dimensions
1538 1088 104 80 qui
1696 1100 114 44 sert
1846 1086 71 58 de
1968 1086 132 58 base
2149 1085 32 59 à
2233 1100 173 44 notre
2458 1084 109 81 géo-

145 1179 216 60 métrie
408 1180 397 59 enclidienne.
865 1180 113 57 Les
1028 1179 270 56 axiomes
1344 1174 450 83 géométriques
1829 1198 150 37 nous
2015 1177 402 80 apparaissent
2453 1175 147 57 ainsi

145 1292 243 37 comme
424 1291 149 37 nous
606 1267 165 61 étant
807 1267 261 82 imposés
1103 1288 104 60 par
1244 1268 81 56 les
1359 1267 228 57 limites
1621 1265 72 58 de
1729 1287 105 37 nos
1868 1287 252 58 organes
2156 1265 100 59 des
2290 1284 146 39 sens.

252 1362 96 57 M.
389 1359 71 59 de
496 1361 175 71 Cyon
710 1359 146 58 n'est
917 1380 99 59 pas
1052 1358 198 57 moins
1298 1354 322 60 affirmatif
1645 1377 96 37 sur
1775 1356 54 57 la
1862 1357 213 57 notion
2111 1356 80 57 du
2225 1370 219 66 temps,
2479 1352 32 59 à
2545 1354 55 57 la

73 1451 327 60 formation
437 1451 71 57 de
543 1451 257 80 laquelle
837 1464 372 43 concourent
1246 1448 80 57 les
1363 1448 159 57 deux
1550 1444 303 60 fonctions
1889 1444 254 60 décrites
2177 1446 307 58 ci-dessus.

327 1542 85 57 Le
447 1561 129 38 sens
610 1540 80 58 du
725 1554 200 66 temps
960 1559 207 59 repose
1217 1559 99 37 sur
1350 1559 116 37 une
1503 1536 352 58 association
1908 1550 167 44 entre
2114 1558 114 35 une
2274 1535 99 58 des
2406 1555 162 38 sensa-

146 1634 158 56 tions
339 1631 70 57 de
445 1630 300 58 direction
781 1630 99 57 des
916 1649 234 38 canaux
1184 1627 542 58 demi-circulaires
1761 1625 141 58 d'un
1938 1624 135 61 côté
2103 1641 58 42 et
2195 1627 80 58 les
2309 1625 294 80 appareils

148 1720 71 59 de
254 1721 192 58 calcul
474 1720 71 57 de
578 1720 266 80 l'organe
882 1719 71 57 de
990 1719 174 57 Corti
1199 1732 59 43 et
1293 1716 71 57 de
1400 1738 84 37 ses
1521 1730 250 56 centres,
1808 1715 147 58 d'un
2004 1730 169 42 autre
2209 1712 221 61 côté....
2486 1714 114 58 Les

146 1810 286 60 hauteurs
466 1810 99 59 des
615 1831 133 36 sons
784 1831 150 36 nous
977 1806 366 60 fournissent
1378 1808 54 56 la
1467 1806 212 58 notion
1716 1805 99 59 des
1849 1805 299 59 nombres.
2187 1804 297 80 L'organe
2520 1803 77 57 du

148 1923 127 37 sens
299 1902 79 58 du
402 1916 198 66 temps
625 1922 32 37 a
685 1899 156 59 donc
877 1898 339 81 également
1244 1918 103 37 son
1377 1895 161 82 siège
1566 1897 142 57 dans
1731 1897 54 57 le
1811 1894 345 81 labyrinthe
2180 1894 71 58 de
2277 1894 272 58 l'oreille.

256 1993 177 57 Cette
491 1991 350 58 conclusion
908 1988 292 60 semblera
1265 1987 302 80 peut-être
1634 2001 135 66 trop
1827 1999 181 58 vaste,
2059 1999 136 67 trop
2246 1984 302 59 exclusive
2585 2007 12 47 ;

75 2083 40 57 il
172 2096 85 44 est
306 2079 459 60 vraisemblable
823 2101 118 59 que
997 2077 257 58 d'autres
1319 2090 245 67 apports
1626 2076 307 58 sensoriels
2130 2076 83 57 les
2276 2073 327 59 sensations

75 2173 272 58 visuelles
408 2168 555 83 particulièrement
1157 2167 391 59 contribuent
1607 2165 29 58 à
1692 2166 56 57 la
1802 2163 331 60 formation
2199 2163 99 59 des
2363 2162 240 58 notions

78 2285 114 59 que
228 2284 150 37 nous
405 2283 183 37 avons
624 2261 71 57 de
729 2261 254 79 l'espace
1019 2273 56 44 et
1110 2257 82 59 du
1220 2271 218 66 temps,
1467 2257 149 57 mais
1651 2257 42 56 il
1720 2276 57 37 se
1802 2253 229 82 dégage
2065 2255 179 57 d'une
2281 2255 137 57 telle
2455 2274 110 37 con-

77 2354 229 57 clusion
333 2374 80 36 un
441 2351 278 80 principe
741 2347 435 72 fondamental,
1199 2347 54 56 la
1275 2346 431 81 participation
1734 2342 481 83 prépondérante
2242 2342 71 59 de
2340 2342 265 80 l'organe

78 2444 68 56 de
178 2441 183 59 l'ouïe
395 2440 32 60 à
463 2454 157 46 cette
654 2438 351 59 formation.
1043 2439 79 57 Et
1157 2458 151 37 nous
1343 2457 263 38 sommes
1641 2457 104 58 par
1780 2435 124 57 cela
1940 2434 200 57 même
2190 2430 239 61 amenés
2463 2431 30 59 à
2529 2453 70 37 en

78 2532 355 59 rechercher
465 2532 81 57 les
581 2528 447 82 conséquences
1062 2527 31 58 à
1126 2525 228 82 l'égard
1388 2527 73 57 de
1982 2546 71 35 en
2095 2524 254 57 relation
2384 2519 177 60 immé-

78 2623 156 58 diate
270 2643 143 37 avec
447 2622 271 79 l'organe
752 2634 57 44 et
847 2621 106 80 qui
1000 2640 72 36 ne
1108 2632 145 66 peut
1287 2617 383 80 s'accomplir
1703 2636 129 37 sans
1880 2614 104 59 lui.
2026 2614 149 57 Bien
2210 2612 285 71 entendu,
2531 2633 72 37 en

77 2711 212 61 faisant
327 2734 78 36 un
454 2713 80 57 tel
569 2709 534 82 rapprochement,
1152 2728 149 37 nous
1344 2728 71 36 ne
1457 2704 363 83 prétendons
1855 2726 101 58 pas
1993 2726 117 58 que
2143 2704 53 57 le
2230 2701 374 60 mécanisme

79 2803 69 58 de
179 2802 249 59 l'oreille
464 2801 311 71 humaine,
805 2801 108 79 qui
941 2814 84 44 est
1062 2798 156 59 celui
1255 2797 70 58 de
1354 2796 316 80 beaucoup
1707 2795 353 57 d'animaux
2095 2791 322 72 vertébrés,
2445 2814 28 35 a
2511 2789 95 60 été

79 2894 295 58 construit
428 2915 71 34 en
554 2888 304 84 prévision
919 2890 69 57 de
1042 2890 54 56 la
1152 2886 365 82 symphonie
1573 2885 522 58 beethovenienne
2150 2906 78 35 ou
2279 2882 78 59 du
2404 2882 205 57 drame

80 2981 365 83 wagnérien.
484 2982 89 58 Le
607 2979 176 81 génie
818 2980 254 57 humain
1110 2999 30 36 a
1176 2975 198 60 utilisé
1425 2975 142 58 dans
1603 2996 79 36 un
1720 2975 108 57 but
1885 2972 155 59 idéal
2074 2988 59 43 et
2168 2994 71 37 en
2275 2974 81 55 les
2390 2971 184 80 ampli-

79 3070 164 75 fiant,
280 3074 292 57 certaines
604 3069 255 61 facultés
893 3083 179 67 ayant
1115 3089 80 37 un
1231 3065 300 61 caractère
1580 3064 445 58 éminemment
2075 3064 301 80 pratique,
2412 3059 198 61 basées

82 3184 95 37 sur
214 3165 52 56 la
303 3159 288 62 nécessité
626 3182 157 60 pour
816 3159 188 71 l'être,
1040 3158 73 58 de
1148 3155 279 83 posséder
1448 3177 79 35 un
1559 3156 365 58 instrument
1961 3153 71 58 de
2067 3153 436 68 mensuration,
2538 3149 73 58 de

83 3253 335 81 distinguer
451 3254 81 57 les
583 3252 349 70 directions,
968 3250 83 58 les
1100 3249 391 80 proportions
1527 3259 56 45 et
1618 3247 80 56 les
1733 3242 212 61 durées
1994 3266 155 58 pour
2196 3242 323 58 lui-même
2554 3256 57 43 et

83 3365 154 57 pour
271 3365 66 37 ce
367 3343 106 79 qui
506 3342 312 58 l'entoure.

2579 3701 29 59 3

2504 327 93 73 33
