3015 4221
1507 221 61 67 S.
1636 221 52 67 I.
1756 221 106 67 M.

573 379 76 36 on
682 360 111 55 sait
826 380 117 58 que
976 357 329 81 l'ambigiie
1352 360 238 57 Monna
1625 361 138 57 Lisa
1795 361 255 57 recevait
2084 360 98 57 des
2214 360 201 55 lettres
2449 353 378 61 enflammées
2860 351 78 59 où

453 447 110 56 elle
597 445 144 58 était
776 445 207 58 traitée
1018 447 194 56 tantôt
1248 447 331 57 d'adorable
1615 447 175 71 déité,
1819 448 192 58 tantôt
2046 447 70 56 de
2140 468 198 58 gouge
2373 445 216 57 rebelle
2617 443 143 80 qu'il
2794 465 108 36 con-

451 536 201 56 venait
686 534 71 57 de
790 536 270 78 rappeler
1094 536 315 56 rudement
1457 556 74 37 au
1565 537 321 58 sentiment
1935 536 71 57 de
2039 556 84 37 ses
2149 536 233 56 devoirs
2415 554 332 38 amoureux
2896 534 42 55 il

451 624 155 57 avait
640 625 121 77 pris
788 622 99 58 des
912 622 377 80 précautions
1314 626 101 78 qui
1444 640 281 64 parurent
1758 628 150 55 alors
1941 624 320 81 superflues
2293 647 10 34 :
2341 625 51 56 la
2418 624 153 70 nuit,
2599 644 115 36 une
2741 624 196 77 lampe

450 725 58 42 et
543 733 80 34 un
677 710 240 79 gardien
977 710 282 80 spéciaux
1308 714 303 56 veillaient
1665 734 98 37 sur
1813 715 53 56 la
1918 714 144 57 toile
2106 711 481 80 aphrodisiaque.
2643 710 97 57 Eh
2775 710 159 70 bien,

450 800 53 56 le
552 798 299 58 facétieux
889 799 209 58 hasard
1145 802 210 55 voulut
1406 822 116 58 que
1570 823 66 36 ce
1684 823 73 36 ne
1790 802 94 58 fût
1932 823 100 59 pas
2081 803 169 68 Eros,
2300 803 148 56 mais
2500 802 289 55 Mercure
2831 802 103 76 qui

451 887 257 57 commît
741 888 52 56 le
828 889 187 55 crime
1166 887 31 57 à
1231 890 194 55 moins
1475 911 115 57 que
1625 911 64 35 ce
1725 892 215 56 n'aient
1992 888 91 58 été
2119 890 148 56 Eros
2302 903 57 42 et
2394 889 289 57 Mercure
2717 887 216 58 réunis.

451 977 165 79 Qu'y
653 977 244 77 pouvait
944 977 97 57 M.
1080 977 658 77 Dujardin-Beaumetz
1778 981 17 56 ?
1856 978 161 79 Qu'y
2069 979 361 78 pouvait-on
2462 981 17 54 ?
2540 978 102 57 Un
2690 998 118 58 peu
2864 977 71 57 de

449 1062 385 80 philosophie
887 1078 57 42 et
990 1064 71 56 de
1104 1063 286 59 réflexion
1424 1066 159 56 suffit
1620 1087 151 57 pour
1805 1066 372 57 reconnaître
2223 1067 187 77 qu'on
2465 1080 147 64 peut
2667 1066 268 77 toujours

449 1153 165 56 voler
660 1153 323 78 n'importe
1019 1155 164 77 quoi.
1237 1153 97 59 On
1385 1167 144 65 peut
1565 1156 234 56 enlever
1851 1157 94 55 M.
1992 1153 296 71 Fallières,
2322 1176 72 36 en
2444 1153 317 80 préparant
2798 1153 135 59 bien

450 1260 104 37 son
590 1261 176 57 coup.

628 1327 164 63 Quoi
839 1326 146 80 qu'il
1019 1349 69 35 en
1123 1329 135 68 soit,
1312 1329 97 57 M.
1455 1329 656 78 Dujardin-Beaumetz
2145 1345 101 42 eut
2298 1332 53 55 la
2407 1330 213 58 nausée
2655 1330 30 58 à
2735 1332 54 55 la
2821 1329 113 59 fois

451 1414 99 57 des
605 1416 209 56 ennuis
856 1429 60 43 et
966 1415 97 57 des
1104 1416 229 78 plaisirs
1367 1416 79 56 du
1503 1419 274 76 pouvoir.
1816 1419 53 57 Il
1902 1420 50 55 le
1988 1419 86 56 dit
2107 1418 31 57 à
2182 1420 97 57 M.
2341 1419 296 71 Caillaux,
2683 1420 250 57 homme

450 1503 143 57 rude
628 1518 57 42 et
720 1505 105 78 qui
859 1504 225 57 traitait
1117 1505 80 56 les
1232 1505 301 78 questions
1566 1508 339 77 artistiques
1940 1528 95 37 sur
2069 1529 78 35 un
2185 1522 103 43 ton
2323 1510 272 56 cavalier.
2637 1510 96 57 M.
2772 1508 130 57 Cail-

446 1591 142 56 laux
619 1591 314 56 l'entendit
968 1613 10 36 :
1033 1593 81 56 les
1165 1591 283 59 élections
1488 1591 373 61 sénatoriales
1909 1594 221 58 étaient
2163 1597 252 78 proches
2450 1623 12 45 ;
2498 1599 54 56 le
2601 1617 297 58 gouverne-

447 1693 167 42 ment
648 1701 71 34 en
754 1675 345 83 profiterait.
1152 1680 99 58 On
1288 1694 142 64 peut
1466 1683 245 76 quitter,
1747 1705 125 36 sans
1922 1683 267 71 déchoir,
2223 1687 53 56 le
2314 1685 419 79 Palais-Royal
2780 1707 124 57 poul-

447 1767 54 56 ie
535 1767 451 78 Luxembourg.
1028 1769 162 56 Mais
1227 1769 93 56 M.
1362 1768 293 72 Caillaux,
1692 1771 145 58 dont
1871 1773 53 56 la
1960 1773 231 59 rudesse
2227 1774 202 59 n'était
2457 1797 127 36 sans
2618 1777 180 56 doute
2832 1796 101 58 pas

449 1853 70 57 de
544 1856 55 56 la
624 1853 182 73 force,
834 1854 106 58 dut
976 1856 377 57 abandonner
1386 1858 53 55 la
1472 1859 167 77 place
1674 1861 333 70 Beauveau,
2044 1882 153 59 pour
2231 1865 203 57 n'aller
2460 1866 160 56 nulle
2645 1877 152 66 part,
2825 1865 104 57 lui.

449 1942 78 56 Et
560 1942 44 56 il
637 1943 101 79 n'y
771 1957 101 43 eut
905 1964 101 57 pas
1029 1942 70 58 de
1135 1942 317 58 démission
1488 1945 71 57 de
1594 1948 97 58 M.
1731 1947 676 79 Dujardin-Beaumetz.

623 2292 177 58 Voilà
834 2314 65 37 ce
935 2315 115 58 que
1082 2293 94 59 fut
1211 2296 96 57 M.
1347 2298 656 77 Dujardin-Beaumetz
2033 2304 262 77 pendant
2330 2327 93 37 ces
2456 2322 127 65 sept
2617 2307 211 60 années
2862 2309 71 58 de

447 2383 455 56 surintendance
924 2384 97 56 des
1044 2384 395 60 Beaux-Arts.
1468 2388 142 57 Cela
1632 2390 147 56 n'est
1802 2411 102 58 pas
1928 2413 76 34 un
2029 2392 319 78 jugement
2375 2416 153 58 pour
2549 2398 53 56 la
2626 2398 304 77 postérité,

448 2470 103 78 qui
574 2491 56 35 se
665 2470 282 79 chargera
983 2472 341 58 elle-même
1360 2473 70 57 de
1463 2473 289 61 formuler
1785 2479 53 56 le
1874 2480 144 70 sien,
2052 2479 31 57 à
2117 2484 194 56 moins
2339 2486 215 76 qu'elle
2587 2507 73 36 ne
2683 2507 56 37 se
2768 2488 159 57 taise.

449 2557 163 57 Mais
645 2559 137 56 c'est
816 2580 80 35 un
935 2558 318 79 jugement
1288 2563 301 78 impartial
1623 2580 56 41 et
1730 2567 123 77 qui,
1887 2567 91 56 s'il
2025 2588 73 37 ne
2132 2586 313 63 comporte
2493 2594 100 58 pas
2625 2574 55 56 le
2714 2588 100 44 ton
2852 2574 78 58 du

447 2644 401 80 dithyrambe,
886 2648 248 78 possédé
1168 2663 156 44 cette
1357 2667 173 41 vertu
1580 2653 71 57 de
1699 2675 72 35 ne
1820 2657 172 77 point
2042 2658 329 59 s'accorder
2419 2682 141 39 avec
2600 2663 54 56 le
2687 2679 243 43 concert

447 2733 71 56 de
540 2732 202 58 sifflets
763 2748 57 42 et
843 2734 70 58 de
936 2737 395 58 ricanements
1354 2760 115 57 que
1491 2740 79 57 les
1646 2741 171 60 snobs
1900 2757 103 44 ont
2031 2746 281 79 composé
2337 2769 95 37 sur
2452 2750 54 57 le
2533 2751 199 57 même
2760 2752 167 78 sujet.

447 2821 99 57 M.
576 2821 660 79 Dujardin-Beaumetz
1270 2825 90 58 fut
1396 2849 81 35 un
1511 2828 114 59 très
1658 2830 120 57 bon
1812 2832 273 57 ministre
2119 2835 98 57 des
2252 2837 398 60 Beaux-Arts.
2682 2840 164 57 Dans
2879 2842 53 56 la

446 2929 232 37 mesure
712 2907 79 59 où
816 2911 187 57 l'Etat
1037 2928 145 63 peut
1218 2914 212 58 influer
1463 2936 95 37 sur
1605 2919 55 56 la
1691 2919 365 78 production
2090 2924 313 80 artistique
2437 2926 140 59 d'un
2625 2949 164 60 pays,
2826 2930 40 55 il
2899 2952 32 35 a

444 2995 108 58 fait
617 3000 330 77 accomplir
1002 3020 103 37 son
1158 3001 207 59 devoir
1397 3025 30 36 a
1472 3006 19 55 1
1517 3006 160 59 Etat.
1735 3009 49 56 Il
1838 3024 154 42 avait
2042 3010 135 59 rêvé
2229 3013 70 57 de
2348 3014 131 79 plus
2530 3018 400 58 retentissants

444 3086 275 79 exploits,
769 3102 58 41 et
876 3089 141 57 c'est
1068 3089 126 79 déjà
1243 3091 240 60 l'indice
1533 3094 143 58 d'un
1718 3096 296 60 caractère
2048 3121 116 57 peu
2199 3102 172 58 banal
2406 3124 115 58 que
2556 3105 225 57 d'avoir
2814 3128 117 37 une

444 3187 168 43 autre
646 3174 292 58 ambition
975 3197 116 58 que
1125 3180 146 56 celle
1304 3179 70 58 de
1410 3202 314 39 conserver
1760 3207 57 35 sa
1838 3187 186 76 place.
2064 3188 113 58 Les
2210 3189 274 61 fastueux
2535 3193 291 60 Mécènes
2859 3196 72 57 de

433 3260 155 79 jadis
648 3260 275 61 faisaient
987 3265 312 73 dira-t-on,
1365 3291 203 37 œuvre
1632 3274 133 78 plus
1827 3276 242 77 grande.
2131 3278 164 60 Mais
2366 3301 147 39 nous
2584 3305 74 35 ne
2723 3302 208 40 savons

446 3349 35 57 d
504 3372 119 36 eux
656 3372 117 58 que
808 3373 66 37 ce
910 3373 79 59 qu
1017 3354 67 57 ils
1119 3371 104 42 ont
1256 3356 108 58 fait
1413 3373 57 42 et
1504 3381 100 57 pas
1653 3362 78 57 du
1766 3377 132 45 tout
1948 3386 66 37 ce
2050 3368 175 76 qu'ils
2259 3383 104 44 ont
2401 3371 262 80 manqué
2699 3371 31 58 à
2761 3372 167 62 faire.

443 3438 52 56 L
523 3441 141 55 Etat
700 3439 449 83 demociatique
1185 3458 85 44 est
1296 3466 79 37 un
1411 3448 213 78 piteux
1994 3455 138 57 c'est
2165 3460 125 54 vrai
2314 3484 12 46 5
2376 3480 149 38 mais
2558 3483 38 57 y
2635 3463 164 56 a-t-il
2832 3462 99 60 des

443 3526 292 61 Mécènes
769 3528 239 79 parfaits
1035 3532 19 57 ?

456 241 95 50 22
