3015 4221
1517 239 63 70 S.
1647 241 53 68 I.
1768 238 108 69 M.

439 388 219 47 enlèvent
697 387 25 47 à
763 387 326 47 l'entraîneuse
1128 384 262 49 d'hommes
1427 401 83 30 son
1554 401 188 44 masque
1783 382 237 62 héroïque.
2072 379 88 50 On
2202 378 211 47 voudrait
2455 377 43 47 la
2536 379 98 46 voir
2669 395 46 29 se
2776 378 161 52 dresser

440 459 263 63 fulgurante
730 469 46 35 et
802 458 207 61 tragique
1034 478 13 37 ;
1086 456 86 47 elle
1199 472 58 29 ne
1281 471 47 30 se
1355 466 183 35 montre
1564 471 87 45 que
1695 453 320 57 furtivement,
2042 467 105 30 sous
2187 449 77 46 des
2291 448 343 62 déguisements
2669 447 266 67 artificieux,

439 530 93 46 fort
556 528 173 47 habiles
771 527 301 58 assurément,
1112 527 115 44 mais
1265 525 76 61 qui
1384 525 227 45 touchent
1655 523 25 46 à
1722 523 43 47 la
1803 520 395 65 grandiloquence
2240 534 104 31 sans
2385 518 231 45 atteindre
2654 516 27 47 à
2719 516 43 47 la
2804 518 131 52 force.

440 598 446 61 Empressons-nous
912 595 218 47 toutefois
1154 593 228 64 d'ajouter
1407 609 88 45 que
1521 591 42 47 la
1590 593 311 61 présentation
1940 589 141 47 d'une
2168 585 303 48 Marseillaise
2498 598 164 34 nature
2758 586 79 47 eût
2872 589 65 49 été

443 669 339 48 certainement
806 666 131 47 taxée
965 666 55 46 de
1105 664 323 62 pompiérisme

581 737 75 47 En
684 736 196 61 résumé,
908 748 122 34 cette
1065 751 177 42 œuvre,
1270 750 89 46 que
1397 734 198 45 certains
1632 743 219 35 trouvent
1888 741 102 50 trop
2018 730 32 25 u
2076 725 386 49 conservatoriale
2563 726 82 46 fait
2672 726 211 47 honneur
2916 730 21 47 à

443 819 135 37 notre
614 806 127 48 école
778 806 360 65 symphonique.
1178 804 77 46 M.
1295 802 255 47 Théodore
1592 801 184 47 Dubois
1812 817 58 28 en
1911 816 27 29 a
1975 797 146 62 dirigé
2160 795 286 48 l'exécution
2489 812 110 31 avec
2636 795 226 62 souplesse
2897 812 40 35 et

443 877 213 48 autorité.

2566 934 57 48 L.
2666 932 60 50 L.
2754 934 58 47 L.

993 1036 528 93 Concert
1600 1036 805 89 Lamoureux

585 1231 40 47 Il
673 1229 174 48 semble
886 1226 219 64 singulier
1148 1243 90 46 que
1277 1225 42 46 la
1361 1225 196 60 critique
1596 1223 219 45 musicale
1854 1223 88 45 soit
1989 1238 124 29 assez
2154 1233 232 34 rarement
2429 1218 181 49 confiée
2648 1218 25 45 à
2711 1235 118 30 ceux
2871 1224 69 58 qui

448 1304 263 60 pratiquent
736 1312 74 35 cet
834 1310 84 36 art.
946 1298 112 47 Sans
1101 1298 140 44 doute
1266 1296 293 46 estime-t-on
1599 1310 89 45 que
1714 1294 187 44 ceux-ci
1939 1303 83 34 ont
2048 1291 158 45 mieux
2232 1289 26 47 à
2282 1290 110 47 faire
2420 1301 46 36 et
2490 1289 111 63 qu'à
2636 1290 55 44 de
2719 1289 223 50 brillantes

445 1372 268 60 exceptions
753 1369 114 62 près,
893 1383 184 30 œuvres
1117 1365 117 47 d'art
1276 1364 323 58 elles-mêmes,
1625 1380 94 28 une
1745 1362 212 60 critique,
1983 1360 155 45 même
2165 1361 271 58 perspicace,
2464 1371 66 34 est
2563 1358 142 46 d'une
2732 1357 210 50 nécessité

448 1441 212 47 moindre
698 1437 174 64 qu'une
917 1436 292 62 production,
1234 1436 34 43 si
1309 1432 233 47 médiocre
1578 1431 214 47 soit-elle.
1821 1431 85 46 Par
1931 1430 183 47 ailleurs
2137 1428 97 46 l'on
2262 1441 110 48 peut
2396 1430 211 47 craindre
2643 1445 89 44 que
2757 1427 63 47 les
2845 1446 73 43 pro-

447 1507 282 60 fessionnels,
757 1522 103 31 mus
885 1522 79 45 par
990 1506 78 44 des
1107 1505 276 45 sentiments
1416 1512 198 36 souvent
1656 1499 288 59 honorables,
1978 1516 59 28 ne
2063 1499 206 60 puissent
2295 1499 207 63 toujours
2535 1498 134 62 juger
2710 1513 112 31 avec
2856 1516 85 30 une

449 1579 190 63 parfaite
677 1576 364 61 indépendance,
1069 1586 46 33 et
1153 1590 89 44 que
1268 1572 120 46 leurs
1427 1572 215 60 opinions
1665 1571 148 45 soient
1839 1567 247 48 entachées
2112 1567 56 47 de
2193 1569 196 60 passion,
2417 1585 115 44 pour
2559 1585 58 27 ne
2645 1583 75 45 pas
2747 1567 94 45 dire
2867 1569 72 59 pis.

586 1647 39 47 Il
653 1647 97 46 faut
777 1647 103 44 bien
909 1642 304 59 reconnaître,
1242 1651 233 52 pourtant,
1502 1657 90 43 que
1619 1639 62 46 les
1702 1640 268 63 jugements
2013 1638 77 46 des
2116 1638 218 61 critiques
2378 1654 59 30 ne
2476 1648 106 36 sont
2624 1653 77 43 pas
2744 1638 197 62 toujours

448 1728 211 50 exempts
701 1717 54 44 de
806 1726 121 35 cette
979 1713 193 61 passion.
1213 1710 208 49 Souvent
1464 1710 169 59 même,
1677 1726 93 27 une
1813 1708 164 47 ardeur
2020 1706 280 46 véhémente
2343 1708 112 45 dans
2497 1705 221 62 l'attaque
2762 1723 179 46 masque

452 1788 283 47 habilement
760 1783 392 61 l'incompétence
1177 1780 146 62 qu'un
1350 1781 94 45 avis
1469 1779 100 61 plus
1595 1779 206 46 modeste
1827 1778 215 45 laisserait
2066 1793 310 44 soupçonner.

590 1856 92 47 Les
706 1866 162 50 quatre
894 1854 203 44 derniers
1122 1860 213 37 concerts
1360 1849 300 47 Lamoureux
1703 1846 230 60 offraient,
1959 1864 52 28 ce
2057 1847 201 59 mois-ci,
2286 1864 66 28 un
2392 1863 300 45 programme
2735 1845 78 46 des
2851 1846 93 60 plus

453 1925 158 47 variés.
640 1926 44 45 A
712 1925 92 44 vrai
830 1924 112 58 dire,
969 1938 181 30 aucune
1185 1935 17 31 i
1211 1930 33 20 re
1268 1919 225 58 audition,
1520 1919 33 44 si
1581 1934 52 29 ce
1679 1916 117 47 n'est
1836 1934 92 28 une
1971 1915 137 47 scène
2156 1917 282 60 importante

451 1996 55 46 de
533 2007 74 35 cet
632 1993 136 61 opéra
793 1993 209 58 français,
1030 1991 139 46 d'une
1196 1991 140 43 haute
1374 1988 154 45 valeur
1571 1986 235 60 musicale,
1834 2002 87 45 que
1966 1986 76 46 des
2084 1985 233 62 étrangers
2361 1997 169 49 purent
2569 1985 165 62 goûter
2771 2001 60 28 en
2866 2002 76 30 son

449 2066 164 58 entier,
641 2062 150 47 tandis
815 2079 88 44 que
931 2077 116 30 nous
1072 2075 200 32 sommes
1298 2056 283 48 condamnés
1606 2056 24 45 à
1656 2056 40 45 le
1724 2056 214 62 déguster
1983 2071 79 44 par
2100 2056 268 61 fragments.
2399 2054 126 46 Mais
2564 2054 44 46 la
2650 2053 183 61 plupart
2874 2056 70 45 des

447 2146 152 35 autres
622 2148 180 31 œuvres
828 2131 174 45 étaient
1037 2131 35 44 si
1114 2146 88 43 peu
1242 2143 222 42 connues,
1489 2124 113 64 qu'il
1644 2124 110 47 était
1798 2124 274 46 intéressant
2113 2124 56 46 de
2213 2141 117 29 nous
2368 2124 64 47 les
2476 2124 108 45 faire
2629 2124 224 46 entendre
2892 2124 52 46 de

452 2220 226 29 nouveau.

588 2272 86 47 Par
700 2287 91 29 une
818 2269 146 46 ironie
990 2268 63 46 du
1078 2267 177 59 hasard,
1281 2265 42 46 la
1361 2264 224 62 première
1629 2264 114 46 dont
1778 2264 45 62 je
1864 2264 97 44 dois
2003 2263 165 45 rendre
2211 2274 204 50 compte,
2442 2279 46 29 se
2528 2274 163 34 trouve
2735 2263 96 45 être
2874 2281 68 27 ma

458 2341 188 47 Pavane
867 2350 112 51 pour
1140 2357 80 28 une
1347 2338 170 63 infante
1732 2336 184 63 défunte.
1298 2335 57 62 Je
1382 2334 252 61 n'éprouve
1658 2350 183 30 aucune
1868 2333 117 62 gêne
2011 2333 110 45 àen
2149 2333 146 59 parler
2319 2348 16 30 :
2370 2333 86 45 elle
2481 2344 66 34 est
2573 2349 125 29 assez
2723 2333 219 44 ancienne

448 2427 116 45 pour
589 2427 89 44 que
705 2409 40 44 le
771 2406 125 47 recul
926 2406 40 46 la
990 2406 112 46 fasse
1128 2405 299 46 abandonner
1445 2404 62 44 du
1533 2404 311 59 compositeur
1868 2419 60 28 au
1953 2402 211 60 critique.
2192 2402 54 61 Je
2276 2400 109 47 n'en
2406 2402 94 45 vois
2526 2400 101 62 plus
2653 2400 63 46 les
2742 2400 199 62 qualités,

449 2481 56 46 de
545 2481 33 45 si
618 2479 112 45 loin.
759 2477 142 59 Mais,
946 2476 124 46 hélas
1098 2474 9 48 !
1149 2474 95 64 j'en
1289 2475 175 60 perçois
1506 2472 90 46 fort
1638 2474 104 44 bien
1787 2471 63 47 les
1895 2472 180 45 défauts
2102 2488 10 30 :
2154 2471 269 47 l'influence
2466 2471 56 46 de
2566 2471 242 60 Chabrier,
2848 2482 96 50 trop

448 2551 238 60 flagrante,
715 2559 45 34 et
785 2546 43 46 la
853 2547 148 45 forme
1027 2561 125 29 assez
1177 2560 185 44 pauvre.
1392 2541 414 61 L'interprétation
1834 2540 317 62 remarquable
2179 2541 55 44 de
2260 2551 126 36 cette
2410 2556 160 31 œuvre
2599 2538 280 63 incomplète
2903 2551 42 34 et

447 2636 103 29 sans
574 2617 173 47 audace
772 2634 25 28 a
823 2613 244 49 contribué
1094 2615 256 58 beaucoup,
1371 2612 45 62 je
1444 2628 153 44 pense,
1624 2611 25 45 à
1675 2627 82 29 son
1783 2609 173 47 succès.

593 2687 114 46 Une
744 2686 170 61 grande
954 2684 142 60 partie
1134 2683 62 45 du
1234 2682 155 61 public
1426 2682 79 61 qui
1544 2679 60 47 l'a
1639 2679 243 61 applaudie
1917 2678 77 47 n'a
2019 2696 76 44 pas
2121 2679 203 61 manqué
2351 2679 55 46 de
2433 2679 265 45 manifester
2725 2689 158 36 contre
2907 2678 37 46 le

447 2757 235 62 splendide
710 2754 161 61 poème
899 2754 56 45 de
976 2752 146 59 Listz,
1147 2752 77 45 Les
1249 2752 155 45 ldéals.
1427 2750 112 47 Sans
1564 2750 139 45 doute
1729 2761 122 34 cette
1877 2766 113 44 page
2017 2748 179 62 géniale
2224 2761 109 48 peut
2353 2748 194 61 paraître
2569 2766 63 28 un
2654 2766 89 43 peu
2765 2748 176 62 longue,

448 2827 25 47 à
512 2825 223 61 première
772 2824 223 46 audition.
1025 2822 127 45 Mais
1187 2819 212 47 l'est-elle
1440 2819 270 46 réellement
1749 2819 151 46 moins
1936 2836 89 43 que
2063 2818 42 45 la
2141 2818 137 47 scène
2315 2816 137 47 finale
2491 2819 63 44 du
2596 2818 250 61 Crépuscule
2883 2819 62 43 des

449 2896 68 46 Di
523 2914 80 27 eux
604 2932 9 23 ,
642 2896 115 45 dont
782 2893 41 45 le
849 2893 172 59 succès,
1041 2909 59 28 au
1125 2891 156 46 même
1307 2902 204 48 concert,
1540 2890 71 45 fut
1637 2890 222 45 unanime
1884 2888 14 45 ?

586 2965 56 62 Je
669 2964 83 44 sais
778 2964 104 44 bien
910 2979 87 44 que
1025 2978 50 29 ce
1102 2959 111 47 final
1242 2960 70 44 fut
1338 2959 168 45 chanté
1534 2975 77 43 par
1641 2957 243 46 Lucienne
1911 2956 166 46 Bréval
2104 2957 55 45 de
2187 2956 203 46 manière
2418 2956 25 46 à
2475 2973 116 29 nous
2627 2956 110 46 faire
2775 2956 169 46 oublier

448 3035 64 46 les
547 3034 273 47 cantatrices
857 3030 349 63 wagnériennes
1243 3030 64 44 les
1343 3029 101 61 plus
1481 3029 201 44 notoires
1718 3044 89 44 que
1848 3043 115 29 nous
1999 3043 143 47 ayons
2180 3026 258 46 entendues
2471 3025 216 65 jusqu'ici
2728 3026 110 46 dans
2867 3041 78 29 nos

447 3115 225 35 concerts.
701 3101 62 47 Et
788 3101 112 60 cela,
928 3100 175 62 malgré
1140 3100 42 45 le
1219 3100 213 45 charabia
1469 3098 333 45 déconcertant
1840 3096 206 60 d'Ernst,
2074 3097 111 45 dans
2211 3096 150 61 lequel
2389 3095 43 47 la
2457 3097 170 61 grande
2655 3097 154 45 artiste
2841 3096 104 46 était

446 3172 179 62 obligée
653 3172 55 45 de
733 3170 283 60 s'exprimer.
1042 3170 58 62 Je
1125 3168 240 46 reconnais
1390 3168 115 45 aussi
1533 3183 87 45 que
1647 3167 169 44 devant
1841 3177 121 34 cette
1989 3166 275 62 symphonie
2292 3164 288 60 formidable,
2615 3164 63 46 les
2702 3176 243 49 transports

447 3243 56 46 de
531 3242 42 46 la
597 3241 123 47 foule
747 3250 104 35 sont
877 3238 99 61 plus
1002 3256 86 44 que
1116 3237 241 62 légitimes.
1388 3236 126 47 Mais
1539 3252 52 29 ce
1618 3253 90 44 que
1735 3252 116 29 nous
1876 3252 162 29 savons
2065 3247 117 47 tous,
2211 3234 113 46 c'est
2348 3252 91 43 que
2475 3251 52 29 ce
2565 3233 126 60 final,
2719 3236 113 44 ainsi
2860 3251 82 44 que

447 3312 39 47 le
514 3324 117 33 reste
656 3312 55 44 de
740 3309 210 59 l'œuvre,
978 3326 57 28 ne
1055 3309 71 45 fut
1148 3324 76 45 pas
1248 3307 210 47 accueilli
1484 3323 110 28 avec
1620 3305 42 46 la
1688 3307 152 44 même
1868 3304 203 61 chaleur,
2100 3304 88 47 lors
2213 3305 56 45 de
2295 3322 47 28 sa
2367 3303 267 47 révélation.
2655 3303 64 47 Et
2744 3304 97 46 cela
2865 3304 79 46 dût

447 3382 194 61 paraître
668 3396 167 29 encore
863 3378 99 61 plus
989 3378 111 61 long
1124 3394 89 43 que
1238 3375 63 47 les
2216 3377 154 44 ldéals.

585 3449 64 48 Et
674 3450 116 61 puis,
816 3465 88 45 que
931 3464 115 31 nous
1067 3449 252 60 importent
1345 3445 63 47 les
1434 3445 177 46 défauts
1637 3445 54 46 de
1717 3455 124 35 cette
1865 3460 178 44 œuvre,
2071 3444 55 44 de
2152 3443 197 45 l'œuvre
2375 3443 176 47 entière
2577 3444 55 44 de
2654 3443 132 47 Listz
2806 3441 14 47 ?
2848 3441 93 64 N'y

445 3519 128 48 a-t-il
598 3537 77 44 pas
700 3535 124 29 assez
848 3517 56 46 de
931 3515 194 63 qualités
1162 3516 110 45 dans
1309 3531 53 30 ce
1401 3514 403 47 bouillonnement
1841 3512 322 60 tumultueux,
2202 3512 112 46 dans
2351 3529 52 29 ce
2441 3524 124 33 vaste
2591 3524 45 33 et
2667 3510 277 63 magnifique

445 3590 136 47 chaos
607 3589 56 45 de
689 3587 188 47 matière
904 3585 218 48 musicale
1149 3585 61 47 où
1235 3585 234 61 puisèrent
1495 3584 222 60 plusieurs
1742 3582 292 62 générations
2060 3582 56 46 de
2141 3582 335 61 compositeurs
2503 3580 197 48 illustres
2723 3580 16 47 ?

441 241 97 75 62
