3015 4221
1472 268 61 69 S.
1601 268 52 67 I.
1722 268 105 66 M.

404 418 152 47 siècle.
586 416 131 49 C'est
741 434 59 29 en
828 414 123 62 effet,
978 434 60 28 au
1064 416 117 46 mois
1219 416 55 45 de
1301 414 165 47 février
1500 411 128 49 1600
1655 430 88 44 que
1770 429 52 28 ce
1862 411 157 45 drame
2058 407 228 61 religieux
2324 405 72 45 fut
2422 415 197 35 execute
2645 402 254 48 solennelle-

405 499 135 36 ment
564 488 26 46 à
611 488 170 59 Rome,
811 488 111 45 dans
946 486 233 47 l'oratoire
1207 486 54 45 de
1291 485 139 48 Santa
1457 484 156 46 Maria
1639 484 47 44 in
1714 480 262 48 Vallicella.
2008 478 229 48 L'auteur
2265 475 111 46 était
2402 486 124 34 mort
2553 474 159 61 depuis
2750 491 91 44 peu
2869 474 54 46 de

404 571 167 49 temps.
594 558 92 48 Cet
705 575 201 44 ouvrage
933 557 125 59 était,
1080 557 113 45 ainsi
1215 573 87 45 que
1325 555 62 46 les
1407 555 110 46 trois
1537 552 286 63 précédents,
1848 550 61 45 du
1927 549 155 46 même
2100 547 156 45 artiste
2276 562 10 30 :
2316 545 39 46 il
2367 545 152 60 satiro,
2542 545 43 45 la
2606 543 317 63 Disperazione

405 629 47 46 di
479 629 150 45 Felene
648 641 46 33 et
721 628 39 46 il
783 628 152 46 Giuoco
960 627 112 45 délia
1098 627 107 45 cieca
1209 663 11 23 ,
1249 626 41 46 le
1331 627 110 43 fruit
1481 625 77 45 des
1583 623 272 45 recherches
1894 621 54 44 de
1989 636 50 28 ce
2068 634 174 46 groupe
2280 616 34 46 si
2354 616 275 44 intéressant
2654 615 150 45 forme
2831 613 24 45 à
2882 613 42 47 la

406 716 113 29 cour
546 700 55 44 de
639 698 266 45 Ferdinand
943 698 55 45 de
1039 696 203 46 Médicis
1279 696 25 46 à
1331 695 242 58 Florence,
1602 710 78 44 par
1708 691 164 49 Giulio
1900 689 214 58 Caccini,
2142 686 242 48 Giovanni
2413 685 156 58 Bardi,
2597 684 178 63 Jacopo
2803 682 118 62 Péri,

405 771 177 62 Jacopo
611 769 132 46 Corsi
770 779 46 34 et
843 768 248 45 Vincenzo
1119 766 190 59 Galilei,
1337 766 112 45 dans
1475 764 40 45 le
1545 765 82 44 but
1654 763 54 45 de
1736 775 186 33 trouver
1943 759 43 45 la
2012 759 147 44 forme
2189 757 60 45 du
2288 756 158 45 drame
2473 754 179 63 lyrique
2681 754 240 59 moderne,

546 838 70 47 Le
644 838 73 47 Dr
745 837 205 47 Richard
977 837 164 58 Batka,
1163 836 253 60 professeur
1442 835 25 45 à
1493 833 293 46 l'Académie
1813 829 237 61 impériale
2079 829 56 44 de
2162 827 214 60 musique
2404 825 55 45 de
2489 825 27 45 Y
2517 825 13 19 7
2538 825 154 59 ienne,
2714 825 131 44 vient
2867 823 55 46 de

405 910 111 45 faire
560 909 194 60 paraître
798 924 93 29 une
931 906 300 46 intéressante
1271 905 236 61 plaquette
1561 920 75 29 sur
1681 902 29 45 Y
1718 901 163 46 Ancien
1926 899 74 46 air
2027 898 154 45 italien
2185 933 12 23 ,
2244 913 62 29 ou
2359 895 30 46 il
2436 912 175 28 reserve
2655 911 92 29 une
2792 893 127 61 place

405 978 264 47 d'honneur
694 978 26 46 à
746 976 59 47 M
811 982 50 20 me
885 976 81 47 Ida
990 975 113 47 Isori
1130 975 112 61 qu'il
1283 974 237 46 considère
1558 989 187 29 comme
1782 969 285 60 l'interprète
2113 965 145 48 idéale
2304 966 54 45 de
2400 964 265 47 l'ancienne
2710 964 212 60 musique

407 1048 219 47 italienne
652 1060 47 34 et
724 1048 43 45 la
790 1046 141 61 seule,
959 1046 25 46 à
1026 1045 176 46 l'heure
1232 1044 215 59 actuelle,
1486 1043 187 60 capable
1700 1041 54 45 de
1793 1041 211 45 restituer
2043 1038 42 45 le
2166 1036 71 45 bel
2279 1046 139 35 canto
2515 1036 178 44 Aucun
2722 1034 55 45 de
2804 1050 119 29 ceux

409 1120 78 60 qui
514 1130 84 34 ont
623 1136 58 27 eu
707 1117 43 46 la
770 1118 92 62 joie
889 1116 272 46 d'entendre
1190 1114 60 46 M
1255 1119 50 21 me
1331 1114 82 45 Ida
1438 1113 128 59 Isori,
1596 1129 58 28 ne
1699 1110 263 47 contredira
2005 1108 41 45 le
2088 1107 73 47 Dr
2190 1106 149 46 Batka
2382 1119 46 32 et
2474 1116 118 34 noùs
2634 1104 290 46 souscrivons

409 1189 313 46 entièrement
748 1205 59 28 au
827 1187 248 63 jugement
1100 1184 199 47 autorisé
1327 1184 56 45 de
1409 1194 133 35 notre
1571 1182 212 45 éminent
1809 1178 226 47 confrère.

1649 1313 30 31 *

1599 1355 26 22 *
1705 1354 26 23 *

550 1455 69 47 Le
647 1454 225 47 mercredi
901 1453 81 59 28,
1009 1453 43 45 la
1091 1451 153 47 Société
1286 1449 193 46 Hândel
1517 1448 205 45 donnera
1764 1446 26 46 à
1833 1445 43 47 la
1918 1444 108 48 salle
2073 1443 212 61 Gaveau,
2313 1441 245 49 l'audition
2597 1440 224 64 intégrale
2862 1440 62 47 du

408 1526 174 47 Messie
623 1526 55 45 de
723 1524 213 47 Haendel
976 1540 111 30 avec
1129 1523 44 44 le
1216 1537 228 30 concours
1487 1519 56 45 de
1580 1519 59 44 M
1644 1524 66 19 mes
1738 1516 416 61 Mellot-Joubert,
2183 1514 152 61 Philip
2360 1535 11 37 ;
2402 1512 161 58 jMM.
2610 1511 311 60 Plamondon,

409 1594 65 50 G.
499 1595 158 63 Mary,
684 1595 172 61 Joseph
883 1594 203 45 Bonnet.
1115 1591 101 47 Nul
1244 1591 139 46 doute
1411 1606 87 44 que
1526 1600 120 34 cette
1673 1604 159 29 œuvre
1860 1587 78 61 qui
1966 1604 26 27 a
2018 1585 99 63 déjà
2144 1584 74 47 été
2244 1584 223 47 exécutée
2486 1582 223 62 plusieurs
2735 1582 85 46 fois
2845 1598 79 44 par

408 1666 43 46 la
471 1665 180 48 Société
678 1664 187 47 Hândel
892 1662 288 60 n'obtienne,
1208 1678 187 29 comme
1421 1660 65 44 les
1510 1670 153 34 autres
1688 1658 99 59 fois,
1815 1656 42 46 le
1884 1656 100 61 plus
2011 1655 144 63 grand
2182 1653 170 49 succès.

1653 1791 25 22 *

1597 1824 30 29 *
1703 1824 30 30 *

553 1933 70 47 Le
651 1932 190 48 Comité
866 1929 149 48 formé
1042 1948 57 28 en
1127 1947 89 28 vue
1245 1928 197 47 d'élever
1468 1926 25 46 à
1520 1925 125 47 Paris
1687 1942 63 28 un
1780 1935 284 35 monument
2109 1924 24 44 à
2173 1923 42 47 la
2256 1921 226 47 mémoire
2528 1923 54 45 de
2627 1921 210 46 l'illustre
2879 1932 45 34 et

412 2003 200 63 regretté
638 2003 164 45 maître
830 2000 268 47 Alexandre
1126 1999 252 48 Guilmant
1405 1998 128 44 vient
1560 1996 53 45 de
1641 2012 45 29 se
1714 1994 157 45 réunir
1896 1994 25 45 à
1948 1992 42 47 la
2015 1994 106 45 salle
2150 1992 211 49 Gaveau.

411 276 99 66 80
