3015 4221
1107 412 177 114 Çà
1348 422 122 82 et
1538 412 181 92 Là

256 838 87 48 Par
386 838 150 47 arrêté
574 838 63 46 du
683 852 59 32 10
765 838 195 63 janvier,
1002 837 76 47 M.
1108 837 41 46 le
1178 837 224 47 Ministre
1435 838 55 44 de
1517 837 324 47 l'lnstruction
1868 837 223 62 publique
2119 849 46 34 et
2193 838 76 46 des
2296 837 303 49 Beaux-Arts
2625 859 25 28 a

111 909 105 48 crée
242 928 59 29 au
329 910 362 47 Conservatoire
719 909 55 46 de
803 910 211 59 musique
1044 909 56 45 de
1128 908 140 63 Lyon
1296 925 64 28 un
1389 925 133 29 cours
1551 908 156 61 public
1736 908 239 46 d'histoire
2004 908 54 45 de
2089 908 43 45 la
2160 910 214 59 musique
2394 932 10 35 ;
2436 927 50 28 ce
2516 928 134 29 cours

114 999 25 28 a
166 979 280 48 commencé
484 980 43 46 le
560 995 18 30 l
587 984 33 20 er
647 979 204 46 Février.
882 978 131 48 C'est
1053 992 132 32 notre
1213 979 212 45 éminent
1460 979 213 46 confrère
1712 979 135 46 Léon
1875 979 174 59 Vallas,
2076 978 216 46 directeur
2324 980 51 44 de
2412 981 43 44 la
2495 980 157 47 Revue

115 1050 225 48 Musicale
377 1052 50 44 de
464 1050 118 63 Lyon
586 1088 12 23 ,
638 1064 46 32 et
723 1049 169 63 chargé
932 1050 161 60 depuis
1131 1051 109 45 trois
1278 1066 81 29 ans
1386 1049 112 45 d'un
1538 1066 134 30 cours
1710 1049 113 46 libre
1856 1049 236 46 d'histoire
2121 1049 55 45 de
2216 1049 42 45 la
2296 1051 214 60 musique
2547 1052 25 44 à
2610 1051 43 47 la

117 1121 196 48 Faculté
339 1122 79 46 des
445 1121 201 60 Lettres,
675 1122 78 61 qui
781 1139 26 28 a
833 1120 73 47 été
935 1120 193 46 nommé
1155 1120 256 61 professeur
1438 1120 55 45 de
1521 1131 121 35 cette
1670 1119 216 47 nouvelle
1924 1119 156 47 classe.
2117 1120 137 46 Nous
2291 1118 94 49 l'en
2420 1122 232 47 félicitons

118 1194 106 45 bien
252 1191 334 48 sincèrement.

1371 1298 30 29 *

1318 1332 30 30 *
1425 1333 30 30 *

257 1435 298 64 L'organiste
605 1436 56 46 de
712 1433 174 65 l'église
938 1433 338 60 Saint-André,
1328 1433 25 46 à
1404 1433 311 61 Hildesheim,
1755 1452 26 28 a
1819 1433 254 47 découvert
2110 1435 148 60 parmi
2296 1434 65 47 les
2388 1437 264 46 nombreux

117 1509 279 46 manuscrits
423 1508 243 45 musicaux
693 1507 78 60 qui
797 1522 45 29 se
870 1516 222 34 trouvent
1130 1505 113 45 dans
1268 1503 65 47 les
1369 1505 209 45 archives
1604 1505 56 45 de
1688 1517 123 33 cette
1838 1505 154 62 église,
2020 1505 224 61 plusieurs
2270 1517 173 35 motets
2468 1519 46 34 et
2540 1525 84 28 can-

118 1592 117 34 tates
261 1580 250 46 inconnus.
540 1576 88 49 On
656 1578 162 61 ignore
840 1574 186 65 jusqu'à
1052 1574 187 62 présent
1258 1574 106 62 quel
1392 1574 171 47 intérêt
1590 1574 268 62 présentent
1884 1592 75 29 ces
1983 1593 199 29 œuvres.

1372 1710 30 30 *

1319 1742 31 30 *
1425 1743 31 30 *

261 1846 86 49 On
376 1847 68 46 dit
478 1865 91 44 que
609 1846 77 48 M.
729 1847 207 46 Richard
976 1846 177 47 Strauss
1190 1857 67 34 est
1284 1863 57 28 en
1369 1846 121 45 train
1518 1844 283 63 d'organiser
1826 1844 25 46 à
1877 1844 258 64 Bayreuth,
2164 1862 117 43 pour
2306 1844 43 47 le
2375 1858 197 35 courant
2599 1847 56 47 de

118 1917 110 47 l'été
256 1919 242 61 prochain,
518 1935 96 29 une
640 1917 113 47 série
781 1918 56 45 de
863 1917 393 61 représentations
1282 1915 269 47 consacrées
1576 1915 25 45 à
1626 1933 67 28 ses
1717 1933 198 29 œuvres.
1945 1915 71 46 La
2042 1915 253 61 principale
2320 1918 251 45 attraction
2599 1918 56 47 de

119 2000 125 35 cette
271 1988 146 47 Saison
445 1988 297 47 Straussienne
767 1989 136 46 serait
929 1987 42 46 la
997 1987 225 61 première
1250 1986 367 61 représentation
1645 1987 55 44 de
1726 2003 83 29 son
1831 1985 172 47 nouvel
2023 1985 178 62 Opéra,
2229 1985 175 47 Ariane
2430 2006 26 27 a
2484 1987 169 63 Naxos,

119 2060 131 60 écrit,
273 2077 188 29 comme
482 2059 65 46 les
572 2058 275 62 précédents
872 2075 77 30 sur
970 2075 66 28 un
1063 2057 136 46 livret
1226 2057 56 46 de
1310 2055 404 48 Hoffmannsthal.

1376 2189 26 24 *

1322 2224 30 30 *
1427 2224 30 30 *

259 2328 83 46 Au
369 2338 216 36 moment
612 2327 61 46 où
699 2326 98 47 l'on
825 2328 131 45 vient
983 2327 57 46 de
1066 2327 117 46 fêter
1209 2326 42 46 le
1286 2338 90 47 125
1383 2331 16 20 e
1425 2326 332 46 Anniversaire
1785 2327 55 44 de
1867 2325 41 46 la
1930 2336 124 35 mort
2075 2326 54 45 de
2152 2324 219 47 Frédéric
2398 2325 42 46 le
2469 2324 183 64 Grand,

119 2399 31 46 il
178 2399 121 46 n'est
325 2415 78 45 pas
429 2415 102 29 sans
557 2397 171 47 intérêt
755 2398 56 46 de
831 2397 208 61 rappeler
1066 2415 88 44 que
1182 2396 190 47 celui-ci
1400 2408 68 34 est
1505 2397 202 45 l'auteur
1734 2397 56 45 de
1827 2395 215 65 l'hymne
2070 2395 207 47 national
2303 2396 233 62 espagnol.
2568 2397 85 46 Un

119 2488 93 44 peu
237 2468 129 62 après
392 2469 41 45 la
460 2486 166 45 guerre
654 2468 56 46 de
740 2481 25 50 7
796 2485 96 43 ans,
922 2468 40 46 le
992 2468 91 46 Roi
1112 2479 132 48 reçut
1270 2485 66 28 un
1358 2468 105 63 jour
1491 2479 104 33 tous
1621 2467 64 46 les
1712 2466 276 61 diplomates
2006 2488 12 36 ;
2046 2484 59 28 au
2126 2483 135 29 cours
2278 2466 56 46 de
2355 2478 121 34 cette
2494 2467 134 61 récep-

117 2542 101 45 tion
245 2540 32 45 il
315 2541 139 44 remit
491 2540 25 45 à
553 2538 383 47 l'Ambassadeur
974 2538 283 63 d'Espagne,
1286 2539 77 61 qui
1391 2538 164 61 passait
1581 2554 117 43 pour
1724 2554 66 29 un
1816 2536 66 47 fin
1910 2538 246 58 musicien,
2183 2554 94 28 une
2305 2538 190 45 marche
2522 2555 99 29 com-

117 2610 137 62 posée
280 2627 79 44 par
386 2609 82 47 lui.
498 2609 387 47 L'ambassadeur
913 2608 267 64 d'Espagne
1207 2609 195 61 expédia
1427 2619 122 36 cette
1577 2609 191 45 marche
1795 2607 313 46 entièrement
2135 2607 141 46 écrite
2299 2608 55 45 de
2381 2607 42 46 la
2449 2609 127 45 main
2599 2609 54 45 de

118 2680 221 48 Frédéric
365 2679 48 47 II
440 2680 25 46 à
492 2679 195 48 Madrid
715 2680 61 46 où
803 2679 88 47 elle
917 2680 74 45 fut
1017 2680 350 60 fréquemment
1394 2679 241 61 exécutée,
1657 2679 114 45 ainsi
1799 2696 88 44 que
1925 2677 157 46 l'avait
2119 2677 211 47 ordonné
2359 2677 195 47 Charles
2580 2677 74 48 111

117 2752 285 47 admirateur
427 2752 317 45 enthousiaste
772 2751 56 45 de
854 2750 236 47 Frédéric.
1120 2750 110 46 Puis
1266 2749 87 47 elle
1392 2750 73 45 fut
1491 2751 153 44 moins
1681 2766 59 29 en
1767 2755 159 39 faveur
1955 2765 103 29 sans
2084 2748 96 46 être
2208 2749 220 45 toutefois
2453 2749 177 46 entière-

118 2834 134 34 ment
277 2822 201 46 oubliée.
508 2821 227 61 Lorsque,
764 2839 58 28 en
856 2818 147 64 1869,
1032 2820 42 47 le
1113 2820 248 47 Maréchal
1401 2820 197 47 Serrano
1624 2821 211 61 organisa
1860 2836 66 28 un
1953 2836 230 29 concours
2209 2819 56 46 de
2291 2820 213 45 marches
2530 2820 100 45 mili-

117 2893 138 47 taires
279 2890 95 48 afin
402 2893 56 45 de
485 2891 131 47 doter
643 2891 253 63 l'Espagne
923 2890 114 47 d'un
1077 2892 180 62 hymne
1294 2890 225 60 national,
1559 2889 102 63 plus
1699 2890 55 46 de
1789 2901 99 48 500
1915 2890 279 45 manuscrits
2232 2889 160 46 furent
2417 2890 239 46 examinés

118 2964 116 46 mais
259 2980 186 29 aucune
472 2963 79 46 des
576 2980 185 29 œuvres
788 2963 188 58 n'avait,
1016 2962 221 61 parait-il,
1264 2961 43 47 la
1333 2963 197 61 vigueur
1557 2973 45 34 et
1630 2960 217 46 l'entrain
1875 2960 54 46 de
1958 2960 42 46 la
2025 2961 191 45 marche
2243 2961 57 45 de
2327 2959 220 47 Frédéric
2575 2963 80 59 qui

117 3034 88 46 elle
231 3034 119 46 aussi
376 3034 123 46 avait
527 3032 73 47 été
625 3032 229 47 autorisée
881 3032 25 47 à
931 3031 174 64 figurer
1130 3051 60 28 au
1216 3049 244 30 concours.
1491 3030 252 47 L'histoire
1781 3032 56 44 de
1875 3041 124 36 cette
2027 3031 189 45 marche
2244 3042 117 34 resta
2387 3030 269 63 longtemps

118 3106 243 44 inconnue
386 3121 61 28 en
473 3102 234 64 Espagne.
737 3102 86 49 On
850 3120 61 29 ne
938 3120 280 42 commença
1251 3103 26 46 à
1310 3102 43 46 la
1390 3102 243 46 connaître
1672 3119 90 45 que
1788 3101 181 62 lorsque
1996 3100 299 62 l'Empereur
2323 3100 332 64 d'Allemagne

117 3174 173 63 actuel,
316 3173 119 48 alors
463 3173 278 62 Kronprinz
777 3191 48 29 se
859 3175 155 45 rendit
1050 3173 27 47 à
1114 3173 193 47 Madrid
1335 3190 59 29 en
1428 3172 129 64 1883
1586 3190 117 44 pour
1729 3172 166 46 rendre
1933 3173 132 45 visite
2090 3189 60 29 au
2176 3172 66 45 roi
2270 3171 244 61 Alphonse
2552 3171 104 47 XII

118 3246 78 62 qui
223 3246 137 46 attira
384 3262 82 29 son
495 3245 234 46 attention
758 3262 75 29 sur
859 3243 199 47 l'œuvre
1086 3244 55 46 de
1168 3261 84 29 son
1280 3243 318 61 Grand-père.

1374 3377 30 31 %

1320 3411 31 30 *
1427 3411 31 30 *

261 3514 364 50 L'Association
664 3514 79 47 des
768 3514 138 47 Amis
943 3516 57 45 de
1037 3513 45 48 la
1117 3514 217 61 musique
1374 3514 54 45 de
1469 3513 156 46 Rome
1662 3531 27 28 a
1726 3511 151 48 formé
1915 3511 43 48 le
1996 3513 149 62 projet
2170 3512 144 47 d'une
2345 3512 312 47 exhumation

118 3587 80 62 qui
224 3602 169 44 pourra
419 3585 112 46 faire
556 3584 43 47 le
626 3585 208 61 pendant
854 3585 56 46 de
931 3583 115 48 celle
1068 3584 56 46 de
2193 3582 173 66 YOrfeo
1341 3583 56 47 de
1423 3583 319 47 Monteverde
1769 3583 76 62 qui
1872 3599 26 30 a
1915 3580 73 49 été
2009 3582 108 47 faite
2143 3582 27 47 à
2190 3582 176 48 Milan.
2383 3580 40 47 Il
2450 3580 133 65 s'agit
2599 3582 58 47 de

118 3655 43 49 la
273 3654 435 65 Rappresentazione
1188 3655 49 47 di
1334 3654 172 48 Anima
1728 3674 22 27 e
1816 3655 48 46 di
1969 3654 141 62 Corpo
1197 3653 229 48 d'Emilio
1446 3653 74 47 del
1543 3653 256 62 Cavalière,
1821 3654 77 62 qui
1925 3663 216 35 remonte
2161 3651 85 49 àla
2264 3650 67 48 fin
2349 3651 62 47 du
2436 3651 221 49 seizième
