3015 4221
1518 236 64 73 S,
1652 237 54 70 I.
1775 236 108 71 M.

453 386 236 63 généreux
727 385 265 47 adolescent
1028 396 47 34 et
1111 401 69 29 ses
1215 383 254 64 mystiques
1505 381 247 61 fiançailles
1788 399 113 30 avec
1939 380 41 47 la
2018 378 233 64 pauvreté.
2286 378 108 49 Puis
2431 380 248 45 viendront
2716 378 64 47 les
2818 380 135 53 beaux

454 456 206 62 épisodes
686 455 62 47 du
774 455 233 60 Lépreux,
1036 455 55 45 de
1119 453 156 49 Sainte
1309 452 154 48 Claire
1501 463 47 36 et
1585 452 63 46 du
1685 452 196 47 Sermon
1916 467 93 29 aux
2047 452 202 58 oiseaux,
2278 466 51 29 ce
2368 449 182 46 dernier
2588 460 282 50 permettant
2903 470 50 32 au

454 527 228 46 musicien
710 527 78 61 qui
818 526 161 45 écrivit
1004 536 102 34 tant
1143 524 56 46 de
1235 524 266 46 charmants
1538 524 185 45 chœurs
1760 521 245 59 d'enfants,
2034 521 55 45 de
2128 521 110 44 faire
2276 532 153 33 entrer
2467 519 113 47 dans
2616 518 43 47 la
2688 521 266 62 symphonie

454 595 362 63 quelques-unes
865 595 56 46 de
964 612 75 29 ces
1063 594 194 46 fraîches
1284 595 104 45 voix
1434 594 54 45 de
1534 594 209 45 bambins
1792 592 114 45 dont
1957 590 42 46 le
2041 590 241 63 gazouillis
2323 607 97 29 sera
2458 590 34 45 si
2544 590 325 60 parfaitement
2903 611 51 30 en

454 667 237 45 situation.
734 664 317 61 L'important
1091 663 181 46 tableau
1317 664 77 45 des
1439 663 260 62 Stigmates,
1746 662 39 44 le
1829 660 237 61 splendide
2112 660 195 62 Hymne
2356 677 59 28 au
2465 658 136 47 Soleil
2652 670 45 35 et
2738 658 42 45 la
2831 658 124 53 Mort

456 735 279 46 émouvante
763 735 62 45 du
852 735 128 46 Saint
1007 733 273 61 rempliront
1305 733 44 45 la
1373 733 198 45 seconde
1597 733 159 59 partie.
1778 730 63 47 Et
1868 729 165 48 Pierné
2058 730 146 45 revoit
2230 728 63 47 les
2319 745 217 46 paysages
2561 728 253 47 enchantés
2838 729 60 47 où
2916 748 38 32 se

457 805 187 46 déroula
686 805 226 46 l'humble
952 805 233 46 existence
1229 804 61 44 du
1335 804 121 44 doux
1496 803 174 60 apôtre,
1710 801 42 47 le
1789 800 178 60 cloître,
2005 799 42 47 le
2086 811 220 47 couvent,
2344 799 43 45 la
2431 800 141 60 petite
2612 799 177 45 fenêtre
2828 800 55 46 de
2920 801 36 48 la

457 875 165 47 cellule
660 874 109 47 d'où
807 875 154 46 Sainte
1002 874 153 47 Claire
1194 875 66 43 vit
1296 889 146 46 passer
1482 871 41 47 le
1559 872 186 63 cortège
1782 871 194 46 funèbre
2014 870 62 46 du
2114 870 347 60 Bienheureux,
2489 880 46 36 et
2560 867 32 47 il
2616 867 262 49 s'attendrit
2904 889 52 30 au

454 946 216 46 souvenir
696 945 54 44 de
778 943 98 46 leur
905 945 116 44 beau
1046 959 225 47 voyage...

598 1013 127 47 Mais
761 1013 63 47 les
863 1026 145 34 cartes
1050 1013 56 46 de
1150 1013 130 45 visite
1317 1012 280 46 continuent
1634 1011 24 44 à
1694 1011 212 46 s'abattre
1945 1026 59 29 en
2042 1008 98 47 vols
2177 1008 168 62 pressés
2381 1025 75 29 sur
2494 1008 41 46 le
2573 1008 53 46 lit
2663 1026 187 28 comme
2888 1010 69 48 des

457 1084 235 46 colombes
717 1083 290 62 messagères,
1035 1083 77 46 des
1139 1081 323 63 télégrammes
1486 1092 244 50 apportent
1756 1081 78 45 des
1867 1096 142 29 vœux
2032 1101 11 36 ;
2072 1079 55 46 de
2155 1078 175 61 Berlin,
2358 1079 61 45 où
2457 1078 29 46 il
2526 1079 142 61 dirige
2707 1078 63 46 les
2808 1078 149 50 ballets

457 1170 159 43 russes,
645 1153 39 46 le
724 1153 254 61 prévenant
1016 1150 240 47 Monteux
1293 1163 189 34 accourt
1519 1149 245 61 reprendre
1801 1166 82 29 son
1923 1161 128 48 poste
2089 1164 114 45 pour
2240 1159 215 50 apporter
2492 1164 82 30 son
2613 1164 228 30 concours
2874 1166 82 30 aux

457 1223 262 46 camarades
744 1222 112 47 dans
881 1222 313 47 l'embarras...
1223 1222 104 44 Fini
1355 1220 41 46 le
1423 1220 121 59 rêve,
1572 1219 42 46 le
1641 1220 214 45 souvenir
1882 1217 310 60 d'excursion,
2220 1217 63 47 les
2321 1219 148 45 beaux
2497 1218 169 63 projets
2691 1218 56 46 de
2772 1234 154 45 compo-

457 1293 138 45 sition
622 1293 170 45 devant
816 1291 64 46 les
905 1293 219 44 horizons
1150 1290 139 46 bleus.
1319 1289 70 47 La
1417 1291 67 44 vie
1511 1305 326 30 recommence
1867 1285 61 50 !...

2644 1369 179 48 Swift.

457 240 99 93 78
