3113 4613
528 380 182 62 Ernst
978 380 30 63 Toller
1009 416 159 12 •
1630 381 117 61 Die
1945 380 199 62 Rache

2485 384 115 61 501

390 572 61 62 O
494 573 171 61 diese
705 573 198 61 vollen
947 572 237 61 Waden
1230 572 108 60 der
1378 573 502 78 geschwung’nen
1925 573 189 72 Kraft,

387 654 139 63 Von
568 666 172 49 roten
782 652 208 62 Säften
1034 653 325 73 strotzend,
1404 653 424 78 gluterfülltem
1871 653 356 62 Lebenssaft
2270 701 14 13 .
2331 701 14 13 .
2391 701 15 13 .

312 733 400 79 Giuseppe;
756 733 114 60 Die
926 732 209 79 Zunge
1192 733 148 61 wird
1400 736 108 57 mir
1555 734 246 60 trocken
1847 781 133 14 ...
2032 734 78 61 he
2159 733 220 74 Pietro,
2431 737 174 58 einen

390 814 225 61 Becher
655 813 203 62 Wein!

310 893 240 62 Erster
592 892 198 62 Gast:
823 893 167 74 Hier,
1020 892 239 79 Signor,
1297 893 169 61 diese
1495 892 327 62 Schönheit
1851 893 206 62 schaut
2086 894 123 61 und
2238 894 156 61 Euer
2422 893 187 62 Durst

388 976 147 61 wird
577 973 218 62 schnell
839 973 261 78 gestillef
1141 977 147 58 sein.

310 1053 298 62 Zweiter
649 1053 205 61 Gast:
900 1053 122 61 Der
1062 1053 116 61 alte
1211 1053 231 62 Gockel
1483 1063 110 63 tut,
1636 1053 87 61 als
1764 1054 167 60 würd
1974 1057 128 58 sein
2133 1054 137 61 Blut
2298 1054 308 63 Fontänen

390 1137 304 76 springen.

310 1214 270 61 Dritter
602 1213 202 61 Gast:
830 1212 143 62 Sein
991 1236 196 38 armes
1203 1212 240 79 junges
1443 1212 161 79 Weib
1622 1213 154 61 weiß
1795 1213 185 61 andre
1999 1213 266 62 Melodie
2281 1239 73 36 zu
2374 1218 230 74 singen.

310 1296 309 61 Lorenzo
666 1293 453 79 (fortfahrend):
1166 1292 244 80 Opalne
1455 1293 209 74 Kniee,
1712 1294 275 61 zärtliche
2030 1293 366 62 Patrouillen
2439 1305 170 50 unter

2012 1373 252 78 [bunten
2308 1374 218 61 Hüllen

388 1453 126 61 Auf
562 1453 194 61 Euren
799 1452 249 79 Gipfeln
1102 1452 139 62 muß
1293 1454 110 61 der
1443 1454 337 61 Wanderer
1827 1457 129 57 sein
2001 1454 160 61 Herz
2204 1458 104 57 mit
2352 1458 257 57 brauner

2022 1534 259 77 [Freude
2326 1534 200 61 füllen.

388 1615 91 59 Ihr
520 1613 573 78 schmalgewölbten
1136 1612 314 75 Schenkel,
1493 1613 383 79 spielerische
1919 1613 430 75 Tänzerinnen,

309 1692 400 79 Giuseppe:
754 1693 90 60 Ich
886 1692 304 74 wünscht’,
1234 1693 89 60 ich
1364 1700 124 54 wär
1530 1695 110 59 des
1681 1693 372 78 Ruhelagers
2095 1693 227 62 weißes
2352 1693 254 62 Linnen!

310 1775 337 60 Lorenzo;
666 1773 96 61 Ihr
780 1773 239 61 starken
1030 1773 266 74 Lenden,
1307 1775 90 59 Ihr
1409 1773 199 62 Gefäß
1627 1776 108 59 der
1753 1775 852 80 fruchtbeschwingtenWelle,

390 1855 97 59 Du
529 1853 260 61 blonder
830 1853 438 73 Märchenhain,
1312 1856 278 77 gelobtes
1634 1855 167 60 Land
1843 1856 109 59 der
1993 1855 262 80 heil’gen
2297 1856 309 75 Schwelle,

392 1933 320 61 Ersehnter
752 1933 172 60 Altar
967 1935 117 71 Du,
1128 1937 57 56 in
1230 1935 138 59 dem
1413 1935 106 59 der
1563 1935 176 61 heiße
1784 1935 289 78 Kämpfer
2114 1936 156 79 selig
2311 1937 155 74 ruht,

392 2015 58 58 In
494 2013 110 60 Dir
643 2013 405 61 zerbrechend
1091 2013 117 61 löst
1251 2015 120 59 sich
1417 2013 151 63 Gott
1610 2018 57 56 in
1711 2016 288 60 keuscher
2041 2016 348 79 Liebesglut
2433 2065 13 13 .
2492 2064 14 14 .
2552 2064 15 14 .

392 2093 142 63 Und
576 2093 128 60 hier
746 2119 93 34 am
884 2093 196 61 Bauch
1124 2095 98 59 die
1267 2095 195 61 kleine
1507 2095 181 73 Falte,
1735 2096 289 76 spöttisch
2068 2096 254 62 Lächeln

390 2172 412 62 Schalkhafter
842 2172 387 75 Seitenblick,
1274 2175 405 77 spitzbübisch
1724 2176 253 61 Fächeln
2021 2223 14 14 .
2082 2220 13 13 .
2142 2224 14 14 .

390 2253 61 63 O
474 2255 139 77 jede
637 2253 195 61 kleine
856 2252 211 64 Grube
1091 2256 204 60 dieses
1324 2256 362 60 benedeiten
1709 2256 217 62 Leibes
1954 2258 165 60 ward
2148 2261 108 56 mir
2285 2257 324 61 kündende

2140 2336 386 77 [Monstranz,

394 2412 61 62 O
508 2413 172 79 jeder
731 2413 227 63 blonde
1010 2413 203 61 Flaum
1269 2417 94 59 ein
1414 2415 330 78 Lichtpfeil,
1796 2416 249 61 köstlich
2091 2417 255 79 goldner
2388 2417 218 62 Glanz!

390 2493 93 60 Ihr
525 2493 433 61 rosenfarbnen
1001 2495 233 71 Brüste,
1276 2493 544 80 Pfirsichknospen,
1865 2496 233 61 lieblich
2144 2497 268 61 blühend

392 2573 137 60 Von
567 2577 246 74 jungem
858 2573 204 63 Stolze
1105 2575 168 77 prall,
1316 2599 118 37 von
1477 2576 257 61 tausend
1776 2566 343 72 Wünschen
2162 2578 326 78 sprühend,

393 2653 96 60 Du
534 2653 387 63 Blütenkelch
952 2655 110 61 des
1093 2656 232 77 sel’gen
1356 2655 318 76 Schläfers,
1720 2656 254 62 Deinem
2006 2657 185 64 Dufte
2222 2660 387 77 hingegeben

392 2733 144 61 Löst
577 2735 141 72 sich,
762 2738 96 58 ein
900 2733 557 75 Ambrawölkchen,
1503 2737 640 62 menschbeschwertes
2185 2740 203 59 Leben
2434 2788 12 11 .
2492 2785 14 14 .
2553 2788 13 11 .

392 2812 127 61 Der
558 2813 182 61 holde
784 2815 330 78 Rhythmus
1156 2816 200 60 dieser
1396 2815 337 62 Schultern!
1784 2816 186 62 Arme
2013 2818 108 60 der
2162 2818 447 77 beschwingten

2176 2897 350 79 [Rundung!

394 2972 90 60 Ihr
525 2973 218 73 feinen,
775 2973 292 61 frommen
1098 2975 236 72 Hände,
1367 2976 270 77 nächt’ge
1668 2976 192 61 Boten
1890 2977 302 62 kosender
2222 2977 384 79 Erkundung.

394 3053 95 60 Du
534 3053 308 61 schlanker
886 3055 166 73 Hals,
1099 3055 109 61 der
1250 3061 164 56 einer
1456 3055 213 63 Göttin
1714 3057 203 62 Krone
1959 3058 233 78 würdig
2233 3061 201 75 wiegt,

394 3132 134 61 Den
557 3145 161 49 zarte
748 3133 215 63 Scham
991 3140 145 71 jetzt
1163 3159 72 37 zu
1265 3136 317 61 unendlich
1612 3136 330 80 klagender
1971 3136 286 62 Gebärde
2299 3137 173 80 biegt
2501 3187 14 12 .
2547 3185 14 14 .
2594 3187 14 12 .

985 3229 240 63 (Lorenzo
1259 3231 104 50 läßt
1396 3232 90 50 das
1519 3232 205 50 Bettuch
1757 3234 180 57 fallen.)

313 3306 338 65 Lorenzo:
699 3310 249 80 Genug!

1220 3390 288 65 (Sekunden
1544 3391 158 64 Stille)

315 3466 240 61 Erster
585 3467 200 63 Gast:
818 3469 107 61 Ein
957 3470 159 62 Dom
1145 3471 188 61 wölbt
1361 3473 120 60 sich
1512 3476 77 56 im
1620 3471 345 62 fließenden
1988 3473 343 63 kristallnen
2360 3475 202 61 Licht.
2594 3522 15 17 ,

315 3546 398 79 Giuseppe:
741 3549 169 61 Ganz
940 3551 249 61 köstlich
1222 3600 94 13 ...
1349 3553 151 60 doch
1526 3554 108 59 das
1657 3553 350 77 Angesicht,
2031 3554 109 61 das
2161 3555 445 79 Angesicht...

315 3627 345 61 Lorenzo:
703 3629 136 61 Von
883 3631 199 60 dieser
1126 3633 157 59 Bitte
1328 3633 166 60 müßt
1536 3634 91 58 Ihr
1669 3634 148 59 mich
1861 3634 347 63 entbinden.

395 3706 89 61 Ich
529 3716 174 69 sagte
746 3709 201 72 schon,
991 3711 91 59 Ihr
1124 3713 201 59 kämet
1366 3715 58 57 in
1470 3711 247 74 Gefahr,
1761 3716 292 75 vorzeitig
2092 3738 73 37 zu
2209 3715 331 61 erblinden.

394 3787 142 61 Und
580 3812 138 48 nun,
762 3787 89 60 Ihr
895 3790 250 74 Herren,
1189 3793 244 61 nehmet
1474 3793 161 61 Platz
1679 3795 77 57 im
1800 3793 231 77 großen
2074 3794 158 73 Saal,

394 3867 88 61 Ich
525 3867 278 61 wünsche
848 3867 320 64 fröhlichen
1213 3871 233 63 Humor
1488 3874 158 60 beim
1691 3871 227 64 festlich
1961 3874 212 62 frohen
2215 3875 182 61 Mahl.

390 3964 120 60 (Die
534 3963 157 51 Gäste
715 3965 243 49 verlassen
982 3965 90 49 das
1096 3964 224 52 Zimmer.
1370 3968 219 49 Lorenzo
1613 3969 111 61 gibt
1745 3970 97 47 sich
1866 3970 97 49 den
1985 3970 261 60 Anschein,
2271 3972 70 49 als
2363 3973 133 62 folge
2519 3974 90 61 er.)
