3172 4634
1204 462 275 61 Kasimir
1517 458 334 63 Edschmid
1908 489 14 14 ♦
1985 456 159 60 Särö

521 472 117 61 512

523 663 326 73 Tauchen
905 662 136 71 den
1076 686 267 64 ganzen
1379 655 152 93 Tag
1557 651 263 96 geballt
1854 646 554 75 Zurückbleiben.
2488 646 133 71 Die
2655 641 130 74 Zen-

522 762 171 72 trale
745 761 127 71 des
910 753 494 77 Grand-Hotel
1455 750 327 84 schwitzt,
1836 745 507 94 nachrichtgeil,
2396 739 436 76 vermanscht

527 860 113 71 die
658 853 476 94 Atmosphäre
1161 881 82 43 zu
1271 849 356 92 Meldung,
1658 849 101 69 sie
1785 843 407 94 langweilen
2221 841 142 73 sich
2393 839 143 73 und
2564 838 265 93 spielen

526 954 143 73 sich
736 957 234 69 weiter
1040 951 114 71 die
1214 952 131 69 seit
1393 950 165 68 zwei
1608 941 255 94 Jahren
1912 938 468 94 vorgespielte
2432 936 199 74 Rolle
2682 963 146 55 vor,

531 1051 123 72 der
705 1054 153 66 eine
895 1048 339 81 Davoser,
1290 1044 125 72 der
1465 1039 261 75 andere
1761 1037 402 82 staatenlos,
2220 1034 124 72 der
2395 1032 216 73 andre
2649 1031 138 71 Neu-

524 1148 229 82 traler,
824 1144 356 83 refraktär,
1252 1140 236 83 krank,
1543 1138 383 71 desertiert.
2029 1133 120 73 Sie
2201 1129 273 74 fluchen
2528 1128 115 73 auf
2695 1126 137 73 den

526 1242 585 82 Außenminister,
1167 1238 141 73 daß
1361 1265 74 43 er
1487 1234 113 71 die
1628 1233 260 93 Klippe
1942 1230 100 72 als
2078 1228 152 74 Bad
2283 1227 230 84 nahm,
2569 1224 264 74 sehnen

527 1340 145 73 sich
708 1336 174 75 nach
921 1337 135 73 den
1092 1337 171 71 Bars
1291 1330 468 82 Stockholms,
1798 1326 175 75 nach
2000 1324 244 94 Royal,
2285 1319 548 84 Hasselbacken,

528 1435 410 84 Rosenbad,
1001 1432 174 74 nach
1225 1431 254 81 Autos,
1535 1427 264 83 Huren,
1853 1422 479 94 Telephonen.
2434 1418 119 74 Sie
2603 1416 233 74 haben

532 1534 112 72 die
721 1530 324 74 Nordsee
1121 1525 299 97 peinlich
1497 1529 69 67 in
1644 1523 138 72 den
1844 1521 325 82 Nüstern,
2255 1545 77 45 es
2406 1515 210 93 spielt
2691 1511 146 74 sich

529 1627 381 76 schlechter
959 1655 125 44 vor
1135 1623 125 74 der
1308 1620 251 74 wilden
1595 1619 296 71 Kulisse.
1980 1614 117 74 Sie
2147 1615 272 71 kennen
2471 1610 192 94 jeder
2697 1614 106 67 ein-

532 1725 216 73 ander
823 1751 247 65 genau,
1158 1719 205 93 jeden
1430 1717 367 90 Atemzug,
1881 1712 131 72 alle
2076 1707 584 96 Vergangenheit,
2739 1711 99 66 sie

529 1824 206 91 lügen
772 1820 143 73 sich
950 1817 254 95 täglich
1241 1845 86 43 an
1364 1813 143 74 und
1540 1811 303 95 glauben
1878 1808 145 74 sich
2056 1806 256 95 täglich
2349 1834 155 56 neu,
2559 1802 281 75 sterben

529 1948 126 44 vor
706 1915 301 75 Gähnen
1060 1912 320 75 darüber.
1484 1910 265 71 Hätten
1801 1912 100 69 sie
1951 1910 417 89 wenigstens
2420 1901 289 84 Frauen,
2765 1926 76 45 es

533 2014 156 75 sind
755 2013 205 72 keine
1013 2009 404 75 Mondänen
1488 2006 113 73 da.
1704 2004 132 72 Die
1890 2000 387 76 Schweden
2344 1996 360 75 klatschen
2772 2000 68 66 in

534 2112 114 74 die
684 2109 258 74 Hände
992 2137 125 45 vor
1150 2107 444 91 Vergnügen,
1647 2130 201 44 wenn
1900 2100 129 73 das
2066 2098 194 93 Spiel
2312 2102 91 66 im
2439 2094 218 84 Sand,
2701 2121 140 43 von

533 2238 128 44 uns
711 2207 519 92 vorhergesagt,
1285 2200 178 74 nach
1516 2200 137 72 den
1707 2197 381 93 jeweiligen
2125 2192 364 75 Berichten
2533 2191 127 72 der
2692 2187 112 75 Zei-

533 2320 281 78 tungen,
870 2299 518 77 mechanischer
1422 2297 102 73 als
1558 2300 111 70 ein
1705 2292 400 75 Flohzirkus
2140 2291 468 72 funktioniert.
2693 2286 149 72 Das

536 2399 426 95 Eigentliche
1012 2395 326 75 vollzieht
1389 2393 144 73 sich
1586 2420 127 45 nur
1763 2396 67 68 in
1867 2387 595 93 Schwenkungen,
2514 2389 129 67 wie
2677 2386 165 69 zwei

536 2498 145 74 sich
707 2497 335 91 bewegen
1072 2493 174 74 oder
1271 2488 467 85 beobachten,
1770 2516 109 44 am
1909 2487 290 82 Lauern,
2229 2512 110 43 am
2357 2479 485 95 Ansprechen.

540 2594 217 74 Oben
794 2598 67 68 in
899 2593 124 71 der
1039 2587 473 76 Wirklichkeit
1545 2584 158 74 sind
1740 2584 166 73 alles
1943 2611 126 43 nur
2093 2578 419 86 Ausländer,
2551 2577 115 72 die
2700 2574 145 75 sich

538 2718 290 45 sonnen.
915 2687 197 74 Alles
1163 2685 319 92 elegante
1517 2681 478 81 Gentlemans,
2051 2677 114 72 die
2208 2674 237 74 baden
2497 2673 144 73 und
2692 2671 117 73 höf-

538 2788 132 73 lich
724 2786 156 73 sind
933 2784 143 73 und
1114 2782 115 74 die
1265 2781 296 73 Formen
1597 2777 125 73 der
1754 2776 188 72 Welt
1975 2774 495 94 respektieren,
2525 2776 91 67 im
2652 2767 196 94 Kopf

540 2889 111 67 ein
706 2880 243 75 Nichts
1003 2909 86 44 an
1144 2879 197 85 Hirn,
1394 2880 93 68 im
1537 2871 234 77 Bauch
1825 2873 289 92 Hunger
2164 2869 142 73 und
2358 2866 234 75 Trieb.

639 2981 221 72 Unter
888 2979 228 73 dieser
1136 2970 427 79 Oberfläche
1580 2969 362 95 geschieht
1958 2969 128 73 das
2105 2964 412 97 eigentliche
2535 2962 274 74 Techtel-

541 3076 305 73 mechtel.
947 3073 126 74 Ein
1133 3068 584 97 portugiesischer
1769 3066 260 75 Gestus
2094 3061 173 74 trifft
2333 3066 200 68 einen
2602 3064 207 68 wiene-

542 3172 292 85 rischen,
928 3170 330 73 feilschen
1351 3194 420 57 zusammen,
1872 3162 395 94 Zigaretten
2358 3188 112 43 am
2563 3156 284 82 Balkan,

545 3268 692 95 Orangenladungen
1298 3270 67 66 in
1416 3262 366 84 Lissabon,
1853 3260 114 72 die
2019 3257 252 93 Finger
2321 3260 317 89 spreizen
2691 3250 157 75 sich.

543 3368 115 71 Da
707 3377 156 81 sagt
898 3369 110 69 ein
1045 3358 577 77 amerikanischer
1650 3356 241 83 Mund,
1929 3354 159 74 steif
2122 3351 305 85 berührt,
2466 3348 384 83 Höfliches,

545 3462 216 75 reicht
811 3467 111 67 ein
959 3458 433 76 Streichholz
1443 3454 143 75 und
1637 3459 87 69 ist
1764 3449 432 76 verbindlich
2226 3508 62 15 ..
2324 3508 14 14 .
2384 3445 334 77 während
2761 3449 91 66 im

551 3558 448 94 Untergrund
1053 3557 129 73 das
1219 3556 184 72 Herz
1457 3551 379 75 anschreit:
1898 3550 157 85 „Du
2090 3547 142 75 Sau
2277 3547 126 72 der
2434 3544 202 94 tyska
2669 3543 147 92 iega-

545 3663 193 67 tione
782 3712 83 17 ..
914 3713 15 14 .
984 3650 594 76 Amerikahund.“
1702 3646 251 75 Beider
2019 3645 254 94 Augen
2342 3669 275 46 messen
2685 3636 166 86 sich,

546 3751 262 75 wieviel
857 3750 382 94 Ladungen
1293 3748 340 72 Munition
1685 3748 92 68 im
1830 3743 248 73 Monat
2127 3741 127 73 der
2304 3744 155 67 eine
2494 3735 191 74 Blick
2724 3790 71 16 ..
2836 3790 16 15 .

547 3854 290 69 wieweit
905 3848 113 72 die
1070 3842 637 95 Ernährungsfrage
1768 3845 89 68 im
1907 3839 267 74 Herbst
2225 3837 126 72 der
2400 3834 281 74 andere.
2784 3830 71 71 In

548 3947 257 74 beiden
865 3942 490 76 Brusttaschen
1408 3934 720 79 Banknotenbüschel.
2215 3933 124 72 Ein
2391 3925 468 99 bulgarischer

551 4042 250 75 Kalkül
863 4041 186 74 stellt
1098 4046 224 67 einem
1375 4033 396 96 englischen
1825 4038 109 68 ein
1987 4032 192 84 Bein,
2232 4028 187 74 lockt
2469 4026 117 73 ihn
2638 4030 67 67 in
2744 4022 115 74 die
