3021 4644
699 392 315 76 Johannes
1055 395 74 60 R.
1162 395 222 63 Becher
1441 433 14 13 •
1522 398 277 65 Gedichte

2303 409 117 59 559

958 776 623 77 APOTHEOSE

313 967 412 109 Kymrischer
768 1000 210 72 Dolch,

315 1077 106 60 Ein
466 1079 296 76 syrisches
805 1080 263 61 Schwert

313 1157 139 60 Und
496 1162 104 55 mit
644 1162 189 56 einem
880 1160 222 61 Mantel
1145 1187 106 35 aus
1295 1162 340 65 Nebelhaut

312 1237 97 60 Du
453 1239 364 61 Lichtblume
863 1245 225 56 meiner
1130 1241 225 62 Trauer

312 1319 138 61 Und
495 1319 223 61 sanfter
753 1320 543 63 Wunderbrunnen
1341 1325 78 60 du
1464 1325 91 61 für
1597 1331 195 59 meine
1828 1330 450 66 Verstocktheit
2308 1385 12 11 .
2354 1385 13 12 .
2401 1383 13 13 .

311 1396 145 61 Zum
499 1399 256 77 Ypsilon
801 1401 145 60 aber
988 1404 221 61 wardst
1253 1405 80 58 du
1379 1410 108 55 mir
1530 1420 232 64 gesetzt

311 1477 139 61 Und
491 1503 71 35 zu
608 1484 192 57 einem
845 1484 337 75 magischen
1229 1484 342 63 Gold-Feld

309 1557 150 61 Steil

308 1637 206 61 Ueber
557 1640 137 60 dem
737 1639 431 63 Trümmerball
1214 1649 225 57 meiner
1479 1648 349 62 verruchten
1874 1650 395 64 Buchstaben.

309 1717 177 61 Denn

309 1797 172 61 Groß
524 1799 135 59 sind
702 1801 122 57 und
868 1801 300 62 furchtbar
1210 1804 122 59 und
1375 1806 373 63 unerbittlich
1794 1809 178 62 deine
2016 1810 237 74 Götter,

308 1877 116 60 Die
471 1877 592 80 Zeiten-Tilgenden.

308 1959 222 59 Darum
576 1960 111 60 soll
731 1961 145 60 auch
919 1965 141 74 jetzt
1102 1965 226 60 wieder
1371 1966 245 61 dreimal
1662 1971 94 58 ein
1802 1970 171 61 Horn
2014 1971 237 64 blasen:

308 2039 141 61 Und
492 2040 97 58 die
633 2041 447 78 Wagenlenker

307 2117 103 61 Sie
453 2119 243 61 mußten
739 2130 233 52 stürzen

308 2197 156 61 Kurz
508 2223 109 35 vor
659 2201 108 59 der
809 2204 501 75 ungebrochenen
1353 2203 182 63 Säule
1579 2230 107 37 aus
1731 2208 313 63 Elfenbein

306 2277 109 60 Mit
458 2279 166 59 ihren
669 2277 368 82 Gespannen

304 2357 243 61 Rasend

306 2436 316 64 Gestoßen

304 2518 210 60 Mitten
558 2523 58 57 in
661 2520 117 60 den
824 2520 234 62 Rachen
1103 2523 107 59 der
1252 2523 209 63 Nacht.

302 2676 171 61 Aber
517 2680 175 60 deine
737 2679 216 79 Finger
997 2685 86 57 sie
1126 2684 211 61 ziehen
1380 2709 72 36 zu
1497 2686 207 63 Saiten
1750 2689 109 61 das
1903 2688 176 64 Gras.

303 2756 61 61 O
410 2759 107 59 du:

302 2836 117 61 Die
470 2863 91 36 am
622 2840 240 61 tiefsten
915 2843 356 76 Besungene
1332 2855 170 50 unter
1560 2848 180 59 ihnen
1804 2849 154 60 allen
2018 2852 118 60 den
2195 2877 175 55 regen-

494 2919 562 80 bogengegürteten
1102 2924 349 61 Fürstinnen
1496 2926 110 61 des
1649 2928 485 78 Morgenlandes.

299 2995 242 64 Südlich
589 3001 118 58 bist
750 3001 80 59 du
876 3001 122 60 und
1040 3003 261 72 rotbrau,

299 3076 137 61 Von
481 3079 118 60 den
646 3080 222 61 Düften
911 3081 304 63 Arabiens
1261 3085 237 76 gesalbt

301 3155 139 62 Und
485 3164 104 55 mit
631 3160 254 60 schwarz
929 3161 391 78 glänzendem
1366 3164 286 62 Oelhaar.

299 3314 173 62 Blind
530 3319 102 58 auf
682 3323 191 57 einem
927 3321 302 61 silbernen
1282 3323 304 63 Glas-Seil
1637 3326 443 64 durchtaumele
2132 3332 86 59 ich
2270 3342 130 49 rote

490 3398 312 62 Brandluft
845 3400 110 60 des
998 3401 259 61 Abends
1300 3405 149 59 über
1492 3407 137 59 dem
1672 3407 319 77 Abgrund.

301 3473 174 62 Denn
519 3502 37 35 o
598 3503 108 37 vor
748 3481 189 59 soviel
981 3481 188 61 Glanz
1216 3484 173 61 sollte
1435 3487 86 59 ich
1566 3488 264 61 behüten
1874 3489 108 60 das
2025 3488 160 79 Aug.

299 3551 337 66 Biitzbäche
680 3560 254 60 stäuben
980 3563 282 59 herunter

301 3633 138 61 Und
481 3659 117 36 von
642 3649 179 50 unten
864 3643 357 59 verschließt
1265 3644 146 58 mich
1456 3644 108 61 das
1609 3644 204 77 Siegel
1858 3645 108 60 des
2010 3647 238 62 Monds.

298 3713 111 59 Mit
450 3714 481 63 Sternkristallen
975 3721 297 61 bedrohte
1315 3724 148 60 mich
1508 3725 145 60 auch
1698 3749 91 35 am
1833 3724 133 79 Tag
2007 3728 149 60 noch

298 3794 172 60 Hoch
514 3819 136 36 vom
696 3798 259 61 Himmel

297 3874 115 61 Die
456 3874 147 61 Saat
645 3876 206 61 deiner
894 3878 252 63 Tränen.

297 3953 185 62 Einen
528 3955 320 61 Menschen
894 3958 144 61 aber
1080 3960 107 60 sah
1230 3961 87 60 ich
1362 3960 237 75 Traum,
