3088 4646
776 451 302 78 Gottfried
1111 446 297 64 Solomon
1451 474 15 16 ■
1507 441 239 76 Beginn
1787 434 109 61 der
1934 429 361 63 Revolution
2338 418 215 84 (1848)

509 456 118 65 546

515 644 373 75 Mittelalter)
938 667 109 35 nur
1090 641 136 59 dem
1278 634 295 64 Fremden
1625 627 123 63 und
1792 624 226 62 Feinde
2070 617 355 81 gegenüber
2474 608 348 83 gebraucht.

516 730 117 60 Die
678 726 449 74 Emanzipation
1192 720 106 60 der
1341 704 345 74 Ökonomie
1735 730 119 37 von
1907 704 107 59 der
2056 700 190 62 Moral
2298 696 158 61 führt
2505 716 71 37 zu
2628 711 194 40 einem

518 810 190 71 Krieg
753 809 108 58 des
893 803 318 62 Einzelnen
1255 799 185 61 wider
1470 798 97 57 die
1599 784 466 68 Gemeinschaft.
2136 782 59 59 In
2228 780 234 67 Krisen,
2506 798 47 36 z.
2582 780 64 52 B.
2679 794 110 37 nac

518 890 456 73 Staatskriegen
1026 883 125 61 und
1202 879 462 65 Revolutionen,
1716 872 160 73 zeigt
1928 864 119 62 sich
2102 862 108 60 der
2252 860 539 59 Privatannexioms-

521 994 131 38 mus
705 970 111 60 des
863 963 274 78 Kapitals
1189 965 57 56 in
1292 959 504 70 Erscheinungen,
1851 947 97 59 die
1993 942 146 63 nach
2183 942 139 59 dem
2368 940 459 57 konservativen

521 1050 188 62 Recht
760 1052 91 57 ins
897 1045 223 62 Gebiet
1172 1041 112 60 des
1324 1034 434 67 Verbrechens,
1810 1029 276 73 Betrugs,
2139 1017 349 64 Diebstahls
2542 1017 287 73 gehören.

523 1133 127 61 Der
692 1129 289 61 moderne
1024 1125 183 60 homo
1251 1119 431 63 oeconomicus
1726 1110 87 61 als
1844 1107 211 78 Egoist
2086 1115 72 48 ist
2190 1102 108 59 der
2324 1102 366 69 Nachfolger
2721 1102 113 49 des

525 1206 669 80 feudal-kriegerischen
1218 1198 346 69 Menschen,
1595 1195 110 60 des
1730 1189 391 67 Raubritters,
2145 1180 689 76 Kreuzzugmarodeurs,

527 1293 403 65 Kondottieri,
987 1281 486 80 Konquistadors
1523 1275 124 61 und
1698 1266 690 66 Kolonialabenteurers,
2455 1264 109 54 der
2609 1264 227 50 Gesetz

527 1372 182 61 durch
743 1368 255 71 Gewalt,
1043 1366 122 61 und
1204 1360 186 62 Recht
1433 1356 180 63 durch
1656 1350 292 63 Vorrecht
1990 1354 237 52 ersetzt.
2300 1341 116 60 Die
2459 1336 378 77 bürgerliche

529 1454 191 61 Lehre
765 1453 112 60 des
918 1446 444 68 Liberalismus,
1407 1440 108 60 der
1545 1435 260 62 Freiheit
1847 1431 110 60 des
1987 1425 405 62 Individuums
2435 1441 138 37 vom
2605 1425 122 51 und
2759 1435 78 37 im

530 1533 228 70 Staate,
803 1537 76 54 ist
920 1530 108 60 der
1071 1527 218 60 schöne
1335 1515 392 65 Deckmantel
1772 1511 109 60 des
1924 1505 426 62 Anarchismus
2393 1504 151 57 oder
2572 1504 231 52 Absolu-

531 1619 211 57 tismus
793 1612 110 59 des
955 1609 174 61 allein
1183 1605 185 60 freien
1412 1598 296 78 Kapitals.
1792 1591 85 63 So
1929 1587 206 61 wurde
2191 1585 99 60 die
2336 1579 354 63 Geschichte
2733 1579 110 54 der

535 1692 406 66 Gesellschaft
1004 1692 114 58 seit
1181 1685 138 60 dem
1383 1680 231 76 Beginn
1680 1675 108 60 des
1853 1670 328 60 modernen
2247 1660 430 79 Kapitahsmus
2740 1675 105 38 zur

536 1769 583 78 Kriegsgeschichte.
1195 1764 96 75 „In
1334 1763 109 59 der
1485 1756 329 64 modernen
1844 1745 402 66 Gesellschaft
2288 1740 314 80 jedenfalls
2633 1746 76 50 ist
2741 1740 69 53 be-

536 1861 240 63 wiesen,
823 1849 121 62 daß
988 1849 112 60 alle
1145 1844 353 80 politischen
1543 1834 257 79 Kämpfe
1839 1824 503 77 Klassenkämpfe
2387 1820 133 62 sind
2564 1819 124 58 und
2732 1819 114 54 alle

539 1928 731 80 Emanzipationskämpfe
1349 1923 121 63 sich
1550 1943 96 37 um
1726 1915 98 60 die
1896 1906 427 66 ökonomische
2394 1906 454 69 Emanzipation

540 2017 264 61 drehen“
855 2010 297 75 (Engels).
1225 2007 59 59 In
1316 2008 207 57 immer
1550 1996 175 64 tiefer
1759 1990 348 64 reichender
2139 1984 533 63 Sozialrevolution
2703 1984 147 51 wird

541 2098 102 60 die
687 2093 455 77 Rangordnung
1185 2087 100 61 auf
1329 2080 216 66 Grund
1589 2081 109 58 des
1733 2075 266 61 Besitzes
2042 2066 328 78 abgebaut.
2440 2062 126 60 Der
2594 2059 222 59 Revolu-

540 2179 400 66 tionarismus,
993 2170 99 61 die
1142 2164 366 65 individuale
1560 2159 122 62 und
1735 2151 299 64 nationale
2077 2148 346 73 Auflösung
2475 2144 110 57 des
2637 2144 186 53 Mittel-

545 2257 180 62 alters
770 2259 58 56 in
873 2252 235 71 Kirche,
1155 2249 188 70 Staat,
1387 2242 236 69 Schule,
1669 2236 126 61 Ehe
1838 2257 143 37 usw.
2020 2230 184 61 endet
2232 2228 97 58 bei
2362 2225 107 58 der
2491 2217 364 65 Wirtschaft.

546 2338 131 62 Seit
720 2337 99 59 die
851 2334 214 60 Kirche
1109 2330 126 60 ihre
1279 2325 222 63 soziale
1531 2319 199 62 Macht
1769 2315 196 61 verlor
2007 2311 123 60 und
2161 2309 109 58 der
2299 2308 170 58 Staat
2498 2325 132 37 zum
2665 2308 190 49 Mittel

548 2421 110 61 der
719 2413 412 75 bürgerlichen
1176 2404 348 66 Wirtschaft
1581 2400 185 70 ward,
1830 2400 77 56 ist
1959 2393 110 59 das
2120 2412 190 57 ganze
2369 2389 226 56 Dasein
2648 2389 175 49 durch-

548 2497 470 65 revolutioniert.
1103 2490 127 60 Der
1285 2488 441 61 revolutionäre
1780 2474 334 63 Charakter
2176 2473 77 56 ist
2309 2466 108 59 der
2469 2464 390 73 Bourgeoisie

549 2578 364 70 wesentlich,
959 2578 86 57 sie
1089 2573 103 58 hat
1236 2593 74 36 an
1355 2565 190 64 Stelle
1589 2564 107 59 der
1739 2556 258 77 heiligen
2030 2550 208 61 Bande
2281 2544 290 63 zwischen
2616 2541 244 59 Mensch

551 2662 124 60 und
708 2657 242 62 Mensch
996 2677 109 38 nur
1133 2654 109 59 das
1274 2649 211 61 nackte
1514 2647 292 59 Interesse
1838 2635 298 79 gelassen,
2182 2631 100 59 die
2310 2628 553 59 wohlerworbenen

554 2741 339 62 Freiheiten
936 2741 56 54 in
1040 2729 430 81 gewissenlose
1501 2716 533 69 Handelsfreiheit,
2078 2713 98 58 die
2208 2706 317 65 ritterliche
2557 2705 274 72 Begeiste-

554 2846 154 44 rung
769 2823 58 57 in
888 2812 395 65 wucherische
1334 2807 391 71 Berechnung
1774 2793 385 68 verwandelt,
2218 2813 165 48 usw.,
2446 2808 113 38 wie
2624 2804 66 38 es
2756 2790 111 47 das

560 2897 581 80 „Kommunistische
1205 2890 317 61 Manifest“
1590 2882 254 76 darlegt.
1948 2875 119 61 Die
2130 2870 577 69 Revolutiomerung
2770 2865 100 55 auf

558 2984 80 60 ku
666 2979 270 63 turellem
991 2977 123 60 und
1156 2970 373 82 politischem
1576 2964 263 62 Gebiete
1882 2955 148 62 wird
2074 2951 100 63 auf
2218 2951 137 60 dem
2399 2946 471 63 ökonomischen

560 3064 374 70 fortgesetzt,
986 3057 147 61 aber
1175 3054 128 60 hier
1345 3049 230 74 schlägt
1617 3045 108 60 der
1767 3038 350 63 Nihilismus
2163 3033 85 59 als
2293 3029 273 63 Resultat
2609 3029 107 55 der
2761 3029 74 49 Be-

562 3144 236 73 freiung
841 3165 116 47 um,
990 3161 64 37 es
1098 3137 228 58 kommt
1369 3153 101 38 zur
1512 3125 195 64 Statik
1750 3120 124 63 und
1918 3114 343 64 Hierarchie
2305 3132 164 39 einer
2512 3127 195 40 neuen
2751 3109 82 52 Ge-

564 3221 368 66 meinschaft.
1113 3217 126 60 Das
1283 3212 353 61 Proletariat
1686 3204 356 60 übernimmt
2084 3193 281 62 zunächst
2409 3190 100 60 die

564 3307 165 61 lehre
789 3303 108 60 der
959 3297 476 63 revolutionären
1489 3287 307 77 Ideologie
1849 3283 111 58 des
2011 3278 388 76 Bürgertums
2451 3293 82 37 im
2585 3275 94 50 1«.
2708 3275 136 65 Jahr-

567 3385 277 69 hundert,
896 3381 97 61 die
1037 3376 316 78 politische
1395 3371 278 76 Religion
1717 3365 112 60 des
1872 3360 600 73 Staatsoptimismus,
2531 3354 118 53 den
2702 3355 147 47 ratio-

569 3467 173 62 nalen
775 3463 282 62 Glauben
1104 3482 72 36 an
1222 3457 117 58 den
1372 3449 362 71 Fortschritt,
1780 3444 57 60 d.
1868 3444 58 59 h.
1973 3440 97 59 die
2103 3434 284 94 Erreich-^
2399 3429 123 62 und
2562 3426 284 60 Errechen-

568 3547 236 62 barkeit
868 3545 108 59 der
1020 3538 337 64 Gedanken
1420 3532 125 62 und
1585 3525 323 72 Wünsche,
1971 3520 101 60 d-e
2126 3513 494 65 mechanistische
2665 3513 179 52 Natur-

570 3623 411 66 wissenschaft
1031 3621 101 61 auf
1183 3621 97 57 die
1327 3608 400 67 Gesellschaft
1771 3607 123 58 und
1938 3598 357 63 Geschichte
2338 3595 386 70 übertragen,
2775 3605 109 39 vor

574 3710 178 59 allem
823 3706 99 60 die
993 3687 874 91 bürgerlich-materialistische
1934 3680 256 65 Glücks-
2261 3677 124 61 und
2451 3669 433 66 Genußmoral,

576 3788 341 71 überhaupt
960 3783 120 60 den
1125 3777 412 79 bürgerlichen
1571 3771 178 61 Geist
1791 3764 123 62 und
1959 3763 118 60 den
2108 3760 229 75 Bürger
2382 3757 86 57 als
2500 3757 177 53 Idea.
2830 3766 56 36 ie

578 3871 99 60 die
722 3867 579 74 Erlösungspatente
1345 3858 109 59 der
1498 3854 325 75 Utopisten
1867 3849 231 73 zeigen,
2157 3838 247 61 zaubert
2449 3835 99 59 die
2592 3835 297 54 Vernunft

579 3953 134 58 eine
766 3970 154 38 neue
962 3943 181 70 Welt,
1208 3943 57 57 in
1319 3938 105 60 der
1479 3938 132 57 eine
1665 3929 259 60 Freiheit
1976 3924 158 61 ohne
2177 3910 452 68 Verbundenhe
2655 3919 40 60 t,
2754 3927 135 38 eine

582 4028 338 63 Gleichheit
969 4025 158 62 ohne
1179 4021 206 70 Liebe,
1438 4020 135 58 eine
1630 4007 453 77 Gerechtigkeit
2131 4000 159 63 ohne
2335 3995 214 79 Opfer,
2613 3990 128 59 also
2794 4008 95 38 ein
