3115 4644
499 386 119 60 556

1119 393 317 76 Johannes
1477 397 75 62 R.
1582 399 225 62 Becher
1865 435 16 15 •
1948 403 278 65 Gedichte

691 579 142 63 Und
877 607 124 36 wer
1042 585 103 61 hat
1188 587 120 60 den
1352 590 211 62 Befehl
1606 595 286 76 gegeben

688 659 85 63 Zu
816 667 171 57 töten
1030 666 125 60 und
1199 667 237 64 Kreuze
1479 695 71 37 zu
1596 675 288 61 errichten
1931 680 124 58 und
2099 685 105 58 mit
2246 681 559 69 Menschenfackeln

880 766 71 38 zu
998 746 456 66 durchleuchten
1500 753 119 60 den
1665 753 268 65 Raum!?

686 821 146 62 Wer
875 826 127 70 ists,
1047 826 108 60 der
1197 832 196 59 meine
1435 833 481 78 verborgensten
1962 837 338 66 Gedanken
2345 845 251 62 erriet!?

686 901 82 75 O,
813 903 198 63 denen
1055 911 158 57 mein
1258 911 160 61 Herz
1462 915 240 75 gebiert
1742 919 144 73 jetzt
1929 917 114 64 Tat
2085 945 97 37 um
2226 922 140 64 Tat!

683 983 202 61 Aexte
928 986 246 62 wirbeln
1221 994 122 58 und
1388 992 232 62 Messer
1662 996 240 78 glitzen.

683 1063 141 61 Und
867 1089 74 35 an
987 1066 119 61 den
1150 1067 465 67 Zündschnüren
1658 1080 277 75 züngelts

683 1143 142 63 Und
877 1145 414 81 Stapelplätze
1345 1155 122 59 und
1517 1155 463 80 Kornspeicher,
2033 1165 89 58 sie
2173 1164 259 63 brausen
2484 1170 319 76 prasselnd

875 1225 181 63 hinab

680 1303 143 63 Und
887 1311 133 57 eine
1086 1308 274 65 Peitsche
1423 1315 148 61 sähe
1636 1317 88 60 ich
1789 1321 407 64 unaufhörlich
2260 1326 122 60 und
2447 1330 78 58 im
2582 1329 214 80 Bogen

872 1388 443 79 geschwungen
1360 1392 150 63 hoch
1554 1399 59 57 in
1658 1401 165 59 einer
1864 1401 199 62 Faust.

679 1463 141 63 Und
863 1470 111 57 der
1002 1468 193 80 Würg
1198 1496 87 35 er:

677 1545 77 61 Er
795 1547 241 62 schritte
1081 1554 106 58 mit
1229 1551 343 76 schwerem,
1618 1557 429 64 schleifendem
2090 1561 258 65 Schritte
2391 1566 271 80 langsam
2695 1571 99 61 die

868 1630 319 76 gläsernen
1235 1632 213 63 Stufen
1491 1660 119 37 von
1655 1640 119 60 den
1817 1640 258 63 Sternen
2121 1645 335 65 hernieder.

674 1703 174 64 Aber
891 1712 195 59 meine
1130 1711 202 74 Hand,
1379 1719 88 57 sie
1510 1720 317 75 vergilbte,

675 1785 312 64 Während
1031 1790 86 61 ich
1163 1794 235 63 solches
1444 1797 218 75 denke.

675 1866 141 62 Und
860 1870 110 61 das
1011 1870 171 80 Aug:
1228 1898 66 37 es
1336 1881 307 71 versteint,

674 1946 141 62 Und
860 1954 194 58 meine
1083 1952 259 82 Wange,
1387 1957 99 61 die
1529 1960 437 77 wachsweiche,
2011 1968 88 58 sie
2138 1966 408 65 durchlöchert
2577 1973 119 61 sich
2729 2020 15 16 .
2776 2022 15 14 .

672 2106 176 64 Denn

672 2186 213 64 Fahler
924 2192 164 60 ward
1131 2195 122 60 und
1298 2199 95 57 ein
1435 2197 452 80 Ausgezehrter
1929 2204 109 61 der
2080 2205 263 76 Mensch,

669 2267 98 63 Da
809 2294 66 37 er
913 2274 401 63 verschüttete
1359 2277 99 61 die
1502 2280 365 65 himmlische
1910 2284 220 79 Speise

669 2350 141 61 Und
853 2352 235 63 trinken
1133 2355 119 61 ließ
1296 2382 138 38 vom
1481 2363 326 76 göttlichen
1839 2364 198 63 Trank

668 2427 118 63 Die
829 2431 400 75 Durstenden,

668 2510 118 61 Die
830 2512 157 63 nicht
1030 2519 169 58 eines
1242 2518 244 62 solchen
1529 2521 244 63 bedurft
1815 2525 224 62 hätten.

666 2590 178 62 Denn

666 2670 154 76 Ein,
867 2678 111 55 ein
1036 2672 254 80 Tropfen
1333 2679 101 61 fiel
1475 2680 291 65 allzuviel.

665 2750 141 62 Und
849 2777 70 36 so
961 2756 206 60 wurde
1211 2758 145 60 auch
1399 2773 276 49 verraten
1719 2765 111 60 das
1874 2764 259 65 Dunkel.

664 2831 142 62 Und
849 2835 99 60 die
992 2835 261 64 Leuchte
1295 2843 90 57 sie
1426 2844 276 60 verzehrt
1742 2846 122 60 sich
1909 2848 191 62 selbst
2145 2874 92 36 am
2279 2850 183 65 Licht.

661 3006 131 63 Soll
835 3009 89 61 ich
969 3034 120 37 nun
1119 3013 279 63 Würmer
1440 3017 250 75 fressen,

663 3089 195 77 Nägel
901 3092 243 73 beißen,

661 3169 214 80 Gierig
918 3172 182 62 durch
1144 3175 119 61 den
1307 3175 262 64 Schlund
1614 3180 99 61 die
1756 3180 388 80 Eingeweide
2189 3189 108 59 mir
2334 3188 441 83 heraufsaugen

852 3253 123 58 und
1016 3257 439 61 Wiederkauen.

659 3329 142 61 Und
846 3337 195 57 meine
1084 3334 210 80 Zunge
1337 3338 335 77 gewöhnen
1718 3367 75 36 an
1837 3343 119 61 den
2001 3343 375 66 Geschmack
2403 3373 122 39 von
2552 3351 221 63 faulem

851 3412 235 63 Holz!?
1133 3466 11 10 .
1192 3464 14 14 .
1252 3466 14 10 .

655 3489 330 66 Abendrot
1026 3497 273 75 geboren
1341 3522 74 37 zu
1458 3499 293 64 schlürfen

658 3570 141 63 Und
844 3575 149 60 mich
1037 3600 71 36 zu
1154 3580 290 61 ernähren
1487 3605 118 38 von
1637 3583 118 61 den
1787 3583 290 65 Früchten
2107 3588 113 62 des
2249 3589 392 66 Sternbaums
2671 3617 104 40 zur

849 3654 219 64 Nacht!

655 3730 219 64 Nacht:

654 3812 126 62 Das
824 3814 147 62 aber
1014 3819 77 59 ist
1133 3823 96 57 ein
1275 3819 167 64 Grab
1487 3824 123 60 und
1653 3824 252 82 flüssige
1949 3827 158 63 Erde

654 3892 142 62 Und
837 3918 139 38 vom

654 3972 137 63 Blut
833 3979 166 59 einer
1042 3979 334 64 schwarzen
1420 3982 226 62 Sonne.
