3021 4644
706 372 314 76 Johannes
1060 372 76 61 R.
1164 373 225 60 Becher
1448 406 14 14 •
1524 373 277 62 Gedichte

2311 380 118 59 557

326 562 177 60 Denn
547 560 207 78 sprach
763 561 282 77 gewaltig
1087 562 328 63 erschufest
1456 565 82 60 du
1582 565 147 61 mich
1774 566 122 61 und
1937 589 73 38 zu
2055 571 190 59 einem

325 641 413 61 Dröhnenden
782 641 362 62 Richt-Fest:

325 722 223 60 Darum
592 722 144 60 auch
780 722 170 60 wehe
994 722 139 61 dem
1176 721 148 80 Tag,

324 801 137 60 Den
501 824 73 37 zu
618 801 179 61 durch
806 802 269 60 donnern
1119 802 86 60 ich
1249 804 261 76 gesandt
1552 804 122 73 bin,

322 881 150 62 Drin
515 886 195 56 meine
754 881 164 61 Füße
961 905 73 38 zu
1077 895 205 48 setzen
1327 885 102 60 auf
1470 885 99 60 die
1613 886 246 61 Nacken
1903 887 108 61 der
2055 886 292 62 Frevler!!

322 961 254 61 Leichen
621 986 96 35 um
762 962 99 60 die
905 962 248 60 Mauern
1195 985 71 38 zu
1310 964 305 73 schleifen,

324 1044 108 58 Mit
461 1042 435 61 knirschenden
928 1041 243 62 Zähnen
1206 1046 89 57 sie
1326 1045 160 60 dann
1517 1045 489 79 erbarmungslos
2028 1046 401 62 zermalmend

322 1121 143 62 Und
506 1133 191 49 zerrte
740 1125 90 58 sie
875 1122 185 61 herab
1105 1126 58 57 in
1208 1124 116 61 den
1371 1124 124 62 Kot

324 1201 141 62 Und
508 1202 183 75 hinge
734 1204 147 59 mich
926 1228 75 35 an
1044 1206 87 59 sie
1175 1204 87 61 als
1307 1207 95 58 ein
1445 1205 343 61 Mühlstein.

324 1281 419 62 Unermüdbar

324 1362 147 61 Rast
513 1366 156 57 mein
715 1361 310 80 Gespann,

320 1441 360 62 Sichelarme
725 1444 147 59 aber
913 1444 259 59 streckte
1215 1444 447 62 hohnwinkend
1704 1445 89 61 ich
1837 1446 215 61 hervor
2102 1446 153 62 links
2307 1447 122 60 und

515 1522 191 61 rechts
750 1547 106 36 aus
900 1524 120 59 den
1064 1522 439 75 Räderachsen,

322 1601 371 61 Geschliffen

324 1682 139 61 Und
506 1682 157 61 nicht
702 1705 71 37 zu
816 1684 374 59 verscharten
1233 1684 150 59 noch
1426 1685 418 77 umzubiegen.

324 1761 200 61 Fallen
576 1764 149 59 aber
772 1764 202 59 werde
1026 1764 88 59 ich
1167 1775 122 50 erst
1338 1768 77 55 im
1467 1764 260 62 Anblick
1778 1766 209 61 deiner
2027 1765 222 80 Augen
2309 1766 120 61 und

515 1842 110 60 der
665 1842 275 75 Zeichen,
985 1844 101 61 die
1129 1845 148 60 mich
1319 1845 485 79 wiedergrüßen;

324 1921 116 61 Die
482 1922 192 61 sollen
719 1924 148 59 mich
912 1924 106 61 tief
1058 1924 341 61 vernichten
1445 1972 14 14 .
1506 1972 14 14 .
1566 1971 15 16 .

324 2095 118 61 Die
484 2095 360 75 Trommeln,
889 2102 86 57 sie
1018 2099 187 61 toben
1251 2104 76 56 im
1371 2099 211 79 Lager.

322 2175 492 80 Negergeneräle
858 2225 13 11 .
918 2225 14 14 .
979 2225 14 14 .
1037 2180 122 60 und
1202 2179 100 62 die
1345 2180 404 78 griechischen
1794 2180 574 82 Heldenjünglinge,

322 2255 104 62 Sie
468 2268 216 49 tanzen
727 2258 120 61 den
891 2258 353 78 Siegestanz
1288 2284 96 36 um
1430 2262 109 61 das
1582 2262 281 59 hölzerne
1905 2262 181 61 Pferd

322 2336 60 60 In
426 2336 108 61 der
575 2336 172 63 Mitte
790 2336 226 80 Trojas.

322 2416 141 61 Und
506 2419 613 78 schlangengegürtet
1161 2420 292 61 erscheint
1495 2422 97 59 die
1636 2422 328 72 Amazone,

322 2497 117 62 Die
484 2498 628 80 Männerbändigerin,

322 2577 127 60 Auf
490 2579 321 61 silbernem
856 2579 373 78 Bergkamm.

322 2657 317 62 Aetzende
683 2659 254 60 Flecken
981 2660 124 60 und
1147 2659 247 61 Narben
1436 2664 213 75 zeigen
1703 2660 119 63 sich
1873 2662 103 61 auf
2018 2663 120 60 den
2183 2662 239 62 Stirnen

517 2738 108 59 der
665 2742 380 75 aussätzigen
1091 2739 271 79 Krieger.

324 2815 238 61 Hörner
604 2818 230 60 bohren
877 2819 121 61 sich
1044 2819 217 61 hervor
1303 2842 106 38 aus
1454 2819 109 61 der
1605 2820 182 61 Haut.

321 2897 197 59 Büffel
561 2899 122 59 und
726 2899 116 60 Bär
884 2899 157 61 habe
1086 2900 86 60 ich
1218 2899 244 61 erwählt
1505 2903 108 57 mir
1653 2924 132 37 zum
1831 2900 448 80 Kampfgenoß.

321 2975 306 79 Verbergt
670 2978 98 61 die
811 2977 197 62 Zelte!

324 3055 171 61 Aber
538 3058 116 70 ich,

324 3137 96 59 Ich
463 3138 254 76 schlüge
763 3138 155 60 mich
962 3143 106 56 mit
1108 3138 277 61 hinunter
1427 3143 106 57 mit
1575 3139 137 61 dem
1751 3139 210 62 Geröll
2004 3144 58 57 in
2107 3142 99 59 die
2235 3139 189 62 Tiefe.

320 3217 173 59 Wird
532 3220 154 58 auch
730 3218 264 61 dereinst
1045 3223 155 56 mein
1251 3219 191 61 Name
1502 3222 160 59 wohl
1724 3220 291 61 ruhmvoll
2084 3220 120 61 und
2265 3220 159 63 hoch

515 3298 362 77 ausgerufen
922 3302 127 57 sein
1093 3299 101 60 auf
1235 3303 164 57 einer
1442 3299 207 61 Höhe:

325 3374 296 83 Schuldig
663 3379 279 60 dennoch
987 3378 141 61 muß
1172 3379 96 61 ich
1312 3380 153 60 euch
1509 3380 242 60 bleiben
1796 3380 99 60 die
1937 3378 295 62 Antwort.

325 3453 235 79 Blutige
603 3457 206 77 Sagen
852 3458 198 61 lassen
1093 3483 224 37 raunen
1361 3460 150 60 über
1554 3460 175 60 mich.

324 3532 294 78 Langsam
663 3538 146 60 aber
851 3539 122 59 und
1014 3542 112 57 wie
1171 3544 94 55 ein
1308 3540 160 77 Berg
1507 3539 201 60 werde
1752 3538 96 60 ich
1891 3538 391 76 abgetragen.

324 3610 332 65 Auftaucht
696 3615 156 60 wohl
895 3618 89 60 oft
1026 3618 157 61 noch
1228 3618 331 62 manchmal
1604 3622 155 57 mein
1804 3617 256 61 Gesicht

322 3690 135 63 Aus
501 3694 136 60 dem
680 3695 242 60 Dunkel

321 3772 128 62 Auf
491 3777 134 57 eine
668 3773 286 62 Sekunde

325 3852 141 63 Und
510 3852 244 62 erlischt
799 3899 11 11 .
857 3900 15 14 .
918 3900 14 15 .

321 3933 116 62 Als
480 3933 202 79 Opfer
721 3933 205 61 wurde
969 3934 96 60 ich
1110 3935 161 60 nicht
1313 3960 456 52 angenommen.
