3167 4646
1225 440 276 58 Kasimir
1538 437 335 61 Edschmid
1931 469 14 13 •
2008 432 162 62 Särö

525 449 121 62 508

531 642 143 72 Auf
725 640 126 73 der
899 637 479 96 geschorenen
1415 633 271 92 Steppe
1722 637 107 64 ins
1854 628 198 73 Land
2088 626 231 73 hinein
2357 623 264 92 spielen
2659 618 134 94 Eng-

527 738 246 74 länder
825 734 192 75 Golf.
1103 731 249 73 Weiße
1404 731 291 72 Männer
1746 727 226 91 liegen
2024 738 210 57 unten
2288 727 68 67 in
2410 720 136 72 den
2598 717 201 92 Segei-

528 835 315 95 yachten.
947 831 109 74 Ich
1111 828 197 74 stehe
1362 826 135 85 auf,
1553 826 154 90 lege
1761 822 116 72 die
1933 821 212 71 Hand
2197 819 174 72 über
2424 816 113 71 die
2587 814 251 92 Augen

529 931 144 73 und
725 929 169 73 sehe
945 929 162 90 lang
1161 931 67 66 in
1282 924 115 72 die
1446 922 320 93 gläserne
1820 917 236 73 Bläue.
2157 915 111 72 Ich
2320 938 347 66 vergesse,
2729 936 109 43 wo

531 1029 106 74 ich
707 1028 142 82 bin,
927 1024 108 74 ich
1110 1021 214 74 drehe
1393 1019 178 72 mich
1641 1044 143 45 um:
1863 1013 154 87 „Ich
2086 1013 126 71 sah
2273 1010 108 72 Ihr
2434 1006 404 81 Stadthaus,

531 1124 304 96 gnädige
887 1122 210 82 Frau;
1147 1118 152 74 darf
1348 1117 108 72 ich
1510 1143 75 45 es
1637 1141 239 65 sagen,
1931 1112 115 71 die
2097 1104 478 77 holländische
2626 1103 172 71 Back-

533 1225 624 69 steinrenaissance
1209 1216 118 71 hat
1379 1218 154 66 eine
1585 1208 388 75 asketische
2025 1207 215 82 Linie,
2297 1204 112 71 die
2461 1200 107 74 ich
2620 1202 223 89 wenig

533 1325 294 85 ertrüge,
898 1321 109 66 nie
1075 1317 154 68 eine
1281 1311 173 71 Frau
1509 1308 215 72 damit
1775 1303 371 93 umgäbe“.
2249 1301 107 72 Ihr
2405 1296 437 75 kristallenes

537 1415 240 72 blaues
829 1414 206 90 Auge
1087 1406 298 75 umfährt
1437 1405 178 72 mich
1670 1402 183 74 ohne
1907 1402 242 80 Ironie,
2211 1397 179 73 sieht
2439 1395 173 71 über
2664 1390 179 73 mich

533 1540 173 63 weg.
807 1507 110 73 Ich
985 1503 361 94 impfinde,
1418 1500 140 73 daß
1627 1500 129 71 alle
1825 1499 228 90 lügen,
2118 1493 142 73 daß
2333 1496 99 68 sie
2491 1489 187 72 nicht
2730 1493 115 66 die

536 1634 390 45 marmorne
969 1601 327 73 schönste
1341 1598 175 71 Frau
1561 1595 388 73 Bohusläns
2003 1598 115 79 ist;
2196 1588 259 73 welche
2500 1583 343 85 Narrheit,

537 1702 329 83 sondern,
922 1698 141 74 daß
1116 1701 99 68 sie
1267 1693 181 75 noch
1501 1692 187 74 nicht
1736 1691 237 94 gelebt
2025 1688 121 71 hat
2180 1684 143 74 und
2359 1684 146 73 ihre
2542 1679 304 76 Gefühle

536 1796 440 78 lawinenhaft
1011 1796 222 72 hinter
1272 1792 159 73 dem
1463 1788 427 92 Herzschlag
1919 1788 246 91 liegen.
2218 1781 200 74 Aber
2446 1786 89 65 im
2561 1781 238 90 Augen-

539 1896 181 73 blick
774 1893 242 73 darauf
1070 1890 219 74 schon
1342 1888 168 72 sehe
1562 1885 108 74 ich
1722 1884 128 72 das
1887 1884 192 70 Meer
2112 1879 286 83 wieder;
2444 1880 101 67 sie
2582 1880 85 66 ist
2704 1874 107 71 auf-

537 1992 408 95 gestanden,
985 2018 87 44 an
1110 1989 115 71 die
1262 1987 243 72 Mauer
1538 1995 335 82 getreten,
1911 2008 141 43 was
2080 1978 339 71 kümmert
2447 1971 179 74 mich
2657 1971 190 71 diese

541 2091 197 81 Frau,
810 2087 113 72 die
974 2084 199 74 Ruhe
1243 2082 227 74 macht
1521 2079 179 74 mich
1750 2074 360 97 glücklich,
2180 2068 666 95 überempfindsam,

542 2187 113 71 die
708 2183 209 93 Segel
984 2186 259 67 meiner
1296 2178 204 74 Seele
1567 2175 155 73 sind
1790 2172 180 94 groß
2037 2171 143 71 und
2234 2173 156 66 weit
2439 2162 409 98 gebauscht.

541 2280 321 75 Welcher
912 2277 269 83 Friede,
1253 2275 107 72 ich
1427 2274 132 72 will
1622 2300 73 43 es
1749 2298 237 65 sagen,
2058 2295 74 45 es
2183 2265 263 94 gelingt
2498 2266 146 77 mir,
2714 2260 137 71 fast

539 2378 234 73 werde
806 2375 109 73 ich
951 2374 419 81 mitteilsam,
1425 2376 109 67 ein
1571 2368 412 81 Schwätzer,
2022 2364 102 72 ich
2165 2361 291 73 schüttle
2494 2356 179 74 mich
2709 2355 141 72 und

542 2473 196 75 lache
790 2478 67 66 in
910 2470 177 73 mich
1141 2469 253 73 hinein.
1481 2467 133 71 Die
1652 2463 448 75 Obstbäume
2152 2459 312 71 brennen
2516 2454 105 72 ihr
2645 2450 206 76 Weiß

542 2600 225 65 gegen
837 2570 113 71 die
1018 2567 346 74 besonnte
1416 2561 363 76 Felswand
1846 2558 143 74 und
2041 2556 393 91 schwingen
2486 2550 144 74 sich
2682 2550 173 92 selig

543 2669 174 72 über
768 2666 128 72 das
951 2670 90 66 im
1096 2664 200 71 Kreis
1347 2660 382 94 gerundete
1785 2657 216 70 Meer.
2105 2655 69 69 In
2227 2652 126 72 der
2405 2647 448 94 abgeebbten

547 2760 456 79 Seitenbucht
1053 2760 226 93 liegen
1313 2756 259 73 Völker
1623 2783 137 43 von
1817 2752 254 72 Möven
2124 2754 122 67 mit
2296 2745 559 94 ausgebreiteten

546 2859 284 93 Flügeln
884 2863 89 66 im
1027 2855 217 75 Sand.
1328 2853 147 72 Wir
1528 2857 212 67 sitzen
1793 2849 142 71 und
1985 2845 217 74 reden
2253 2843 141 73 und
2447 2854 258 60 warten
2744 2837 113 73 auf

546 2958 371 90 Almqvist,
988 2952 106 73 ich
1149 2948 420 84 erschrecke,
1642 2944 162 75 muß
1858 2943 265 84 lachen,
2194 2942 113 71 die
2359 2939 332 72 Teetasse
2742 2935 114 71 fiel

546 3085 82 43 zu
663 3052 270 73 Boden.
1021 3048 109 74 Ich
1185 3046 163 73 muß
1398 3043 264 84 lachen,
1718 3041 184 75 ohne
1954 3069 76 43 es
2080 3069 81 43 zu
2212 3042 241 88 zeigen
2505 3036 154 90 (wie
2695 3031 162 73 kühl

548 3151 143 74 und
743 3146 259 75 höflich
1054 3150 89 68 ist
1196 3150 180 67 mein
1406 3141 339 91 Gesicht),
1801 3138 106 74 ich
1959 3144 168 66 sitze
2165 3140 119 67 mit
2321 3133 126 73 der
2483 3131 376 74 schönsten

555 3249 175 72 Frau
781 3241 608 77 Westschwedens
1456 3239 172 71 über
1698 3238 136 71 den
1901 3232 408 94 wiegenden
2370 3229 240 72 Rahen
2681 3226 179 71 ihrer

552 3345 148 72 drei
736 3340 456 92 Segelboote,
1242 3337 143 72 und
1420 3333 106 75 ich
1564 3333 168 72 sehe
1768 3333 171 71 über
1976 3330 101 71 ihr
2114 3329 221 71 hinter
2366 3326 137 72 den
2532 3323 282 75 Schaum-

552 3442 198 72 riffen
801 3467 136 44 von
994 3437 136 72 den
1183 3439 68 68 in
1305 3434 123 72 der
1464 3433 193 71 Brise
1709 3427 515 76 schaukelnden
2260 3422 447 73 Kirschästen
2751 3419 110 73 bis

551 3568 81 43 zu
687 3537 122 73 der
846 3535 235 92 Spitze
1135 3532 127 73 des
1300 3528 460 91 Granitbergs
1812 3532 241 66 immer
2104 3528 153 68 eine
2292 3522 301 71 Reiterin
2650 3514 210 74 durch

560 3636 115 71 die
727 3631 155 75 Luft
933 3629 487 73 hinschreiten.

650 3730 132 71 Die
835 3726 267 73 Kinder
1169 3725 326 71 kommen
1563 3719 268 84 rufend,
1901 3716 256 74 werfen
2226 3713 141 73 sich
2439 3711 105 71 ihr
2610 3738 85 43 an
2751 3705 113 72 die

555 3828 223 71 Brust.
865 3824 155 71 Wie
1073 3822 221 72 schön
1347 3819 108 74 ich
1510 3822 120 68 mit
1667 3815 311 73 Kindern
2032 3812 264 94 spielen
2351 3810 204 82 kann,
2611 3804 110 72 die
2757 3800 107 75 ich

556 3937 198 60 sonst
806 3926 111 67 nie
969 3920 148 73 sah.
1205 3918 127 73 Bin
1370 3917 109 72 ich
1517 3912 342 76 sechzehn
1890 3909 260 93 Jahre?
2210 3908 95 81 O,
2342 3909 127 69 wie
2519 3902 187 72 fühle
2752 3899 110 73 ich

557 4020 183 74 mich
809 4047 136 44 von
1017 4021 126 69 mir
1210 4014 218 74 selbst
1497 4012 366 74 verlassen.
1985 4007 226 88 Sogar
2278 4003 137 73 den
2484 4001 382 71 Bärentanz
