2163 3618
955 129 274 39 L'ÉTRANGER

100 142 73 39 502

99 233 141 51 parmi
265 229 234 53 l'ouragan
518 231 228 42 déchaîné.
768 232 88 41 Dès
884 233 62 40 les
978 232 240 52 premières
1246 243 200 28 mesures
1479 229 55 40 de
1567 229 183 40 l'oeuvre
1785 231 219 47 nouvelle,
2037 244 57 27 on

101 313 54 26 ne
174 308 104 43 peut
301 300 63 52 s'y
386 300 263 52 méprendre
670 316 7 25 :
704 301 63 41 les
790 302 159 52 simple
969 300 168 41 triolets
1159 297 242 54 {do-la-do)
1422 299 76 51 qui
1521 311 46 27 se
1589 298 232 40 déroulent
1845 311 104 27 sans
1973 297 61 42 fin
2053 308 42 31 et

100 367 146 40 disent
273 367 40 41 la
352 370 260 39 monotonie
642 369 77 41 des
739 383 170 38 vagues
943 366 302 53 infatigables,
1270 375 42 32 et
1334 367 160 52 l'appel
1529 371 88 36 très
1651 366 90 41 lent
1771 368 75 51 qui
1881 367 122 40 flotte
2038 381 55 27 au

96 435 153 41 milieu
268 436 54 40 de
341 434 254 43 l'orchestre
616 435 92 55 (mi,
722 437 85 54 fat
807 443 26 44 f,
852 438 118 51 so/îf,
993 437 76 52 fat
1069 442 25 45 ï,
1115 434 92 55 mi),
1227 449 114 28 nous
1367 443 239 42 montrent,
1632 449 56 26 au
1711 435 87 40 lieu
1835 435 54 40 de
1926 435 167 41 l'océan

95 503 162 49 brutal,
280 518 86 26 une
381 518 95 26 mer
496 506 187 47 animée,
705 510 142 47 émue,
873 515 41 32 et
936 508 75 51 qui
1035 505 157 41 chante
1217 515 8 28 :
1244 517 115 27 nous
1383 516 205 37 voguons
1617 516 55 27 en
1701 503 146 51 pleine
1868 504 221 51 musique.

95 571 63 41 Ce
181 576 143 36 même
358 573 150 40 dessin
536 587 55 26 en
614 575 168 40 triolets
811 588 316 39 accompagne,
1162 587 54 26 en
1249 586 46 26 se
1327 572 299 47 ralentissant,
1653 571 38 39 le
1720 572 193 51 premier
1938 570 156 41 chœur

94 639 78 39 des
203 639 229 52 pêcheurs,
459 649 42 31 et
519 640 178 42 l'entrée
719 642 53 40 de
795 632 265 61 l'Étranger,
1088 645 226 37 annoncée
1337 655 80 38 par
1437 654 46 26 ce
1506 639 115 41 beau
1645 638 132 42 motif
1792 640 153 40 tendre
1970 650 8 28 :

146 1141 69 41 Un
235 1151 123 31 autre
393 1141 132 41 motif
555 1143 184 52 répond,
777 1143 121 49 léger
929 1151 41 32 et
1004 1155 235 39 moqueur,
1275 1155 85 39 que
1398 1154 114 27 nous
1541 1149 314 32 retrouverons
1898 1141 188 49 bientôt,

89 1209 139 49 élargi
260 1217 41 32 et
330 1223 138 36 grave
504 1225 8 24 :
539 1210 29 39 il
597 1211 179 51 dépeint
804 1218 95 32 tout
922 1207 186 43 d'abord
1139 1209 39 40 la
1203 1209 157 40 malice
1382 1209 77 40 des
1482 1209 220 48 hommes,
1740 1210 74 51 qui
1841 1223 55 26 ne
1935 1218 154 32 savent

89 1276 290 52 comprendre
403 1289 87 28 une
522 1277 166 40 charité
710 1286 95 43 trop
828 1278 197 50 ardente,
1053 1285 41 32 et
1117 1291 113 26 nous
1252 1276 79 42 fait
1362 1277 213 41 entendre
1614 1278 173 39 ensuite
1818 1277 40 40 la
1893 1278 196 39 tristesse

87 1344 218 52 profonde
329 1358 85 39 que
434 1353 93 32 tant
547 1345 318 51 d'ingratitude
887 1347 155 40 éveille
1070 1361 57 26 au
1147 1360 122 26 cœur
1287 1348 54 38 de
1364 1336 251 59 l'Étranger
1648 1361 8 24 :
1684 1343 104 42 c'est
1812 1347 114 38 ainsi
1948 1353 119 32 trans-

85 1411 143 41 formé
247 1410 106 55 qu'il
377 1426 45 27 se
453 1413 173 51 dégage
647 1414 54 40 de
730 1413 270 50 l'orchestre,
1024 1414 145 40 tandis
1196 1427 86 39 que
1304 1414 39 40 le
1365 1414 148 50 héros,
1536 1413 171 40 maudit
1724 1427 82 38 par
1827 1413 63 40 les
1912 1411 176 42 enfants

85 1481 58 40 du
162 1481 194 52 pêcheur
379 1482 105 52 qu'il
506 1483 119 39 vient
647 1482 54 40 de
724 1484 210 47 secourir,
960 1482 183 41 s'assied
1162 1496 75 27 sur
1255 1482 40 40 la
1317 1483 109 51 jetée
1445 1490 41 32 et
1506 1481 308 41 raccommode
1830 1481 63 40 les
1915 1482 173 40 mailles

85 1548 54 41 de
158 1562 81 27 son
262 1548 92 42 filet
376 1566 7 24 :

139 2135 56 43 Et
217 2138 187 40 aussitôt
436 2140 216 49 apparaît,
679 2150 104 27 avec
805 2150 87 28 une
923 2138 220 51 précision
1166 2137 277 46 saisissante,
1465 2136 40 40 le
1533 2149 102 26 sens
1670 2136 54 39 de
1756 2135 39 40 la
1821 2140 127 35 scène
1972 2139 22 36 à
2025 2135 41 40 la-

84 2205 145 52 quelle
251 2218 114 27 nous
383 2218 171 27 venons
576 2205 240 41 d'assister.
842 2204 61 41 M.
930 2204 155 52 d'lndy
1104 2204 78 41 fait
1202 2213 188 32 souvent
1404 2204 128 52 appel
1555 2205 115 39 ainsi
1691 2208 22 35 à
1738 2204 273 52 l'éloquence
2030 2204 54 39 de

82 2274 39 39 la
146 2275 222 51 musique,
393 2282 42 32 et
454 2274 38 52 je
513 2276 207 50 pourrais
743 2275 105 39 citer
866 2275 167 39 mainte
1047 2281 124 33 autre
1190 2287 116 38 page
1322 2279 57 34 où
1402 2272 255 41 l'orchestre
1680 2272 164 41 achève
1860 2273 39 39 la
1921 2277 163 47 pensée

84 2356 85 38 que
197 2342 62 40 les
281 2342 176 52 paroles
480 2342 183 40 laissent
695 2342 245 40 seulement
962 2343 236 48 entrevoir,
1225 2354 55 28 ou
1310 2343 144 38 même
1473 2341 39 39 la
1534 2341 143 40 révèle
1701 2342 117 39 alors
1842 2338 159 54 qu'elle
2039 2354 45 26 se

82 2410 132 41 cache
234 2425 55 26 au
308 2410 106 41 fond
431 2410 78 40 des
529 2423 158 27 cœurs.
714 2409 86 41 Ces
822 2410 391 52 développements
1237 2410 353 52 symphoniques
1607 2417 100 32 sont
1730 2410 201 51 toujours
1954 2410 128 39 écrits

82 2490 103 28 avec
208 2479 39 39 la
271 2479 101 52 plus
403 2480 261 49 ingénieuse
701 2479 250 52 simplicité,
976 2479 200 52 toujours
1200 2482 164 35 arrêtés
1400 2492 55 25 au
1490 2479 126 51 point
1638 2478 142 51 précis
1804 2483 56 33 où
1903 2476 179 40 l'action

82 2549 199 50 pourrait
303 2547 193 40 sembler
514 2547 190 50 languir.
731 2546 120 41 C'est
873 2547 40 40 là
938 2547 245 52 cependant
1206 2545 106 53 qu'il
1334 2545 94 41 faut
1450 2545 209 40 chercher
1678 2545 62 39 les
1762 2545 101 52 plus
1884 2545 197 49 grandes

83 2615 182 41 beautés
287 2616 54 39 de
363 2613 181 43 l'œuvre
564 2624 41 32 et
636 2617 120 39 aussi
776 2615 40 40 la
843 2620 162 47 pensée
1026 2615 218 52 profonde
1266 2615 54 38 de
1342 2612 202 42 l'auteur.
1570 2611 119 42 C'est
1724 2615 114 37 ainsi
1874 2626 86 39 que
1992 2613 89 40 l'on

82 2684 328 52 comprendrait
432 2684 88 39 mal
550 2684 39 39 le
611 2697 281 39 personnage
914 2684 54 39 de
990 2673 252 60 l'Étranger
1271 2696 104 26 sans
1410 2690 109 31 cette
1546 2680 248 41 admirable
1828 2694 130 38 page,
1985 2683 92 50 qui,

82 2751 111 39 dans
216 2751 40 39 la
287 2751 200 39 dernière
518 2757 129 34 scène
670 2764 104 27 avec
807 2751 117 48 Vita,
951 2765 301 38 accompagne
1290 2751 63 40 les
1391 2751 175 51 paroles
1592 2761 8 28 :
1627 2761 20 28 ((
1672 2749 111 41 Mon
1807 2760 107 30 nom
1936 2754 70 36 ?...
2030 2749 51 56 Je

83 2815 100 43 n'en
203 2820 40 38 ai
265 2832 95 38 pas.
379 2818 49 53 Je
450 2820 93 38 suis
560 2819 110 40 celui
692 2821 74 50 qui
790 2822 114 46 rêve,
931 2822 38 49 je
989 2822 91 38 suis
1101 2819 111 40 celui
1237 2820 75 51 qui
1333 2820 166 38 aime...
1528 2829 20 27 ))
