2131 3591
916 130 77 31 LES
1026 132 165 29 PROSES

1964 133 78 38 519

58 220 152 41 taisies
230 220 372 55 polyphoniques
633 221 61 41 du
726 226 71 37 xiv
802 230 12 17 e
853 221 133 43 siècle
1015 233 41 31 et
1077 232 95 31 tant
1204 223 192 40 d'autres
1432 223 361 42 manifestations
1807 223 236 43 littéraires

61 295 52 40 de
136 294 254 42 l'initiative
406 294 234 44 humaine.

118 378 45 31 2°
183 385 19 21 «
232 368 63 41 La
318 368 199 41 manière
539 369 338 42 traditionnelle
897 370 279 55 d'expliquer
1196 368 208 55 l'origine
1429 371 78 40 des
1536 373 244 54 séquences
1799 383 65 31 est
1884 373 160 55 sujette

61 442 23 40 à
105 443 236 53 beaucoup
374 442 315 56 d'objections,
714 444 111 42 dont
859 444 42 41 la
932 442 248 57 principale
1210 453 65 31 est
1306 443 161 54 qu'elle
1488 444 77 42 fait
1592 446 178 41 tomber
1792 446 59 41 du
1874 446 83 42 ciel
1980 460 61 27 un

61 523 210 27 nouveau
294 523 136 41 genre
447 511 53 41 de
519 511 168 55 poésie.
717 529 19 21 »

118 578 81 49 Or,
231 576 67 42 s'il
320 592 29 40 y
378 591 23 28 a
433 578 235 56 beaucoup
695 578 300 56 d'objections
1019 577 23 41 à
1065 577 110 42 faire
1205 578 24 42 à
1257 578 43 41 la
1331 577 124 43 thèse
1478 580 335 41 traditionnelle
1834 595 76 27 sur
1926 581 99 42 l'ori-

62 644 102 55 gine
188 645 77 41 des
288 659 174 41 proses,
486 646 40 41 le
550 648 37 38 D
593 651 14 17 r
626 648 201 53 Wagner
847 660 54 26 ne
922 659 117 27 nous
1063 658 54 27 en
1140 647 207 53 présente
1367 646 168 54 qu'une
1568 647 137 42 seule.
1744 648 64 41 Ce
1834 662 209 28 nouveau

62 726 135 41 genre
219 714 53 40 de
292 713 154 55 poésie
466 714 242 41 tomberait
727 714 60 40 du
807 713 98 53 ciel,
929 726 115 27 nous
1065 712 139 42 dit-il.
1225 712 297 56 L'objection,
1543 728 106 27 sous
1672 725 110 31 cette
1799 715 158 52 forme,
1981 727 64 31 est

61 794 87 41 peu
174 780 210 42 sérieuse.
412 781 37 41 Il
474 781 93 41 faut
597 794 103 28 sans
733 782 137 40 doute
900 780 214 41 entendre
1152 794 81 41 par
1269 780 42 41 là
1343 781 141 54 qu'un
1524 782 152 41 moine
1702 796 24 27 a
1756 782 83 41 tiré
1874 784 52 40 de
1962 798 83 27 son

61 862 167 41 propre
244 849 135 40 fonds
399 862 88 27 une
510 848 144 40 forme
675 847 209 41 nouvelle
905 848 52 40 de
977 846 152 56 poésie
1149 847 264 55 liturgique.
1430 849 153 40 Est-ce
1606 849 137 41 chose
1763 849 35 40 si
1822 863 95 28 rare
1935 851 110 42 dans

61 915 222 42 l'histoire
302 915 240 41 littéraire?
564 914 228 41 Combien
811 915 53 40 de
889 914 103 51 fois,
1018 914 23 41 à
1059 924 89 31 tort
1180 928 59 27 ou
1260 914 23 41 à
1312 914 169 53 raison,
1505 915 160 54 depuis
1698 916 152 55 Sapho
1870 916 176 56 jusquà

61 983 59 40 tel
145 983 109 54 petit
284 983 130 54 poète
450 983 60 40 du
539 992 123 31 XVIII®
692 982 152 51 siècle,
861 993 365 30 trouvons-nous
1248 981 300 42 l'attribution
1598 982 134 41 d'une
1755 983 144 42 forme
1931 998 87 28 nou-

61 1049 114 42 velle
198 1050 23 42 à
237 1063 89 28 une
345 1049 320 42 individualité
685 1051 53 41 de
759 1050 42 41 la
822 1050 278 43 littérature?

120 1119 60 40 Le
204 1117 154 42 moine
381 1119 225 40 normand
633 1117 77 56 qui
740 1132 23 27 a
793 1118 86 41 mis
909 1119 76 40 des
1017 1117 175 57 paroles
1222 1131 106 28 sous
1349 1117 42 42 la
1422 1120 221 53 séquence
1672 1117 324 56 alléluiatique,
2024 1133 23 27 a

64 1186 79 42 fait
173 1200 166 42 preuve
370 1187 53 40 de
446 1186 91 41 bon
561 1199 118 40 sens,
709 1185 305 55 simplement.
1040 1187 189 51 Notker,
1255 1185 77 55 qui
1369 1199 24 28 a
1420 1185 311 56 perfectionné
1764 1199 48 28 ce
1834 1187 210 54 procédé,

64 1255 117 54 quia
204 1255 158 54 adapté
390 1255 23 41 à
441 1268 87 27 une
552 1254 120 55 règle
692 1254 213 55 poétique
927 1254 40 41 le
994 1253 128 56 génie
1157 1255 52 39 de
1236 1253 42 42 la
1315 1253 164 55 langue
1512 1255 52 40 de
1588 1268 82 27 son
1693 1264 162 45 temps,
1876 1254 40 41 le
1932 1254 115 42 latin

63 1321 220 55 vulgaire,
308 1335 23 28 a
362 1321 79 42 fait
476 1335 154 28 œuvre
665 1321 215 42 d'artiste.
917 1321 37 42 Il
987 1335 55 28 ne
1071 1321 187 55 pouvait
1298 1322 252 53 cependant
1583 1335 79 41 pas
1697 1335 242 41 composer
1971 1323 76 41 des

64 1390 195 55 hymnes
284 1389 265 55 métriques,
574 1389 65 41 lui
670 1389 77 55 qui
776 1389 184 41 écrivait
990 1401 118 42 pour
1137 1389 44 40 la
1216 1387 122 42 foule
1369 1388 169 55 pieuse,
1577 1388 112 41 mais
1719 1388 257 55 ignorante:
2007 1390 40 40 le

64 1457 244 41 sentiment
350 1457 52 41 de
437 1457 42 41 la
512 1457 203 53 quantité
750 1455 278 56 prosodique
1067 1455 104 42 était
1211 1465 119 31 mort
1365 1455 159 55 depuis
1564 1455 258 55 longtemps
1854 1470 116 41 pour
2007 1457 39 41 le

63 1524 180 56 peuple.
271 1524 122 52 Seul,
411 1524 187 42 l'accent
620 1523 188 55 tonique
828 1523 189 42 animait
1035 1523 39 40 le
1094 1523 110 41 latin
1225 1533 41 30 et
1296 1523 186 54 pouvait
1502 1523 140 40 servir
1665 1524 52 40 de
1742 1523 264 42 fondement
2023 1524 23 42 à

64 1607 62 26 un
171 1602 66 31 art
274 1591 212 55 poétique
515 1591 238 55 populaire
785 1604 55 28 au
879 1603 44 28 ix
926 1600 13 15 e
981 1590 148 42 siècle.
1181 1589 116 41 Rien
1332 1590 53 40 de
1432 1590 103 54 plus
1573 1591 190 52 naturel,
1808 1592 52 40 de
1896 1592 151 40 moins

65 1659 281 42 miraculeux
369 1672 86 41 que
480 1658 40 40 le
546 1659 192 53 procédé
761 1657 78 55 qui
860 1671 24 27 a
903 1658 225 53 engendré
1150 1657 64 40 les
1234 1670 179 41 proses:
1439 1657 230 41 tellement
1688 1658 190 53 naturel,
1902 1658 36 41 si
1961 1672 86 41 peu

64 1727 281 41 miraculeux
364 1727 163 51 même,
552 1725 102 53 qu'à
679 1726 221 54 Byzance,
924 1724 43 41 la
990 1726 145 39 même
1158 1737 131 27 cause
1314 1738 22 27 a
1359 1724 185 54 produit
1562 1724 40 40 le
1625 1727 146 39 même
1794 1725 116 41 effet.
1925 1726 98 41 L'ac-

64 1804 117 40 cent,
223 1793 78 41 dès
339 1792 39 41 le
418 1807 40 25 iv
463 1801 15 19 e
512 1791 149 50 siècle,
691 1805 23 27 a
747 1791 224 54 remplacé
1010 1791 41 40 la
1079 1790 203 54 quantité
1314 1791 111 41 dans
1456 1792 42 40 la
1531 1792 153 54 poésie
1725 1792 240 55 byzantine
2004 1803 41 31 et

66 1876 89 27 une
178 1860 306 42 versification
517 1859 189 55 tonique
727 1872 23 28 a
772 1872 87 41 peu
882 1858 23 41 à
922 1872 87 40 peu
1033 1858 239 54 supplanté
1301 1858 42 41 la
1366 1858 223 55 métrique
1622 1859 235 43 ancienne.
1883 1864 38 36 A
1957 1860 58 55 By-

63 1944 137 27 zance
233 1942 178 28 comme
431 1928 23 40 à
479 1926 271 51 Saint-Gall,
776 1940 117 27 nous
922 1939 116 27 nous
1060 1936 221 30 trouvons
1307 1938 53 28 en
1380 1927 212 53 présence
1613 1927 132 40 d'une
1768 1926 200 42 réaction
1991 1928 53 40 de

64 1998 42 41 la
133 1997 164 53 langue
319 1994 203 55 vulgaire
546 2008 75 27 sur
649 1994 42 41 la
722 1992 321 42 versification.
1070 1992 121 42 C'est
1216 2006 61 26 un
1300 1991 76 42 fait
1397 1992 103 41 bien
1522 1992 178 56 simple.
1724 1993 37 41 Il
1783 2008 28 40 y
1833 2008 23 26 a
1882 2008 135 26 conco-

65 2064 212 52 mitance,
303 2073 40 31 et
379 2076 93 27 non
509 2060 209 42 filiation.
745 2060 259 52 D'ailleurs,
1028 2060 24 41 à
1092 2059 42 41 la
1176 2073 221 41 supposer
1446 2060 137 51 vraie,
1632 2060 305 56 l'explication
1984 2062 60 40 du

65 2133 38 40 D
110 2141 14 19 r
153 2132 202 52 Wagner
387 2144 53 26 ne
468 2128 78 42 fait
578 2142 86 40 que
696 2127 174 41 reculer
892 2127 41 41 la
953 2126 220 42 difficulté
1192 2139 9 29 :
1227 2140 55 27 au
1300 2126 92 42 lieu
1415 2142 86 40 que
1533 2142 47 26 ce
1613 2128 86 41 soit
1724 2128 23 41 à
1775 2128 211 42 Saint-Gf
1994 2128 47 51 11,

63 2201 106 39 c'est
188 2198 23 41 à
227 2199 205 54 Byzance
454 2210 87 41 que
564 2210 47 26 ce
635 2209 134 40 genre
792 2194 212 56 poétique
1021 2204 64 30 est
1107 2194 153 40 tombé
1283 2194 60 41 du
1366 2194 99 42 ciel.

122 2267 43 40 3°
189 2282 18 20 «
226 2265 63 46 Ce
310 2264 77 55 qui
412 2278 70 27 me
498 2265 144 53 paraît
660 2262 259 52 concluant,
941 2262 105 40 c'est
1065 2274 85 42 que
1170 2260 41 42 la
1231 2271 223 32 structure
1472 2262 212 55 poétique
1708 2263 76 40 des
1801 2262 243 55 premières

64 2335 246 52 séquences
339 2341 65 31 est
444 2330 290 42 absolument
766 2330 42 40 la
833 2331 147 39 même
1003 2342 86 41 que
1124 2328 110 40 celle
1265 2329 53 40 de
1351 2328 283 56 l'hymnodie
1658 2330 254 54 byzantine.
1939 2344 20 26 »

121 2400 38 42 Il
179 2411 65 30 est
264 2399 95 41 vrai
377 2412 85 41 que
491 2398 42 41 la
561 2399 220 53 séquence
816 2396 308 54 sangallienne
1155 2405 41 31 et
1223 2394 282 55 l'hymnodie
1538 2396 239 54 byzantine
1798 2398 246 40 admettent

64 2478 150 31 toutes
237 2467 118 40 deux
373 2466 43 41 la
439 2466 145 40 forme
604 2464 268 55 strophique
895 2476 9 37 ;
929 2463 32 41 il
981 2473 63 31 est
1056 2462 95 42 vrai
1172 2476 86 40 que
1281 2472 146 31 toutes
1448 2463 116 40 deux
1583 2463 258 55 pratiquent
1862 2478 62 26 un
1948 2478 71 41 sys-

63 2535 116 40 tème
203 2535 52 40 de
287 2533 306 41 versification
619 2531 260 56 rythmique
900 2541 41 31 et
958 2530 188 55 tonique
1164 2544 191 26 —nous
1378 2544 172 26 venons
1583 2532 51 39 de
1664 2531 94 41 dire
1795 2531 247 55 pourquoi,

134 2601 131 53 mais,
287 2611 124 31 entre
427 2600 42 41 la
491 2612 134 43 prose
660 2600 60 39 du
747 2612 167 41 moyen
934 2599 79 54 âge
1037 2608 40 30 et
1095 2597 281 55 l'hymnodie
1396 2598 255 54 byzantine,
1674 2598 31 41 il
1724 2613 28 40 y
1767 2612 23 28 a
1812 2612 88 28 une
1920 2598 102 42 diffé-

65 2683 131 28 rence
215 2667 293 43 irréductible
531 2677 42 30 et
592 2665 353 42 fondamentale.

120 2735 305 56 L'hymnodie
463 2733 243 56 byzantine
735 2746 24 28 a
787 2746 117 41 pour
936 2732 205 57 principe
1179 2733 42 42 la
1256 2733 255 55 répétition,
1542 2733 170 56 syllabe
1743 2748 80 41 par
1855 2735 186 55 syllabe,

65 2814 155 32 accent
242 2817 79 41 par
340 2812 171 40 accent,
535 2801 53 42 de
609 2800 208 41 Xhirmos
822 2833 9 18 ,
865 2800 265 41 c'est-à-dire
1162 2802 53 40 de
1249 2801 41 41 la
1315 2801 324 56 strophe-type,
1662 2801 182 42 inscrite
1882 2817 54 26 en
1959 2805 85 39 têté

66 2873 53 40 de
141 2871 42 41 la
206 2870 138 55 pièce.
372 2869 205 42 L'œuvre
600 2867 276 53 aurait-elle,
901 2881 178 28 comme
1114 2868 94 41 cela
1230 2883 45 26 se
1314 2879 252 42 rencontre,
1602 2880 101 31 cent
1734 2883 59 28 ou
1825 2880 101 31 cent
1946 2870 73 41 cin-

66 2948 167 46 quante
249 2937 223 54 strophes,
496 2946 148 31 toutes
672 2945 164 32 auront
858 2934 393 55 rigoureusement
1282 2937 112 40 dans
1425 2936 98 41 leur
1557 2937 230 40 ensemble
1815 2937 40 40 le
1896 2939 147 39 même

66 3005 192 42 nombre
288 3004 53 40 de
366 3003 210 55 syllabes,
609 3002 63 41 les
708 3016 132 41 repos
872 3015 45 28 se
957 3003 324 54 reproduiront
1321 3017 55 27 au
1414 3005 146 40 même
1602 3017 112 40 rang
1749 3004 254 55 syllabique
2030 3015 9 29 :

65 3073 176 54 chaque
277 3070 184 55 strophe
498 3069 119 41 enfin
653 3071 234 40 ramènera
916 3079 103 32 tous
1041 3070 63 41 les
1145 3081 177 31 accents
1359 3071 284 54 rythmiques
1667 3071 52 40 de
1753 3071 202 40 Xhirmos
1984 3084 56 27 au

66 3141 148 40 même
247 3151 112 40 rang
392 3136 269 55 syllabique.

122 3208 63 40 La
207 3219 133 43 prose
358 3203 312 54 notkérienne,
693 3218 55 27 au
772 3203 241 51 contraire,
1032 3215 64 30 est
1112 3205 160 42 établie
1296 3219 76 26 sur
1393 3204 40 41 le
1454 3203 204 56 principe
1681 3205 53 40 de
1768 3204 42 41 la
1844 3206 199 39 clausule

65 3273 241 44 redoublée
312 3306 9 9 .
347 3273 131 40 Deux
496 3270 224 41 clausules
740 3271 255 54 identiques
1014 3271 199 41 forment
1228 3272 41 41 la
1288 3271 200 55 strophe.
1511 3271 118 41 Mais
1653 3272 111 40 dans
1783 3285 87 27 une
1892 3285 149 41 prose,

65 3340 176 55 chaque
262 3337 184 55 strophe
466 3345 107 46 peut
599 3335 179 42 différer
797 3337 54 41 de
872 3338 45 41 la
939 3339 282 54 précédente,
1240 3348 41 31 et
1303 3338 208 55 toujours
1534 3337 23 41 à
1580 3337 174 55 chaque
1773 3339 183 54 strophe
1979 3350 65 31 est

67 3406 202 43 attachée
306 3418 89 28 une
432 3402 197 43 mélodie
668 3402 252 53 différente,
960 3405 150 41 tandis
1140 3419 86 40 que
1258 3406 113 40 dans
1408 3404 281 55 l'hymnodie
1728 3405 256 54 byzantine,
2004 3407 42 41 la
