3609 4462
1011 213 104 199 h.
1224 215 37 38 *
1380 215 37 39 9
2523 207 520 201 Ivtm

1032 525 117 119 für
1215 525 577 122 Itieffrranile
1863 522 137 120 uuii
2079 520 401 122 füinstler.

142 781 425 69 Herausgegeben
611 799 99 36 von
752 782 262 54 Professor
1977 779 69 58 L.
2224 779 280 77 Bischoff.
1627 784 188 63 Verlag
1858 782 89 50 der
1994 776 76 59 M.
2683 774 233 72 /v/schen
2960 777 411 68 Buchhandlung.

1491 927 179 79 KÖLN,
1711 937 77 56 21.
1831 936 112 57 Juli
1984 937 148 58 1866.

218 939 86 57 Nr.
347 939 85 56 29.

2854 933 119 58 XIV.
3014 934 284 73 Jahrgang.

526 1124 97 36 Der
658 1125 360 37 Theresismus.
1128 1125 76 35 Die
1235 1123 190 37 Concerte
1453 1124 64 37 bei
1545 1121 263 49 Einweihung
1836 1122 67 36 der
1929 1134 128 24 neuen
2090 1120 118 49 Orgel
2234 1122 41 34 in
2305 1120 66 36 der
2400 1119 238 37 Kathedrale
2668 1119 55 38 St.
2753 1119 134 35 Pierre
2919 1130 47 24 zu
2998 1118 112 37 Genf.
3142 1118 86 35 Von
3257 1118 43 35 L.
3331 1118 46 35 B.

249 1124 228 37 Inhalt.

232 1186 97 35 Aus
369 1185 249 38 Bielefeld
664 1186 96 47 (Der
790 1187 153 36 Winter
971 1199 77 24 von
1079 1183 103 41 1865
1189 1183 184 50 —1866).
1529 1186 183 46 Tages-
1741 1185 97 35 und
1876 1183 552 47 Unterhaltungsblatt
2472 1181 191 50 (Leipzig,
2705 1193 102 25 neue
2838 1180 144 38 Werke
3009 1181 55 35 im
3093 1179 166 49 Verlage
3297 1191 81 26 von

138 1247 211 50 Breitkopf
371 1249 81 36 und
479 1248 140 37 Härtel
871 1246 437 50 Theuerungs-Zulage,
1337 1247 309 36 Landestheater
1755 1246 127 46 Wien,
1912 1247 104 35 Frau
2044 1244 373 39 Peschka-Leutner
2539 1244 203 48 Salzburg,
2782 1243 329 37 Concertmeister
3139 1242 111 36 Hans
3278 1242 101 36 Blau

219 1310 160 37 Ullman
407 1310 83 37 will
519 1311 191 37 Concerte
738 1311 41 35 in
807 1310 243 37 Frankreich
1077 1309 128 49 geben
1312 1310 123 45 Paris,
1473 1308 168 36 Thtätre
1670 1306 182 49 lyrique).

511 1489 144 56 Der
713 1489 560 57 Theresismus

1288 1493 59 66 *).

268 1629 87 50 Die
385 1629 411 67 Haupt-Aufgabe
834 1629 85 50 der
956 1629 152 50 Musik
1154 1630 71 57 ist,
1268 1629 73 49 die
1387 1630 200 49 reinsten
1620 1629 62 50 Ge-

148 1708 134 50 fühle
325 1708 354 50 auszudrücken
724 1708 95 50 und
875 1725 265 49 anzuregen
1195 1710 93 48 und
1342 1708 74 50 die
1459 1710 133 48 Seele
1635 1708 81 50 des

145 1788 255 51 Menseben
430 1788 46 49 in
500 1788 179 50 höhere
706 1790 239 64 Regionen
976 1806 54 32 zu
1063 1788 221 50 erheben.
1314 1788 121 50 Dem
1463 1790 251 48 Menschen

145 1868 58 50 ist
225 1868 125 51 diese
379 1868 239 51 erhabene
642 1870 210 66 Sprache
877 1886 85 32 von
988 1870 112 49 Gott
1121 1868 234 68 gegeben,
1385 1886 78 32 um
1489 1870 73 48 die
1586 1868 101 50 edel-

146 1956 101 42 sten
291 1948 384 68 Empfindungen
721 1948 93 50 und
858 1950 264 64 Regungen
1176 1947 80 51 des
1301 1950 207 48 Herzens
1550 1965 137 33 auszu-

146 2028 242 68 sprechen.
433 2028 80 49 Ihr
539 2027 171 51 Zweck
740 2030 71 55 ist,
851 2028 81 50 das
961 2028 186 50 Schöne
1176 2045 56 33 zu
1261 2027 241 51 erstreben
1545 2027 94 51 und
1670 2045 47 33 es

146 2108 47 49 in
222 2108 201 50 schöner
452 2108 143 49 Form
626 2125 54 32 zu
711 2107 291 50 offenbaren.
1060 2108 112 65 Mag
1201 2107 65 50 sie
1295 2124 95 33 nun
1421 2107 44 48 in
1498 2107 89 50 den
1620 2107 63 50 Re-

148 2187 171 67 gionen
349 2187 80 50 des
454 2187 371 66 Spiritualismus
853 2187 252 50 schweben
1136 2187 115 50 oder
1281 2186 73 49 die
1383 2186 304 49 Leidenschaf-

147 2275 79 42 ten
256 2267 94 50 und
383 2267 205 50 Gefühle
618 2266 80 51 des
727 2267 342 50 menschlichen
1102 2268 208 49 Herzens
1338 2267 253 59 schildern,
1629 2268 58 47 im-

150 2364 101 33 mer
294 2364 126 31 muss
463 2346 65 49 sie
566 2364 90 31 nur
694 2346 181 51 danach
918 2347 229 57 trachten,
1190 2346 81 49 das
1300 2346 186 49 Schöne
1515 2364 81 31 zur
1628 2347 57 47 Er-

148 2427 258 65 scheinung
448 2442 55 32 zu
548 2426 212 65 bringen.
832 2426 49 49 In
919 2426 158 66 jedem
1122 2426 214 65 genialen
1381 2426 335 66 Componisten

150 2506 99 51 lebt
277 2507 71 50 ein
379 2506 248 66 göttlicher
658 2506 188 61 Hauch,
890 2506 202 49 welcher
1130 2506 72 49 die
1234 2506 357 65 feingebildeten
1622 2506 63 49 Or-

150 2586 321 66 ganisationen
492 2585 94 49 und
609 2586 118 48 auch
745 2585 75 49 die
837 2586 213 49 Naturen
1075 2602 87 32 von
1181 2586 246 48 derberem
1448 2585 146 49 Stoffe
1615 2593 74 41 ent-

151 2665 208 50 zückend
402 2666 206 57 anweht,
653 2665 92 49 und
790 2665 217 49 desshalb
1049 2665 98 49 sind
1194 2665 72 49 die
1310 2665 183 49 Namen
1531 2663 187 69 Haydn,

151 2746 198 55 Mozart,
388 2746 266 48 Beethoven
684 2761 85 33 von
814 2745 294 50 strahlender
1139 2745 159 49 Glorie
1342 2745 235 64 umgeben
1623 2745 94 48 und

152 2823 191 51 werden
387 2825 43 48 in
475 2825 87 48 alle
600 2825 102 48 Zeit
743 2825 249 49 forttönen.
1051 2825 135 48 Denn
1218 2823 81 50 das
1328 2823 186 50 Schöne
1552 2825 56 48 ist
1635 2823 84 49 der

155 2903 213 66 Abglanz
392 2902 80 50 des
495 2903 238 55 Wahren,
764 2903 94 50 und
882 2905 73 48 die
983 2903 198 56 Werke,
1211 2905 45 48 in
1288 2903 151 50 denen
1468 2903 94 50 sich
1594 2903 124 49 diese

158 2983 256 52 Wahrheit
444 3000 74 33 am
550 2983 351 50 leuchtendsten
933 2983 253 58 offenbart,
1229 2983 216 50 behalten
1477 2985 119 48 auch
1629 2983 88 50 den

156 3063 145 51 Glanz
331 3063 175 66 ewiger
534 3062 202 66 Jugend.

279 3142 108 51 Wir
418 3143 166 49 wollen
614 3141 94 49 und
739 3141 165 49 dürfen
936 3141 150 49 indess
1116 3142 126 50 nicht
1270 3160 53 30 zu
1355 3140 362 52 ausschliesslich

155 3222 123 57 sein;
316 3222 152 50 neben
499 3222 82 50 der
611 3221 151 49 Musik
795 3221 82 49 der
907 3221 209 49 höheren
1148 3222 180 66 Sphäre
1356 3221 150 66 geben
1539 3220 84 48 wir
1652 3220 43 49 al-

155 3301 204 66 lerdings
390 3302 119 48 auch
541 3302 103 48 eine
674 3301 173 49 andere
875 3319 72 38 zu,
987 3301 72 49 die
1097 3301 132 48 einen
1271 3302 207 65 weniger
1517 3300 172 49 erhabe-

153 3399 111 39 nen,
296 3382 207 65 weniger
531 3390 185 42 ernsten
749 3381 262 51 Charakter
1042 3381 96 55 hat,
1168 3381 144 49 deren
1342 3381 172 49 Zweck
1543 3381 72 56 ist,
1646 3380 73 49 die

153 3477 272 50 sparsamen
457 3461 357 49 Mussestunden
844 3461 60 48 im
931 3460 204 49 Treiben
1166 3460 80 49 des
1277 3460 329 67 bürgerlichen
1630 3460 88 49 Le-

262 3658 39 45 *)
330 3659 91 35 Man
454 3658 121 36 kennt
605 3658 72 35 den
709 3659 146 35 Namen
887 3658 66 36 der
975 3658 296 35 Mademoiselle
1308 3656 207 39 Therese
1542 3658 41 35 in
1612 3658 109 37 Paris

151 3721 82 36 und
262 3721 62 35 die
353 3720 295 48 Huldigungen,
692 3721 61 35 die
782 3733 89 23 man
901 3721 125 35 dieser
1056 3719 340 49 Bänkelsängerin
1428 3721 85 35 dort
1543 3719 100 36 ohne
1672 3731 49 24 zu

155 3783 178 37 erröthen
364 3782 189 48 gebracht
581 3782 78 37 hat.
717 3783 62 35 Da
808 3783 66 35 der
904 3781 247 37 Geschmack
1180 3794 49 23 an
1258 3782 111 35 ihren
1402 3782 78 35 und
1509 3780 212 37 ähnlichen

155 3846 208 46 Gesängen
393 3845 40 34 in
464 3845 75 34 den
571 3843 350 50 Cafes-chantants
950 3843 93 36 oder
1073 3843 312 48 Cafös-concerts
1388 3872 8 17 ,
1443 3844 72 35 wie
1544 3844 56 35 sie
1623 3844 98 46 jetzt

152 3909 167 43 heissen,
351 3907 82 35 sich
466 3907 74 35 wie
570 3908 86 34 eine
686 3907 203 47 Epidemie
918 3906 223 46 verbreitet,
1182 3917 42 25 so
1261 3906 68 36 hat
1358 3906 61 36 die
1449 3905 162 37 France
1637 3917 56 25 mu-

149 3970 119 38 sicale
296 3969 126 35 dieser
450 3968 219 36 Krankheit
697 3969 75 35 den
801 3969 148 36 Namen
977 3968 60 36 Le
1073 3966 235 38 Theresisme
1335 3968 175 47 gegeben
1553 3967 80 36 und
1660 3970 39 33 in

150 4032 105 35 ihrer
283 4030 63 35 Nr.
378 4027 49 39 26
462 4042 92 23 vom
588 4029 31 36 1.
650 4029 87 37 Juli
766 4030 113 35 einen
909 4029 166 45 Artikel,
1110 4029 298 36 unterzeichnet
1436 4030 53 34 M.
1519 4029 201 48 Escudier,

150 4093 199 49 gebracht,
391 4091 169 37 welcher
602 4093 72 35 den
718 4093 270 47 vergiftenden
1027 4092 171 36 Einfluss
1236 4091 66 35 der
1336 4092 205 47 gemeinen
1571 4091 150 35 Musik-

151 4154 289 37 Productionen
472 4154 77 35 und
570 4153 61 36 die
652 4154 139 35 daraus
821 4153 141 36 bereits
982 4154 397 47 hervorgegangenen
1410 4153 197 47 traurigen
1636 4164 57 23 mu-

149 4216 234 37 sicalischen
414 4215 196 36 Zustände
641 4217 70 34 mit
733 4217 326 47 Freimüthigkeit
1088 4216 187 36 schildert
1303 4216 79 35 und
1411 4217 205 48 energisch
1645 4217 44 34 da-

149 4290 128 36 gegen
306 4279 161 35 auftritt.
1188 4279 87 35 Die
1319 4278 293 36 Redaction.

1812 1471 116 49 bens
1956 1487 53 32 zu
2041 1471 249 48 erheitern.
2315 1470 127 49 Geist
2467 1470 93 48 und
2587 1468 143 57 Witz,
2759 1468 193 50 leichter
2974 1468 114 50 Sinn
3120 1467 94 50 und
3238 1468 105 50 Mun-

1812 1550 170 50 terkeit
2019 1550 155 49 bilden
2213 1550 134 49 einen
2386 1550 83 48 der
2499 1547 452 66 hervorragendsten
2979 1548 134 65 Züge
3142 1547 80 50 des
3253 1547 101 50 fran-

1811 1630 235 49 zösischen
2080 1628 298 50 Charakters.
2437 1627 287 50 Frankreich
2758 1644 98 31 war
2884 1635 110 42 stets
3024 1626 82 51 das
3135 1627 244 51 classische

1812 1710 133 49 Land
1976 1710 82 48 der
2090 1717 247 41 munteren
2362 1708 215 66 Gesänge
2607 1706 263 68 (chansons)
2883 1724 12 40 ;
2925 1706 143 51 selbst
3095 1707 62 50 im
3181 1707 168 66 Missge-

1811 1790 184 48 schicke
2037 1796 235 42 summten
2317 1805 167 32 unsere
2516 1787 142 50 Väter
2701 1787 72 48 die
2817 1787 235 48 beliebten
3091 1786 288 51 Melodieen:

1815 1870 86 48 wie
1943 1870 133 48 sollte
2119 1868 139 50 ihnen
2302 1867 83 50 der
2428 1867 226 50 fröhliche
2691 1867 113 48 Sinn
2846 1867 71 48 bei
2961 1865 294 68 glücklichen
3283 1867 63 48 Zu-

1811 1947 194 51 ständen
2046 1947 189 50 fehlen?
2290 1947 85 50 Die
2419 1947 194 66 populär
2653 1946 235 66 poetische
2928 1945 96 49 und
3055 1946 324 49 musicalische

1812 2028 239 50 Literatur
2080 2027 121 50 zählt
2229 2027 102 48 eine
2354 2026 170 66 Menge
2555 2025 135 50 mehr
2719 2025 115 50 oder
2864 2026 209 66 weniger
3102 2026 279 49 berühmter

1812 2108 199 50 Namen.
2066 2107 109 51 Wir
2206 2106 189 49 werden
2425 2107 120 48 auch
2578 2106 289 66 keineswegs
2895 2105 89 50 den
3016 2106 265 49 Franzosen
3306 2105 49 67 je-

1813 2188 116 49 mals
1956 2187 81 50 das
2053 2187 168 56 Recht,
2239 2204 53 31 zu
2312 2186 183 58 lachen,
2516 2186 179 66 streitig
2718 2186 195 49 machen
2940 2185 197 58 wollen;
3165 2185 64 49 sie
3252 2188 96 46 müs-

1812 2285 81 32 sen
1919 2266 242 51 Chansons
2192 2266 174 56 haben,
2396 2266 94 49 und
2522 2282 169 32 unsere
2712 2265 275 67 Sympathie
3015 2265 57 49 ist
3100 2265 278 66 denjenigen

1812 2346 342 65 Erzeugnissen
2175 2345 153 50 dieser
2351 2345 210 66 Gattung
2591 2345 184 64 gewiss,
2806 2343 176 51 welche
3011 2345 85 48 mit
3124 2343 89 50 den
3237 2342 119 51 witzi-

1812 2444 90 48 gen
1926 2426 235 49 Einfällen
2193 2426 94 48 und
2317 2425 107 49 dem
2450 2425 311 66 Erfindungs-
2791 2423 95 51 und
2912 2425 366 49 Form-Talente
3307 2423 74 51 die

1813 2506 221 65 Achtung
2079 2521 80 33 vor
2187 2503 358 66 Anständigkeit
2587 2503 95 50 und
2726 2512 162 56 gutem
2919 2503 322 50 Geschmacke
3279 2519 76 33 ver-

1813 2586 186 49 binden.

1935 2665 120 49 Was
2099 2663 85 49 wir
2226 2663 116 50 aber
2384 2663 127 50 nicht
2545 2663 208 49 zulassen
2798 2662 205 58 können,
3053 2677 96 33 was
3181 2661 84 48 wir
3295 2661 84 49 mit

1813 2745 115 48 aller
1958 2743 137 49 Kraft
2137 2743 349 50 zurückweisen
2532 2741 93 51 und
2671 2741 276 57 verwerfen,
2991 2757 96 33 was
3124 2741 89 48 alle
3242 2740 102 49 Men-

1813 2825 140 49 schen
1985 2841 85 32 von
2103 2823 208 50 Einsicht
2342 2823 92 50 und
2465 2821 200 66 Bildung
2695 2821 78 49 des
2806 2820 282 50 Verstandes
3128 2820 95 49 und
3251 2820 95 49 Her-

1813 2920 106 33 zens
1948 2905 127 48 nicht
2104 2903 243 66 energisch
2376 2919 157 49 genug
2565 2901 348 49 brandmarken
2937 2900 207 57 können,
3172 2898 83 51 das
3276 2898 103 51 sind

1808 2982 109 67 jene
1948 2982 307 64 unzüchtigen
2287 2981 251 56 Producte,
2570 2981 111 66 jene
2710 2980 225 49 innerlich
2968 2978 123 50 faule
3119 2978 259 59 Literatur,

1807 3063 112 66 jene
1948 3062 386 65 Schamlosigkeit
2363 3062 60 47 im
2458 3060 370 66 Volksgesange,
2872 3060 178 49 welche
3090 3061 44 47 in
3177 3075 201 33 unseren

1815 3143 162 64 Tagen
2010 3141 83 49 auf
2117 3140 367 50 erschreckende
2508 3140 164 50 Weise
2702 3138 248 51 überhand
2975 3155 280 49 genommen
3280 3137 94 51 hat.

1816 3222 96 48 Das
1950 3222 56 48 ist
2044 3221 73 49 ein
2146 3220 333 49 scheussliches
2511 3220 275 57 Geschwür,
2833 3220 71 48 ein
2936 3217 240 67 nagender
3204 3217 173 58 Krebs,

1815 3300 82 49 der
1942 3300 82 49 mit
2067 3300 104 49 dem
2217 3298 267 68 glühenden
2514 3298 140 50 Eisen
2698 3297 83 51 der
2823 3297 296 51 öffentlichen
3151 3297 226 66 Meinung

1816 3378 320 66 ausgebrannt
2165 3378 189 51 werden
2387 3395 139 33 muss.
2570 3378 111 51 Wir
2711 3378 165 50 wollen
2909 3377 98 50 hier
3038 3376 135 51 keine
3204 3377 149 50 Sitten-

1815 3458 184 68 predigt
2041 3458 156 50 halten
2241 3457 96 51 und
2380 3475 198 32 unseren
2634 3457 327 65 Zeitgenossen
3011 3455 367 67 Tugendlehren

1816 3538 176 66 geben:
2036 3538 133 50 allein
2201 3555 109 33 man
2342 3537 116 50 wird
2499 3554 84 33 uns
2625 3542 247 60 gestatten,
2913 3536 46 49 in
2991 3535 301 66 Erinnerung
3321 3552 56 32 zu

1817 3618 215 66 bringen,
2062 3617 104 50 dass
2189 3617 228 50 zwischen
2441 3617 82 50 der
2549 3617 152 48 Kunst
2732 3615 93 49 und
2856 3616 84 48 der
2964 3616 246 65 Gesittung
3240 3613 137 51 mehr

1817 3698 362 65 wechselseitige
2208 3698 327 65 Beziehungen
2566 3696 242 56 bestehen,
2846 3696 66 49 als
2942 3712 108 33 man
3079 3693 296 66 gewöhnlich

1816 3777 178 66 glaubt.
2052 3776 111 54 Wir
2193 3777 203 66 glauben
2427 3775 233 55 desshalb,
2704 3775 104 49 dass
2846 3791 47 33 es
2932 3775 123 48 hohe
3082 3773 100 50 Zeit
3209 3775 72 55 ist,
3311 3773 64 49 im

1815 3858 182 50 Namen
2028 3856 82 49 der
2140 3857 257 50 Interessen
2428 3855 81 49 der
2538 3855 155 49 Kunst
2721 3871 149 50 gegen
2902 3853 73 50 die
3003 3852 244 67 gemeinen
3278 3851 97 52 und

1815 3937 223 50 dummen
2069 3935 449 66 Bänkelsängereien
2549 3936 307 56 aufzutreten,
2886 3933 141 50 deren
3058 3932 320 67 Verbreitung

1816 4016 95 51 und
1942 4015 163 67 Erfolg
2145 4016 119 49 beim
2298 4015 149 49 Volke
2486 4015 88 49 den
2611 4015 113 49 Sinn
2770 4013 78 49 für
2889 4012 81 50 das
2999 4012 188 50 Schöne
3232 4011 115 51 abzu-

1813 4095 234 68 stumpfen
2079 4095 94 50 und
2203 4112 116 50 ganz
2349 4095 94 49 und
2475 4111 85 50 gar
2588 4111 56 32 zu
2676 4092 345 51 unterdrücken
3053 4091 153 51 droht.

1934 4176 63 48 Es
2025 4173 101 68 gibt
2154 4175 44 49 in
2229 4173 88 51 den
2342 4190 191 51 grossen
2558 4171 210 58 Städten,
2796 4171 89 51 den
2909 4170 361 68 Mittelpunkten
3293 4168 84 51 der

1816 4255 300 58 Civilisation,
2145 4255 104 50 eine
2277 4255 199 50 zahllose
2507 4255 171 64 Menge
2706 4252 122 50 ohne
2861 4252 265 65 Erziehung
3157 4251 94 49 und
3281 4250 94 49 Bil-

3065 4331 66 52 29
