<?xml version="1.0" encoding="UTF-8"?>
<alto xmlns:xsi="http://www.w3.org/2001/XMLSchema-instance" xmlns="http://www.loc.gov/standards/alto/ns-v2#" xsi:schemaLocation="http://www.loc.gov/standards/alto/ns-v2# http://www.loc.gov/standards/alto/alto-v2.0.xsd" xmlns:xlink="http://www.w3.org/1999/xlink">
	<Description>
		<MeasurementUnit>mm10</MeasurementUnit>
		<sourceImageInformation>
			<fileName>//fileserver7/IN2/Princeton/Batch5/bmtnabi/1866/07/21_01/00000657.tif</fileName>
		</sourceImageInformation>
		<OCRProcessing ID="OCRPROCESSING_1">
			<preProcessingStep>
				<processingSoftware>
					<softwareCreator>CCS Content Conversion Specialists GmbH, Germany</softwareCreator>
					<softwareName>CCS docWORKS</softwareName>
					<softwareVersion>6.6-1.18</softwareVersion>
				</processingSoftware>
			</preProcessingStep>
			<ocrProcessingStep>
				<processingSoftware>
					<softwareCreator>ABBYY (BIT Software), Russia</softwareCreator>
					<softwareName>FineReader</softwareName>
					<softwareVersion>10.0</softwareVersion>
				</processingSoftware>
			</ocrProcessingStep>
		</OCRProcessing>
	</Description>
	<Styles>
		<TextStyle ID="TXT_0" FONTSIZE="19" FONTFAMILY="Times New Roman"/>
		<TextStyle ID="TXT_1" FONTSIZE="15" FONTFAMILY="Times New Roman"/>
		<TextStyle ID="TXT_2" FONTSIZE="19" FONTFAMILY="Times New Roman" FONTSTYLE="bold"/>
		<TextStyle ID="TXT_3" FONTSIZE="13" FONTFAMILY="Times New Roman" FONTSTYLE="bold"/>
		<TextStyle ID="TXT_4" FONTSIZE="15" FONTFAMILY="Unknown"/>
		<ParagraphStyle ID="PAR_LEFT" ALIGN="Left"/>
		<ParagraphStyle ID="PAR_BLOCK" ALIGN="Block"/>
		<ParagraphStyle ID="PAR_RIGHT" ALIGN="Right"/>
	</Styles>
	<Layout>
		<Page ID="P3" PHYSICAL_IMG_NR="3" HEIGHT="4462" WIDTH="3609" PRINTED_IMG_NR="227" PC="0.951">
			<TopMargin ID="P3_TM00001" HPOS="0" VPOS="0" WIDTH="3609" HEIGHT="197">
				<TextBlock ID="P3_TB00001" HPOS="1703" VPOS="144" WIDTH="109" HEIGHT="51" STYLEREFS="TXT_0 PAR_LEFT">
					<TextLine ID="P3_TL00001" HPOS="1704" VPOS="144" WIDTH="108" HEIGHT="51">
						<String ID="P3_ST00001" HPOS="1704" VPOS="144" WIDTH="108" HEIGHT="51" CONTENT="227" WC="0.24" CC="778"/>
					</TextLine>
				</TextBlock>
			</TopMargin>
			<LeftMargin ID="P3_LM00001" HPOS="0" VPOS="197" WIDTH="133" HEIGHT="4129"/>
			<RightMargin ID="P3_RM00001" HPOS="3386" VPOS="197" WIDTH="223" HEIGHT="4129"/>
			<BottomMargin ID="P3_BM00001" HPOS="0" VPOS="4326" WIDTH="3609" HEIGHT="136"/>
			<PrintSpace ID="P3_PS00001" HPOS="133" VPOS="197" WIDTH="3253" HEIGHT="4129">
				<TextBlock ID="P3_TB00002" HPOS="133" VPOS="291" WIDTH="1582" HEIGHT="3967" STYLEREFS="TXT_1 PAR_BLOCK">
					<TextLine ID="P3_TL00002" HPOS="140" VPOS="291" WIDTH="1564" HEIGHT="70">
						<String ID="P3_ST00002" HPOS="140" VPOS="294" WIDTH="171" HEIGHT="52" CONTENT="Höhen" WC="0.97" CC="56601"/>
						<SP ID="P3_SP00001" HPOS="311" VPOS="346" WIDTH="32"/>
						<String ID="P3_ST00003" HPOS="343" VPOS="292" WIDTH="84" HEIGHT="51" CONTENT="der" WC="0.98" CC="600"/>
						<SP ID="P3_SP00002" HPOS="427" VPOS="346" WIDTH="31"/>
						<String ID="P3_ST00004" HPOS="458" VPOS="294" WIDTH="151" HEIGHT="49" CONTENT="Kunst" WC="0.97" CC="52236"/>
						<SP ID="P3_SP00003" HPOS="609" VPOS="346" WIDTH="30"/>
						<String ID="P3_ST00005" HPOS="639" VPOS="310" WIDTH="180" HEIGHT="51" CONTENT="empor," WC="0.98" CC="026152"/>
						<SP ID="P3_SP00004" HPOS="819" VPOS="361" WIDTH="39"/>
						<String ID="P3_ST00006" HPOS="858" VPOS="292" WIDTH="163" HEIGHT="50" CONTENT="suchet" WC="0.98" CC="606705"/>
						<SP ID="P3_SP00005" HPOS="1021" VPOS="361" WIDTH="38"/>
						<String ID="P3_ST00007" HPOS="1059" VPOS="292" WIDTH="43" HEIGHT="49" CONTENT="in" WC="0.65" CC="07"/>
						<SP ID="P3_SP00006" HPOS="1102" VPOS="361" WIDTH="42"/>
						<String ID="P3_ST00008" HPOS="1144" VPOS="308" WIDTH="142" HEIGHT="31" CONTENT="euren" WC="0.99" CC="01103"/>
						<SP ID="P3_SP00007" HPOS="1286" VPOS="361" WIDTH="33"/>
						<String ID="P3_ST00009" HPOS="1319" VPOS="292" WIDTH="182" HEIGHT="49" CONTENT="Herzen" WC="0.98" CC="706600"/>
						<SP ID="P3_SP00008" HPOS="1501" VPOS="361" WIDTH="33"/>
						<String ID="P3_ST00010" HPOS="1534" VPOS="291" WIDTH="94" HEIGHT="50" CONTENT="und" WC="0.96" CC="504"/>
						<SP ID="P3_SP00009" HPOS="1628" VPOS="361" WIDTH="32"/>
						<String ID="P3_ST00011" HPOS="1660" VPOS="291" WIDTH="44" HEIGHT="48" CONTENT="in" WC="0.80" CC="03"/>
					</TextLine>
					<TextLine ID="P3_TL00003" HPOS="141" VPOS="370" WIDTH="1563" HEIGHT="58">
						<String ID="P3_ST00012" HPOS="141" VPOS="391" WIDTH="139" HEIGHT="35" CONTENT="eurer" WC="1.00" CC="00000"/>
						<SP ID="P3_SP00010" HPOS="280" VPOS="426" WIDTH="25"/>
						<String ID="P3_ST00013" HPOS="305" VPOS="374" WIDTH="249" HEIGHT="49" CONTENT="Phantasie" WC="0.99" CC="662036100"/>
						<SP ID="P3_SP00011" HPOS="554" VPOS="426" WIDTH="31"/>
						<String ID="P3_ST00014" HPOS="585" VPOS="372" WIDTH="93" HEIGHT="51" CONTENT="und" WC="0.95" CC="209"/>
						<SP ID="P3_SP00012" HPOS="678" VPOS="426" WIDTH="29"/>
						<String ID="P3_ST00015" HPOS="707" VPOS="374" WIDTH="45" HEIGHT="49" CONTENT="in" WC="0.69" CC="06"/>
						<SP ID="P3_SP00013" HPOS="752" VPOS="426" WIDTH="31"/>
						<String ID="P3_ST00016" HPOS="783" VPOS="372" WIDTH="89" HEIGHT="50" CONTENT="den" WC="0.99" CC="002"/>
						<SP ID="P3_SP00014" HPOS="872" VPOS="426" WIDTH="27"/>
						<String ID="P3_ST00017" HPOS="899" VPOS="371" WIDTH="217" HEIGHT="50" CONTENT="Werken" WC="0.99" CC="005103"/>
						<SP ID="P3_SP00015" HPOS="1116" VPOS="426" WIDTH="24"/>
						<String ID="P3_ST00018" HPOS="1140" VPOS="370" WIDTH="83" HEIGHT="49" CONTENT="der" WC="0.99" CC="001"/>
						<SP ID="P3_SP00016" HPOS="1223" VPOS="426" WIDTH="24"/>
						<String ID="P3_ST00019" HPOS="1247" VPOS="371" WIDTH="203" HEIGHT="57" CONTENT="Meister," WC="0.99" CC="10053000"/>
						<SP ID="P3_SP00017" HPOS="1450" VPOS="428" WIDTH="32"/>
						<String ID="P3_ST00020" HPOS="1482" VPOS="371" WIDTH="72" HEIGHT="50" CONTENT="die" WC="0.99" CC="020"/>
						<SP ID="P3_SP00018" HPOS="1554" VPOS="428" WIDTH="32"/>
						<String ID="P3_ST00021" HPOS="1586" VPOS="371" WIDTH="118" HEIGHT="48" CONTENT="euch" WC="0.98" CC="0206"/>
					</TextLine>
					<TextLine ID="P3_TL00004" HPOS="140" VPOS="450" WIDTH="1565" HEIGHT="71">
						<String ID="P3_ST00022" HPOS="140" VPOS="470" WIDTH="393" HEIGHT="51" CONTENT="vorangegangen" WC="1.00" CC="3052020501203"/>
						<SP ID="P3_SP00019" HPOS="533" VPOS="521" WIDTH="31"/>
						<String ID="P3_ST00023" HPOS="564" VPOS="454" WIDTH="119" HEIGHT="57" CONTENT="sind," WC="1.00" CC="00002"/>
						<SP ID="P3_SP00020" HPOS="683" VPOS="521" WIDTH="29"/>
						<String ID="P3_ST00024" HPOS="712" VPOS="454" WIDTH="102" HEIGHT="48" CONTENT="eine" WC="1.00" CC="0020"/>
						<SP ID="P3_SP00021" HPOS="814" VPOS="521" WIDTH="23"/>
						<String ID="P3_ST00025" HPOS="837" VPOS="450" WIDTH="244" HEIGHT="52" CONTENT="Schranke" WC="0.98" CC="44715600"/>
						<SP ID="P3_SP00022" HPOS="1081" VPOS="521" WIDTH="30"/>
						<String ID="P3_ST00026" HPOS="1111" VPOS="450" WIDTH="94" HEIGHT="49" CONTENT="und" WC="0.99" CC="300"/>
						<SP ID="P3_SP00023" HPOS="1205" VPOS="521" WIDTH="27"/>
						<String ID="P3_ST00027" HPOS="1232" VPOS="450" WIDTH="291" HEIGHT="68" CONTENT="Hülfsquelle" WC="0.55" CC="60086660464"/>
						<SP ID="P3_SP00024" HPOS="1523" VPOS="521" WIDTH="31"/>
						<String ID="P3_ST00028" HPOS="1554" VPOS="466" WIDTH="151" HEIGHT="50" CONTENT="gegen" WC="0.99" CC="45000"/>
					</TextLine>
					<TextLine ID="P3_TL00005" HPOS="141" VPOS="530" WIDTH="1567" HEIGHT="67">
						<String ID="P3_ST00029" HPOS="141" VPOS="534" WIDTH="75" HEIGHT="51" CONTENT="die" WC="0.98" CC="400"/>
						<SP ID="P3_SP00025" HPOS="216" VPOS="585" WIDTH="40"/>
						<String ID="P3_ST00030" HPOS="256" VPOS="534" WIDTH="223" HEIGHT="49" CONTENT="heillosen" WC="0.99" CC="100650203"/>
						<SP ID="P3_SP00026" HPOS="479" VPOS="585" WIDTH="30"/>
						<String ID="P3_ST00031" HPOS="509" VPOS="534" WIDTH="299" HEIGHT="56" CONTENT="Tendenzen," WC="1.00" CC="0000006004"/>
						<SP ID="P3_SP00027" HPOS="808" VPOS="590" WIDTH="43"/>
						<String ID="P3_ST00032" HPOS="851" VPOS="530" WIDTH="178" HEIGHT="49" CONTENT="welche" WC="0.99" CC="103040"/>
						<SP ID="P3_SP00028" HPOS="1029" VPOS="590" WIDTH="38"/>
						<String ID="P3_ST00033" HPOS="1067" VPOS="530" WIDTH="139" HEIGHT="67" CONTENT="jeden" WC="0.99" CC="50004"/>
						<SP ID="P3_SP00029" HPOS="1206" VPOS="597" WIDTH="46"/>
						<String ID="P3_ST00034" HPOS="1252" VPOS="530" WIDTH="199" HEIGHT="66" CONTENT="heiligen" WC="0.99" CC="10130902"/>
						<SP ID="P3_SP00030" HPOS="1451" VPOS="597" WIDTH="40"/>
						<String ID="P3_ST00035" HPOS="1491" VPOS="531" WIDTH="217" HEIGHT="56" CONTENT="Funken," WC="0.98" CC="0549044"/>
					</TextLine>
					<TextLine ID="P3_TL00006" HPOS="133" VPOS="609" WIDTH="1574" HEIGHT="72">
						<String ID="P3_ST00036" HPOS="133" VPOS="612" WIDTH="109" HEIGHT="69" CONTENT="jede" WC="0.99" CC="5000"/>
						<SP ID="P3_SP00031" HPOS="242" VPOS="681" WIDTH="50"/>
						<String ID="P3_ST00037" HPOS="292" VPOS="614" WIDTH="358" HEIGHT="66" CONTENT="Begeisterung," WC="1.00" CC="6000020000393"/>
						<SP ID="P3_SP00032" HPOS="650" VPOS="681" WIDTH="50"/>
						<String ID="P3_ST00038" HPOS="700" VPOS="610" WIDTH="133" HEIGHT="69" CONTENT="jedes" WC="0.98" CC="15304"/>
						<SP ID="P3_SP00033" HPOS="833" VPOS="681" WIDTH="57"/>
						<String ID="P3_ST00039" HPOS="890" VPOS="609" WIDTH="146" HEIGHT="50" CONTENT="Genie" WC="1.00" CC="10000"/>
						<SP ID="P3_SP00034" HPOS="1036" VPOS="681" WIDTH="50"/>
						<String ID="P3_ST00040" HPOS="1086" VPOS="610" WIDTH="44" HEIGHT="48" CONTENT="in" WC="0.81" CC="03"/>
						<SP ID="P3_SP00035" HPOS="1130" VPOS="681" WIDTH="59"/>
						<String ID="P3_ST00041" HPOS="1189" VPOS="610" WIDTH="116" HEIGHT="49" CONTENT="euch" WC="1.00" CC="0001"/>
						<SP ID="P3_SP00036" HPOS="1305" VPOS="681" WIDTH="59"/>
						<String ID="P3_ST00042" HPOS="1364" VPOS="628" WIDTH="54" HEIGHT="31" CONTENT="zu" WC="0.44" CC="64"/>
						<SP ID="P3_SP00037" HPOS="1418" VPOS="681" WIDTH="58"/>
						<String ID="P3_ST00043" HPOS="1476" VPOS="609" WIDTH="231" HEIGHT="50" CONTENT="ersticken" WC="0.99" CC="056300000"/>
					</TextLine>
					<TextLine ID="P3_TL00007" HPOS="141" VPOS="694" WIDTH="233" HEIGHT="49">
						<String ID="P3_ST00044" HPOS="141" VPOS="694" WIDTH="233" HEIGHT="49" CONTENT='drohen!"' WC="0.98" CC="97470003"/>
					</TextLine>
					<TextLine ID="P3_TL00008" HPOS="260" VPOS="767" WIDTH="1448" HEIGHT="66">
						<String ID="P3_ST00045" HPOS="260" VPOS="772" WIDTH="170" HEIGHT="51" CONTENT="Leider" WC="1.00" CC="000001"/>
						<SP ID="P3_SP00038" HPOS="430" VPOS="823" WIDTH="27"/>
						<String ID="P3_ST00046" HPOS="457" VPOS="774" WIDTH="57" HEIGHT="48" CONTENT="ist" WC="0.99" CC="012"/>
						<SP ID="P3_SP00039" HPOS="514" VPOS="823" WIDTH="31"/>
						<String ID="P3_ST00047" HPOS="545" VPOS="769" WIDTH="288" HEIGHT="52" CONTENT="Frankreich" WC="1.00" CC="0003030000"/>
						<SP ID="P3_SP00040" HPOS="833" VPOS="823" WIDTH="30"/>
						<String ID="P3_ST00048" HPOS="863" VPOS="769" WIDTH="82" HEIGHT="49" CONTENT="das" WC="0.98" CC="040"/>
						<SP ID="P3_SP00041" HPOS="945" VPOS="823" WIDTH="30"/>
						<String ID="P3_ST00049" HPOS="975" VPOS="767" WIDTH="173" HEIGHT="66" CONTENT="einzige" WC="1.00" CC="0006000"/>
						<SP ID="P3_SP00042" HPOS="1148" VPOS="833" WIDTH="24"/>
						<String ID="P3_ST00050" HPOS="1172" VPOS="769" WIDTH="132" HEIGHT="49" CONTENT="Land" WC="0.97" CC="3450"/>
						<SP ID="P3_SP00043" HPOS="1304" VPOS="833" WIDTH="32"/>
						<String ID="P3_ST00051" HPOS="1336" VPOS="769" WIDTH="253" HEIGHT="48" CONTENT="civilisirter" WC="0.83" CC="021000005405"/>
						<SP ID="P3_SP00044" HPOS="1589" VPOS="833" WIDTH="24"/>
						<String ID="P3_ST00052" HPOS="1613" VPOS="769" WIDTH="64" HEIGHT="48" CONTENT="Na" SUBS_TYPE="HypPart1" SUBS_CONTENT="Nationen," WC="0.96" CC="33"/>
						<HYP HPOS="1677" VPOS="769" WIDTH="31" CONTENT="-"/>
					</TextLine>
					<TextLine ID="P3_TL00009" HPOS="142" VPOS="847" WIDTH="1565" HEIGHT="68">
						<String ID="P3_ST00053" HPOS="142" VPOS="854" WIDTH="174" HEIGHT="56" CONTENT="tionen," SUBS_TYPE="HypPart2" SUBS_CONTENT="Nationen," WC="0.98" CC="5054061"/>
						<SP ID="P3_SP00045" HPOS="316" VPOS="910" WIDTH="46"/>
						<String ID="P3_ST00054" HPOS="362" VPOS="870" WIDTH="73" HEIGHT="32" CONTENT="wo" WC="0.68" CC="05"/>
						<SP ID="P3_SP00046" HPOS="435" VPOS="910" WIDTH="37"/>
						<String ID="P3_ST00055" HPOS="472" VPOS="851" WIDTH="82" HEIGHT="50" CONTENT="das" WC="0.95" CC="066"/>
						<SP ID="P3_SP00047" HPOS="554" VPOS="910" WIDTH="45"/>
						<String ID="P3_ST00056" HPOS="599" VPOS="868" WIDTH="85" HEIGHT="31" CONTENT="von" WC="0.94" CC="464"/>
						<SP ID="P3_SP00048" HPOS="684" VPOS="910" WIDTH="47"/>
						<String ID="P3_ST00057" HPOS="731" VPOS="866" WIDTH="84" HEIGHT="32" CONTENT="uns" WC="0.95" CC="075"/>
						<SP ID="P3_SP00049" HPOS="815" VPOS="910" WIDTH="37"/>
						<String ID="P3_ST00058" HPOS="852" VPOS="851" WIDTH="199" HEIGHT="64" CONTENT="gerügte" WC="1.00" CC="0050010"/>
						<SP ID="P3_SP00050" HPOS="1051" VPOS="915" WIDTH="32"/>
						<String ID="P3_ST00059" HPOS="1083" VPOS="847" WIDTH="146" HEIGHT="51" CONTENT="Uebel" WC="0.75" CC="51500"/>
						<SP ID="P3_SP00051" HPOS="1229" VPOS="915" WIDTH="32"/>
						<String ID="P3_ST00060" HPOS="1261" VPOS="865" WIDTH="49" HEIGHT="32" CONTENT="so" WC="0.65" CC="15"/>
						<SP ID="P3_SP00052" HPOS="1310" VPOS="915" WIDTH="30"/>
						<String ID="P3_ST00061" HPOS="1340" VPOS="865" WIDTH="161" HEIGHT="48" CONTENT="grosse" WC="0.98" CC="034650"/>
						<SP ID="P3_SP00053" HPOS="1501" VPOS="915" WIDTH="29"/>
						<String ID="P3_ST00062" HPOS="1530" VPOS="849" WIDTH="177" HEIGHT="48" CONTENT="Maass-" WC="0.98" CC="530662"/>
					</TextLine>
					<TextLine ID="P3_TL00010" HPOS="143" VPOS="927" WIDTH="1565" HEIGHT="69">
						<String ID="P3_ST00063" HPOS="143" VPOS="933" WIDTH="318" HEIGHT="49" CONTENT="Verhältnisse" WC="0.99" CC="000751385300"/>
						<SP ID="P3_SP00054" HPOS="461" VPOS="982" WIDTH="48"/>
						<String ID="P3_ST00064" HPOS="509" VPOS="946" WIDTH="344" HEIGHT="50" CONTENT="angenommen" WC="0.99" CC="0407615106"/>
						<SP ID="P3_SP00055" HPOS="853" VPOS="996" WIDTH="54"/>
						<String ID="P3_ST00065" HPOS="907" VPOS="929" WIDTH="94" HEIGHT="48" CONTENT="hat." WC="0.96" CC="6642"/>
						<SP ID="P3_SP00056" HPOS="1001" VPOS="996" WIDTH="71"/>
						<String ID="P3_ST00066" HPOS="1072" VPOS="927" WIDTH="108" HEIGHT="50" CONTENT="Wir" WC="0.97" CC="035"/>
						<SP ID="P3_SP00057" HPOS="1180" VPOS="996" WIDTH="58"/>
						<String ID="P3_ST00067" HPOS="1238" VPOS="927" WIDTH="255" HEIGHT="66" CONTENT="bestätigen" WC="0.99" CC="0045661008"/>
						<SP ID="P3_SP00058" HPOS="1493" VPOS="996" WIDTH="60"/>
						<String ID="P3_ST00068" HPOS="1553" VPOS="927" WIDTH="155" HEIGHT="50" CONTENT="diesen" WC="0.98" CC="800606"/>
					</TextLine>
					<TextLine ID="P3_TL00011" HPOS="142" VPOS="1007" WIDTH="1565" HEIGHT="72">
						<String ID="P3_ST00069" HPOS="142" VPOS="1011" WIDTH="274" HEIGHT="68" CONTENT="Ausspruch" WC="0.99" CC="002022106"/>
						<SP ID="P3_SP00059" HPOS="416" VPOS="1079" WIDTH="50"/>
						<String ID="P3_ST00070" HPOS="466" VPOS="1011" WIDTH="84" HEIGHT="49" CONTENT="mit" WC="0.97" CC="600"/>
						<SP ID="P3_SP00060" HPOS="550" VPOS="1079" WIDTH="49"/>
						<String ID="P3_ST00071" HPOS="599" VPOS="1010" WIDTH="266" HEIGHT="58" CONTENT="Bedauern," WC="0.99" CC="600050003"/>
						<SP ID="P3_SP00061" HPOS="865" VPOS="1079" WIDTH="50"/>
						<String ID="P3_ST00072" HPOS="915" VPOS="1007" WIDTH="116" HEIGHT="51" CONTENT="aber" WC="0.98" CC="0404"/>
						<SP ID="P3_SP00062" HPOS="1031" VPOS="1079" WIDTH="52"/>
						<String ID="P3_ST00073" HPOS="1083" VPOS="1007" WIDTH="73" HEIGHT="49" CONTENT="die" WC="1.00" CC="000"/>
						<SP ID="P3_SP00063" HPOS="1156" VPOS="1079" WIDTH="47"/>
						<String ID="P3_ST00074" HPOS="1203" VPOS="1007" WIDTH="265" HEIGHT="49" CONTENT="Thatsache" WC="0.66" CC="073633130"/>
						<SP ID="P3_SP00064" HPOS="1468" VPOS="1079" WIDTH="52"/>
						<String ID="P3_ST00075" HPOS="1520" VPOS="1007" WIDTH="55" HEIGHT="49" CONTENT="ist" WC="0.98" CC="140"/>
						<SP ID="P3_SP00065" HPOS="1575" VPOS="1079" WIDTH="48"/>
						<String ID="P3_ST00076" HPOS="1623" VPOS="1025" WIDTH="56" HEIGHT="31" CONTENT="un" SUBS_TYPE="HypPart1" SUBS_CONTENT="unläugbar." WC="0.46" CC="55"/>
						<HYP HPOS="1679" VPOS="1025" WIDTH="28" CONTENT="-"/>
					</TextLine>
					<TextLine ID="P3_TL00012" HPOS="142" VPOS="1093" WIDTH="215" HEIGHT="66">
						<String ID="P3_ST00077" HPOS="142" VPOS="1093" WIDTH="215" HEIGHT="66" CONTENT="läugbar." SUBS_TYPE="HypPart2" SUBS_CONTENT="unläugbar." WC="0.90" CC="00003012"/>
					</TextLine>
					<TextLine ID="P3_TL00013" HPOS="264" VPOS="1166" WIDTH="1447" HEIGHT="57">
						<String ID="P3_ST00078" HPOS="264" VPOS="1169" WIDTH="320" HEIGHT="52" CONTENT="Deutschland" WC="1.00" CC="20060060000"/>
						<SP ID="P3_SP00066" HPOS="584" VPOS="1221" WIDTH="53"/>
						<String ID="P3_ST00079" HPOS="637" VPOS="1169" WIDTH="163" HEIGHT="49" CONTENT="besitzt" WC="0.98" CC="5040650"/>
						<SP ID="P3_SP00067" HPOS="800" VPOS="1221" WIDTH="51"/>
						<String ID="P3_ST00080" HPOS="851" VPOS="1166" WIDTH="308" HEIGHT="57" CONTENT="Volkslieder," WC="1.00" CC="022013000034"/>
						<SP ID="P3_SP00068" HPOS="1159" VPOS="1223" WIDTH="56"/>
						<String ID="P3_ST00081" HPOS="1215" VPOS="1166" WIDTH="74" HEIGHT="50" CONTENT="die" WC="1.00" CC="000"/>
						<SP ID="P3_SP00069" HPOS="1289" VPOS="1223" WIDTH="49"/>
						<String ID="P3_ST00082" HPOS="1338" VPOS="1166" WIDTH="226" HEIGHT="50" CONTENT="ebenfalls" WC="0.99" CC="000051567"/>
						<SP ID="P3_SP00070" HPOS="1564" VPOS="1223" WIDTH="56"/>
						<String ID="P3_ST00083" HPOS="1620" VPOS="1166" WIDTH="91" HEIGHT="50" CONTENT="den" WC="0.98" CC="005"/>
					</TextLine>
					<TextLine ID="P3_TL00014" HPOS="143" VPOS="1245" WIDTH="1566" HEIGHT="61">
						<String ID="P3_ST00084" HPOS="143" VPOS="1251" WIDTH="171" HEIGHT="50" CONTENT="Zweck" WC="0.99" CC="09000"/>
						<SP ID="P3_SP00071" HPOS="314" VPOS="1301" WIDTH="31"/>
						<String ID="P3_ST00085" HPOS="345" VPOS="1249" WIDTH="173" HEIGHT="57" CONTENT="haben," WC="0.99" CC="005000"/>
						<SP ID="P3_SP00072" HPOS="518" VPOS="1306" WIDTH="30"/>
						<String ID="P3_ST00086" HPOS="548" VPOS="1249" WIDTH="73" HEIGHT="49" CONTENT="die" WC="1.00" CC="000"/>
						<SP ID="P3_SP00073" HPOS="621" VPOS="1306" WIDTH="30"/>
						<String ID="P3_ST00087" HPOS="651" VPOS="1247" WIDTH="272" HEIGHT="51" CONTENT="arbeitende" WC="0.99" CC="0450060600"/>
						<SP ID="P3_SP00074" HPOS="923" VPOS="1306" WIDTH="24"/>
						<String ID="P3_ST00088" HPOS="947" VPOS="1247" WIDTH="158" HEIGHT="50" CONTENT="Classe" WC="0.79" CC="241030"/>
						<SP ID="P3_SP00075" HPOS="1105" VPOS="1306" WIDTH="29"/>
						<String ID="P3_ST00089" HPOS="1134" VPOS="1246" WIDTH="44" HEIGHT="48" CONTENT="in" WC="0.70" CC="05"/>
						<SP ID="P3_SP00076" HPOS="1178" VPOS="1306" WIDTH="26"/>
						<String ID="P3_ST00090" HPOS="1204" VPOS="1246" WIDTH="136" HEIGHT="48" CONTENT="Stadt" WC="0.98" CC="15504"/>
						<SP ID="P3_SP00077" HPOS="1340" VPOS="1306" WIDTH="30"/>
						<String ID="P3_ST00091" HPOS="1370" VPOS="1246" WIDTH="90" HEIGHT="48" CONTENT="und" WC="0.97" CC="070"/>
						<SP ID="P3_SP00078" HPOS="1460" VPOS="1306" WIDTH="35"/>
						<String ID="P3_ST00092" HPOS="1495" VPOS="1245" WIDTH="130" HEIGHT="49" CONTENT="Land" WC="0.97" CC="0560"/>
						<SP ID="P3_SP00079" HPOS="1625" VPOS="1306" WIDTH="32"/>
						<String ID="P3_ST00093" HPOS="1657" VPOS="1263" WIDTH="52" HEIGHT="31" CONTENT="zu" WC="0.44" CC="64"/>
					</TextLine>
					<TextLine ID="P3_TL00015" HPOS="143" VPOS="1325" WIDTH="1570" HEIGHT="71">
						<String ID="P3_ST00094" HPOS="143" VPOS="1334" WIDTH="291" HEIGHT="62" CONTENT="vergnügen," WC="0.99" CC="0039000013"/>
						<SP ID="P3_SP00080" HPOS="434" VPOS="1396" WIDTH="29"/>
						<String ID="P3_ST00095" HPOS="463" VPOS="1329" WIDTH="116" HEIGHT="49" CONTENT="aber" WC="0.98" CC="2331"/>
						<SP ID="P3_SP00081" HPOS="579" VPOS="1396" WIDTH="29"/>
						<String ID="P3_ST00096" HPOS="608" VPOS="1327" WIDTH="125" HEIGHT="50" CONTENT="diese" WC="1.00" CC="01000"/>
						<SP ID="P3_SP00082" HPOS="733" VPOS="1396" WIDTH="29"/>
						<String ID="P3_ST00097" HPOS="762" VPOS="1327" WIDTH="171" HEIGHT="50" CONTENT="Lieder" WC="1.00" CC="010004"/>
						<SP ID="P3_SP00083" HPOS="933" VPOS="1396" WIDTH="35"/>
						<String ID="P3_ST00098" HPOS="968" VPOS="1325" WIDTH="271" HEIGHT="51" CONTENT="durchzieht" WC="1.00" CC="0000140060"/>
						<SP ID="P3_SP00084" HPOS="1239" VPOS="1396" WIDTH="30"/>
						<String ID="P3_ST00099" HPOS="1269" VPOS="1325" WIDTH="82" HEIGHT="49" CONTENT="der" WC="1.00" CC="001"/>
						<SP ID="P3_SP00085" HPOS="1351" VPOS="1396" WIDTH="31"/>
						<String ID="P3_ST00100" HPOS="1382" VPOS="1326" WIDTH="168" HEIGHT="48" CONTENT="Hauch" WC="0.98" CC="40602"/>
						<SP ID="P3_SP00086" HPOS="1550" VPOS="1396" WIDTH="34"/>
						<String ID="P3_ST00101" HPOS="1584" VPOS="1326" WIDTH="129" HEIGHT="48" CONTENT="einer" WC="0.99" CC="00600"/>
					</TextLine>
					<TextLine ID="P3_TL00016" HPOS="145" VPOS="1406" WIDTH="1569" HEIGHT="60">
						<String ID="P3_ST00102" HPOS="145" VPOS="1410" WIDTH="180" HEIGHT="51" CONTENT="sanften" WC="0.99" CC="1022005"/>
						<SP ID="P3_SP00087" HPOS="325" VPOS="1461" WIDTH="32"/>
						<String ID="P3_ST00103" HPOS="357" VPOS="1409" WIDTH="301" HEIGHT="57" CONTENT="Munterkeit," WC="1.00" CC="03740000000"/>
						<SP ID="P3_SP00088" HPOS="658" VPOS="1466" WIDTH="30"/>
						<String ID="P3_ST00104" HPOS="688" VPOS="1409" WIDTH="127" HEIGHT="48" CONTENT="einer" WC="1.00" CC="02000"/>
						<SP ID="P3_SP00089" HPOS="815" VPOS="1466" WIDTH="31"/>
						<String ID="P3_ST00105" HPOS="846" VPOS="1407" WIDTH="245" HEIGHT="50" CONTENT="reizenden" WC="1.00" CC="000600005"/>
						<SP ID="P3_SP00090" HPOS="1091" VPOS="1466" WIDTH="25"/>
						<String ID="P3_ST00106" HPOS="1116" VPOS="1406" WIDTH="419" HEIGHT="57" CONTENT="Gemüthlichkeit;" WC="0.70" CC="303846300700060"/>
						<SP ID="P3_SP00091" HPOS="1535" VPOS="1466" WIDTH="26"/>
						<String ID="P3_ST00107" HPOS="1561" VPOS="1406" WIDTH="153" HEIGHT="48" CONTENT="Kunst" WC="0.96" CC="95743"/>
					</TextLine>
					<TextLine ID="P3_TL00017" HPOS="146" VPOS="1486" WIDTH="1566" HEIGHT="65">
						<String ID="P3_ST00108" HPOS="146" VPOS="1490" WIDTH="96" HEIGHT="50" CONTENT="und" WC="0.96" CC="450"/>
						<SP ID="P3_SP00092" HPOS="242" VPOS="1540" WIDTH="31"/>
						<String ID="P3_ST00109" HPOS="273" VPOS="1489" WIDTH="212" HEIGHT="52" CONTENT="Anstand" WC="0.99" CC="4204000"/>
						<SP ID="P3_SP00093" HPOS="485" VPOS="1541" WIDTH="32"/>
						<String ID="P3_ST00110" HPOS="517" VPOS="1488" WIDTH="270" HEIGHT="50" CONTENT="erscheinen" WC="1.00" CC="0010300003"/>
						<SP ID="P3_SP00094" HPOS="787" VPOS="1541" WIDTH="31"/>
						<String ID="P3_ST00111" HPOS="818" VPOS="1488" WIDTH="132" HEIGHT="49" CONTENT="darin" WC="0.98" CC="05334"/>
						<SP ID="P3_SP00095" HPOS="950" VPOS="1541" WIDTH="32"/>
						<String ID="P3_ST00112" HPOS="982" VPOS="1488" WIDTH="181" HEIGHT="48" CONTENT="überall" WC="0.98" CC="8100075"/>
						<SP ID="P3_SP00096" HPOS="1163" VPOS="1541" WIDTH="31"/>
						<String ID="P3_ST00113" HPOS="1194" VPOS="1486" WIDTH="229" HEIGHT="65" CONTENT="geachtet." WC="0.99" CC="905170034"/>
						<SP ID="P3_SP00097" HPOS="1423" VPOS="1551" WIDTH="39"/>
						<String ID="P3_ST00114" HPOS="1462" VPOS="1486" WIDTH="50" HEIGHT="48" CONTENT="In" WC="0.95" CC="00"/>
						<SP ID="P3_SP00098" HPOS="1512" VPOS="1551" WIDTH="28"/>
						<String ID="P3_ST00115" HPOS="1540" VPOS="1486" WIDTH="172" HEIGHT="57" CONTENT="Berlin," WC="0.99" CC="0006060"/>
					</TextLine>
					<TextLine ID="P3_TL00018" HPOS="150" VPOS="1564" WIDTH="1555" HEIGHT="63">
						<String ID="P3_ST00116" HPOS="150" VPOS="1570" WIDTH="162" HEIGHT="57" CONTENT="Wien," WC="0.99" CC="00070"/>
						<SP ID="P3_SP00099" HPOS="312" VPOS="1627" WIDTH="31"/>
						<String ID="P3_ST00117" HPOS="343" VPOS="1568" WIDTH="254" HEIGHT="57" CONTENT="München," WC="0.99" CC="90002042"/>
						<SP ID="P3_SP00100" HPOS="597" VPOS="1627" WIDTH="31"/>
						<String ID="P3_ST00118" HPOS="628" VPOS="1568" WIDTH="230" HEIGHT="57" CONTENT="Dresden," WC="0.99" CC="63000070"/>
						<SP ID="P3_SP00101" HPOS="858" VPOS="1627" WIDTH="33"/>
						<String ID="P3_ST00119" HPOS="891" VPOS="1566" WIDTH="273" HEIGHT="56" CONTENT="Frankfurt," WC="0.99" CC="5324366250"/>
						<SP ID="P3_SP00102" HPOS="1164" VPOS="1627" WIDTH="31"/>
						<String ID="P3_ST00120" HPOS="1195" VPOS="1565" WIDTH="123" HEIGHT="50" CONTENT="Köln" WC="0.96" CC="6660"/>
						<SP ID="P3_SP00103" HPOS="1318" VPOS="1627" WIDTH="27"/>
						<String ID="P3_ST00121" HPOS="1345" VPOS="1564" WIDTH="115" HEIGHT="49" CONTENT="wird" WC="1.00" CC="0000"/>
						<SP ID="P3_SP00104" HPOS="1460" VPOS="1627" WIDTH="27"/>
						<String ID="P3_ST00122" HPOS="1487" VPOS="1581" WIDTH="107" HEIGHT="32" CONTENT="man" WC="0.96" CC="531"/>
						<SP ID="P3_SP00105" HPOS="1594" VPOS="1627" WIDTH="24"/>
						<String ID="P3_ST00123" HPOS="1618" VPOS="1565" WIDTH="66" HEIGHT="48" CONTENT="nir" SUBS_TYPE="HypPart1" SUBS_CONTENT="nirgend" WC="0.98" CC="004"/>
						<HYP HPOS="1684" VPOS="1565" WIDTH="21" CONTENT="-"/>
					</TextLine>
					<TextLine ID="P3_TL00019" HPOS="146" VPOS="1644" WIDTH="1565" HEIGHT="73">
						<String ID="P3_ST00124" HPOS="146" VPOS="1650" WIDTH="123" HEIGHT="67" CONTENT="gend" SUBS_TYPE="HypPart2" SUBS_CONTENT="nirgend" WC="0.99" CC="4000"/>
						<SP ID="P3_SP00106" HPOS="269" VPOS="1717" WIDTH="31"/>
						<String ID="P3_ST00125" HPOS="300" VPOS="1649" WIDTH="156" HEIGHT="49" CONTENT="solche" WC="0.99" CC="026060"/>
						<SP ID="P3_SP00107" HPOS="456" VPOS="1717" WIDTH="21"/>
						<String ID="P3_ST00126" HPOS="477" VPOS="1648" WIDTH="176" HEIGHT="49" CONTENT="Stücke" WC="0.99" CC="060000"/>
						<SP ID="P3_SP00108" HPOS="653" VPOS="1717" WIDTH="29"/>
						<String ID="P3_ST00127" HPOS="682" VPOS="1648" WIDTH="95" HEIGHT="49" CONTENT="und" WC="0.97" CC="260"/>
						<SP ID="P3_SP00109" HPOS="777" VPOS="1717" WIDTH="25"/>
						<String ID="P3_ST00128" HPOS="802" VPOS="1648" WIDTH="214" HEIGHT="63" CONTENT="Gesänge" WC="0.99" CC="0008700"/>
						<SP ID="P3_SP00110" HPOS="1016" VPOS="1717" WIDTH="30"/>
						<String ID="P3_ST00129" HPOS="1046" VPOS="1646" WIDTH="165" HEIGHT="57" CONTENT="hören," WC="1.00" CC="002003"/>
						<SP ID="P3_SP00111" HPOS="1211" VPOS="1717" WIDTH="31"/>
						<String ID="P3_ST00130" HPOS="1242" VPOS="1644" WIDTH="72" HEIGHT="49" CONTENT="die" WC="1.00" CC="000"/>
						<SP ID="P3_SP00112" HPOS="1314" VPOS="1717" WIDTH="31"/>
						<String ID="P3_ST00131" HPOS="1345" VPOS="1644" WIDTH="151" HEIGHT="49" CONTENT="denen" WC="0.99" CC="80000"/>
						<SP ID="P3_SP00113" HPOS="1496" VPOS="1717" WIDTH="32"/>
						<String ID="P3_ST00132" HPOS="1528" VPOS="1645" WIDTH="183" HEIGHT="50" CONTENT="ähnlich" WC="0.99" CC="0627100"/>
					</TextLine>
					<TextLine ID="P3_TL00020" HPOS="147" VPOS="1724" WIDTH="1565" HEIGHT="68">
						<String ID="P3_ST00133" HPOS="147" VPOS="1734" WIDTH="175" HEIGHT="54" CONTENT="wären," WC="0.98" CC="734030"/>
						<SP ID="P3_SP00114" HPOS="322" VPOS="1788" WIDTH="45"/>
						<String ID="P3_ST00134" HPOS="367" VPOS="1729" WIDTH="176" HEIGHT="49" CONTENT="welche" WC="0.99" CC="002060"/>
						<SP ID="P3_SP00115" HPOS="543" VPOS="1788" WIDTH="42"/>
						<String ID="P3_ST00135" HPOS="585" VPOS="1728" WIDTH="74" HEIGHT="48" CONTENT="die" WC="0.96" CC="900"/>
						<SP ID="P3_SP00116" HPOS="659" VPOS="1788" WIDTH="41"/>
						<String ID="P3_ST00136" HPOS="700" VPOS="1744" WIDTH="160" HEIGHT="48" CONTENT="grosse" WC="0.99" CC="045200"/>
						<SP ID="P3_SP00117" HPOS="860" VPOS="1792" WIDTH="29"/>
						<String ID="P3_ST00137" HPOS="889" VPOS="1726" WIDTH="235" HEIGHT="50" CONTENT="Mehrheit" WC="0.99" CC="00140025"/>
						<SP ID="P3_SP00118" HPOS="1124" VPOS="1792" WIDTH="39"/>
						<String ID="P3_ST00138" HPOS="1163" VPOS="1724" WIDTH="84" HEIGHT="49" CONTENT="der" WC="0.98" CC="004"/>
						<SP ID="P3_SP00119" HPOS="1247" VPOS="1792" WIDTH="29"/>
						<String ID="P3_ST00139" HPOS="1276" VPOS="1725" WIDTH="178" HEIGHT="66" CONTENT="pariser" WC="0.99" CC="0040500"/>
						<SP ID="P3_SP00120" HPOS="1454" VPOS="1792" WIDTH="30"/>
						<String ID="P3_ST00140" HPOS="1484" VPOS="1724" WIDTH="200" HEIGHT="51" CONTENT="Bevölke" SUBS_TYPE="HypPart1" SUBS_CONTENT="Bevölkerung" WC="0.99" CC="5000290"/>
						<HYP HPOS="1684" VPOS="1724" WIDTH="28" CONTENT="-"/>
					</TextLine>
					<TextLine ID="P3_TL00021" HPOS="147" VPOS="1804" WIDTH="1565" HEIGHT="71">
						<String ID="P3_ST00141" HPOS="147" VPOS="1825" WIDTH="122" HEIGHT="50" CONTENT="rung" SUBS_TYPE="HypPart2" SUBS_CONTENT="Bevölkerung" WC="1.00" CC="2000"/>
						<SP ID="P3_SP00121" HPOS="269" VPOS="1875" WIDTH="32"/>
						<String ID="P3_ST00142" HPOS="301" VPOS="1810" WIDTH="81" HEIGHT="47" CONTENT="mit" WC="0.95" CC="605"/>
						<SP ID="P3_SP00122" HPOS="382" VPOS="1875" WIDTH="28"/>
						<String ID="P3_ST00143" HPOS="410" VPOS="1824" WIDTH="52" HEIGHT="33" CONTENT="so" WC="0.76" CC="40"/>
						<SP ID="P3_SP00123" HPOS="462" VPOS="1875" WIDTH="29"/>
						<String ID="P3_ST00144" HPOS="491" VPOS="1823" WIDTH="188" HEIGHT="51" CONTENT="grosser" WC="0.99" CC="0500204"/>
						<SP ID="P3_SP00124" HPOS="679" VPOS="1875" WIDTH="23"/>
						<String ID="P3_ST00145" HPOS="702" VPOS="1808" WIDTH="151" HEIGHT="49" CONTENT="Gunst" WC="1.00" CC="00300"/>
						<SP ID="P3_SP00125" HPOS="853" VPOS="1875" WIDTH="28"/>
						<String ID="P3_ST00146" HPOS="881" VPOS="1805" WIDTH="262" HEIGHT="50" CONTENT="aufnimmt." WC="0.99" CC="400606564"/>
						<SP ID="P3_SP00126" HPOS="1143" VPOS="1875" WIDTH="30"/>
						<String ID="P3_ST00147" HPOS="1173" VPOS="1804" WIDTH="90" HEIGHT="48" CONTENT="Die" WC="0.98" CC="400"/>
						<SP ID="P3_SP00127" HPOS="1263" VPOS="1875" WIDTH="32"/>
						<String ID="P3_ST00148" HPOS="1295" VPOS="1804" WIDTH="268" HEIGHT="48" CONTENT="Deutschen" WC="0.99" CC="002340400"/>
						<SP ID="P3_SP00128" HPOS="1563" VPOS="1875" WIDTH="24"/>
						<String ID="P3_ST00149" HPOS="1587" VPOS="1808" WIDTH="94" HEIGHT="44" CONTENT="wür" SUBS_TYPE="HypPart1" SUBS_CONTENT="würden" WC="1.00" CC="000"/>
						<HYP HPOS="1681" VPOS="1808" WIDTH="31" CONTENT="-"/>
					</TextLine>
					<TextLine ID="P3_TL00022" HPOS="147" VPOS="1884" WIDTH="1566" HEIGHT="59">
						<String ID="P3_ST00150" HPOS="147" VPOS="1889" WIDTH="90" HEIGHT="51" CONTENT="den" SUBS_TYPE="HypPart2" SUBS_CONTENT="würden" WC="0.99" CC="001"/>
						<SP ID="P3_SP00129" HPOS="237" VPOS="1940" WIDTH="31"/>
						<String ID="P3_ST00151" HPOS="268" VPOS="1888" WIDTH="241" HEIGHT="55" CONTENT="erröthen," WC="0.83" CC="000007043"/>
						<SP ID="P3_SP00130" HPOS="509" VPOS="1943" WIDTH="42"/>
						<String ID="P3_ST00152" HPOS="551" VPOS="1886" WIDTH="156" HEIGHT="50" CONTENT="solche" WC="0.98" CC="304070"/>
						<SP ID="P3_SP00131" HPOS="707" VPOS="1943" WIDTH="40"/>
						<String ID="P3_ST00153" HPOS="747" VPOS="1886" WIDTH="104" HEIGHT="50" CONTENT="fade" WC="1.00" CC="0000"/>
						<SP ID="P3_SP00132" HPOS="851" VPOS="1943" WIDTH="42"/>
						<String ID="P3_ST00154" HPOS="893" VPOS="1885" WIDTH="354" HEIGHT="51" CONTENT="Gemeinheiten" WC="1.00" CC="006011300600"/>
						<SP ID="P3_SP00133" HPOS="1247" VPOS="1943" WIDTH="44"/>
						<String ID="P3_ST00155" HPOS="1291" VPOS="1884" WIDTH="82" HEIGHT="48" CONTENT="mit" WC="0.96" CC="504"/>
						<SP ID="P3_SP00134" HPOS="1373" VPOS="1943" WIDTH="43"/>
						<String ID="P3_ST00156" HPOS="1416" VPOS="1885" WIDTH="297" HEIGHT="48" CONTENT="anzuhören:" WC="0.99" CC="0472600074"/>
					</TextLine>
					<TextLine ID="P3_TL00023" HPOS="146" VPOS="1962" WIDTH="1566" HEIGHT="67">
						<String ID="P3_ST00157" HPOS="146" VPOS="1969" WIDTH="65" HEIGHT="48" CONTENT="sie" WC="0.98" CC="500"/>
						<SP ID="P3_SP00135" HPOS="211" VPOS="2017" WIDTH="31"/>
						<String ID="P3_ST00158" HPOS="242" VPOS="1968" WIDTH="185" HEIGHT="55" CONTENT="wollen," WC="0.99" CC="9002051"/>
						<SP ID="P3_SP00136" HPOS="427" VPOS="2023" WIDTH="43"/>
						<String ID="P3_ST00159" HPOS="470" VPOS="1966" WIDTH="104" HEIGHT="49" CONTENT="dass" WC="0.88" CC="0012"/>
						<SP ID="P3_SP00137" HPOS="574" VPOS="2023" WIDTH="29"/>
						<String ID="P3_ST00160" HPOS="603" VPOS="1966" WIDTH="74" HEIGHT="49" CONTENT="die" WC="1.00" CC="000"/>
						<SP ID="P3_SP00138" HPOS="677" VPOS="2023" WIDTH="30"/>
						<String ID="P3_ST00161" HPOS="707" VPOS="1965" WIDTH="153" HEIGHT="50" CONTENT="Musik" WC="1.00" CC="00000"/>
						<SP ID="P3_SP00139" HPOS="860" VPOS="2023" WIDTH="42"/>
						<String ID="P3_ST00162" HPOS="902" VPOS="1965" WIDTH="95" HEIGHT="48" CONTENT="sich" WC="1.00" CC="1000"/>
						<SP ID="P3_SP00140" HPOS="997" VPOS="2023" WIDTH="44"/>
						<String ID="P3_ST00163" HPOS="1041" VPOS="1971" WIDTH="111" HEIGHT="41" CONTENT="stets" WC="0.99" CC="01041"/>
						<SP ID="P3_SP00141" HPOS="1152" VPOS="2023" WIDTH="42"/>
						<String ID="P3_ST00164" HPOS="1194" VPOS="1962" WIDTH="85" HEIGHT="50" CONTENT="auf" WC="0.98" CC="600"/>
						<SP ID="P3_SP00142" HPOS="1279" VPOS="2023" WIDTH="39"/>
						<String ID="P3_ST00165" HPOS="1318" VPOS="1962" WIDTH="127" HEIGHT="50" CONTENT="einer" WC="0.99" CC="00004"/>
						<SP ID="P3_SP00143" HPOS="1445" VPOS="2023" WIDTH="39"/>
						<String ID="P3_ST00166" HPOS="1484" VPOS="1962" WIDTH="228" HEIGHT="67" CONTENT="gewissen" WC="1.00" CC="00000003"/>
					</TextLine>
					<TextLine ID="P3_TL00024" HPOS="150" VPOS="2042" WIDTH="1562" HEIGHT="63">
						<String ID="P3_ST00167" HPOS="150" VPOS="2048" WIDTH="139" HEIGHT="50" CONTENT="Höhe" WC="0.96" CC="5760"/>
						<SP ID="P3_SP00144" HPOS="289" VPOS="2098" WIDTH="30"/>
						<String ID="P3_ST00168" HPOS="319" VPOS="2048" WIDTH="142" HEIGHT="57" CONTENT="halte," WC="0.99" CC="614200"/>
						<SP ID="P3_SP00145" HPOS="461" VPOS="2105" WIDTH="30"/>
						<String ID="P3_ST00169" HPOS="491" VPOS="2045" WIDTH="96" HEIGHT="50" CONTENT="und" WC="0.98" CC="500"/>
						<SP ID="P3_SP00146" HPOS="587" VPOS="2105" WIDTH="24"/>
						<String ID="P3_ST00170" HPOS="611" VPOS="2045" WIDTH="195" HEIGHT="50" CONTENT="würden" WC="0.99" CC="005003"/>
						<SP ID="P3_SP00147" HPOS="806" VPOS="2105" WIDTH="24"/>
						<String ID="P3_ST00171" HPOS="830" VPOS="2045" WIDTH="127" HEIGHT="50" CONTENT="nicht" WC="0.99" CC="00073"/>
						<SP ID="P3_SP00148" HPOS="957" VPOS="2105" WIDTH="21"/>
						<String ID="P3_ST00172" HPOS="978" VPOS="2042" WIDTH="189" HEIGHT="58" CONTENT="dulden," WC="0.99" CC="0430000"/>
						<SP ID="P3_SP00149" HPOS="1167" VPOS="2105" WIDTH="29"/>
						<String ID="P3_ST00173" HPOS="1196" VPOS="2042" WIDTH="106" HEIGHT="50" CONTENT="dass" WC="0.95" CC="0010"/>
						<SP ID="P3_SP00150" HPOS="1302" VPOS="2105" WIDTH="30"/>
						<String ID="P3_ST00174" HPOS="1332" VPOS="2059" WIDTH="108" HEIGHT="33" CONTENT="man" WC="0.96" CC="721"/>
						<SP ID="P3_SP00151" HPOS="1440" VPOS="2105" WIDTH="29"/>
						<String ID="P3_ST00175" HPOS="1469" VPOS="2059" WIDTH="81" HEIGHT="33" CONTENT="vor" WC="1.00" CC="000"/>
						<SP ID="P3_SP00152" HPOS="1550" VPOS="2105" WIDTH="30"/>
						<String ID="P3_ST00176" HPOS="1580" VPOS="2042" WIDTH="132" HEIGHT="50" CONTENT="ihren" WC="0.99" CC="05500"/>
					</TextLine>
					<TextLine ID="P3_TL00025" HPOS="148" VPOS="2123" WIDTH="1263" HEIGHT="55">
						<String ID="P3_ST00177" HPOS="148" VPOS="2128" WIDTH="166" HEIGHT="50" CONTENT="Ohren" WC="0.99" CC="01103"/>
						<SP ID="P3_SP00153" HPOS="314" VPOS="2178" WIDTH="31"/>
						<String ID="P3_ST00178" HPOS="345" VPOS="2126" WIDTH="74" HEIGHT="50" CONTENT="die" WC="1.00" CC="000"/>
						<SP ID="P3_SP00154" HPOS="419" VPOS="2178" WIDTH="30"/>
						<String ID="P3_ST00179" HPOS="449" VPOS="2125" WIDTH="173" HEIGHT="51" CONTENT="edelste" WC="1.00" CC="0003030"/>
						<SP ID="P3_SP00155" HPOS="622" VPOS="2178" WIDTH="31"/>
						<String ID="P3_ST00180" HPOS="653" VPOS="2143" WIDTH="86" HEIGHT="32" CONTENT="von" WC="0.98" CC="004"/>
						<SP ID="P3_SP00156" HPOS="739" VPOS="2178" WIDTH="30"/>
						<String ID="P3_ST00181" HPOS="769" VPOS="2126" WIDTH="120" HEIGHT="49" CONTENT="allen" WC="0.99" CC="00400"/>
						<SP ID="P3_SP00157" HPOS="889" VPOS="2178" WIDTH="32"/>
						<String ID="P3_ST00182" HPOS="921" VPOS="2125" WIDTH="212" HEIGHT="48" CONTENT="Künsten" WC="0.99" CC="8000300"/>
						<SP ID="P3_SP00158" HPOS="1133" VPOS="2178" WIDTH="33"/>
						<String ID="P3_ST00183" HPOS="1166" VPOS="2123" WIDTH="245" HEIGHT="49" CONTENT="entweihe." WC="1.00" CC="000000101"/>
					</TextLine>
					<TextLine ID="P3_TL00026" HPOS="267" VPOS="2201" WIDTH="1445" HEIGHT="68">
						<String ID="P3_ST00184" HPOS="267" VPOS="2208" WIDTH="161" HEIGHT="48" CONTENT="Italien" WC="0.99" CC="5406100"/>
						<SP ID="P3_SP00159" HPOS="428" VPOS="2256" WIDTH="30"/>
						<String ID="P3_ST00185" HPOS="458" VPOS="2206" WIDTH="57" HEIGHT="49" CONTENT="ist" WC="1.00" CC="000"/>
						<SP ID="P3_SP00160" HPOS="515" VPOS="2256" WIDTH="28"/>
						<String ID="P3_ST00186" HPOS="543" VPOS="2205" WIDTH="224" HEIGHT="50" CONTENT="ebenfalls" WC="1.00" CC="000400421"/>
						<SP ID="P3_SP00161" HPOS="767" VPOS="2256" WIDTH="29"/>
						<String ID="P3_ST00187" HPOS="796" VPOS="2222" WIDTH="83" HEIGHT="33" CONTENT="vor" WC="0.98" CC="005"/>
						<SP ID="P3_SP00162" HPOS="879" VPOS="2256" WIDTH="23"/>
						<String ID="P3_ST00188" HPOS="902" VPOS="2205" WIDTH="105" HEIGHT="48" CONTENT="dem" WC="0.98" CC="005"/>
						<SP ID="P3_SP00163" HPOS="1007" VPOS="2256" WIDTH="25"/>
						<String ID="P3_ST00189" HPOS="1032" VPOS="2203" WIDTH="290" HEIGHT="66" CONTENT="Eindringen" WC="1.00" CC="0020305002"/>
						<SP ID="P3_SP00164" HPOS="1322" VPOS="2269" WIDTH="24"/>
						<String ID="P3_ST00190" HPOS="1346" VPOS="2201" WIDTH="136" HEIGHT="68" CONTENT="jener" WC="0.99" CC="00005"/>
						<SP ID="P3_SP00165" HPOS="1482" VPOS="2269" WIDTH="21"/>
						<String ID="P3_ST00191" HPOS="1503" VPOS="2201" WIDTH="183" HEIGHT="50" CONTENT="schlech" SUBS_TYPE="HypPart1" SUBS_CONTENT="schlechten" WC="0.99" CC="5066000"/>
						<HYP HPOS="1686" VPOS="2201" WIDTH="26" CONTENT="-"/>
					</TextLine>
					<TextLine ID="P3_TL00027" HPOS="147" VPOS="2281" WIDTH="1564" HEIGHT="71">
						<String ID="P3_ST00192" HPOS="147" VPOS="2295" WIDTH="78" HEIGHT="41" CONTENT="ten" SUBS_TYPE="HypPart2" SUBS_CONTENT="schlechten" WC="0.99" CC="002"/>
						<SP ID="P3_SP00166" HPOS="225" VPOS="2336" WIDTH="25"/>
						<String ID="P3_ST00193" HPOS="250" VPOS="2285" WIDTH="154" HEIGHT="51" CONTENT="Musik" WC="0.99" CC="90000"/>
						<SP ID="P3_SP00167" HPOS="404" VPOS="2336" WIDTH="24"/>
						<String ID="P3_ST00194" HPOS="428" VPOS="2285" WIDTH="247" HEIGHT="67" CONTENT="gesichert," WC="0.99" CC="9006040040"/>
						<SP ID="P3_SP00168" HPOS="675" VPOS="2352" WIDTH="26"/>
						<String ID="P3_ST00195" HPOS="701" VPOS="2285" WIDTH="142" HEIGHT="50" CONTENT="deren" WC="1.00" CC="00003"/>
						<SP ID="P3_SP00169" HPOS="843" VPOS="2352" WIDTH="22"/>
						<String ID="P3_ST00196" HPOS="865" VPOS="2283" WIDTH="221" HEIGHT="67" CONTENT="Monopol" WC="0.99" CC="0305022"/>
						<SP ID="P3_SP00170" HPOS="1086" VPOS="2352" WIDTH="33"/>
						<String ID="P3_ST00197" HPOS="1119" VPOS="2283" WIDTH="280" HEIGHT="64" CONTENT="heutzutage" WC="0.99" CC="7000504500"/>
						<SP ID="P3_SP00171" HPOS="1399" VPOS="2352" WIDTH="26"/>
						<String ID="P3_ST00198" HPOS="1425" VPOS="2281" WIDTH="286" HEIGHT="50" CONTENT="Frankreich" WC="1.00" CC="6003060000"/>
					</TextLine>
					<TextLine ID="P3_TL00028" HPOS="148" VPOS="2361" WIDTH="1564" HEIGHT="55">
						<String ID="P3_ST00199" HPOS="148" VPOS="2366" WIDTH="136" HEIGHT="50" CONTENT="allein" WC="0.99" CC="530014"/>
						<SP ID="P3_SP00172" HPOS="284" VPOS="2416" WIDTH="31"/>
						<String ID="P3_ST00200" HPOS="315" VPOS="2383" WIDTH="53" HEIGHT="32" CONTENT="zu" WC="0.55" CC="62"/>
						<SP ID="P3_SP00173" HPOS="368" VPOS="2416" WIDTH="33"/>
						<String ID="P3_ST00201" HPOS="401" VPOS="2365" WIDTH="198" HEIGHT="50" CONTENT="besitzen" WC="0.99" CC="50024210"/>
						<SP ID="P3_SP00174" HPOS="599" VPOS="2416" WIDTH="31"/>
						<String ID="P3_ST00202" HPOS="630" VPOS="2364" WIDTH="190" HEIGHT="49" CONTENT="scheint." WC="0.99" CC="00601643"/>
						<SP ID="P3_SP00175" HPOS="820" VPOS="2416" WIDTH="54"/>
						<String ID="P3_ST00203" HPOS="874" VPOS="2364" WIDTH="162" HEIGHT="48" CONTENT="Italien" WC="0.99" CC="7705000"/>
						<SP ID="P3_SP00176" HPOS="1036" VPOS="2416" WIDTH="34"/>
						<String ID="P3_ST00204" HPOS="1070" VPOS="2361" WIDTH="145" HEIGHT="50" CONTENT="bleibt" WC="0.98" CC="545250"/>
						<SP ID="P3_SP00177" HPOS="1215" VPOS="2416" WIDTH="27"/>
						<String ID="P3_ST00205" HPOS="1242" VPOS="2361" WIDTH="62" HEIGHT="49" CONTENT="im" WC="0.85" CC="20"/>
						<SP ID="P3_SP00178" HPOS="1304" VPOS="2416" WIDTH="33"/>
						<String ID="P3_ST00206" HPOS="1337" VPOS="2361" WIDTH="187" HEIGHT="50" CONTENT="Ganzen" WC="0.99" CC="000550"/>
						<SP ID="P3_SP00179" HPOS="1524" VPOS="2416" WIDTH="29"/>
						<String ID="P3_ST00207" HPOS="1553" VPOS="2361" WIDTH="159" HEIGHT="49" CONTENT="seinen" WC="0.99" CC="100650"/>
					</TextLine>
					<TextLine ID="P3_TL00029" HPOS="148" VPOS="2440" WIDTH="1563" HEIGHT="70">
						<String ID="P3_ST00208" HPOS="148" VPOS="2446" WIDTH="303" HEIGHT="50" CONTENT="Traditionen" WC="1.00" CC="04000103002"/>
						<SP ID="P3_SP00180" HPOS="451" VPOS="2496" WIDTH="29"/>
						<String ID="P3_ST00209" HPOS="480" VPOS="2451" WIDTH="122" HEIGHT="50" CONTENT="treu," WC="0.99" CC="01002"/>
						<SP ID="P3_SP00181" HPOS="602" VPOS="2501" WIDTH="44"/>
						<String ID="P3_ST00210" HPOS="646" VPOS="2460" WIDTH="47" HEIGHT="33" CONTENT="es" WC="1.00" CC="00"/>
						<SP ID="P3_SP00182" HPOS="693" VPOS="2501" WIDTH="38"/>
						<String ID="P3_ST00211" HPOS="731" VPOS="2444" WIDTH="192" HEIGHT="66" CONTENT="vergisst" WC="0.82" CC="00500034"/>
						<SP ID="P3_SP00183" HPOS="923" VPOS="2510" WIDTH="37"/>
						<String ID="P3_ST00212" HPOS="960" VPOS="2443" WIDTH="126" HEIGHT="49" CONTENT="seine" WC="0.98" CC="64050"/>
						<SP ID="P3_SP00184" HPOS="1086" VPOS="2510" WIDTH="29"/>
						<String ID="P3_ST00213" HPOS="1115" VPOS="2441" WIDTH="259" HEIGHT="50" CONTENT="ruhmvolle" WC="0.99" CC="006701400"/>
						<SP ID="P3_SP00185" HPOS="1374" VPOS="2510" WIDTH="32"/>
						<String ID="P3_ST00214" HPOS="1406" VPOS="2440" WIDTH="275" HEIGHT="67" CONTENT="Vergangen" SUBS_TYPE="HypPart1" SUBS_CONTENT="Vergangenheit" WC="0.99" CC="003806004"/>
						<HYP HPOS="1681" VPOS="2440" WIDTH="30" CONTENT="-"/>
					</TextLine>
					<TextLine ID="P3_TL00030" HPOS="150" VPOS="2520" WIDTH="1563" HEIGHT="70">
						<String ID="P3_ST00215" HPOS="150" VPOS="2526" WIDTH="96" HEIGHT="50" CONTENT="heit" SUBS_TYPE="HypPart2" SUBS_CONTENT="Vergangenheit" WC="0.98" CC="6004"/>
						<SP ID="P3_SP00186" HPOS="246" VPOS="2576" WIDTH="27"/>
						<String ID="P3_ST00216" HPOS="273" VPOS="2525" WIDTH="143" HEIGHT="59" CONTENT="nicht," WC="0.98" CC="010762"/>
						<SP ID="P3_SP00187" HPOS="416" VPOS="2584" WIDTH="44"/>
						<String ID="P3_ST00217" HPOS="460" VPOS="2525" WIDTH="193" HEIGHT="65" CONTENT="vergisst" WC="0.61" CC="00690264"/>
						<SP ID="P3_SP00188" HPOS="653" VPOS="2590" WIDTH="28"/>
						<String ID="P3_ST00218" HPOS="681" VPOS="2524" WIDTH="142" HEIGHT="57" CONTENT="nicht," WC="0.99" CC="000350"/>
						<SP ID="P3_SP00189" HPOS="823" VPOS="2590" WIDTH="44"/>
						<String ID="P3_ST00219" HPOS="867" VPOS="2523" WIDTH="104" HEIGHT="49" CONTENT="dass" WC="0.77" CC="0026"/>
						<SP ID="P3_SP00190" HPOS="971" VPOS="2590" WIDTH="30"/>
						<String ID="P3_ST00220" HPOS="1001" VPOS="2539" WIDTH="47" HEIGHT="32" CONTENT="es" WC="1.00" CC="00"/>
						<SP ID="P3_SP00191" HPOS="1048" VPOS="2590" WIDTH="30"/>
						<String ID="P3_ST00221" HPOS="1078" VPOS="2521" WIDTH="72" HEIGHT="49" CONTENT="die" WC="1.00" CC="000"/>
						<SP ID="P3_SP00192" HPOS="1150" VPOS="2590" WIDTH="33"/>
						<String ID="P3_ST00222" HPOS="1183" VPOS="2521" WIDTH="173" HEIGHT="65" CONTENT="Wiege" WC="1.00" CC="00000"/>
						<SP ID="P3_SP00193" HPOS="1356" VPOS="2590" WIDTH="32"/>
						<String ID="P3_ST00223" HPOS="1388" VPOS="2520" WIDTH="82" HEIGHT="50" CONTENT="der" WC="1.00" CC="000"/>
						<SP ID="P3_SP00194" HPOS="1470" VPOS="2590" WIDTH="31"/>
						<String ID="P3_ST00224" HPOS="1501" VPOS="2525" WIDTH="212" HEIGHT="61" CONTENT="grössten" WC="0.76" CC="90020203"/>
					</TextLine>
					<TextLine ID="P3_TL00031" HPOS="150" VPOS="2600" WIDTH="1364" HEIGHT="65">
						<String ID="P3_ST00225" HPOS="150" VPOS="2606" WIDTH="190" HEIGHT="50" CONTENT="Meister" WC="1.00" CC="0000202"/>
						<SP ID="P3_SP00195" HPOS="340" VPOS="2656" WIDTH="29"/>
						<String ID="P3_ST00226" HPOS="369" VPOS="2622" WIDTH="85" HEIGHT="31" CONTENT="von" WC="1.00" CC="010"/>
						<SP ID="P3_SP00196" HPOS="454" VPOS="2656" WIDTH="33"/>
						<String ID="P3_ST00227" HPOS="487" VPOS="2604" WIDTH="258" HEIGHT="49" CONTENT="Palestrina" WC="0.60" CC="7660036043"/>
						<SP ID="P3_SP00197" HPOS="745" VPOS="2656" WIDTH="32"/>
						<String ID="P3_ST00228" HPOS="777" VPOS="2604" WIDTH="69" HEIGHT="48" CONTENT="bis" WC="0.98" CC="302"/>
						<SP ID="P3_SP00198" HPOS="846" VPOS="2656" WIDTH="30"/>
						<String ID="P3_ST00229" HPOS="876" VPOS="2603" WIDTH="83" HEIGHT="49" CONTENT="auf" WC="0.96" CC="315"/>
						<SP ID="P3_SP00199" HPOS="959" VPOS="2656" WIDTH="28"/>
						<String ID="P3_ST00230" HPOS="987" VPOS="2601" WIDTH="177" HEIGHT="50" CONTENT="Rossini" WC="0.98" CC="7063050"/>
						<SP ID="P3_SP00200" HPOS="1164" VPOS="2656" WIDTH="32"/>
						<String ID="P3_ST00231" HPOS="1196" VPOS="2618" WIDTH="216" HEIGHT="47" CONTENT="gewesen" WC="1.00" CC="0000300"/>
						<SP ID="P3_SP00201" HPOS="1412" VPOS="2665" WIDTH="33"/>
						<String ID="P3_ST00232" HPOS="1445" VPOS="2600" WIDTH="69" HEIGHT="48" CONTENT="ist." WC="0.98" CC="0052"/>
					</TextLine>
					<TextLine ID="P3_TL00032" HPOS="272" VPOS="2679" WIDTH="1442" HEIGHT="68">
						<String ID="P3_ST00233" HPOS="272" VPOS="2684" WIDTH="102" HEIGHT="51" CONTENT="Und" WC="0.95" CC="660"/>
						<SP ID="P3_SP00202" HPOS="374" VPOS="2735" WIDTH="33"/>
						<String ID="P3_ST00234" HPOS="407" VPOS="2684" WIDTH="288" HEIGHT="49" CONTENT="Frankreich" WC="0.99" CC="3300930000"/>
						<SP ID="P3_SP00203" HPOS="695" VPOS="2735" WIDTH="33"/>
						<String ID="P3_ST00235" HPOS="728" VPOS="2683" WIDTH="80" HEIGHT="49" CONTENT="hat" WC="0.96" CC="613"/>
						<SP ID="P3_SP00204" HPOS="808" VPOS="2735" WIDTH="27"/>
						<String ID="P3_ST00236" HPOS="835" VPOS="2683" WIDTH="120" HEIGHT="49" CONTENT="doch" WC="1.00" CC="0000"/>
						<SP ID="P3_SP00205" HPOS="955" VPOS="2735" WIDTH="32"/>
						<String ID="P3_ST00237" HPOS="987" VPOS="2681" WIDTH="166" HEIGHT="66" CONTENT="gewiss" WC="1.00" CC="000004"/>
						<SP ID="P3_SP00206" HPOS="1153" VPOS="2747" WIDTH="38"/>
						<String ID="P3_ST00238" HPOS="1191" VPOS="2681" WIDTH="45" HEIGHT="49" CONTENT="in" WC="0.79" CC="04"/>
						<SP ID="P3_SP00207" HPOS="1236" VPOS="2747" WIDTH="30"/>
						<String ID="P3_ST00239" HPOS="1266" VPOS="2680" WIDTH="151" HEIGHT="50" CONTENT="dieser" WC="0.99" CC="050104"/>
						<SP ID="P3_SP00208" HPOS="1417" VPOS="2747" WIDTH="31"/>
						<String ID="P3_ST00240" HPOS="1448" VPOS="2679" WIDTH="266" HEIGHT="65" CONTENT="Beziehung" WC="0.99" CC="606005260"/>
					</TextLine>
					<TextLine ID="P3_TL00033" HPOS="147" VPOS="2758" WIDTH="1568" HEIGHT="73">
						<String ID="P3_ST00241" HPOS="147" VPOS="2765" WIDTH="121" HEIGHT="50" CONTENT="auch" WC="0.99" CC="5000"/>
						<SP ID="P3_SP00209" HPOS="268" VPOS="2815" WIDTH="40"/>
						<String ID="P3_ST00242" HPOS="308" VPOS="2764" WIDTH="279" HEIGHT="67" CONTENT="Ansprüche" WC="0.99" CC="405000069"/>
						<SP ID="P3_SP00210" HPOS="587" VPOS="2831" WIDTH="43"/>
						<String ID="P3_ST00243" HPOS="630" VPOS="2763" WIDTH="85" HEIGHT="49" CONTENT="auf" WC="0.98" CC="005"/>
						<SP ID="P3_SP00211" HPOS="715" VPOS="2831" WIDTH="38"/>
						<String ID="P3_ST00244" HPOS="753" VPOS="2763" WIDTH="72" HEIGHT="48" CONTENT="die" WC="1.00" CC="000"/>
						<SP ID="P3_SP00212" HPOS="825" VPOS="2831" WIDTH="41"/>
						<String ID="P3_ST00245" HPOS="866" VPOS="2760" WIDTH="366" HEIGHT="65" CONTENT="Bewunderung" WC="0.99" CC="30015800060"/>
						<SP ID="P3_SP00213" HPOS="1232" VPOS="2831" WIDTH="43"/>
						<String ID="P3_ST00246" HPOS="1275" VPOS="2759" WIDTH="84" HEIGHT="49" CONTENT="der" WC="0.95" CC="605"/>
						<SP ID="P3_SP00214" HPOS="1359" VPOS="2831" WIDTH="45"/>
						<String ID="P3_ST00247" HPOS="1404" VPOS="2759" WIDTH="150" HEIGHT="57" CONTENT="Welt," WC="0.98" CC="00354"/>
						<SP ID="P3_SP00215" HPOS="1554" VPOS="2831" WIDTH="46"/>
						<String ID="P3_ST00248" HPOS="1600" VPOS="2758" WIDTH="115" HEIGHT="49" CONTENT="aber" WC="1.00" CC="2000"/>
					</TextLine>
					<TextLine ID="P3_TL00034" HPOS="147" VPOS="2836" WIDTH="1565" HEIGHT="64">
						<String ID="P3_ST00249" HPOS="147" VPOS="2844" WIDTH="126" HEIGHT="49" CONTENT="seine" WC="1.00" CC="00000"/>
						<SP ID="P3_SP00216" HPOS="273" VPOS="2893" WIDTH="32"/>
						<String ID="P3_ST00250" HPOS="305" VPOS="2843" WIDTH="167" HEIGHT="49" CONTENT="Pflicht" WC="1.00" CC="6000000"/>
						<SP ID="P3_SP00217" HPOS="472" VPOS="2893" WIDTH="29"/>
						<String ID="P3_ST00251" HPOS="501" VPOS="2843" WIDTH="72" HEIGHT="57" CONTENT="ist," WC="0.97" CC="1660"/>
						<SP ID="P3_SP00218" HPOS="573" VPOS="2900" WIDTH="36"/>
						<String ID="P3_ST00252" HPOS="609" VPOS="2843" WIDTH="64" HEIGHT="48" CONTENT="sie" WC="0.97" CC="600"/>
						<SP ID="P3_SP00219" HPOS="673" VPOS="2900" WIDTH="37"/>
						<String ID="P3_ST00253" HPOS="710" VPOS="2841" WIDTH="212" HEIGHT="49" CONTENT="aufrecht" WC="0.99" CC="00410063"/>
						<SP ID="P3_SP00220" HPOS="922" VPOS="2900" WIDTH="28"/>
						<String ID="P3_ST00254" HPOS="950" VPOS="2858" WIDTH="53" HEIGHT="32" CONTENT="zu" WC="0.85" CC="20"/>
						<SP ID="P3_SP00221" HPOS="1003" VPOS="2900" WIDTH="32"/>
						<String ID="P3_ST00255" HPOS="1035" VPOS="2840" WIDTH="225" HEIGHT="48" CONTENT="erhalten." WC="0.99" CC="006675071"/>
						<SP ID="P3_SP00222" HPOS="1260" VPOS="2900" WIDTH="59"/>
						<String ID="P3_ST00256" HPOS="1319" VPOS="2839" WIDTH="61" HEIGHT="48" CONTENT="Es" WC="0.71" CC="05"/>
						<SP ID="P3_SP00223" HPOS="1380" VPOS="2900" WIDTH="32"/>
						<String ID="P3_ST00257" HPOS="1412" VPOS="2855" WIDTH="125" HEIGHT="32" CONTENT="muss" WC="0.61" CC="6053"/>
						<SP ID="P3_SP00224" HPOS="1537" VPOS="2900" WIDTH="30"/>
						<String ID="P3_ST00258" HPOS="1567" VPOS="2836" WIDTH="145" HEIGHT="50" CONTENT="durch" WC="0.99" CC="02106"/>
					</TextLine>
					<TextLine ID="P3_TL00035" HPOS="148" VPOS="2918" WIDTH="1564" HEIGHT="68">
						<String ID="P3_ST00259" HPOS="148" VPOS="2923" WIDTH="328" HEIGHT="52" CONTENT="entschiedene" WC="1.00" CC="054502000000"/>
						<SP ID="P3_SP00225" HPOS="476" VPOS="2975" WIDTH="37"/>
						<String ID="P3_ST00260" HPOS="513" VPOS="2921" WIDTH="300" HEIGHT="65" CONTENT="Verachtung" WC="0.99" CC="6061072250"/>
						<SP ID="P3_SP00226" HPOS="813" VPOS="2986" WIDTH="38"/>
						<String ID="P3_ST00261" HPOS="851" VPOS="2938" WIDTH="150" HEIGHT="48" CONTENT="gegen" WC="0.97" CC="03905"/>
						<SP ID="P3_SP00227" HPOS="1001" VPOS="2986" WIDTH="45"/>
						<String ID="P3_ST00262" HPOS="1046" VPOS="2919" WIDTH="74" HEIGHT="49" CONTENT="die" WC="1.00" CC="000"/>
						<SP ID="P3_SP00228" HPOS="1120" VPOS="2986" WIDTH="38"/>
						<String ID="P3_ST00263" HPOS="1158" VPOS="2918" WIDTH="300" HEIGHT="50" CONTENT="Machwerke" WC="0.99" CC="800600000"/>
						<SP ID="P3_SP00229" HPOS="1458" VPOS="2986" WIDTH="40"/>
						<String ID="P3_ST00264" HPOS="1498" VPOS="2919" WIDTH="191" HEIGHT="66" CONTENT="protesti" SUBS_TYPE="HypPart1" SUBS_CONTENT="protestiren," WC="0.76" CC="66020000"/>
						<HYP HPOS="1689" VPOS="2919" WIDTH="23" CONTENT="-"/>
					</TextLine>
					<TextLine ID="P3_TL00036" HPOS="148" VPOS="2998" WIDTH="1563" HEIGHT="66">
						<String ID="P3_ST00265" HPOS="148" VPOS="3020" WIDTH="102" HEIGHT="38" CONTENT="ren," SUBS_TYPE="HypPart2" SUBS_CONTENT="protestiren," WC="0.80" CC="4030"/>
						<SP ID="P3_SP00230" HPOS="250" VPOS="3058" WIDTH="39"/>
						<String ID="P3_ST00266" HPOS="289" VPOS="3003" WIDTH="74" HEIGHT="49" CONTENT="die" WC="1.00" CC="001"/>
						<SP ID="P3_SP00231" HPOS="363" VPOS="3058" WIDTH="37"/>
						<String ID="P3_ST00267" HPOS="400" VPOS="3003" WIDTH="101" HEIGHT="48" CONTENT="eine" WC="1.00" CC="0000"/>
						<SP ID="P3_SP00232" HPOS="501" VPOS="3058" WIDTH="35"/>
						<String ID="P3_ST00268" HPOS="536" VPOS="3000" WIDTH="425" HEIGHT="50" CONTENT="immerwährende" WC="1.00" CC="0050400650000"/>
						<SP ID="P3_SP00233" HPOS="961" VPOS="3058" WIDTH="29"/>
						<String ID="P3_ST00269" HPOS="990" VPOS="2999" WIDTH="287" HEIGHT="65" CONTENT="Aufreizung" WC="0.99" CC="2002027219"/>
						<SP ID="P3_SP00234" HPOS="1277" VPOS="3064" WIDTH="31"/>
						<String ID="P3_ST00270" HPOS="1308" VPOS="3014" WIDTH="81" HEIGHT="33" CONTENT="zur" WC="0.97" CC="600"/>
						<SP ID="P3_SP00235" HPOS="1389" VPOS="3064" WIDTH="31"/>
						<String ID="P3_ST00271" HPOS="1420" VPOS="2998" WIDTH="259" HEIGHT="49" CONTENT="Herabwür" SUBS_TYPE="HypPart1" SUBS_CONTENT="Herabwürdigung" WC="0.99" CC="50040902"/>
						<HYP HPOS="1679" VPOS="2998" WIDTH="32" CONTENT="-"/>
					</TextLine>
					<TextLine ID="P3_TL00037" HPOS="150" VPOS="3078" WIDTH="1563" HEIGHT="71">
						<String ID="P3_ST00272" HPOS="150" VPOS="3083" WIDTH="177" HEIGHT="66" CONTENT="digung" SUBS_TYPE="HypPart2" SUBS_CONTENT="Herabwürdigung" WC="1.00" CC="000000"/>
						<SP ID="P3_SP00236" HPOS="327" VPOS="3149" WIDTH="31"/>
						<String ID="P3_ST00273" HPOS="358" VPOS="3099" WIDTH="85" HEIGHT="32" CONTENT="von" WC="0.97" CC="016"/>
						<SP ID="P3_SP00237" HPOS="443" VPOS="3149" WIDTH="31"/>
						<String ID="P3_ST00274" HPOS="474" VPOS="3081" WIDTH="154" HEIGHT="55" CONTENT="allem," WC="0.98" CC="006072"/>
						<SP ID="P3_SP00238" HPOS="628" VPOS="3149" WIDTH="41"/>
						<String ID="P3_ST00275" HPOS="669" VPOS="3097" WIDTH="95" HEIGHT="33" CONTENT="was" WC="0.98" CC="040"/>
						<SP ID="P3_SP00239" HPOS="764" VPOS="3149" WIDTH="30"/>
						<String ID="P3_ST00276" HPOS="794" VPOS="3080" WIDTH="143" HEIGHT="48" CONTENT="schön" WC="0.99" CC="00600"/>
						<SP ID="P3_SP00240" HPOS="937" VPOS="3149" WIDTH="31"/>
						<String ID="P3_ST00277" HPOS="968" VPOS="3080" WIDTH="71" HEIGHT="55" CONTENT="ist," WC="0.98" CC="0501"/>
						<SP ID="P3_SP00241" HPOS="1039" VPOS="3149" WIDTH="40"/>
						<String ID="P3_ST00278" HPOS="1079" VPOS="3079" WIDTH="118" HEIGHT="56" CONTENT="sind," WC="1.00" CC="00300"/>
						<SP ID="P3_SP00242" HPOS="1197" VPOS="3149" WIDTH="44"/>
						<String ID="P3_ST00279" HPOS="1241" VPOS="3078" WIDTH="82" HEIGHT="49" CONTENT="auf" WC="0.97" CC="311"/>
						<SP ID="P3_SP00243" HPOS="1323" VPOS="3149" WIDTH="32"/>
						<String ID="P3_ST00280" HPOS="1355" VPOS="3078" WIDTH="103" HEIGHT="48" CONTENT="dass" WC="0.83" CC="0060"/>
						<SP ID="P3_SP00244" HPOS="1458" VPOS="3149" WIDTH="32"/>
						<String ID="P3_ST00281" HPOS="1490" VPOS="3093" WIDTH="106" HEIGHT="33" CONTENT="man" WC="0.95" CC="650"/>
						<SP ID="P3_SP00245" HPOS="1596" VPOS="3149" WIDTH="32"/>
						<String ID="P3_ST00282" HPOS="1628" VPOS="3093" WIDTH="85" HEIGHT="32" CONTENT="uns" WC="1.00" CC="000"/>
					</TextLine>
					<TextLine ID="P3_TL00038" HPOS="150" VPOS="3156" WIDTH="1563" HEIGHT="71">
						<String ID="P3_ST00283" HPOS="150" VPOS="3164" WIDTH="127" HEIGHT="48" CONTENT="nicht" WC="0.99" CC="20060"/>
						<SP ID="P3_SP00246" HPOS="277" VPOS="3212" WIDTH="28"/>
						<String ID="P3_ST00284" HPOS="305" VPOS="3163" WIDTH="158" HEIGHT="64" CONTENT="länger" WC="0.99" CC="405002"/>
						<SP ID="P3_SP00247" HPOS="463" VPOS="3227" WIDTH="31"/>
						<String ID="P3_ST00285" HPOS="494" VPOS="3160" WIDTH="259" HEIGHT="51" CONTENT="vorwerfen" WC="0.99" CC="033901003"/>
						<SP ID="P3_SP00248" HPOS="753" VPOS="3227" WIDTH="32"/>
						<String ID="P3_ST00286" HPOS="785" VPOS="3159" WIDTH="171" HEIGHT="56" CONTENT="könne," WC="0.99" CC="005603"/>
						<SP ID="P3_SP00249" HPOS="956" VPOS="3227" WIDTH="42"/>
						<String ID="P3_ST00287" HPOS="998" VPOS="3175" WIDTH="103" HEIGHT="32" CONTENT="zum" WC="0.95" CC="606"/>
						<SP ID="P3_SP00250" HPOS="1101" VPOS="3227" WIDTH="32"/>
						<String ID="P3_ST00288" HPOS="1133" VPOS="3158" WIDTH="174" HEIGHT="49" CONTENT="Sinken" WC="1.00" CC="400000"/>
						<SP ID="P3_SP00251" HPOS="1307" VPOS="3227" WIDTH="31"/>
						<String ID="P3_ST00289" HPOS="1338" VPOS="3156" WIDTH="84" HEIGHT="50" CONTENT="der" WC="1.00" CC="000"/>
						<SP ID="P3_SP00252" HPOS="1422" VPOS="3227" WIDTH="28"/>
						<String ID="P3_ST00290" HPOS="1450" VPOS="3156" WIDTH="263" HEIGHT="56" CONTENT="Tonkunst," WC="1.00" CC="000044200"/>
					</TextLine>
					<TextLine ID="P3_TL00039" HPOS="150" VPOS="3235" WIDTH="1562" HEIGHT="69">
						<String ID="P3_ST00291" HPOS="150" VPOS="3241" WIDTH="75" HEIGHT="50" CONTENT="die" WC="0.99" CC="020"/>
						<SP ID="P3_SP00253" HPOS="225" VPOS="3291" WIDTH="28"/>
						<String ID="P3_ST00292" HPOS="253" VPOS="3243" WIDTH="44" HEIGHT="47" CONTENT="in" WC="0.66" CC="06"/>
						<SP ID="P3_SP00254" HPOS="297" VPOS="3291" WIDTH="34"/>
						<String ID="P3_ST00293" HPOS="331" VPOS="3240" WIDTH="286" HEIGHT="50" CONTENT="Frankreich" WC="0.99" CC="5500010004"/>
						<SP ID="P3_SP00255" HPOS="617" VPOS="3291" WIDTH="33"/>
						<String ID="P3_ST00294" HPOS="650" VPOS="3255" WIDTH="50" HEIGHT="33" CONTENT="so" WC="0.66" CC="60"/>
						<SP ID="P3_SP00256" HPOS="700" VPOS="3291" WIDTH="30"/>
						<String ID="P3_ST00295" HPOS="730" VPOS="3238" WIDTH="381" HEIGHT="66" CONTENT="ausgezeichnete" WC="1.00" CC="31590500000020"/>
						<SP ID="P3_SP00257" HPOS="1111" VPOS="3304" WIDTH="25"/>
						<String ID="P3_ST00296" HPOS="1136" VPOS="3236" WIDTH="242" HEIGHT="50" CONTENT="Vertreter" WC="1.00" CC="000620000"/>
						<SP ID="P3_SP00258" HPOS="1378" VPOS="3304" WIDTH="29"/>
						<String ID="P3_ST00297" HPOS="1407" VPOS="3236" WIDTH="180" HEIGHT="65" CONTENT="gezählt" WC="0.98" CC="0069236"/>
						<SP ID="P3_SP00259" HPOS="1587" VPOS="3304" WIDTH="28"/>
						<String ID="P3_ST00298" HPOS="1615" VPOS="3235" WIDTH="97" HEIGHT="57" CONTENT="bat," WC="0.98" CC="7003"/>
					</TextLine>
					<TextLine ID="P3_TL00040" HPOS="152" VPOS="3319" WIDTH="591" HEIGHT="68">
						<String ID="P3_ST00299" HPOS="152" VPOS="3321" WIDTH="305" HEIGHT="66" CONTENT="beigetragen" WC="1.00" CC="00000350003"/>
						<SP ID="P3_SP00260" HPOS="457" VPOS="3387" WIDTH="30"/>
						<String ID="P3_ST00300" HPOS="487" VPOS="3338" WIDTH="54" HEIGHT="32" CONTENT="zu" WC="0.72" CC="50"/>
						<SP ID="P3_SP00261" HPOS="541" VPOS="3387" WIDTH="33"/>
						<String ID="P3_ST00301" HPOS="574" VPOS="3319" WIDTH="169" HEIGHT="49" CONTENT="haben." WC="0.98" CC="705003"/>
					</TextLine>
					<TextLine ID="P3_TL00041" HPOS="274" VPOS="3395" WIDTH="1437" HEIGHT="66">
						<String ID="P3_ST00302" HPOS="274" VPOS="3401" WIDTH="108" HEIGHT="49" CONTENT="Wir" WC="1.00" CC="000"/>
						<SP ID="P3_SP00262" HPOS="382" VPOS="3450" WIDTH="38"/>
						<String ID="P3_ST00303" HPOS="420" VPOS="3400" WIDTH="164" HEIGHT="50" CONTENT="wissen" WC="0.98" CC="905403"/>
						<SP ID="P3_SP00263" HPOS="584" VPOS="3450" WIDTH="37"/>
						<String ID="P3_ST00304" HPOS="621" VPOS="3399" WIDTH="108" HEIGHT="49" CONTENT="sehr" WC="0.97" CC="5053"/>
						<SP ID="P3_SP00264" HPOS="729" VPOS="3450" WIDTH="44"/>
						<String ID="P3_ST00305" HPOS="773" VPOS="3398" WIDTH="140" HEIGHT="55" CONTENT="wohl," WC="0.97" CC="91750"/>
						<SP ID="P3_SP00265" HPOS="913" VPOS="3453" WIDTH="42"/>
						<String ID="P3_ST00306" HPOS="955" VPOS="3396" WIDTH="103" HEIGHT="50" CONTENT="dass" WC="0.79" CC="0421"/>
						<SP ID="P3_SP00266" HPOS="1058" VPOS="3453" WIDTH="43"/>
						<String ID="P3_ST00307" HPOS="1101" VPOS="3396" WIDTH="74" HEIGHT="49" CONTENT="die" WC="1.00" CC="000"/>
						<SP ID="P3_SP00267" HPOS="1175" VPOS="3453" WIDTH="30"/>
						<String ID="P3_ST00308" HPOS="1205" VPOS="3395" WIDTH="394" HEIGHT="66" CONTENT="Freimütigkeit" WC="1.00" CC="0200505800002"/>
						<SP ID="P3_SP00268" HPOS="1599" VPOS="3461" WIDTH="28"/>
						<String ID="P3_ST00309" HPOS="1627" VPOS="3412" WIDTH="56" HEIGHT="30" CONTENT="un" SUBS_TYPE="HypPart1" SUBS_CONTENT="unserer" WC="0.99" CC="00"/>
						<HYP HPOS="1683" VPOS="3412" WIDTH="28" CONTENT="-"/>
					</TextLine>
					<TextLine ID="P3_TL00042" HPOS="147" VPOS="3473" WIDTH="1564" HEIGHT="73">
						<String ID="P3_ST00310" HPOS="147" VPOS="3497" WIDTH="130" HEIGHT="33" CONTENT="serer" SUBS_TYPE="HypPart2" SUBS_CONTENT="unserer" WC="0.98" CC="60501"/>
						<SP ID="P3_SP00269" HPOS="277" VPOS="3530" WIDTH="42"/>
						<String ID="P3_ST00311" HPOS="319" VPOS="3480" WIDTH="209" HEIGHT="66" CONTENT="Sprache" WC="0.99" CC="3042070"/>
						<SP ID="P3_SP00270" HPOS="528" VPOS="3546" WIDTH="42"/>
						<String ID="P3_ST00312" HPOS="570" VPOS="3478" WIDTH="206" HEIGHT="49" CONTENT="lebhafte" WC="0.99" CC="10040630"/>
						<SP ID="P3_SP00271" HPOS="776" VPOS="3546" WIDTH="42"/>
						<String ID="P3_ST00313" HPOS="818" VPOS="3474" WIDTH="445" HEIGHT="66" CONTENT="Anschuldigungen" WC="1.00" CC="732011500007001"/>
						<SP ID="P3_SP00272" HPOS="1263" VPOS="3546" WIDTH="54"/>
						<String ID="P3_ST00314" HPOS="1317" VPOS="3474" WIDTH="217" HEIGHT="49" CONTENT="erfahren" WC="1.00" CC="03006000"/>
						<SP ID="P3_SP00273" HPOS="1534" VPOS="3546" WIDTH="46"/>
						<String ID="P3_ST00315" HPOS="1580" VPOS="3473" WIDTH="131" HEIGHT="49" CONTENT="wird." WC="0.99" CC="00501"/>
					</TextLine>
					<TextLine ID="P3_TL00043" HPOS="151" VPOS="3551" WIDTH="1560" HEIGHT="70">
						<String ID="P3_ST00316" HPOS="151" VPOS="3560" WIDTH="110" HEIGHT="50" CONTENT="Wir" WC="0.99" CC="003"/>
						<SP ID="P3_SP00274" HPOS="261" VPOS="3610" WIDTH="31"/>
						<String ID="P3_ST00317" HPOS="292" VPOS="3560" WIDTH="182" HEIGHT="56" CONTENT="wissen," WC="1.00" CC="0210000"/>
						<SP ID="P3_SP00275" HPOS="474" VPOS="3616" WIDTH="30"/>
						<String ID="P3_ST00318" HPOS="504" VPOS="3558" WIDTH="104" HEIGHT="50" CONTENT="dass" WC="0.77" CC="0053"/>
						<SP ID="P3_SP00276" HPOS="608" VPOS="3616" WIDTH="29"/>
						<String ID="P3_ST00319" HPOS="637" VPOS="3558" WIDTH="74" HEIGHT="49" CONTENT="die" WC="0.99" CC="030"/>
						<SP ID="P3_SP00277" HPOS="711" VPOS="3616" WIDTH="24"/>
						<String ID="P3_ST00320" HPOS="735" VPOS="3558" WIDTH="253" HEIGHT="53" CONTENT="Literatur," WC="0.99" CC="0000427440"/>
						<SP ID="P3_SP00278" HPOS="988" VPOS="3616" WIDTH="32"/>
						<String ID="P3_ST00321" HPOS="1020" VPOS="3573" WIDTH="148" HEIGHT="48" CONTENT="gegen" WC="0.98" CC="00904"/>
						<SP ID="P3_SP00279" HPOS="1168" VPOS="3621" WIDTH="33"/>
						<String ID="P3_ST00322" HPOS="1201" VPOS="3554" WIDTH="74" HEIGHT="49" CONTENT="die" WC="1.00" CC="000"/>
						<SP ID="P3_SP00280" HPOS="1275" VPOS="3621" WIDTH="32"/>
						<String ID="P3_ST00323" HPOS="1307" VPOS="3570" WIDTH="165" HEIGHT="33" CONTENT="unsere" WC="0.99" CC="063000"/>
						<SP ID="P3_SP00281" HPOS="1472" VPOS="3621" WIDTH="25"/>
						<String ID="P3_ST00324" HPOS="1497" VPOS="3551" WIDTH="214" HEIGHT="66" CONTENT="Angriffe" WC="0.99" CC="50040670"/>
					</TextLine>
					<TextLine ID="P3_TL00044" HPOS="148" VPOS="3633" WIDTH="1561" HEIGHT="72">
						<String ID="P3_ST00325" HPOS="148" VPOS="3639" WIDTH="229" HEIGHT="66" CONTENT="gerichtet" WC="1.00" CC="000007200"/>
						<SP ID="P3_SP00282" HPOS="377" VPOS="3705" WIDTH="28"/>
						<String ID="P3_ST00326" HPOS="405" VPOS="3638" WIDTH="118" HEIGHT="54" CONTENT="sind," WC="0.98" CC="50704"/>
						<SP ID="P3_SP00283" HPOS="523" VPOS="3705" WIDTH="39"/>
						<String ID="P3_ST00327" HPOS="562" VPOS="3638" WIDTH="133" HEIGHT="49" CONTENT="einen" WC="0.99" CC="04104"/>
						<SP ID="P3_SP00284" HPOS="695" VPOS="3705" WIDTH="33"/>
						<String ID="P3_ST00328" HPOS="728" VPOS="3635" WIDTH="323" HEIGHT="50" CONTENT="bedeutenden" WC="1.00" CC="30000503007"/>
						<SP ID="P3_SP00285" HPOS="1051" VPOS="3705" WIDTH="41"/>
						<String ID="P3_ST00329" HPOS="1092" VPOS="3633" WIDTH="91" HEIGHT="49" CONTENT="und" WC="0.99" CC="030"/>
						<SP ID="P3_SP00286" HPOS="1183" VPOS="3705" WIDTH="35"/>
						<String ID="P3_ST00330" HPOS="1218" VPOS="3633" WIDTH="301" HEIGHT="49" CONTENT="fruchtbaren" WC="0.99" CC="04204300507"/>
						<SP ID="P3_SP00287" HPOS="1519" VPOS="3705" WIDTH="29"/>
						<String ID="P3_ST00331" HPOS="1548" VPOS="3633" WIDTH="161" HEIGHT="63" CONTENT="Zweig" WC="1.00" CC="00040"/>
					</TextLine>
					<TextLine ID="P3_TL00045" HPOS="148" VPOS="3711" WIDTH="1561" HEIGHT="71">
						<String ID="P3_ST00332" HPOS="148" VPOS="3720" WIDTH="84" HEIGHT="48" CONTENT="der" WC="0.96" CC="503"/>
						<SP ID="P3_SP00288" HPOS="232" VPOS="3768" WIDTH="28"/>
						<String ID="P3_ST00333" HPOS="260" VPOS="3718" WIDTH="230" HEIGHT="49" CONTENT="Industrie" WC="1.00" CC="100403002"/>
						<SP ID="P3_SP00289" HPOS="490" VPOS="3768" WIDTH="31"/>
						<String ID="P3_ST00334" HPOS="521" VPOS="3716" WIDTH="411" HEIGHT="66" CONTENT="hervorgetrieben" WC="1.00" CC="705005002300102"/>
						<SP ID="P3_SP00290" HPOS="932" VPOS="3782" WIDTH="44"/>
						<String ID="P3_ST00335" HPOS="976" VPOS="3715" WIDTH="80" HEIGHT="48" CONTENT="hat" WC="0.96" CC="630"/>
						<SP ID="P3_SP00291" HPOS="1056" VPOS="3782" WIDTH="44"/>
						<String ID="P3_ST00336" HPOS="1100" VPOS="3713" WIDTH="95" HEIGHT="49" CONTENT="und" WC="0.97" CC="070"/>
						<SP ID="P3_SP00292" HPOS="1195" VPOS="3782" WIDTH="39"/>
						<String ID="P3_ST00337" HPOS="1234" VPOS="3714" WIDTH="104" HEIGHT="48" CONTENT="dass" WC="0.81" CC="0024"/>
						<SP ID="P3_SP00293" HPOS="1338" VPOS="3782" WIDTH="41"/>
						<String ID="P3_ST00338" HPOS="1379" VPOS="3711" WIDTH="330" HEIGHT="51" CONTENT="beträchtliche" WC="0.99" CC="5055006650050"/>
					</TextLine>
					<TextLine ID="P3_TL00046" HPOS="146" VPOS="3793" WIDTH="1557" HEIGHT="67">
						<String ID="P3_ST00339" HPOS="146" VPOS="3800" WIDTH="260" HEIGHT="48" CONTENT="Interessen" WC="1.00" CC="0020403300"/>
						<SP ID="P3_SP00294" HPOS="406" VPOS="3848" WIDTH="31"/>
						<String ID="P3_ST00340" HPOS="437" VPOS="3798" WIDTH="94" HEIGHT="48" CONTENT="sich" WC="0.98" CC="0106"/>
						<SP ID="P3_SP00295" HPOS="531" VPOS="3848" WIDTH="31"/>
						<String ID="P3_ST00341" HPOS="562" VPOS="3815" WIDTH="58" HEIGHT="32" CONTENT="an" WC="0.54" CC="27"/>
						<SP ID="P3_SP00296" HPOS="620" VPOS="3848" WIDTH="31"/>
						<String ID="P3_ST00342" HPOS="651" VPOS="3796" WIDTH="73" HEIGHT="49" CONTENT="die" WC="1.00" CC="000"/>
						<SP ID="P3_SP00297" HPOS="724" VPOS="3848" WIDTH="28"/>
						<String ID="P3_ST00343" HPOS="752" VPOS="3795" WIDTH="313" HEIGHT="65" CONTENT="Verbreitung" WC="0.99" CC="00052022106"/>
						<SP ID="P3_SP00298" HPOS="1065" VPOS="3860" WIDTH="24"/>
						<String ID="P3_ST00344" HPOS="1089" VPOS="3793" WIDTH="150" HEIGHT="49" CONTENT="dieser" WC="1.00" CC="000004"/>
						<SP ID="P3_SP00299" HPOS="1239" VPOS="3860" WIDTH="28"/>
						<String ID="P3_ST00345" HPOS="1267" VPOS="3800" WIDTH="262" HEIGHT="59" CONTENT="sogenannt" WC="0.99" CC="460025500"/>
						<SP ID="P3_SP00300" HPOS="1529" VPOS="3860" WIDTH="29"/>
						<String ID="P3_ST00346" HPOS="1558" VPOS="3809" WIDTH="116" HEIGHT="48" CONTENT="popu" SUBS_TYPE="HypPart1" SUBS_CONTENT="populären" WC="0.99" CC="3002"/>
						<HYP HPOS="1674" VPOS="3809" WIDTH="29" CONTENT="-"/>
					</TextLine>
					<TextLine ID="P3_TL00047" HPOS="148" VPOS="3871" WIDTH="1560" HEIGHT="69">
						<String ID="P3_ST00347" HPOS="148" VPOS="3880" WIDTH="126" HEIGHT="48" CONTENT="lären" SUBS_TYPE="HypPart2" SUBS_CONTENT="populären" WC="0.98" CC="70005"/>
						<SP ID="P3_SP00301" HPOS="274" VPOS="3928" WIDTH="51"/>
						<String ID="P3_ST00348" HPOS="325" VPOS="3878" WIDTH="235" HEIGHT="48" CONTENT="Literatur" WC="0.99" CC="002014316"/>
						<SP ID="P3_SP00302" HPOS="560" VPOS="3928" WIDTH="52"/>
						<String ID="P3_ST00349" HPOS="612" VPOS="3875" WIDTH="94" HEIGHT="50" CONTENT="und" WC="0.99" CC="200"/>
						<SP ID="P3_SP00303" HPOS="706" VPOS="3928" WIDTH="47"/>
						<String ID="P3_ST00350" HPOS="753" VPOS="3876" WIDTH="151" HEIGHT="49" CONTENT="Musik" WC="1.00" CC="02000"/>
						<SP ID="P3_SP00304" HPOS="904" VPOS="3928" WIDTH="51"/>
						<String ID="P3_ST00351" HPOS="955" VPOS="3873" WIDTH="217" HEIGHT="67" CONTENT="knüpfen." WC="0.99" CC="90000073"/>
						<SP ID="P3_SP00305" HPOS="1172" VPOS="3940" WIDTH="72"/>
						<String ID="P3_ST00352" HPOS="1244" VPOS="3873" WIDTH="88" HEIGHT="49" CONTENT="Die" WC="0.98" CC="500"/>
						<SP ID="P3_SP00306" HPOS="1332" VPOS="3940" WIDTH="57"/>
						<String ID="P3_ST00353" HPOS="1389" VPOS="3871" WIDTH="319" HEIGHT="68" CONTENT="Capitalisten," WC="0.80" CC="3200605035000"/>
					</TextLine>
					<TextLine ID="P3_TL00048" HPOS="147" VPOS="3953" WIDTH="1555" HEIGHT="68">
						<String ID="P3_ST00354" HPOS="147" VPOS="3958" WIDTH="178" HEIGHT="49" CONTENT="welche" WC="0.98" CC="815070"/>
						<SP ID="P3_SP00307" HPOS="325" VPOS="4007" WIDTH="29"/>
						<String ID="P3_ST00355" HPOS="354" VPOS="3958" WIDTH="73" HEIGHT="48" CONTENT="ihr" WC="0.99" CC="002"/>
						<SP ID="P3_SP00308" HPOS="427" VPOS="4007" WIDTH="30"/>
						<String ID="P3_ST00356" HPOS="457" VPOS="3956" WIDTH="269" HEIGHT="65" CONTENT="Vermögen" WC="1.00" CC="00060000"/>
						<SP ID="P3_SP00309" HPOS="726" VPOS="4021" WIDTH="42"/>
						<String ID="P3_ST00357" HPOS="768" VPOS="3956" WIDTH="45" HEIGHT="47" CONTENT="in" WC="1.00" CC="00"/>
						<SP ID="P3_SP00310" HPOS="813" VPOS="4021" WIDTH="42"/>
						<String ID="P3_ST00358" HPOS="855" VPOS="3954" WIDTH="186" HEIGHT="51" CONTENT="solchen" WC="0.99" CC="3050205"/>
						<SP ID="P3_SP00311" HPOS="1041" VPOS="4021" WIDTH="33"/>
						<String ID="P3_ST00359" HPOS="1074" VPOS="3953" WIDTH="450" HEIGHT="64" CONTENT="Unternehmungen" WC="1.00" CC="64602400020000"/>
						<SP ID="P3_SP00312" HPOS="1524" VPOS="4021" WIDTH="39"/>
						<String ID="P3_ST00360" HPOS="1563" VPOS="3968" WIDTH="112" HEIGHT="48" CONTENT="ange" SUBS_TYPE="HypPart1" SUBS_CONTENT="angelegt" WC="0.99" CC="3000"/>
						<HYP HPOS="1675" VPOS="3968" WIDTH="27" CONTENT="-"/>
					</TextLine>
					<TextLine ID="P3_TL00049" HPOS="147" VPOS="4030" WIDTH="1560" HEIGHT="74">
						<String ID="P3_ST00361" HPOS="147" VPOS="4038" WIDTH="95" HEIGHT="66" CONTENT="legt" SUBS_TYPE="HypPart2" SUBS_CONTENT="angelegt" WC="0.97" CC="4090"/>
						<SP ID="P3_SP00313" HPOS="242" VPOS="4104" WIDTH="42"/>
						<String ID="P3_ST00362" HPOS="284" VPOS="4036" WIDTH="174" HEIGHT="60" CONTENT="haben," WC="0.99" CC="200064"/>
						<SP ID="P3_SP00314" HPOS="458" VPOS="4104" WIDTH="45"/>
						<String ID="P3_ST00363" HPOS="503" VPOS="4035" WIDTH="189" HEIGHT="50" CONTENT="werden" WC="1.00" CC="000000"/>
						<SP ID="P3_SP00315" HPOS="692" VPOS="4104" WIDTH="44"/>
						<String ID="P3_ST00364" HPOS="736" VPOS="4034" WIDTH="132" HEIGHT="49" CONTENT="einen" WC="0.99" CC="00106"/>
						<SP ID="P3_SP00316" HPOS="868" VPOS="4104" WIDTH="45"/>
						<String ID="P3_ST00365" HPOS="913" VPOS="4033" WIDTH="161" HEIGHT="49" CONTENT="Schrei" WC="0.99" CC="003403"/>
						<SP ID="P3_SP00317" HPOS="1074" VPOS="4104" WIDTH="51"/>
						<String ID="P3_ST00366" HPOS="1125" VPOS="4031" WIDTH="79" HEIGHT="49" CONTENT="des" WC="0.99" CC="001"/>
						<SP ID="P3_SP00318" HPOS="1204" VPOS="4104" WIDTH="57"/>
						<String ID="P3_ST00367" HPOS="1261" VPOS="4033" WIDTH="270" HEIGHT="48" CONTENT="Entsetzens" WC="0.99" CC="2035006040"/>
						<SP ID="P3_SP00319" HPOS="1531" VPOS="4104" WIDTH="56"/>
						<String ID="P3_ST00368" HPOS="1587" VPOS="4030" WIDTH="120" HEIGHT="48" CONTENT="über" WC="0.96" CC="8305"/>
					</TextLine>
					<TextLine ID="P3_TL00050" HPOS="150" VPOS="4109" WIDTH="1555" HEIGHT="57">
						<String ID="P3_ST00369" HPOS="150" VPOS="4133" WIDTH="85" HEIGHT="33" CONTENT="uns" WC="0.97" CC="043"/>
						<SP ID="P3_SP00320" HPOS="235" VPOS="4166" WIDTH="29"/>
						<String ID="P3_ST00370" HPOS="264" VPOS="4124" WIDTH="277" HEIGHT="42" CONTENT="ausstossen." WC="0.85" CC="00210350003"/>
						<SP ID="P3_SP00321" HPOS="541" VPOS="4166" WIDTH="58"/>
						<String ID="P3_ST00371" HPOS="599" VPOS="4115" WIDTH="129" HEIGHT="50" CONTENT="Aber" WC="0.97" CC="7302"/>
						<SP ID="P3_SP00322" HPOS="728" VPOS="4166" WIDTH="29"/>
						<String ID="P3_ST00372" HPOS="757" VPOS="4113" WIDTH="81" HEIGHT="49" CONTENT="das" WC="0.96" CC="036"/>
						<SP ID="P3_SP00323" HPOS="838" VPOS="4166" WIDTH="32"/>
						<String ID="P3_ST00373" HPOS="870" VPOS="4113" WIDTH="122" HEIGHT="49" CONTENT="kann" WC="0.99" CC="0040"/>
						<SP ID="P3_SP00324" HPOS="992" VPOS="4166" WIDTH="34"/>
						<String ID="P3_ST00374" HPOS="1026" VPOS="4128" WIDTH="83" HEIGHT="33" CONTENT="uns" WC="0.99" CC="200"/>
						<SP ID="P3_SP00325" HPOS="1109" VPOS="4166" WIDTH="30"/>
						<String ID="P3_ST00375" HPOS="1139" VPOS="4111" WIDTH="124" HEIGHT="50" CONTENT="nicht" WC="0.99" CC="00034"/>
						<SP ID="P3_SP00326" HPOS="1263" VPOS="4166" WIDTH="32"/>
						<String ID="P3_ST00376" HPOS="1295" VPOS="4111" WIDTH="201" HEIGHT="49" CONTENT="rühren:" WC="0.98" CC="5962003"/>
						<SP ID="P3_SP00327" HPOS="1496" VPOS="4166" WIDTH="32"/>
						<String ID="P3_ST00377" HPOS="1528" VPOS="4127" WIDTH="73" HEIGHT="31" CONTENT="wo" WC="0.89" CC="02"/>
						<SP ID="P3_SP00328" HPOS="1601" VPOS="4166" WIDTH="29"/>
						<String ID="P3_ST00378" HPOS="1630" VPOS="4109" WIDTH="75" HEIGHT="49" CONTENT="die" WC="0.97" CC="700"/>
					</TextLine>
					<TextLine ID="P3_TL00051" HPOS="146" VPOS="4190" WIDTH="1558" HEIGHT="67">
						<String ID="P3_ST00379" HPOS="146" VPOS="4198" WIDTH="154" HEIGHT="48" CONTENT="Kunst" WC="0.98" CC="62043"/>
						<SP ID="P3_SP00329" HPOS="300" VPOS="4246" WIDTH="48"/>
						<String ID="P3_ST00380" HPOS="348" VPOS="4195" WIDTH="148" HEIGHT="50" CONTENT="durch" WC="0.97" CC="82007"/>
						<SP ID="P3_SP00330" HPOS="496" VPOS="4246" WIDTH="50"/>
						<String ID="P3_ST00381" HPOS="546" VPOS="4194" WIDTH="81" HEIGHT="51" CONTENT="das" WC="1.00" CC="000"/>
						<SP ID="P3_SP00331" HPOS="627" VPOS="4246" WIDTH="50"/>
						<String ID="P3_ST00382" HPOS="677" VPOS="4194" WIDTH="244" HEIGHT="49" CONTENT="feindliche" WC="1.00" CC="0001030070"/>
						<SP ID="P3_SP00332" HPOS="921" VPOS="4246" WIDTH="45"/>
						<String ID="P3_ST00383" HPOS="966" VPOS="4193" WIDTH="286" HEIGHT="64" CONTENT="Eindringen" WC="0.99" CC="6123334000"/>
						<SP ID="P3_SP00333" HPOS="1252" VPOS="4257" WIDTH="57"/>
						<String ID="P3_ST00384" HPOS="1309" VPOS="4190" WIDTH="80" HEIGHT="50" CONTENT="des" WC="0.96" CC="009"/>
						<SP ID="P3_SP00334" HPOS="1389" VPOS="4257" WIDTH="48"/>
						<String ID="P3_ST00385" HPOS="1437" VPOS="4190" WIDTH="267" HEIGHT="50" CONTENT="schlechten" WC="0.99" CC="5067505208"/>
					</TextLine>
				</TextBlock>
				<TextBlock ID="P3_TB00003" HPOS="1807" VPOS="290" WIDTH="1570" HEIGHT="226" STYLEREFS="TXT_1 PAR_LEFT">
					<TextLine ID="P3_TL00052" HPOS="1809" VPOS="290" WIDTH="1566" HEIGHT="69">
						<String ID="P3_ST00386" HPOS="1809" VPOS="291" WIDTH="313" HEIGHT="50" CONTENT="Geschmacks" WC="0.99" CC="3070670125"/>
						<SP ID="P3_SP00335" HPOS="2122" VPOS="341" WIDTH="31"/>
						<String ID="P3_ST00387" HPOS="2153" VPOS="290" WIDTH="204" HEIGHT="50" CONTENT="bedroht" WC="0.99" CC="7030124"/>
						<SP ID="P3_SP00336" HPOS="2357" VPOS="341" WIDTH="29"/>
						<String ID="P3_ST00388" HPOS="2386" VPOS="291" WIDTH="72" HEIGHT="56" CONTENT="ist," WC="0.99" CC="0003"/>
						<SP ID="P3_SP00337" HPOS="2458" VPOS="347" WIDTH="45"/>
						<String ID="P3_ST00389" HPOS="2503" VPOS="308" WIDTH="123" HEIGHT="32" CONTENT="muss" WC="0.53" CC="8252"/>
						<SP ID="P3_SP00338" HPOS="2626" VPOS="347" WIDTH="29"/>
						<String ID="P3_ST00390" HPOS="2655" VPOS="293" WIDTH="131" HEIGHT="66" CONTENT="jedes" WC="0.98" CC="50705"/>
						<SP ID="P3_SP00339" HPOS="2786" VPOS="359" WIDTH="35"/>
						<String ID="P3_ST00391" HPOS="2821" VPOS="293" WIDTH="139" HEIGHT="59" CONTENT="Blatt," WC="0.98" CC="603044"/>
						<SP ID="P3_SP00340" HPOS="2960" VPOS="359" WIDTH="42"/>
						<String ID="P3_ST00392" HPOS="3002" VPOS="291" WIDTH="82" HEIGHT="49" CONTENT="das" WC="0.94" CC="931"/>
						<SP ID="P3_SP00341" HPOS="3084" VPOS="359" WIDTH="33"/>
						<String ID="P3_ST00393" HPOS="3117" VPOS="290" WIDTH="94" HEIGHT="50" CONTENT="sich" WC="0.99" CC="4000"/>
						<SP ID="P3_SP00342" HPOS="3211" VPOS="359" WIDTH="31"/>
						<String ID="P3_ST00394" HPOS="3242" VPOS="290" WIDTH="133" HEIGHT="51" CONTENT="ihren" WC="0.98" CC="23005"/>
					</TextLine>
					<TextLine ID="P3_TL00053" HPOS="1808" VPOS="369" WIDTH="1569" HEIGHT="66">
						<String ID="P3_ST00395" HPOS="1808" VPOS="371" WIDTH="259" HEIGHT="49" CONTENT="Interessen" WC="0.99" CC="5700003502"/>
						<SP ID="P3_SP00343" HPOS="2067" VPOS="420" WIDTH="47"/>
						<String ID="P3_ST00396" HPOS="2114" VPOS="370" WIDTH="210" HEIGHT="57" CONTENT="widmet," WC="0.99" CC="1002046"/>
						<SP ID="P3_SP00344" HPOS="2324" VPOS="427" WIDTH="49"/>
						<String ID="P3_ST00397" HPOS="2373" VPOS="370" WIDTH="83" HEIGHT="48" CONTENT="mit" WC="0.96" CC="703"/>
						<SP ID="P3_SP00345" HPOS="2456" VPOS="427" WIDTH="45"/>
						<String ID="P3_ST00398" HPOS="2501" VPOS="379" WIDTH="240" HEIGHT="42" CONTENT="erneutem" WC="0.99" CC="00602604"/>
						<SP ID="P3_SP00346" HPOS="2741" VPOS="427" WIDTH="47"/>
						<String ID="P3_ST00399" HPOS="2788" VPOS="370" WIDTH="126" HEIGHT="50" CONTENT="Eifer" WC="0.99" CC="00600"/>
						<SP ID="P3_SP00347" HPOS="2914" VPOS="427" WIDTH="45"/>
						<String ID="P3_ST00400" HPOS="2959" VPOS="370" WIDTH="152" HEIGHT="50" CONTENT="seiner" WC="0.99" CC="000604"/>
						<SP ID="P3_SP00348" HPOS="3111" VPOS="427" WIDTH="46"/>
						<String ID="P3_ST00401" HPOS="3157" VPOS="369" WIDTH="220" HEIGHT="66" CONTENT="Aufgabe" WC="0.99" CC="5043050"/>
					</TextLine>
					<TextLine ID="P3_TL00054" HPOS="1812" VPOS="449" WIDTH="481" HEIGHT="67">
						<String ID="P3_ST00402" HPOS="1812" VPOS="450" WIDTH="192" HEIGHT="66" CONTENT="gerecht" WC="1.00" CC="1000060"/>
						<SP ID="P3_SP00349" HPOS="2004" VPOS="516" WIDTH="30"/>
						<String ID="P3_ST00403" HPOS="2034" VPOS="449" WIDTH="259" HEIGHT="67" CONTENT="werden*)." WC="1.00" CC="000000000"/>
					</TextLine>
				</TextBlock>
				<TextBlock ID="P3_TB00004" HPOS="1810" VPOS="689" WIDTH="1560" HEIGHT="155" STYLEREFS="TXT_2 PAR_LEFT">
					<TextLine ID="P3_TL00055" HPOS="1811" VPOS="689" WIDTH="1559" HEIGHT="75">
						<String ID="P3_ST00404" HPOS="1811" VPOS="690" WIDTH="94" HEIGHT="57" CONTENT="Die" WC="0.95" CC="607"/>
						<SP ID="P3_SP00350" HPOS="1905" VPOS="747" WIDTH="43"/>
						<String ID="P3_ST00405" HPOS="1948" VPOS="690" WIDTH="249" HEIGHT="57" CONTENT="Concerte" WC="0.32" CC="87768087"/>
						<SP ID="P3_SP00351" HPOS="2197" VPOS="747" WIDTH="49"/>
						<String ID="P3_ST00406" HPOS="2246" VPOS="690" WIDTH="89" HEIGHT="57" CONTENT="bei" WC="0.95" CC="770"/>
						<SP ID="P3_SP00352" HPOS="2335" VPOS="747" WIDTH="42"/>
						<String ID="P3_ST00407" HPOS="2377" VPOS="690" WIDTH="335" HEIGHT="74" CONTENT="Einweihung" WC="0.99" CC="6066006465"/>
						<SP ID="P3_SP00353" HPOS="2712" VPOS="764" WIDTH="49"/>
						<String ID="P3_ST00408" HPOS="2761" VPOS="690" WIDTH="95" HEIGHT="56" CONTENT="der" WC="0.97" CC="402"/>
						<SP ID="P3_SP00354" HPOS="2856" VPOS="764" WIDTH="48"/>
						<String ID="P3_ST00409" HPOS="2904" VPOS="708" WIDTH="170" HEIGHT="38" CONTENT="neuen" WC="0.98" CC="50406"/>
						<SP ID="P3_SP00355" HPOS="3074" VPOS="764" WIDTH="42"/>
						<String ID="P3_ST00410" HPOS="3116" VPOS="689" WIDTH="156" HEIGHT="75" CONTENT="Orgel" WC="0.98" CC="03903"/>
						<SP ID="P3_SP00356" HPOS="3272" VPOS="764" WIDTH="42"/>
						<String ID="P3_ST00411" HPOS="3314" VPOS="690" WIDTH="56" HEIGHT="55" CONTENT="in" WC="0.50" CC="27"/>
					</TextLine>
					<TextLine ID="P3_TL00056" HPOS="2048" VPOS="787" WIDTH="1088" HEIGHT="57">
						<String ID="P3_ST00412" HPOS="2048" VPOS="789" WIDTH="97" HEIGHT="55" CONTENT="der" WC="0.98" CC="600"/>
						<SP ID="P3_SP00357" HPOS="2145" VPOS="844" WIDTH="39"/>
						<String ID="P3_ST00413" HPOS="2184" VPOS="788" WIDTH="321" HEIGHT="56" CONTENT="Kathedrale" WC="0.99" CC="3457003300"/>
						<SP ID="P3_SP00358" HPOS="2505" VPOS="844" WIDTH="43"/>
						<String ID="P3_ST00414" HPOS="2548" VPOS="787" WIDTH="73" HEIGHT="57" CONTENT="St." WC="0.92" CC="777"/>
						<SP ID="P3_SP00359" HPOS="2621" VPOS="844" WIDTH="43"/>
						<String ID="P3_ST00415" HPOS="2664" VPOS="788" WIDTH="183" HEIGHT="56" CONTENT="Pierre" WC="1.00" CC="000000"/>
						<SP ID="P3_SP00360" HPOS="2847" VPOS="844" WIDTH="41"/>
						<String ID="P3_ST00416" HPOS="2888" VPOS="806" WIDTH="63" HEIGHT="37" CONTENT="zu" WC="0.54" CC="54"/>
						<SP ID="P3_SP00361" HPOS="2951" VPOS="844" WIDTH="43"/>
						<String ID="P3_ST00417" HPOS="2994" VPOS="787" WIDTH="142" HEIGHT="56" CONTENT="Genf." WC="0.97" CC="70763"/>
					</TextLine>
				</TextBlock>
				<TextBlock ID="P3_TB00005" HPOS="1811" VPOS="908" WIDTH="1575" HEIGHT="2148" STYLEREFS="TXT_1 PAR_RIGHT">
					<TextLine ID="P3_TL00057" HPOS="2409" VPOS="908" WIDTH="358" HEIGHT="52">
						<String ID="P3_ST00418" HPOS="2409" VPOS="911" WIDTH="150" HEIGHT="49" CONTENT="(Vergl." WC="0.67" CC="5315042" STYLEREFS="TXT_3"/>
						<SP ID="P3_SP00362" HPOS="2559" VPOS="960" WIDTH="32"/>
						<String ID="P3_ST00419" HPOS="2591" VPOS="912" WIDTH="64" HEIGHT="36" CONTENT="Nr." WC="1.00" CC="000" STYLEREFS="TXT_3"/>
						<SP ID="P3_SP00363" HPOS="2655" VPOS="960" WIDTH="30"/>
						<String ID="P3_ST00420" HPOS="2685" VPOS="908" WIDTH="82" HEIGHT="51" CONTENT="28.)" WC="0.65" CC="9040" STYLEREFS="TXT_3"/>
					</TextLine>
					<TextLine ID="P3_TL00058" HPOS="1933" VPOS="1006" WIDTH="1451" HEIGHT="67">
						<String ID="P3_ST00421" HPOS="1933" VPOS="1009" WIDTH="119" HEIGHT="49" CONTENT="Dass" WC="0.57" CC="0367"/>
						<SP ID="P3_SP00364" HPOS="2052" VPOS="1058" WIDTH="32"/>
						<String ID="P3_ST00422" HPOS="2084" VPOS="1007" WIDTH="74" HEIGHT="50" CONTENT="bei" WC="0.97" CC="600"/>
						<SP ID="P3_SP00365" HPOS="2158" VPOS="1058" WIDTH="30"/>
						<String ID="P3_ST00423" HPOS="2188" VPOS="1006" WIDTH="83" HEIGHT="50" CONTENT="der" WC="0.98" CC="006"/>
						<SP ID="P3_SP00366" HPOS="2271" VPOS="1058" WIDTH="31"/>
						<String ID="P3_ST00424" HPOS="2302" VPOS="1007" WIDTH="327" HEIGHT="65" CONTENT="Bevölkerung" WC="0.99" CC="60805900054"/>
						<SP ID="P3_SP00367" HPOS="2629" VPOS="1072" WIDTH="37"/>
						<String ID="P3_ST00425" HPOS="2666" VPOS="1006" WIDTH="83" HEIGHT="50" CONTENT="der" WC="0.96" CC="046"/>
						<SP ID="P3_SP00368" HPOS="2749" VPOS="1072" WIDTH="30"/>
						<String ID="P3_ST00426" HPOS="2779" VPOS="1006" WIDTH="209" HEIGHT="50" CONTENT="Schweiz" WC="0.99" CC="6320007"/>
						<SP ID="P3_SP00369" HPOS="2988" VPOS="1072" WIDTH="37"/>
						<String ID="P3_ST00427" HPOS="3025" VPOS="1007" WIDTH="42" HEIGHT="50" CONTENT="in" WC="0.81" CC="30"/>
						<SP ID="P3_SP00370" HPOS="3067" VPOS="1072" WIDTH="32"/>
						<String ID="P3_ST00428" HPOS="3099" VPOS="1007" WIDTH="157" HEIGHT="66" CONTENT="Bezug" WC="0.98" CC="60630"/>
						<SP ID="P3_SP00371" HPOS="3256" VPOS="1073" WIDTH="43"/>
						<String ID="P3_ST00429" HPOS="3299" VPOS="1007" WIDTH="85" HEIGHT="50" CONTENT="auf" WC="0.97" CC="204"/>
					</TextLine>
					<TextLine ID="P3_TL00059" HPOS="1818" VPOS="1085" WIDTH="1557" HEIGHT="53">
						<String ID="P3_ST00430" HPOS="1818" VPOS="1086" WIDTH="341" HEIGHT="52" CONTENT="Wissenschaft" WC="0.99" CC="005400606065"/>
						<SP ID="P3_SP00372" HPOS="2159" VPOS="1138" WIDTH="42"/>
						<String ID="P3_ST00431" HPOS="2201" VPOS="1086" WIDTH="92" HEIGHT="48" CONTENT="und" WC="1.00" CC="000"/>
						<SP ID="P3_SP00373" HPOS="2293" VPOS="1138" WIDTH="41"/>
						<String ID="P3_ST00432" HPOS="2334" VPOS="1086" WIDTH="141" HEIGHT="50" CONTENT="deren" WC="0.99" CC="00004"/>
						<SP ID="P3_SP00374" HPOS="2475" VPOS="1138" WIDTH="44"/>
						<String ID="P3_ST00433" HPOS="2519" VPOS="1085" WIDTH="201" HEIGHT="51" CONTENT="Einfluss" WC="0.76" CC="10075030"/>
						<SP ID="P3_SP00375" HPOS="2720" VPOS="1138" WIDTH="41"/>
						<String ID="P3_ST00434" HPOS="2761" VPOS="1086" WIDTH="84" HEIGHT="50" CONTENT="auf" WC="1.00" CC="000"/>
						<SP ID="P3_SP00376" HPOS="2845" VPOS="1138" WIDTH="26"/>
						<String ID="P3_ST00435" HPOS="2871" VPOS="1086" WIDTH="207" HEIGHT="50" CONTENT="Freiheit" WC="0.99" CC="54017016"/>
						<SP ID="P3_SP00377" HPOS="3078" VPOS="1138" WIDTH="38"/>
						<String ID="P3_ST00436" HPOS="3116" VPOS="1086" WIDTH="93" HEIGHT="50" CONTENT="und" WC="0.99" CC="020"/>
						<SP ID="P3_SP00378" HPOS="3209" VPOS="1138" WIDTH="31"/>
						<String ID="P3_ST00437" HPOS="3240" VPOS="1087" WIDTH="108" HEIGHT="50" CONTENT="Selb" SUBS_TYPE="HypPart1" SUBS_CONTENT="Selbständigkeit" WC="0.97" CC="3057"/>
						<HYP HPOS="3348" VPOS="1087" WIDTH="27" CONTENT="-"/>
					</TextLine>
					<TextLine ID="P3_TL00060" HPOS="1812" VPOS="1165" WIDTH="1567" HEIGHT="67">
						<String ID="P3_ST00438" HPOS="1812" VPOS="1167" WIDTH="281" HEIGHT="65" CONTENT="ständigkeit" SUBS_TYPE="HypPart2" SUBS_CONTENT="Selbständigkeit" WC="1.00" CC="33030000002"/>
						<SP ID="P3_SP00379" HPOS="2093" VPOS="1232" WIDTH="28"/>
						<String ID="P3_ST00439" HPOS="2121" VPOS="1166" WIDTH="82" HEIGHT="48" CONTENT="der" WC="1.00" CC="000"/>
						<SP ID="P3_SP00380" HPOS="2203" VPOS="1232" WIDTH="31"/>
						<String ID="P3_ST00440" HPOS="2234" VPOS="1166" WIDTH="272" HEIGHT="66" CONTENT="Gesinnung" WC="1.00" CC="200060040"/>
						<SP ID="P3_SP00381" HPOS="2506" VPOS="1232" WIDTH="41"/>
						<String ID="P3_ST00441" HPOS="2547" VPOS="1166" WIDTH="93" HEIGHT="48" CONTENT="und" WC="1.00" CC="000"/>
						<SP ID="P3_SP00382" HPOS="2640" VPOS="1232" WIDTH="32"/>
						<String ID="P3_ST00442" HPOS="2672" VPOS="1166" WIDTH="84" HEIGHT="48" CONTENT="der" WC="0.99" CC="003"/>
						<SP ID="P3_SP00383" HPOS="2756" VPOS="1232" WIDTH="33"/>
						<String ID="P3_ST00443" HPOS="2789" VPOS="1165" WIDTH="344" HEIGHT="67" CONTENT="Verfassungen" WC="1.00" CC="006030006007"/>
						<SP ID="P3_SP00384" HPOS="3133" VPOS="1232" WIDTH="43"/>
						<String ID="P3_ST00444" HPOS="3176" VPOS="1167" WIDTH="72" HEIGHT="50" CONTENT="bei" WC="1.00" CC="100"/>
						<SP ID="P3_SP00385" HPOS="3248" VPOS="1232" WIDTH="41"/>
						<String ID="P3_ST00445" HPOS="3289" VPOS="1166" WIDTH="90" HEIGHT="51" CONTENT="den" WC="1.00" CC="000"/>
					</TextLine>
					<TextLine ID="P3_TL00061" HPOS="1813" VPOS="1246" WIDTH="1566" HEIGHT="66">
						<String ID="P3_ST00446" HPOS="1813" VPOS="1249" WIDTH="296" HEIGHT="48" CONTENT="Bewohnern" WC="0.99" CC="600025040"/>
						<SP ID="P3_SP00386" HPOS="2109" VPOS="1297" WIDTH="42"/>
						<String ID="P3_ST00447" HPOS="2151" VPOS="1264" WIDTH="87" HEIGHT="32" CONTENT="von" WC="0.99" CC="001"/>
						<SP ID="P3_SP00387" HPOS="2238" VPOS="1297" WIDTH="44"/>
						<String ID="P3_ST00448" HPOS="2282" VPOS="1246" WIDTH="166" HEIGHT="50" CONTENT="beiden" WC="0.99" CC="620050"/>
						<SP ID="P3_SP00388" HPOS="2448" VPOS="1297" WIDTH="32"/>
						<String ID="P3_ST00449" HPOS="2480" VPOS="1246" WIDTH="194" HEIGHT="50" CONTENT="Theilen" WC="0.80" CC="0400603"/>
						<SP ID="P3_SP00389" HPOS="2674" VPOS="1297" WIDTH="40"/>
						<String ID="P3_ST00450" HPOS="2714" VPOS="1246" WIDTH="80" HEIGHT="50" CONTENT="des" WC="0.99" CC="020"/>
						<SP ID="P3_SP00390" HPOS="2794" VPOS="1297" WIDTH="44"/>
						<String ID="P3_ST00451" HPOS="2838" VPOS="1246" WIDTH="292" HEIGHT="66" CONTENT="glücklichen" WC="1.00" CC="04000530700"/>
						<SP ID="P3_SP00391" HPOS="3130" VPOS="1312" WIDTH="45"/>
						<String ID="P3_ST00452" HPOS="3175" VPOS="1247" WIDTH="204" HEIGHT="59" CONTENT="Landes," WC="0.99" CC="0000413"/>
					</TextLine>
					<TextLine ID="P3_TL00062" HPOS="1812" VPOS="1324" WIDTH="1567" HEIGHT="70">
						<String ID="P3_ST00453" HPOS="1812" VPOS="1326" WIDTH="81" HEIGHT="51" CONTENT="des" WC="1.00" CC="000"/>
						<SP ID="P3_SP00392" HPOS="1893" VPOS="1377" WIDTH="51"/>
						<String ID="P3_ST00454" HPOS="1944" VPOS="1325" WIDTH="433" HEIGHT="51" CONTENT="deutschredenden" WC="1.00" CC="000020450001002"/>
						<SP ID="P3_SP00393" HPOS="2377" VPOS="1377" WIDTH="59"/>
						<String ID="P3_ST00455" HPOS="2436" VPOS="1326" WIDTH="87" HEIGHT="48" CONTENT="wie" WC="1.00" CC="000"/>
						<SP ID="P3_SP00394" HPOS="2523" VPOS="1377" WIDTH="49"/>
						<String ID="P3_ST00456" HPOS="2572" VPOS="1325" WIDTH="80" HEIGHT="49" CONTENT="des" WC="1.00" CC="000"/>
						<SP ID="P3_SP00395" HPOS="2652" VPOS="1377" WIDTH="55"/>
						<String ID="P3_ST00457" HPOS="2707" VPOS="1325" WIDTH="520" HEIGHT="51" CONTENT="französischredenden" WC="1.00" CC="0601405250650000000"/>
						<SP ID="P3_SP00396" HPOS="3227" VPOS="1377" WIDTH="53"/>
						<String ID="P3_ST00458" HPOS="3280" VPOS="1324" WIDTH="99" HEIGHT="70" CONTENT="(des" WC="0.99" CC="1002"/>
					</TextLine>
					<TextLine ID="P3_TL00063" HPOS="1817" VPOS="1404" WIDTH="1561" HEIGHT="67">
						<String ID="P3_ST00459" HPOS="1817" VPOS="1407" WIDTH="375" HEIGHT="60" CONTENT="Wälschlandes," WC="0.79" CC="0050006280004"/>
						<SP ID="P3_SP00397" HPOS="2192" VPOS="1467" WIDTH="30"/>
						<String ID="P3_ST00460" HPOS="2222" VPOS="1405" WIDTH="87" HEIGHT="49" CONTENT="wie" WC="1.00" CC="010"/>
						<SP ID="P3_SP00398" HPOS="2309" VPOS="1467" WIDTH="29"/>
						<String ID="P3_ST00461" HPOS="2338" VPOS="1421" WIDTH="48" HEIGHT="33" CONTENT="es" WC="0.63" CC="07"/>
						<SP ID="P3_SP00399" HPOS="2386" VPOS="1467" WIDTH="37"/>
						<String ID="P3_ST00462" HPOS="2423" VPOS="1406" WIDTH="44" HEIGHT="47" CONTENT="in" WC="0.99" CC="00"/>
						<SP ID="P3_SP00400" HPOS="2467" VPOS="1467" WIDTH="32"/>
						<String ID="P3_ST00463" HPOS="2499" VPOS="1405" WIDTH="83" HEIGHT="48" CONTENT="der" WC="1.00" CC="000"/>
						<SP ID="P3_SP00401" HPOS="2582" VPOS="1467" WIDTH="30"/>
						<String ID="P3_ST00464" HPOS="2612" VPOS="1404" WIDTH="343" HEIGHT="67" CONTENT="Volkssprache" WC="1.00" CC="010000000060"/>
						<SP ID="P3_SP00402" HPOS="2955" VPOS="1471" WIDTH="42"/>
						<String ID="P3_ST00465" HPOS="2997" VPOS="1405" WIDTH="85" HEIGHT="48" CONTENT="der" WC="1.00" CC="000"/>
						<SP ID="P3_SP00403" HPOS="3082" VPOS="1471" WIDTH="42"/>
						<String ID="P3_ST00466" HPOS="3124" VPOS="1405" WIDTH="254" HEIGHT="51" CONTENT="deutschen" WC="1.00" CC="000020603"/>
					</TextLine>
					<TextLine ID="P3_TL00064" HPOS="1811" VPOS="1484" WIDTH="1575" HEIGHT="68">
						<String ID="P3_ST00467" HPOS="1811" VPOS="1488" WIDTH="265" HEIGHT="48" CONTENT="Schweizer" WC="1.00" CC="005002500"/>
						<SP ID="P3_SP00404" HPOS="2076" VPOS="1536" WIDTH="29"/>
						<String ID="P3_ST00468" HPOS="2105" VPOS="1493" WIDTH="206" HEIGHT="58" CONTENT="genannt" WC="1.00" CC="0003000"/>
						<SP ID="P3_SP00405" HPOS="2311" VPOS="1551" WIDTH="31"/>
						<String ID="P3_ST00469" HPOS="2342" VPOS="1484" WIDTH="152" HEIGHT="67" CONTENT="wird)," WC="0.99" CC="010072"/>
						<SP ID="P3_SP00406" HPOS="2494" VPOS="1551" WIDTH="39"/>
						<String ID="P3_ST00470" HPOS="2533" VPOS="1485" WIDTH="74" HEIGHT="48" CONTENT="die" WC="1.00" CC="000"/>
						<SP ID="P3_SP00407" HPOS="2607" VPOS="1551" WIDTH="37"/>
						<String ID="P3_ST00471" HPOS="2644" VPOS="1485" WIDTH="225" HEIGHT="66" CONTENT="geistigen" WC="0.99" CC="003340904"/>
						<SP ID="P3_SP00408" HPOS="2869" VPOS="1551" WIDTH="37"/>
						<String ID="P3_ST00472" HPOS="2906" VPOS="1485" WIDTH="356" HEIGHT="67" CONTENT="Bestrebungen" WC="0.99" CC="706050400006"/>
						<SP ID="P3_SP00409" HPOS="3262" VPOS="1552" WIDTH="41"/>
						<String ID="P3_ST00473" HPOS="3303" VPOS="1485" WIDTH="83" HEIGHT="51" CONTENT="auf" WC="0.95" CC="136"/>
					</TextLine>
					<TextLine ID="P3_TL00065" HPOS="1813" VPOS="1565" WIDTH="1568" HEIGHT="69">
						<String ID="P3_ST00474" HPOS="1813" VPOS="1568" WIDTH="206" HEIGHT="66" CONTENT="gleicher" WC="0.99" CC="87300100"/>
						<SP ID="P3_SP00410" HPOS="2019" VPOS="1634" WIDTH="22"/>
						<String ID="P3_ST00475" HPOS="2041" VPOS="1566" WIDTH="139" HEIGHT="50" CONTENT="Höhe" WC="0.97" CC="6050"/>
						<SP ID="P3_SP00411" HPOS="2180" VPOS="1634" WIDTH="30"/>
						<String ID="P3_ST00476" HPOS="2210" VPOS="1565" WIDTH="180" HEIGHT="57" CONTENT="stehen," WC="0.98" CC="8026203"/>
						<SP ID="P3_SP00412" HPOS="2390" VPOS="1634" WIDTH="28"/>
						<String ID="P3_ST00477" HPOS="2418" VPOS="1565" WIDTH="57" HEIGHT="50" CONTENT="ist" WC="1.00" CC="000"/>
						<SP ID="P3_SP00413" HPOS="2475" VPOS="1634" WIDTH="28"/>
						<String ID="P3_ST00478" HPOS="2503" VPOS="1565" WIDTH="103" HEIGHT="48" CONTENT="eine" WC="0.98" CC="5022"/>
						<SP ID="P3_SP00414" HPOS="2606" VPOS="1634" WIDTH="29"/>
						<String ID="P3_ST00479" HPOS="2635" VPOS="1565" WIDTH="66" HEIGHT="48" CONTENT="oft" WC="0.98" CC="006"/>
						<SP ID="P3_SP00415" HPOS="2701" VPOS="1634" WIDTH="29"/>
						<String ID="P3_ST00480" HPOS="2730" VPOS="1566" WIDTH="247" HEIGHT="65" CONTENT="gemachte" WC="0.99" CC="83000103"/>
						<SP ID="P3_SP00416" HPOS="2977" VPOS="1634" WIDTH="31"/>
						<String ID="P3_ST00481" HPOS="3008" VPOS="1565" WIDTH="94" HEIGHT="51" CONTENT="und" WC="1.00" CC="000"/>
						<SP ID="P3_SP00417" HPOS="3102" VPOS="1634" WIDTH="30"/>
						<String ID="P3_ST00482" HPOS="3132" VPOS="1566" WIDTH="61" HEIGHT="49" CONTENT="im" WC="0.81" CC="30"/>
						<SP ID="P3_SP00418" HPOS="3193" VPOS="1634" WIDTH="28"/>
						<String ID="P3_ST00483" HPOS="3221" VPOS="1566" WIDTH="134" HEIGHT="66" CONTENT="Allge" SUBS_TYPE="HypPart1" SUBS_CONTENT="Allgemeinen" WC="0.97" CC="45272"/>
						<HYP HPOS="3355" VPOS="1566" WIDTH="26" CONTENT="-"/>
					</TextLine>
					<TextLine ID="P3_TL00066" HPOS="1815" VPOS="1645" WIDTH="1560" HEIGHT="66">
						<String ID="P3_ST00484" HPOS="1815" VPOS="1648" WIDTH="181" HEIGHT="48" CONTENT="meinen" SUBS_TYPE="HypPart2" SUBS_CONTENT="Allgemeinen" WC="1.00" CC="000001"/>
						<SP ID="P3_SP00419" HPOS="1996" VPOS="1696" WIDTH="31"/>
						<String ID="P3_ST00485" HPOS="2027" VPOS="1646" WIDTH="118" HEIGHT="49" CONTENT="auch" WC="0.98" CC="4004"/>
						<SP ID="P3_SP00420" HPOS="2145" VPOS="1696" WIDTH="33"/>
						<String ID="P3_ST00486" HPOS="2178" VPOS="1661" WIDTH="115" HEIGHT="50" CONTENT="ganz" WC="0.98" CC="0035"/>
						<SP ID="P3_SP00421" HPOS="2293" VPOS="1711" WIDTH="31"/>
						<String ID="P3_ST00487" HPOS="2324" VPOS="1645" WIDTH="193" HEIGHT="65" CONTENT="richtige" WC="0.99" CC="40005004"/>
						<SP ID="P3_SP00422" HPOS="2517" VPOS="1711" WIDTH="32"/>
						<String ID="P3_ST00488" HPOS="2549" VPOS="1645" WIDTH="318" HEIGHT="65" CONTENT="Bemerkung," WC="0.99" CC="6500000602"/>
						<SP ID="P3_SP00423" HPOS="2867" VPOS="1711" WIDTH="31"/>
						<String ID="P3_ST00489" HPOS="2898" VPOS="1661" WIDTH="133" HEIGHT="34" CONTENT="wenn" WC="0.98" CC="0504"/>
						<SP ID="P3_SP00424" HPOS="3031" VPOS="1711" WIDTH="32"/>
						<String ID="P3_ST00490" HPOS="3063" VPOS="1646" WIDTH="118" HEIGHT="49" CONTENT="auch" WC="0.98" CC="0303"/>
						<SP ID="P3_SP00425" HPOS="3181" VPOS="1711" WIDTH="32"/>
						<String ID="P3_ST00491" HPOS="3213" VPOS="1646" WIDTH="46" HEIGHT="49" CONTENT="in" WC="0.60" CC="25"/>
						<SP ID="P3_SP00426" HPOS="3259" VPOS="1711" WIDTH="31"/>
						<String ID="P3_ST00492" HPOS="3290" VPOS="1645" WIDTH="85" HEIGHT="50" CONTENT="der" WC="0.97" CC="005"/>
					</TextLine>
					<TextLine ID="P3_TL00067" HPOS="1813" VPOS="1724" WIDTH="1565" HEIGHT="66">
						<String ID="P3_ST00493" HPOS="1813" VPOS="1729" WIDTH="88" HEIGHT="47" CONTENT="Art" WC="0.96" CC="604"/>
						<SP ID="P3_SP00427" HPOS="1901" VPOS="1776" WIDTH="24"/>
						<String ID="P3_ST00494" HPOS="1925" VPOS="1725" WIDTH="93" HEIGHT="50" CONTENT="und" WC="1.00" CC="000"/>
						<SP ID="P3_SP00428" HPOS="2018" VPOS="1776" WIDTH="29"/>
						<String ID="P3_ST00495" HPOS="2047" VPOS="1725" WIDTH="163" HEIGHT="50" CONTENT="Weise" WC="1.00" CC="00120"/>
						<SP ID="P3_SP00429" HPOS="2210" VPOS="1776" WIDTH="22"/>
						<String ID="P3_ST00496" HPOS="2232" VPOS="1724" WIDTH="83" HEIGHT="49" CONTENT="der" WC="0.98" CC="004"/>
						<SP ID="P3_SP00430" HPOS="2315" VPOS="1776" WIDTH="25"/>
						<String ID="P3_ST00497" HPOS="2340" VPOS="1724" WIDTH="279" HEIGHT="66" CONTENT="Forschung" WC="0.99" CC="740007300"/>
						<SP ID="P3_SP00431" HPOS="2619" VPOS="1790" WIDTH="30"/>
						<String ID="P3_ST00498" HPOS="2649" VPOS="1724" WIDTH="93" HEIGHT="48" CONTENT="und" WC="1.00" CC="000"/>
						<SP ID="P3_SP00432" HPOS="2742" VPOS="1790" WIDTH="33"/>
						<String ID="P3_ST00499" HPOS="2775" VPOS="1724" WIDTH="117" HEIGHT="48" CONTENT="noch" WC="0.97" CC="4207"/>
						<SP ID="P3_SP00433" HPOS="2892" VPOS="1790" WIDTH="33"/>
						<String ID="P3_ST00500" HPOS="2925" VPOS="1724" WIDTH="133" HEIGHT="49" CONTENT="mehr" WC="0.99" CC="0004"/>
						<SP ID="P3_SP00434" HPOS="3058" VPOS="1790" WIDTH="23"/>
						<String ID="P3_ST00501" HPOS="3081" VPOS="1725" WIDTH="44" HEIGHT="48" CONTENT="in" WC="0.83" CC="03"/>
						<SP ID="P3_SP00435" HPOS="3125" VPOS="1790" WIDTH="23"/>
						<String ID="P3_ST00502" HPOS="3148" VPOS="1725" WIDTH="83" HEIGHT="50" CONTENT="der" WC="0.99" CC="010"/>
						<SP ID="P3_SP00436" HPOS="3231" VPOS="1790" WIDTH="24"/>
						<String ID="P3_ST00503" HPOS="3255" VPOS="1725" WIDTH="93" HEIGHT="50" CONTENT="Dar" SUBS_TYPE="HypPart1" SUBS_CONTENT="Darstellung" WC="0.98" CC="240"/>
						<HYP HPOS="3348" VPOS="1725" WIDTH="30" CONTENT="-"/>
					</TextLine>
					<TextLine ID="P3_TL00068" HPOS="1812" VPOS="1804" WIDTH="1566" HEIGHT="67">
						<String ID="P3_ST00504" HPOS="1812" VPOS="1808" WIDTH="199" HEIGHT="63" CONTENT="stellung" SUBS_TYPE="HypPart2" SUBS_CONTENT="Darstellung" WC="0.99" CC="03104100"/>
						<SP ID="P3_SP00437" HPOS="2011" VPOS="1871" WIDTH="32"/>
						<String ID="P3_ST00505" HPOS="2043" VPOS="1805" WIDTH="84" HEIGHT="50" CONTENT="der" WC="0.98" CC="031"/>
						<SP ID="P3_SP00438" HPOS="2127" VPOS="1871" WIDTH="29"/>
						<String ID="P3_ST00506" HPOS="2156" VPOS="1805" WIDTH="242" HEIGHT="50" CONTENT="Resultate" WC="0.99" CC="400015040"/>
						<SP ID="P3_SP00439" HPOS="2398" VPOS="1871" WIDTH="29"/>
						<String ID="P3_ST00507" HPOS="2427" VPOS="1804" WIDTH="147" HEIGHT="49" CONTENT="durch" WC="0.98" CC="05404"/>
						<SP ID="P3_SP00440" HPOS="2574" VPOS="1871" WIDTH="32"/>
						<String ID="P3_ST00508" HPOS="2606" VPOS="1804" WIDTH="72" HEIGHT="49" CONTENT="die" WC="0.99" CC="003"/>
						<SP ID="P3_SP00441" HPOS="2678" VPOS="1871" WIDTH="26"/>
						<String ID="P3_ST00509" HPOS="2704" VPOS="1804" WIDTH="237" HEIGHT="49" CONTENT="Literatur" WC="0.99" CC="004100612"/>
						<SP ID="P3_SP00442" HPOS="2941" VPOS="1871" WIDTH="23"/>
						<String ID="P3_ST00510" HPOS="2964" VPOS="1804" WIDTH="94" HEIGHT="49" CONTENT="sich" WC="0.99" CC="0104"/>
						<SP ID="P3_SP00443" HPOS="3058" VPOS="1871" WIDTH="25"/>
						<String ID="P3_ST00511" HPOS="3083" VPOS="1805" WIDTH="74" HEIGHT="50" CONTENT="die" WC="0.98" CC="005"/>
						<SP ID="P3_SP00444" HPOS="3157" VPOS="1871" WIDTH="22"/>
						<String ID="P3_ST00512" HPOS="3179" VPOS="1805" WIDTH="171" HEIGHT="50" CONTENT="charak" SUBS_TYPE="HypPart1" SUBS_CONTENT="charakteristischen" WC="0.99" CC="060160"/>
						<HYP HPOS="3350" VPOS="1805" WIDTH="28" CONTENT="-"/>
					</TextLine>
					<TextLine ID="P3_TL00069" HPOS="1813" VPOS="1882" WIDTH="1569" HEIGHT="68">
						<String ID="P3_ST00513" HPOS="1813" VPOS="1885" WIDTH="287" HEIGHT="50" CONTENT="teristischen" SUBS_TYPE="HypPart2" SUBS_CONTENT="charakteristischen" WC="1.00" CC="005040000500"/>
						<SP ID="P3_SP00445" HPOS="2100" VPOS="1935" WIDTH="41"/>
						<String ID="P3_ST00514" HPOS="2141" VPOS="1884" WIDTH="309" HEIGHT="66" CONTENT="Eigenheiten" WC="1.00" CC="00002600503"/>
						<SP ID="P3_SP00446" HPOS="2450" VPOS="1950" WIDTH="45"/>
						<String ID="P3_ST00515" HPOS="2495" VPOS="1882" WIDTH="160" HEIGHT="50" CONTENT="beider" WC="0.99" CC="300004"/>
						<SP ID="P3_SP00447" HPOS="2655" VPOS="1950" WIDTH="44"/>
						<String ID="P3_ST00516" HPOS="2699" VPOS="1884" WIDTH="156" HEIGHT="48" CONTENT="Racen" WC="0.94" CC="02000"/>
						<SP ID="P3_SP00448" HPOS="2855" VPOS="1950" WIDTH="44"/>
						<String ID="P3_ST00517" HPOS="2899" VPOS="1882" WIDTH="290" HEIGHT="51" CONTENT="offenbaren." WC="0.99" CC="04504604043"/>
						<SP ID="P3_SP00449" HPOS="3189" VPOS="1950" WIDTH="59"/>
						<String ID="P3_ST00518" HPOS="3248" VPOS="1884" WIDTH="134" HEIGHT="49" CONTENT="Weit" WC="0.99" CC="0003"/>
					</TextLine>
					<TextLine ID="P3_TL00070" HPOS="1815" VPOS="1962" WIDTH="1564" HEIGHT="53">
						<String ID="P3_ST00519" HPOS="1815" VPOS="1966" WIDTH="134" HEIGHT="49" CONTENT="mehr" WC="0.98" CC="0340"/>
						<SP ID="P3_SP00450" HPOS="1949" VPOS="2015" WIDTH="29"/>
						<String ID="P3_ST00520" HPOS="1978" VPOS="1966" WIDTH="67" HEIGHT="49" CONTENT="als" WC="0.98" CC="103"/>
						<SP ID="P3_SP00451" HPOS="2045" VPOS="2015" WIDTH="27"/>
						<String ID="P3_ST00521" HPOS="2072" VPOS="1965" WIDTH="44" HEIGHT="48" CONTENT="in" WC="0.95" CC="00"/>
						<SP ID="P3_SP00452" HPOS="2116" VPOS="2015" WIDTH="30"/>
						<String ID="P3_ST00522" HPOS="2146" VPOS="1964" WIDTH="84" HEIGHT="49" CONTENT="der" WC="0.99" CC="003"/>
						<SP ID="P3_SP00453" HPOS="2230" VPOS="2015" WIDTH="29"/>
						<String ID="P3_ST00523" HPOS="2259" VPOS="1964" WIDTH="238" HEIGHT="49" CONTENT="Literatur" WC="0.99" CC="006000442"/>
						<SP ID="P3_SP00454" HPOS="2497" VPOS="2015" WIDTH="25"/>
						<String ID="P3_ST00524" HPOS="2522" VPOS="1964" WIDTH="98" HEIGHT="48" CONTENT="tritt" WC="0.98" CC="00066"/>
						<SP ID="P3_SP00455" HPOS="2620" VPOS="2015" WIDTH="21"/>
						<String ID="P3_ST00525" HPOS="2641" VPOS="1962" WIDTH="116" HEIGHT="51" CONTENT="aber" WC="0.98" CC="4101"/>
						<SP ID="P3_SP00456" HPOS="2757" VPOS="2015" WIDTH="22"/>
						<String ID="P3_ST00526" HPOS="2779" VPOS="1964" WIDTH="73" HEIGHT="48" CONTENT="die" WC="1.00" CC="000"/>
						<SP ID="P3_SP00457" HPOS="2852" VPOS="2015" WIDTH="22"/>
						<String ID="P3_ST00527" HPOS="2874" VPOS="1964" WIDTH="235" HEIGHT="49" CONTENT="nationale" WC="0.99" CC="005000430"/>
						<SP ID="P3_SP00458" HPOS="3109" VPOS="2015" WIDTH="25"/>
						<String ID="P3_ST00528" HPOS="3134" VPOS="1962" WIDTH="218" HEIGHT="53" CONTENT="Verschie" SUBS_TYPE="HypPart1" SUBS_CONTENT="Verschiedenheit" WC="1.00" CC="00001600"/>
						<HYP HPOS="3352" VPOS="1962" WIDTH="27" CONTENT="-"/>
					</TextLine>
					<TextLine ID="P3_TL00071" HPOS="1815" VPOS="2041" WIDTH="1568" HEIGHT="57">
						<String ID="P3_ST00529" HPOS="1815" VPOS="2044" WIDTH="189" HEIGHT="49" CONTENT="denheit" SUBS_TYPE="HypPart2" SUBS_CONTENT="Verschiedenheit" WC="1.00" CC="0150100"/>
						<SP ID="P3_SP00459" HPOS="2004" VPOS="2093" WIDTH="28"/>
						<String ID="P3_ST00530" HPOS="2032" VPOS="2045" WIDTH="44" HEIGHT="48" CONTENT="in" WC="0.92" CC="01"/>
						<SP ID="P3_SP00460" HPOS="2076" VPOS="2093" WIDTH="32"/>
						<String ID="P3_ST00531" HPOS="2108" VPOS="2042" WIDTH="83" HEIGHT="50" CONTENT="der" WC="0.98" CC="014"/>
						<SP ID="P3_SP00461" HPOS="2191" VPOS="2093" WIDTH="31"/>
						<String ID="P3_ST00532" HPOS="2222" VPOS="2044" WIDTH="153" HEIGHT="49" CONTENT="Kunst" WC="0.98" CC="02505"/>
						<SP ID="P3_SP00462" HPOS="2375" VPOS="2093" WIDTH="29"/>
						<String ID="P3_ST00533" HPOS="2404" VPOS="2042" WIDTH="192" HEIGHT="56" CONTENT="hervor;" WC="1.00" CC="0030020"/>
						<SP ID="P3_SP00463" HPOS="2596" VPOS="2098" WIDTH="38"/>
						<String ID="P3_ST00534" HPOS="2634" VPOS="2042" WIDTH="280" HEIGHT="49" CONTENT="namentlich" WC="0.99" CC="6000006206"/>
						<SP ID="P3_SP00464" HPOS="2914" VPOS="2098" WIDTH="32"/>
						<String ID="P3_ST00535" HPOS="2946" VPOS="2042" WIDTH="45" HEIGHT="50" CONTENT="in" WC="0.79" CC="40"/>
						<SP ID="P3_SP00465" HPOS="2991" VPOS="2098" WIDTH="31"/>
						<String ID="P3_ST00536" HPOS="3022" VPOS="2041" WIDTH="83" HEIGHT="51" CONTENT="der" WC="0.99" CC="003"/>
						<SP ID="P3_SP00466" HPOS="3105" VPOS="2098" WIDTH="28"/>
						<String ID="P3_ST00537" HPOS="3133" VPOS="2042" WIDTH="250" HEIGHT="51" CONTENT="Tonkunst" WC="0.99" CC="03004205"/>
					</TextLine>
					<TextLine ID="P3_TL00072" HPOS="1813" VPOS="2121" WIDTH="1565" HEIGHT="52">
						<String ID="P3_ST00538" HPOS="1813" VPOS="2125" WIDTH="56" HEIGHT="48" CONTENT="ist" WC="0.99" CC="010"/>
						<SP ID="P3_SP00467" HPOS="1869" VPOS="2173" WIDTH="38"/>
						<String ID="P3_ST00539" HPOS="1907" VPOS="2124" WIDTH="44" HEIGHT="49" CONTENT="in" WC="1.00" CC="00"/>
						<SP ID="P3_SP00468" HPOS="1951" VPOS="2173" WIDTH="45"/>
						<String ID="P3_ST00540" HPOS="1996" VPOS="2124" WIDTH="84" HEIGHT="49" CONTENT="der" WC="0.98" CC="004"/>
						<SP ID="P3_SP00469" HPOS="2080" VPOS="2173" WIDTH="38"/>
						<String ID="P3_ST00541" HPOS="2118" VPOS="2123" WIDTH="253" HEIGHT="49" CONTENT="deutschen" WC="0.99" CC="000401602"/>
						<SP ID="P3_SP00470" HPOS="2371" VPOS="2173" WIDTH="46"/>
						<String ID="P3_ST00542" HPOS="2417" VPOS="2123" WIDTH="208" HEIGHT="49" CONTENT="Schweiz" WC="0.99" CC="1050003"/>
						<SP ID="P3_SP00471" HPOS="2625" VPOS="2173" WIDTH="43"/>
						<String ID="P3_ST00543" HPOS="2668" VPOS="2121" WIDTH="83" HEIGHT="50" CONTENT="der" WC="1.00" CC="000"/>
						<SP ID="P3_SP00472" HPOS="2751" VPOS="2173" WIDTH="42"/>
						<String ID="P3_ST00544" HPOS="2793" VPOS="2121" WIDTH="222" HEIGHT="50" CONTENT="deutsche" WC="0.99" CC="00034060"/>
						<SP ID="P3_SP00473" HPOS="3015" VPOS="2173" WIDTH="44"/>
						<String ID="P3_ST00545" HPOS="3059" VPOS="2123" WIDTH="319" HEIGHT="49" CONTENT="musicalische" WC="1.00" CC="602002013050"/>
					</TextLine>
					<TextLine ID="P3_TL00073" HPOS="1813" VPOS="2200" WIDTH="1561" HEIGHT="69">
						<String ID="P3_ST00546" HPOS="1813" VPOS="2205" WIDTH="113" HEIGHT="48" CONTENT="Sinn" WC="0.99" CC="3000"/>
						<SP ID="P3_SP00474" HPOS="1926" VPOS="2253" WIDTH="25"/>
						<String ID="P3_ST00547" HPOS="1951" VPOS="2203" WIDTH="94" HEIGHT="50" CONTENT="und" WC="1.00" CC="000"/>
						<SP ID="P3_SP00475" HPOS="2045" VPOS="2253" WIDTH="19"/>
						<String ID="P3_ST00548" HPOS="2064" VPOS="2203" WIDTH="264" HEIGHT="50" CONTENT="Charakter" WC="0.99" CC="750000401"/>
						<SP ID="P3_SP00476" HPOS="2328" VPOS="2253" WIDTH="24"/>
						<String ID="P3_ST00549" HPOS="2352" VPOS="2201" WIDTH="72" HEIGHT="51" CONTENT="bei" WC="0.98" CC="400"/>
						<SP ID="P3_SP00477" HPOS="2424" VPOS="2253" WIDTH="22"/>
						<String ID="P3_ST00550" HPOS="2446" VPOS="2201" WIDTH="209" HEIGHT="52" CONTENT="Weitem" WC="0.99" CC="000505"/>
						<SP ID="P3_SP00478" HPOS="2655" VPOS="2253" WIDTH="23"/>
						<String ID="P3_ST00551" HPOS="2678" VPOS="2200" WIDTH="357" HEIGHT="69" CONTENT="überwiegend," WC="1.00" CC="000000050103"/>
						<SP ID="P3_SP00479" HPOS="3035" VPOS="2269" WIDTH="29"/>
						<String ID="P3_ST00552" HPOS="3064" VPOS="2201" WIDTH="224" HEIGHT="51" CONTENT="während" WC="0.99" CC="0041070"/>
						<SP ID="P3_SP00480" HPOS="3288" VPOS="2269" WIDTH="24"/>
						<String ID="P3_ST00553" HPOS="3312" VPOS="2203" WIDTH="62" HEIGHT="49" CONTENT="im" WC="0.80" CC="03"/>
					</TextLine>
					<TextLine ID="P3_TL00074" HPOS="1817" VPOS="2281" WIDTH="1557" HEIGHT="69">
						<String ID="P3_ST00554" HPOS="1817" VPOS="2284" WIDTH="337" HEIGHT="51" CONTENT="Wälschlande" WC="0.76" CC="18010370300"/>
						<SP ID="P3_SP00481" HPOS="2154" VPOS="2335" WIDTH="30"/>
						<String ID="P3_ST00555" HPOS="2184" VPOS="2283" WIDTH="134" HEIGHT="49" CONTENT="mehr" WC="0.97" CC="4062"/>
						<SP ID="P3_SP00482" HPOS="2318" VPOS="2335" WIDTH="29"/>
						<String ID="P3_ST00556" HPOS="2347" VPOS="2281" WIDTH="334" HEIGHT="51" CONTENT="französischer" WC="0.99" CC="0144306100502"/>
						<SP ID="P3_SP00483" HPOS="2681" VPOS="2335" WIDTH="23"/>
						<String ID="P3_ST00557" HPOS="2704" VPOS="2281" WIDTH="290" HEIGHT="51" CONTENT="Geschmack" WC="1.00" CC="500044000"/>
						<SP ID="P3_SP00484" HPOS="2994" VPOS="2335" WIDTH="32"/>
						<String ID="P3_ST00558" HPOS="3026" VPOS="2283" WIDTH="93" HEIGHT="49" CONTENT="und" WC="0.98" CC="060"/>
						<SP ID="P3_SP00485" HPOS="3119" VPOS="2335" WIDTH="24"/>
						<String ID="P3_ST00559" HPOS="3143" VPOS="2283" WIDTH="132" HEIGHT="67" CONTENT="jenes" WC="0.99" CC="20303"/>
						<SP ID="P3_SP00486" HPOS="3275" VPOS="2350" WIDTH="31"/>
						<String ID="P3_ST00560" HPOS="3306" VPOS="2281" WIDTH="46" HEIGHT="50" CONTENT="di" SUBS_TYPE="HypPart1" SUBS_CONTENT="dilettantische" WC="0.97" CC="03"/>
						<HYP HPOS="3352" VPOS="2281" WIDTH="22" CONTENT="-"/>
					</TextLine>
					<TextLine ID="P3_TL00075" HPOS="1816" VPOS="2360" WIDTH="1565" HEIGHT="58">
						<String ID="P3_ST00561" HPOS="1816" VPOS="2364" WIDTH="291" HEIGHT="49" CONTENT="lettantische" SUBS_TYPE="HypPart2" SUBS_CONTENT="dilettantische" WC="1.00" CC="105504210100"/>
						<SP ID="P3_SP00487" HPOS="2107" VPOS="2413" WIDTH="29"/>
						<String ID="P3_ST00562" HPOS="2136" VPOS="2361" WIDTH="338" HEIGHT="52" CONTENT="Musiktreiben" WC="1.00" CC="030450000505"/>
						<SP ID="P3_SP00488" HPOS="2474" VPOS="2413" WIDTH="44"/>
						<String ID="P3_ST00563" HPOS="2518" VPOS="2360" WIDTH="316" HEIGHT="58" CONTENT="vorherrscht," WC="0.99" CC="005600140724"/>
						<SP ID="P3_SP00489" HPOS="2834" VPOS="2418" WIDTH="45"/>
						<String ID="P3_ST00564" HPOS="2879" VPOS="2361" WIDTH="198" HEIGHT="50" CONTENT="welches" WC="0.99" CC="0020700"/>
						<SP ID="P3_SP00490" HPOS="3077" VPOS="2418" WIDTH="39"/>
						<String ID="P3_ST00565" HPOS="3116" VPOS="2378" WIDTH="88" HEIGHT="34" CONTENT="von" WC="0.95" CC="607"/>
						<SP ID="P3_SP00491" HPOS="3204" VPOS="2418" WIDTH="44"/>
						<String ID="P3_ST00566" HPOS="3248" VPOS="2360" WIDTH="133" HEIGHT="51" CONTENT="Paris" WC="0.99" CC="05000"/>
					</TextLine>
					<TextLine ID="P3_TL00076" HPOS="1816" VPOS="2440" WIDTH="1563" HEIGHT="67">
						<String ID="P3_ST00567" HPOS="1816" VPOS="2444" WIDTH="84" HEIGHT="49" CONTENT="her" WC="0.99" CC="003"/>
						<SP ID="P3_SP00492" HPOS="1900" VPOS="2493" WIDTH="124"/>
						<String ID="P3_ST00568" HPOS="2024" VPOS="2444" WIDTH="92" HEIGHT="49" CONTENT="und" WC="1.00" CC="000"/>
						<SP ID="P3_SP00493" HPOS="2116" VPOS="2493" WIDTH="45"/>
						<String ID="P3_ST00569" HPOS="2161" VPOS="2443" WIDTH="129" HEIGHT="49" CONTENT="nicht" WC="0.98" CC="40034"/>
						<SP ID="P3_SP00494" HPOS="2290" VPOS="2493" WIDTH="40"/>
						<String ID="P3_ST00570" HPOS="2330" VPOS="2441" WIDTH="176" HEIGHT="66" CONTENT="gerade" WC="1.00" CC="000000"/>
						<SP ID="P3_SP00495" HPOS="2506" VPOS="2507" WIDTH="36"/>
						<String ID="P3_ST00571" HPOS="2542" VPOS="2458" WIDTH="84" HEIGHT="33" CONTENT="aus" WC="0.95" CC="416"/>
						<SP ID="P3_SP00496" HPOS="2626" VPOS="2507" WIDTH="31"/>
						<String ID="P3_ST00572" HPOS="2657" VPOS="2440" WIDTH="89" HEIGHT="51" CONTENT="den" WC="0.98" CC="004"/>
						<SP ID="P3_SP00497" HPOS="2746" VPOS="2507" WIDTH="31"/>
						<String ID="P3_ST00573" HPOS="2777" VPOS="2440" WIDTH="217" HEIGHT="51" CONTENT="besseren" WC="0.99" CC="50000308"/>
						<SP ID="P3_SP00498" HPOS="2994" VPOS="2507" WIDTH="32"/>
						<String ID="P3_ST00574" HPOS="3026" VPOS="2441" WIDTH="353" HEIGHT="50" CONTENT="musicalischen" WC="0.73" CC="9020060020706"/>
					</TextLine>
					<TextLine ID="P3_TL00077" HPOS="1817" VPOS="2520" WIDTH="1564" HEIGHT="67">
						<String ID="P3_ST00575" HPOS="1817" VPOS="2524" WIDTH="193" HEIGHT="48" CONTENT="Kreisen" WC="0.99" CC="0100504"/>
						<SP ID="P3_SP00499" HPOS="2010" VPOS="2572" WIDTH="31"/>
						<String ID="P3_ST00576" HPOS="2041" VPOS="2523" WIDTH="84" HEIGHT="49" CONTENT="der" WC="1.00" CC="000"/>
						<SP ID="P3_SP00500" HPOS="2125" VPOS="2572" WIDTH="31"/>
						<String ID="P3_ST00577" HPOS="2156" VPOS="2521" WIDTH="258" HEIGHT="51" CONTENT="Weltstadt" WC="0.99" CC="007634002"/>
						<SP ID="P3_SP00501" HPOS="2414" VPOS="2572" WIDTH="116"/>
						<String ID="P3_ST00578" HPOS="2530" VPOS="2521" WIDTH="127" HEIGHT="50" CONTENT="seine" WC="0.99" CC="00050"/>
						<SP ID="P3_SP00502" HPOS="2657" VPOS="2572" WIDTH="26"/>
						<String ID="P3_ST00579" HPOS="2683" VPOS="2521" WIDTH="193" HEIGHT="66" CONTENT="Losung" WC="0.99" CC="005050"/>
						<SP ID="P3_SP00503" HPOS="2876" VPOS="2587" WIDTH="32"/>
						<String ID="P3_ST00580" HPOS="2908" VPOS="2521" WIDTH="163" HEIGHT="50" CONTENT="erhält." WC="0.99" CC="0160044"/>
						<SP ID="P3_SP00504" HPOS="3071" VPOS="2587" WIDTH="59"/>
						<String ID="P3_ST00581" HPOS="3130" VPOS="2520" WIDTH="251" HEIGHT="52" CONTENT="Während" WC="0.99" CC="1075006"/>
					</TextLine>
					<TextLine ID="P3_TL00078" HPOS="1815" VPOS="2600" WIDTH="1566" HEIGHT="58">
						<String ID="P3_ST00582" HPOS="1815" VPOS="2603" WIDTH="73" HEIGHT="49" CONTENT="die" WC="0.99" CC="002"/>
						<SP ID="P3_SP00505" HPOS="1888" VPOS="2652" WIDTH="31"/>
						<String ID="P3_ST00583" HPOS="1919" VPOS="2603" WIDTH="253" HEIGHT="48" CONTENT="deutschen" WC="1.00" CC="013001500"/>
						<SP ID="P3_SP00506" HPOS="2172" VPOS="2652" WIDTH="31"/>
						<String ID="P3_ST00584" HPOS="2203" VPOS="2600" WIDTH="162" HEIGHT="51" CONTENT="Städte" WC="1.00" CC="060000"/>
						<SP ID="P3_SP00507" HPOS="2365" VPOS="2652" WIDTH="29"/>
						<String ID="P3_ST00585" HPOS="2394" VPOS="2600" WIDTH="152" HEIGHT="58" CONTENT="Basel," WC="0.98" CC="500560"/>
						<SP ID="P3_SP00508" HPOS="2546" VPOS="2658" WIDTH="37"/>
						<String ID="P3_ST00586" HPOS="2583" VPOS="2600" WIDTH="144" HEIGHT="56" CONTENT="Bern," WC="0.97" CC="53533"/>
						<SP ID="P3_SP00509" HPOS="2727" VPOS="2658" WIDTH="29"/>
						<String ID="P3_ST00587" HPOS="2756" VPOS="2600" WIDTH="189" HEIGHT="57" CONTENT="Zürich," WC="1.00" CC="0000100"/>
						<SP ID="P3_SP00510" HPOS="2945" VPOS="2658" WIDTH="42"/>
						<String ID="P3_ST00588" HPOS="2987" VPOS="2600" WIDTH="142" HEIGHT="50" CONTENT="selbst" WC="0.97" CC="703393"/>
						<SP ID="P3_SP00511" HPOS="3129" VPOS="2658" WIDTH="31"/>
						<String ID="P3_ST00589" HPOS="3160" VPOS="2601" WIDTH="221" HEIGHT="57" CONTENT="kleinere," WC="0.99" CC="044003304"/>
					</TextLine>
					<TextLine ID="P3_TL00079" HPOS="1815" VPOS="2679" WIDTH="1563" HEIGHT="68">
						<String ID="P3_ST00590" HPOS="1815" VPOS="2684" WIDTH="87" HEIGHT="48" CONTENT="wie" WC="1.00" CC="000"/>
						<SP ID="P3_SP00512" HPOS="1902" VPOS="2732" WIDTH="29"/>
						<String ID="P3_ST00591" HPOS="1931" VPOS="2702" WIDTH="35" HEIGHT="30" CONTENT="z." WC="0.71" CC="50"/>
						<SP ID="P3_SP00513" HPOS="1966" VPOS="2732" WIDTH="34"/>
						<String ID="P3_ST00592" HPOS="2000" VPOS="2684" WIDTH="48" HEIGHT="48" CONTENT="B." WC="0.89" CC="01"/>
						<SP ID="P3_SP00514" HPOS="2048" VPOS="2732" WIDTH="30"/>
						<String ID="P3_ST00593" HPOS="2078" VPOS="2681" WIDTH="229" HEIGHT="66" CONTENT="Zofingen" WC="0.99" CC="00770004"/>
						<SP ID="P3_SP00515" HPOS="2307" VPOS="2747" WIDTH="32"/>
						<String ID="P3_ST00594" HPOS="2339" VPOS="2681" WIDTH="93" HEIGHT="49" CONTENT="und" WC="1.00" CC="000"/>
						<SP ID="P3_SP00516" HPOS="2432" VPOS="2747" WIDTH="39"/>
						<String ID="P3_ST00595" HPOS="2471" VPOS="2679" WIDTH="192" HEIGHT="57" CONTENT="andere," WC="0.99" CC="3400103"/>
						<SP ID="P3_SP00517" HPOS="2663" VPOS="2747" WIDTH="46"/>
						<String ID="P3_ST00596" HPOS="2709" VPOS="2680" WIDTH="199" HEIGHT="50" CONTENT="Vereine" WC="0.99" CC="0020150"/>
						<SP ID="P3_SP00518" HPOS="2908" VPOS="2747" WIDTH="43"/>
						<String ID="P3_ST00597" HPOS="2951" VPOS="2680" WIDTH="217" HEIGHT="56" CONTENT="besitzen," WC="0.99" CC="600032050"/>
						<SP ID="P3_SP00519" HPOS="3168" VPOS="2747" WIDTH="44"/>
						<String ID="P3_ST00598" HPOS="3212" VPOS="2680" WIDTH="73" HEIGHT="50" CONTENT="die" WC="1.00" CC="000"/>
						<SP ID="P3_SP00520" HPOS="3285" VPOS="2747" WIDTH="30"/>
						<String ID="P3_ST00599" HPOS="3315" VPOS="2680" WIDTH="63" HEIGHT="50" CONTENT="im" WC="0.66" CC="06"/>
					</TextLine>
					<TextLine ID="P3_TL00080" HPOS="1815" VPOS="2759" WIDTH="1566" HEIGHT="65">
						<String ID="P3_ST00600" HPOS="1815" VPOS="2761" WIDTH="174" HEIGHT="50" CONTENT="Stande" WC="1.00" CC="000103"/>
						<SP ID="P3_SP00521" HPOS="1989" VPOS="2811" WIDTH="42"/>
						<String ID="P3_ST00601" HPOS="2031" VPOS="2761" WIDTH="118" HEIGHT="56" CONTENT="sind," WC="0.98" CC="93301"/>
						<SP ID="P3_SP00522" HPOS="2149" VPOS="2817" WIDTH="44"/>
						<String ID="P3_ST00602" HPOS="2193" VPOS="2760" WIDTH="74" HEIGHT="50" CONTENT="die" WC="0.98" CC="032"/>
						<SP ID="P3_SP00523" HPOS="2267" VPOS="2817" WIDTH="29"/>
						<String ID="P3_ST00603" HPOS="2296" VPOS="2759" WIDTH="273" HEIGHT="65" CONTENT="Grundlage" WC="1.00" CC="004005003"/>
						<SP ID="P3_SP00524" HPOS="2569" VPOS="2824" WIDTH="29"/>
						<String ID="P3_ST00604" HPOS="2598" VPOS="2759" WIDTH="84" HEIGHT="48" CONTENT="der" WC="1.00" CC="000"/>
						<SP ID="P3_SP00525" HPOS="2682" VPOS="2824" WIDTH="29"/>
						<String ID="P3_ST00605" HPOS="2711" VPOS="2759" WIDTH="352" HEIGHT="49" CONTENT="musicalischen" WC="1.00" CC="0102003000655"/>
						<SP ID="P3_SP00526" HPOS="3063" VPOS="2824" WIDTH="29"/>
						<String ID="P3_ST00606" HPOS="3092" VPOS="2759" WIDTH="164" HEIGHT="49" CONTENT="Kräfte" WC="1.00" CC="000000"/>
						<SP ID="P3_SP00527" HPOS="3256" VPOS="2824" WIDTH="42"/>
						<String ID="P3_ST00607" HPOS="3298" VPOS="2775" WIDTH="83" HEIGHT="33" CONTENT="zur" WC="0.98" CC="320"/>
					</TextLine>
					<TextLine ID="P3_TL00081" HPOS="1813" VPOS="2838" WIDTH="1568" HEIGHT="68">
						<String ID="P3_ST00608" HPOS="1813" VPOS="2841" WIDTH="370" HEIGHT="65" CONTENT="Veranstaltung" WC="1.00" CC="0040032005070"/>
						<SP ID="P3_SP00528" HPOS="2183" VPOS="2906" WIDTH="43"/>
						<String ID="P3_ST00609" HPOS="2226" VPOS="2857" WIDTH="86" HEIGHT="31" CONTENT="von" WC="0.99" CC="003"/>
						<SP ID="P3_SP00529" HPOS="2312" VPOS="2906" WIDTH="45"/>
						<String ID="P3_ST00610" HPOS="2357" VPOS="2838" WIDTH="358" HEIGHT="67" CONTENT="regelmässigen" WC="1.00" CC="0000560410001"/>
						<SP ID="P3_SP00530" HPOS="2715" VPOS="2906" WIDTH="45"/>
						<String ID="P3_ST00611" HPOS="2760" VPOS="2838" WIDTH="478" HEIGHT="50" CONTENT="Winter-Concerten" WC="1.00" CC="0162033704004000"/>
						<SP ID="P3_SP00531" HPOS="3238" VPOS="2906" WIDTH="46"/>
						<String ID="P3_ST00612" HPOS="3284" VPOS="2838" WIDTH="97" HEIGHT="50" CONTENT="und" WC="0.96" CC="306"/>
					</TextLine>
					<TextLine ID="P3_TL00082" HPOS="1815" VPOS="2918" WIDTH="1564" HEIGHT="69">
						<String ID="P3_ST00613" HPOS="1815" VPOS="2921" WIDTH="370" HEIGHT="66" CONTENT="Aufführungen" WC="0.99" CC="625600405000"/>
						<SP ID="P3_SP00532" HPOS="2185" VPOS="2987" WIDTH="51"/>
						<String ID="P3_ST00614" HPOS="2236" VPOS="2920" WIDTH="270" HEIGHT="48" CONTENT="classiscber" WC="0.82" CC="01215000700"/>
						<SP ID="P3_SP00533" HPOS="2506" VPOS="2987" WIDTH="39"/>
						<String ID="P3_ST00615" HPOS="2545" VPOS="2918" WIDTH="277" HEIGHT="50" CONTENT="Orchester-" WC="1.00" CC="0406006000"/>
						<SP ID="P3_SP00534" HPOS="2822" VPOS="2987" WIDTH="51"/>
						<String ID="P3_ST00616" HPOS="2873" VPOS="2918" WIDTH="91" HEIGHT="49" CONTENT="und" WC="0.97" CC="060"/>
						<SP ID="P3_SP00535" HPOS="2964" VPOS="2987" WIDTH="43"/>
						<String ID="P3_ST00617" HPOS="3007" VPOS="2918" WIDTH="372" HEIGHT="68" CONTENT="Gesangwerke," WC="1.00" CC="500054002002"/>
					</TextLine>
					<TextLine ID="P3_TL00083" HPOS="1815" VPOS="2996" WIDTH="1562" HEIGHT="60">
						<String ID="P3_ST00618" HPOS="1815" VPOS="3018" WIDTH="85" HEIGHT="33" CONTENT="von" WC="1.00" CC="000"/>
						<SP ID="P3_SP00536" HPOS="1900" VPOS="3051" WIDTH="30"/>
						<String ID="P3_ST00619" HPOS="1930" VPOS="3001" WIDTH="267" HEIGHT="50" CONTENT="Sinfonieen" WC="0.87" CC="0000380000"/>
						<SP ID="P3_SP00537" HPOS="2197" VPOS="3051" WIDTH="32"/>
						<String ID="P3_ST00620" HPOS="2229" VPOS="2999" WIDTH="94" HEIGHT="49" CONTENT="und" WC="1.00" CC="000"/>
						<SP ID="P3_SP00538" HPOS="2323" VPOS="3051" WIDTH="30"/>
						<String ID="P3_ST00621" HPOS="2353" VPOS="2998" WIDTH="253" HEIGHT="50" CONTENT="Oratorien" WC="0.99" CC="420702000"/>
						<SP ID="P3_SP00539" HPOS="2606" VPOS="3051" WIDTH="28"/>
						<String ID="P3_ST00622" HPOS="2634" VPOS="3014" WIDTH="56" HEIGHT="32" CONTENT="zu" WC="0.61" CC="52"/>
						<SP ID="P3_SP00540" HPOS="2690" VPOS="3051" WIDTH="30"/>
						<String ID="P3_ST00623" HPOS="2720" VPOS="2996" WIDTH="174" HEIGHT="57" CONTENT="bilden," WC="0.99" CC="4000070"/>
						<SP ID="P3_SP00541" HPOS="2894" VPOS="3053" WIDTH="42"/>
						<String ID="P3_ST00624" HPOS="2936" VPOS="2998" WIDTH="218" HEIGHT="58" CONTENT="Vereine," WC="1.00" CC="00200400"/>
						<SP ID="P3_SP00542" HPOS="3154" VPOS="3056" WIDTH="45"/>
						<String ID="P3_ST00625" HPOS="3199" VPOS="2998" WIDTH="178" HEIGHT="50" CONTENT="welche" WC="0.99" CC="000060"/>
					</TextLine>
				</TextBlock>
				<TextBlock ID="P3_TB00006" HPOS="1805" VPOS="3148" WIDTH="1574" HEIGHT="1092" STYLEREFS="TXT_3 PAR_BLOCK">
					<TextLine ID="P3_TL00084" HPOS="1923" VPOS="3149" WIDTH="1450" HEIGHT="50">
						<String ID="P3_ST00626" HPOS="1923" VPOS="3150" WIDTH="40" HEIGHT="49" CONTENT="*)" WC="0.65" CC="15"/>
						<SP ID="P3_SP00543" HPOS="1963" VPOS="3199" WIDTH="33"/>
						<String ID="P3_ST00627" HPOS="1996" VPOS="3152" WIDTH="125" HEIGHT="35" CONTENT="Wenn" WC="0.96" CC="1364"/>
						<SP ID="P3_SP00544" HPOS="2121" VPOS="3199" WIDTH="45"/>
						<String ID="P3_ST00628" HPOS="2166" VPOS="3163" WIDTH="88" HEIGHT="24" CONTENT="man" WC="0.99" CC="030"/>
						<SP ID="P3_SP00545" HPOS="2254" VPOS="3199" WIDTH="43"/>
						<String ID="P3_ST00629" HPOS="2297" VPOS="3151" WIDTH="62" HEIGHT="36" CONTENT="die" WC="0.99" CC="010"/>
						<SP ID="P3_SP00546" HPOS="2359" VPOS="3199" WIDTH="30"/>
						<String ID="P3_ST00630" HPOS="2389" VPOS="3151" WIDTH="269" HEIGHT="36" CONTENT="Verhältnisse" WC="0.99" CC="434640000201"/>
						<SP ID="P3_SP00547" HPOS="2658" VPOS="3199" WIDTH="42"/>
						<String ID="P3_ST00631" HPOS="2700" VPOS="3151" WIDTH="82" HEIGHT="35" CONTENT="und" WC="0.96" CC="701"/>
						<SP ID="P3_SP00548" HPOS="2782" VPOS="3199" WIDTH="28"/>
						<String ID="P3_ST00632" HPOS="2810" VPOS="3151" WIDTH="195" HEIGHT="36" CONTENT="Zustände" WC="0.99" CC="46004005"/>
						<SP ID="P3_SP00549" HPOS="3005" VPOS="3199" WIDTH="28"/>
						<String ID="P3_ST00633" HPOS="3033" VPOS="3152" WIDTH="39" HEIGHT="33" CONTENT="in" WC="0.50" CC="45"/>
						<SP ID="P3_SP00550" HPOS="3072" VPOS="3199" WIDTH="29"/>
						<String ID="P3_ST00634" HPOS="3101" VPOS="3151" WIDTH="109" HEIGHT="34" CONTENT="Paris" WC="0.98" CC="71502"/>
						<SP ID="P3_SP00551" HPOS="3210" VPOS="3199" WIDTH="28"/>
						<String ID="P3_ST00635" HPOS="3238" VPOS="3149" WIDTH="135" HEIGHT="49" CONTENT="kennt," WC="0.97" CC="209647"/>
					</TextLine>
					<TextLine ID="P3_TL00085" HPOS="1814" VPOS="3212" WIDTH="1561" HEIGHT="38">
						<String ID="P3_ST00636" HPOS="1814" VPOS="3225" WIDTH="41" HEIGHT="23" CONTENT="so" WC="0.81" CC="03"/>
						<SP ID="P3_SP00552" HPOS="1855" VPOS="3248" WIDTH="31"/>
						<String ID="P3_ST00637" HPOS="1886" VPOS="3225" WIDTH="106" HEIGHT="24" CONTENT="muss" WC="0.73" CC="3600"/>
						<SP ID="P3_SP00553" HPOS="1992" VPOS="3249" WIDTH="29"/>
						<String ID="P3_ST00638" HPOS="2021" VPOS="3225" WIDTH="89" HEIGHT="24" CONTENT="man" WC="0.98" CC="600"/>
						<SP ID="P3_SP00554" HPOS="2110" VPOS="3249" WIDTH="30"/>
						<String ID="P3_ST00639" HPOS="2140" VPOS="3215" WIDTH="128" HEIGHT="34" CONTENT="Herrn" WC="0.98" CC="60701"/>
						<SP ID="P3_SP00555" HPOS="2268" VPOS="3249" WIDTH="30"/>
						<String ID="P3_ST00640" HPOS="2298" VPOS="3214" WIDTH="53" HEIGHT="34" CONTENT="M." WC="0.81" CC="03"/>
						<SP ID="P3_SP00556" HPOS="2351" VPOS="3249" WIDTH="31"/>
						<String ID="P3_ST00641" HPOS="2382" VPOS="3212" WIDTH="286" HEIGHT="37" CONTENT="Escudier's" WC="0.84" CC="0030200520"/>
						<SP ID="P3_SP00557" HPOS="2668" VPOS="3249" WIDTH="30"/>
						<String ID="P3_ST00642" HPOS="2698" VPOS="3212" WIDTH="326" HEIGHT="38" CONTENT="Wahrheitsliebe" WC="0.99" CC="53757004164021"/>
						<SP ID="P3_SP00558" HPOS="3024" VPOS="3250" WIDTH="42"/>
						<String ID="P3_ST00643" HPOS="3066" VPOS="3212" WIDTH="80" HEIGHT="36" CONTENT="und" WC="0.95" CC="760"/>
						<SP ID="P3_SP00559" HPOS="3146" VPOS="3250" WIDTH="28"/>
						<String ID="P3_ST00644" HPOS="3174" VPOS="3212" WIDTH="201" HEIGHT="36" CONTENT="Kühnheit" WC="0.99" CC="20766200"/>
					</TextLine>
					<TextLine ID="P3_TL00086" HPOS="1811" VPOS="3274" WIDTH="1566" HEIGHT="47">
						<String ID="P3_ST00645" HPOS="1811" VPOS="3276" WIDTH="192" HEIGHT="35" CONTENT="rühmend" WC="1.00" CC="5000000"/>
						<SP ID="P3_SP00560" HPOS="2003" VPOS="3311" WIDTH="28"/>
						<String ID="P3_ST00646" HPOS="2031" VPOS="3275" WIDTH="261" HEIGHT="45" CONTENT="anerkennen," WC="0.99" CC="06031147300"/>
						<SP ID="P3_SP00561" HPOS="2292" VPOS="3320" WIDTH="45"/>
						<String ID="P3_ST00647" HPOS="2337" VPOS="3275" WIDTH="102" HEIGHT="36" CONTENT="denn" WC="0.97" CC="1067"/>
						<SP ID="P3_SP00562" HPOS="2439" VPOS="3320" WIDTH="39"/>
						<String ID="P3_ST00648" HPOS="2478" VPOS="3286" WIDTH="40" HEIGHT="24" CONTENT="er" WC="0.61" CC="42"/>
						<SP ID="P3_SP00563" HPOS="2518" VPOS="3320" WIDTH="35"/>
						<String ID="P3_ST00649" HPOS="2553" VPOS="3274" WIDTH="68" HEIGHT="36" CONTENT="hat" WC="1.00" CC="000"/>
						<SP ID="P3_SP00564" HPOS="2621" VPOS="3320" WIDTH="36"/>
						<String ID="P3_ST00650" HPOS="2657" VPOS="3274" WIDTH="176" HEIGHT="37" CONTENT="offenbar" WC="0.99" CC="02246004"/>
						<SP ID="P3_SP00565" HPOS="2833" VPOS="3320" WIDTH="26"/>
						<String ID="P3_ST00651" HPOS="2859" VPOS="3276" WIDTH="39" HEIGHT="33" CONTENT="in" WC="1.00" CC="00"/>
						<SP ID="P3_SP00566" HPOS="2898" VPOS="3320" WIDTH="32"/>
						<String ID="P3_ST00652" HPOS="2930" VPOS="3275" WIDTH="60" HEIGHT="35" CONTENT="ein" WC="0.99" CC="300"/>
						<SP ID="P3_SP00567" HPOS="2990" VPOS="3320" WIDTH="32"/>
						<String ID="P3_ST00653" HPOS="3022" VPOS="3275" WIDTH="261" HEIGHT="46" CONTENT="Wespennest" WC="0.99" CC="7206003310"/>
						<SP ID="P3_SP00568" HPOS="3283" VPOS="3321" WIDTH="28"/>
						<String ID="P3_ST00654" HPOS="3311" VPOS="3284" WIDTH="44" HEIGHT="37" CONTENT="ge" SUBS_TYPE="HypPart1" SUBS_CONTENT="gestochen," WC="0.96" CC="50"/>
						<HYP HPOS="3355" VPOS="3284" WIDTH="22" CONTENT="-"/>
					</TextLine>
					<TextLine ID="P3_TL00087" HPOS="1811" VPOS="3336" WIDTH="1568" HEIGHT="50">
						<String ID="P3_ST00655" HPOS="1811" VPOS="3338" WIDTH="176" HEIGHT="48" CONTENT="stochen," SUBS_TYPE="HypPart2" SUBS_CONTENT="gestochen," WC="0.99" CC="50307004"/>
						<SP ID="P3_SP00569" HPOS="1987" VPOS="3386" WIDTH="43"/>
						<String ID="P3_ST00656" HPOS="2030" VPOS="3339" WIDTH="49" HEIGHT="34" CONTENT="da" WC="0.46" CC="37"/>
						<SP ID="P3_SP00570" HPOS="2079" VPOS="3386" WIDTH="26"/>
						<String ID="P3_ST00657" HPOS="2105" VPOS="3339" WIDTH="76" HEIGHT="34" CONTENT="fast" WC="1.00" CC="0000"/>
						<SP ID="P3_SP00571" HPOS="2181" VPOS="3386" WIDTH="29"/>
						<String ID="P3_ST00658" HPOS="2210" VPOS="3337" WIDTH="61" HEIGHT="36" CONTENT="die" WC="0.99" CC="002"/>
						<SP ID="P3_SP00572" HPOS="2271" VPOS="3386" WIDTH="28"/>
						<String ID="P3_ST00659" HPOS="2299" VPOS="3349" WIDTH="125" HEIGHT="37" CONTENT="ganze" WC="1.00" CC="00020"/>
						<SP ID="P3_SP00573" HPOS="2424" VPOS="3386" WIDTH="29"/>
						<String ID="P3_ST00660" HPOS="2453" VPOS="3342" WIDTH="161" HEIGHT="31" CONTENT="neueste" WC="0.99" CC="7034100"/>
						<SP ID="P3_SP00574" HPOS="2614" VPOS="3386" WIDTH="29"/>
						<String ID="P3_ST00661" HPOS="2643" VPOS="3338" WIDTH="150" HEIGHT="46" CONTENT="pariser" WC="0.98" CC="5540701"/>
						<SP ID="P3_SP00575" HPOS="2793" VPOS="3386" WIDTH="26"/>
						<String ID="P3_ST00662" HPOS="2819" VPOS="3337" WIDTH="440" HEIGHT="47" CONTENT="Operetten-Literatur," WC="1.00" CC="40203801645050000010"/>
						<SP ID="P3_SP00576" HPOS="3259" VPOS="3386" WIDTH="50"/>
						<String ID="P3_ST00663" HPOS="3309" VPOS="3336" WIDTH="70" HEIGHT="36" CONTENT="mit" WC="0.97" CC="204"/>
					</TextLine>
					<TextLine ID="P3_TL00088" HPOS="1810" VPOS="3398" WIDTH="1569" HEIGHT="49">
						<String ID="P3_ST00664" HPOS="1810" VPOS="3399" WIDTH="229" HEIGHT="37" CONTENT="berühmten" WC="0.99" CC="400070033"/>
						<SP ID="P3_SP00577" HPOS="2039" VPOS="3436" WIDTH="29"/>
						<String ID="P3_ST00665" HPOS="2068" VPOS="3400" WIDTH="147" HEIGHT="35" CONTENT="Namen" WC="0.98" CC="00806"/>
						<SP ID="P3_SP00578" HPOS="2215" VPOS="3436" WIDTH="29"/>
						<String ID="P3_ST00666" HPOS="2244" VPOS="3410" WIDTH="48" HEIGHT="24" CONTENT="an" WC="0.64" CC="07"/>
						<SP ID="P3_SP00579" HPOS="2292" VPOS="3436" WIDTH="31"/>
						<String ID="P3_ST00667" HPOS="2323" VPOS="3399" WIDTH="68" HEIGHT="36" CONTENT="der" WC="1.00" CC="000"/>
						<SP ID="P3_SP00580" HPOS="2391" VPOS="3436" WIDTH="29"/>
						<String ID="P3_ST00668" HPOS="2420" VPOS="3401" WIDTH="142" HEIGHT="46" CONTENT="Spitze," WC="0.98" CC="7836140"/>
						<SP ID="P3_SP00581" HPOS="2562" VPOS="3447" WIDTH="47"/>
						<String ID="P3_ST00669" HPOS="2609" VPOS="3400" WIDTH="72" HEIGHT="35" CONTENT="auf" WC="0.97" CC="070"/>
						<SP ID="P3_SP00582" HPOS="2681" VPOS="3447" WIDTH="33"/>
						<String ID="P3_ST00670" HPOS="2714" VPOS="3399" WIDTH="113" HEIGHT="46" CONTENT="jener" WC="0.98" CC="41704"/>
						<SP ID="P3_SP00583" HPOS="2827" VPOS="3447" WIDTH="37"/>
						<String ID="P3_ST00671" HPOS="2864" VPOS="3398" WIDTH="208" HEIGHT="36" CONTENT="Frivolität" WC="0.99" CC="0506207000"/>
						<SP ID="P3_SP00584" HPOS="3072" VPOS="3447" WIDTH="40"/>
						<String ID="P3_ST00672" HPOS="3112" VPOS="3398" WIDTH="80" HEIGHT="35" CONTENT="und" WC="0.95" CC="750"/>
						<SP ID="P3_SP00585" HPOS="3192" VPOS="3447" WIDTH="27"/>
						<String ID="P3_ST00673" HPOS="3219" VPOS="3398" WIDTH="138" HEIGHT="35" CONTENT="Lieder" SUBS_TYPE="HypPart1" SUBS_CONTENT="Liederlichkeit" WC="0.99" CC="603003"/>
						<HYP HPOS="3357" VPOS="3398" WIDTH="22" CONTENT="-"/>
					</TextLine>
					<TextLine ID="P3_TL00089" HPOS="1809" VPOS="3459" WIDTH="1570" HEIGHT="45">
						<String ID="P3_ST00674" HPOS="1809" VPOS="3461" WIDTH="164" HEIGHT="38" CONTENT="lichkeit" SUBS_TYPE="HypPart2" SUBS_CONTENT="Liederlichkeit" WC="0.99" CC="20570000"/>
						<SP ID="P3_SP00586" HPOS="1973" VPOS="3499" WIDTH="29"/>
						<String ID="P3_ST00675" HPOS="2002" VPOS="3461" WIDTH="65" HEIGHT="35" CONTENT="der" WC="0.98" CC="032"/>
						<SP ID="P3_SP00587" HPOS="2067" VPOS="3499" WIDTH="28"/>
						<String ID="P3_ST00676" HPOS="2095" VPOS="3462" WIDTH="139" HEIGHT="35" CONTENT="Poesie" WC="0.98" CC="752603"/>
						<SP ID="P3_SP00588" HPOS="2234" VPOS="3499" WIDTH="30"/>
						<String ID="P3_ST00677" HPOS="2264" VPOS="3461" WIDTH="80" HEIGHT="35" CONTENT="und" WC="0.95" CC="670"/>
						<SP ID="P3_SP00589" HPOS="2344" VPOS="3499" WIDTH="38"/>
						<String ID="P3_ST00678" HPOS="2382" VPOS="3461" WIDTH="67" HEIGHT="36" CONTENT="der" WC="0.99" CC="030"/>
						<SP ID="P3_SP00590" HPOS="2449" VPOS="3499" WIDTH="27"/>
						<String ID="P3_ST00679" HPOS="2476" VPOS="3460" WIDTH="171" HEIGHT="37" CONTENT="Melodie" WC="0.99" CC="0404005"/>
						<SP ID="P3_SP00591" HPOS="2647" VPOS="3499" WIDTH="40"/>
						<String ID="P3_ST00680" HPOS="2687" VPOS="3460" WIDTH="152" HEIGHT="44" CONTENT="beruht," WC="0.98" CC="0047770"/>
						<SP ID="P3_SP00592" HPOS="2839" VPOS="3504" WIDTH="44"/>
						<String ID="P3_ST00681" HPOS="2883" VPOS="3459" WIDTH="150" HEIGHT="36" CONTENT="welche" WC="0.98" CC="045570"/>
						<SP ID="P3_SP00593" HPOS="3033" VPOS="3504" WIDTH="41"/>
						<String ID="P3_ST00682" HPOS="3074" VPOS="3471" WIDTH="41" HEIGHT="24" CONTENT="er" WC="0.73" CC="22"/>
						<SP ID="P3_SP00594" HPOS="3115" VPOS="3504" WIDTH="41"/>
						<String ID="P3_ST00683" HPOS="3156" VPOS="3460" WIDTH="70" HEIGHT="35" CONTENT="mit" WC="1.00" CC="000"/>
						<SP ID="P3_SP00595" HPOS="3226" VPOS="3504" WIDTH="28"/>
						<String ID="P3_ST00684" HPOS="3254" VPOS="3460" WIDTH="125" HEIGHT="35" CONTENT="Recht" WC="0.96" CC="71479"/>
					</TextLine>
					<TextLine ID="P3_TL00090" HPOS="1811" VPOS="3521" WIDTH="1566" HEIGHT="50">
						<String ID="P3_ST00685" HPOS="1811" VPOS="3537" WIDTH="42" HEIGHT="24" CONTENT="so" WC="0.75" CC="13"/>
						<SP ID="P3_SP00596" HPOS="1853" VPOS="3561" WIDTH="30"/>
						<String ID="P3_ST00686" HPOS="1883" VPOS="3525" WIDTH="132" HEIGHT="35" CONTENT="scharf" WC="0.99" CC="017200"/>
						<SP ID="P3_SP00597" HPOS="2015" VPOS="3561" WIDTH="23"/>
						<String ID="P3_ST00687" HPOS="2038" VPOS="3522" WIDTH="172" HEIGHT="49" CONTENT="geisselt." WC="0.84" CC="030222002"/>
						<SP ID="P3_SP00598" HPOS="2210" VPOS="3571" WIDTH="37"/>
						<String ID="P3_ST00688" HPOS="2247" VPOS="3524" WIDTH="67" HEIGHT="36" CONTENT="Bis" WC="0.96" CC="360"/>
						<SP ID="P3_SP00599" HPOS="2314" VPOS="3571" WIDTH="26"/>
						<String ID="P3_ST00689" HPOS="2340" VPOS="3525" WIDTH="99" HEIGHT="46" CONTENT="jetzt" WC="1.00" CC="00000"/>
						<SP ID="P3_SP00600" HPOS="2439" VPOS="3571" WIDTH="31"/>
						<String ID="P3_ST00690" HPOS="2470" VPOS="3525" WIDTH="208" HEIGHT="35" CONTENT="verdienen" WC="1.00" CC="400000010"/>
						<SP ID="P3_SP00601" HPOS="2678" VPOS="3571" WIDTH="31"/>
						<String ID="P3_ST00691" HPOS="2709" VPOS="3524" WIDTH="70" HEIGHT="34" CONTENT="wir" WC="0.96" CC="305"/>
						<SP ID="P3_SP00602" HPOS="2779" VPOS="3571" WIDTH="27"/>
						<String ID="P3_ST00692" HPOS="2806" VPOS="3525" WIDTH="40" HEIGHT="33" CONTENT="in" WC="0.69" CC="06"/>
						<SP ID="P3_SP00603" HPOS="2846" VPOS="3571" WIDTH="30"/>
						<String ID="P3_ST00693" HPOS="2876" VPOS="3521" WIDTH="273" HEIGHT="37" CONTENT="Deutschland" WC="0.99" CC="20705673000"/>
						<SP ID="P3_SP00604" HPOS="3149" VPOS="3571" WIDTH="28"/>
						<String ID="P3_ST00694" HPOS="3177" VPOS="3522" WIDTH="102" HEIGHT="36" CONTENT="noch" WC="0.95" CC="7547"/>
						<SP ID="P3_SP00605" HPOS="3279" VPOS="3571" WIDTH="30"/>
						<String ID="P3_ST00695" HPOS="3309" VPOS="3522" WIDTH="68" HEIGHT="37" CONTENT="das" WC="0.98" CC="004"/>
					</TextLine>
					<TextLine ID="P3_TL00091" HPOS="1810" VPOS="3583" WIDTH="1567" HEIGHT="51">
						<String ID="P3_ST00696" HPOS="1810" VPOS="3586" WIDTH="205" HEIGHT="45" CONTENT="Lob,/das" WC="0.99" CC="80629000"/>
						<SP ID="P3_SP00606" HPOS="2015" VPOS="3631" WIDTH="37"/>
						<String ID="P3_ST00697" HPOS="2052" VPOS="3598" WIDTH="40" HEIGHT="23" CONTENT="er" WC="0.93" CC="01"/>
						<SP ID="P3_SP00607" HPOS="2092" VPOS="3631" WIDTH="40"/>
						<String ID="P3_ST00698" HPOS="2132" VPOS="3598" WIDTH="181" HEIGHT="24" CONTENT="unserem" WC="0.99" CC="6601020"/>
						<SP ID="P3_SP00608" HPOS="2313" VPOS="3631" WIDTH="29"/>
						<String ID="P3_ST00699" HPOS="2342" VPOS="3586" WIDTH="193" HEIGHT="48" CONTENT="richtigen" WC="0.99" CC="413702425"/>
						<SP ID="P3_SP00609" HPOS="2535" VPOS="3634" WIDTH="29"/>
						<String ID="P3_ST00700" HPOS="2564" VPOS="3584" WIDTH="302" HEIGHT="38" CONTENT="musicalischen" WC="0.99" CC="0606304013746"/>
						<SP ID="P3_SP00610" HPOS="2866" VPOS="3634" WIDTH="31"/>
						<String ID="P3_ST00701" HPOS="2897" VPOS="3584" WIDTH="167" HEIGHT="36" CONTENT="Gefühle" WC="0.98" CC="9000643"/>
						<SP ID="P3_SP00611" HPOS="3064" VPOS="3634" WIDTH="30"/>
						<String ID="P3_ST00702" HPOS="3094" VPOS="3583" WIDTH="114" HEIGHT="36" CONTENT="zollt:" WC="0.98" CC="345400"/>
						<SP ID="P3_SP00612" HPOS="3208" VPOS="3634" WIDTH="50"/>
						<String ID="P3_ST00703" HPOS="3258" VPOS="3583" WIDTH="119" HEIGHT="37" CONTENT="allein" WC="0.99" CC="032006"/>
					</TextLine>
					<TextLine ID="P3_TL00092" HPOS="1810" VPOS="3647" WIDTH="1565" HEIGHT="49">
						<String ID="P3_ST00704" HPOS="1810" VPOS="3662" WIDTH="41" HEIGHT="23" CONTENT="es" WC="0.88" CC="02"/>
						<SP ID="P3_SP00613" HPOS="1851" VPOS="3685" WIDTH="28"/>
						<String ID="P3_ST00705" HPOS="1879" VPOS="3648" WIDTH="84" HEIGHT="48" CONTENT="gibt" WC="1.00" CC="1010"/>
						<SP ID="P3_SP00614" HPOS="1963" VPOS="3696" WIDTH="28"/>
						<String ID="P3_ST00706" HPOS="1991" VPOS="3648" WIDTH="66" HEIGHT="35" CONTENT="der" WC="0.97" CC="044"/>
						<SP ID="P3_SP00615" HPOS="2057" VPOS="3696" WIDTH="21"/>
						<String ID="P3_ST00707" HPOS="2078" VPOS="3648" WIDTH="244" HEIGHT="37" CONTENT="Vorzeichen" WC="0.99" CC="7000401701"/>
						<SP ID="P3_SP00616" HPOS="2322" VPOS="3696" WIDTH="30"/>
						<String ID="P3_ST00708" HPOS="2352" VPOS="3649" WIDTH="120" HEIGHT="36" CONTENT="schon" WC="0.98" CC="21707"/>
						<SP ID="P3_SP00617" HPOS="2472" VPOS="3696" WIDTH="30"/>
						<String ID="P3_ST00709" HPOS="2502" VPOS="3660" WIDTH="69" HEIGHT="35" CONTENT="gar" WC="0.96" CC="603"/>
						<SP ID="P3_SP00618" HPOS="2571" VPOS="3696" WIDTH="29"/>
						<String ID="P3_ST00710" HPOS="2600" VPOS="3647" WIDTH="175" HEIGHT="45" CONTENT="manche," WC="0.99" CC="0070604"/>
						<SP ID="P3_SP00619" HPOS="2775" VPOS="3696" WIDTH="32"/>
						<String ID="P3_ST00711" HPOS="2807" VPOS="3647" WIDTH="87" HEIGHT="37" CONTENT="dass" WC="0.81" CC="4020"/>
						<SP ID="P3_SP00620" HPOS="2894" VPOS="3696" WIDTH="29"/>
						<String ID="P3_ST00712" HPOS="2923" VPOS="3647" WIDTH="101" HEIGHT="35" CONTENT="auch" WC="0.96" CC="0667"/>
						<SP ID="P3_SP00621" HPOS="3024" VPOS="3696" WIDTH="32"/>
						<String ID="P3_ST00713" HPOS="3056" VPOS="3648" WIDTH="70" HEIGHT="33" CONTENT="wir" WC="0.99" CC="003"/>
						<SP ID="P3_SP00622" HPOS="3126" VPOS="3696" WIDTH="26"/>
						<String ID="P3_ST00714" HPOS="3152" VPOS="3657" WIDTH="126" HEIGHT="36" CONTENT="gegen" WC="0.98" CC="06025"/>
						<SP ID="P3_SP00623" HPOS="3278" VPOS="3696" WIDTH="30"/>
						<String ID="P3_ST00715" HPOS="3308" VPOS="3647" WIDTH="67" HEIGHT="36" CONTENT="das" WC="1.00" CC="000"/>
					</TextLine>
					<TextLine ID="P3_TL00093" HPOS="1810" VPOS="3707" WIDTH="1565" HEIGHT="51">
						<String ID="P3_ST00716" HPOS="1810" VPOS="3711" WIDTH="317" HEIGHT="36" CONTENT="Hereinbrechen" WC="0.99" CC="6202060505705"/>
						<SP ID="P3_SP00624" HPOS="2127" VPOS="3747" WIDTH="32"/>
						<String ID="P3_ST00717" HPOS="2159" VPOS="3711" WIDTH="66" HEIGHT="36" CONTENT="des" WC="0.99" CC="002"/>
						<SP ID="P3_SP00625" HPOS="2225" VPOS="3747" WIDTH="32"/>
						<String ID="P3_ST00718" HPOS="2257" VPOS="3711" WIDTH="264" HEIGHT="37" CONTENT="Geschmacks" WC="0.99" CC="7000701303"/>
						<SP ID="P3_SP00626" HPOS="2521" VPOS="3748" WIDTH="39"/>
						<String ID="P3_ST00719" HPOS="2560" VPOS="3721" WIDTH="47" HEIGHT="24" CONTENT="an" WC="0.64" CC="07"/>
						<SP ID="P3_SP00627" HPOS="2607" VPOS="3748" WIDTH="31"/>
						<String ID="P3_ST00720" HPOS="2638" VPOS="3709" WIDTH="232" HEIGHT="49" CONTENT="läppischen" WC="0.99" CC="0300063755"/>
						<SP ID="P3_SP00628" HPOS="2870" VPOS="3758" WIDTH="29"/>
						<String ID="P3_ST00721" HPOS="2899" VPOS="3711" WIDTH="148" HEIGHT="35" CONTENT="Possen" WC="0.99" CC="020007"/>
						<SP ID="P3_SP00629" HPOS="3047" VPOS="3758" WIDTH="30"/>
						<String ID="P3_ST00722" HPOS="3077" VPOS="3709" WIDTH="69" HEIGHT="35" CONTENT="mit" WC="1.00" CC="000"/>
						<SP ID="P3_SP00630" HPOS="3146" VPOS="3758" WIDTH="28"/>
						<String ID="P3_ST00723" HPOS="3174" VPOS="3707" WIDTH="176" HEIGHT="37" CONTENT="Musikbe" SUBS_TYPE="HypPart1" SUBS_CONTENT="Musikbegleitung" WC="0.99" CC="0070002"/>
						<HYP HPOS="3350" VPOS="3707" WIDTH="25" CONTENT="-"/>
					</TextLine>
					<TextLine ID="P3_TL00094" HPOS="1807" VPOS="3769" WIDTH="1566" HEIGHT="51">
						<String ID="P3_ST00724" HPOS="1807" VPOS="3772" WIDTH="178" HEIGHT="48" CONTENT="gleitung" SUBS_TYPE="HypPart2" SUBS_CONTENT="Musikbegleitung" WC="0.99" CC="00000078"/>
						<SP ID="P3_SP00631" HPOS="1985" VPOS="3820" WIDTH="30"/>
						<String ID="P3_ST00725" HPOS="2015" VPOS="3774" WIDTH="69" HEIGHT="34" CONTENT="auf" WC="0.98" CC="050"/>
						<SP ID="P3_SP00632" HPOS="2084" VPOS="3820" WIDTH="24"/>
						<String ID="P3_ST00726" HPOS="2108" VPOS="3772" WIDTH="67" HEIGHT="36" CONTENT="der" WC="0.98" CC="004"/>
						<SP ID="P3_SP00633" HPOS="2175" VPOS="3820" WIDTH="28"/>
						<String ID="P3_ST00727" HPOS="2203" VPOS="3774" WIDTH="83" HEIGHT="34" CONTENT="Hut" WC="0.96" CC="640"/>
						<SP ID="P3_SP00634" HPOS="2286" VPOS="3820" WIDTH="29"/>
						<String ID="P3_ST00728" HPOS="2315" VPOS="3774" WIDTH="81" HEIGHT="34" CONTENT="sein" WC="0.98" CC="5010"/>
						<SP ID="P3_SP00635" HPOS="2396" VPOS="3820" WIDTH="31"/>
						<String ID="P3_ST00729" HPOS="2427" VPOS="3774" WIDTH="169" HEIGHT="36" CONTENT="müssen." WC="1.00" CC="0020000"/>
						<SP ID="P3_SP00636" HPOS="2596" VPOS="3820" WIDTH="42"/>
						<String ID="P3_ST00730" HPOS="2638" VPOS="3772" WIDTH="76" HEIGHT="35" CONTENT="Die" WC="1.00" CC="001"/>
						<SP ID="P3_SP00637" HPOS="2714" VPOS="3820" WIDTH="29"/>
						<String ID="P3_ST00731" HPOS="2743" VPOS="3772" WIDTH="154" HEIGHT="35" CONTENT="Kaffee-" WC="0.99" CC="0011404"/>
						<SP ID="P3_SP00638" HPOS="2897" VPOS="3820" WIDTH="30"/>
						<String ID="P3_ST00732" HPOS="2927" VPOS="3771" WIDTH="80" HEIGHT="36" CONTENT="und" WC="0.95" CC="670"/>
						<SP ID="P3_SP00639" HPOS="3007" VPOS="3820" WIDTH="28"/>
						<String ID="P3_ST00733" HPOS="3035" VPOS="3772" WIDTH="90" HEIGHT="34" CONTENT="Bier" WC="0.99" CC="4001"/>
						<SP ID="P3_SP00640" HPOS="3125" VPOS="3820" WIDTH="5"/>
						<String ID="P3_ST00734" HPOS="3130" VPOS="3769" WIDTH="219" HEIGHT="37" CONTENT="wirtschaf" SUBS_TYPE="HypPart1" SUBS_CONTENT="wirtschaften" WC="0.98" CC="462855605"/>
						<HYP HPOS="3349" VPOS="3769" WIDTH="24" CONTENT="-"/>
					</TextLine>
					<TextLine ID="P3_TL00095" HPOS="1806" VPOS="3832" WIDTH="1569" HEIGHT="49">
						<String ID="P3_ST00735" HPOS="1806" VPOS="3840" WIDTH="65" HEIGHT="30" CONTENT="ten" SUBS_TYPE="HypPart2" SUBS_CONTENT="wirtschaften" WC="0.95" CC="048"/>
						<SP ID="P3_SP00641" HPOS="1871" VPOS="3870" WIDTH="30"/>
						<String ID="P3_ST00736" HPOS="1901" VPOS="3836" WIDTH="70" HEIGHT="33" CONTENT="mit" WC="1.00" CC="000"/>
						<SP ID="P3_SP00642" HPOS="1971" VPOS="3870" WIDTH="29"/>
						<String ID="P3_ST00737" HPOS="2000" VPOS="3833" WIDTH="192" HEIGHT="48" CONTENT="obligater" WC="0.99" CC="364100600"/>
						<SP ID="P3_SP00643" HPOS="2192" VPOS="3881" WIDTH="23"/>
						<String ID="P3_ST00738" HPOS="2215" VPOS="3834" WIDTH="131" HEIGHT="36" CONTENT="Musik" WC="0.98" CC="07610"/>
						<SP ID="P3_SP00644" HPOS="2346" VPOS="3881" WIDTH="29"/>
						<String ID="P3_ST00739" HPOS="2375" VPOS="3834" WIDTH="78" HEIGHT="35" CONTENT="und" WC="0.98" CC="600"/>
						<SP ID="P3_SP00645" HPOS="2453" VPOS="3881" WIDTH="25"/>
						<String ID="P3_ST00740" HPOS="2478" VPOS="3832" WIDTH="576" HEIGHT="48" CONTENT="pantomimisch-theatralisch" WC="1.00" CC="0060202000074070054055105"/>
						<SP ID="P3_SP00646" HPOS="3054" VPOS="3881" WIDTH="22"/>
						<String ID="P3_ST00741" HPOS="3076" VPOS="3833" WIDTH="299" HEIGHT="33" CONTENT="unterstütztem" WC="1.00" CC="5200400064005"/>
					</TextLine>
					<TextLine ID="P3_TL00096" HPOS="1809" VPOS="3890" WIDTH="1565" HEIGHT="54">
						<String ID="P3_ST00742" HPOS="1809" VPOS="3897" WIDTH="178" HEIGHT="47" CONTENT="Gesänge" WC="0.99" CC="0330003"/>
						<SP ID="P3_SP00647" HPOS="1987" VPOS="3944" WIDTH="29"/>
						<String ID="P3_ST00743" HPOS="2016" VPOS="3896" WIDTH="168" HEIGHT="36" CONTENT="nehmen" WC="0.98" CC="706004"/>
						<SP ID="P3_SP00648" HPOS="2184" VPOS="3944" WIDTH="31"/>
						<String ID="P3_ST00744" HPOS="2215" VPOS="3896" WIDTH="100" HEIGHT="35" CONTENT="auch" WC="0.97" CC="0067"/>
						<SP ID="P3_SP00649" HPOS="2315" VPOS="3944" WIDTH="28"/>
						<String ID="P3_ST00745" HPOS="2343" VPOS="3896" WIDTH="40" HEIGHT="33" CONTENT="in" WC="0.26" CC="77"/>
						<SP ID="P3_SP00650" HPOS="2383" VPOS="3944" WIDTH="29"/>
						<String ID="P3_ST00746" HPOS="2412" VPOS="3906" WIDTH="169" HEIGHT="25" CONTENT="unseren" WC="0.98" CC="6305027"/>
						<SP ID="P3_SP00651" HPOS="2581" VPOS="3944" WIDTH="30"/>
						<String ID="P3_ST00747" HPOS="2611" VPOS="3906" WIDTH="161" HEIGHT="37" CONTENT="grossen" WC="0.99" CC="0301067"/>
						<SP ID="P3_SP00652" HPOS="2772" VPOS="3944" WIDTH="24"/>
						<String ID="P3_ST00748" HPOS="2796" VPOS="3894" WIDTH="160" HEIGHT="36" CONTENT="Städten" WC="0.98" CC="6060306"/>
						<SP ID="P3_SP00653" HPOS="2956" VPOS="3944" WIDTH="21"/>
						<String ID="P3_ST00749" HPOS="2977" VPOS="3893" WIDTH="88" HEIGHT="36" CONTENT="sehr" WC="0.97" CC="0470"/>
						<SP ID="P3_SP00654" HPOS="3065" VPOS="3944" WIDTH="21"/>
						<String ID="P3_ST00750" HPOS="3086" VPOS="3903" WIDTH="49" HEIGHT="24" CONTENT="zu" WC="0.96" CC="00"/>
						<SP ID="P3_SP00655" HPOS="3135" VPOS="3944" WIDTH="23"/>
						<String ID="P3_ST00751" HPOS="3158" VPOS="3890" WIDTH="108" HEIGHT="51" CONTENT="(man" WC="0.98" CC="3004"/>
						<SP ID="P3_SP00656" HPOS="3266" VPOS="3944" WIDTH="22"/>
						<String ID="P3_ST00752" HPOS="3288" VPOS="3903" WIDTH="65" HEIGHT="25" CONTENT="ver" SUBS_TYPE="HypPart1" SUBS_CONTENT="vergleiche" WC="0.98" CC="032"/>
						<HYP HPOS="3353" VPOS="3903" WIDTH="21" CONTENT="-"/>
					</TextLine>
					<TextLine ID="P3_TL00097" HPOS="1805" VPOS="3954" WIDTH="1570" HEIGHT="53">
						<String ID="P3_ST00753" HPOS="1805" VPOS="3958" WIDTH="154" HEIGHT="49" CONTENT="gleiche" SUBS_TYPE="HypPart2" SUBS_CONTENT="vergleiche" WC="0.99" CC="0000471"/>
						<SP ID="P3_SP00657" HPOS="1959" VPOS="4007" WIDTH="42"/>
						<String ID="P3_ST00754" HPOS="2001" VPOS="3970" WIDTH="74" HEIGHT="23" CONTENT="nur" WC="0.94" CC="762"/>
						<SP ID="P3_SP00658" HPOS="2075" VPOS="4007" WIDTH="34"/>
						<String ID="P3_ST00755" HPOS="2109" VPOS="3970" WIDTH="33" HEIGHT="23" CONTENT="z." WC="0.63" CC="24"/>
						<SP ID="P3_SP00659" HPOS="2142" VPOS="4007" WIDTH="33"/>
						<String ID="P3_ST00756" HPOS="2175" VPOS="3958" WIDTH="43" HEIGHT="36" CONTENT="B." WC="0.60" CC="52"/>
						<SP ID="P3_SP00660" HPOS="2218" VPOS="4007" WIDTH="31"/>
						<String ID="P3_ST00757" HPOS="2249" VPOS="3958" WIDTH="60" HEIGHT="34" CONTENT="die" WC="0.99" CC="002"/>
						<SP ID="P3_SP00661" HPOS="2309" VPOS="4007" WIDTH="30"/>
						<String ID="P3_ST00758" HPOS="2339" VPOS="3958" WIDTH="320" HEIGHT="47" CONTENT="Tagesanzeigen" WC="0.99" CC="0003007006075"/>
						<SP ID="P3_SP00662" HPOS="2659" VPOS="4007" WIDTH="43"/>
						<String ID="P3_ST00759" HPOS="2702" VPOS="3958" WIDTH="40" HEIGHT="33" CONTENT="in" WC="0.64" CC="07"/>
						<SP ID="P3_SP00663" HPOS="2742" VPOS="4007" WIDTH="44"/>
						<String ID="P3_ST00760" HPOS="2786" VPOS="3956" WIDTH="65" HEIGHT="36" CONTENT="der" WC="1.00" CC="000"/>
						<SP ID="P3_SP00664" HPOS="2851" VPOS="4007" WIDTH="43"/>
						<String ID="P3_ST00761" HPOS="2894" VPOS="3954" WIDTH="243" HEIGHT="37" CONTENT="Kölnischen" WC="0.99" CC="0647004732"/>
						<SP ID="P3_SP00665" HPOS="3137" VPOS="4007" WIDTH="42"/>
						<String ID="P3_ST00762" HPOS="3179" VPOS="3954" WIDTH="196" HEIGHT="47" CONTENT="Zsitung)," WC="0.81" CC="500005032"/>
					</TextLine>
					<TextLine ID="P3_TL00098" HPOS="1805" VPOS="4016" WIDTH="1569" HEIGHT="50">
						<String ID="P3_ST00763" HPOS="1805" VPOS="4021" WIDTH="80" HEIGHT="34" CONTENT="und" WC="0.97" CC="600"/>
						<SP ID="P3_SP00666" HPOS="1885" VPOS="4055" WIDTH="29"/>
						<String ID="P3_ST00764" HPOS="1914" VPOS="4031" WIDTH="115" HEIGHT="25" CONTENT="wenn" WC="0.97" CC="0167"/>
						<SP ID="P3_SP00667" HPOS="2029" VPOS="4056" WIDTH="31"/>
						<String ID="P3_ST00765" HPOS="2060" VPOS="4019" WIDTH="99" HEIGHT="36" CONTENT="auch" WC="0.95" CC="6665"/>
						<SP ID="P3_SP00668" HPOS="2159" VPOS="4056" WIDTH="29"/>
						<String ID="P3_ST00766" HPOS="2188" VPOS="4018" WIDTH="210" HEIGHT="48" CONTENT="allerdings" WC="0.99" CC="0500400070"/>
						<SP ID="P3_SP00669" HPOS="2398" VPOS="4066" WIDTH="31"/>
						<String ID="P3_ST00767" HPOS="2429" VPOS="4018" WIDTH="61" HEIGHT="36" CONTENT="die" WC="1.00" CC="000"/>
						<SP ID="P3_SP00670" HPOS="2490" VPOS="4066" WIDTH="28"/>
						<String ID="P3_ST00768" HPOS="2518" VPOS="4018" WIDTH="299" HEIGHT="36" CONTENT="Unsittlichkeit" WC="0.67" CC="05670150170305"/>
						<SP ID="P3_SP00671" HPOS="2817" VPOS="4066" WIDTH="28"/>
						<String ID="P3_ST00769" HPOS="2845" VPOS="4017" WIDTH="116" HEIGHT="35" CONTENT="ihnen" WC="0.97" CC="57045"/>
						<SP ID="P3_SP00672" HPOS="2961" VPOS="4066" WIDTH="32"/>
						<String ID="P3_ST00770" HPOS="2993" VPOS="4016" WIDTH="102" HEIGHT="35" CONTENT="noch" WC="0.96" CC="0676"/>
						<SP ID="P3_SP00673" HPOS="3095" VPOS="4066" WIDTH="32"/>
						<String ID="P3_ST00771" HPOS="3127" VPOS="4016" WIDTH="84" HEIGHT="35" CONTENT="fern" WC="0.97" CC="0514"/>
						<SP ID="P3_SP00674" HPOS="3211" VPOS="4066" WIDTH="29"/>
						<String ID="P3_ST00772" HPOS="3240" VPOS="4017" WIDTH="61" HEIGHT="43" CONTENT="ist," WC="0.99" CC="0600"/>
						<SP ID="P3_SP00675" HPOS="3301" VPOS="4066" WIDTH="31"/>
						<String ID="P3_ST00773" HPOS="3332" VPOS="4026" WIDTH="42" HEIGHT="25" CONTENT="so" WC="0.46" CC="55"/>
					</TextLine>
					<TextLine ID="P3_TL00099" HPOS="1805" VPOS="4078" WIDTH="1569" HEIGHT="51">
						<String ID="P3_ST00774" HPOS="1805" VPOS="4090" WIDTH="133" HEIGHT="39" CONTENT="tragen" WC="0.99" CC="040030"/>
						<SP ID="P3_SP00676" HPOS="1938" VPOS="4129" WIDTH="32"/>
						<String ID="P3_ST00775" HPOS="1970" VPOS="4083" WIDTH="56" HEIGHT="34" CONTENT="sie" WC="0.99" CC="003"/>
						<SP ID="P3_SP00677" HPOS="2026" VPOS="4129" WIDTH="30"/>
						<String ID="P3_ST00776" HPOS="2056" VPOS="4081" WIDTH="100" HEIGHT="36" CONTENT="doch" WC="0.96" CC="0656"/>
						<SP ID="P3_SP00678" HPOS="2156" VPOS="4129" WIDTH="29"/>
						<String ID="P3_ST00777" HPOS="2185" VPOS="4080" WIDTH="199" HEIGHT="44" CONTENT="wahrlich," WC="0.99" CC="006252070"/>
						<SP ID="P3_SP00679" HPOS="2384" VPOS="4129" WIDTH="43"/>
						<String ID="P3_ST00778" HPOS="2427" VPOS="4080" WIDTH="96" HEIGHT="36" CONTENT="eben" WC="0.97" CC="0634"/>
						<SP ID="P3_SP00680" HPOS="2523" VPOS="4129" WIDTH="45"/>
						<String ID="P3_ST00779" HPOS="2568" VPOS="4092" WIDTH="42" HEIGHT="24" CONTENT="so" WC="0.62" CC="25"/>
						<SP ID="P3_SP00681" HPOS="2610" VPOS="4129" WIDTH="45"/>
						<String ID="P3_ST00780" HPOS="2655" VPOS="4081" WIDTH="126" HEIGHT="46" CONTENT="wenig" WC="0.98" CC="02760"/>
						<SP ID="P3_SP00682" HPOS="2781" VPOS="4129" WIDTH="43"/>
						<String ID="P3_ST00781" HPOS="2824" VPOS="4080" WIDTH="73" HEIGHT="34" CONTENT="wie" WC="1.00" CC="000"/>
						<SP ID="P3_SP00683" HPOS="2897" VPOS="4129" WIDTH="43"/>
						<String ID="P3_ST00782" HPOS="2940" VPOS="4078" WIDTH="61" HEIGHT="35" CONTENT="die" WC="1.00" CC="000"/>
						<SP ID="P3_SP00684" HPOS="3001" VPOS="4129" WIDTH="32"/>
						<String ID="P3_ST00783" HPOS="3033" VPOS="4078" WIDTH="341" HEIGHT="46" CONTENT="Sommertheater," WC="1.00" CC="72001407200052"/>
					</TextLine>
					<TextLine ID="P3_TL00100" HPOS="1805" VPOS="4141" WIDTH="1046" HEIGHT="50">
						<String ID="P3_ST00784" HPOS="1805" VPOS="4157" WIDTH="67" HEIGHT="24" CONTENT="zur" WC="0.96" CC="065"/>
						<SP ID="P3_SP00685" HPOS="1872" VPOS="4181" WIDTH="29"/>
						<String ID="P3_ST00785" HPOS="1901" VPOS="4144" WIDTH="217" HEIGHT="47" CONTENT="Erhaltung" WC="0.99" CC="047051600"/>
						<SP ID="P3_SP00686" HPOS="2118" VPOS="4191" WIDTH="33"/>
						<String ID="P3_ST00786" HPOS="2151" VPOS="4144" WIDTH="66" HEIGHT="35" CONTENT="des" WC="1.00" CC="000"/>
						<SP ID="P3_SP00687" HPOS="2217" VPOS="4191" WIDTH="29"/>
						<String ID="P3_ST00787" HPOS="2246" VPOS="4143" WIDTH="202" HEIGHT="47" CONTENT="gesunden" WC="0.99" CC="00070006"/>
						<SP ID="P3_SP00688" HPOS="2448" VPOS="4191" WIDTH="32"/>
						<String ID="P3_ST00788" HPOS="2480" VPOS="4142" WIDTH="267" HEIGHT="37" CONTENT="Geschmacks" WC="1.00" CC="0002700401"/>
						<SP ID="P3_SP00689" HPOS="2747" VPOS="4191" WIDTH="30"/>
						<String ID="P3_ST00789" HPOS="2777" VPOS="4141" WIDTH="74" HEIGHT="36" CONTENT="bei." WC="0.96" CC="5461"/>
					</TextLine>
					<TextLine ID="P3_TL00101" HPOS="2857" VPOS="4203" WIDTH="411" HEIGHT="37">
						<String ID="P3_ST00790" HPOS="2857" VPOS="4204" WIDTH="89" HEIGHT="34" CONTENT="Die" WC="0.96" CC="801"/>
						<SP ID="P3_SP00690" HPOS="2946" VPOS="4238" WIDTH="37"/>
						<String ID="P3_ST00791" HPOS="2983" VPOS="4203" WIDTH="285" HEIGHT="37" CONTENT="Redaction." WC="0.70" CC="0400600386"/>
					</TextLine>
				</TextBlock>
				<TextBlock ID="P3_TB00007" HPOS="3057" VPOS="4257" WIDTH="72" HEIGHT="69" STYLEREFS="TXT_4 PAR_RIGHT">
					<TextLine ID="P3_TL00102" HPOS="3057" VPOS="4257" WIDTH="72" HEIGHT="69">
						<String ID="P3_ST00792" HPOS="3057" VPOS="4257" WIDTH="72" HEIGHT="69" CONTENT="[*J" WC="0.57" CC="515"/>
					</TextLine>
				</TextBlock>
			</PrintSpace>
		</Page>
	</Layout>
</alto>
