2998 4173
1200 3999 267 58 HINTA
1509 4001 140 57 6:—
1694 4000 191 61 PRIS

929 717 1234 78 KUSTANNUSOSAKEYHTIÖ

931 1106 649 76 FÖRLAGSAKT
1604 1120 81 57 IE
1709 1119 122 59 BO
1849 1119 181 59 LAG
2055 1120 106 57 ET

927 1253 85 48 Me
1055 1252 213 49 olemme
1305 1251 220 49 alkaneet
1559 1251 211 61 julkisen
1808 1251 355 49 toimintamme

924 1331 46 58 ja
1014 1329 296 60 pyydämme
1356 1331 130 47 täten
1529 1328 338 50 kunnioittaen
1914 1328 250 48 kiinnittää

924 1406 334 62 kirjallisuutta
1305 1406 311 49 harrastavan
1662 1406 193 59 yleisön
1906 1404 257 51 huomiota

927 1484 397 59 toimintaamme,
1352 1482 151 62 jonka
1543 1486 320 57 päämääränä
1896 1497 68 36 on
1997 1482 166 61 yksin-

926 1576 177 35 omaan
1145 1561 311 50 taiteellisesti
1498 1563 209 57 pätevän
1760 1559 262 51 runouden
2074 1559 89 61 jul-

924 1639 303 50 kaiseminen
1277 1638 118 51 sekä
1440 1638 357 60 alkuperäisinä
1844 1652 233 36 suomen-
2116 1639 47 59 ja

924 1717 414 51 ruotsinkielisinä
1397 1715 226 51 teoksina
1675 1718 98 48 että
1823 1715 340 51 käännöksinä

924 1796 212 53 uudesta
1211 1794 456 60 eurooppalaisesta
1742 1793 419 61 kirjallisuudesta.

926 1873 280 50 Toimiston
1261 1873 162 50 osoite
1482 1887 89 34 on:
1634 1872 242 59 Helsinki,
1942 1870 219 61 Pohjois-

923 1949 394 56 Rautatienkatu
1351 1952 78 57 15,
1491 1949 236 50 Puhelin:
1780 1949 148 50 Töölö
1970 1950 71 47 42
2060 1949 104 50 876

922 2481 59 50 Vi
1027 2480 64 50 ha
1136 2494 202 36 numera
1385 2480 205 60 vidtagit
1633 2480 114 50 med
1789 2481 85 49 vär
1910 2480 251 51 verksam-

923 2556 83 51 het
1046 2558 97 49 och
1187 2556 64 50 ha
1291 2556 201 51 härmed
1533 2560 114 46 äran
1686 2560 68 47 att
1793 2556 126 51 fästa
1959 2558 98 49 den
2091 2558 70 48 lit-

923 2638 160 48 terärtv
1117 2634 327 52 intresserade
1496 2634 353 51 allmänhetens
1901 2635 260 60 uppmärk-

926 2714 190 51 samhet
1166 2714 83 49 vid
1304 2714 83 49 det
1432 2728 96 45 nya
1567 2714 251 59 foretaget,
1863 2728 112 35 som
2019 2728 142 35 avser

922 2794 67 47 att
1030 2792 167 60 utgiva
1239 2791 177 51 endast
1455 2791 327 60 konstnärligt
1815 2791 169 60 giltiga
2015 2791 148 51 alster

923 2869 13 48 i
971 2869 129 49 form
1140 2883 61 35 av
1246 2869 204 49 svensk-
1484 2869 97 49 och
1623 2869 361 61 finskspräkiga
2018 2869 143 61 origi-

929 2947 200 50 nalverk
1163 2950 126 47 samt
1322 2947 392 60 översättningar
1747 2961 61 36 av
1843 2947 207 50 modern
2077 2961 83 36 eu-

922 3025 200 60 ropeisk
1143 3025 241 49 litteratur.
1440 3025 251 61 Förlagets
1718 3025 100 49 adr.
1839 3027 71 47 är:
1931 3021 232 65 Helsing-

913 3104 129 58 fors,
1078 3105 67 48 N.
1434 3105 127 58 Järnvägsg.
1562 3106 106 57 15,
1669 3104 101 59 Telef.
1817 3105 116 49 Tölö
1968 3106 73 47 42
2058 3105 105 49 876
