4026 3927
221 278 369 50 POESIA

1373 642 453 88 Madrigali
1882 641 169 69 alla
2108 638 358 69 Povertà

1905 843 37 42 I.

1370 981 90 42 Poi
1491 980 88 41 che
1613 976 236 55 sfuggisti
1880 976 70 52 gli
1981 974 136 42 aurei
2147 972 187 53 raggiri

1318 1051 129 41 della
1479 1049 241 52 Speranza
1750 1047 273 40 aretinesca
2054 1042 209 52 Alvigia,

1312 1122 37 38 il
1379 1120 89 41 tuo
1500 1128 146 41 corpo
1679 1114 330 53 ondeggiante
2041 1112 144 52 quale
2216 1110 209 51 fiamma,

1315 1188 240 41 fanciulla
1584 1183 221 53 Povertà,
1837 1194 55 30 co
1898 1181 8 21 7
1938 1183 115 39 miei
2089 1179 176 52 sospiri

1313 1259 192 49 invoco,
1538 1266 94 40 pur
1662 1265 50 29 se
1743 1253 127 40 sulla
1900 1251 107 41 riva
2036 1249 149 52 stigia

1314 1326 50 39 la
1393 1321 173 44 vanità
1597 1323 79 40 del
1706 1331 291 42 passeggero
2030 1319 218 40 dramma

1317 1394 116 52 oggi
1465 1393 190 51 dilegui
1687 1401 25 29 o
1745 1391 104 39 sien
1879 1388 125 40 lenti
2034 1388 18 38 i
2081 1385 213 41 martiri:

1321 1474 137 30 come
1491 1461 80 40 chi
1604 1456 391 44 dolorosamente
2026 1456 115 40 cede

1319 1529 195 44 vàntati
1545 1530 111 50 mia,
1688 1527 159 41 fedele
1878 1527 76 39 tra
1983 1526 45 39 le
2058 1523 170 53 prede!

1905 1690 63 41 II.

1376 1829 77 40 Ma
1484 1827 57 41 tu
1574 1827 70 40 mi
1675 1824 239 54 guiderai,
1947 1832 118 31 sono
2095 1831 69 30 un
2195 1819 183 40 alunno

1327 1898 172 51 docile,
1530 1896 130 40 nelle
1691 1895 154 38 terme
1877 1904 24 27 e
1933 1902 57 29 su
2020 1901 87 41 per
2136 1889 70 52 gli
2239 1887 96 41 orti

1326 1967 125 40 allor
1481 1965 89 40 che
1602 1964 98 39 alla
1731 1961 182 41 distesa
1943 1958 122 41 urbe
2096 1958 37 39 il
2163 1957 81 41 dio
2275 1956 105 40 ride

1320 2044 247 43 purpureo
1600 2031 237 41 suntuoso
1868 2028 238 41 autunno.

1326 2103 198 51 Sempre
1556 2112 68 29 un
1655 2098 195 54 passato
1882 2098 89 39 che
2004 2097 44 40 ci
2079 2093 141 42 esalti
2252 2101 191 43 agogno

1329 2185 25 27 e
1386 2169 339 55 gl'immortali
1755 2167 115 41 miei
1901 2165 134 52 poeti
2066 2163 164 41 morti!

1321 2240 60 42 In
1413 2251 125 30 urna
1568 2248 145 42 greca
1744 2236 218 51 imagina
1994 2234 34 39 il
2059 2233 98 39 mio
2190 2240 152 42 sogno

1322 2311 47 39 le
1401 2309 164 40 ceneri
1600 2307 51 40 di
1682 2305 115 52 quei
1828 2304 88 40 che
1948 2303 45 39 ci
2020 2300 256 52 conquide,

1328 2377 300 43 rendendoci
1659 2375 53 39 in
1742 2373 195 52 pensier
1968 2372 50 38 di
2048 2369 159 53 gloria
2237 2366 191 42 assorti.

1899 2537 89 42 III.

1385 2676 92 50 Qui
1498 2676 221 52 giacque,
1742 2674 53 39 in
1814 2672 130 39 terra
1965 2668 189 52 nostra;
2177 2663 149 45 adorò
2346 2664 171 41 Dante.

1329 2747 73 41 Tu
1433 2745 178 41 sorella
1641 2743 71 51 gli
1743 2741 118 41 fosti
1891 2739 82 41 nel
2003 2738 193 39 terreno

1329 2815 217 52 viaggio,
1579 2808 222 52 Povertà,
1834 2820 92 29 con
1957 2818 117 29 cuor
2105 2803 233 52 costante,

1331 2895 95 42 pur
1456 2895 50 28 se
1535 2881 220 40 Bellezza
1785 2877 146 51 volle,
1960 2876 148 40 unica
2139 2871 208 52 amante,

1335 2951 213 52 offrirgli
1577 2961 86 40 per
1694 2945 258 55 guanciale
1983 2943 176 40 ultimo
2190 2941 36 39 il
2258 2950 130 30 seno.

1334 3020 148 41 Tutto
1514 3016 171 42 l'amor
1716 3014 124 41 ch'io
1871 3024 100 29 non
2003 3008 141 54 saprò
2175 3009 99 40 mai
2305 3006 119 42 dirti

1331 3087 264 51 t'accenda,
1629 3096 135 30 come
1796 3082 179 41 invade
2006 3091 77 29 me
2112 3077 200 41 l'aroma

1334 3156 73 42 de'
1439 3156 107 40 tuoi
1576 3155 108 51 pini
1716 3152 146 41 ariosi
1893 3162 24 28 e
1950 3147 72 42 de'
2054 3148 107 39 tuoi
2190 3145 148 52 mirti,

1335 3238 25 28 o
1392 3227 116 40 viva
1539 3224 72 40 sol
1639 3222 130 40 nelle
1799 3222 84 38 tue
1913 3217 180 51 tombe,
2124 3216 153 40 Roma
2291 3215 7 39 !

1953 3344 357 48 Vitaliano
2346 3344 216 48 Ponti.

1400 3571 108 35 Offerti
1527 3571 32 27 ai
1577 3576 92 22 mani
1689 3569 49 27 del
1752 3571 92 32 poeta
1865 3563 235 37 cZ'Hyperion.

1844 3738 205 40 15
