3035 4099
2911 3983 26 29 7

113 105 211 34 vergeblicher
347 103 165 30 Schönheit
534 105 60 28 und
618 105 88 33 Güte,
728 107 47 27 ich
796 105 81 30 fühle
900 108 104 26 seinen

230 154 113 29 wieder
363 155 28 26 ia
411 154 76 27 alles
504 155 120 28 meinen
642 154 101 30 Poren
762 156 60 29 und
841 156 85 29 hörte
946 156 44 29 sei-

115 205 192 32 nesgleichen
326 204 77 28 doch
423 203 78 29 noch
519 206 48 27 nie
585 206 110 28 zuvor!
717 206 68 28 Und
802 214 66 20 wer
887 205 60 29 bist
964 204 40 29 du

114 253 168 36 eigentlich,
303 262 74 24 sage
399 262 33 20 es
451 255 59 27 mir
529 274 37 3 —
588 255 79 29 denn
689 256 39 28 im
751 254 121 31 tiefsten
895 254 109 30 Innern

113 304 152 32 erscheint
289 310 31 22 es
341 305 67 32 mir,
433 305 154 32 unsagbar
609 305 64 34 süß,
695 306 45 28 als
764 304 77 29 habe
863 304 49 29 ich
935 303 69 30 dich

112 352 80 33 mein
208 361 114 25 ganzes
338 354 105 29 Leben
460 355 144 33 gekannt,
621 356 43 29 als
681 355 78 28 habe
774 355 49 28 ich
839 355 107 27 immer
965 362 38 20 an

112 402 104 31 detifer
237 402 82 30 Seite
341 404 182 31 gewandert
541 425 37 3 —
597 406 59 28 bist
677 405 38 28 du
737 406 65 27 eine
824 403 178 30 Schwester

111 462 60 20 voa
190 454 57 28 mir
261 454 75 28 oder
354 461 68 21 wer
437 454 61 30 bist
514 455 60 29 du?
594 456 113 32 komm,
724 454 47 29 ich
789 454 51 28 bin
858 453 78 29 noch
955 454 48 28 ein

235 505 148 27 verwirrt
407 505 60 29 und
492 506 98 33 müde,
617 505 47 28 laß
690 505 119 28 meinen
834 502 87 36 Kopf,
948 504 54 29 der

110 553 182 34 schwindlig
311 555 46 32 ist,
376 555 66 29 sich
462 564 38 19 an
518 555 87 30 deine
625 554 90 29 Brust
735 554 109 28 lehnen
863 554 61 28 und
944 555 58 28 den

110 603 158 30 feierliche«
285 602 67 31 Tos
370 605 55 31 des
443 604 132 31 Glückes
594 605 103 32 hören,
715 604 54 29 der
787 604 64 28 rein
869 603 61 29 und
948 612 36 21 un-

108 653 228 31 »Ät&rbroc-he»
357 655 38 29 da
417 655 127 31 drinnen
565 656 88 31 singt,
674 654 47 28 laß
745 653 78 29 mich
846 655 29 27 in
898 653 105 30 Schlaf

107 702 103 31 f*§e?u
229 703 149 32 während
399 705 47 29 ich
467 705 59 30 ihm
545 703 137 30 lausche!
707 726 88 7 ....

164 760 87 32 Noch
278 765 66 27 eine
373 763 95 30 Weile
494 762 60 33 gab
583 772 31 19 er
652 762 64 29 sich
752 762 94 33 völlig
886 763 115 30 diesem

108 813 191 34 mystischen
336 813 152 30 Genießen
522 813 63 32 hin;
622 813 113 28 konnte
769 813 232 32 geheimnisvoll

108 870 59 22 zur
183 863 105 30 selben
309 863 64 30 Zeit
392 863 167 33 glückselig
580 863 68 29 dort
668 862 108 35 liegen,
797 863 59 30 den
876 863 125 30 Nacken

107 914 36 29 ia.
159 915 69 28 dem
248 914 100 29 Schoß
370 913 53 29 der
446 912 158 30 Geliebten
627 913 61 29 und
708 914 153 29 Fremden
881 935 38 3 —
940 915 61 28 und

110 965 150 29 trotzdem
286 963 155 32 leibhaftig
467 963 139 29 daneben
636 964 107 28 stehen
773 965 59 27 und
862 965 139 29 dankbar

102 1016 53 27 .si©
176 1014 58 27 «nd
258 1013 64 30 sich
347 1013 95 30 selbst
463 1013 192 30 betrachten.

162 1071 52 30 Bis
239 1081 32 19 er
294 1072 169 29 allmählich
488 1081 80 24 ganz
593 1072 79 30 nach
698 1073 60 29 und
784 1074 77 28 nach
887 1074 112 34 anfing,

106 1122 63 29 sich
195 1122 73 28 über
294 1123 46 27 ein
367 1121 191 35 schwaches,
595 1123 74 29 aber
706 1123 209 34 auffallendes,
952 1126 47 28 ein

104 1171 167 33 gleichsam
294 1172 145 32 körniges
474 1172 109 29 Gefühl
608 1174 29 27 in
672 1175 106 28 seinen
810 1174 117 33 Lippen
961 1183 38 21 zu

105 1222 149 29 mindern
284 1242 37 4 —
348 1231 60 20 nun
439 1223 78 30 auch
547 1223 76 29 über
655 1225 46 28 ein
734 1223 265 31 außerordentlich

103 1271 98 32 feines
221 1270 169 33 Knirschen
411 1273 38 29 da
469 1273 128 30 drinnen
619 1283 38 19 an
678 1275 105 28 seinen
805 1274 136 30 Zähnen!

160 1330 198 35 Beunruhigt,
387 1332 97 32 gleich
514 1331 109 30 darauf
660 1335 125 32 gereizt,
825 1333 173 30 schließlich

103 1380 107 34 zornig
233 1381 75 29 über
331 1382 85 31 diese
441 1382 135 33 Störung
597 1384 101 29 seines
722 1383 155 34 Friedens,
904 1384 95 29 erhob

104 1439 33 21 er
159 1432 54 29 mit
235 1433 98 28 einem
354 1431 87 36 Ruck
464 1433 58 29 de»
545 1432 87 35 Kopf,
656 1434 56 28 sah
733 1433 64 30 sich
820 1442 51 21 um
890 1441 51 22 —:

159 1481 76 29 Was
256 1488 68 22 war
345 1483 80 29 denn
448 1483 78 29 das?

159 1540 77 29 Was
255 1547 68 23 war
344 1541 65 30 dies
429 1542 65 28 hier
516 1549 56 22 nur
596 1542 156 29 einmal??

159 1587 59 32 Wo
235 1597 67 23 war
320 1601 32 19 er
369 1592 78 30 denn
462 1611 38 4 —
516 1594 60 28 wie
590 1594 72 31 ging
677 1593 66 30 dies
760 1593 74 31 alles
850 1594 109 30 zu???

159 1639 40 31 Kr
215 1641 150 30 erkannte
384 1643 150 34 plötzlich,
554 1643 58 29 daß
631 1653 32 19 er
682 1644 139 30 wirklich
838 1653 79 25 ganz
936 1646 47 28 ein-

100 1690 74 32 fach.
189 1699 38 20 an
243 1691 54 29 der
312 1691 80 30 Erde
408 1693 59 34 lag,
485 1693 52 29 auf
554 1693 54 30 der
625 1693 90 35 Nase,
734 1703 67 21 war
818 1704 32 20 er
867 1695 131 33 gefallen

100 1761 39 3 —
158 1742 216 35 gestrauchelt,
395 1751 102 27 wann,
518 1744 83 29 wie?

158 1799 57 31 Mit
233 1801 98 29 einem
350 1801 87 33 Ruck
457 1803 94 28 erhob
571 1811 33 21 er
624 1803 64 29 sich
708 1803 51 29 auf
775 1804 48 29 die
842 1804 84 35 Knie,
946 1806 53 28 mit

101 1849 235 31 bleischwerem
348 1850 135 35 Nacken,
499 1853 243 30 schmerzenden
759 1853 170 36 Schultern,
946 1857 53 28 mit

103 1902 99 28 einem
221 1902 171 29 sonderbar
412 1904 118 31 spitzen
551 1904 61 28 und
632 1904 188 29 stechenden
840 1905 109 30 Gefühl
969 1907 30 28 in

101 1951 118 30 seinem
241 1951 132 35 Herzen,
395 1954 61 29 wie
478 1962 62 20 von
564 1956 99 27 einem
686 1954 134 35 Splitter,
844 1956 54 29 der
924 1965 74 24 quer

103 2001 87 31 Sterin
211 2002 67 33 saß;
300 2012 33 20 er
355 2006 113 26 starrte
488 2013 50 19 um
560 2005 63 29 sich
644 2025 38 3 —
702 2006 61 28 und
783 2006 113 33 begriff
917 2007 82 29 dann

101 2051 129 35 endlich,
249 2052 59 29 daß
326 2062 31 20 er
377 2053 64 30 also
458 2054 78 29 kurz
553 2055 60 28 und
630 2058 54 30 gut
701 2057 30 28 in
748 2057 115 28 seinem
882 2057 116 29 Garten

178 2102 54 30 der
246 2103 105 32 Länge
366 2104 78 29 nach
462 2113 38 20 an
517 2105 68 28 dem
602 2105 155 30 Bollwerk
775 2108 223 34 ausgestreckt,

102 2160 34 22 es
158 2161 67 20 war
247 2152 107 35 Nacht,
377 2163 66 21 war
467 2165 32 19 er
522 2156 193 35 umgefallen,
739 2157 101 29 indem
863 2167 32 20 er
919 2166 80 25 ganz

101 2206 192 27 unerwartet
313 2205 227 32 eingeschlafen
559 2215 76 25 war,
655 2207 75 29 oder
751 2207 248 31 nachtwandelte

99 2253 60 28 er?
178 2253 117 32 Höchst
313 2255 209 34 merkwürdig
542 2257 65 29 dies
628 2257 83 35 alles,
731 2267 33 20 es
783 2260 46 28 tat
848 2258 132 30 abscheu-

100 2302 60 30 idh
184 2304 69 29 weh
275 2306 30 27 in
329 2306 101 29 seiner
453 2306 94 30 Brust
569 2327 38 3 —
628 2309 60 28 und
711 2309 29 28 in
764 2308 69 29 dem
858 2309 140 30 Daumen

101 2354 55 32 der
176 2354 101 30 Sinken
296 2354 103 31 Hand!

158 2413 82 29 Aber
263 2413 80 30 dann
366 2415 107 30 kehrte
494 2417 49 31 jäh
565 2417 60 28 und
648 2417 93 33 völlig
764 2420 64 26 sein
851 2418 126 29 Bewußt-

99 2464 67 29 sein
192 2464 126 30 zurück,.

157 2513 41 30 Er
217 2514 110 30 lachte.

159 2572 75 31 Kam
256 2575 53 28 mit
332 2575 46 28 ein
401 2574 78 29 klein
500 2577 104 30 wenig
623 2575 92 31 Mühe
738 2577 116 30 wieder
877 2578 51 28 auf
950 2578 47 29 die

101 2621 92 36 Fffie,
218 2623 94 30 fühlte
338 2625 64 28 sich
430 2627 48 26 ein
503 2625 129 30 bißchen
661 2627 181 32 schwindlig
871 2628 127 29 drinnen

100 2672 100 30 toter
223 2673 54 30 der
300 2674 91 32 Stirn,
414 2676 100 28 weich
538 2678 28 26 in
589 2677 77 29 allen
689 2676 155 33 Knochen.

159 2732 116 30 Wurde
298 2734 141 31 plötzlich
461 2743 63 20 von
547 2735 210 30 Dankbarkeit
782 2736 145 32 ergriffen
949 2737 49 29 bei

103 2780 69 34 de*?i
193 2783 167 29 Gedanken
380 2784 105 35 daran,
505 2785 59 29 daß
585 2786 78 29 doch
684 2786 140 29 offenbar
842 2787 61 29 und
925 2787 74 30 Gott

101 2833 46 28 sei
173 2833 102 31 gelobt
301 2836 142 28 niemand
469 2836 102 29 dieses
596 2836 184 30 lächerliche
809 2838 70 33 und,
907 2838 90 29 milde

101 2883 203 35 gesprochen,
333 2885 100 29 dieses
462 2888 236 31 unappetitliche
728 2888 189 30 Geschehnis
945 2897 36 24 ge-

100 2932 98 30 sehen
216 2932 96 31 hatte!

160 2990 39 30 Er
218 2991 100 31 lachte
336 3000 61 21 von
415 3000 111 22 neuem
543 3015 37 3 —
598 2995 93 29 heller
710 2996 43 29 als
772 2996 119 31 vorhin.
929 2996 68 33 Bog

103 3041 65 29 sich
185 3041 111 29 darauf
313 3044 53 27 mit
385 3045 98 28 etwas
500 3043 235 34 Schwierigkeit
752 3047 165 34 vornüber,
936 3047 61 29 und

101 3090 123 33 begann
245 3095 208 33 angestrengt,
475 3094 65 29 sich
560 3095 49 29 die
627 3095 121 32 Kleider
768 3105 62 20 von
851 3097 80 29 oben
950 3097 47 30 bis

103 3143 92 27 anten
213 3142 220 35 abzubürsten;
454 3153 59 24 zog
530 3145 173 29 schließlich
722 3147 77 28 auch
816 3148 78 28 noch
914 3149 83 28 seine

103 3191 97 31 lacke
224 3201 64 26 aus,
312 3202 50 20 um
385 3203 38 20 zu
447 3196 214 33 untersuchen,
686 3196 38 28 ob
747 3197 81 28 nicht
853 3197 50 28 auf
928 3198 69 28 dem

103 3240 126 33 Rücken
247 3244 77 29 auch
342 3245 79 28 noch
438 3245 120 33 Spuren
575 3248 93 27 seien.
705 3246 126 29 Endlich
850 3248 29 27 in
897 3248 100 29 dieser

102 3290 178 36 Beziehung
323 3294 151 35 beruhigt,
517 3296 122 33 begann
682 3306 32 19 er
759 3297 108 30 immer
911 3297 86 30 mehr

102 3341 149 36 lächelnd,
277 3344 130 30 leichten
434 3346 111 34 Mutes,
573 3347 122 28 schwer
722 3347 171 32 trampelnd
922 3348 75 29 über

105 3392 49 29 die
173 3393 93 29 Stelle
286 3395 48 28 hin
354 3396 60 28 und
434 3396 54 29 her
508 3405 38 20 zu
566 3396 158 35 wandern,
744 3407 51 19 wo
815 3407 32 20 er
867 3398 130 33 gelegen

104 3442 93 35 hatte,
218 3452 49 19 um
287 3445 77 30 auch
383 3446 69 29 dort
470 3447 70 28 kein
559 3447 130 29 Zeichen
708 3448 102 28 davon
829 3457 38 20 zu
884 3449 97 29 hinter-

104 3492 114 35 lassen,
236 3494 58 28 daß
313 3504 32 20 er
365 3496 39 29 da
422 3497 129 33 gelegen
568 3497 85 30 hatte

163 3550 37 29 Er
225 3552 54 28 sah
306 3553 63 29 sich
395 3556 52 27 mit
483 3555 59 29 den
578 3555 108 33 Augen
721 3556 180 30 zwinkernd
937 3566 60 26 um,

105 3603 138 30 strengte
260 3602 64 29 sich
340 3611 47 25 an,
403 3605 95 29 durch
514 3605 48 31 die
578 3606 183 30 Dunkelheit
777 3607 147 29 hindurch
940 3607 57 29 das

103 3658 101 25 ganze
228 3652 78 28 noch
333 3654 47 27 ein
402 3654 108 31 letztes
536 3656 61 29 Mal
623 3664 37 21 zu
684 3656 222 34 überschauen,
932 3657 64 29 rieb

105 3702 64 28 sich
187 3702 219 29 unwillkürlich
423 3704 75 30 über
516 3706 48 28 die
582 3706 93 30 Brust
691 3707 59 34 hin,
768 3715 51 20 wo
838 3715 32 21 es
889 3708 107 28 immer

105 3752 79 29 noch
207 3752 173 30 schmerzte
404 3755 60 27 und
487 3756 86 28 stach
606 3776 38 3 —
675 3757 60 28 und
771 3759 129 26 entsann
933 3758 64 28 sich

106 3800 110 30 darauf
234 3804 100 27 seiner
354 3802 184 33 Zigaretten.

274 3882 38 3 —
337 3864 88 30 sagte
453 3871 32 19 er
513 3863 142 35 halblaut,
681 3865 143 32 bewegte
853 3864 47 30 die
927 3865 53 32 Lip-

106 3917 60 25 pen
189 3913 246 30 gegeneinander
459 3932 39 4 —
524 3913 64 33 „ich
613 3914 108 32 glaube
748 3915 90 31 wohl,
865 3915 57 28 daß
950 3917 47 27 ein

1081 100 159 29 Mundvoll
1263 100 105 34 Rauch
1389 101 65 30 sich
1474 101 178 33 vorzüglich
1673 103 29 28 in
1722 101 70 30 dem
1812 100 162 31 Ensemble

1082 151 188 28 ausnehmen
1300 152 87 33 wird,
1417 160 79 24 ganz
1526 152 131 29 einfach!

1137 200 50 30 Ich
1212 200 79 30 habe
1317 202 171 33 beständig,
1513 210 34 20 so
1574 203 119 29 scheint
1719 211 33 21 es
1777 202 66 33 mir,
1869 202 105 29 diesen

1081 250 157 29 häßlichen
1258 251 249 33 Erdgeschmack
1526 253 78 28 noch
1622 254 29 27 in
1669 254 131 28 meinem
1820 252 151 29 Gaumen!

1135 300 73 29 Also

1137 349 39 30 Er
1203 359 59 24 zog
1291 351 54 30 das
1374 352 68 29 Etui
1468 352 122 35 heraus,
1629 352 115 31 öffnete
1781 352 55 29 das
1874 352 99 29 kleine

1080 399 112 31 Schloß
1220 402 54 28 mit
1302 403 114 32 einiger
1444 402 103 35 Mühe,
1576 403 107 32 ergriff
1709 404 52 28 mit
1792 402 181 30 unsicheren

1079 451 132 31 Fingern
1237 453 66 28 eine
1329 452 162 34 Zigarette,
1515 454 119 28 steckte
1660 456 44 26 sie
1729 454 29 28 in
1784 453 57 29 den
1868 451 105 35 Mund,

1079 501 115 29 wühlte
1222 503 67 27 eine
1317 502 349 31 Streichholzschachtel
1704 504 121 33 heraus,
1862 503 111 29 bekam

1080 552 117 29 endlich
1224 552 106 29 Feuer.

1251 622 38 3 —
1305 604 160 30 murmelte
1484 613 33 20 er
1535 605 78 28 nach
1630 605 70 29 dem
1719 606 103 28 ersten
1840 604 64 33 Zug
1921 613 49 20 —:

1135 651 97 35 „Herr
1270 653 40 28 du
1347 655 115 27 meines
1498 654 131 34 Lebens,
1667 656 60 28 wie
1765 655 113 29 delikat
1917 655 54 28 das

1079 703 167 33 schmeckt,
1266 711 79 24 ganz
1518 724 38 3 —
1575 705 263 30 währenddessen
1862 705 93 29 durch-

1079 753 122 29 rieselte
1222 753 50 29 ihn
1294 755 46 27 ein
1361 754 122 29 sachter
1505 753 229 36 Kälteschauer,
1757 764 32 21 er
1811 755 161 30 wunderte

1079 803 63 29 sich
1168 803 74 29 über
1268 804 48 30 die
1342 802 118 35 Worte,
1485 804 47 30 die
1559 813 32 21 er
1618 805 78 29 eben
1723 806 249 32 ausgesprochen

1079 853 83 29 hatte
1182 873 37 3 —
1241 854 78 28 denn
1342 856 29 26 in
1391 854 211 30 Wirklichkeit
1625 855 117 29 erfüllte
1763 855 52 28 ihn
1838 855 53 29 der
1913 855 40 29 Ta-

1077 903 174 30 baksrauch
1272 905 28 27 in
1322 904 115 29 diesem
1460 905 188 31 Augenblick
1669 913 55 20 nur
1745 907 54 28 mit
1819 905 87 33 Ekel;
1940 914 31 21 er

1078 953 80 29 warf
1180 962 60 20 nun
1265 954 65 29 also
1352 955 59 28 den
1436 954 149 29 Stummel
1609 963 81 26 weg,
1712 955 94 30 fühlte
1829 956 64 29 sich
1919 956 36 28 da-

1078 1004 95 30 durch
1201 1003 150 36 beruhigt,
1378 1005 55 29 sah
1462 1005 76 29 über
1565 1006 84 28 seine
1678 1005 141 30 Schulter
1848 1006 123 29 zurück.

1077 1053 171 31 Entdeckte
1270 1055 79 28 dann
1373 1055 47 29 die
1443 1054 96 35 Bank,
1561 1055 51 29 auf
1634 1055 53 29 der
1712 1064 32 21 er
1766 1064 58 20 vor
1844 1056 128 29 kurzem

1077 1113 149 24 gesessen
1248 1105 94 30 hatte.

1133 1155 40 29 Er
1201 1157 71 31 ging
1297 1156 140 33 langsam
1465 1156 99 34 dahin,
1601 1157 57 29 den
1695 1156 79 33 Kopf
1800 1157 171 34 wackelnd,

1077 1206 54 28 mit
1154 1206 78 29 noch
1256 1206 254 30 schmerzendem
1536 1207 149 34 Daumen,
1711 1208 55 29 sah
1792 1209 89 28 einen
1904 1206 46 30 Mo-

1077 1258 83 27 ment
1182 1256 208 32 gedankenlos
1413 1257 51 29 auf
1486 1258 48 29 die
1555 1258 120 29 weißen
1698 1258 189 30 Gitterstäbe
1909 1259 48 27 nie-

1077 1306 64 34 der,
1170 1307 71 29 kam
1269 1307 109 29 darauf
1406 1317 54 20 zur
1490 1307 185 36 Besinnung,
1716 1310 98 28 setzte
1843 1309 64 29 sich
1935 1328 38 4 —

1076 1356 101 29 lehnte
1206 1357 63 29 sich
1296 1357 140 33 plötzlich
1464 1358 123 29 schwer
1615 1359 124 29 zurück.

1132 1406 76 35 Nun,
1232 1407 110 30 dachte
1366 1417 33 20 er
1422 1410 67 27 eine
1511 1408 99 30 Weile
1632 1409 111 29 darauf
1762 1418 49 20 —:
1844 1409 65 30 hier
1932 1410 41 29 ist

1076 1465 34 21 es
1133 1458 29 32 ja
1186 1457 109 30 schön!

1132 1507 82 30 Aber
1241 1509 146 29 worüber
1418 1510 138 32 grübelte
1589 1510 46 29 ich
1676 1510 77 30 doch
1785 1510 77 30 eben
1892 1510 79 30 noch

1076 1558 88 34 nach,
1184 1559 44 30 als
1247 1559 48 30 ich
1312 1559 111 30 vorhin
1441 1560 64 29 hier
1525 1561 76 28 saß?
1617 1584 43 6 ...

1131 1609 73 30 Eine
1232 1610 144 30 Sekunde
1404 1611 106 30 suchte
1540 1620 31 21 er
1599 1612 176 32 vergebens
1803 1613 77 30 nach
1909 1612 47 30 die-

1076 1668 64 21 sem
1166 1660 207 33 Gegenstand.

1132 1710 39 30 Er
1200 1712 93 28 strich
1321 1712 65 29 sich
1415 1712 253 30 unentschlossen
1698 1714 75 29 über
1803 1714 48 30 die
1879 1714 92 34 Stirn,

1076 1770 51 20 wo
1155 1761 65 30 hier
1249 1762 60 29 und
1338 1762 38 29 da
1404 1763 79 29 noch
1512 1764 98 33 einige
1639 1763 199 31 Sandkörner
1867 1764 104 30 saßen.

1133 1811 136 31 Entsann
1297 1813 64 29 sich
1393 1813 79 29 dann
1505 1814 51 29 auf
1594 1815 109 29 einmal
1742 1815 55 30 des
1836 1814 135 31 Namens

1077 1861 130 30 Anni...
1229 1863 61 29 und
1314 1862 38 30 da
1374 1872 67 20 war
1465 1873 33 21 es
1521 1865 61 28 ihm
1605 1864 151 35 plötzlich,
1778 1865 46 30 als
1849 1865 122 33 ergieße

1076 1913 65 29 sich
1160 1914 47 30 ein
1225 1913 103 30 Strom
1345 1923 62 20 von
1426 1923 79 24 ganz
1521 1915 106 35 feiner,
1646 1916 179 29 errötender
1844 1916 127 31 Wärme

1076 1964 28 28 in
1129 1964 37 29 all
1187 1966 83 27 seine
1295 1965 122 29 Glieder
1437 1974 49 20 —:
1511 1965 106 35 Annie,
1639 1974 63 22 von
1725 1967 100 29 seiner
1850 1966 104 30 Gelieb-

1076 2016 60 32 ten,
1162 2015 101 29 seiner
1289 2015 89 34 Frau,
1405 2016 83 29 hatte
1515 2025 32 20 er
1573 2018 162 33 geträumt,
1761 2017 150 29 während
1938 2026 32 20 er

1075 2064 110 29 vorhin
1210 2065 66 30 hier
1302 2065 66 30 saß!

1662 2116 181 31 Fortsetzung
1870 2117 68 29 folgt

1076 2480 122 59 Die
1243 2479 556 60 Barfußtänzerin

1075 2589 170 56 Käte
1291 2588 283 57 Fischer

1074 2705 64 29 Laß
1161 2706 79 28 mich
1262 2707 41 27 im
1325 2704 94 31 tiefen
1442 2704 56 30 Tal

1075 2754 104 30 deiner
1208 2754 221 30 firnenweißen
1458 2754 110 32 Zehen,

1073 2804 75 29 über
1175 2804 48 29 die
1251 2804 55 29 das
1333 2803 213 34 Rampenlicht
1572 2803 210 33 Alpenglühen
1807 2804 160 33 schminkt,

1075 2853 173 33 zwerghaft
1270 2855 47 28 ein
1338 2852 152 33 Kletterer
1514 2855 74 27 sein.

1075 2902 50 29 Ich
1149 2903 189 32 verspreche
1365 2903 45 29 dir
1437 2902 87 35 auch,
1551 2902 78 30 ohne
1657 2902 151 33 Eispickel
1833 2903 61 29 und

1555 2951 172 33 Bergstock
1752 2961 38 20 zu
1815 2952 151 29 kommen.

1074 3076 63 28 Laß
1164 3077 79 29 mich
1267 3078 42 28 im
1335 3076 106 30 Miroir

1075 3125 105 30 deiner
1204 3125 216 34 goldgefaßten
1443 3125 96 33 Nägel

1075 3175 164 32 einzigster
1257 3174 126 34 Voyeur
1403 3177 74 28 sein.
1496 3174 72 29 Hier
1589 3174 50 29 bin
1657 3174 61 29 ich!
1740 3174 78 30 Dort
1835 3175 50 28 bin
1904 3174 61 29 ich!

1076 3224 123 33 Spiegel
1222 3233 50 20 um
1298 3224 123 33 Spiegel
1445 3226 81 30 zeigt
1550 3224 90 28 mich.

1075 3273 82 29 Jetzt
1176 3273 133 35 konvex,
1329 3275 74 31 jetzt
1423 3274 124 29 konkav
1566 3273 51 28 bin
1638 3273 47 28 ich
1705 3273 73 29 bald
1799 3273 131 35 dorisch,

1525 3322 71 30 bald
1620 3322 115 32 jonisch
1761 3323 46 29 ein
1830 3322 136 33 Tempel.

1074 3446 63 29 Laß
1163 3447 53 29 der
1241 3447 149 29 Lawinen
1415 3447 107 34 Staub,

1075 3496 58 29 den
1158 3495 127 30 Samum
1312 3496 51 29 auf
1388 3497 80 29 mich
1491 3495 198 30 losstürmen!

1073 3545 52 29 Ich
1140 3544 82 32 halte
1236 3545 81 30 mich
1332 3546 97 29 schon
1443 3554 39 21 an
1498 3545 70 29 dem
1585 3545 138 31 einzigen
1738 3544 144 30 Härchen
1897 3544 69 34 fest,

1074 3595 56 29 das
1154 3595 70 28 kein
1245 3594 221 34 Depilatorium

1074 3652 55 21 aus
1149 3644 54 29 der
1225 3643 131 30 dunklen
1378 3643 146 30 Schlucht
1545 3643 103 29 deiner
1671 3642 100 30 linken
1792 3643 117 33 großen

1548 3692 81 29 Zehe
1656 3692 112 30 konnte
1798 3692 167 30 entfernen.

1074 3816 62 28 Laß
1164 3817 56 28 mir
1247 3816 44 30 als
1319 3816 104 29 Trunk
1451 3816 59 29 den
1538 3814 96 35 Quell,

1074 3866 54 28 der
1154 3873 62 21 von
1240 3866 80 29 oben
1343 3865 97 33 duftig
1466 3865 112 33 rieselt,

1074 3922 91 21 wenn
1182 3915 39 28 du
1236 3914 80 29 dann
1331 3916 40 27 im
1386 3914 107 29 Beifall
1509 3914 54 29 des
1578 3913 178 30 Publikums
1773 3913 68 30 dich
1857 3915 108 29 neigst.

2045 101 64 29 Laf
2129 102 79 29 mich
2227 122 37 4 —
2282 105 151 28 verstatte
2452 106 55 28 mir
2528 113 54 21 nur

2047 150 100 30 dieses
2175 152 116 31 einzige
2317 150 63 31 Mal
2405 151 164 37 Edelweiß,
2594 154 114 30 Enzian
2735 155 164 33 pflückend

2638 223 38 4 —
2704 204 123 30 Tourist
2855 205 82 31 sein!

2501 275 104 30 Alfred
2629 277 133 32 Richard
2785 278 113 34 Meyer

2052 524 646 74 Gynäkologisches

2102 623 56 30 Die
2181 622 64 30 Zeit
2267 623 73 29 aller
2363 622 169 31 Bummelei
2554 625 39 28 ist
2615 623 156 33 endgültig
2791 623 148 33 vorüber«

2102 672 65 29 Wir
2194 674 115 28 wissen
2336 672 69 30 das!

2103 723 56 29 Die
2180 722 145 29 Offiziere
2344 724 123 27 müssen
2489 723 64 28 sich
2573 722 154 30 schinden.
2767 722 102 30 Selbst
2887 721 54 33 die

2045 773 120 29 Herren
2194 772 188 30 Stabsärzte.

2101 823 152 28 Leutnant
2278 822 121 29 Gutzeit
2423 829 66 20 war
2516 821 70 29 sehr
2612 823 29 27 in
2665 821 84 30 diese
2774 821 149 30 zeitschin-

2052 872 52 29 der
2108 873 69 30 igen
2205 870 252 33 Betrachtungen
2487 870 189 30 verwickelt.
2725 869 75 34 Seijn
2827 870 112 32 Vettee

2046 921 115 33 Häring
2180 929 67 20 war
2267 919 261 33 schlechterdings
2548 928 38 21 zu
2604 919 103 30 keiner
2727 919 104 30 Partie
2850 919 91 32 mehf

2045 970 232 32 herzukriegen.

2104 1018 214 30 Verdammter
2358 1018 163 30 Schlauch!
2563 1018 54 29 der
2655 1016 156 31 allüberall
2850 1017 91 31 Platz

2045 1068 99 32 greift.
2156 1087 38 4 —
2209 1068 55 29 Ein
2279 1068 162 30 Stabsarzt
2455 1076 67 20 war
2538 1067 103 29 früher
2658 1069 107 28 immer
2782 1075 38 20 zu
2836 1066 102 31 haben

2046 1124 156 27 gewesen,
2228 1126 90 21 wenn
2346 1117 48 30 die
2420 1117 119 30 Herren
2565 1124 61 22 von
2653 1117 54 28 der
2731 1116 85 30 Linie
2843 1123 77 26 ange-

2045 1168 111 31 spannt
2180 1175 115 21 waren.

2100 1215 107 29 Vetter
2235 1215 115 33 Häring
2379 1216 102 30 mußte
2510 1216 109 29 einmal
2648 1214 151 31 Auskunft
2827 1214 111 36 geben,

2046 1273 120 20 warum
2194 1265 50 29 ihn
2272 1265 54 29 der
2354 1265 108 30 Dienst
2489 1274 35 21 so
2553 1265 78 30 hoch
2659 1265 100 29 nahm.

2101 1314 39 29 Er
2168 1323 66 20 war
2271 1316 30 27 in
2338 1314 48 29 die
2422 1314 125 29 Charite
2574 1314 233 29 kommandiert.
2854 1312 86 32 Ahat

2047 1363 64 30 Das
2135 1371 67 21 war
2230 1364 83 30 diese
2340 1364 188 30 sonderbare
2556 1364 160 29 halbzivile
2744 1363 198 36 Geschichte»

2043 1411 55 30 'wo
2126 1422 70 19 man
2224 1422 54 19 nur
2306 1422 69 19 zum
2401 1413 203 33 Mittagessen
2632 1412 138 30 Uniform
2797 1414 79 31 trug.

2102 1462 164 36 Natürlich,
2300 1463 55 29 das
2389 1471 65 21 war
2490 1464 47 29 die
2572 1463 193 29 verdammte
2799 1460 142 35 Notlage.

2045 1512 39 30 Er
2111 1521 67 21 war
2205 1514 47 28 ein
2279 1516 205 29 sogenannter
2509 1512 136 31 Streber.

2102 1562 53 35 Na,
2187 1563 106 29 darum
2324 1564 77 28 doch
2432 1564 107 28 einmal
2569 1573 37 19 zu
2636 1564 60 28 ihm
2726 1563 215 33 hingestiegen

2045 1613 60 29 und
2126 1613 51 29 ihn
2197 1622 53 20 zur
2272 1613 84 33 Rede
2377 1613 132 33 gestellt!
2541 1613 157 30 Vielleicht
2718 1621 66 21 war
2804 1613 50 30 bei
2873 1611 66 32 ihm

2046 1662 79 30 doch
2152 1664 66 28 eine
2245 1662 104 30 Partie
2376 1672 37 19 zu
2441 1663 195 32 verquicken.

2104 1712 55 29 Bei
2190 1712 161 30 Stabsarzt
2382 1712 106 30 Vetter
2517 1712 116 33 Häring
2661 1712 59 29 ließ
2751 1712 63 30 sich
2843 1712 77 30 Leut-

2045 1764 74 27 nant
2142 1762 122 29 Gutzeit
2290 1762 69 29 acht
2383 1761 63 30 Uhr
2471 1762 116 30 abends
2611 1762 129 30 melden.

2102 1811 96 35 „Sehr
2218 1814 63 27 nett
2299 1820 62 21 von
2380 1812 58 29 dir!
2458 1812 95 30 Lebst
2572 1813 39 28 du
2629 1813 171 32 überhaupt
2816 1811 101 32 noch?
2919 1811 9 14 4
2928 1811 11 13 *

2101 1861 69 34 „Ich
2199 1862 68 29 lebe
2297 1862 104 29 schon.
2448 1862 94 29 Lebst
2571 1862 40 29 du

2102 1911 122 29 Gutzeit
2255 1912 163 29 erwischte
2449 1912 114 32 gerade
2602 1912 79 29 noch
2720 1911 47 31 die
2806 1911 133 36 Bücher,

2045 1960 75 29 über
2145 1961 118 28 welche
2288 1961 116 33 Häring
2429 1961 130 30 studiert
2585 1961 93 34 hatte,
2704 1961 61 29 und
2789 1961 49 30 die
2863 1961 76 33 jetzt

2044 2010 79 29 hoch
2147 2010 79 29 oben
2252 2010 52 28 auf
2328 2011 47 28 ein
2401 2010 95 34 Regal
2519 2010 112 34 flogen.

2100 2059 269 34 „Donnerwetter!

2100 2107 66 36 „Ja.

2101 2158 82 34 „Sag
2210 2159 118 33 einmal,
2356 2159 48 30 die
2433 2158 112 30 Armee
2574 2159 164 29 rekrutiert
2777 2159 64 30 sich
2881 2166 58 24 aus

2043 2208 99 29 lauter
2172 2208 167 29 deutschen
2368 2210 112 31 jungen
2509 2208 159 35 Männern,
2699 2217 67 21 was
2797 2208 70 30 hast
2895 2208 43 31 du

2046 2257 80 30 denn
2155 2259 53 27 mit
2236 2257 146 30 Weibern
2410 2267 38 19 zu

2100 2307 153 34 „Scherze
2279 2308 56 27 mir
2362 2307 93 29 nicht!
2483 2307 50 29 Ich
2558 2307 142 30 entbinde
2725 2309 117 28 zurzeit
2867 2308 53 32 täg-

2045 2357 58 29 lich
2124 2356 95 30 Stück
2241 2358 115 31 dreißig
2375 2357 125 30 Weiber
2521 2359 29 27 in
2572 2358 186 32 königlicher
2779 2356 143 31 Universi-

2934 2419 8 14 112

2100 2456 106 35 „Nicht

2100 2506 211 35 „Stilgerecht.
2359 2507 131 33 Zangen.
2538 2507 293 34 Beckensägungen.
2878 2507 62 32 Die

2044 2556 131 30 leichten
2199 2556 83 30 Fälle
2306 2557 63 29 holt
2394 2557 48 30 die

2104 2605 160 35 „Mensch!
2316 2606 86 30 Wird
2434 2607 79 29 denn
2545 2607 93 29 damit
2669 2607 174 34 gerechnet,
2875 2605 62 31 daß

2045 2657 136 28 anormal
2203 2657 60 28 mal
2284 2656 89 31 Miles
2394 2657 113 31 Kinder
2693 2676 37 4 —

2097 2706 153 29 Leutnant
2281 2707 123 29 Gutzeit
2433 2707 99 32 fragte
2561 2706 194 30 verblüffend
2784 2709 93 27 ernst.

2101 2755 171 34 „Beruhige
2297 2756 76 34 dich,
2397 2756 119 30 Vetter!
2551 2756 100 29 Wenn
2674 2757 48 29 ich
2747 2758 39 26 im
2811 2756 126 30 aktiven

2045 2805 126 29 Dienste
2201 2806 110 28 einmal
2340 2814 66 20 was
2438 2806 162 29 entbinden
2629 2806 117 34 würde,
2775 2807 85 27 wäre
2902 2812 37 24 es

2045 2855 253 28 wahrscheinlich
2327 2855 47 29 die
2403 2855 78 28 Frau

2614 2929 155 29 Hermann
2799 2928 99 32 Essig.

2042 3180 445 71 Empfohlene
2536 3178 270 57 Bücher

2042 3288 76 29 Paul
2133 3287 116 35 Leppin

2078 3337 147 30 Severins
2252 3335 88 33 Gang
2366 3335 29 28 in
2423 3335 48 30 die
2498 3335 166 30 Finsternis
2691 3330 13 36 ./
2730 3334 54 28 Ein
2812 3333 118 32 Prager

2079 3386 297 33 Gespensterroman

2116 3435 257 32 Delphin-Verlag
2393 3431 10 39 /
2422 3434 153 29 München

2042 3502 77 30 Paul
2137 3501 80 30 Zech

2078 3551 57 29 Die
2152 3552 120 28 eiserne
2290 3549 122 30 Brücke
2431 3547 10 39 /
2459 3549 83 30 Neue
2563 3549 148 30 Gedichte

2114 3600 125 32 Leipzig
2255 3595 14 35 ./
2284 3598 113 34 Verlag
2413 3599 56 29 der
2486 3598 130 30 Weißen
2632 3598 120 29 Bücher

2040 3665 170 29 Handbuch
2232 3664 55 30 der
2309 3664 314 30 Kunstwissenschaft

2077 3714 262 32 Herausgegeben
2362 3722 62 20 von
2447 3713 52 29 Dr.
2525 3713 81 29 Fritz
2630 3712 117 31 Burger
2772 3708 9 38 /
2807 3710 125 30 Soeben

2078 3763 179 30 erschienen
2276 3762 165 33 Lieferung
2464 3764 45 27 13:
2531 3762 32 29 L.
2586 3761 189 29 Curtius:
2799 3760 56 29 Die
2876 3767 36 21 an-

2078 3814 60 27 tike
2159 3811 97 31 Kunst
2276 3809 10 38 /
2306 3811 71 30 Heft
2399 3814 11 26 1

2114 3861 369 33 Berlin-Neubabelsberg
2506 3857 10 39 /
2539 3859 222 30 Akademische
2786 3858 126 33 Verlags-

2114 3911 195 32 gesellschaft
2330 3911 169 29 Athenaion
2521 3918 38 20 m.
2582 3910 27 28 b.
2629 3909 35 28 H.
