3035 4099
143 127 67 20 was
234 127 31 19 er
291 118 82 27 seine
394 116 97 31 Kunst
515 119 111 28 nannte
649 137 38 3 —
710 119 54 27 mit
787 117 116 29 seinem
927 115 108 33 Ruhm,

143 169 102 29 seinen
273 167 123 34 Plänen,
423 168 105 28 seinen
555 169 74 28 weit
656 166 228 31 schweifenden
913 164 103 30 Gedan-

142 218 68 33 ken,
231 217 260 32 Selbstanbetung
512 226 62 20 von
595 218 120 33 Anfang
734 218 46 28 bis
800 225 40 20 zu
860 215 97 29 Ende!

198 268 21 28 S
232 268 8 28 i
252 277 16 19 e
286 268 83 29 hätte
388 276 33 20 er
438 268 171 30 bewachen
629 268 95 29 sollen
741 286 38 4 —
797 266 59 29 und
877 266 55 28 das
951 265 84 29 hatte

143 327 33 20 er
197 317 81 29 nicht
299 318 106 32 getan!

199 368 39 29 Es
256 376 66 20 war
339 368 61 28 ihm
419 369 64 29 also
501 378 79 24 ganz
597 368 85 29 recht
701 375 156 24 ergangen
871 386 38 2 —
924 368 61 27 wie
1003 375 32 19 er

143 427 33 20 es
198 418 173 29 verdiente!

198 468 81 32 Kurz
303 468 59 28 und
383 469 75 34 klar,
480 470 54 28 das
557 468 116 29 Ganze!

198 519 115 32 Fertig!
338 542 6 6 .
365 542 7 7 .
394 542 6 6 .

200 569 38 28 Er
266 569 83 30 hatte
378 571 64 28 sich
471 569 51 29 auf
550 571 65 26 eine
645 568 87 27 Bank
759 567 278 34 niedergeworfen,

144 620 47 28 die
214 620 69 28 hart
305 629 50 19 am
377 620 106 33 Rande
504 620 56 28 des
584 618 190 28 Bollwerkes
799 617 99 29 stand.

200 670 167 34 Todmüde,
388 672 52 27 mit
461 669 198 29 keuchenden
680 668 199 34 Atemzügen,
898 670 53 27 mit
973 668 49 32 glü-

144 721 121 28 henden
285 721 108 32 Augen
414 722 111 27 starrte
546 728 32 21 er
599 727 49 20 um
670 719 73 33 sich,
766 727 50 20 um
837 727 38 20 zu
896 719 103 28 sehen.

216 771 90 29 Dicht
335 773 86 26 unter
451 770 59 28 ihm
541 769 207 32 plätscherten
779 769 48 28 die
856 769 181 32 langsamen

143 820 134 34 Wellen;
306 822 51 28 mit
384 821 126 31 kleinen,
536 827 121 25 nassen,
683 818 220 30 klatschenden
931 818 89 29 Schlä-

146 881 58 23 gen
231 872 144 31 schlugen
402 871 43 28 sie
491 870 150 28 zuweilen
667 877 99 24 gegen
793 869 137 29 Planken
977 869 61 28 und

144 921 125 29 Balken.

202 973 31 27 In
247 971 53 29 der
315 971 96 29 Ferne
429 970 37 28 da
483 970 144 33 draußen,
643 978 79 24 ganz
737 971 74 28 weit
825 978 80 26 weg,
922 970 115 33 gerade

143 1022 75 28 über
247 1022 53 28 der
329 1020 160 33 doppelten
519 1020 85 29 Linie
630 1029 63 19 von
720 1020 120 29 Dunkel
869 1021 60 28 und
959 1020 80 28 noch

144 1072 138 29 tieferem
307 1071 118 28 Dunkel
454 1071 54 29 des
536 1070 174 34 Horizonts,
737 1070 89 29 stand
856 1072 47 28 ein
931 1070 105 33 Stern;

143 1123 63 27 sein
228 1121 184 32 Spiegelbild
433 1121 140 31 glitzerte
595 1121 38 28 da
656 1121 136 29 draußen
811 1121 112 29 feucht.

198 1171 84 30 Nach
301 1171 103 29 Süden
424 1180 37 19 zu
481 1180 66 20 war
568 1171 55 30 der
642 1171 131 30 Himmel
793 1172 151 34 schwarz,
964 1173 74 28 aber

141 1223 42 28 im
202 1222 122 29 Norden
345 1222 59 28 und
424 1222 205 29 Nordwesten
650 1223 196 28 schimmerte
866 1223 171 33 beständig,

130 1270 129 36 lautlos,
289 1272 173 34 schillernd,
490 1274 29 27 in
548 1272 219 35 sonderbaren,
816 1272 138 33 zugleich
985 1281 36 24 ge-

142 1323 156 31 dämpften
327 1323 60 28 und
417 1323 115 33 grellen
560 1323 108 29 Tönen
717 1331 61 21 von
809 1323 136 29 Gelblich
976 1323 62 29 und

142 1373 84 29 Grün
251 1373 60 29 und
338 1373 67 34 Rot,
431 1376 47 27 ein
502 1374 213 29 wechselnder
742 1373 213 29 Widerschein
983 1374 54 28 der

141 1424 198 33 gesunkenen
361 1424 112 29 Sonne.

197 1474 33 29 In
254 1477 104 27 seinen
384 1474 228 30 Nasenlöchern
662 1476 104 31 spürte
793 1485 27 20 ei
851 1474 50 29 auf
927 1474 110 29 einmal

141 1526 58 28 den
222 1525 139 34 bitteren,
386 1525 174 33 ruflartigen
586 1526 122 28 Geruch
733 1526 54 28 des
813 1524 142 34 Rauches
982 1533 55 22 aus

141 1575 70 29 dem
282 1575 198 30 Schornstein
553 1576 193 32 irgendeines
820 1576 217 29 unsichtbaren

138 1625 167 33 Dampfers
328 1646 37 4 —
390 1636 30 19 er
447 1627 59 28 hob
531 1626 142 32 plötzlich
700 1627 58 28 den
782 1625 79 33 Kopf
887 1629 47 26 ein
957 1626 81 29 klein

139 1678 113 33 wenig,
270 1686 56 23 sog
342 1678 117 28 wieder
476 1678 60 27 und
555 1678 116 28 wieder
688 1678 176 31 begehrlich
882 1678 28 27 in
929 1677 93 29 rätsel-

141 1727 115 29 haftem
280 1727 147 33 Behagen
453 1728 105 29 diesen
585 1728 135 29 Gestank
748 1730 47 26 ein
821 1751 6 6 .
850 1751 6 5 .
877 1751 7 5 .
912 1728 59 28 und
999 1728 40 28 da

142 1780 152 27 erinnerte
319 1787 31 20 er
374 1778 63 30 sich
460 1779 58 33 jäh,
541 1778 78 29 ohne
643 1778 95 29 selbst
759 1787 38 19 zu
820 1779 115 28 wissen
955 1787 63 19 wes-

144 1829 79 31 halb,
254 1831 110 31 seiner,
394 1829 55 29 des
480 1829 98 33 Alten,
611 1829 54 28 des
698 1829 175 33 Aufsehers,
905 1836 62 21 von
999 1828 38 28 da

141 1879 126 34 drüben,
288 1879 60 29 und
367 1881 100 27 seiner
484 1879 118 33 Worte,
623 1879 58 28 daß
699 1881 56 26 wir
776 1879 54 29 das
852 1879 96 29 Glück
966 1888 54 19 ver-

141 1930 109 33 gäßen,
276 1930 107 29 sobald
411 1939 33 20 es
467 1930 109 29 vorbei
602 1932 43 26 sei
669 1951 37 1 —
733 1930 73 28 aber
833 1938 37 20 an
896 1930 55 28 das
976 1929 42 29 Un-

141 1981 91 32 glück
259 1981 202 29 klammerten
489 1982 57 27 wir
575 1989 56 21 uns
658 1982 53 27 mit
740 1980 128 29 Händen
896 1980 60 28 und
985 1981 54 28 mit

142 2031 104 28 Füßen
265 2039 47 24 an,
331 2031 43 29 als
392 2031 79 32 gäbe
492 2040 32 20 es
543 2031 97 29 nichts
659 2031 51 28 auf
728 2031 53 29 der
799 2031 82 28 Welt
902 2031 43 28 als
967 2030 68 29 das!

200 2081 105 33 Wahr,
329 2081 110 30 dachte
462 2091 31 20 er
514 2083 73 30 jetzt
609 2090 49 20 —:

200 2132 67 29 Wie
294 2140 66 21 war
386 2141 32 20 es
444 2133 96 31 wahr,
565 2132 101 29 Punkt
692 2132 46 28 für
765 2132 112 29 Punkt!

200 2182 67 30 Wie
287 2191 68 21 war
376 2192 33 20 es
430 2183 127 33 einfach,
576 2184 61 28 wie
654 2191 68 20 war
745 2192 31 20 es
795 2183 110 32 richtig
923 2203 36 2 —
978 2183 61 28 wie

141 2241 68 21 war
228 2242 33 20 es
280 2234 207 28 vollkommen
504 2234 101 28 wahr!
626 2257 83 7 ....

198 2283 39 29 Er
257 2286 98 27 setzte
377 2284 62 29 sich
459 2286 54 27 mit
534 2286 98 27 einem
652 2284 87 32 Ruck
759 2285 139 28 aufrecht
919 2284 52 29 auf
990 2285 48 28 die

141 2333 97 33 Bank,
265 2337 113 26 starrte
405 2335 127 28 sinnend
560 2337 86 26 einen
674 2335 188 32 Augenblick
889 2344 57 19 vor
974 2335 65 29 sich

141 2384 59 33 hin,
227 2384 100 29 lehnte
354 2385 63 28 sich
444 2386 110 27 darauf
579 2386 139 32 langsam
745 2386 165 33 vornüber,
937 2386 104 28 indem

143 2443 31 20 er
195 2436 49 28 die
266 2434 185 34 Ellenbogen
472 2436 51 28 auf
543 2437 84 28 seine
649 2436 74 31 Knie
746 2438 121 27 stützte.

198 2485 91 34 Aber,
314 2487 139 31 grübelte
480 2495 32 21 er
539 2488 118 32 weiter,
683 2487 77 29 noch
788 2487 77 29 ohne
893 2496 33 20 so
952 2487 87 29 recht

143 2536 141 29 ernstlich
305 2546 36 19 zu
362 2537 181 33 empfinden,
562 2539 107 26 womit
687 2537 64 29 sich
771 2539 64 28 sein
854 2537 113 29 Gehirn
985 2538 37 28 be-

143 2586 162 33 schäftigte
326 2596 49 19 —:
403 2587 72 29 aber
498 2588 59 29 wie
581 2587 80 29 kann
687 2597 32 20 es
743 2596 55 20 nur
822 2589 74 32 sein,
922 2588 56 28 daß
1006 2597 32 20 es

141 2638 137 28 wirklich
304 2647 34 19 so
362 2638 75 29 ist?!
464 2638 115 29 Woher
606 2639 116 28 kommt
748 2647 40 26 es,
814 2638 58 28 daß
898 2638 54 29 das
976 2638 43 28 Un-

142 2687 98 34 glück,
273 2688 54 29 das
358 2689 180 31 grauenvoll
569 2688 270 33 Ungewöhnliche,
880 2688 54 30 das
966 2688 56 28 Ent-

142 2739 288 34 setzenerregende,
456 2741 65 27 eine
548 2749 33 19 so
606 2741 182 31 grenzenlos
814 2740 94 32 große
933 2739 107 29 Macht

141 2788 75 29 über
240 2798 54 19 uns
318 2789 74 29 hat?

198 2839 68 29 Und
291 2840 74 28 über
392 2848 55 21 uns
474 2840 55 29 alle
557 2841 222 28 miteinander?

199 2888 101 30 Ueber
326 2890 55 28 alle
432 2891 46 28 die
505 2891 116 29 andern
644 2911 38 3 —
706 2892 118 28 sowohl
875 2892 60 28 wie
962 2891 78 29 über

141 2939 103 28 mich?

200 2989 116 29 Würde
345 2991 45 28 ich
419 2991 79 27 denn
528 2991 64 28 also
621 2992 112 29 anders
787 2992 115 32 gefühlt
929 2993 111 32 haben,

142 3047 91 21 wenn
262 3040 96 29 Annie
386 3048 55 21 nur
616 3050 78 23 ganz
724 3042 118 29 einfach
872 3043 170 31 gestorben

141 3090 108 28 wäre?
276 3113 90 6 ....

200 3141 90 29 Seine
318 3141 110 33 Finger
458 3141 128 29 krallten
616 3142 64 28 sich
710 3142 140 32 plötzlich
879 3143 68 28 hart
978 3143 61 29 und

143 3189 60 30 fest
225 3191 185 35 ineinander,
432 3202 31 19 er
485 3192 61 32 bog
567 3192 59 29 den
647 3192 126 29 Nacken
795 3195 47 26 ein
861 3194 103 30 wenig
985 3202 36 19 zu-

144 3240 82 34 rück,
251 3242 47 29 die
321 3242 168 29 Gedanken
512 3244 102 31 jagten
640 3245 28 26 in
691 3243 246 29 schwindelnder
962 3243 78 29 Hast

143 3290 95 30 durch
260 3294 105 27 seinen
385 3292 79 33 Kopf
482 3301 50 21 —:

199 3334 117 36 Würäe
339 3343 77 28 auch
439 3344 46 28 ich
510 3343 54 30 das
589 3344 104 28 Ganze
717 3344 111 30 anders
855 3344 184 33 empfunden

144 3389 99 30 haben
268 3412 38 2 —
330 3401 90 20 wenn
449 3395 43 28 sie
521 3396 83 27 eines
633 3395 135 28 schönen
797 3395 101 32 Tages
926 3403 97 20 unver-

144 3443 96 26 mutet
270 3442 95 28 krank
394 3444 169 32 geworden
592 3446 95 32 wäre,
718 3453 91 20 wenn
841 3446 43 29 sie
914 3454 38 20 zu
982 3447 57 27 mir

144 3489 289 34 hereingekommen
460 3496 95 31 wäre,
605 3495 149 28 während
781 3496 47 27 ich
856 3496 94 28 dasaß
978 3496 62 29 und

144 3540 131 34 schrieb,
294 3543 67 28 eine
380 3543 98 29 kleine
494 3544 98 30 Weile
611 3546 98 28 hinter
729 3547 131 27 meinem
879 3546 85 29 Stuhl
986 3556 37 23 ge-

143 3591 132 28 standen
305 3591 92 34 hätte,
426 3602 32 21 es
486 3602 34 21 so
549 3595 90 32 lange
667 3597 60 27 wie
755 3595 131 32 möglich
916 3596 106 29 hinaus-

144 3640 176 33 schiebend,
343 3642 78 29 mich
443 3645 29 26 in
495 3647 114 27 meiner
634 3645 106 30 Arbeit
761 3654 38 20 zu
823 3647 113 32 stören,
959 3647 78 28 mich

144 3689 101 35 bange
273 3700 37 19 zu
343 3692 141 33 machen;
543 3695 73 29 aber
646 3696 174 28 schließlich
850 3696 112 29 konnte
995 3697 44 28 sie

145 3739 81 30 nicht
252 3742 94 33 mehr,
372 3743 44 27 sie
444 3743 82 29 hätte
552 3745 64 29 ihre
640 3746 121 31 Wange
812 3754 100 24 gegen
940 3749 99 26 meine

145 3789 141 31 Schulter
312 3791 132 35 gelehnt,
468 3795 47 26 ein
539 3794 79 29 klein
642 3797 103 32 wenig
769 3796 123 30 schwer
915 3817 38 3 —
978 3797 61 29 und

145 3841 80 29 nach
244 3842 82 29 einer
344 3842 97 29 Weile
462 3842 83 29 hätte
564 3845 45 28 ich
630 3846 148 33 gemerkt,
798 3845 57 29 daß
873 3846 65 30 ihre
957 3846 82 29 Haut

146 3897 36 22 so
203 3891 67 29 heiß
290 3900 75 26 war,
387 3893 43 29 sie
451 3893 130 29 brannte
602 3896 55 27 mir
679 3896 94 29 durch
795 3896 59 29 den
874 3896 107 33 Anzug
1002 3917 39 3 —

146 3940 82 30 nicht
251 3950 43 25 so,
317 3943 59 29 wie
398 3951 34 21 so
456 3942 43 30 oft
522 3946 94 30 sonst,
640 3952 90 21 wenn
750 3946 57 28 wir
831 3946 67 28 froh
922 3955 117 21 waren,

1166 3703 348 61 Friedrieh
1560 3706 472 62 Rosenkranz:
2078 3734 421 39 Originalholzsehnift
