2842 3830
370 3571 137 75 20

1230 258 575 74 ECHOS

323 451 21 24 »
381 438 171 44 Qu'A...
593 452 21 20 a
651 435 127 36 utilisé
816 449 47 21 en
901 440 113 31 outre
1049 431 98 35 dans
1185 444 68 21 son
1293 430 141 33 intérêt

266 501 209 45 personne]
503 500 66 38 des
595 498 173 37 modèles
793 496 53 37 lui
870 504 119 34 ayant
1014 498 61 31 été
1101 495 118 32 remis
1244 505 48 20 en
1314 490 120 42 dépôt

265 578 102 29 pour
393 578 47 19 en
469 562 96 35 faire
593 576 51 19 un
672 574 120 28 usage
818 558 235 38 déterminé;

322 648 21 25 »
369 637 106 43 Qu'il
501 651 21 20 a
549 638 126 33 même
701 635 69 35 fait
793 633 232 43 disparaître
1049 632 37 34 la
1110 644 165 28 marque
1303 628 131 35 «8...»

266 714 67 21 sur
353 701 56 34 les
435 698 200 36 machines
659 696 171 35 vendues
854 708 73 30 par
950 694 52 35 lui
1028 706 102 30 pour
1152 691 37 36 la
1216 691 218 43 remplacer

266 776 73 29 par
368 776 42 20 sa
439 774 144 30 propre
614 772 182 30 marque;

324 846 20 24 »
381 835 87 42 Que
505 842 99 26 cette
642 834 270 32 circonstance
949 831 194 34 constitue
1180 832 21 31 à
1237 828 91 35 n'en
1364 841 70 29 pas

263 897 144 35 douter
444 899 37 33 la
520 894 291 36 manifestation
849 892 46 36 de
934 906 71 21 son
1040 892 195 35 intention
1274 889 138 36 fraudu-

262 958 108 37 leuse
380 973 8 26 ;

376 1031 176 36 Attendu
587 1044 75 29 que
697 1031 168 38 ,suivant
898 1028 36 35 la
967 1027 180 36 doctrine
1180 1035 37 26 et
1249 1026 37 35 la
1317 1027 97 42 juris-

265 1094 200 44 prudence
489 1107 47 20 en
559 1094 177 40 vigueur,
764 1105 50 21 un
839 1089 205 39 industriel
1070 1097 131 35 ayant,
1228 1102 103 29 pour
1356 1091 59 31 éta-

263 1155 74 37 blir
367 1155 66 38 des
463 1154 200 36 machines
693 1153 95 35 dans
819 1167 77 21 une
926 1153 113 33 usine
1067 1166 48 20 en
1147 1151 284 37 construction,

264 1217 191 36 demandé
488 1232 50 19 un
571 1216 91 43 plan
695 1218 22 32 à
748 1230 78 21 une
858 1216 153 34 maison
1042 1227 103 30 pour
1176 1213 256 34 l'édification

262 1279 67 36 des
370 1279 211 36 bâtiments
621 1277 170 35 destinés
831 1279 22 32 à
895 1278 178 33 recevoir
1112 1289 64 21 ces
1215 1273 215 40 machines,

261 1350 172 26 commet
458 1355 52 20 un
534 1340 93 35 délit
649 1339 139 35 d'abus
810 1338 48 35 de
882 1338 208 35 confiance
1114 1340 171 40 lorsque,
1312 1343 120 36 ayant

265 1418 92 28 reçu
391 1417 42 20 ce
468 1402 90 44 pian
594 1416 154 21 comme
783 1400 249 44 dépositaire,
1067 1399 26 36 il
1127 1399 35 36 le
1196 1399 70 35 fait
1298 1399 136 42 copier

263 1479 102 29 pour
395 1465 35 35 le
464 1464 96 36 faire
593 1467 188 33 exécuter
812 1476 75 31 par
915 1476 80 21 'une
1029 1470 115 27 autre
1176 1461 171 40 maison;

365 1538 179 36 Attendu
570 1552 89 29 que,
689 1538 97 35 dans
815 1550 64 24 ces
906 1536 234 39 conditions,
1171 1537 54 35 les
1254 1535 88 35 faits
1373 1547 38 22 re-

261 1601 167 44 prochés
459 1604 21 31 à
511 1601 89 34 A...
636 1608 37 26 et
705 1598 266 44 sus-rappelés
1003 1600 241 34 constituent
1272 1597 92 35 bien
1395 1595 37 37 le

258 1662 94 36 délit
381 1662 136 36 d'abus
546 1661 48 36 de
621 1661 226 41 confiance;

317 1747 21 24 »
375 1736 74 35 Par
482 1750 65 21 ces
583 1735 145 39 motifs,

315 1820 21 26 >
365 1809 164 37 Déclare
557 1809 90 36 A...
680 1807 194 46 coupable
903 1808 138 36 d'abus
1070 1808 47 36 de
1148 1807 226 39 confiance;

317 1895 21 25 >
367 1884 54 35 Ce
450 1885 65 42 qui
543 1884 195 35 constitue
766 1886 22 32 à
814 1896 43 21 sa
884 1882 147 43 charge
1059 1884 36 34 le
1122 1881 93 36 délit
1242 1885 124 39 prévu
1395 1888 37 27 et

260 1947 97 43 puni
384 1960 71 29 par
480 1945 56 36 les
561 1945 158 36 articles
745 1944 80 36 410
853 1954 38 27 et
919 1944 78 36 406
1027 1943 50 37 du
1105 1943 109 37 Code
1241 1942 135 45 pénal;

315 2104 153 37 Faisant
496 2104 240 45 application
765 2105 67 35 des
860 2104 252 44 dispositions
1137 2103 72 37 des
1234 2103 74 37 dits
1338 2104 72 34 arti-

258 2166 80 36 cles
346 2182 8 27 ;

313 2251 23 26 »
361 2241 232 35 Condamne
616 2241 90 36 A...
735 2243 23 33 à
784 2239 79 37 500
890 2240 133 39 francs
1043 2239 228 42 d'amende;

315 2326 21 25 £
367 2315 52 35 Le
452 2314 222 36 condamne
704 2329 48 21 en
784 2323 115 27 outre
929 2329 78 21 aux
1037 2314 165 43 dépens;

314 2387 24 27 >
373 2377 46 36 Et
454 2386 174 27 statuant
665 2392 67 21 sur
765 2376 58 37 les
856 2376 254 37 conclusions
1143 2376 52 37 de
1229 2376 38 36 la
1301 2376 128 44 partie

258 2439 125 40 civile,

315 2523 22 25 »
375 2512 178 36 Attendu
592 2527 76 30 que
706 2512 35 36 le
781 2512 70 35 fait
890 2512 97 35 dont
1023 2512 91 35 A...
1157 2520 57 28 est
1252 2526 178 21 reconnu

260 2574 192 43 coupable
482 2589 20 21 a
534 2578 117 32 causé
680 2588 51 22 au
760 2577 108 33 sieur
894 2573 85 37 C...
1014 2589 54 21 un
1098 2573 207 44 préjudice
1331 2573 97 35 dont

257 2635 28 37 il
313 2637 51 35 lui
396 2646 56 26 est
482 2636 51 36 dû
564 2638 245 43 réparation;

315 2719 22 26 »
369 2709 87 44 Que
485 2709 35 36 le
550 2709 173 37 tribunal
753 2724 23 21 a
804 2709 59 36 les
893 2708 189 37 éléments
1112 2709 315 44 d'appréciation

1515 429 202 36 suffisants
1745 444 102 29 pour
1876 431 241 36 déterminer
2143 433 243 37 l'indemnité
2415 438 22 31 à
2465 435 170 43 laquelle
2665 449 25 23 a

1514 491 102 34 droit
1643 489 107 44 C...;

1571 576 21 24 »
1625 566 232 36 Condamne
1887 567 89 35 A...
2012 571 22 31 à
2065 582 123 29 payer
2217 572 22 32 à
2269 570 84 34 C...
2389 571 36 34 la
2455 585 151 21 somme
2639 571 47 35 de

1512 625 120 40 5,000
1665 628 85 35 fran
1757 643 38 20 es
1824 632 21 31 à
1874 632 89 32 titre
1992 630 47 35 de
2067 630 431 43 dommages-intérêts;
2526 632 35 36 le
2592 647 69 21 con-

1511 688 143 40 damne
1684 704 46 20 en
1759 699 112 26 outre
1900 706 77 21 aux
2007 691 93 36 frais
2130 692 46 36 de
2205 694 37 35 la
2269 696 127 40 partie
2425 694 124 35 civile.
2579 705 21 24 »

1576 794 210 43 (Tribunal
1830 798 289 35 correctionnel
2162 797 46 35 de
2250 797 140 42 Tours,
2436 797 50 36 20
2530 799 131 35 décem-

1510 854 70 37 bre
1617 856 137 46 1923.)

1565 1063 331 37 ENTREPRISES
1942 1065 66 36 DE
2055 1065 260 36 TRAVAUX
2362 1067 216 36 PUBLICS.

1507 1126 198 36 COMITE
1747 1126 276 36 SUPERIEUR
2066 1127 67 36 DE
2176 1127 289 37 CONTROLE.
2608 1129 73 35 Les

1505 1187 353 37 Administrations
1903 1189 265 43 provinciales
2213 1204 53 21 ou
2311 1189 273 37 communales
2629 1206 51 20 ou

1506 1258 134 26 autres
1665 1249 353 38 Administrations
2044 1251 297 35 subordonnées
2371 1260 309 34 entreprennent

1508 1310 293 44 fréquemment
1839 1312 66 38 des
1940 1320 169 27 travaux
2145 1327 103 29 pour
2283 1313 170 44 lesquels
2491 1313 92 36 elles
2623 1328 37 20 re-

1507 1373 156 42 çoiveht
1688 1373 69 35 des
1783 1373 254 36 subventions
2063 1374 49 35 de
2139 1374 128 36 l'Etat.

1563 1445 52 37 Le
1642 1446 156 36 Comité
1823 1449 207 41 supérieur
2055 1446 47 36 de
2128 1446 178 36 contrôle
2333 1462 21 20 a
2382 1463 48 19 eu
2458 1462 70 20 son
2555 1455 105 27 atten-

1505 1508 83 33 tion
1615 1509 138 33 attirée
1779 1523 67 20 sur
1869 1522 45 21 ce
1941 1523 75 29 que
2044 1510 169 35 certains
2239 1509 47 35 de
2312 1524 63 20 ces
2401 1518 166 26 travaux
2592 1510 75 36 lais-

1489 1574 106 31 sent
1625 1568 214 36 fortement
1869 1573 22 31 à
1922 1569 159 37 désirer.
2114 1569 27 37 Il
2171 1585 25 28 y
2225 1573 128 33 aurait
2384 1571 127 43 grantd
2539 1573 142 33 intérêt

1507 1644 104 30 pour
1639 1630 35 36 le
1702 1630 147 36 Trésor
1877 1634 22 31 à
1931 1646 44 20 ce
2006 1646 76 29 que
2114 1644 63 23 ces
2208 1641 168 27 travaux
2406 1632 150 36 fussent
2589 1647 72 20 con-

1502 1691 122 37 trôlés
1652 1706 73 29 par
1752 1692 35 36 le
1814 1692 158 36 Comité
1999 1694 211 42 supérieur
2237 1693 47 36 de
2314 1693 177 36 contrôle
2523 1693 134 36 confor-

1501 1757 179 31 mément
1708 1767 77 21 aux
1813 1755 283 42 prescriptions
2122 1754 49 38 de
2199 1754 164 36 l'article
2397 1755 18 35 7
2446 1755 46 35 de
2521 1755 160 36 l'arrêté

1507 1815 108 42 royal
1652 1815 51 35 du
1740 1815 50 35 28
1827 1815 210 40 décembre
2079 1815 116 41 1921,
2231 1825 161 35 portant
2427 1817 169 35 revision
2631 1817 47 35 de

1505 1875 157 35 l'arrêté
1696 1879 219 41 organique
1949 1877 47 35 de
2029 1892 44 20 ce
2106 1877 167 37 Comité.

1561 1948 73 37 Les
1672 1949 352 36 Administrations
2067 1949 211 45 publiques
2317 1951 219 44 procédant
2578 1955 22 31 à
2642 1950 37 36 la

1503 2011 98 35 mise
1626 2025 48 21 en
1699 2011 270 44 adjudication
1991 2011 48 37 de
2061 2021 169 27 travaux
2253 2027 102 29 pour
2378 2012 171 44 lesquels
2570 2014 28 35 il
2621 2022 57 26 est

1500 2072 172 37 accordé
1700 2072 66 36 des
1794 2073 255 36 subventions
2075 2074 47 35 de
2147 2074 130 41 l'Etat,
2307 2074 177 42 devront,
2509 2075 144 35 doréna-

1501 2142 107 33 vant,
1643 2135 154 34 fournir
1827 2149 51 21 au
1909 2135 156 36 Comité
2095 2137 207 42 supérieur
2333 2136 47 35 de
2413 2136 177 36 contrôle
2623 2135 54 36 les

1500 2194 236 37 documents
1765 2197 170 43 ci-après
1969 2212 9 19 :

1569 2269 33 35 1°
1632 2269 54 36 Le
1715 2269 134 36 cahier
1875 2272 147 42 spécial
2049 2270 68 39 des
2143 2270 167 44 charges
2337 2270 50 38 de
2414 2270 247 44 l'entreprise
2671 2286 13 25 ;•

1559 2342 43 36 2°
1632 2343 88 35 Une
1754 2345 113 42 copie
1903 2343 176 37 certifiée
2116 2343 206 38 conforme
2354 2344 50 36 de
2434 2345 42 35 la
2509 2346 144 34 soumis-

1499 2405 86 35 sion
1595 2419 10 27 ;

1559 2477 41 36 3°
1627 2478 87 36 Une
1744 2479 115 44 copie
1884 2478 54 37 du
1963 2481 127 34 métré
2118 2479 221 44 descriptif;

1561 2551 40 36 4°
1631 2551 86 38 Une
1750 2554 113 42 copie
1893 2552 49 37 de
1971 2551 146 40 Tordre
2147 2552 48 36 dé
2227 2567 254 22 commencer
2510 2552 57 37 les
2597 2561 60 27 tra-

1500 2627 115 21 vaux.

1566 2712 45 43 («
1640 2712 230 43 Chronique
1897 2712 69 36 des
1994 2712 185 41 Travaux
2208 2712 154 37 Publics
2391 2712 59 43 ».)

450 3061 84 52 LE
559 3063 273 53 PRÉSENT
855 3063 259 53 NUMÉRO
1139 3074 326 42 RENFERME
1484 3063 155 50 HUIT
1662 3061 321 54 PLANCHES
2008 3063 161 53 HORS
2194 3092 22 11 -
2240 3061 235 54 TEXTE.
