3520 4417
355 202 487 198 \ie«l(i
898 202 869 203 iiieinische
1914 207 1148 259 Musik-Zeitung

977 507 117 114 für
1185 504 551 120 iuiistfmiuiir
1792 512 145 114 itnii
2003 510 386 119 llünstlfr.

155 743 388 69 Herausgegeben
591 762 89 33 von
732 746 237 49 Professor
1021 741 70 59 L.
2124 741 266 80 Bischoff.
1598 750 175 67 Verlag
1828 751 82 49 der
2092 744 765 83 DuMont-Schauberg'sehen
2898 752 375 67 Buchhandlung.

245 1071 227 37 Inhalt.

529 1072 96 36 Aus
653 1073 196 36 London
878 1073 89 47 (Die
996 1076 126 47 Opern
1227 1076 182 35 Fräulein
1438 1077 112 36 Artöt
1656 1078 74 35 Die
1759 1078 209 37 deutschen
1998 1081 263 47 Sängerinnen
2290 1082 182 46 Tietjens,
2501 1084 138 41 Lucca,
2670 1084 389 48 Harriers-Wippern,
3089 1086 190 38 Liebhart.

221 1133 66 36 Dr.
319 1133 139 46 Gunz).
564 1133 294 37 Musicalisches
886 1146 68 25 aus
982 1136 170 48 Leipzig.
1194 1137 85 34 Von
1308 1138 66 34 Dr.
1419 1137 150 37 Oscar
1609 1137 135 38 Paul.
1852 1139 124 36 Ueber
2006 1141 127 35 wahre
2161 1142 76 34 und
2265 1142 145 36 falsche
2437 1143 218 36 Virtuosen.
2763 1146 76 34 Der
2865 1145 136 36 kölner
3028 1146 229 38 Männer-Ge-

144 1194 227 48 sangverein
399 1193 41 34 in
468 1193 165 37 Worms.
741 1195 178 47 Tages-
963 1197 95 34 und
1105 1197 539 47 Unterhaltungsblatt
1686 1199 270 47 (Meyerbeer's
1999 1202 309 35 Vermächtnisse
2349 1204 59 33 für
2448 1204 115 34 milde
2605 1204 76 34 und
2721 1204 279 40 künstlerische
3042 1208 161 36 Zwecke

144 1252 241 46 Kreuznach,
414 1254 179 35 Theodor
623 1255 290 48 Scharfenberg
1020 1256 455 49 Ordens-Verleihungen
1579 1259 174 46 London,
1782 1260 69 38 Dr.
1880 1260 38 36 J.
1946 1260 43 36 P.
2017 1263 43 36 E.
2090 1260 223 47 d'Alquen's
2341 1263 268 36 musicalische
2638 1265 170 47 Werke).

721 1410 99 55 Aus
863 1410 221 55 London.

136 1532 101 47 (Die
268 1531 156 47 Opern
509 1532 156 37 Fräul.
695 1533 84 34 Art
789 1532 22 35 6
825 1534 188 33 t—Die
1043 1533 269 36 deutschen
1341 1534 332 47 Sängerinnen

212 1592 237 45 Tietjens,
492 1593 180 45 Lucca,
713 1593 141 34 Harri
868 1593 241 46 ers-Wipp
1125 1604 46 24 er
1185 1604 43 34 n,
1272 1594 243 36 Liebhart.

773 1652 67 36 Dr.
872 1651 161 47 Gunz.)

1097 1732 101 34 Den
1236 1729 36 40 3.
1313 1732 105 35 Juli
1456 1732 112 40 1864.

256 1804 172 48 Unsere
451 1804 173 48 Season
648 1804 78 48 hat
750 1804 42 48 in
816 1804 306 66 Verbindung
1145 1807 80 47 mit
1249 1823 192 31 unseren
1467 1807 205 50 Guineen

134 1881 99 48 ibre
276 1880 420 65 Anziehungskraft
738 1882 78 46 für
858 1881 175 48 fremde
1070 1884 222 47 Künstler
1335 1884 250 48 wiederum
1630 1887 42 47 in

135 1959 124 49 einer
292 1959 159 48 Weise
494 1957 226 59 bewährt,
764 1960 86 48 wie
889 1961 64 47 sie
996 1960 119 48 noch
1152 1961 74 47 nie
1254 1961 58 47 da
1353 1978 212 48 gewesen
1604 1964 68 48 ist.

132 2036 124 50 Wer
284 2042 142 44 nennt
452 2036 74 48 die
554 2036 180 48 Namen
765 2037 127 55 aller,
935 2037 72 50 die
1035 2054 102 32 zum
1170 2039 135 48 Feste
1343 2039 197 49 kamen?
1595 2040 77 48 Ich

131 2115 224 48 verzichte
376 2114 178 49 darauf.
583 2114 103 48 Nur
708 2130 49 33 so
780 2115 81 48 viel
886 2115 54 48 ist
962 2115 180 66 gewiss,
1173 2115 102 49 dass
1298 2116 73 48 die
1394 2117 279 57 Deutschen,

132 2191 176 47 welche
336 2206 85 33 von
452 2190 87 48 den
560 2190 298 64 Engländern
891 2191 77 47 für
996 2207 50 32 so
1076 2191 469 67 eroberungssüchtig
1568 2211 78 32 aus-

132 2267 193 65 gerufen
350 2266 205 58 werden,
585 2266 153 49 diesen
764 2267 257 50 Charakter
1044 2270 84 47 auf
1143 2268 104 50 dem
1273 2270 202 64 hiesigen
1500 2272 144 47 Kunst-

132 2343 182 66 gebiete
342 2345 43 48 in
416 2345 82 48 der
526 2345 121 48 That
687 2345 223 66 siegreich
947 2346 210 49 bewährt
1198 2347 178 56 haben;
1418 2348 62 49 sie
1519 2348 151 50 haben

134 2422 143 48 dieses
301 2421 165 49 Gebiet
494 2422 267 66 vollständig
792 2425 43 47 in
865 2423 163 59 Besitz,
1051 2441 50 32 so
1126 2425 105 49 weit
1259 2442 46 31 es
1334 2425 72 49 die
1432 2426 240 49 classische

132 2498 505 50 Instrumental-Musik
662 2498 189 60 betrifft,
880 2501 93 48 und
1002 2501 140 49 selbst
1170 2502 44 48 in
1244 2501 84 51 der
1350 2502 130 66 Oper
1501 2503 169 50 theilen

134 2577 63 48 sie
226 2576 72 49 die
327 2577 272 48 Herrschaft
629 2578 79 47 mit
737 2577 86 50 den
854 2578 245 50 Italiänern
1129 2580 83 49 auf
1235 2580 101 48 eine
1362 2581 176 56 Weise,
1569 2581 101 49 dass

135 2653 80 50 das
245 2655 359 64 Uebergewicht
632 2655 81 48 der
741 2656 157 48 Macht
938 2656 91 48 und
1077 2656 78 49 des
1184 2657 251 50 Einflusses
1472 2658 82 49 auf
1590 2658 80 50 das

136 2731 243 49 Publicum
409 2732 116 50 nach
557 2733 123 47 ihrer
708 2733 123 49 Seite
860 2733 76 49 hin
967 2735 137 64 neigt.
1447 2736 86 48 rief
1557 2754 84 31 neu-

136 2811 87 48 lich
254 2811 71 48 ein
357 2809 339 50 musicalischer
724 2812 318 50 Italianissimo
1072 2829 82 31 aus
1283 2813 83 57 „ist
1404 2830 45 32 es
1486 2830 50 32 so
1568 2815 105 48 weit

138 2887 295 66 gekommen,
463 2888 103 48 dass
595 2888 84 48 wir
708 2905 162 33 unsere
893 2889 318 65 Sängerinnen
1237 2891 91 48 und
1350 2891 177 65 Sänger
1550 2891 123 49 nicht

138 2964 132 50 mehr
291 2981 83 34 aus
394 2966 201 49 Mailand
619 2966 91 48 und
732 2967 174 65 Neapel
936 2967 60 48 im
1021 2968 254 65 Triumphe
1305 2968 158 48 hieher
1488 2968 185 59 führen,

136 3044 196 49 sondern
362 3044 64 50 sie
455 3061 81 32 aus
560 3044 153 49 Berlin
746 3044 90 49 und
864 3046 141 49 Wien
1029 3046 152 56 holen,
1212 3046 149 49 wobei
1392 3047 84 48 wir
1499 3047 174 48 Gefahr

139 3121 169 57 laufen,
332 3140 195 31 unseren
553 3123 155 48 reinen
731 3122 308 49 italiänischen
1067 3123 283 50 Geschmack
1382 3124 116 49 auch
1523 3126 43 47 in
1590 3124 83 49 der

139 3198 127 66 Oper
295 3216 50 33 so
375 3201 290 48 verdeutscht
693 3217 53 31 zu
775 3202 156 55 sehen,
977 3202 86 47 wie
1104 3218 44 31 es
1187 3202 139 48 schon
1359 3202 41 47 in
1432 3202 86 48 den
1551 3202 90 48 Con-

138 3284 152 42 certen
317 3295 190 31 unserer
527 3295 187 48 grossen
732 3278 533 50 Musik-Gesellschaften
1292 3279 80 47 mit
1395 3279 81 47 der
1498 3281 148 47 Instru-

138 3354 346 50 mental-Musik
512 3356 258 64 geschehen
802 3356 82 48 ist?
920 3356 194 48 Welche
1146 3356 296 49 barbarische
1463 3357 209 48 Namen:

138 3431 213 66 Tietjens,
374 3434 242 65 Wippern,
637 3433 285 55 Bettelheim,
944 3433 270 61 Liebhardt,
1235 3434 273 54 Dustmann,
1527 3434 145 55 Gunz,

136 3508 206 50 Schmidt
367 3511 89 48 und
482 3512 110 47 viele
616 3511 187 55 andere,
833 3511 72 48 die
935 3528 103 31 man
1071 3512 114 47 noch
1225 3512 202 65 weniger
1458 3527 183 48 ausspre-

136 3587 112 48 chen
280 3588 138 56 kann,
455 3591 64 45 als
549 3589 71 49 die
983 3591 173 47 —Das
1179 3589 334 65 Spasshafteste
1536 3589 132 49 dabei

136 3679 112 41 war,
280 3665 101 50 dass
411 3683 49 32 er
489 3667 71 48 die
590 3668 149 47 Lucca
773 3668 73 46 für
878 3667 69 47 ein
978 3668 301 47 italiänisches
1308 3667 220 48 Beinblut
1557 3667 112 48 hielt

138 3742 88 48 und
259 3743 296 67 behauptete,
599 3745 71 49 die
701 3744 262 48 Deutschen
997 3744 153 48 hätten
1180 3745 70 47 ihr
1279 3744 87 48 den
1399 3744 269 48 Aufenthalt

134 3820 236 50 verleidet!

251 3898 124 54 Nun,
405 3899 121 48 diese
558 3898 91 49 und
680 3899 146 64 einige
856 3898 207 48 ähnliche
1093 3898 265 48 vereinzelte
1390 3898 89 47 und
1513 3898 42 48 in
1585 3898 83 48 der

134 3972 148 52 Masse
312 3975 81 50 der
423 3977 344 48 Kunstfreunde
798 3992 112 49 ganz
948 3974 401 50 verschwindende
1378 3977 258 47 Aeusserun-

134 4067 86 48 gen
251 4054 97 48 sind
380 4054 113 48 aber
522 4055 116 49 auch
670 4055 72 49 die
770 4055 220 65 einzigen,
1019 4053 71 48 die
1120 4071 106 30 man
1255 4069 146 49 gegen
1432 4053 71 48 die
1533 4053 104 48 deut-

131 4128 137 51 schen
286 4132 220 49 Künstler
519 4132 120 58 hört,
656 4133 90 48 und
762 4149 104 32 man
884 4133 132 57 sieht,
1034 4130 102 50 dass
1160 4132 114 47 auch
1298 4132 63 47 sie
1382 4130 282 63 keineswegs

1767 1438 100 30 vom
1893 1421 264 65 politischen
2181 1423 317 63 Standpunkte
2523 1423 274 56 herrühren,
2826 1424 194 48 sondern
3051 1442 82 31 von
3163 1425 106 50 dilet-

1768 1498 244 48 tantischer
2045 1498 213 48 Vorliebe
2291 1499 75 47 für
2396 1499 71 48 die
2497 1500 309 48 italiänischen
2834 1500 191 65 Sänger.
3059 1503 120 47 Alles
3203 1503 59 48 Ge-

1766 1575 169 48 trätsch
1960 1575 116 48 über
2098 1575 72 48 die
2195 1576 415 64 Unerträglichkeit
2632 1576 80 49 der
2742 1578 143 48 rohen
2910 1579 277 48 Ausbrüche
3211 1579 82 49 der

1767 1654 265 63 Antipathie
2088 1653 82 49 der
2224 1654 264 63 Engländer
2543 1655 115 47 auch
2714 1672 148 48 gegen
2916 1655 71 48 die
3045 1656 247 50 deutschen

1768 1730 302 55 Künstler,
2100 1731 85 47 wie
2214 1746 46 32 es
2291 1746 83 32 von
2407 1731 150 49 Berlin
2587 1748 82 32 aus
2697 1734 41 46 in
2769 1731 246 50 deutschen
3038 1734 255 65 Zeitungen

1768 1807 71 49 bei
1871 1807 299 65 Gelegenheit
2199 1807 80 49 der
2308 1809 264 63 plötzlichen
2601 1809 193 49 Abreise
2825 1826 82 32 von
2932 1811 186 49 Pauline
3141 1811 152 51 Lucca

1763 1901 55 31 zu
1849 1885 121 47 lesen
2001 1901 114 39 war,
2152 1885 54 47 ist
2243 1885 125 48 reine
2396 1885 275 65 Erfindung.
2728 1887 84 47 Die
2841 1887 150 47 Lucca
3024 1887 76 49 hat
3130 1889 135 64 haupt-

1766 1962 194 47 sächlich
1993 1979 80 32 aus
2097 1962 639 50 Gesundheits-Bücksichten
2766 1964 72 48 ihr
2867 1965 192 63 hiesiges
3079 1966 182 65 Engage-

1768 2046 125 41 ment
1913 2039 164 64 gelöst,
2098 2039 82 48 das
2201 2039 56 48 ist
2280 2039 71 48 die
2378 2040 266 56 Wahrheit,
2669 2040 90 48 und
2785 2041 68 48 ich
2878 2042 121 47 kann
3022 2042 273 58 versichern,

1767 2116 103 50 dass
1899 2116 62 48 sie
1990 2133 87 33 von
2106 2117 116 49 allen
2253 2117 261 65 englischen
2543 2117 272 66 Zeitungen,
2854 2119 71 48 die
2953 2135 146 48 gegen
3131 2121 137 47 Preus-

1764 2209 79 34 sen
1875 2194 91 48 und
1997 2194 293 48 Oesterreich
2321 2195 243 57 losziehen,
2610 2211 81 33 aus
2731 2204 138 56 guten
2901 2196 220 50 Gründen
3161 2197 132 50 keine

1764 2271 122 48 Zeile
1929 2271 181 65 gelesen
2154 2271 93 48 hat.
2303 2272 115 47 Dass
2449 2271 113 48 aber
2590 2271 104 50 dem
2732 2272 238 49 reizenden
3001 2272 294 66 Trotzkopfe,

1764 2347 105 48 dem
1913 2364 281 48 verzogenen
2223 2346 151 51 Kinde
2416 2347 79 50 des
2531 2347 200 50 berliner
2759 2348 279 60 Publicums,
3081 2350 71 49 die
3180 2351 87 48 Auf-

1764 2426 169 48 nahme
1961 2441 87 33 von
2077 2425 153 49 Seiten
2261 2425 81 49 der
2371 2425 223 49 londoner
2614 2426 541 51 Zuhörerschaft—won
3187 2428 80 49 wel-

1764 2505 108 47 cher
1914 2503 70 49 ein
2027 2520 183 48 grosser
2239 2503 131 49 Theil
2413 2503 101 49 eine
2540 2502 174 51 Prima
2741 2503 180 50 Donna
2961 2505 200 49 assoluta
3199 2505 96 50 alla

1782 2577 220 52 Catalani
2011 2587 245 41 erwartete
2266 2587 212 42 —etwas
2509 2581 73 48 lau
2606 2581 357 63 vorgekommen
2987 2582 94 48 sein
3107 2582 90 48 und
3220 2583 72 49 ein

1763 2657 304 50 Nebenmotiv
2095 2675 53 30 zu
2178 2657 103 48 dem
2307 2657 190 50 raschen
2519 2658 293 49 Entschlüsse
2841 2658 271 65 abgegeben
3142 2660 151 49 haben

1766 2751 124 50 mag,
1929 2735 150 48 dürfte
2109 2735 219 48 vielleicht
2359 2735 71 49 bei
2460 2736 132 48 allem
2623 2736 103 48 dem
2756 2736 102 48 eine
2886 2737 123 47 nicht
3037 2754 113 48 ganz
3180 2737 91 50 fehl-

1764 2812 235 66 greifende
2029 2813 369 65 psychologische
2429 2813 246 65 Conjectur
2704 2815 109 48 sein.

1881 2891 74 48 An
1979 2889 97 50 ihre
2098 2891 139 48 Stelle
2260 2889 43 49 in
2328 2889 350 67 Coventgarden
2699 2898 90 41 trat
2810 2891 214 49 zunächst
3053 2891 242 51 Desiree

1764 2969 187 49 Art6t.
2006 2968 161 48 Neben
2208 2967 87 49 den
2338 2968 315 66 Sängerinnen
2698 2969 67 49 La
2794 2969 129 50 Grua
2965 2968 91 50 und
3099 2969 194 50 Adelina

1764 3046 121 48 Patti
1916 3046 124 48 hatte
2069 3046 62 47 sie
2162 3046 132 48 keine
2322 3046 161 48 leichte
2512 3044 232 66 Aufgabe,
2782 3062 193 48 gewann
3006 3047 111 48 aber
3146 3046 145 64 gleich

1767 3123 145 48 durch
1943 3123 70 48 ihr
2044 3123 156 48 Debüt
2228 3124 65 47 als
2322 3123 145 48 Maria
2497 3124 43 46 in
2573 3124 261 47 Donizetti's
2871 3124 392 64 „Begimentstoch-

1903 3201 109 63 (die,
2058 3201 217 64 beiläufig
2303 3208 175 56 gesagt,
2521 3201 97 48 hier
2658 3202 79 47 mit
2779 3202 262 63 prächtigen
3074 3201 214 66 Gebirgs-

1768 3278 335 48 Decorationen
2136 3278 91 47 und
2256 3293 202 49 grossem
2491 3278 317 47 militärischen
2832 3279 219 47 Manöver
3080 3278 208 65 gegeben

1767 3354 132 63 wird)
1929 3354 72 47 die
2031 3356 147 47 Gunst
2205 3354 78 49 des
2313 3354 262 49 Publicums
2614 3354 91 49 und
2746 3356 122 47 hatte
2907 3356 130 48 einen
3069 3356 129 48 mehr
3227 3357 64 47 als

1766 3432 348 63 gewöhnlichen
2144 3432 174 65 Erfolg.
2375 3432 75 48 Sie
2492 3432 106 48 fasst
2624 3432 87 48 den
2744 3432 255 48 Charakter
3031 3433 129 48 mehr
3189 3450 75 31 rea-

1763 3509 164 49 listisch
1954 3511 63 47 als
2039 3511 144 63 Jenny
2208 3509 116 47 Lind
2355 3508 90 50 und
2471 3509 184 49 Andere
2685 3511 81 47 auf
2791 3509 90 49 und
2915 3511 76 48 hat
3020 3511 127 48 darin
3172 3511 115 48 auch

1764 3588 121 47 wohl
1926 3587 304 48 vollkommen
2260 3587 165 54 Becht,
2467 3585 57 50 da
2561 3587 120 49 diese
2713 3588 279 63 Auffassung
3020 3588 61 48 sie
3112 3588 150 47 keines-

1764 3681 125 48 wegs
1919 3664 196 56 hindert,
2150 3664 79 47 das
2258 3664 102 47 tiefe
2392 3664 199 48 Gemüth
2622 3682 52 30 zu
2704 3665 231 55 entfalten,
2979 3665 83 47 wie
3092 3681 45 30 es
3159 3664 49 65 ja
3236 3681 50 31 so

1762 3743 63 47 oft
1855 3743 43 47 in
1928 3742 81 48 der
2036 3743 150 47 Natur
2214 3758 84 31 von
2330 3742 268 48 weiblichen
2624 3743 192 56 Wesen,
2845 3743 70 47 die
2944 3743 121 47 nicht
3094 3743 80 47 viel
3206 3742 82 48 auf

1761 3824 182 43 äussere
1959 3820 235 65 Etiquette
2218 3818 170 57 halten,
2412 3819 119 64 liegt.
2564 3820 180 49 Gerade
2764 3820 67 47 bei
2849 3819 85 48 den
2952 3828 140 39 etwas
3109 3819 174 48 rauhen

1761 3897 236 48 Manieren
2021 3897 57 47 im
2110 3904 147 40 ersten
2283 3898 113 46 Acte
2427 3895 181 50 machte
2637 3897 81 48 der
2735 3895 425 65 Abschiedsgesang
3184 3913 99 31 vom

1761 3974 273 64 Begimente
2072 3973 142 48 durch
2261 3973 88 48 den
2392 3974 308 62 gefühlvollen
2730 3973 241 48 Ausdruck
3017 3974 128 48 einen
3174 3973 81 48 Ein-

1759 4050 141 49 druck
1931 4068 85 32 von
2050 4050 266 57 Wahrheit,
2359 4049 81 50 der
2482 4050 277 49 hinreissend
2801 4067 96 32 war
2939 4052 90 47 und
3078 4050 85 47 den
3203 4049 82 50 der

1759 4128 263 49 Künstlerin
2065 4146 51 30 zu
2161 4128 129 48 Theil
2336 4128 306 64 gewordenen
2683 4128 259 48 Hervorruf
2979 4128 303 48 vollkommen

2982 4207 68 52 28

2788 903 99 55 XU.
2930 903 272 73 Jahrgang.

222 893 81 54 Nr.
347 892 83 55 28.

1477 887 173 79 KÖLN,
1692 900 48 53 9.
1782 900 111 53 Juli
1933 901 140 55 1864.
