3467 4424
1660 138 95 54 237

98 281 102 50 Tod
316 298 70 32 am
424 279 89 54 28.
546 281 104 50 Juni
685 281 42 49 in
757 281 155 50 Baden
946 278 70 50 bei
1052 278 137 51 Wien
1332 279 70 50 ein
1434 279 221 51 schnelles

97 366 109 50 Ziel.
264 366 83 50 Ein
395 367 161 49 kurzer
602 364 160 51 Abriss
818 364 84 49 der
944 367 218 44 äusseren
1209 362 446 68 Lebensgeschichte

95 449 253 51 FischhoPs
367 453 136 64 möge
522 451 79 48 das
620 449 95 49 Bild
739 446 426 67 vervollständigen,
1197 447 194 51 welches
1421 466 54 32 zu
1508 448 120 50 zeich-

99 551 88 33 nen
219 533 81 51 wir
332 535 287 48 versuchten.

224 620 51 48 In
308 618 308 50 Butschowitz
648 616 227 66 (Mähren)
916 612 151 51 1804
1113 613 218 68 geboren,
1377 632 165 50 genoss
1575 616 80 49 der

94 702 145 66 junge
282 701 173 67 Joseph
513 707 120 42 trotz
681 698 146 50 seines
871 697 206 66 Anfangs
1124 698 288 50 kränklichen
1447 700 207 66 Körpers

101 786 207 50 dennoch
339 783 238 66 frühzeitig
614 782 129 48 einen
776 799 51 31 so
859 799 266 48 sorgsamen
1151 780 278 57 Unterricht,
1471 783 103 50 dass
1605 800 49 32 er

101 870 140 49 schon
273 870 56 48 im
363 867 167 50 dritten
562 867 138 49 Jahre
732 865 122 49 lesen
887 865 89 49 und
1010 866 54 48 im
1099 863 231 53 siebenten
1363 866 123 48 einer
1517 866 108 50 musi-

97 954 224 49 calischen
352 951 253 65 Anleitung
636 949 91 50 sich
770 949 291 50 unterziehen
1100 951 184 48 konnte.
1346 950 99 48 Von
1478 950 169 49 seinem

101 1037 157 56 Vater,
290 1035 145 51 einem
460 1032 245 51 achtbaren
730 1032 91 50 und
849 1034 105 49 sehr
977 1032 357 51 unterrichteten
1354 1034 300 57 Kaufmanne,

98 1121 74 49 für
201 1121 70 49 die
304 1117 190 51 Studien
527 1117 245 58 bestimmt,
813 1117 220 51 besuchte
1064 1135 49 31 er
1144 1119 44 48 in
1218 1119 156 48 Brünn
1409 1117 76 50 das
1518 1119 101 66 Gym-

101 1204 174 49 nasium
292 1200 130 70 (181
440 1197 109 54 3
570 1199 187 68 1819),
788 1201 160 50 erhielt
972 1201 200 51 daselbst
1203 1200 203 67 zugleich
1438 1201 85 50 den
1551 1203 67 48 Mu-

101 1285 355 52 sik-Unterricht
490 1286 122 50 eines
636 1285 348 50 Clavierlehrers
1007 1286 205 55 Jahelka,
1244 1285 217 50 welchem
1494 1289 155 63 später

101 1371 81 49 der
212 1369 346 51 verdienstvolle
583 1370 340 67 Capellmeister
956 1369 166 66 Rieger
1161 1369 152 66 folgte.
1376 1370 102 48 Sein
1511 1369 140 49 schon

101 1454 170 50 damals
316 1453 400 51 unverkennbares
766 1453 163 49 Talent
972 1458 205 44 äusserte
1221 1453 94 49 sich
1374 1453 41 49 in
1472 1453 175 64 einigen

101 1537 359 67 Compositions-
520 1538 92 49 und
672 1537 657 67 Improvisations-Versuchen
1384 1535 93 50 und
1531 1535 121 50 einer

102 1622 126 50 nicht
258 1620 381 51 unbedeutenden
668 1620 291 51 technischen
990 1620 265 68 Fertigkeit.
1299 1619 125 50 Nach
1456 1620 85 49 den
1574 1620 80 49 mit

101 1705 421 66 ausgezeichnetem
559 1704 185 67 Erfolge
786 1704 284 51 vollendeten
1100 1703 312 52 Humanioren
1452 1703 197 49 schickte

99 1789 75 50 ihn
206 1789 94 50 sein
330 1791 143 48 Vater
502 1791 80 48 auf
607 1789 71 50 die
720 1789 169 49 wiener
918 1788 291 58 Universität,
1254 1805 75 33 um
1371 1787 104 49 dort
1505 1785 122 51 Philo-

102 1872 157 67 sophie
288 1873 91 48 und
410 1872 193 49 Medicin
644 1891 53 32 zu
730 1872 218 49 studiren.
1001 1872 160 49 Durch
1205 1871 122 49 seine
1372 1869 282 66 glücklichen

102 1956 341 50 musicalischen
474 1957 207 66 Anlagen
713 1973 191 50 gewann
936 1972 50 32 er
1016 1954 93 51 sich
1151 1956 129 48 einen
1320 1953 334 67 hochherzigen

103 2039 202 59 Gönner,
347 2039 199 50 Namens
584 2038 268 52 Constantin
892 2056 87 32 von
1020 2038 157 69 Gyika,
1222 2037 198 51 welcher
1463 2037 73 49 ihn
1581 2036 78 50 auf

102 2123 124 50 seine
252 2125 176 48 Kosten
446 2123 100 50 dem
569 2122 259 50 bekannten
847 2122 327 50 Clavierlehrer
1207 2121 90 49 und
1325 2121 329 67 Componisten

103 2206 156 51 Anton
290 2206 136 49 Halm
456 2224 102 31 zum
575 2206 294 49 Unterrichte
898 2203 220 69 übergab.
1153 2205 240 50 Während
1424 2205 93 49 drei
1547 2203 81 51 Jah-

104 2307 80 32 ren
210 2290 213 50 widmete
454 2307 50 32 er
534 2290 91 50 sich
657 2290 43 50 in
730 2290 154 50 seinen
918 2307 84 32 von
1035 2290 85 49 den
1152 2288 368 68 anstrengenden
1547 2290 79 48 Stu-

103 2373 100 50 dien
236 2373 92 50 ihm
361 2375 77 48 frei
471 2372 267 52 bleibenden
755 2372 359 51 Nebenstunden
1146 2373 78 50 mit
1247 2373 219 50 eisernem
1487 2371 168 49 Fleisse

103 2456 80 50 der
202 2456 257 57 Tonkunst,
489 2457 104 50 dem
625 2456 217 67 richtigen
875 2457 109 49 Sinn
1017 2457 72 49 für
1120 2455 78 51 das
1235 2456 174 50 Wahre
1439 2455 140 49 schon
1611 2455 41 48 in

103 2540 125 49 einer
257 2541 99 48 Zeit
385 2541 198 65 folgend,
628 2559 73 30 wo
746 2540 68 49 die
854 2539 264 67 glänzende,
1160 2539 228 50 dankbare
1420 2540 122 48 Seite
1574 2539 80 48 der

102 2624 237 49 Mechanik
371 2625 109 49 viele
511 2625 265 66 angehende
796 2624 307 50 Tonkünstler
1129 2624 106 49 sehr
1264 2622 63 50 oft
1357 2624 80 48 auf
1448 2621 206 66 Abwege

104 2706 136 59 führt,
281 2725 51 32 so
363 2724 138 38 zwar,
531 2707 103 50 dass
664 2725 65 40 er,
771 2709 111 47 nach
908 2707 130 67 jener
1068 2707 121 49 Frist
1217 2724 85 32 von
1337 2705 167 49 seinem
1536 2705 89 49 Leh-

102 2808 75 32 rer
207 2791 229 50 ehrenvoll
468 2791 241 54 entlassen,
741 2790 68 50 die
832 2791 197 50 Theorie
1059 2790 83 50 der
1169 2790 146 50 Musik
1349 2789 129 49 allein
1511 2787 141 50 durch

104 2875 328 51 unermüdetes
460 2876 149 49 Lesen
640 2874 135 51 vieler
809 2875 177 50 Werke
1017 2874 91 51 und
1138 2874 252 48 zahlreiche
1423 2871 232 51 Versuche

103 2956 93 50 sich
228 2958 129 67 eigen
389 2958 179 50 machte
597 2958 93 50 und
723 2961 152 65 später
899 2958 141 50 durch
1067 2958 85 49 den
1174 2956 259 50 Unterricht
1462 2956 79 49 des
1574 2954 52 51 be-

104 3041 215 51 rühmten
360 3041 365 69 Capellmeisters
766 3043 136 65 Ignaz
943 3043 148 49 Ritter
1120 3059 40 32 v.
1191 3039 202 70 Seyfried
1438 3040 113 48 auch
1595 3039 57 48 im

106 3133 218 58 strengen
355 3127 135 49 Satze
521 3125 91 50 sich
647 3127 156 49 weiter
832 3125 232 51 ausbilden
1097 3125 183 50 konnte.
1339 3123 184 49 Damals
1553 3123 101 48 liess

106 3224 49 32 er
197 3208 91 49 sich
333 3208 80 49 mit
456 3209 160 48 immer
648 3209 281 66 steigendem
962 3208 177 49 Beifalle
1171 3208 142 66 einige
1345 3208 117 49 Male
1494 3207 138 48 öffent-

104 3292 87 49 lich
222 3293 159 56 hören,
422 3293 67 48 bis
521 3292 71 49 die
619 3294 266 66 Antretung
911 3294 146 48 seiner
1087 3290 346 51 mediciniscben
1463 3289 191 51 Studien

104 3374 84 48 alle
220 3376 101 48 Zeit
349 3374 42 51 in
422 3376 246 66 Anspruch
715 3377 132 48 nahm
896 3377 88 48 und
1031 3374 113 51 auch
1193 3374 70 50 die
1307 3373 345 49 akademischen

104 3459 605 68 Disciplinar-Verhältnisse
741 3459 88 50 ihm
864 3461 77 48 das
974 3461 176 48 fernere
1184 3458 255 50 öffentliche
1468 3457 160 49 Auftre-

104 3548 78 42 ten
226 3543 42 48 in
315 3542 151 49 dieser
506 3542 230 66 Richtung
780 3542 122 48 nicht
945 3543 128 47 mehr
1115 3549 290 59 gestatteten.
1464 3542 192 66 Spätere

106 3626 360 49 mercantilische
498 3624 191 56 Unfälle,
737 3624 173 50 welche
941 3624 154 51 seinen
1130 3627 139 48 Vater
1301 3626 158 56 trafen,
1505 3640 120 31 zwan-

1350 3681 14 16 %

106 3726 88 50 gen
228 3710 90 55 ihn,
347 3708 143 50 durch
506 3707 435 51 Musik-Unterricht
973 3708 91 49 sich
1089 3708 71 50 die
1185 3708 186 66 nöthige
1393 3706 263 51 Subsistenz

107 3811 54 32 zu
194 3793 291 57 verschaffen,
531 3793 90 49 und
663 3792 81 50 der
788 3792 58 50 im
878 3792 138 50 Jahre
1063 3791 150 49 1827
1263 3791 207 70 plötzlich
1506 3790 125 67 einge-

108 3884 178 43 tretene
315 3875 226 52 Todesfall
584 3875 146 49 seines
762 3877 165 47 Vaters
969 3875 234 49 entschied
1237 3875 81 49 mit
1349 3875 157 48 Einem
1539 3872 117 51 Male

108 3960 73 49 die
200 3961 80 50 mit
300 3960 137 51 Mühe
455 3958 330 51 unterdrückte
804 3958 226 66 Neigung,
1061 3957 90 50 und
1183 3975 50 32 er
1264 3957 253 51 entschloss
1548 3956 110 56 sich,

106 4045 119 48 nach
271 4045 87 49 den
399 4042 227 52 ehrenvoll
668 4041 275 52 absolvirten
981 4042 343 50 mediciniscben
1367 4041 288 50 Lehrcursen

106 4126 92 50 sich
230 4127 359 51 ausschliessend
621 4127 80 50 der
730 4126 149 50 Musik
923 4145 51 31 zu
1011 4126 208 50 widmen.
1363 4124 145 50 Nebst
1539 4124 117 57 dem,

1750 279 103 50 dass
1886 294 62 41 er,
1983 277 139 51 durch
2157 278 69 50 ein
2257 277 222 66 logisches
2511 277 213 51 Studium
2756 294 55 32 an
2844 274 338 52 Selbstdenken
3216 278 91 51 und

1750 362 299 68 Consequenz
2084 361 234 66 gewöhnt,
2361 361 98 49 bald
2505 362 86 48 den
2623 361 456 67 ausgezeichnetsten
3112 359 173 51 Clavier-

1749 447 180 51 lehrern
1967 446 162 50 Wiens
2162 443 254 67 beigezählt
2447 444 173 57 wurde,
2648 444 76 50 hat
2755 462 49 32 er
2835 443 143 51 durch
3005 443 94 50 sein
3132 444 150 66 gefühl-

1750 531 151 57 volles,
1933 535 206 44 äusserst
2171 528 198 66 fertiges,
2402 527 249 51 besonders
2676 529 55 49 im
2751 528 392 52 A-vista-Treftan
3176 528 107 48 tüch-

1748 615 114 66 tiges
1895 613 90 50 und
2018 611 258 68 vorzüglich
2308 612 237 50 classische
2572 612 147 50 Musik
2754 612 397 51 hervorhebendes
3183 612 123 67 Spiel

1748 698 92 50 sich
1871 698 131 49 einen
2035 696 339 49 musicalischen
2404 697 135 62 Rang
2571 695 254 49 erworben.
2859 697 135 48 Seine
3025 697 281 50 ästhetische

1750 781 195 66 Bildung
1989 797 192 50 gewann
2223 780 141 49 durch
2409 780 85 48 den
2526 778 212 66 Umgang
2783 780 80 48 mit
2892 780 239 49 mehreren
3166 781 140 51 Wien

1749 863 321 51 besuchenden
2099 863 267 59 Künstlern,
2400 863 64 49 als
2483 862 342 55 Mendelssohn,
2858 862 188 67 Chopin,
3072 863 233 58 Schunke,

1748 949 68 49 die
1849 946 242 52 Gebrüder
2121 947 163 50 Müller
2328 946 90 50 und
2454 947 199 54 Andere,
2695 945 98 48 eine
2825 946 158 48 immer
3015 946 169 50 höhere
3220 949 56 48 Be-

1749 1034 221 64 deutung,
2002 1032 90 50 und
2125 1049 48 32 er
2204 1049 193 49 gewann
2423 1031 200 50 dadurch
2649 1030 138 66 jenen
2821 1030 185 49 tieferen
3030 1029 199 50 Einblick
3262 1032 41 49 in

1748 1116 78 50 das
1858 1116 178 51 Wesen
2069 1115 79 49 der
2178 1116 168 55 Kunst,
2392 1115 81 48 der
2517 1115 102 48 dem
2652 1112 303 51 forschenden
2995 1114 89 48 und
3117 1112 168 50 reflecli-

1748 1199 169 49 renden
1947 1199 152 49 Geiste
2133 1199 69 49 die
2234 1199 136 49 Pfade
2402 1199 122 48 eines
2554 1197 363 68 perennirenden
2940 1196 363 50 Fortschreitens

1748 1283 258 49 erschliesst
2036 1283 89 48 und
2159 1281 87 51 den
2279 1284 156 65 Drang
2480 1281 218 54 einflösst,
2740 1281 228 50 dieselben
3013 1280 124 50 nicht
3176 1280 131 50 allein

1746 1366 141 51 selbst
1918 1385 52 32 zu
2007 1368 222 56 wandeln,
2268 1365 199 52 sondern
2510 1385 52 31 zu
2606 1366 136 50 deren
2775 1366 258 65 Betretung
3063 1364 115 49 auch
3209 1366 65 49 An-

1748 1451 108 49 dere
1887 1467 275 48 anzuregen.

1873 1535 92 49 Für
2006 1535 153 49 seinen
2204 1533 78 49 der
2327 1534 98 48 Zeit
2479 1533 456 49 voranschreitenden
2992 1533 310 51 ästhetischen

1746 1618 294 67 Standpunkt
2069 1617 121 49 dient
2214 1615 325 51 insbesondere
2571 1618 78 48 das
2682 1617 146 66 innige
2850 1617 319 50 Verständniss
3198 1636 103 31 zum

1746 1702 183 66 Belege,
1960 1700 193 49 welches
2186 1717 49 32 er
2266 1699 85 50 den
2378 1699 564 66 Reform-Bestrebungen
2967 1699 77 50 des
3076 1699 226 51 nachmals

1746 1802 51 32 so
1830 1784 282 66 unglücklich
2145 1783 236 49 endenden
2412 1784 52 48 A.
2484 1785 40 47 J.
2545 1784 174 48 Becher
2750 1791 350 58 entgegentrug.
3129 1783 174 49 Becher

1749 1869 122 49 hatte
1904 1887 52 31 zu
1990 1868 122 50 einer
2143 1868 113 55 Zeit,
2295 1885 71 31 wo
2397 1867 128 49 Alles
2557 1867 117 49 noch
2705 1867 79 49 auf
2811 1867 101 49 dem
2945 1867 360 49 erschlaffenden

1748 1952 157 49 Pfühle
1934 1951 329 50 Rossini'scher
2293 1951 196 50 Melodik
2521 1949 90 51 sich
2658 1951 176 58 wälzte,
2882 1949 141 50 schon
3058 1949 108 66 jene
3197 1949 71 51 Um-

1746 2036 323 67 gestaltungen
2101 2034 79 50 der
2211 2034 149 50 Musik
2392 2034 184 66 geahnt,
2616 2033 173 51 welche
2828 2033 46 50 in
2916 2051 197 33 unseren
3145 2034 156 68 Tagen

1746 2127 96 42 erst
1872 2137 79 32 zur
1985 2118 244 52 Wahrheit
2260 2136 53 32 zu
2347 2119 184 49 werden
2578 2117 225 67 beginnen
2835 2117 86 69 [?];
2963 2135 50 33 er
3060 2118 235 59 erkannte,

1748 2203 103 50 dass
1870 2205 96 48 eine
1995 2203 254 50 neueAera
2280 2201 354 51 hereinbrechen
2662 2201 153 51 werde
2846 2201 90 49 und
2971 2219 82 33 von
3086 2202 102 50 dem
3221 2201 81 51 der

1746 2295 202 43 neunten
1981 2286 197 51 Sinfonie
2210 2286 300 49 Beethoven's
2543 2305 53 29 zu
2629 2285 189 50 Grunde
2849 2285 236 66 liegenden
3118 2286 179 67 Princip

1748 2371 124 48 ihren
1912 2370 223 64 Ausgang
2171 2368 193 50 nehmen
2407 2372 166 51 müsse,
2620 2368 92 50 und
2755 2367 217 50 Fischhof
3008 2367 193 67 gehörte
3242 2386 54 31 zu

1748 2455 86 48 den
1859 2453 247 67 Wenigen,
2138 2452 71 50 die
2239 2452 57 50 im
2315 2452 171 50 Stande
2517 2470 168 38 waren,
2717 2452 122 50 diese
2869 2469 146 48 gegen
3048 2451 70 49 die
3149 2451 124 49 dama-

1748 2539 117 64 ligen
1896 2537 233 50 Zustände
2177 2537 90 50 und
2299 2536 579 66 Geschmacksrichtungen
2921 2536 116 48 noch
3081 2535 222 49 schroffer

1748 2622 63 49 als
1857 2622 137 50 heute
2046 2620 334 49 abstechenden
2437 2620 370 66 Anschauungen
2860 2638 51 30 zu
2962 2619 199 49 erfassen
3209 2620 92 48 und

1748 2704 306 68 sympathisch
2087 2721 53 32 zu
2174 2704 178 49 theilen.

1871 2789 66 47 Im
1969 2787 138 50 Jahre
2145 2785 151 52 1833
2327 2805 103 31 zum
2467 2787 234 49 Professor
2743 2787 82 49 des
2853 2785 200 51 Claviers
3094 2804 68 29 am
3198 2786 78 48 wie-

1746 2889 83 32 ner
1861 2871 399 50 Conservatorium
2301 2878 209 50 ernannt,
2552 2870 174 50 leistete
2756 2888 62 38 er,
2860 2887 51 33 so
2944 2870 83 50 wie
3057 2869 113 49 auch
3201 2873 77 63 spä-

1746 2963 70 40 ter
1848 2954 64 51 als
1943 2955 226 57 Director,
2201 2954 149 51 dieser
2379 2954 183 51 Anstalt
2592 2954 290 49 wesentliche
2915 2954 198 48 Dienste.
3165 2953 137 49 Seine

1746 3039 234 56 Methode,
2025 3038 67 49 bei
2125 3039 159 48 Einem
2312 3038 174 49 Ciavier
2522 3039 122 48 einer
2677 3054 190 50 grossen
2898 3036 290 51 Schülerzahl
3221 3054 54 48 ge-

1748 3122 411 50 meinschaftlichen
2188 3120 262 51 Unterricht
2482 3139 52 31 zu
2568 3120 235 55 ertheilen,
2834 3138 130 32 wozu
2997 3137 49 31 er
3077 3119 89 48 sich
3204 3119 66 49 An-

1746 3205 126 68 fangs
1898 3204 78 51 des
1997 3204 471 50 Kalkbrenner'schen
2491 3204 287 50 Handleiters
2803 3203 224 56 bediente,
3060 3202 238 50 bewährte

1746 3289 92 50 sich
1867 3289 141 50 durch
2042 3288 229 66 ergiebige
2304 3289 236 48 Resultate
2571 3289 64 48 als
2671 3287 335 64 zweckmässig.
3057 3287 118 49 Dass
3207 3287 96 49 sein

1749 3372 249 49 Bestreben
2031 3372 62 48 als
2124 3372 174 48 Lehrer
2337 3370 123 51 nicht
2492 3370 122 51 bloss
2644 3370 132 50 dahin
2809 3370 143 56 zielte,
3002 3369 70 50 die
3105 3369 91 50 ihm
3227 3387 52 33 an-

1748 3463 263 42 vertrauten
2041 3456 222 66 Zöglinge
2309 3475 52 29 zu
2406 3456 383 67 Ciavierspielern,
2832 3456 201 48 sondern
3076 3472 53 31 zu
3161 3454 116 50 Musi-

1749 3541 110 47 kern
1894 3557 51 31 zu
1979 3539 223 55 erziehen,
2232 3539 199 49 versteht
2464 3539 90 49 sich
2588 3538 111 48 nach
2732 3537 100 49 dem
2865 3537 165 48 vorher
3063 3537 244 66 Gesagten

1750 3641 84 30 von
1861 3622 155 57 selbst,
2050 3622 90 49 und
2174 3622 93 49 sein
2287 3621 274 57 Unterricht,
2578 3621 69 48 bei
2665 3621 219 48 welchem
2903 3619 214 55 Theorie,
3143 3621 168 49 Praxis

1752 3707 91 50 und
1875 3706 238 49 Aesthetik
2160 3707 42 48 in
2234 3713 164 42 stetem
2430 3704 404 66 wechselseitigem
2867 3703 196 51 Contact
3095 3707 211 52 standen,

1750 3790 129 48 zielte
1910 3787 261 67 unablässig
2202 3788 146 52 dahin,
2384 3788 171 49 höhere
2587 3787 377 66 Anschauungen
2996 3787 316 69 einzuimpfen.

1750 3872 172 50 Hieher
1952 3872 164 66 gehört
2146 3871 114 49 auch
2291 3871 69 49 die
2385 3871 299 66 Erwähnung
2708 3870 147 50 seiner
2889 3872 397 66 „Transpositions-

1753 3956 122 49 lehre
1890 3965 15 19 14
1920 3994 13 14 .
1978 3957 111 47 nach
2136 3956 136 48 deren
2318 3955 231 49 einfachen
2585 3956 251 67 Principien
2878 3972 50 32 er
2971 3956 122 48 seine
3123 3955 188 49 Schüler

1753 4041 39 47 in
1828 4040 162 49 kurzer
2022 4038 99 50 Zeit
2152 4038 40 49 in
2225 4037 85 50 den
2346 4038 143 50 Stand
2521 4046 160 50 setzte,
2707 4038 129 66 jedes
2869 4038 233 51 Tonstück
3136 4038 39 49 in
3199 4037 106 65 jede

1755 4122 220 66 beliebige
1999 4124 174 48 Tonart
2201 4140 29 32 a
2258 4124 118 48 vista
2408 4140 53 32 zu
2496 4122 292 67 übertragen.
2822 4124 106 49 Sein
2949 4124 205 54 Vorsatz,
3185 4118 125 51 diese
