3452 4333
1689 224 101 51 277

220 597 48 30 so
297 580 100 48 dass
424 581 216 47 zwischen
663 581 127 64 jeder
818 584 148 46 Triole
995 583 67 47 ein
1091 584 363 48 Zwischenraum
1485 584 151 49 bleibt.

318 656 183 46 Julius
529 658 200 53 Knorr,
770 658 399 47 Ausführliche
1198 659 212 47 Ciavier
1421 660 280 48 -Methode

446 731 42 46 in
534 732 105 46 zwei
682 732 197 47 Theilen.
927 732 195 64 Leipzig,
1166 732 66 47 bei
1277 734 47 45 C.
1364 735 49 46 F.
1456 735 164 47 Kahnt.
1667 736 33 47 I.

452 806 19 46 1
508 806 121 47 Thlr.
662 806 28 47 6
720 807 110 63 Ngr.

331 881 95 46 Der
452 887 113 41 erste
595 881 142 55 Theil,
766 881 79 47 der
873 898 80 29 uns
982 881 130 46 allein
1142 881 198 64 vorliegt,
1382 882 169 47 enthält
1589 882 111 55 „die

555 956 79 47 der
661 956 153 47 zweite
842 956 78 46 soll
960 955 111 54 „die
1113 956 199 47 Schule
1354 956 94 48 der
1485 957 180 47 Mecha-

370 1031 240 47 enthalten.
640 1033 93 45 Der
761 1031 140 46 durch
926 1031 203 46 mehrere
1146 1039 104 54 gute
1273 1033 428 55 Elementarwerke,

214 1121 35 29 z.
280 1105 47 47 B.
1240 1124 39 29 u.
1308 1124 32 29 s.
1369 1124 73 38 w.,
1481 1107 221 47 bekannte

217 1180 232 48 Verfasser
488 1181 95 63 gibt
623 1182 42 47 in
706 1181 144 47 dieser
893 1181 323 47 Clavierschule
1254 1182 84 61 (77
1371 1183 147 47 Seiten
1550 1183 54 47 kl.
1635 1182 65 65 8.)

214 1254 97 47 eine
336 1254 196 49 fassliche
555 1256 242 62 Anleitung
821 1256 75 45 für
916 1256 188 53 Lehrer,
1134 1257 167 47 welche
1330 1257 137 47 vielen
1495 1275 83 30 von
1608 1258 69 46 die-

212 1345 78 31 sen
320 1328 240 51 besonders
590 1331 257 63 desswegen
889 1331 301 47 willkommen
1220 1333 91 46 sein
1343 1333 127 55 wird,
1512 1333 96 46 weil
1639 1333 61 47 sie

214 1404 96 47 eine
327 1406 190 63 Angabe
540 1406 79 47 der
642 1404 369 64 Uebungsstücke
1033 1406 180 54 enthält,
1237 1407 68 47 die
1329 1408 80 46 auf
1424 1408 128 62 jeder
1574 1408 124 46 Stufe

212 1478 77 48 des
317 1480 276 47 Unterrichts
624 1480 62 47 als
712 1480 378 63 zweckmässigste
1119 1482 268 48 Hülfsmittel
1418 1500 50 29 zu
1501 1482 168 63 gebrau-

211 1554 113 48 chen
352 1555 109 49 sind.
492 1558 93 44 Für
612 1555 78 49 das
717 1555 152 49 zweite
898 1555 88 47 und
1015 1555 130 49 dritte
1167 1558 202 46 Stadium
1400 1558 75 47 des
1505 1558 168 48 Ciavier-

211 1630 180 64 spielers
422 1630 112 49 wird
562 1632 118 47 diese
703 1630 190 65 Angabe
916 1630 138 49 durch
1079 1632 328 48 Verzeichnisse
1434 1633 79 47 der
1532 1633 165 47 Behufs

211 1704 76 48 des
315 1707 313 47 Fortschrittes
657 1707 63 47 bis
748 1723 78 31 zur
852 1707 214 47 höchsten
1095 1708 282 62 Ausbildung
1405 1708 75 47 des
1508 1709 190 64 Spielers

209 1797 54 29 zu
291 1780 339 64 empfehlenden
667 1781 90 47 und
793 1780 288 65 nothwendig
1120 1799 50 29 zu
1208 1781 286 47 studirenden
1526 1781 172 50 Werke

211 1856 264 63 fortgesetzt.
499 1856 249 49 Ueberden
767 1856 606 65 Compositions-Unterricht
1394 1858 74 47 des
1491 1859 207 46 Schülers

211 1931 59 46 im
300 1930 161 48 dritten
491 1933 203 47 Stadium
736 1933 160 47 drückt
922 1933 91 45 sich
1042 1931 80 49 der
1150 1934 230 47 Verfasser
1409 1931 61 65 (S.
1501 1933 87 63 63)
1618 1934 60 47 fol-

210 2005 170 65 gender
407 2009 204 46 Maassen
639 2024 104 32 aus:

334 2081 198 55 „Bedarf
554 2082 79 46 der
656 2082 188 47 Schüler
864 2082 108 64 jetzt
997 2081 409 48 theoretischer
1433 2082 264 49 Kenntnisse

206 2171 122 32 zwar
356 2157 121 47 nicht
505 2156 261 65 unbedingt,
804 2174 48 30 so
892 2157 112 46 wird
1039 2174 46 30 es
1118 2156 113 47 doch
1261 2165 80 56 gut
1368 2159 107 54 sein,
1522 2159 75 45 ihn
1627 2159 67 47 bei

207 2232 110 47 aller
337 2232 292 64 Gelegenheit
656 2234 90 45 und
776 2234 143 54 mehr,
948 2232 62 47 als
1038 2231 114 48 beim
1185 2232 207 47 früheren
1415 2234 281 47 Unterrichte

209 2306 251 63 geschehen
497 2307 180 55 konnte,
720 2309 82 45 auf
835 2307 282 64 dergleichen
1155 2307 310 47 hinzuführen.
1518 2309 96 45 Nur
1641 2309 55 45 ist

206 2382 114 48 nach
365 2399 203 31 unserem
596 2383 303 47 Dafürhalten
940 2383 71 47 ein
1053 2383 259 47 förmlicher
1350 2383 346 64 Compositions-

205 2458 258 47 Unterricht
483 2475 76 30 zur
581 2460 96 45 Zeit
695 2460 114 47 noch
833 2458 120 47 nicht
973 2458 292 64 angebracht,
1288 2460 178 54 einmal,
1490 2460 98 45 weil
1613 2458 80 47 der

205 2532 161 65 leidige
390 2533 504 64 Compositions-Teufel
924 2533 120 47 nicht
1070 2551 53 29 zu
1152 2533 99 46 früh
1282 2533 202 63 geweckt
1512 2533 177 47 werden

205 2608 114 56 darf,
360 2626 82 31 von
484 2611 214 46 welchem
734 2611 196 47 ohnehin
959 2608 69 49 die
1057 2610 183 47 meisten
1272 2626 181 31 unserer
1481 2610 210 63 heutigen

204 2684 309 63 Kunstjünger
554 2683 205 50 besessen
799 2684 113 55 sind,
953 2684 134 55 dann,
1136 2684 97 46 weil
1268 2684 129 63 jener
1438 2684 254 47 Unterricht

202 2759 243 63 späterhin,
474 2759 70 47 bei
573 2761 282 63 gereifterem
884 2759 264 55 Verstände,
1179 2759 77 46 mit
1284 2777 74 29 um
1387 2776 48 30 so
1467 2759 220 47 besserem

202 2836 186 63 Erfolge
416 2836 229 48 betrieben
675 2836 181 48 werden
886 2836 134 55 kann,
1061 2834 214 49 während
1308 2852 49 31 er
1383 2836 305 63 gegenwärtig

202 2909 84 49 den
311 2911 356 55 mechanischen,
690 2912 110 47 einst
817 2909 128 65 (nach
969 2911 292 47 vollendetem
1286 2911 301 48 Wachsthum
1609 2909 80 47 der

205 2985 181 65 Finger)
416 2987 122 47 nicht
563 2987 392 48 nachzuholenden
985 2987 184 47 Studien
1207 2987 113 47 noch
1347 3004 50 28 zu
1428 2987 136 47 vielen
1593 2985 63 49 Ab-

204 3062 142 47 bruch
374 3062 110 47 thun
516 3062 168 48 würde.
732 3062 296 63 Denjenigen,
1058 3060 167 49 welche
1255 3077 80 30 uns
1364 3060 202 64 dagegen
1595 3060 69 47 ein-

202 3137 188 48 wenden
414 3143 178 58 mögen,
615 3139 99 47 dass
743 3138 120 47 nicht
891 3139 127 46 allein
1048 3137 276 55 ausübende,
1352 3137 190 48 sondern
1573 3138 111 46 auch

201 3213 255 47 schaffende
483 3214 213 46 Künstler
724 3214 140 46 heran
892 3229 49 29 zu
976 3213 143 47 bilden
1156 3212 135 54 seien,
1333 3215 172 43 müssen
1536 3212 80 45 wir
1644 3213 40 44 in

201 3289 241 55 einzelnen,
471 3289 120 47 nicht
619 3290 112 47 eben
761 3289 208 63 häufigen
993 3289 152 47 Fällen
1175 3288 238 63 allerdings
1443 3288 140 47 Recht
1611 3303 50 47 ge-

201 3365 102 47 ben.
350 3366 97 46 Nur
487 3365 193 47 konnten
719 3365 81 47 wir
839 3365 43 46 in
920 3364 99 47 dem
1057 3364 207 47 Schaffen
1303 3363 383 54 unverdaulicher,

201 3439 268 48 mindestens
498 3439 385 66 unerquicklicher
912 3439 174 47 Werke
1127 3439 67 47 ein
1226 3438 234 47 Verdienst
1500 3454 74 31 um
1616 3438 70 47 die

200 3516 147 47 Kunst
374 3516 70 47 nie
473 3516 241 56 erblicken,
756 3516 202 63 dagegen
999 3515 119 47 nicht
1153 3514 171 54 umhin,
1364 3514 80 47 der
1474 3512 182 50 Wieder-

200 3590 115 63 gabe
344 3608 83 30 von
456 3591 362 48 Meisterwerken
847 3590 44 47 in
921 3589 340 48 künstlerischer
1288 3589 158 48 Weise
1472 3596 103 40 stets
1603 3605 54 29 un-

198 3683 97 30 sere
324 3666 214 64 Achtung
563 3685 53 28 zu
644 3669 151 47 zollen.
837 3665 162 48 Leider
1026 3665 138 65 pflegt
1194 3665 80 46 auf
1297 3680 188 31 unseren
1514 3664 140 47 Musik-

197 3742 182 49 schulen
409 3742 109 47 oder
546 3758 49 31 so
624 3751 253 56 genannten
906 3741 367 50 Conservatorien
1310 3741 42 46 in
1381 3747 190 40 ersterer
1598 3741 57 46 Be-

197 3819 188 62 ziehung
416 3817 127 47 mehr
571 3819 61 45 als
661 3819 42 45 in
732 3820 202 46 letzterer
962 3817 190 47 erreicht
1178 3833 52 29 zu

311 3893 113 47 Sehr
452 3893 235 47 erfreulich
715 3893 54 46 ist
797 3893 69 47 die
888 3893 332 61 Bereicherung
1249 3890 77 48 der
1350 3890 331 47 musicalischen

197 3970 226 47 Literatur
451 3968 137 47 durch
621 3968 249 64 Composi
888 3968 180 47 tionen
1100 3968 75 46 für
1203 3965 262 64 angehende
1489 3965 168 47 Clavier-

197 4046 175 62 spieler,
412 4046 134 47 deren
577 4045 146 48 Inhalt
759 4045 90 47 sich
880 4043 112 49 über
1021 4043 77 49 das
1127 4042 231 50 Trockene
1387 4041 88 47 und
1504 4041 175 47 Seichte

1773 364 202 48 früherer
2003 367 366 64 Uebungsstücke
2396 371 170 57 erhebt,
2605 373 113 48 ohne
2759 373 128 50 dabei
2926 374 84 49 den
3051 376 161 50 didakti-

1772 439 131 47 schen
1924 442 160 47 Zweck
2107 459 78 31 aus
2213 443 83 47 den
2319 444 159 64 Augen
2505 462 49 30 zu
2582 453 140 42 setzen
2751 451 255 47 und—was
3037 462 170 38 nament-

1772 514 83 46 lich
1885 514 361 51 hervorzuheben
2275 519 52 46 ist
2427 519 115 47 ohne
2575 520 82 49 den
2689 524 270 48 Geschmack
2986 527 137 47 schon
3152 543 82 32 von

1772 589 176 62 Anfang
1970 607 53 29 an
2048 591 135 46 durch
2211 593 301 45 Leierkasten-
2535 594 88 47 und
2646 597 387 49 Tanz-Melodieen
3060 618 49 29 zu
3140 617 71 30 ver-

1772 661 180 49 derben.
1992 665 76 46 Als
2098 666 237 47 besonders
2363 668 411 63 empfehlenswert!*
2803 688 168 30 nennen
2999 675 80 46 wir
3107 683 128 39 unter

1772 736 171 49 diesen:

1885 814 150 47 Ferd.
2073 815 197 53 Hiller,
2307 816 138 47 Acht
2486 818 193 47 leichte
2716 820 409 50 Ciavierstücke
3161 825 73 46 für

1997 889 117 45 seine
2144 889 141 47 kleine
2313 891 136 62 Tony.
2497 891 85 64 Op.
2614 892 80 47 79.
2737 894 29 45 2
2798 895 141 47 Hefte.
2978 896 157 56 Mainz,
3165 899 66 47 bei

1994 964 167 47 Schott.
2190 965 120 46 Preis
2340 966 72 45 für
2434 966 122 61 jedes
2590 967 19 46 1
2646 967 63 47 Fl.
2741 969 61 45 21
2837 970 77 47 Kr.

1882 1036 320 48 Anastasius
2244 1040 215 54 Struve,
2500 1041 155 46 Kleine
2683 1041 157 47 Lieder
2878 1044 73 45 für
2977 1045 252 49 Pianoforte

1993 1130 49 28 zu
2084 1113 89 47 vier
2214 1113 203 54 Händen,
2456 1131 98 31 zum
2590 1116 169 47 Behufe
2799 1119 292 48 melodischen
3118 1124 85 44 Aus-

1993 1186 160 48 drucks
2194 1187 73 47 für
2295 1188 261 63 angehende
2582 1190 181 62 Spieler.
2804 1191 86 63 Op.
2920 1192 81 47 58.
3042 1195 188 63 Leipzig,

1995 1262 68 47 bei
2095 1263 45 47 C.
2172 1265 47 45 F.
2251 1263 160 47 Kahnt.
2450 1265 120 47 Zwei
2609 1265 128 47 Hefte
2773 1282 49 30 zu
2853 1267 44 61 je
2940 1267 60 47 15
3031 1268 107 64 Ngr.

1993 1336 76 63 (Es
2102 1337 93 47 sind
2238 1338 117 47 nicht
2393 1338 220 49 bekannte
2641 1340 445 58 Lieder-Melodieen,
3135 1360 72 32 son-

1992 1412 106 47 dern
2129 1412 157 47 Lieder
2314 1413 115 47 ohne
2459 1414 161 47 Worte

1881 1487 107 63 Sig.
2023 1487 204 47 Lebert
2260 1487 105 47 und
2401 1489 48 46 L.
2490 1489 182 55 Stark,
2712 1491 146 45 Neue
2897 1492 300 62 Jugend-Bi-

1994 1561 242 46 bliothek
2266 1562 74 45 für
2366 1561 77 48 das
2470 1563 266 56 Pianoforte,
2774 1563 42 47 in
2845 1564 118 47 einer
2990 1569 216 60 systemati-

1989 1635 132 47 schen
2161 1637 139 45 Reihe
2338 1637 131 47 leicht
2507 1637 337 56 ausführbarer,
2884 1639 220 49 fasslicher
3141 1643 88 46 und

1992 1712 73 45 für
2098 1710 103 64 jede
2229 1710 217 49 kindliche
2473 1713 166 46 Alters-
2670 1712 87 47 und
2783 1714 444 65 Entwicklungsstufe

1990 1787 148 62 eigens
2167 1787 287 47 berechneter
2482 1788 262 47 Tonstücke.
2785 1790 234 63 Stuttgart,
3048 1790 66 47 bei
3146 1792 80 47 Ed.

1992 1860 279 64 Hallberger.
2300 1861 121 47 Preis
2451 1863 74 45 für
2547 1861 120 64 jedes
2695 1863 106 47 Heft
2834 1863 62 48 10
2925 1865 107 63 Ngr.

1876 1935 86 47 Die
1990 1952 77 31 vor
2095 1952 80 31 uns
2214 1936 230 64 liegenden
2486 1939 103 46 fünf
2623 1938 131 47 Hefte
2793 1939 221 47 enthalten
3056 1940 173 47 lauter

1766 2009 162 47 Stücke
1970 2010 112 47 über
2115 2011 302 47 Volksweisen
2459 2014 107 44 aller
2605 2013 246 62 möglichen
2887 2014 240 55 Nationen;
3168 2016 59 46 sie

1766 2084 92 47 sind
1881 2086 127 46 theils
2408 2088 181 54 betitelt,
2609 2088 127 45 theils

1764 2174 134 48 sogar
1924 2160 42 47 in
1995 2161 106 46 Heft
2120 2162 74 46 111.
2218 2161 67 47 ein
2832 2159 97 56 „Divertissem
2930 2162 126 47 über
3057 2162 180 50 deutsche

2148 2236 42 45 in
2218 2235 106 47 Heft
2349 2236 52 45 11.
2431 2235 192 48 vollends
2650 2236 68 46 ein

1775 2309 76 47 des
1982 2307 274 50 Contredanses
2257 2307 203 69 populaires
3221 2311 16 47 d
2746 2311 10 46 !
2851 2312 69 55 Ei,
2948 2312 57 46 ei!
3033 2312 89 47 und
3149 2312 78 49 der

1762 2385 245 63 Haupttitel
2037 2386 176 64 besagt:
2263 2387 120 54 „Für
2410 2385 82 49 den
2521 2386 253 48 Unterricht
2799 2387 254 63 eingeführt
3080 2389 39 45 in
3150 2389 77 47 der

1761 2467 257 56 Stuttgarter
2439 2462 111 46 Eine
2580 2460 292 48 Musikschule
2898 2462 125 47 sollte
3050 2463 176 47 solchen

1761 2536 278 47 Frivolitäten
2070 2537 111 46 auch
2211 2536 120 47 nicht
2365 2537 160 46 einmal
2562 2536 42 47 in
2641 2535 82 48 den
2750 2537 171 46 Namen
2958 2537 78 47 der
3064 2538 160 47 Stücke

1763 2611 230 47 Vorschub
2023 2612 164 47 leisten.
2229 2612 59 46 Es
2316 2611 167 48 scheint
2510 2627 95 38 uns,
2633 2611 61 47 als
2722 2627 126 31 wenn
2876 2611 68 46 die
2972 2612 223 48 ehrenwer-

1758 2686 107 47 then
1894 2687 176 46 Herren
2100 2686 331 63 Componisten,
2459 2686 136 48 deren
3039 2688 80 46 wir
3147 2705 50 30 an-

1759 2761 289 62 gelegentlich
2077 2761 252 63 empfohlen
2364 2761 164 54 haben,
2563 2761 89 45 sich
2690 2759 69 49 bei
2787 2759 146 49 diesen
2961 2762 160 47 Heften
3149 2778 51 47 ge-

1758 2852 84 47 gen
1871 2837 69 46 die
1969 2836 232 48 Wünsche
2230 2836 75 47 des
2336 2837 232 63 Verlegers
2605 2842 135 41 etwas
2773 2852 51 29 zu
2851 2836 270 64 nachsichtig
3147 2853 50 47 ge-

1757 2911 111 63 zeigt
1896 2912 163 47 hätten.

1872 2987 289 62 Vorzügliche
2213 2985 425 64 Berücksichtigung
2690 2985 194 47 verdient
2942 2985 127 55 alles,
3132 3002 86 32 was

1756 3063 161 46 Louis
1952 3063 207 47 Köhler
2195 3062 41 47 in
2265 3062 141 47 dieser
2436 3062 541 63 Compositions-Gattung
3004 3062 191 62 geschrie-

1757 3137 85 48 ben
1872 3138 88 47 hat.
2008 3139 168 46 Ausser
2209 3138 147 46 seinen
2388 3138 150 46 früher
2571 3137 310 47 erschienenen
2910 3137 273 47 Volks-Me-

1758 3212 208 46 lodieen
1997 3213 75 45 für
2100 3212 76 46 das
2206 3212 266 54 Pianoforte,
2501 3212 85 62 Op.
2622 3212 80 54 19,
2731 3212 101 45 zwei
2864 3210 144 55 Hefte,
3034 3210 151 64 Magde-

1758 3288 128 62 burg,
1917 3288 67 45 bei
2016 3286 382 55 Heinrichshofen,
2427 3288 120 45 Preis
2576 3286 37 61 je
2647 3286 63 46 10
2735 3286 95 61 Sgr.
2911 3284 109 47 und:
3050 3286 131 45 Mclo-

1756 3363 351 47 dieenbilder
2153 3361 112 49 über
2314 3361 286 54 Volkslieder,
2641 3361 83 63 Op.
2756 3360 84 52 26,
2878 3359 337 53 Ebendaselbst,

1762 3439 58 47 17
1848 3434 42 59 /'i
1922 3440 115 61 Sgr.,
2065 3436 94 47 sind
2190 3436 236 47 besonders
2453 3435 431 65 empfehlenswerth:

1865 3515 202 46 Sonate
2107 3514 42 45 in
2189 3512 165 49 F-dur.
2397 3514 85 62 Op.
2512 3511 82 48 40.
2630 3511 152 46 Erfurt
2811 3509 86 47 und
2926 3511 192 62 Leipzig,
3149 3511 67 46 bei

1979 3590 189 44 Körner.
2202 3587 63 47 15
2296 3589 108 62 Ngr.

1865 3665 130 47 Drei
2027 3664 311 47 Sonatinen.
2368 3664 85 61 Op.
2482 3661 85 55 42,
2597 3659 84 55 43,
2705 3660 83 46 44.
2820 3660 298 53 Winterthur,
3150 3660 63 46 bei

1975 3741 38 45 J.
2042 3737 481 49 Rieter-Biedermann.
2562 3735 119 47 Preis
2709 3735 121 45 einer
2851 3733 130 64 jeden
3019 3735 59 47 10
3108 3736 103 60 Ngr.

1865 3816 202 44 Sonate
2095 3815 40 44 in
2167 3812 156 55 C-dur,
2352 3812 162 46 Gustav
2544 3811 153 61 Flügel
2726 3810 266 62 zugeeignet.
3022 3810 82 61 Op.
3128 3808 80 45 49.

1975 3890 155 45 Erfurt
2158 3887 88 48 und
2272 3887 191 64 Leipzig,
2493 3885 68 47 bei
2590 3887 190 45 Körner.
2821 3885 55 47 15
2906 3886 94 61 Sgr.

1866 3965 126 47 Drei
2034 3963 212 47 Rondin
2261 3963 80 46 o's.
2380 3962 85 62 Op.
2497 3961 81 48 58.
2624 3960 294 54 Winterthur,
2948 3958 65 47 bei
3039 3958 37 45 J.
3109 3957 73 46 Rie-

1975 4038 400 49 ter-Biedermann.
2411 4036 62 48 10
2502 4037 108 61 Ngr.
