2331 3921
779 267 146 28 COURS
960 269 58 27 DU
1053 263 199 35 COLLÈGE
1283 271 54 26 DE
1371 271 170 27 FRANCE

2080 268 88 41 317

150 357 146 53 placés
325 370 56 28 au
405 357 153 41 milieu
591 357 54 41 de
678 355 260 45 l'orchestre
960 367 41 33 et
1044 362 93 51 qui,
1173 374 113 39 pour
1325 363 203 53 rappeler
1564 368 22 36 à
1624 362 158 44 l'ordre
1801 364 62 41 les
1900 373 258 43 tapageurs,

149 427 176 40 avaient
350 425 38 43 le
409 426 118 41 droit
551 425 148 43 d'user
721 427 53 41 de
798 427 118 41 leurs
941 427 162 42 bâtons
1128 439 150 33 contre
1301 432 62 40 les
1387 442 289 44 spectateurs,
1712 434 62 40 les
1811 435 175 39 artistes
2027 441 41 33 et
2092 433 63 41 les

150 499 151 48 poètes
338 498 298 38 eux-mêmes.
663 493 175 54 (Arist.,
868 494 114 42 Paix
987 528 8 17 ,
1023 511 96 37 734,
1146 498 158 53 schol.)
1327 499 30 41 Il
1380 515 53 26 va
1454 501 54 40 de
1538 503 64 40 soi
1628 515 84 39 que
1736 500 242 43 l'archonte
2001 503 105 40 était
2136 505 21 36 à

152 564 38 40 la
210 566 85 38 tête
331 564 53 40 de
410 572 143 32 toutes
578 564 62 40 les
656 566 275 40 cérémonies
957 565 261 51 religieuses
1242 568 53 40 de
1324 569 40 40 la
1389 569 85 41 fête
1497 568 211 53 (cortège,
1733 573 158 50 prière,
1914 568 236 52 sacrifice).

207 631 191 43 Comme
437 637 306 49 conséquence
784 634 53 40 de
873 634 10 40 1
903 636 137 50 esprit
1063 635 54 40 de
1139 637 333 42 centralisation
1510 641 73 50 qui
1616 653 44 27 se
1699 640 244 53 développa
1978 654 104 27 avec
2121 640 38 40 le

153 710 158 44 temps,
334 710 41 33 et
398 715 79 39 par
497 703 113 40 suite
648 703 54 40 de
738 703 40 40 la
812 703 363 52 prépondérance
1213 705 53 41 de
1291 707 214 52 quelques
1524 707 190 41 familles
1739 710 74 51 qui
1838 710 175 40 avaient
2035 717 123 33 entre

153 771 118 41 leurs
294 771 146 40 mains
464 779 94 33 tout
578 771 39 41 le
649 771 136 42 crédit
810 772 53 41 de
906 772 39 40 la
979 775 99 49 cité,
1117 773 63 42 les
1204 773 223 43 fonctions
1459 777 53 40 de
1536 776 240 42 l'archonte
1795 786 41 32 et
1864 778 53 40 de
1959 787 101 32 tous
2096 778 61 41 les

154 840 215 49 çhorèges
391 839 147 42 furent
562 842 193 47 réunies,
776 855 99 26 vers
896 841 39 40 la
960 840 189 43 finduiv
1154 848 15 17 e
1189 844 149 51 siècle,
1363 858 53 28 en
1440 859 85 27 une
1548 859 221 39 personne
1792 849 167 51 unique
1984 859 8 27 :
2019 848 117 50 l'ago-

154 908 193 42 nothète.
375 909 116 41 Mais
515 923 46 27 ce
594 912 235 48 magistrat
864 909 234 52 n'exerçait
1118 925 95 39 pas,
1246 926 171 28 comme
1442 912 254 52 l'archonte,
1734 929 86 27 une
1844 917 315 49 magistrature

153 979 628 41 souveraine

154 1048 203 43 missaire
378 1048 58 41 du
460 1056 354 42 gouvernement
836 1061 18 25 »
874 1059 9 39 ;
906 1049 140 41 choisi
1063 1050 172 53 chaque
1256 1056 155 44 année,
1438 1058 128 46 après
1583 1067 45 26 sa
1652 1053 178 51 charge,
1853 1054 29 39 il
1896 1054 169 41 rendait
2089 1068 70 27 ses

155 1125 214 45 comptes.
394 1116 69 42 Un
484 1117 146 42 décret
653 1117 252 42 d'honneur
924 1122 326 50 récompensait
1270 1121 62 40 les
1355 1120 114 42 bons
1493 1124 203 45 services,

209 1185 59 44 Le
286 1187 133 53 poète.
445 1185 296 51 —L'auteur,
769 1201 57 27 ou
848 1188 338 53 leprocurateur
1199 1189 55 40 du
1281 1190 168 50 drame,
1472 1189 232 54 s'appelait
1718 1189 183 43 d'abord
1922 1206 19 24 «
1961 1196 154 37 maître
2136 1206 19 24 »

152 1256 157 49 (oiS.a.dx
313 1256 127 48 aXoç),
464 1257 113 39 mais
603 1270 53 27 au
680 1270 103 27 sens
804 1266 94 32 tout
910 1259 203 51 pratique
1133 1258 57 40 du
1213 1267 90 32 mot
1327 1274 6 24 :
1357 1272 19 25 «
1398 1259 110 40 celui
1534 1262 73 49 qui
1632 1262 270 48 enseigne»;
1928 1261 99 51 plus
2046 1262 111 47 tard,

154 1324 27 42 il
201 1323 62 44 fut
289 1324 156 53 appelé
458 1327 137 52 poète,
621 1330 214 37 créateur.
860 1325 31 41 Il
917 1340 54 27 ne
988 1326 93 41 faut
1105 1340 78 40 pas
1204 1340 46 27 se
1273 1327 39 40 le
1336 1332 277 48 représenter
1635 1340 171 28 comme
1823 1333 184 37 entouré
2029 1330 130 40 d'une

154 1392 208 42 brillante
388 1394 177 40 auréole
585 1394 52 41 de
659 1395 347 41 considération.
1021 1394 174 52 C'était,
1211 1395 270 51 d'unefaçon
1498 1396 226 51 générale,
1746 1411 59 26 un
1826 1405 330 44 entrepreneur,

156 1463 74 52 qui
247 1460 150 44 faisait
420 1476 88 28 une
527 1465 269 39 convention
822 1477 103 28 avec
946 1463 394 42 l'administration
1363 1464 216 53 publique
1605 1476 8 29 :
1636 1474 272 42 moyennant
1931 1479 86 26 une
2038 1468 101 38 rétri-

155 1531 155 42 bution
334 1537 329 47 accompagnée
701 1533 59 40 du
781 1534 175 40 soutien
979 1533 141 40 moral
1138 1533 53 40 de
1214 1531 146 51 l'Etat,
1387 1533 29 40 il
1437 1532 278 51 s'engageait
1741 1537 21 36 à
1783 1533 111 41 faire
1929 1538 205 47 représen-

155 1610 63 32 ter
234 1615 58 26 un
317 1601 187 40 nombre
527 1601 247 42 déterminé
796 1602 53 40 de
872 1602 178 40 drames
1074 1601 210 53 lyriques.
1303 1601 37 40 A
1355 1601 219 51 l'origine,
1601 1615 80 28 son
1699 1602 92 41 rôle
1814 1604 104 39 était
1933 1603 202 52 multiple
2150 1615 9 28 :

159 1685 11 26 1
181 1678 14 14 0
214 1670 28 41 il
264 1671 181 41 écrivait
461 1670 39 40 le
524 1679 113 32 texte
660 1671 58 40 du
741 1671 171 48 drame,
938 1671 28 39 il
990 1684 52 27 en
1084 1672 248 51 composait
1365 1671 39 40 la
1430 1673 221 50 musique,
1671 1671 133 41 chant
1820 1680 40 32 et
1880 1671 137 41 danse
2041 1681 8 40 ;
2077 1672 83 40 2°il

154 1740 102 40 était
278 1740 240 49 régisseur,
538 1739 184 41 veillant
745 1754 81 26 aux
851 1740 259 51 répétitions
1133 1748 372 39 et,commenous
1529 1740 390 49 dirions,metteur
1935 1754 54 28 en
2009 1746 150 43 scène;

156 1824 16 36 3
180 1821 15 18 0
217 1808 29 40 il
270 1810 105 40 était
396 1817 163 34 acteur.
588 1807 31 41 Il
644 1810 137 51 jouait
805 1808 63 41 les
889 1808 116 41 rôles
1027 1810 261 51 principaux
1315 1818 8 40 ;
1350 1808 28 40 il
1402 1810 105 39 était
1526 1810 328 50 protagoniste.
1898 1808 92 42 Peu
2013 1813 21 36 à
2058 1824 101 38 peu,

155 1886 108 32 cette
287 1878 175 41 activité
485 1877 226 53 complexe
732 1890 46 28 se
810 1876 256 42 différencia
1104 1890 53 28 en
1195 1877 249 52 spécialités
1480 1878 229 41 distinctes
1731 1892 10 35 ;
1766 1878 39 40 le
1836 1883 128 47 poète
1987 1891 79 27 usa
2109 1879 53 40 de

155 1946 363 48 collaborations,
541 1959 174 28 comme
732 1948 228 49 régisseur
979 1954 40 33 et
1042 1959 172 28 comme
1235 1948 303 50 compositeur
1558 1957 7 28 :
1587 1947 27 39 il
1640 1960 119 27 cessa
1782 1944 133 43 d'être
1939 1955 162 33 acteur.
2124 1946 38 40 A

153 2018 94 39 côté
268 2016 59 41 du
343 2019 325 49 poète-maître,
691 2016 29 40 il
743 2030 28 39 y
793 2024 73 33 eut
887 2030 59 27 un
966 2024 319 45 entrepreneur
1302 2017 74 51 qui
1400 2015 60 41 lui
1484 2017 104 39 était
1610 2015 288 42 subordonné
1919 2027 8 28 :
1951 2016 38 40 le
2013 2024 124 43 prota-

152 2086 190 51 goniste.
357 2084 63 41 Ce
437 2084 299 52 changement
759 2098 55 28 ne
838 2082 100 43 s'est
956 2083 272 54 faitqu'avec
1249 2085 186 50 lenteur,
1459 2099 72 26 car
1547 2083 192 54 Eschyle
1754 2086 138 50 jouait
1911 2097 157 28 encore
2091 2099 69 26 ses

154 2156 163 52 pièces.
343 2152 224 54 Sophocle
590 2153 151 42 n'était
760 2167 79 39 pas
864 2162 174 41 acteur;
1061 2152 242 49 d'ailleurs,
1326 2153 38 40 la
1385 2152 209 42 faiblesse
1608 2153 53 40 de
1684 2166 47 27 sa
1750 2155 99 38 voix
1873 2151 82 43 l'en
1976 2158 72 35 eût
2071 2166 60 28 em-

153 2223 151 54 pêché,
331 2236 173 28 comme
526 2236 114 28 nous
683 2222 232 53 l'apprend
949 2236 81 28 son
1053 2222 264 53 biographe.
1372 2220 143 54 Après
1554 2220 238 53 Sophocle,
1828 2222 38 40 le
1907 2227 128 47 poète
2060 2222 99 51 plus

153 2291 132 42 d'une
301 2292 84 41 fois
409 2293 85 51 prit
514 2300 97 44 part
630 2295 21 37 à
676 2291 261 42 l'exécution
960 2291 53 41 de
1035 2304 68 28 ses
1124 2304 184 39 propres
1330 2304 236 36 ouvrages,
1587 2292 113 38 mais
1723 2304 47 26 ce
1804 2288 149 43 n'était
1985 2290 100 52 plus
2119 2290 38 40 la

154 2361 133 52 règle.

204 2431 38 40 A
264 2429 222 52 l'origine,
513 2430 38 40 le
570 2434 128 48 poète
719 2433 144 48 paraît
887 2430 124 39 avoir
1032 2429 158 40 touché
1210 2429 77 41 des
1320 2429 263 40 honoraires
1604 2441 172 27 comme
1817 2435 149 32 acteur
1985 2435 41 32 et
2066 2440 89 27 non

154 2513 170 29 comme
347 2504 143 48 poète.
515 2497 87 42 Les
627 2499 178 40 anciens
842 2503 152 48 poètes
1023 2497 190 56 Thespis,
1253 2497 208 40 Pratinas
1466 2528 9 17 ,
1503 2505 99 32 sont
1642 2496 178 53 appelés
1845 2509 19 24 «
1895 2495 218 41 danseurs
2137 2508 20 25 »

152 2570 243 54 (ôp/r.crcat),
415 2581 129 40 parce
569 2567 131 53 qu'ils
723 2565 309 52 enseignaient
1054 2571 20 36 à
1094 2567 161 40 danser
1271 2577 8 39 ;
1295 2564 349 54 l'entrepreneur
1662 2566 104 39 était
1790 2564 155 53 appelé
1984 2564 176 40 BtSaaxa-

154 2636 284 56 Xo<;(maître),
462 2650 130 40 parce
613 2650 87 39 que
724 2649 81 28 son
831 2636 89 41 rôle
944 2636 216 52 principal
1183 2637 105 39 était
1303 2635 53 40 de
1376 2633 106 42 faire
1495 2634 170 41 étudier
1682 2634 39 40 la
1748 2634 135 52 pièce.
1907 2631 220 42 Onnecou-

155 2709 173 40 ronnait
350 2706 153 50 (d'une
524 2718 224 29 couronne
770 2705 53 40 de
838 2704 145 54 lierre)
1008 2713 41 33 et
1071 2718 56 27 on
1152 2718 54 27 ne
1226 2706 218 39 nommait
1469 2716 76 28 sur
1564 2704 62 39 les
1653 2703 123 40 listes
1819 2700 222 42 officielles
2074 2714 85 39 que

154 2779 107 41 celui
285 2778 76 51 qui
376 2777 116 39 avait
516 2775 209 51 organisé
750 2789 57 26 un
833 2774 157 41 chœur
1011 2782 41 33 et
1073 2774 180 40 conduit
1277 2774 38 40 la
1339 2786 19 25 «
1380 2772 244 41 didascalie
1649 2784 37 26 ».
1709 2770 32 41 Il
1759 2772 184 51 pouvait
1970 2770 189 52 prendre

153 2862 57 26 un
233 2845 344 47 collaborateur,
600 2857 174 28 comme
795 2841 226 54 Sophocle
1066 2847 148 48 paraît
1251 2841 155 41 l'avoir
1440 2840 93 49 fait,
1559 2842 113 39 mais
1707 2840 91 41 cela
1835 2852 55 28 ne
1923 2838 236 51 changeait

154 2916 243 42 nullement
426 2928 45 27 sa
503 2914 213 40 situation
743 2911 216 43 officielle.

207 2985 188 41 Comme
419 2992 319 44 entrepreneur
760 2982 77 40 des
861 2982 114 52 jeux,
996 2981 38 41 le
1057 2986 129 48 poète
1210 2982 116 39 avait
1347 2984 22 35 à
1390 2980 132 40 livrer
1541 2993 58 27 un
1621 2993 56 27 ou
1701 2979 223 52 plusieurs
1945 2978 177 41 drames
2143 2992 11 35 ;

153 3044 127 51 l'État
307 3054 170 41 voulait
499 3052 77 41 des
597 3053 146 51 pièces
760 3050 245 49 nouvelles,
1032 3052 112 38 mais
1168 3048 257 42 n'attachait
1442 3062 79 39 pas
1552 3048 320 53 d'importance
1897 3061 54 26 au
1975 3060 102 27 nom
2102 3048 52 39 de

152 3124 198 41 l'auteur.
368 3120 373 54 L'entrepreneur
764 3121 184 51 pouvait
979 3120 174 40 donner
1175 3119 77 40 des
1270 3120 144 51 pièces
1438 3117 52 41 de
1507 3118 60 40 lui
1602 3130 56 28 ou
1686 3115 104 43 d'un
1814 3124 138 40 autre,
1980 3129 172 39 pourvu

153 3192 102 54 qu'il
277 3206 45 27 se
337 3191 251 42 conformât
612 3203 82 27 aux
727 3189 96 40 lois.
845 3188 248 41 Comment
1109 3202 45 27 se
1177 3186 275 54 procurait-il
1475 3200 87 27 une
1581 3188 120 50 pièce
1739 3184 190 42 d'autrui
1950 3185 16 39 ?
1988 3182 145 43 l'avait-

151 3262 27 40 -11
199 3276 79 39 par
318 3262 202 49 héritage
542 3264 16 35 ?
583 3257 277 42 l'achetait-il
884 3259 15 38 ?
917 3257 205 41 faisait-il
1146 3271 60 26 un
1229 3264 171 33 contrat
1423 3255 163 52 spécial
1611 3255 15 39 ?
1649 3252 159 43 C'était
1848 3266 82 28 son
1972 3251 179 51 affaire;

153 3321 129 51 l'État
304 3344 55 28 ne
383 3328 91 42 s'en
493 3342 165 39 occupa
682 3329 141 51 point,
858 3335 92 32 tant
972 3324 103 55 qu'il
1089 3341 27 38 y
1148 3323 117 43 n'eut
1287 3337 171 28 aucune
1493 3324 55 40 loi
1570 3337 74 27 sur
1667 3323 38 40 le
1728 3323 185 40 théâtre.
1940 3320 210 50 D'abord,

153 3400 60 40 les
235 3400 179 40 drames
437 3400 165 40 étaient
625 3396 255 42 considérés
899 3409 174 27 comme
1097 3408 248 35 nouveaux,
1387 3397 144 36 même
1555 3395 37 38 si
1615 3390 202 43 c'étaient
1839 3391 76 40 des
1939 3403 187 37 arrange-

154 3478 140 32 ments
343 3469 285 40 d'anciennes
670 3468 165 50 pièces.
877 3464 85 41 Les
998 3465 255 51 exceptions
1289 3468 21 34 à
1340 3470 109 32 cette
1487 3462 119 51 règle
1639 3469 99 32 sont
1771 3465 87 35 très
1896 3472 134 27 rares.
2065 3457 87 42 Les

154 3538 173 41 drames
350 3536 236 53 d'Eschyle
610 3534 145 42 furent
779 3542 190 33 souvent
990 3534 143 40 admis
1154 3547 55 27 au
1246 3544 231 35 concours,
1503 3536 127 47 après
1654 3530 40 40 la
1719 3537 114 32 mort
1856 3529 52 39 de
1947 3528 203 40 l'auteur.

218 3606 115 42 Sauf
351 3620 113 40 pour
477 3605 209 53 Eschyle,
722 3603 280 41 l'admission
1025 3603 54 40 de
1099 3603 38 39 la
1159 3604 120 51 pièce
1300 3600 236 53 dépendait
1572 3599 103 41 d'un
1695 3611 187 28 examen
1925 3596 237 54 préalable^
