3485 4460
1704 226 63 51 61

119 384 198 52 wegen
349 368 138 51 nach
519 369 181 50 einem
733 370 270 51 höheren
1031 369 173 60 Ziele,
1228 370 119 50 nach
1374 372 150 49 einem
1549 373 142 61 Ideal,

117 448 57 49 ist
202 448 73 49 die
305 448 212 67 steigend
546 450 399 49 vollkommenere
974 449 302 67 Realisirung
1319 450 80 50 des
1444 453 109 48 alles
1583 454 108 49 Sein

115 528 427 51 durchwirkenden
571 530 220 66 Ewigen,
821 529 281 60 Absoluten,
1135 530 282 60 Göttlichen,
1460 533 116 50 oder
1605 536 88 49 wie

114 608 89 48 wir
232 626 48 31 es
310 626 186 33 nennen
526 610 184 49 wollen.
741 608 235 49 Desshaib
1007 609 82 50 hat
1117 628 92 32 nur
1238 612 74 49 ein
1343 612 350 52 werdender

113 689 226 48 Künstler
367 689 103 50 eine
499 689 222 50 Zukunft.
778 689 110 50 Und
928 689 151 50 dieser
1117 692 221 66 göttliche
1369 693 168 51 Funke
1566 694 125 50 kann

114 768 121 49 auch
265 769 47 50 in
341 769 204 60 kleinen,
583 769 91 50 den
706 769 225 50 kleinsten
964 770 378 68 Compositionen
1374 773 286 50 durchleuch-

112 856 96 52 ten,
232 849 245 66 gleichwie
508 866 51 31 er
588 849 46 48 in
668 850 152 49 einem
851 849 340 52 bescheidenen
1215 853 224 50 Veilchen
1470 853 94 50 sich
1596 854 95 49 und

115 928 83 48 für
228 929 74 48 ein
331 929 203 66 sinniges
564 931 139 64 Auge
743 929 44 48 in
816 929 129 51 nicht
973 931 181 50 minder
1183 933 314 66 grossartiger
1528 934 165 50 Weise

113 1008 294 60 manifestirt,
451 1009 66 49 als
547 1011 46 47 in
617 1008 136 67 jeder
783 1009 207 51 anderen
1018 1012 343 68 Erscheinung.
1407 1014 109 49 Das
1559 1013 134 50 hast

115 1088 85 48 Du
245 1088 190 50 selbst
477 1089 179 49 schon
698 1089 47 51 in
776 1089 249 51 mehreren
1053 1093 177 48 Deiner
1260 1092 241 51 kleineren
1533 1093 117 50 Com-

112 1167 332 66 positionen
474 1167 344 68 dargethan.
848 1171 112 49 Man
989 1171 126 49 kann
1144 1172 97 49 sich
1271 1172 118 49 aber
1418 1172 159 49 diesen
1606 1174 63 49 all-

110 1248 248 65 gemeinen
373 1247 301 68 Standpunkt
696 1249 125 50 nicht
851 1251 66 50 oft
946 1268 157 50 genug
1133 1268 82 33 vor
1244 1252 74 49 die
1336 1253 134 48 Seele
1497 1252 191 61 führen,

110 1343 110 32 man
250 1327 126 48 kann
409 1345 48 31 es
487 1328 150 50 einem
663 1331 236 58 Freunde,
924 1331 242 50 dem.man
1197 1332 271 49 wirklich
1492 1332 193 49 Freund

109 1407 71 57 ist,
211 1405 127 50 nicht
359 1408 365 52 nachdrücklich
752 1427 158 51 genug
933 1428 162 50 sagen,
1126 1411 60 49 da
1216 1411 144 50 leider
1390 1412 96 48 und
1516 1412 140 51 beson-

109 1485 107 50 ders
246 1487 45 48 in
321 1488 376 67 gegenwärtiger
710 1489 103 51 Zeit
834 1491 85 49 der
941 1489 85 51 der
1054 1492 423 67 Entwicklung
1509 1492 145 49 feind-

109 1566 191 50 lichen
341 1569 298 50 Elemente
682 1588 49 32 so
776 1572 113 49 viele
932 1571 100 49 sind
1077 1571 95 49 und
1230 1591 108 30 man
1382 1573 176 50 leicht
1609 1573 71 48 im

108 1647 241 67 Kampfe
391 1651 84 48 mit
515 1648 91 51 den
636 1649 252 69 allerdings
918 1651 108 49 sehr
1055 1651 379 67 deprimirenden
1464 1653 189 48 Verhält-

108 1727 151 49 nissen
298 1728 334 51 erschlafft.
689 1731 79 48 Ich
800 1748 126 32 muss
956 1732 281 66 wenigstens
1266 1732 144 49 selbst
1437 1732 243 67 gestehen,

106 1806 105 50 dass
241 1807 72 49 ich
344 1808 65 50 oft
430 1809 89 50 alle
536 1811 136 49 Kraft
694 1811 166 67 nöthig
880 1811 142 58 habe,
1053 1830 87 30 um
1172 1812 144 48 mich
1347 1812 140 49 über
1521 1813 119 50 Was-

106 1902 92 33 ser
235 1905 62 31 zu
327 1889 281 59 erhalten,
639 1908 49 32 so
719 1893 109 47 sehr
856 1892 72 48 ich
961 1891 120 49 auch
1114 1892 147 58 fühle,
1291 1892 262 67 überzeugt
1581 1892 96 60 bin,

105 1966 106 49 dass
240 1983 48 33 es
317 1986 90 30 nur
437 1968 106 50 Ein
575 1969 208 68 heiliges,
813 1971 102 49 Ein
945 1971 244 67 göttliches
1213 1972 125 60 Sein,
1368 1972 162 49 Leben
1561 1972 116 67 gibt,

108 2044 165 51 dessen
302 2047 208 49 Schleier
538 2066 56 30 zu
622 2048 147 50 lüften
800 2049 84 49 der
913 2051 192 48 Mensch
1144 2051 198 49 berufen
1373 2052 71 57 ist,
1491 2051 185 67 folglich

105 2142 52 32 er
193 2124 109 68 jede
333 2127 180 49 Stunde
543 2128 65 48 als
646 2129 102 50 eine
783 2129 244 50 verlorene
1056 2148 55 31 zu
1140 2129 277 51 betrachten
1446 2131 97 58 hat,
1589 2131 88 49 die

106 2223 60 31 er
209 2206 155 49 nicht
407 2208 73 48 im
536 2208 235 50 Dienste
813 2209 184 50 dieses
1051 2211 240 67 Ewigen
1333 2211 343 50 vollbracht.

103 2284 185 50 Darum
319 2286 237 68 schmiege
597 2287 73 49 ich
711 2289 122 49 mich
870 2289 118 49 auch
1021 2307 115 48 gern
1166 2289 129 50 einer
1324 2291 91 48 mir
1444 2291 208 67 gleichge-

101 2364 237 51 stimmten
368 2368 135 50 Seele
533 2386 75 41 an,
655 2386 59 33 an
744 2368 74 50 ihr
847 2387 121 32 neue
997 2371 256 67 Stärkung,
1284 2388 120 32 neue
1435 2371 138 49 Kraft
1600 2388 52 32 su-

101 2444 164 50 chend.
297 2446 79 48 Ich
405 2446 80 49 bin
515 2447 121 49 auch
661 2447 86 49 der
762 2448 397 69 Ueberzeugung,
1185 2467 47 32 es
1251 2449 162 50 würde
1436 2449 112 50 bald
1572 2449 78 51 bes-

101 2541 75 32 ser
204 2542 82 32 um
315 2524 73 51 die
419 2528 154 48 Kunst
599 2528 181 59 stehen,
819 2545 138 33 wenn
997 2529 95 49 sich
1135 2548 92 31 nur
1269 2531 101 48 eine
1411 2529 265 51 bestimmte

101 2603 182 51 Anzahl
300 2606 226 49 Künstler
541 2607 433 49 zusammenfinden
992 2609 171 58 wollte,
1195 2627 86 31 um
1313 2609 117 49 sich
1462 2626 175 49 gegen-

101 2684 176 68 seitig
317 2703 56 31 zu
416 2693 219 60 tragen,
674 2706 65 30 zu
781 2688 199 59 heben,
1030 2707 63 31 zu
1138 2689 231 50 stärken
1412 2689 90 49 für
1544 2689 130 51 ihre

101 2781 200 48 grosse
331 2764 277 68 Aufgabe.
640 2767 137 49 Doch
808 2766 82 50 das
919 2767 103 49 sind
1051 2768 120 48 noch
1189 2766 94 71 pia
1309 2766 249 53 desideria.

192 2844 219 66 „Vergiss
442 2846 87 48 mir
560 2847 121 49 auch
710 2847 142 58 nicht,
898 2847 87 48 mir
1015 2848 151 48 Deine
1196 2848 197 48 Ansicht
1481 2877 12 7 -
1529 2848 147 50 aber

100 2924 452 51 unverhohlene
653 2927 119 49 über
787 2927 74 49 die
876 2927 325 67 beiliegenden
1218 2928 381 68 Compositionen
1622 2947 54 31 zu

99 3020 159 49 sagen.
288 3004 80 50 Ich
399 3006 91 48 will
510 3006 273 59 Wahrheit,
814 3025 89 30 nur
936 3007 269 49 Wahrheit.
1239 3009 143 49 Zwar
1410 3025 127 31 muss
1566 3026 109 30 man

98 3082 143 49 selbst
263 3083 185 60 wissen,
477 3102 75 33 wo
584 3086 135 49 einen
748 3086 82 48 der
855 3087 160 48 Schuh
1045 3086 185 58 drückt,
1261 3087 96 48 und
1388 3103 47 33 es
1464 3088 133 48 weiss
1628 3105 47 31 es

98 3162 124 48 wohl
247 3163 121 48 auch
391 3163 74 48 ein
487 3164 152 66 jeder,
670 3164 84 50 der
783 3164 106 51 kein
921 3166 336 67 eingebildeter
1271 3168 127 49 Narr
1429 3167 76 58 ist;
1539 3167 135 50 allein

100 3242 74 49 ein
197 3241 219 50 Anderer
444 3244 120 49 sieht
593 3244 169 50 immer
790 3244 176 51 wieder
995 3246 185 51 anders.
1210 3247 79 48 Ich
1319 3247 93 48 will
1443 3266 35 31 z.
1510 3248 51 49 B.
1594 3265 52 49 ge-

98 3321 179 59 stehen,
301 3321 105 49 dass
429 3322 90 48 mir
546 3324 433 65 vorzugsweise
1009 3323 74 51 die
1111 3326 356 66 Liszt-Fugc
1497 3327 177 50 Werth

95 3418 56 32 zu
181 3399 157 51 haben
367 3399 190 51 scheint.
604 3402 157 49 Aber
788 3420 114 31 was
932 3403 88 50 ich
1055 3403 178 51 davon
1266 3404 169 60 halte,
1467 3406 207 49 darum

99 3481 287 48 kümmert
425 3481 117 49 sich
584 3481 94 49 die
722 3483 158 50 Welt
922 3483 176 48 nicht!
1140 3484 112 49 Also
1275 3484 119 49 —!-

840 3581 79 46 VI.

544 3664 119 45 „Die
709 3664 166 36 Kunst
917 3665 123 47 geht
1084 3667 186 35 einmal

810 3731 277 60 „Eisenach,
1119 3732 89 50 27.
1237 3733 110 50 Juni
1387 3735 161 49 1854.

226 3810 147 55 „Dein
390 3810 133 49 Brief
540 3810 81 49 hat
649 3810 122 49 mich
799 3811 86 49 auf
907 3811 81 49 das
1012 3812 338 65 angenehmste
1374 3813 291 51 überrascht.

90 3891 65 47 Es
185 3890 54 48 ist
268 3890 137 66 lange
427 3890 101 58 her,
559 3890 208 49 dasswir
790 3891 105 48 kein
913 3891 146 49 Wort
1083 3891 84 48 mit
1194 3891 224 49 einander
1449 3895 186 63 gewech-

90 3968 85 49 selt
204 3967 170 51 haben.
432 3968 139 50 Nicht
599 3970 145 47 selten
773 3968 80 50 bin
884 3970 73 48 ich
988 3970 47 48 in
1064 3968 262 51 Gedanken
1357 3971 73 48 bei
1462 3972 86 48 Dir
1578 3990 55 49 ge-

91 4064 173 42 wesen,
296 4047 117 51 aber
439 4047 322 51 schreiben!
863 4048 176 50 Lieber
1055 4048 226 51 Himmel!
1313 4067 95 32 was
1439 4052 81 48 soll
1552 4070 110 32 man

89 4126 44 47 in
164 4142 49 32 so
244 4127 444 52 hundecommunen
717 4128 366 60 Verhältnissen,
1122 4130 87 49 wie
1238 4128 72 50 die
1340 4130 118 58 sind,
1503 4131 44 48 in
1580 4132 54 50 de-

87 4221 92 32 nen
213 4205 74 49 ich
319 4207 120 60 lebe,
479 4208 279 50 schreiben?
814 4207 159 51 Ueber
1001 4210 189 48 Kunst?
1247 4210 103 48 Ach
1379 4211 161 48 Jesus!
1585 4212 73 48 ich

86 4283 122 64 gebe
250 4301 86 33 von
378 4287 104 48 früh
515 4288 32 50 9
580 4288 69 49 bis
681 4286 191 51 Abends
904 4287 56 50 6-
960 4287 91 50 —7
1095 4288 101 50 Uhr
1239 4290 418 52 ununterbrochen

1766 375 473 60 Privat-Unterricht,
2282 377 243 51 nebenher
2556 379 219 51 fabricire
2819 379 71 51 ich
2925 379 75 50 ein
3034 397 117 50 paar
3181 379 145 68 Orgel-

1766 454 294 60 sächelchen,
2091 456 61 49 im
2182 457 241 67 Uebrigen
2450 459 114 51 höre
2594 462 72 48 ich
2690 480 86 31 von
2801 450 157 61 Musik
2982 478 52 33 so
3059 461 174 67 wenig,
3254 461 105 49 dass

1876 534 130 59 kurz,
2037 536 94 49 s'ist
2161 537 71 48 ein
2264 539 236 49 Jammer!

1859 616 207 58 „Deiner
2093 617 275 68 Einladung
2399 619 124 50 kann
2553 619 73 50 ich
2659 621 159 59 leider,
2850 622 169 49 leider!
3050 622 139 51 keine
3207 622 151 67 Folge

1766 697 176 49 leisten.
1973 697 80 49 Ich
2074 702 125 46 wäre
2217 698 252 67 glücklich,
2500 699 176 51 könnte
2696 701 71 49 ich
2795 702 75 48 die
2897 703 138 50 Reise
3064 703 291 50 mitmachen

1766 777 97 47 und
1882 776 254 50 besonders
2154 779 43 47 in
2211 779 178 50 Deiner
2401 781 318 49 Gesellschaft.
2737 783 165 66 Lange
2918 783 144 50 schon
3078 783 275 50 schmachte

1765 854 74 49 ich
1868 854 121 51 nach
2019 857 221 67 Umgang
2264 858 83 50 mit
2365 861 248 58 Männern,
2646 861 83 49 mit
2757 861 145 50 deren
2921 863 181 50 Wesen
3127 862 82 49 das
3234 863 87 48 mei-

1765 934 108 66 nige
1902 937 243 49 verwandt
2174 938 69 50 ist.
2274 941 98 48 Das
2404 941 96 49 und
2531 941 154 58 vieles,
2705 942 136 49 vieles
2859 942 191 51 Andere
3071 943 165 50 würde
3259 943 91 50 mir

1766 1013 75 50 die
1872 1016 137 48 Reise
2038 1017 120 49 nach
2192 1019 52 47 R.
2274 1019 281 65 gewähren;
2601 1021 73 49 ich
2715 1021 125 50 habe
2870 1023 88 48 mir
2987 1022 82 49 das
3101 1023 112 48 alles
3243 1040 78 31 vor-

1765 1096 197 64 gestellt,
1980 1096 260 50 ordentlich
2258 1098 132 50 darin
2409 1101 288 67 geschwelgt
2707 1132 64 4 —
2787 1102 138 49 allein
2941 1103 74 50 ich
3033 1120 127 33 muss
3176 1102 178 52 darauf

1763 1174 274 51 verzichten.
2081 1176 309 69 Geldmangel
2422 1181 54 48 ist
2506 1181 128 49 nicht
2660 1181 86 49 der
2773 1182 178 67 einzige
2983 1182 169 49 Grund
3261 1183 85 50 der

1764 1254 161 50 Teufel
1957 1256 107 48 hole
2094 1272 51 33 so
2175 1257 75 48 ein
2273 1258 346 66 jämmerliches
2646 1261 266 51 Leben!—
2921 1263 124 65 Sage
3063 1263 75 57 V.,
3170 1261 105 51 dass
3298 1280 48 32 es

1763 1333 88 50 mir
1879 1334 275 68 unmöglich
2185 1353 237 49 gewesen,
2452 1338 122 50 mich
2603 1357 89 32 von
2721 1342 176 48 Ketten
2925 1360 54 29 zu
3012 1341 224 51 befreien.

1851 1414 107 59 „Ich
1980 1416 156 49 stecke
2160 1417 102 48 hier
2285 1417 44 48 in
2347 1417 246 59 Eisenach,
2612 1421 88 48 wie
2718 1421 101 49 eine
2837 1422 137 50 Maus
2994 1422 44 48 in
3057 1421 85 51 der

2329 1653 225 61 Berliner
2592 1655 174 60 Briefe.

1756 1774 87 48 [Die
1872 1774 200 38 komische
2102 1776 104 42 Oper
2316 1777 164 37 Meister
2520 1779 182 37 Pathelin
2746 1792 73 24 von
2862 1781 157 35 Bazin
3130 1783 204 38 Belmonte

1754 1840 82 35 unl
1874 1838 218 36 Constanze
2213 1840 105 35 Mach
2368 1840 444 38 Viardot-Garcia
2882 1864 9 5 -
2923 1842 205 38 Orchester
3149 1844 188 39 Concerte

1752 1912 76 24 von
1858 1900 47 38 H.
1937 1912 96 26 von
2062 1902 168 36 Bülow
2255 1903 221 36 —Pianist
2506 1905 133 35 Taus
2654 1906 48 46 ig
2789 1905 166 37 Concert
2984 1905 68 37 der
3078 1906 256 48 königlichen

2148 1964 169 48 Capelle,
2349 1965 150 37 Ottetto
2530 1979 76 24 von
2635 1967 305 48 Mendelssohn.]

2652 2068 104 34 Den
2796 2068 36 36 9.
2871 2067 229 37 Februar
3142 2070 110 36 1858.

1872 2137 80 51 Ich
1984 2138 120 50 habe
2135 2140 147 49 Ihnen
2314 2141 44 48 in
2387 2141 176 51 diesem
2586 2143 193 50 Winter
2808 2143 148 49 schon
2984 2143 116 50 zwei
3118 2145 95 48 Mal
3243 2162 89 32 von

1754 2217 274 50 Versuchen
2057 2217 247 61 berichtet,
2334 2221 178 49 welche
2542 2222 73 48 die
2645 2222 266 66 königliche
2934 2222 168 50 Bühne
3129 2223 203 54 machte,

1752 2315 176 32 neuere
1957 2297 236 51 Producte
2222 2298 80 50 des
2333 2301 180 66 pariser
2539 2301 317 51 Geschmacks
2880 2302 102 48 hier
3005 2302 326 52 einzuführen.

1751 2378 163 50 Ueber
1943 2377 91 50 den
2064 2378 121 51 Kadi
2216 2396 89 32 von
2334 2381 207 49 Thomas
2570 2382 179 50 konnte
2780 2400 126 42 man,
2930 2382 90 50 wie
3049 2383 74 50 ich
3153 2383 179 51 damals

1751 2457 353 51 ausführlicher
2146 2458 310 61 entwickelte,
2500 2462 318 66 glimpflicher
2847 2461 250 61 urtheilen,
3142 2463 67 49 als
3250 2463 81 51 das

1750 2537 176 67 hiesige
1967 2537 276 58 Publicum;
2299 2541 304 49 Jeannettens
2649 2542 227 50 Hochzeit
2912 2557 89 33 von
3052 2543 155 49 Mass£
3251 2561 48 32 er-

1747 2617 158 50 schien
1935 2617 215 67 dagegen
2182 2620 64 47 als
2277 2620 74 47 ein
2371 2620 291 52 hinsichtlich
2681 2621 82 49 des
2787 2622 154 65 Sujets
2961 2622 362 61 verwerfliches,

1750 2697 291 50 musicalisch
2072 2714 116 50 ganz
2218 2697 388 52 unbedeutendes
2635 2701 291 49 Machwerk.
2963 2701 94 49 Am
3087 2701 207 52 schlimm-

1750 2783 99 44 sten
1892 2778 57 49 ist
1987 2795 47 32 es
2079 2777 183 51 endlich
2295 2778 105 50 dem
2432 2781 241 49 Meister
2711 2781 263 49 Pathelin
3017 2799 90 31 von
3146 2783 177 50 Bazin

1751 2874 266 50 gegangen,
2060 2857 128 50 einer
2217 2857 244 67 Operette,
2500 2860 47 48 in
2586 2860 85 49 der
2706 2860 74 49 die
2808 2861 155 48 Musik
2993 2861 121 48 noch
3146 2866 154 61 erträg-

1751 2937 89 50 lich
1863 2937 100 50 sein
1978 2937 182 61 würde,
2191 2955 138 32 wenn
2358 2938 127 50 nicht
2513 2940 84 49 der
2620 2941 126 49 Stoff
2766 2957 51 33 so
2852 2940 163 52 albern
3045 2945 144 56 wäre,
3219 2942 106 50 dass

1750 3017 128 50 nicht
1906 3017 85 50 viel
2024 3017 156 60 fehlte,
2221 3017 95 50 und
2357 3018 65 50 sie
2451 3023 127 46 wäre
2607 3020 288 67 ausgezischt
2923 3020 207 50 worden.
3186 3022 132 50 Nach

1751 3096 274 67 einmaliger
2056 3097 312 66 Aufführung
2418 3098 56 49 ist
2512 3100 63 48 sie
2622 3101 83 48 mit
2740 3100 152 50 Recht
3163 3102 157 66 gelegt

1750 3176 207 51 worden.
1990 3178 96 49 Seit
2112 3177 105 50 dem
2235 3177 330 66 Engagement
2588 3196 189 32 unseres
2801 3196 153 34 neuen
2970 3178 351 69 Spiel-Tenors,

1749 3255 78 49 des
1858 3257 159 48 Herrn
2050 3257 128 50 WoI
2193 3257 55 57 ff,
2291 3256 85 49 der
2409 3258 210 66 zugleich
2650 3260 254 66 Regisseur
2934 3258 83 52 der
3048 3260 269 52 komischen

1749 3336 132 66 Oper
1921 3336 71 58 ist,
2037 3336 198 51 bemüht
2264 3352 111 33 man
2403 3336 113 61 sich,
2560 3338 83 50 das
2673 3340 277 66 Repertoire
2980 3338 244 51 derselben
3255 3359 57 31 zu

1747 3415 264 58 erweitern,
2043 3416 69 49 bis
2135 3417 113 66 jetzt
2277 3416 115 49 aber
2415 3418 83 47 mit
2521 3418 242 68 geringem
2785 3420 207 66 Erfolge.
3022 3420 89 49 Die
3130 3420 155 66 Gegen-

1745 3502 120 42 wart
1902 3495 179 50 scheint
2123 3497 85 50 auf
2240 3496 174 49 diesem
2446 3497 195 51 Gebiete
2673 3498 85 50 fast
2786 3500 118 48 noch
2937 3497 381 67 unproduetiver,

1746 3573 65 50 als
1850 3575 45 47 in
1935 3573 90 51 den
2056 3584 190 41 ernsten
2277 3577 298 66 Gattungen;
2620 3577 72 50 die
2721 3577 259 66 Wenigen,
3024 3576 73 52 die
3142 3578 176 68 einiges

1745 3653 169 50 Talent
1949 3655 173 59 haben,
2161 3657 157 48 halten
2349 3671 47 32 es
2427 3656 80 48 für
2535 3664 137 41 unter
2700 3657 127 48 ihrer
2857 3656 211 60 Würde,
3109 3658 95 49 sich
3236 3660 54 49 da-

1744 3733 85 50 mit
1858 3733 293 69 abzugeben,
2196 3737 94 48 und
2326 3733 157 52 indem
2525 3737 64 48 sie
2625 3736 118 49 nach
2773 3737 190 68 Dingen
2993 3738 207 60 streben,
3245 3740 72 49 die

1742 3812 122 50 über
1887 3812 102 51 ihre
2010 3815 164 52 Kräfte
2198 3816 170 65 gehen,
2400 3815 239 49 erreichen
2669 3816 65 48 sie
2765 3834 87 48 gar
2875 3817 178 59 nichts;
3086 3817 90 51 den
3199 3836 116 50 ganz

1744 3893 317 60 Talentlosen,
2112 3895 72 49 die
2226 3895 158 49 weder
2422 3895 166 66 irgend
2630 3896 137 52 einen
2813 3897 198 68 eigenen
3058 3898 255 50 Gedanken

1738 3973 124 49 noch
1905 3973 73 50 die
2023 3975 208 48 formelle
2264 3975 581 63 Compositions-Technik
2875 3977 174 59 haben,
3095 3977 114 50 wird
3238 3979 73 48 die

1740 4051 238 52 komische
2009 4055 131 66 Oper
2170 4053 283 50 überlassen.
2484 4055 65 48 Es
2580 4055 148 49 bleibt
2756 4057 96 50 also
2884 4059 147 48 nichts
3061 4056 152 66 übrig,
3243 4057 65 49 als

1738 4149 84 31 aus
1854 4133 169 49 älterer
2052 4132 99 48 Zeit
2193 4132 112 48 alles
2343 4131 180 70 einiger
2551 4135 219 51 Maassen
2799 4135 303 51 Brauchbare
3132 4133 175 51 wieder

1735 4210 419 50 hervorzusuchen.
2184 4211 134 49 Aber
2345 4212 147 51 selbst
2521 4233 151 49 gegen
2702 4215 74 49 die
2807 4215 161 49 besten
2996 4212 181 52 Werke
3207 4215 72 48 die-

1734 4306 74 33 ser
1834 4291 224 66 Gattung,
2083 4290 89 52 wie
2196 4291 89 49 den
2310 4292 202 51 Barbier
2535 4311 85 32 von
2640 4295 182 59 Sevilla,
2840 4293 72 51 die
2928 4293 188 53 Weisse
3134 4295 169 59 Dame,
