3415 4572
936 416 199 54 Hanns
1164 416 193 52 Braun
1396 431 22 23 *
1455 414 224 54 Anselm
1705 414 275 53 Amadeus

2497 413 77 57 57

886 1210 486 81 ANSELM
1434 1210 596 82 AMADEUS

1140 1005 299 89 Hanns
1481 1005 305 82 Braun

1187 1374 171 58 EINE
1391 1375 343 60 NOVELLE

441 1550 347 85 Lichtgrün
834 1549 115 71 der
995 1548 302 82 Morgen.
1362 1545 589 74 Zerbrechlichkalt
1996 1548 136 71 und
2176 1548 245 85 gläsern
2464 1548 116 71 der

357 1643 296 74 Himmel.
825 1642 133 70 Mit
1014 1642 150 70 dem
1223 1638 247 74 Gefühl
1530 1642 113 70 des
1701 1639 653 87 überlebensgroßen
2413 1642 166 85 stieg

354 1740 227 71 Ansein
614 1736 328 71 Amadeus
977 1736 127 70 den
1140 1733 345 73 Gletscher
1518 1736 296 70 abwärts.

441 1832 80 70 Er
568 1831 253 70 achtete
870 1830 179 70 nicht
1099 1827 114 73 auf
1260 1828 107 70 die
1419 1827 451 71 Feierlichkeit
1918 1827 212 70 dieses
2181 1826 395 81 Schreitens,

355 1926 152 75 noch
550 1924 110 72 auf
704 1924 107 71 die
855 1924 371 71 verbissene
1274 1921 229 81 Mühe,
1552 1922 280 72 sondern
1879 1920 380 81 schnaubte,
2308 1921 268 79 achtlos,

355 2052 71 39 zu
458 2018 141 70 Tal.

441 2113 210 82 Lange
685 2138 114 44 vor
825 2109 114 73 der
966 2110 426 84 bedungenen
1419 2105 145 74 Zeit
1588 2136 128 43 war
1743 2107 361 86 Scheidegg
2132 2107 297 80 erreicht,
2466 2107 114 69 der

357 2206 230 69 Führer
611 2204 315 70 entlohnt.
966 2203 118 71 Ihn
1112 2203 200 70 selbst
1338 2203 155 70 aber
1517 2202 167 71 trieb
1710 2203 107 70 die
1845 2201 344 72 fordernde
2214 2201 366 85 Bewegung

355 2300 152 71 noch
543 2297 221 71 rastlos
799 2297 163 71 über
995 2297 105 70 die
1137 2296 280 71 Halden.

440 2392 140 70 Erst
624 2391 89 71 als
761 2392 116 70 der
922 2390 243 84 Mittag
1208 2389 217 86 anfing
1470 2389 310 71 Schatten
1825 2390 135 70 und
1994 2386 218 74 Sonne
2257 2418 80 39 zu
2383 2386 196 71 teilen

356 2485 301 71 zwischen
685 2484 192 86 Eiger
902 2485 134 71 und
1065 2484 269 80 Mönch,
1367 2481 244 74 verließ
1637 2484 112 70 ihn
1777 2483 112 71 das
1922 2480 283 86 Klopfen
2232 2508 113 44 vor
2372 2480 208 71 linder

357 2579 374 85 Müdigkeit.
783 2579 84 71 Es
905 2608 219 55 zwang
1159 2579 113 70 ihn
1307 2608 82 41 zu
1425 2576 188 72 ruhn.
1667 2576 86 70 Er
1786 2596 238 50 atmete
2058 2575 132 70 auf.

441 2673 122 70 Die
606 2702 195 57 graue
850 2672 203 71 Hütte
1102 2672 278 71 droben!
1531 2669 326 73 blinzelnd
1903 2668 154 71 fand
2106 2696 69 43 er
2217 2698 94 40 sie
2345 2668 230 70 heraus

356 2764 302 73 zwischen
685 2764 109 72 Eis
831 2766 133 70 und
992 2764 432 72 Felsstürzen.
1461 2763 423 71 Dazwischen
1918 2762 100 84 lag
2052 2759 165 73 weiß
2250 2762 115 68 der
2389 2758 152 72 Glet-

357 2860 172 68 scher
559 2861 134 70 und
727 2860 105 70 die
868 2860 217 85 erdige
1122 2858 295 70 Moräne.
1475 2857 272 84 Jenseits
1784 2874 208 52 tosten
2027 2855 106 71 die
2167 2853 307 71 Lawinen
2509 2884 68 39 in

357 2954 394 71 unsichtbare
783 2951 377 86 Abgründe.
1309 2951 175 70 Alles
1521 2949 351 72 verblaßte.
1925 2947 151 71 Fest
2110 2946 223 72 schloß
2369 2975 70 42 er
2468 2947 109 71 die

355 3043 213 87 Äugen
605 3046 133 70 und
773 3059 222 72 spürte
1030 3046 102 69 ihr
1164 3045 225 70 müdes
1424 3043 321 71 Brennen.

441 3138 126 72 Mit
599 3139 205 86 Angst
840 3139 315 71 erwachte
1190 3166 89 42 er.
1323 3137 194 71 Seine
1541 3135 229 87 Augen
1805 3133 207 72 trafen
2046 3133 112 71 auf
2191 3133 388 80 Menschen,

356 3229 98 73 die
478 3233 220 86 müßig
722 3233 465 79 umhertraten,
1221 3232 138 70 sich
1385 3229 306 85 lagerten,
1718 3228 166 71 aßen
1911 3227 135 72 und
2073 3227 290 71 tranken.
2408 3227 169 70 Weit

357 3325 237 74 drüben
624 3359 105 39 am
765 3326 348 72 Gletscher
1147 3325 287 71 hafteten
1469 3325 115 78 sie,
1617 3323 121 70 wie
1773 3322 276 71 Punkte:
2086 3319 364 73 lächerlich.

442 3420 353 73 Menschen
815 3429 30 63 ?
889 3420 204 86 fragte
1128 3446 90 54 er,
1254 3418 121 72 wie
1408 3418 196 79 einer,
1640 3416 117 70 der
1787 3446 113 40 aus
1935 3415 150 71 dem
2121 3413 459 73 Unbewußten

359 3510 330 77 kommend
722 3516 114 70 das
873 3512 309 74 Einfache
1216 3511 408 73 verwundert
1659 3509 321 71 entdeckt.
2017 3507 207 73 Stand
2248 3506 134 71 auf.
2420 3507 160 72 Und

359 3622 113 53 trat
505 3628 184 51 unter
721 3610 114 69 sie.

445 3699 117 73 Ein
596 3702 240 71 kleines
873 3699 352 80 Mädchen,
1273 3699 232 70 mitten
1550 3717 190 52 unter
1789 3697 125 71 den
1950 3693 630 81 Nächststehenden,

357 3794 238 73 weinte.
629 3796 327 72 Während
989 3796 106 70 die
1129 3792 464 72 Erwachsenen
1629 3792 119 70 mit
1784 3789 416 87 Ferngläsern
2238 3789 127 71 den
2398 3788 146 72 wild-

359 3887 325 79 gezackten
719 3890 318 70 Horizont
1083 3886 379 81 absuchten,
1509 3897 442 72 ungenügsam
1985 3885 91 68 im
2107 3882 473 81 Verwundern,
