3673 4572
1694 460 224 54 Eduard
1943 456 285 55 Bernstein
2264 470 22 27 *
2332 452 193 54 Völker
2549 469 66 35 zu
2642 451 188 51 Hause

1151 464 76 61 36

1152 661 538 76 Weihnachtsfest
1725 658 249 71 erhielt.
2007 654 330 71 Professor
2364 650 405 73 Schorlemer
2800 647 138 71 und
2976 644 233 85 Engels
3246 673 90 40 me-

1153 758 385 73 dizinischer
1556 752 317 85 Ratgeber
1890 750 122 71 Dr.
2032 746 326 86 Gumpert
2394 748 65 68 in
2478 743 437 78 Manchester,
2952 737 260 71 Freund
3231 736 152 72 Sam

1157 852 234 73 Moore
1424 852 66 68 in
1522 845 365 79 Yorkshire,
1937 844 114 69 der
2094 841 125 70 alte
2253 840 282 71 Chartist
2568 836 213 85 Julian
2818 832 258 83 Harney
3107 828 111 73 auf
3247 828 102 85 Jer-

1156 976 129 53 sey,
1325 943 181 71 Peter
1534 940 310 77 Lawrow,
1878 936 115 70 der
2024 934 289 72 verehrte
2348 931 243 71 Führer
2624 929 114 69 der
2772 924 359 72 russischen
3166 921 183 71 Sozia-

1158 1039 211 78 listen,
1416 1035 194 70 sowie
1654 1030 152 71 Paul
1853 1028 315 85 Lafargue
2215 1026 137 72 und
2398 1023 265 72 Charles
2714 1021 319 83 Longuet,
3084 1015 302 71 Marxens

1160 1125 562 87 Schwiegersöhne
1770 1156 68 39 in
1882 1122 197 81 Paris,
2129 1118 450 73 verschiedene
2628 1133 297 52 intimere
2974 1106 301 73 Freunde
3322 1137 66 41 in

1161 1222 296 77 London,
1501 1218 140 73 und
1683 1247 185 41 wenn
1915 1216 103 69 ich
2063 1213 177 71 nicht
2273 1212 146 71 sehr
2452 1213 145 75 irre,
2648 1205 164 70 auch
2847 1205 211 83 einige
3091 1199 300 71 Freunde

1161 1318 66 69 in
1252 1312 447 73 Deutschland
1722 1308 267 73 wurden
2017 1305 388 86 regelmäßig
2431 1303 202 70 damit
2661 1297 293 72 bedacht.
2990 1296 103 71 Da
3119 1292 271 73 mußten

1160 1410 174 69 denn
1359 1437 81 39 an
1461 1405 149 70 dem
1636 1405 410 70 bestimmten
2066 1398 202 86 Tage,
2298 1415 156 52 etwa
2483 1395 76 70 14
2571 1392 179 85 Tage
2776 1418 113 44 vor
2903 1387 488 79 Weihnachten,

1162 1503 106 68 die
1284 1496 372 75 weiblichen
1676 1494 300 72 Freunde
2008 1494 110 70 des
2141 1491 247 70 Hauses
2422 1487 199 72 schon
2653 1514 103 41 am
2792 1481 232 71 frühen
3039 1480 356 81 Vormittag

1162 1594 136 72 sich
1332 1590 331 73 einstellen
1711 1589 138 71 und
1896 1588 94 71 bis
2038 1613 201 57 gegen
2285 1581 235 71 Abend
2564 1580 197 69 daran
2811 1576 307 78 arbeiten,
3170 1574 226 81 riesige

1165 1687 287 82 Mengen
1469 1679 216 90 Äpfel,
1707 1682 234 78 Nüsse,
1961 1677 338 80 Mandeln,
2322 1672 363 74 Rinderfett
2701 1699 159 42 usw.
2896 1670 66 70 in
2996 1696 160 56 ganz
3189 1664 207 71 kleine

1165 1778 240 73 Stücke
1453 1807 80 40 zu
1567 1774 416 78 zerkleinern,
2032 1771 160 69 viele
2235 1767 253 71 Pfunde
2531 1764 282 70 Rosinen
2863 1759 351 73 entkernen
3258 1757 138 69 und

1166 1870 458 73 zerschneiden
1683 1866 156 85 (daß
1897 1862 482 86 Plumpudding
2436 1854 582 87 Rosinenpudding
3071 1852 325 77 bedeutet,

1167 1964 145 71 darf
1351 1962 105 71 ich
1497 1962 91 70 als
1627 1959 281 72 bekannt
1950 1959 492 85 voraussetzen),
2489 1951 137 70 und
2676 1948 126 72 daß
2849 1976 63 41 es
2963 1945 185 71 dabei
3199 1942 200 71 heiter

1168 2087 214 56 genug
1414 2080 254 59 zugmg,
1704 2053 169 71 kann
1906 2080 149 41 man
2091 2049 133 71 sich
2257 2046 277 71 denken.
2567 2041 148 73 Was
2751 2041 188 84 fertig
2971 2067 149 52 war,
3157 2037 141 70 kam
3334 2065 63 42 in

1170 2152 185 69 einen
1382 2148 240 85 großen
1643 2144 237 72 Kübel.
1914 2141 99 72 Zu
2035 2154 213 73 später
2263 2135 480 88 Vesperstunde
2762 2133 263 71 rückten
3046 2131 104 69 die
3175 2143 180 56 männ-

1171 2243 208 71 lichen
1426 2239 300 73 Freunde
1774 2238 112 70 des
1937 2235 245 70 Hauses
2234 2233 216 79 heran,
2505 2230 135 70 und
2691 2229 212 84 jedem
2952 2224 175 71 ward
3181 2220 182 87 aufge-

1171 2334 227 86 geben,
1456 2336 118 67 mit
1629 2333 172 69 einer
1858 2327 337 74 senkrecht
2252 2327 66 68 in
2367 2324 126 71 den
2541 2319 212 73 Kübel
2804 2317 363 87 gesteckten
3220 2313 182 71 Kelle

1172 2426 264 72 dreimal
1471 2426 105 70 die
1593 2423 217 72 Masse
1834 2417 574 79 herumzurühren,
2444 2416 141 70 eine
2618 2411 316 73 durchaus
2969 2409 174 70 nicht
3176 2406 228 72 leichte

1171 2520 245 80 Arbeit,
1464 2548 80 40 zu
1594 2516 116 71 der
1758 2545 65 41 es
1868 2514 299 83 gehörige
2211 2505 427 76 Muskelkraft
2687 2503 328 73 brauchte.
3090 2501 177 71 Aber
3315 2530 89 39 sie

1175 2614 171 71 hatte
1372 2611 184 71 mehr
1579 2606 423 88 symbolische
2027 2605 404 83 Bedeutung,
2465 2629 243 43 wessen
2729 2595 226 73 Kräfte
2988 2625 82 41 zu
3101 2594 101 71 ihr
3228 2591 176 74 nicht

1171 2704 424 80 ausreichten,
1645 2703 114 70 der
1800 2700 174 73 ward
2008 2728 66 42 in
2107 2695 281 73 Gnaden
2423 2695 404 83 dispensiert.
2894 2690 146 70 Den
3072 2684 334 73 Abschluß

1175 2797 253 72 machte
1459 2794 231 85 Engels
1725 2792 218 81 selbst,
1977 2793 114 69 der
2125 2789 265 73 alsdann
2423 2789 64 70 in
2522 2785 125 71 den
2676 2782 381 73 Weinkeller
3091 2782 150 83 ging
3273 2778 133 71 und

1177 2892 155 70 Sekt
1367 2891 193 80 holte,
1609 2886 243 73 worauf
1896 2915 148 41 man
2088 2883 110 71 auf
2247 2884 101 69 ein
2395 2878 339 74 fröhliches
2769 2874 462 74 Weihnachten
3272 2872 134 71 und

1177 2986 191 70 vieles
1392 2985 236 71 andere
1647 2999 174 53 sonst
1847 2977 270 72 anstieß.
2151 2976 172 70 Alles
2355 2972 311 74 natürlich
2694 2990 197 52 unten
2920 2971 65 68 in
3011 2968 115 70 der
3156 2964 250 79 Küche,

1175 3107 126 42 was
1336 3077 125 70 den
1496 3075 154 71 Reiz
1684 3075 112 70 des
1833 3071 265 71 Ganzen
2131 3069 167 72 noch
2333 3066 287 71 erhöhte.
2663 3063 192 72 Denn
2889 3062 116 70 der
3037 3056 370 74 Aufenthalt

1180 3173 66 68 in
1283 3171 173 69 einer
1487 3168 242 86 großen
1758 3165 228 71 Küche
2021 3164 104 70 hat
2158 3165 226 71 immer
2414 3180 188 51 etwas
2623 3155 525 74 Anheimelndes.
3185 3151 221 71 Haben

1180 3262 166 72 doch
1382 3262 180 83 lange
1594 3258 141 72 Zeit
1783 3258 194 72 selbst
2021 3254 468 72 wohlhabende
2524 3251 203 70 Leute
2757 3249 103 71 die
2896 3246 231 71 Küche
3157 3244 88 71 als
3280 3241 84 70 Eß-

1182 3386 180 42 raum
1395 3354 288 71 benutzt.
1750 3352 131 71 Das
1929 3364 165 58 wäre
2136 3347 164 72 auch
2333 3347 105 71 bei
2472 3344 231 85 Engels
2737 3343 146 72 sehr
2916 3359 112 66 gut
3062 3366 344 58 gegangen,

1181 3451 174 68 denn
1388 3447 104 70 die
1528 3444 228 73 Küche
1790 3472 127 44 war
1948 3442 148 71 sehr
2130 3441 326 85 geräumig
2487 3438 139 70 und
2661 3437 113 70 der
2808 3434 182 71 Herd
3019 3430 160 74 nach
3214 3427 161 86 engli-

1182 3544 181 69 scher
1396 3540 119 71 Art
1561 3541 66 70 in
1661 3540 126 70 den
1825 3536 236 72 Kamin
2096 3533 475 84 hineingebaut,
2616 3560 71 41 so
2734 3528 127 71 daß
2907 3556 67 41 er
3026 3527 228 69 keinen
3301 3522 71 70 be-

1182 3636 318 70 sonderen
1536 3631 205 71 Raum
1777 3629 487 85 beanspruchte.
2329 3625 139 70 Wie
2517 3654 71 39 so
2623 3621 188 72 vieles
2846 3622 66 69 in
2948 3617 292 87 England
3272 3640 102 44 ver-

1186 3730 165 69 einte
1386 3754 63 44 er
1483 3725 216 71 Neues
1741 3725 116 69 mit
1890 3723 235 69 Altem.
2192 3721 126 70 Die
2370 3716 465 73 Konstruktion
2883 3715 112 70 des
3044 3702 365 79 Kochofens

1186 3820 125 82 galt
1345 3819 238 73 damals
1618 3818 88 71 als
1743 3818 289 79 modern,
2078 3814 150 71 aber
2277 3845 65 40 es
2389 3811 196 72 fehlte
2630 3810 174 70 nicht
2855 3806 113 70 der
3000 3798 410 77 altmodische

1186 3913 513 80 Bratenwender,
1734 3909 149 85 Jack
1915 3926 300 67 genannt,
2259 3937 83 41 an
2375 3907 149 70 dem
2557 3903 111 71 das
2701 3895 522 77 Roastbeefstück
3256 3893 153 70 hän-
