3421 4572
944 411 147 53 Kurt
1110 414 182 52 Hitler
1331 430 23 26 ♦
1560 415 305 52 V
1866 415 35 53 Aktivismus

2463 417 73 58 93

318 614 263 89 Epoche,
615 614 279 68 sondern
927 643 126 41 von
1080 613 406 87 Philosophie
1518 616 89 71 als
1636 618 147 71 Idee
1818 618 136 71 und
1979 616 231 73 Politik
2242 618 90 69 als
2363 618 175 92 Idee)

318 709 295 75 beweisen
644 705 150 71 will.
853 707 133 69 Des
1032 708 238 85 jungen
1302 708 396 73 Aktivismus
1733 712 298 83 politisch
2065 713 473 70 intentionierte

317 799 392 85 Philosophie
742 800 135 69 und
911 800 484 84 philosophisch
1422 802 539 73 fundamentierte
1987 803 231 72 Politik
2365 806 173 69 diese

315 894 337 87 Synthesis,
689 894 167 78 nein,
893 894 205 69 dieses
1126 900 194 68 Odern
1343 908 165 59 wäre
1540 896 130 85 (ich
1700 898 128 71 will
1865 900 176 69 nicht
2069 929 211 53 sagen,
2317 901 220 68 seinen

318 986 292 79 Inhalten,
644 986 167 70 wohl
858 985 153 69 aber
1049 987 206 70 seiner
1289 988 642 74 hirnstruktürlichen
1965 991 346 71 Modalität
2345 992 193 90 nach)

317 1082 133 72 sehr
482 1084 86 66 im
601 1077 202 71 Sinne
836 1080 112 68 des
985 1079 255 71 Weisen
1273 1110 128 41 von
1435 1081 408 84 Sils-Maria;
1885 1086 137 69 und
2054 1115 187 41 wenn
2276 1114 68 41 er
2382 1085 155 71 heut

314 1174 302 74 zwischen
630 1171 287 71 Thomas
936 1174 138 70 und
1085 1171 312 74 Heinrich
1413 1207 78 38 zu
1503 1178 246 71 wählen
1776 1179 173 70 hätte
2050 1181 212 69 meine
2274 1179 217 86 Wenig-

315 1269 116 70 keit
464 1265 185 84 bürgt
685 1264 218 71 dafür:
939 1293 67 42 er
1035 1267 365 71 schwankte
1434 1269 210 70 nicht!

388 1359 145 71 Sich
566 1358 110 71 auf
698 1359 406 70 Autoritäten
1141 1359 269 71 berufen
1437 1364 81 69 ist
1541 1364 201 70 schon
1767 1395 80 39 an
1872 1366 136 69 sich
2037 1367 229 70 immer
2290 1364 243 83 heikel;

314 1456 158 70 denn
517 1452 229 70 einmal
792 1453 147 69 sind
972 1452 425 85 Biegsamkeit
1442 1457 137 69 und
1625 1456 341 71 Reichtum
2012 1457 230 83 großer
2275 1456 260 73 Geister

314 1579 71 39 zu
402 1545 174 86 groß,
587 1546 88 70 als
696 1545 126 71 daß
839 1546 134 71 sich
991 1546 102 71 bei
1109 1547 217 82 ihnen,
1345 1551 66 67 in
1425 1551 499 70 verschiedenen
1940 1551 549 72 Denkzusammen-

314 1641 254 84 hängen,
605 1640 175 69 nicht
825 1640 337 70 scheinbar
1195 1641 451 71 verschiedene
1681 1642 574 87 Stellungnahmen
2300 1676 80 39 zu
2430 1649 104 67 ein

313 1734 124 69 und
478 1733 330 70 derselben
844 1731 423 85 Fraglichkeit
1301 1734 335 71 vorfinden
1679 1736 263 80 sollten;
1988 1739 137 69 und
2166 1739 172 70 dann
2371 1739 164 70 wird

314 1856 93 38 ein
439 1824 245 71 Starkes
732 1824 170 71 stark
933 1825 349 71 wollender
1316 1825 183 87 Kopf
1541 1829 137 70 sich
1714 1858 124 41 von
1876 1829 301 71 keinerlei
2214 1829 323 73 Dialektik

313 1918 307 70 verbieten
668 1919 221 79 lassen,
927 1921 125 69 den
1099 1923 451 69 autoritativen
1585 1921 350 72 Charakter
1980 1927 174 67 einer
2186 1923 347 83 Autorität,

314 2012 97 69 die
440 2012 128 69 ihm
601 2011 285 71 wirklich
921 2013 182 84 polar
1136 2016 104 77 ist,
1277 2045 78 38 zu
1392 2013 394 73 bezweifeln.
1839 2015 176 71 Aber
2039 2016 131 71 Th.
2192 2016 207 71 Mann
2426 2017 109 71 hat

314 2105 188 79 darin,
519 2106 273 70 nämlich
812 2110 88 67 im
917 2105 444 73 Heranziehen
1380 2109 356 71 erlauchter
1748 2107 203 73 Toter
1970 2142 79 38 zu
2065 2109 468 83 Eideshelfern,

314 2199 130 66 eine
478 2228 151 53 ganz
666 2197 347 72 besonders
1048 2201 452 84 unglückliche
1533 2201 219 71 Hand.
1803 2203 88 69 So
1928 2203 178 71 führt
2142 2233 67 41 er
2241 2205 91 69 als
2357 2203 132 71 Ana-

315 2289 174 85 logon
534 2321 145 40 zum
722 2297 506 82 gegenwärtigen
1281 2300 262 92 OCriege,
1592 2297 114 69 der
1752 2297 134 71 ihm
1933 2299 134 79 „im
2109 2295 275 73 Grunde
2430 2300 101 69 ein

313 2379 449 76 konservatives
778 2385 444 73 Einschreiten
1237 2387 477 72 Deutschlands
1731 2417 113 42 zur
1858 2389 285 87 Rettung
2157 2391 110 69 des
2284 2389 247 71 Staates

314 2473 382 88 überhaupt“
738 2477 323 82 bedeutet,
1093 2486 199 70 OCant
1308 2511 102 50 an,
1439 2482 287 71 insofern
1754 2485 210 68 dieser
1993 2485 537 83 „eingeschritten

312 2570 81 66 sei
412 2596 189 55 gegen
621 2572 103 69 die
741 2572 233 85 völlige
990 2570 395 88 Zersetzung
1402 2576 112 69 des
1536 2573 613 87 Menschengeistes,
2166 2606 78 40 an
2260 2576 271 71 welcher

315 2662 96 66 ciie
451 2662 395 88 Aufklärung
889 2666 372 70 arbeitete“.
1335 2667 164 80 Ach,
1546 2669 114 70 der
1706 2667 154 72 böse
1909 2669 620 80 „Rationalismus“!

315 2749 164 83 Und,
497 2756 135 80 ach,
652 2758 104 69 die
771 2756 156 73 böse
948 2758 522 86 „Aufklärung“!
1496 2759 108 71 Sie
1621 2759 306 72 arbeitete
1943 2761 183 70 indes
2161 2792 80 39 an
2257 2780 234 52 wesent-

315 2845 116 70 lich
477 2850 318 80 anderem,
840 2853 87 68 als
978 2883 82 40 an
1091 2850 395 88 Zersetzung
1532 2854 112 69 des
1679 2853 630 85 Menschengeistes;
2355 2853 175 73 Kant

314 2934 343 89 bekämpfte
699 2946 91 68 sie
835 2944 199 80 nicht,
1079 2947 279 68 sondern
1404 2976 139 55 zog,
1585 2943 112 72 auf
1738 2948 175 69 seine
1943 2944 141 83 Art,
2119 2947 101 70 ihr
2253 2946 278 74 Resume

313 3024 112 85 (sie
452 3061 121 42 von
606 3034 349 73 Schlacken
991 3037 353 80 befreiend,
1381 3038 99 70 ihr
1512 3036 404 87 Gediegenes
1949 3039 363 92 sichernd);
2354 3043 176 69 seine

314 3128 403 72 theoretische
727 3128 518 73 Vernunftkritik
1256 3132 221 70 wurde
1490 3161 126 40 von
1636 3132 133 70 ihm
1790 3131 208 71 selber
2228 3135 300 84 lediglich

314 3235 81 47 als
422 3215 141 87 Weg
587 3250 145 41 zum
750 3220 175 73 Ziele
949 3224 113 69 der
1086 3222 436 85 praktischen:
1554 3224 122 69 alle
1696 3222 411 87 Philosophie
2133 3225 264 86 gipfelte
2424 3226 105 73 für

315 3304 101 70 ihn
435 3310 61 69 in
513 3311 108 70 der
639 3313 192 72 Ethik
847 3316 136 70 und
1002 3318 66 68 in
1087 3318 171 78 dem,
1275 3347 127 39 was
1419 3318 114 68 wir
1552 3315 324 88 Heutigen
1896 3316 318 82 „Politik“
2236 3349 290 51 nennen;

317 3404 266 70 vollends
610 3407 123 69 den
750 3407 331 72 Verfasser
1108 3410 112 69 des
1242 3407 324 72 Entwurfs
1584 3407 166 73 Zum
1778 3412 240 83 ewigen
2037 3409 295 83 Frieden,
2354 3415 175 69 einer

317 3485 245 92 Schrift,
596 3499 103 71 die
747 3502 113 70 der
892 3501 242 72 Zensor
1179 3503 206 70 dieser
1415 3499 180 89 Tage
1626 3504 302 71 wahrlich
1971 3506 178 69 nicht
2189 3506 172 71 ihrer
2392 3504 92 74 Ge-

317 3583 355 89 mäßigtheit
714 3593 241 83 halber,
992 3596 280 68 sondern
1317 3624 122 40 nur
1484 3626 110 40 aus
1631 3596 277 86 Respekt
1942 3626 115 42 vor
2090 3598 147 71 dem
2274 3598 252 74 Namen

320 3666 187 82 Kants
540 3680 180 85 (oder
753 3690 88 67 im
867 3687 353 70 Vertrauen
1253 3687 113 69 auf
1397 3688 125 89 die*
1531 3688 528 86 Ahnungsarmut
2092 3691 136 71 und
2260 3690 230 76 Gleich-

318 3770 307 85 gültigkeit
660 3779 110 69 der
804 3780 460 90 Lesescharen)
1298 3781 148 70 dem
1484 3782 197 70 Index
1714 3814 78 40 zu
1836 3782 515 75 überantworten
2384 3818 108 41 ver-

319 3859 130 81 gaß,
472 3918 87 17 ...
586 3870 214 71 diesen
840 3873 319 71 radikalen
1193 3873 335 72 Pazifisten
1565 3874 173 72 Kant
1763 3878 92 70 als
1898 3876 628 77 kulturhistorisches
