3383 4572
808 402 164 52 Ernst
998 400 169 54 Bloch
1205 419 21 23 ♦
1266 401 110 53 Der
1400 404 165 52 andre
1592 402 127 54 Don
1745 401 225 71 Quixote

2445 402 71 58 79

610 1194 226 82 DER
894 1195 409 84 ANDRE
1364 1195 241 84 DON
1664 1197 520 103 QUIXOTE

1117 988 237 83 Ernsi
1391 986 296 88 Bloch

830 1399 11 28 l
703 1390 161 60 .Vas
865 1403 81 47 neunte
947 1389 139 79 9feft
1103 1397 97 53 der
1226 1416 106 35 von
2441 1393 84 58 Grn
1555 1394 155 81 ‘Blaß
2275 1395 210 59 ‘lKonat-

640 1467 149 80 schrift
790 1465 39 73 „CD
830 1475 47 53 je
927 1470 416 78 Argonauten“
1391 1469 396 80 (ofeidelberg,
1840 1473 224 79 Vertag
2115 1496 105 35 von
2271 1473 251 58 ‘Richard

648 1545 266 84 ‘Weißbach)
915 1552 94 73 bringt
1038 1554 156 52 einen
2157 1547 232 80 Aufsafy
1710 1550 130 59 Bon
1872 1550 238 65 Quixote
2143 1555 114 53 und
2282 1555 107 54 das
2412 1557 103 52 ab*

639 1630 217 55 straicte
1123 1627 269 76 Apriori“
1000 1648 105 36 von
1989 1627 175 58 Grnst
1335 1627 187 58 ‘Bloch.
1581 1627 78 59 Gr
1682 1639 175 47 mutet
1882 1652 73 34 an
1984 1636 98 50 wie
2108 1634 122 52 eine
2254 1629 266 59 Antwort

463 1702 113 80 auf
588 1709 103 54 den
1150 1749 35 25 „
1129 1703 404 61 Cervantes“von
1261 1707 200 58 Andre
1763 1713 138 52 zwei
2387 1713 138 52 zwei

464 1780 260 82 Systeme
750 1783 195 57 stehen
976 1788 264 53 einander
1261 1784 418 59 unversöhnlich
1697 1789 334 74 gegenüber.
2097 1783 130 58 ‘Das
2251 1782 265 78 ffanuar*

460 1859 122 79 heft
600 1867 97 52 der
720 1860 231 82 ‘Weißen
974 1860 226 59 Blätter
1219 1862 235 58 enthielt
1472 1864 339 57 wesentliche
1837 1862 157 59 ‘Geile
2014 1868 101 52 des
2133 1907 34 24 „
2177 1860 340 60 Cervantes“

460 1962 102 35 von
598 1936 234 61 Suares.
896 1939 78 58 Gs
1001 1936 168 82 folge
1208 1945 98 52 der
1345 1938 583 80 zusammenfassende
1966 1938 216 84 Schluß
2221 1945 101 54 des
2361 1939 156 79 Auf*

461 2028 167 66 safies
652 2039 105 36 von
797 2017 170 58 Grnst
992 2017 187 59 Bloch.

374 2188 129 71 Wir
545 2188 194 71 sehen
791 2218 121 41 uns
964 2189 137 71 hier
1148 2220 80 39 zu
1274 2192 177 68 einer
1498 2189 464 87 gedanklichen
2008 2188 507 88 Abschweifung

291 2281 330 71 veranlaßt.
687 2281 148 71 Was
869 2282 128 71 will
1033 2283 125 80 ich,
1207 2312 186 41 wenn
1428 2283 105 71 ich
1569 2283 199 71 sehe?
1844 2283 108 70 Ich
1988 2283 152 81 will,
2187 2312 186 42 wenn
2407 2283 105 71 ich

291 2373 406 73 künstlerisch
743 2376 174 80 sehe,
967 2376 245 71 reicher
1258 2376 138 70 und
1443 2375 395 72 vermehrter
1871 2377 281 69 werden.
2227 2375 175 71 Aber
2444 2406 67 40 es

292 2469 145 68 wird
478 2471 120 67 mir
631 2467 211 73 nichts
883 2469 307 86 gegeben,
1233 2499 188 42 wenn
1457 2470 104 71 ich
1597 2471 332 70 zuhörend
1962 2470 365 70 erleichtert
2357 2471 115 69 mit-

292 2560 327 86 schwinge.
653 2561 84 71 Es
764 2564 91 68 sei
877 2563 195 81 denn,
1094 2561 127 73 daß
1238 2563 106 71 ich
1364 2593 64 41 es
1448 2565 124 69 mir
1592 2561 209 71 selber
1824 2564 168 79 hole,
2013 2561 497 85 weitergehend,

292 2657 527 82 gegenständlich,
868 2655 162 71 über
1076 2658 107 70 die
1217 2655 194 73 Form
1458 2658 254 70 hinaus.
1786 2657 220 71 Selbst
2047 2657 116 69 der
2195 2655 315 71 Künstler

292 2744 150 73 kann
487 2749 207 71 nichts
742 2748 230 86 geben,
1020 2752 386 84 wenigstens
1454 2749 216 70 sofern
1717 2779 68 40 er
1826 2752 67 67 in
1927 2748 584 86 althergebrachter

291 2834 192 77 Weise
515 2839 320 84 formend,
883 2841 355 87 sorgfältig,
1283 2842 112 70 auf
1426 2841 224 72 bloßes
1687 2839 275 73 Formen
1997 2841 373 85 ausgehend
2403 2843 103 69 ist.

290 2928 160 75 Aber
474 2965 146 41 man
648 2935 166 72 kann
840 2936 167 71 auch
1035 2936 427 71 künstlerisch
1491 2936 396 80 verkünden,
1917 2932 336 88 spezifisch
2281 2935 189 71 künst-

291 3022 213 75 lerisch
537 3029 336 72 inhaltlich
908 3033 162 68 sein.
1145 3029 252 85 Lustig,
1447 3027 283 82 häßlich,
1766 3029 222 80 schön,
2026 3027 368 72 bedeutend

291 3125 100 62 das
435 3121 143 70 sind
611 3123 151 70 alles
799 3124 105 70 die
940 3123 239 70 kurzen
1217 3120 239 71 Fühler
1489 3121 137 70 und
1661 3120 436 71 Gefühlstöne
2130 3124 175 67 eines
2340 3121 167 73 noch

289 3206 227 77 flachen
549 3212 490 75 Zuhörertums.
1117 3213 189 72 Grün
1341 3217 117 68 mit
1492 3214 149 80 Rot,
1691 3212 715 87 Figurenkomposition
2439 3217 68 68 in

291 3302 102 71 der
423 3304 412 85 Landschaft,
871 3307 357 86 Spielbein,
1264 3307 336 81 Stehbein,
1637 3306 424 86 Kontrapost,
2100 3306 407 82 Querstände

291 3398 123 70 und
456 3403 537 83 neapolitanische
1025 3402 178 80 Sext,
1250 3420 113 67 gut
1396 3402 291 84 gestellte
1721 3401 347 71 Kontraste
2213 3402 111 70 das
2357 3402 150 71 sind

291 3490 333 80 gleichfalls
661 3495 396 86 kurzatmige
1090 3495 240 85 Dinge,
1377 3496 121 69 wie
1528 3496 94 69 sie
1655 3494 252 72 freilich
1938 3514 226 61 unten,
2211 3492 179 74 nicht
2425 3524 82 41 zu

292 3576 186 92 lange,
507 3589 159 70 dazu
686 3590 304 85 gehören,
1018 3591 119 69 wie
1156 3590 93 69 sie
1266 3617 113 42 zur
1400 3587 404 87 Mitteilung,
1824 3618 147 41 zum
1993 3589 513 85 pädagogischen

294 3688 194 61 Moros
506 3684 136 69 und
653 3681 352 74 Terminus
1026 3683 111 71 des
1156 3681 366 86 prinzipiell
1538 3680 278 83 offenen,
1835 3680 671 88 unabgeschlossenen

291 3769 222 79 großen
543 3773 417 75 Kunstwerks
995 3775 370 86 notwendig
1397 3775 170 80 sind,
1595 3775 265 82 Bäume,
1896 3775 106 72 die
2034 3775 128 72 den
2181 3774 185 74 Wald
2390 3806 78 42 an-

291 3883 202 63 zeigen
537 3869 135 70 und
718 3899 115 42 vor
879 3871 210 70 denen
1136 3868 114 71 der
1285 3867 309 72 Künstler
1641 3871 90 71 im
1764 3868 216 73 Status
2022 3868 117 73 der
2173 3868 335 87 Formung
