3383 4572
846 442 167 51 Ernst
1039 440 169 53 Bloch
1246 463 22 20 ♦
1307 442 109 54 Der
1443 445 163 51 andre
1629 444 128 53 Don
1783 445 224 68 Quixote

2477 447 73 58 83

337 640 443 82 nahestehend,
834 640 106 70 die
972 640 138 72 sich
1162 643 100 70 ins
1314 643 285 72 sichtbar
1629 643 477 89 Vielgestaltige
2154 647 115 70 der
2298 647 219 72 Einzel-

337 742 138 71 fälle
497 734 489 73 ausbreitenden
1013 732 339 74 Probleme
1376 738 785 71 zwischenmenschlicher
2180 740 212 71 Moral
2417 743 136 70 und

337 860 105 46 vor
483 830 183 70 allem
715 827 112 69 des
878 828 396 69 einsameren
1312 827 181 74 Heils
1543 832 115 69 der
1706 831 206 81 Seele,
1965 833 116 69 der
2126 833 427 72 moralischen

338 921 568 88 „Transzendenz“
939 919 221 71 bilden
1187 921 284 73 dürften.
1526 922 254 88 Farbig,
1815 955 103 44 am
1946 925 291 88 farbigen
2262 926 291 88 Abglanz

336 1018 197 73 haben
572 1016 114 69 wir
727 1014 208 68 dieses
982 1013 389 72 ästhetische
1406 1015 258 83 Leben;
1717 1018 199 72 blickt
1964 1051 148 39 man
2157 1020 155 71 aber
2344 1024 67 69 in
2448 1024 104 69 die

336 1109 376 81 verborgene
737 1105 220 71 Sonne
991 1105 218 82 selbst,
1239 1137 71 39 so
1338 1110 81 68 ist
1447 1110 112 70 das
1585 1112 179 69 nicht
1790 1113 185 70 mehr
2002 1110 239 84 Kunst,
2269 1115 283 70 sondern

334 1204 94 71 ich
455 1202 160 77 bins,
651 1202 273 76 inneres,
963 1197 326 84 bildloses,
1325 1202 60 82 ja
1419 1232 157 55 ganz
1612 1206 342 83 eigentlich
1987 1207 339 71 werkloses
2356 1207 154 71 Gott-

334 1295 249 78 suchen,
620 1295 66 67 in
722 1292 147 70 dem
905 1292 111 70 das
1042 1289 195 73 Werk
1263 1324 70 39 so
1361 1298 209 83 wenig
1594 1298 184 70 mehr
1803 1298 88 70 als
1919 1297 630 76 Hilfskonstruktion

334 1388 369 78 vorkommt,
755 1385 127 71 daß
933 1413 120 43 nur
1104 1387 166 70 noch
1322 1388 102 70 ich
1476 1391 212 81 allein,
1740 1392 107 71 die
1879 1391 513 88 Wiedergeburt,
2444 1397 107 69 die

332 1480 410 84 Einrichtung
807 1479 112 70 des
973 1477 308 84 Herzens,
1349 1482 89 70 als
1489 1481 193 73 Werk
1731 1485 351 83 erscheine,
2151 1488 212 71 Moral
2412 1490 137 70 und

333 1571 398 85 Metaphysik
766 1571 115 70 der
922 1571 477 84 Innerlichkeit,
1436 1578 104 68 ein
1575 1606 195 42 neues
1805 1579 457 72 mediumloses
2297 1612 78 39 zu
2411 1583 136 70 sich

331 1665 228 73 Stehen
616 1664 113 70 der
787 1663 482 85 Subjektivität,
1330 1668 111 70 das
1500 1669 286 71 deutlich
1844 1672 108 68 die
2010 1670 368 74 Immanenz
2434 1676 111 69 des

333 1757 494 71 künstlerischen
863 1787 127 41 von
1025 1758 115 71 der
1173 1757 501 75 Transzendenz
1709 1763 111 71 des
1856 1764 342 83 dergestalt
2233 1767 312 81 direkten,

332 1851 321 84 religiösen
690 1848 485 87 Gegenstandes
1209 1871 239 53 trennt.

417 1943 132 70 Wir
581 1943 236 70 kehren
853 1975 80 38 zu
969 1946 148 70 dem
1152 1946 383 71 hilfreichen
1561 1947 242 84 Junker
1836 1950 262 71 zurück.
2133 1951 82 71 Es
2244 1954 83 68 ist
2354 1952 193 71 leicht

331 2067 72 39 zu
427 2036 210 81 sehen,
666 2039 119 67 wie
811 2037 105 70 die
941 2041 274 68 meisten
1244 2040 123 70 viel
1396 2070 80 40 zu
1502 2041 125 70 still
1658 2040 104 71 für
1787 2045 176 67 seine
1990 2043 361 72 Geschicke
2377 2048 167 69 sind.

331 2130 99 70 Sie
461 2129 204 72 haben
700 2130 178 71 nicht
914 2133 231 70 einmal
1179 2133 124 70 den
1345 2131 247 73 Aufruf
1622 2166 149 39 zum
1806 2135 301 73 Handeln
2143 2142 401 80 verstanden,

332 2223 114 70 den
474 2222 133 69 ihre
633 2223 524 72 vermeintlichen
1180 2224 310 73 Gesichte
1517 2228 345 71 enthalten.
1902 2229 249 71 Darum
2180 2230 255 73 bleiben
2455 2236 92 67 sie

329 2345 65 40 so
427 2345 173 56 enge,
653 2347 69 40 so
760 2317 128 70 leer
922 2317 232 86 feurig,
1207 2350 70 39 so
1312 2319 151 72 übel
1502 2322 295 84 gehalten
1850 2324 156 69 oder
2037 2323 154 73 aber
2236 2356 71 40 so
2341 2357 163 40 unan-

331 2438 312 54 gemessen
677 2411 150 70 alles
865 2410 377 86 begreifend
1278 2416 67 67 in
1382 2412 208 72 Ruhe.
1658 2415 199 71 Diese
1891 2417 224 70 stehen
2151 2418 212 72 hinter
2394 2421 148 69 dem

329 2504 193 82 mutig
553 2504 488 83 ausgreifenden
1080 2505 230 72 Mann.
1377 2506 177 71 Aber
1587 2509 196 82 jeder,
1820 2510 115 68 der
1966 2509 430 89 überschlägt,
2431 2543 111 41 um

331 2592 270 73 dadurch
637 2596 313 70 schneller
996 2627 116 40 zur
1147 2599 234 70 letzten
1415 2600 177 70 Seite
1626 2632 79 38 zu
1742 2601 298 70 kommen
2189 2605 133 69 und
2358 2605 184 71 darin

331 2683 302 76 berühren
670 2690 136 70 sich
853 2692 266 69 letzthin
1155 2693 345 85 allerdings
1546 2695 104 69 die
1683 2695 214 69 stillen
1932 2694 457 89 Selbstpfleger
2422 2702 120 68 mit

329 2778 116 70 den
468 2778 602 84 Quixote-Naturen
1100 2821 98 44 —,
1226 2785 121 70 alle
1371 2788 164 81 jene,
1564 2788 105 69 die
1693 2788 110 70 das
1823 2785 189 73 Hohe
2037 2792 67 67 in
2130 2791 111 69 das
2260 2789 282 73 Niedere

329 2899 225 54 zerren,
588 2904 110 39 um
733 2876 211 70 derart
977 2877 343 71 moralisch
1355 2909 79 39 zu
1469 2879 209 69 heilen
1712 2881 158 68 oder
1898 2895 479 68 umzustürzen,
2411 2915 128 39 was

329 2990 111 42 nur
470 2967 499 83 wirtschaftlich,
1020 2972 89 69 im
1145 2971 212 70 vollen
1408 2972 400 84 homogenen
1844 2972 310 73 Schmutz
2189 2976 114 70 der
2335 2976 207 72 Sache

328 3056 202 83 selbst,
578 3062 410 85 anzugreifen
1024 3066 103 78 ist,
1182 3062 213 88 folgen
1430 3064 153 71 Don
1617 3062 310 83 Quixotes
1978 3066 561 75 abschreckenden

328 3149 696 77 soziaidilettantischen
1058 3156 282 84 Spuren.
1372 3156 85 70 Es
1491 3160 84 67 ist
1615 3158 439 87 gleichgültig,
2091 3160 84 70 ob
2213 3163 104 70 die
2351 3164 187 70 edlen

329 3235 230 79 Inhalte
583 3245 347 73 Rittertum
957 3250 157 69 oder
1138 3252 121 68 wie
1283 3250 229 70 anders
1541 3269 176 51 sonst
1744 3250 266 71 heißen:
2037 3257 91 66 sie
2145 3257 148 68 sind
2311 3259 228 68 immer

328 3335 265 84 veraltet,
644 3371 186 41 wenn
881 3346 91 67 sie
1021 3343 180 70 nicht
1249 3373 79 40 an
1378 3344 144 83 jene
1571 3344 214 70 rechte
1822 3344 194 73 obere
2048 3347 199 71 Stelle
2298 3370 240 64 gesetzt

327 3428 259 83 werden,
624 3462 98 41 wo
756 3437 93 69 sie
881 3436 391 80 erleuchten,
1326 3455 153 51 statt
1512 3466 78 40 zu
1625 3438 283 70 taumeln
1959 3442 136 69 und
2130 3440 277 87 beliebig
2440 3443 98 71 oft

328 3514 188 78 durch
543 3525 103 69 die
670 3528 235 70 andere
931 3528 167 70 reale
1115 3527 168 71 Welt
1314 3530 416 84 „widerlegt“
1762 3560 79 40 zu
1858 3532 280 71 werden.
2176 3532 135 73 Wir
2327 3534 210 73 haben

328 3612 274 84 gesehen,
638 3622 119 68 wie
784 3622 149 70 sehr
957 3621 151 70 Don
1137 3619 281 83 Quixote
1443 3625 118 66 mit
1588 3624 81 68 all
1697 3626 219 68 seinen
1944 3624 591 90 überschlagenden

327 3694 481 88 Traumbildern
837 3715 104 70 die
954 3713 245 71 Würde
1226 3715 110 70 des
1364 3715 163 70 nach
1554 3715 167 70 oben
1747 3718 388 82 gerichteten
2157 3718 211 89 Zuges
2397 3753 105 41 ver-

329 3789 193 80 letzte.
557 3800 202 75 Wenn
792 3808 111 70 das
930 3807 180 71 Wort
1137 3807 255 71 Balzacs
1428 3838 124 40 von
1580 3809 123 70 den
1740 3809 630 86 großenlMenschen
2398 3818 137 85 gilt,

328 3911 57 42 ln
433 3890 185 75 deren
654 3894 215 88 Köpfe
917 3901 136 69 sich
1103 3902 105 68 die
1241 3899 230 73 Brüste
1521 3903 110 70 des
1668 3902 253 72 Weibes
1973 3907 111 70 der
2123 3904 189 75 Kraft
2365 3913 172 69 eines
