3411 4572
1280 432 222 54 Glossen

2456 434 69 59 95

1091 945 599 83 GLOSSEN

332 1146 134 71 Zur
491 1144 361 71 russischen
893 1145 404 71 Revolution

402 2642 308 60 Hoffmann
748 2667 104 34 von
889 2642 395 60 Fallersleben

381 3911 427 64 Feldmarschall
832 3914 161 61 Lord
1029 3911 250 64 Roberts

440 1247 108 57 Wir
580 1248 118 56 sind
732 1248 145 57 nicht
910 1248 134 59 reif?

268 1328 99 57 Das
381 1327 62 56 ist
456 1324 91 58 das
562 1323 151 67 Lied,
724 1326 91 56 das
831 1327 73 55 sie
919 1350 263 44 gesungen
1199 1326 168 58 haben

266 1402 367 70 Jahrhunderte
663 1402 121 70 lang
810 1427 100 33 uns
931 1425 179 35 armen
1132 1403 202 59 Waisen-

336 1479 214 64 knaben,

266 1559 163 58 womit
494 1558 72 56 sie
640 1581 99 33 uns
806 1558 136 57 noch
1016 1559 186 58 immer
1275 1559 61 58 be-

334 1634 218 57 schwich
560 1648 106 51 ten,

265 1713 83 57 des
373 1712 185 57 Volkes
593 1712 195 58 Hoffen
821 1714 190 57 immer
1041 1713 323 66 vernichten,

265 1790 90 58 den
387 1789 130 57 Sinn
550 1790 92 56 der
675 1790 219 58 Bessern
931 1793 186 56 immer
1150 1792 215 57 betören

265 1868 99 57 und
392 1890 182 34 unsere
603 1867 239 58 Zukunft
870 1871 188 54 immer
1083 1882 281 44 zerstören.

437 1944 107 57 Wir
577 1945 117 56 sind
729 1945 148 58 nicht
910 1945 137 58 reif?

265 2020 105 58 Reif
401 2023 116 55 sind
551 2024 93 55 wir
670 2024 203 64 immer,
910 2023 98 57 reif
1041 2047 121 33 zum
1192 2022 174 58 Glück

331 2099 86 56 auf
449 2099 191 65 Erden,

264 2198 81 33 wir
406 2177 160 57 sollen
635 2177 316 69 glücklicher
1017 2179 112 56 und
1190 2178 176 57 besser

331 2254 220 57 werden.

264 2328 105 58 Reif
396 2333 114 54 sind
530 2333 111 65 wir,
668 2354 158 36 unsre
856 2332 198 58 Leiden
1075 2357 68 32 zu
1164 2332 200 69 klagen,

264 2406 85 58 reif
393 2410 116 56 sind
556 2410 110 65 wir,
712 2410 133 57 euch
899 2410 145 59 nicht
1098 2410 149 57 mehr
1299 2434 63 33 zu

330 2502 251 53 ertragen,

263 2563 99 64 reif,
395 2564 81 57 für
509 2566 85 56 die
630 2565 227 57 Freiheit
889 2565 143 57 Alles
1065 2589 65 33 zu
1164 2589 198 45 wagen.

790 2735 28 31 *

332 2809 158 58 Wenn
513 2812 89 58 Sie
630 2812 95 58 tief
744 2837 173 44 genug
937 2814 53 56 in
1013 2814 85 56 die
1121 2812 206 58 mensch-

263 2883 119 61 liche
402 2889 146 58 Seele
576 2892 325 67 eindringen,
924 2916 57 31 so
1004 2892 245 57 kommen
1272 2890 89 57 Sie

264 2961 71 59 bei
363 2967 167 67 jedem
558 2992 102 34 von
694 2993 101 32 uns
826 2968 280 58 unfehlbar
1136 2968 197 57 schließ-

264 3036 89 61 lich
384 3044 87 57 auf
508 3048 116 54 eine
657 3045 234 66 Schicht,
927 3045 80 57 bis
1041 3068 65 33 zu
1140 3044 222 57 welcher

264 3116 72 58 die
363 3119 195 75 Diszipl
562 3125 54 55 in
651 3123 146 58 nicht
830 3123 149 57 mehr
1011 3123 182 63 reicht,
1224 3121 136 59 noch

264 3196 115 58 auch
401 3199 180 69 irgend
602 3203 85 54 ein
707 3200 220 57 anderes
946 3198 181 58 Mittel
1144 3199 218 57 äußerer

263 3268 488 80 Beeinflussung....
787 3279 60 57 In
871 3276 489 59 Gewissenssachen

264 3346 56 59 ist
348 3375 50 33 es
425 3355 155 70 völlig
608 3356 227 65 nutzlos,
865 3355 86 57 die
979 3354 268 57 Autorität
1268 3354 94 56 der

264 3422 294 80 Verfassung
599 3434 290 58 anzurufen
936 3433 127 57 oder
1103 3433 140 55 feine
1276 3433 57 67 ju-

263 3508 219 58 ristische
494 3511 355 59 Definitionen
865 3509 373 68 auszuklügeln
1249 3509 111 57 und

265 3581 81 57 mit
359 3584 201 62 Strafen
581 3591 113 56 und
708 3589 319 58 Schmerzen
1049 3612 66 33 zu
1135 3586 225 57 drohen.

265 3654 116 64 Sind
388 3665 184 58 einmal
584 3668 84 57 die
680 3668 270 57 Gewissen
961 3666 94 57 der
1065 3664 295 58 Menschen

265 3740 212 67 erweckt,
514 3768 58 33 so
605 3745 138 56 kann
776 3745 95 57 das
903 3742 124 59 alles
1055 3765 302 35 zusammen

265 3814 125 58 nicht
417 3820 83 57 ein
534 3821 113 68 Jota
682 3824 161 56 daran
877 3821 313 57 ändern....

1497 1143 131 58 Man
1690 1145 137 57 kann
1888 1148 86 56 nie
2033 1149 115 55 eine
2211 1145 321 59 Revolution

1418 1222 245 64 machen;
1710 1246 120 34 man
1863 1224 136 57 kann
2033 1225 188 56 immer
2259 1247 102 34 nur
2391 1225 145 56 einer

1418 1298 333 68 Revolution,
1785 1302 84 55 die
1902 1303 161 56 schon
2091 1304 55 55 in
2175 1302 102 57 den
2306 1302 198 57 tatsäch-

1416 1375 170 59 lichen
1609 1378 388 58 Verhältnissen
2020 1380 142 56 einer
2185 1379 351 58 Gesellschaft

1414 1455 319 68 eingetreten
1762 1458 87 63 ist,
1870 1456 135 58 auch
2029 1456 191 59 äußere
2246 1456 287 59 rechtliche

1413 1531 394 70 Anerkennung
1821 1535 110 56 und
1949 1534 357 70 konsequente
2321 1534 177 58 Durch-

1414 1609 234 70 führung
1681 1611 187 68 geben.

1492 1686 129 59 Eine
1651 1688 312 57 Revolution
1992 1689 219 57 machen
2239 1689 204 66 wollen,
2461 1691 72 56 ist

1414 1766 117 55 eine
1564 1765 221 59 Torheit
1817 1768 259 56 unweiser
2109 1766 313 66 Menschen,
2447 1769 86 56 die

1414 1867 102 33 von
1538 1843 104 57 den
1660 1844 257 57 Gesetzen
1934 1845 94 56 der
2047 1844 316 58 Geschichte
2385 1845 148 57 keine

1412 1920 236 69 Ahnung
1681 1921 191 57 haben.

1492 1998 146 57 Eben
1681 1999 220 57 deshalb
1940 2000 68 56 ist
2049 2023 55 33 es
2137 2000 194 56 ebenso
2361 1999 174 58 unreif

1413 2078 112 55 und
1553 2078 195 55 ebenso
1776 2076 257 66 kindisch,
2062 2079 116 56 eine
2199 2078 332 66 Revolution,

1412 2154 86 57 die
1533 2155 107 56 sich
1677 2155 188 57 bereits
1898 2156 191 56 einmal
2122 2156 52 55 in
2203 2156 104 56 den
2342 2155 159 69 Einge-

1413 2231 201 57 weiden
1630 2232 143 58 einer
1784 2231 351 59 Gesellschaft
2146 2232 268 69 vollzogen
2428 2232 103 66 hat,

1412 2309 441 58 zurückdämmen
1896 2310 112 57 und
2046 2311 110 56 sich
2190 2310 138 57 ihrer
2359 2311 145 56 recht-

1412 2386 173 59 lichen
1613 2387 393 69 Anerkennung
2033 2389 338 56 widersetzen
2405 2389 127 57 oder

1411 2465 144 56 einer
1602 2465 212 57 solchen
1865 2465 351 58 Gesellschaft
2255 2466 127 56 oder
2419 2467 83 55 ein-

1413 2542 202 66 zelnen,
1633 2544 85 57 die
1734 2545 110 56 sich
1863 2545 82 56 bei
1963 2545 196 56 diesem
2173 2542 317 59 Hebammen-

1409 2620 178 57 dienst
1610 2621 296 67 beteiligen,
1927 2621 103 56 den
2046 2620 242 58 Vorwurf
2308 2620 219 57 machen

1411 2720 63 34 zu
1502 2697 203 65 wollen,
1741 2697 103 59 daß
1877 2700 75 53 sie
1985 2696 350 60 revolutionär
2368 2699 160 58 seien.

1411 2776 73 57 Ist
1515 2776 86 56 die
1630 2776 311 57 Revolution
1977 2776 116 56 drin
2127 2776 54 55 in
2211 2776 92 56 der
2325 2775 175 57 Gesell-

1409 2852 187 65 schaft,
1625 2855 55 54 in
1713 2852 148 57 ihren
1894 2852 370 57 tatsächlichen
2288 2852 210 59 Verhält-

1409 2931 193 63 nissen,
1620 2954 59 32 so
1700 2930 130 57 muß
1851 2931 92 63 sie,
1954 2930 66 56 da
2044 2928 117 59 hilft
2183 2930 186 64 nichts,
2392 2931 135 57 auch

1411 3007 430 57 herauskommen
1858 3007 110 57 und
1978 3008 54 56 in
2043 3008 86 56 die
2141 3006 351 60 Gesetzsamm-

1411 3083 127 69 lung
1571 3083 316 69 übergehen,

1751 3209 155 59 ford.
1936 3208 266 61 Bassaffe
2227 3209 220 76 (1863);

1794 3309 276 59 Politische
2096 3311 267 57 Aufsätze.

1954 3452 29 30 *

1487 3551 103 58 Die
1633 3549 209 61 Gewalt
1879 3553 68 56 ist
1985 3552 95 57 der
2121 3549 406 61 Geburtshelfer

1406 3628 143 69 jeder
1581 3628 137 59 alten
1747 3629 366 65 Gesellschaft,
2142 3629 85 58 die
2255 3631 99 56 mit
2383 3631 144 56 einer

1407 3730 171 34 neuen
1621 3708 300 69 schwanger
1953 3707 147 69 geht.
2141 3707 89 58 Sie
2263 3707 161 58 selbst
2455 3708 71 57 ist

1407 3786 117 57 eine
1557 3786 370 59 ökonomische
1961 3787 212 57 Potenz.

1604 3914 213 57 Marx:
1847 3911 110 59 Das
1994 3913 210 68 Kapital
2236 3913 212 68 (1866).
