<?xml version="1.0" encoding="UTF-8"?>
<alto xmlns:xsi="http://www.w3.org/2001/XMLSchema-instance" xmlns="http://www.loc.gov/standards/alto/ns-v2#" xsi:schemaLocation="http://www.loc.gov/standards/alto/ns-v2# http://www.loc.gov/standards/alto/v2/alto-2-0.xsd" xmlns:xlink="http://www.w3.org/1999/xlink">
	<Description>
		<MeasurementUnit>mm10</MeasurementUnit>
		<sourceImageInformation>
			<fileName>./bmtnabr_1917-04_01_0012.jp2</fileName>
		</sourceImageInformation>
		<OCRProcessing ID="OCRPROCESSING_1">
			<preProcessingStep>
				<processingSoftware>
					<softwareCreator>CCS Content Conversion Specialists GmbH, Germany</softwareCreator>
					<softwareName>CCS docWorks</softwareName>
					<softwareVersion>6.8-1.27</softwareVersion>
				</processingSoftware>
			</preProcessingStep>
			<ocrProcessingStep>
				<processingSoftware>
					<softwareCreator>ABBYY (BIT Software), Russia</softwareCreator>
					<softwareName>FineReader</softwareName>
					<softwareVersion>11.0</softwareVersion>
				</processingSoftware>
			</ocrProcessingStep>
			<postProcessingStep>
				<processingSoftware>
					<softwareCreator>CCS Content Conversion Specialists GmbH, Germany</softwareCreator>
					<softwareName>CCS docWorks</softwareName>
					<softwareVersion>6.8-1.27</softwareVersion>
					<applicationDescription>docWorks: Text modified manually, or automatically replaced</applicationDescription>
				</processingSoftware>
			</postProcessingStep>
		</OCRProcessing>
	</Description>
	<Styles>
		<TextStyle ID="TXT_0" FONTSIZE="20" FONTFAMILY="Times New Roman"/>
		<TextStyle ID="TXT_1" FONTSIZE="19" FONTFAMILY="Times New Roman" FONTSTYLE="bold italics"/>
		<TextStyle ID="TXT_2" FONTSIZE="25" FONTFAMILY="Times New Roman" FONTSTYLE="bold"/>
		<TextStyle ID="TXT_3" FONTSIZE="25" FONTFAMILY="Times New Roman" FONTSTYLE="bold italics"/>
		<TextStyle ID="TXT_4" FONTSIZE="25" FONTFAMILY="Times New Roman"/>
		<TextStyle ID="TXT_5" FONTSIZE="25" FONTFAMILY="Times New Roman" FONTSTYLE="italics"/>
		<ParagraphStyle ID="PAR_LEFT" ALIGN="Left"/>
		<ParagraphStyle ID="PAR_RIGHT" ALIGN="Right"/>
		<ParagraphStyle ID="PAR_BLOCK" ALIGN="Block"/>
	</Styles>
	<Layout>
		<Page ID="P12" PHYSICAL_IMG_NR="12" HEIGHT="4572" WIDTH="3665" PRINTED_IMG_NR="8" PC="0.975">
			<TopMargin ID="P12_TM00001" HPOS="0" VPOS="0" WIDTH="3665" HEIGHT="494">
				<TextBlock ID="P12_TB00001" HPOS="1080" VPOS="420" WIDTH="35" HEIGHT="59" STYLEREFS="TXT_0 PAR_LEFT">
					<TextLine ID="P12_TL00001" HPOS="1080" VPOS="420" WIDTH="35" HEIGHT="59">
						<String ID="P12_ST00001" HPOS="1080" VPOS="420" WIDTH="35" HEIGHT="59" CONTENT="8" WC="1.00" CC="0"/>
					</TextLine>
				</TextBlock>
				<TextBlock ID="P12_TB00002" HPOS="1648" VPOS="419" WIDTH="1103" HEIGHT="72" STYLEREFS="TXT_1 PAR_RIGHT">
					<TextLine ID="P12_TL00002" HPOS="1650" VPOS="422" WIDTH="1101" HEIGHT="69">
						<String ID="P12_ST00002" HPOS="1650" VPOS="425" WIDTH="166" HEIGHT="66" CONTENT="Adolf" WC="0.99" CC="06000"/>
						<SP ID="P12_SP00001" HPOS="1816" VPOS="491" WIDTH="28"/>
						<String ID="P12_ST00003" HPOS="1844" VPOS="422" WIDTH="228" HEIGHT="56" CONTENT="Koelsch" WC="0.91" CC="0104000"/>
						<SP ID="P12_SP00002" HPOS="2072" VPOS="491" WIDTH="36"/>
						<String ID="P12_ST00004" HPOS="2108" VPOS="445" WIDTH="21" HEIGHT="23" CONTENT="*" WC="1.00" CC="0"/>
						<SP ID="P12_SP00003" HPOS="2129" VPOS="491" WIDTH="43"/>
						<String ID="P12_ST00005" HPOS="2172" VPOS="425" WIDTH="165" HEIGHT="53" CONTENT="Ethik" WC="0.99" CC="03510"/>
						<SP ID="P12_SP00004" HPOS="2337" VPOS="491" WIDTH="29"/>
						<String ID="P12_ST00006" HPOS="2366" VPOS="426" WIDTH="116" HEIGHT="51" CONTENT="und" WC="0.97" CC="440"/>
						<SP ID="P12_SP00005" HPOS="2482" VPOS="491" WIDTH="25"/>
						<String ID="P12_ST00007" HPOS="2507" VPOS="425" WIDTH="244" HEIGHT="66" CONTENT="Biologie" WC="0.99" CC="00105720"/>
					</TextLine>
				</TextBlock>
			</TopMargin>
			<LeftMargin ID="P12_LM00001" HPOS="0" VPOS="494" WIDTH="93" HEIGHT="3975"/>
			<RightMargin ID="P12_RM00001" HPOS="3324" VPOS="494" WIDTH="341" HEIGHT="3975"/>
			<BottomMargin ID="P12_BM00001" HPOS="0" VPOS="4469" WIDTH="3665" HEIGHT="103"/>
			<PrintSpace ID="P12_PS00001" HPOS="93" VPOS="494" WIDTH="3231" HEIGHT="3975">
				<TextBlock ID="P12_TB00003" HPOS="1073" VPOS="620" WIDTH="2251" HEIGHT="3356" STYLEREFS="TXT_2 PAR_BLOCK">
					<TextLine ID="P12_TL00003" HPOS="1079" VPOS="622" WIDTH="2239" HEIGHT="86">
						<String ID="P12_ST00008" HPOS="1079" VPOS="623" WIDTH="458" HEIGHT="73" CONTENT="Darwinschen" WC="0.99" CC="00106503700"/>
						<SP ID="P12_SP00006" HPOS="1537" VPOS="696" WIDTH="15"/>
						<String ID="P12_ST00009" HPOS="1552" VPOS="623" WIDTH="454" HEIGHT="84" CONTENT="Anschauung," WC="0.99" CC="00007056562"/>
						<SP ID="P12_SP00007" HPOS="2006" VPOS="707" WIDTH="26"/>
						<String ID="P12_ST00010" HPOS="2032" VPOS="622" WIDTH="125" HEIGHT="71" CONTENT="daß" WC="0.97" CC="700"/>
						<SP ID="P12_SP00008" HPOS="2157" VPOS="707" WIDTH="27"/>
						<String ID="P12_ST00011" HPOS="2184" VPOS="623" WIDTH="163" HEIGHT="73" CONTENT="auch" WC="0.99" CC="0300"/>
						<SP ID="P12_SP00009" HPOS="2347" VPOS="707" WIDTH="26"/>
						<String ID="P12_ST00012" HPOS="2373" VPOS="626" WIDTH="65" HEIGHT="68" CONTENT="in" WC="0.64" CC="42"/>
						<SP ID="P12_SP00010" HPOS="2438" VPOS="707" WIDTH="27"/>
						<String ID="P12_ST00013" HPOS="2465" VPOS="623" WIDTH="312" HEIGHT="73" CONTENT="ethischer" WC="1.00" CC="030700001"/>
						<SP ID="P12_SP00011" HPOS="2777" VPOS="707" WIDTH="17"/>
						<String ID="P12_ST00014" HPOS="2794" VPOS="623" WIDTH="364" HEIGHT="85" CONTENT="Beziehung" WC="0.99" CC="000700506"/>
						<SP ID="P12_SP00012" HPOS="3158" VPOS="708" WIDTH="19"/>
						<String ID="P12_ST00015" HPOS="3177" VPOS="628" WIDTH="141" HEIGHT="69" CONTENT="eine" WC="0.99" CC="0400"/>
					</TextLine>
					<TextLine ID="P12_TL00004" HPOS="1076" VPOS="715" WIDTH="2237" HEIGHT="84">
						<String ID="P12_ST00016" HPOS="1076" VPOS="715" WIDTH="154" HEIGHT="73" CONTENT="tiefe" WC="0.98" CC="36060"/>
						<SP ID="P12_SP00013" HPOS="1230" VPOS="788" WIDTH="16"/>
						<String ID="P12_ST00017" HPOS="1246" VPOS="716" WIDTH="258" HEIGHT="72" CONTENT="Wesens" WC="1.00" CC="400000"/>
						<SP ID="P12_SP00014" HPOS="1504" VPOS="788" WIDTH="5"/>
						<String ID="P12_ST00018" HPOS="1509" VPOS="715" WIDTH="528" HEIGHT="72" CONTENT="Verwandtschaft" WC="1.00" CC="00600094000060"/>
						<SP ID="P12_SP00015" HPOS="2037" VPOS="788" WIDTH="32"/>
						<String ID="P12_ST00019" HPOS="2069" VPOS="716" WIDTH="310" HEIGHT="71" CONTENT="zwischen" WC="1.00" CC="00600002"/>
						<SP ID="P12_SP00016" HPOS="2379" VPOS="788" WIDTH="17"/>
						<String ID="P12_ST00020" HPOS="2396" VPOS="715" WIDTH="155" HEIGHT="72" CONTENT="Tier" WC="0.98" CC="0604"/>
						<SP ID="P12_SP00017" HPOS="2551" VPOS="788" WIDTH="25"/>
						<String ID="P12_ST00021" HPOS="2576" VPOS="717" WIDTH="135" HEIGHT="71" CONTENT="und" WC="0.97" CC="440"/>
						<SP ID="P12_SP00018" HPOS="2711" VPOS="788" WIDTH="25"/>
						<String ID="P12_ST00022" HPOS="2736" VPOS="716" WIDTH="273" HEIGHT="71" CONTENT="Mensch" WC="1.00" CC="000000"/>
						<SP ID="P12_SP00019" HPOS="3009" VPOS="788" WIDTH="28"/>
						<String ID="P12_ST00023" HPOS="3037" VPOS="717" WIDTH="276" HEIGHT="82" CONTENT="bestehe," WC="1.00" CC="70000002"/>
					</TextLine>
					<TextLine ID="P12_TL00005" HPOS="1080" VPOS="809" WIDTH="2233" HEIGHT="84">
						<String ID="P12_ST00024" HPOS="1080" VPOS="809" WIDTH="568" HEIGHT="73" CONTENT="herumzuwerfen." WC="1.00" CC="00040050004002"/>
						<SP ID="P12_SP00020" HPOS="1648" VPOS="882" WIDTH="66"/>
						<String ID="P12_ST00025" HPOS="1714" VPOS="810" WIDTH="108" HEIGHT="71" CONTENT="Sie" WC="0.97" CC="070"/>
						<SP ID="P12_SP00021" HPOS="1822" VPOS="882" WIDTH="41"/>
						<String ID="P12_ST00026" HPOS="1863" VPOS="809" WIDTH="322" HEIGHT="72" CONTENT="bemühen" WC="1.00" CC="6000000"/>
						<SP ID="P12_SP00022" HPOS="2185" VPOS="882" WIDTH="49"/>
						<String ID="P12_ST00027" HPOS="2234" VPOS="811" WIDTH="132" HEIGHT="71" CONTENT="sich" WC="0.99" CC="0400"/>
						<SP ID="P12_SP00023" HPOS="2366" VPOS="882" WIDTH="46"/>
						<String ID="P12_ST00028" HPOS="2412" VPOS="811" WIDTH="334" HEIGHT="80" CONTENT="darzutun," WC="1.00" CC="001000522"/>
						<SP ID="P12_SP00024" HPOS="2746" VPOS="891" WIDTH="48"/>
						<String ID="P12_ST00029" HPOS="2794" VPOS="810" WIDTH="127" HEIGHT="71" CONTENT="daß" WC="1.00" CC="000"/>
						<SP ID="P12_SP00025" HPOS="2921" VPOS="891" WIDTH="41"/>
						<String ID="P12_ST00030" HPOS="2962" VPOS="814" WIDTH="100" HEIGHT="68" CONTENT="ein" WC="0.97" CC="043"/>
						<SP ID="P12_SP00026" HPOS="3062" VPOS="891" WIDTH="38"/>
						<String ID="P12_ST00031" HPOS="3100" VPOS="809" WIDTH="213" HEIGHT="84" CONTENT="Keim," WC="0.98" CC="50604"/>
					</TextLine>
					<TextLine ID="P12_TL00006" HPOS="1079" VPOS="903" WIDTH="2236" HEIGHT="73">
						<String ID="P12_ST00032" HPOS="1079" VPOS="933" WIDTH="245" HEIGHT="42" CONTENT="woraus" WC="0.99" CC="040050"/>
						<SP ID="P12_SP00027" HPOS="1324" VPOS="975" WIDTH="45"/>
						<String ID="P12_ST00033" HPOS="1369" VPOS="904" WIDTH="133" HEIGHT="70" CONTENT="sich" WC="0.99" CC="0600"/>
						<SP ID="P12_SP00028" HPOS="1502" VPOS="975" WIDTH="50"/>
						<String ID="P12_ST00034" HPOS="1552" VPOS="904" WIDTH="115" HEIGHT="70" CONTENT="der" WC="0.98" CC="005"/>
						<SP ID="P12_SP00029" HPOS="1667" VPOS="975" WIDTH="45"/>
						<String ID="P12_ST00035" HPOS="1712" VPOS="903" WIDTH="205" HEIGHT="72" CONTENT="Inhalt" WC="0.99" CC="600020"/>
						<SP ID="P12_SP00030" HPOS="1917" VPOS="975" WIDTH="46"/>
						<String ID="P12_ST00036" HPOS="1963" VPOS="903" WIDTH="110" HEIGHT="71" CONTENT="des" WC="1.00" CC="000"/>
						<SP ID="P12_SP00031" HPOS="2073" VPOS="975" WIDTH="44"/>
						<String ID="P12_ST00037" HPOS="2117" VPOS="904" WIDTH="469" HEIGHT="71" CONTENT="menschlichen" WC="1.00" CC="000000540000"/>
						<SP ID="P12_SP00032" HPOS="2586" VPOS="975" WIDTH="34"/>
						<String ID="P12_ST00038" HPOS="2620" VPOS="903" WIDTH="695" HEIGHT="73" CONTENT="Sittlichkeitsstrebens" WC="0.76" CC="073046005350000507000"/>
					</TextLine>
					<TextLine ID="P12_TL00007" HPOS="1080" VPOS="995" WIDTH="2235" HEIGHT="83">
						<String ID="P12_ST00039" HPOS="1080" VPOS="997" WIDTH="369" HEIGHT="73" CONTENT="entwickeln" WC="0.99" CC="0500735006"/>
						<SP ID="P12_SP00033" HPOS="1449" VPOS="1070" WIDTH="36"/>
						<String ID="P12_ST00040" HPOS="1485" VPOS="995" WIDTH="257" HEIGHT="82" CONTENT="konnte," WC="1.00" CC="0011000"/>
						<SP ID="P12_SP00034" HPOS="1742" VPOS="1077" WIDTH="35"/>
						<String ID="P12_ST00041" HPOS="1777" VPOS="997" WIDTH="196" HEIGHT="72" CONTENT="schon" WC="0.99" CC="00600"/>
						<SP ID="P12_SP00035" HPOS="1973" VPOS="1077" WIDTH="26"/>
						<String ID="P12_ST00042" HPOS="1999" VPOS="998" WIDTH="89" HEIGHT="70" CONTENT="im" WC="0.67" CC="60"/>
						<SP ID="P12_SP00036" HPOS="2088" VPOS="1077" WIDTH="14"/>
						<String ID="P12_ST00043" HPOS="2102" VPOS="995" WIDTH="327" HEIGHT="74" CONTENT="Tierreich" WC="0.99" CC="060200600"/>
						<SP ID="P12_SP00037" HPOS="2429" VPOS="1077" WIDTH="25"/>
						<String ID="P12_ST00044" HPOS="2454" VPOS="997" WIDTH="366" HEIGHT="72" CONTENT="vorhanden" WC="1.00" CC="000000000"/>
						<SP ID="P12_SP00038" HPOS="2820" VPOS="1077" WIDTH="26"/>
						<String ID="P12_ST00045" HPOS="2846" VPOS="999" WIDTH="110" HEIGHT="79" CONTENT="sei," WC="0.99" CC="0060"/>
						<SP ID="P12_SP00039" HPOS="2956" VPOS="1078" WIDTH="36"/>
						<String ID="P12_ST00046" HPOS="2992" VPOS="997" WIDTH="134" HEIGHT="72" CONTENT="und" WC="0.98" CC="500"/>
						<SP ID="P12_SP00040" HPOS="3126" VPOS="1078" WIDTH="34"/>
						<String ID="P12_ST00047" HPOS="3160" VPOS="998" WIDTH="117" HEIGHT="71" CONTENT="neh" SUBS_TYPE="HypPart1" SUBS_CONTENT="nehmen" WC="1.00" CC="000"/>
						<HYP HPOS="3277" VPOS="998" WIDTH="38" CONTENT="-"/>
					</TextLine>
					<TextLine ID="P12_TL00008" HPOS="1077" VPOS="1088" WIDTH="2241" HEIGHT="88">
						<String ID="P12_ST00048" HPOS="1077" VPOS="1120" WIDTH="149" HEIGHT="41" CONTENT="men" SUBS_TYPE="HypPart2" SUBS_CONTENT="nehmen" WC="0.99" CC="002"/>
						<SP ID="P12_SP00041" HPOS="1226" VPOS="1161" WIDTH="25"/>
						<String ID="P12_ST00049" HPOS="1251" VPOS="1089" WIDTH="198" HEIGHT="70" CONTENT="damit" WC="0.99" CC="00070"/>
						<SP ID="P12_SP00042" HPOS="1449" VPOS="1161" WIDTH="27"/>
						<String ID="P12_ST00050" HPOS="1476" VPOS="1091" WIDTH="104" HEIGHT="70" CONTENT="die" WC="0.98" CC="060"/>
						<SP ID="P12_SP00043" HPOS="1580" VPOS="1161" WIDTH="17"/>
						<String ID="P12_ST00051" HPOS="1597" VPOS="1089" WIDTH="452" HEIGHT="86" CONTENT="gedanklichen" WC="1.00" CC="000000160005"/>
						<SP ID="P12_SP00044" HPOS="2049" VPOS="1175" WIDTH="19"/>
						<String ID="P12_ST00052" HPOS="2068" VPOS="1088" WIDTH="444" HEIGHT="88" CONTENT="Experimente" WC="1.00" CC="10003600000"/>
						<SP ID="P12_SP00045" HPOS="2512" VPOS="1176" WIDTH="18"/>
						<String ID="P12_ST00053" HPOS="2530" VPOS="1121" WIDTH="113" HEIGHT="41" CONTENT="zur" WC="0.99" CC="030"/>
						<SP ID="P12_SP00046" HPOS="2643" VPOS="1176" WIDTH="17"/>
						<String ID="P12_ST00054" HPOS="2660" VPOS="1091" WIDTH="620" HEIGHT="85" CONTENT="stammesgeschicht" SUBS_TYPE="HypPart1" SUBS_CONTENT="stammesgeschichtlichen" WC="1.00" CC="0000000000106000"/>
						<HYP HPOS="3280" VPOS="1091" WIDTH="38" CONTENT="-"/>
					</TextLine>
					<TextLine ID="P12_TL00009" HPOS="1077" VPOS="1181" WIDTH="2239" HEIGHT="86">
						<String ID="P12_ST00055" HPOS="1077" VPOS="1181" WIDTH="209" HEIGHT="72" CONTENT="lichen" SUBS_TYPE="HypPart2" SUBS_CONTENT="stammesgeschichtlichen" WC="0.98" CC="670003"/>
						<SP ID="P12_SP00047" HPOS="1286" VPOS="1253" WIDTH="21"/>
						<String ID="P12_ST00056" HPOS="1307" VPOS="1181" WIDTH="377" HEIGHT="86" CONTENT="Herleitung" WC="0.99" CC="0056060220"/>
						<SP ID="P12_SP00048" HPOS="1684" VPOS="1267" WIDTH="31"/>
						<String ID="P12_ST00057" HPOS="1715" VPOS="1182" WIDTH="112" HEIGHT="71" CONTENT="des" WC="1.00" CC="000"/>
						<SP ID="P12_SP00049" HPOS="1827" VPOS="1267" WIDTH="25"/>
						<String ID="P12_ST00058" HPOS="1852" VPOS="1182" WIDTH="470" HEIGHT="73" CONTENT="menschlichen" WC="1.00" CC="000000710003"/>
						<SP ID="P12_SP00050" HPOS="2322" VPOS="1267" WIDTH="15"/>
						<String ID="P12_ST00059" HPOS="2337" VPOS="1182" WIDTH="476" HEIGHT="85" CONTENT="Pflichtgefühls" WC="1.00" CC="00050000060030"/>
						<SP ID="P12_SP00051" HPOS="2813" VPOS="1267" WIDTH="28"/>
						<String ID="P12_ST00060" HPOS="2841" VPOS="1214" WIDTH="112" HEIGHT="39" CONTENT="aus" WC="0.98" CC="050"/>
						<SP ID="P12_SP00052" HPOS="2953" VPOS="1267" WIDTH="28"/>
						<String ID="P12_ST00061" HPOS="2981" VPOS="1185" WIDTH="335" HEIGHT="71" CONTENT="tierischen" WC="0.99" CC="0600600004"/>
					</TextLine>
					<TextLine ID="P12_TL00010" HPOS="1076" VPOS="1275" WIDTH="2242" HEIGHT="87">
						<String ID="P12_ST00062" HPOS="1076" VPOS="1275" WIDTH="288" HEIGHT="85" CONTENT="Anlagen" WC="0.99" CC="1050001"/>
						<SP ID="P12_SP00053" HPOS="1364" VPOS="1360" WIDTH="33"/>
						<String ID="P12_ST00063" HPOS="1397" VPOS="1277" WIDTH="348" HEIGHT="70" CONTENT="wiederum" WC="0.99" CC="05000550"/>
						<SP ID="P12_SP00054" HPOS="1745" VPOS="1360" WIDTH="33"/>
						<String ID="P12_ST00064" HPOS="1778" VPOS="1275" WIDTH="131" HEIGHT="72" CONTENT="auf." WC="0.98" CC="0063"/>
						<SP ID="P12_SP00055" HPOS="1909" VPOS="1360" WIDTH="66"/>
						<String ID="P12_ST00065" HPOS="1975" VPOS="1277" WIDTH="71" HEIGHT="84" CONTENT="Ja" WC="0.91" CC="10"/>
						<SP ID="P12_SP00056" HPOS="2046" VPOS="1361" WIDTH="49"/>
						<String ID="P12_ST00066" HPOS="2095" VPOS="1280" WIDTH="90" HEIGHT="69" CONTENT="sie" WC="0.97" CC="060"/>
						<SP ID="P12_SP00057" HPOS="2185" VPOS="1361" WIDTH="44"/>
						<String ID="P12_ST00067" HPOS="2229" VPOS="1279" WIDTH="202" HEIGHT="83" CONTENT="gehen" WC="0.99" CC="00005"/>
						<SP ID="P12_SP00058" HPOS="2431" VPOS="1362" WIDTH="34"/>
						<String ID="P12_ST00068" HPOS="2465" VPOS="1279" WIDTH="163" HEIGHT="70" CONTENT="noch" WC="1.00" CC="0000"/>
						<SP ID="P12_SP00059" HPOS="2628" VPOS="1362" WIDTH="36"/>
						<String ID="P12_ST00069" HPOS="2664" VPOS="1279" WIDTH="242" HEIGHT="70" CONTENT="weiter:" WC="0.99" CC="0060033"/>
						<SP ID="P12_SP00060" HPOS="2906" VPOS="1362" WIDTH="51"/>
						<String ID="P12_ST00070" HPOS="2957" VPOS="1279" WIDTH="91" HEIGHT="70" CONTENT="sie" WC="0.97" CC="070"/>
						<SP ID="P12_SP00061" HPOS="3048" VPOS="1362" WIDTH="31"/>
						<String ID="P12_ST00071" HPOS="3079" VPOS="1277" WIDTH="239" HEIGHT="72" CONTENT="deuten" WC="1.00" CC="004000"/>
					</TextLine>
					<TextLine ID="P12_TL00011" HPOS="1076" VPOS="1368" WIDTH="2239" HEIGHT="86">
						<String ID="P12_ST00072" HPOS="1076" VPOS="1398" WIDTH="104" HEIGHT="51" CONTENT="an," WC="0.99" CC="003"/>
						<SP ID="P12_SP00062" HPOS="1180" VPOS="1449" WIDTH="46"/>
						<String ID="P12_ST00073" HPOS="1226" VPOS="1368" WIDTH="126" HEIGHT="72" CONTENT="daß" WC="1.00" CC="000"/>
						<SP ID="P12_SP00063" HPOS="1352" VPOS="1449" WIDTH="45"/>
						<String ID="P12_ST00074" HPOS="1397" VPOS="1370" WIDTH="105" HEIGHT="70" CONTENT="die" WC="0.98" CC="040"/>
						<SP ID="P12_SP00064" HPOS="1502" VPOS="1449" WIDTH="47"/>
						<String ID="P12_ST00075" HPOS="1549" VPOS="1368" WIDTH="212" HEIGHT="72" CONTENT="Natur" WC="0.99" CC="50110"/>
						<SP ID="P12_SP00065" HPOS="1761" VPOS="1449" WIDTH="42"/>
						<String ID="P12_ST00076" HPOS="1803" VPOS="1370" WIDTH="204" HEIGHT="71" CONTENT="dieses" WC="1.00" CC="060000"/>
						<SP ID="P12_SP00066" HPOS="2007" VPOS="1449" WIDTH="34"/>
						<String ID="P12_ST00077" HPOS="2041" VPOS="1370" WIDTH="338" HEIGHT="71" CONTENT="Verhalten" WC="1.00" CC="000004002"/>
						<SP ID="P12_SP00067" HPOS="2379" VPOS="1449" WIDTH="34"/>
						<String ID="P12_ST00078" HPOS="2413" VPOS="1371" WIDTH="112" HEIGHT="71" CONTENT="des" WC="1.00" CC="000"/>
						<SP ID="P12_SP00068" HPOS="2525" VPOS="1449" WIDTH="34"/>
						<String ID="P12_ST00079" HPOS="2559" VPOS="1370" WIDTH="356" HEIGHT="71" CONTENT="Menschen" WC="1.00" CC="00000001"/>
						<SP ID="P12_SP00069" HPOS="2915" VPOS="1449" WIDTH="34"/>
						<String ID="P12_ST00080" HPOS="2949" VPOS="1373" WIDTH="229" HEIGHT="68" CONTENT="immer" WC="0.99" CC="70003"/>
						<SP ID="P12_SP00070" HPOS="3178" VPOS="1449" WIDTH="32"/>
						<String ID="P12_ST00081" HPOS="3210" VPOS="1401" WIDTH="70" HEIGHT="53" CONTENT="ge" SUBS_TYPE="HypPart1" SUBS_CONTENT="gebilligt" WC="0.99" CC="00"/>
						<HYP HPOS="3280" VPOS="1401" WIDTH="35" CONTENT="-"/>
					</TextLine>
					<TextLine ID="P12_TL00012" HPOS="1079" VPOS="1460" WIDTH="2237" HEIGHT="89">
						<String ID="P12_ST00082" HPOS="1079" VPOS="1460" WIDTH="203" HEIGHT="87" CONTENT="billigt" SUBS_TYPE="HypPart2" SUBS_CONTENT="gebilligt" WC="0.98" CC="7622300"/>
						<SP ID="P12_SP00071" HPOS="1282" VPOS="1547" WIDTH="32"/>
						<String ID="P12_ST00083" HPOS="1314" VPOS="1463" WIDTH="162" HEIGHT="71" CONTENT="habe" WC="0.98" CC="7000"/>
						<SP ID="P12_SP00072" HPOS="1476" VPOS="1547" WIDTH="33"/>
						<String ID="P12_ST00084" HPOS="1509" VPOS="1464" WIDTH="135" HEIGHT="70" CONTENT="und" WC="0.98" CC="400"/>
						<SP ID="P12_SP00073" HPOS="1644" VPOS="1547" WIDTH="33"/>
						<String ID="P12_ST00085" HPOS="1677" VPOS="1465" WIDTH="174" HEIGHT="70" CONTENT="seine" WC="0.99" CC="00700"/>
						<SP ID="P12_SP00074" HPOS="1851" VPOS="1547" WIDTH="21"/>
						<String ID="P12_ST00086" HPOS="1872" VPOS="1463" WIDTH="113" HEIGHT="71" CONTENT="auf" WC="0.96" CC="046"/>
						<SP ID="P12_SP00075" HPOS="1985" VPOS="1547" WIDTH="21"/>
						<String ID="P12_ST00087" HPOS="2006" VPOS="1463" WIDTH="581" HEIGHT="86" CONTENT="Niederzwingung" WC="0.87" CC="06000100620000"/>
						<SP ID="P12_SP00076" HPOS="2587" VPOS="1549" WIDTH="26"/>
						<String ID="P12_ST00088" HPOS="2613" VPOS="1463" WIDTH="113" HEIGHT="72" CONTENT="der" WC="0.99" CC="002"/>
						<SP ID="P12_SP00077" HPOS="2726" VPOS="1549" WIDTH="26"/>
						<String ID="P12_ST00089" HPOS="2752" VPOS="1464" WIDTH="196" HEIGHT="71" CONTENT="rohen" WC="0.98" CC="00704"/>
						<SP ID="P12_SP00078" HPOS="2948" VPOS="1549" WIDTH="34"/>
						<String ID="P12_ST00090" HPOS="2982" VPOS="1464" WIDTH="334" HEIGHT="71" CONTENT="tierischen" WC="1.00" CC="0602400001"/>
					</TextLine>
					<TextLine ID="P12_TL00013" HPOS="1076" VPOS="1553" WIDTH="2244" HEIGHT="89">
						<String ID="P12_ST00091" HPOS="1076" VPOS="1553" WIDTH="243" HEIGHT="74" CONTENT="Triebe" WC="0.99" CC="006070"/>
						<SP ID="P12_SP00079" HPOS="1319" VPOS="1627" WIDTH="44"/>
						<String ID="P12_ST00092" HPOS="1363" VPOS="1556" WIDTH="346" HEIGHT="85" CONTENT="gerichtete" WC="1.00" CC="0026070000"/>
						<SP ID="P12_SP00080" HPOS="1709" VPOS="1641" WIDTH="43"/>
						<String ID="P12_ST00093" HPOS="1752" VPOS="1556" WIDTH="212" HEIGHT="72" CONTENT="Moral" WC="0.99" CC="00305"/>
						<SP ID="P12_SP00081" HPOS="1964" VPOS="1641" WIDTH="58"/>
						<String ID="P12_ST00094" HPOS="2022" VPOS="1587" WIDTH="125" HEIGHT="41" CONTENT="von" WC="0.98" CC="004"/>
						<SP ID="P12_SP00082" HPOS="2147" VPOS="1641" WIDTH="44"/>
						<String ID="P12_ST00095" HPOS="2191" VPOS="1558" WIDTH="173" HEIGHT="84" CONTENT="jeher" WC="1.00" CC="00000"/>
						<SP ID="P12_SP00083" HPOS="2364" VPOS="1642" WIDTH="47"/>
						<String ID="P12_ST00096" HPOS="2411" VPOS="1559" WIDTH="85" HEIGHT="69" CONTENT="im" WC="0.67" CC="60"/>
						<SP ID="P12_SP00084" HPOS="2496" VPOS="1642" WIDTH="53"/>
						<String ID="P12_ST00097" HPOS="2549" VPOS="1557" WIDTH="159" HEIGHT="71" CONTENT="Sinn" WC="0.98" CC="0330"/>
						<SP ID="P12_SP00085" HPOS="2708" VPOS="1642" WIDTH="47"/>
						<String ID="P12_ST00098" HPOS="2755" VPOS="1556" WIDTH="113" HEIGHT="71" CONTENT="der" WC="0.99" CC="001"/>
						<SP ID="P12_SP00086" HPOS="2868" VPOS="1642" WIDTH="32"/>
						<String ID="P12_ST00099" HPOS="2900" VPOS="1556" WIDTH="420" HEIGHT="85" CONTENT="Weltgesetze" WC="1.00" CC="50400000000"/>
					</TextLine>
					<TextLine ID="P12_TL00014" HPOS="1076" VPOS="1649" WIDTH="2239" HEIGHT="86">
						<String ID="P12_ST00100" HPOS="1076" VPOS="1679" WIDTH="288" HEIGHT="56" CONTENT="gewesen" WC="1.00" CC="0000004"/>
						<SP ID="P12_SP00087" HPOS="1364" VPOS="1735" WIDTH="47"/>
						<String ID="P12_ST00101" HPOS="1411" VPOS="1651" WIDTH="111" HEIGHT="70" CONTENT="sei." WC="0.98" CC="0053"/>
						<SP ID="P12_SP00088" HPOS="1522" VPOS="1735" WIDTH="85"/>
						<String ID="P12_ST00102" HPOS="1607" VPOS="1649" WIDTH="212" HEIGHT="72" CONTENT="Unser" WC="0.99" CC="20005"/>
						<SP ID="P12_SP00089" HPOS="1819" VPOS="1735" WIDTH="29"/>
						<String ID="P12_ST00103" HPOS="1848" VPOS="1649" WIDTH="355" HEIGHT="86" CONTENT="Anhängen" WC="1.00" CC="00002000"/>
						<SP ID="P12_SP00090" HPOS="2203" VPOS="1735" WIDTH="50"/>
						<String ID="P12_ST00104" HPOS="2253" VPOS="1681" WIDTH="78" HEIGHT="41" CONTENT="an" WC="1.00" CC="00"/>
						<SP ID="P12_SP00091" HPOS="2331" VPOS="1735" WIDTH="51"/>
						<String ID="P12_ST00105" HPOS="2382" VPOS="1651" WIDTH="123" HEIGHT="71" CONTENT="den" WC="1.00" CC="000"/>
						<SP ID="P12_SP00092" HPOS="2505" VPOS="1735" WIDTH="49"/>
						<String ID="P12_ST00106" HPOS="2554" VPOS="1651" WIDTH="249" HEIGHT="71" CONTENT="Idealen" WC="1.00" CC="3000400"/>
						<SP ID="P12_SP00093" HPOS="2803" VPOS="1735" WIDTH="46"/>
						<String ID="P12_ST00107" HPOS="2849" VPOS="1651" WIDTH="109" HEIGHT="70" CONTENT="des" WC="1.00" CC="000"/>
						<SP ID="P12_SP00094" HPOS="2958" VPOS="1735" WIDTH="52"/>
						<String ID="P12_ST00108" HPOS="3010" VPOS="1651" WIDTH="305" HEIGHT="80" CONTENT="Rechten," WC="1.00" CC="00000022"/>
					</TextLine>
					<TextLine ID="P12_TL00015" HPOS="1077" VPOS="1741" WIDTH="2242" HEIGHT="86">
						<String ID="P12_ST00109" HPOS="1077" VPOS="1741" WIDTH="244" HEIGHT="81" CONTENT="Guten," WC="0.99" CC="160020"/>
						<SP ID="P12_SP00095" HPOS="1321" VPOS="1822" WIDTH="31"/>
						<String ID="P12_ST00110" HPOS="1352" VPOS="1742" WIDTH="297" HEIGHT="73" CONTENT="Schönen" WC="1.00" CC="0004003"/>
						<SP ID="P12_SP00096" HPOS="1649" VPOS="1822" WIDTH="28"/>
						<String ID="P12_ST00111" HPOS="1677" VPOS="1743" WIDTH="134" HEIGHT="72" CONTENT="und" WC="0.98" CC="400"/>
						<SP ID="P12_SP00097" HPOS="1811" VPOS="1822" WIDTH="25"/>
						<String ID="P12_ST00112" HPOS="1836" VPOS="1774" WIDTH="125" HEIGHT="39" CONTENT="was" WC="1.00" CC="000"/>
						<SP ID="P12_SP00098" HPOS="1961" VPOS="1822" WIDTH="27"/>
						<String ID="P12_ST00113" HPOS="1988" VPOS="1742" WIDTH="198" HEIGHT="73" CONTENT="damit" WC="0.99" CC="00060"/>
						<SP ID="P12_SP00099" HPOS="2186" VPOS="1822" WIDTH="27"/>
						<String ID="P12_ST00114" HPOS="2213" VPOS="1745" WIDTH="585" HEIGHT="82" CONTENT="zusammenhängt," WC="1.00" CC="06000000033001"/>
						<SP ID="P12_SP00100" HPOS="2798" VPOS="1827" WIDTH="26"/>
						<String ID="P12_ST00115" HPOS="2824" VPOS="1743" WIDTH="278" HEIGHT="73" CONTENT="brauche" WC="1.00" CC="7000000"/>
						<SP ID="P12_SP00101" HPOS="3102" VPOS="1827" WIDTH="23"/>
						<String ID="P12_ST00116" HPOS="3125" VPOS="1743" WIDTH="194" HEIGHT="72" CONTENT="daher" WC="1.00" CC="00002"/>
					</TextLine>
					<TextLine ID="P12_TL00016" HPOS="1077" VPOS="1835" WIDTH="2241" HEIGHT="86">
						<String ID="P12_ST00117" HPOS="1077" VPOS="1835" WIDTH="177" HEIGHT="71" CONTENT="nicht" WC="0.98" CC="65000"/>
						<SP ID="P12_SP00102" HPOS="1254" VPOS="1906" WIDTH="27"/>
						<String ID="P12_ST00118" HPOS="1281" VPOS="1836" WIDTH="181" HEIGHT="71" CONTENT="mehr" WC="0.99" CC="0003"/>
						<SP ID="P12_SP00103" HPOS="1462" VPOS="1907" WIDTH="18"/>
						<String ID="P12_ST00119" HPOS="1480" VPOS="1836" WIDTH="124" HEIGHT="70" CONTENT="den" WC="1.00" CC="000"/>
						<SP ID="P12_SP00104" HPOS="1604" VPOS="1907" WIDTH="27"/>
						<String ID="P12_ST00120" HPOS="1631" VPOS="1836" WIDTH="549" HEIGHT="84" CONTENT="metaphysischen" WC="1.00" CC="00000000600002"/>
						<SP ID="P12_SP00105" HPOS="2180" VPOS="1920" WIDTH="17"/>
						<String ID="P12_ST00121" HPOS="2197" VPOS="1836" WIDTH="380" HEIGHT="71" CONTENT="Problemen" WC="0.99" CC="000760001"/>
						<SP ID="P12_SP00106" HPOS="2577" VPOS="1920" WIDTH="18"/>
						<String ID="P12_ST00122" HPOS="2595" VPOS="1836" WIDTH="330" HEIGHT="85" CONTENT="zugezählt" WC="0.99" CC="050001740"/>
						<SP ID="P12_SP00107" HPOS="2925" VPOS="1921" WIDTH="18"/>
						<String ID="P12_ST00123" HPOS="2943" VPOS="1867" WIDTH="80" HEIGHT="39" CONTENT="zu" WC="0.78" CC="04"/>
						<SP ID="P12_SP00108" HPOS="3023" VPOS="1921" WIDTH="18"/>
						<String ID="P12_ST00124" HPOS="3041" VPOS="1837" WIDTH="277" HEIGHT="70" CONTENT="werden." WC="0.99" CC="0060052"/>
					</TextLine>
					<TextLine ID="P12_TL00017" HPOS="1080" VPOS="1928" WIDTH="2239" HEIGHT="73">
						<String ID="P12_ST00125" HPOS="1080" VPOS="1928" WIDTH="258" HEIGHT="72" CONTENT="Fänden" WC="0.99" CC="153005"/>
						<SP ID="P12_SP00109" HPOS="1338" VPOS="2000" WIDTH="59"/>
						<String ID="P12_ST00126" HPOS="1397" VPOS="1930" WIDTH="167" HEIGHT="70" CONTENT="doch" WC="1.00" CC="0000"/>
						<SP ID="P12_SP00110" HPOS="1564" VPOS="2000" WIDTH="56"/>
						<String ID="P12_ST00127" HPOS="1620" VPOS="1930" WIDTH="174" HEIGHT="70" CONTENT="diese" WC="0.99" CC="06000"/>
						<SP ID="P12_SP00111" HPOS="1794" VPOS="2000" WIDTH="44"/>
						<String ID="P12_ST00128" HPOS="1838" VPOS="1929" WIDTH="408" HEIGHT="72" CONTENT="Bedürfnisse" WC="1.00" CC="00003522000"/>
						<SP ID="P12_SP00112" HPOS="2246" VPOS="2001" WIDTH="53"/>
						<String ID="P12_ST00129" HPOS="2299" VPOS="1930" WIDTH="136" HEIGHT="71" CONTENT="ihre" WC="0.97" CC="6060"/>
						<SP ID="P12_SP00113" HPOS="2435" VPOS="2001" WIDTH="30"/>
						<String ID="P12_ST00130" HPOS="2465" VPOS="1930" WIDTH="338" HEIGHT="71" CONTENT="Vorbilder" WC="0.99" CC="000654000"/>
						<SP ID="P12_SP00114" HPOS="2803" VPOS="2001" WIDTH="50"/>
						<String ID="P12_ST00131" HPOS="2853" VPOS="1930" WIDTH="197" HEIGHT="70" CONTENT="schon" WC="0.98" CC="00707"/>
						<SP ID="P12_SP00115" HPOS="3050" VPOS="2001" WIDTH="48"/>
						<String ID="P12_ST00132" HPOS="3098" VPOS="1933" WIDTH="63" HEIGHT="67" CONTENT="in" WC="0.70" CC="50"/>
						<SP ID="P12_SP00116" HPOS="3161" VPOS="2001" WIDTH="47"/>
						<String ID="P12_ST00133" HPOS="3208" VPOS="1931" WIDTH="111" HEIGHT="70" CONTENT="der" WC="0.99" CC="002"/>
					</TextLine>
					<TextLine ID="P12_TL00018" HPOS="1079" VPOS="2022" WIDTH="2239" HEIGHT="87">
						<String ID="P12_ST00134" HPOS="1079" VPOS="2022" WIDTH="633" HEIGHT="71" CONTENT="menschenfremden" WC="1.00" CC="005000006100001"/>
						<SP ID="P12_SP00117" HPOS="1712" VPOS="2093" WIDTH="35"/>
						<String ID="P12_ST00135" HPOS="1747" VPOS="2022" WIDTH="231" HEIGHT="81" CONTENT="Natur," WC="1.00" CC="001011"/>
						<SP ID="P12_SP00118" HPOS="1978" VPOS="2103" WIDTH="35"/>
						<String ID="P12_ST00136" HPOS="2013" VPOS="2053" WIDTH="126" HEIGHT="41" CONTENT="was" WC="1.00" CC="000"/>
						<SP ID="P12_SP00119" HPOS="2139" VPOS="2103" WIDTH="32"/>
						<String ID="P12_ST00137" HPOS="2171" VPOS="2023" WIDTH="204" HEIGHT="72" CONTENT="sicher" WC="0.99" CC="060003"/>
						<SP ID="P12_SP00120" HPOS="2375" VPOS="2103" WIDTH="35"/>
						<String ID="P12_ST00138" HPOS="2410" VPOS="2023" WIDTH="174" HEIGHT="71" CONTENT="nicht" WC="0.99" CC="03005"/>
						<SP ID="P12_SP00121" HPOS="2584" VPOS="2103" WIDTH="34"/>
						<String ID="P12_ST00139" HPOS="2618" VPOS="2053" WIDTH="199" HEIGHT="56" CONTENT="gegen" WC="1.00" CC="00000"/>
						<SP ID="P12_SP00122" HPOS="2817" VPOS="2109" WIDTH="35"/>
						<String ID="P12_ST00140" HPOS="2852" VPOS="2024" WIDTH="137" HEIGHT="70" CONTENT="ihre" WC="0.99" CC="6000"/>
						<SP ID="P12_SP00123" HPOS="2989" VPOS="2109" WIDTH="16"/>
						<String ID="P12_ST00141" HPOS="3005" VPOS="2023" WIDTH="279" HEIGHT="71" CONTENT="Vortreff" SUBS_TYPE="HypPart1" SUBS_CONTENT="Vortrefflichkeit" WC="0.99" CC="03100067"/>
						<HYP HPOS="3284" VPOS="2023" WIDTH="34" CONTENT="-"/>
					</TextLine>
					<TextLine ID="P12_TL00019" HPOS="1079" VPOS="2114" WIDTH="809" HEIGHT="73">
						<String ID="P12_ST00142" HPOS="1079" VPOS="2114" WIDTH="254" HEIGHT="71" CONTENT="lichkeit" SUBS_TYPE="HypPart2" SUBS_CONTENT="Vortrefflichkeit" WC="0.99" CC="54000030"/>
						<SP ID="P12_SP00124" HPOS="1333" VPOS="2185" WIDTH="31"/>
						<String ID="P12_ST00143" HPOS="1364" VPOS="2117" WIDTH="258" HEIGHT="70" CONTENT="streiten" WC="1.00" CC="00107001"/>
						<SP ID="P12_SP00125" HPOS="1622" VPOS="2187" WIDTH="37"/>
						<String ID="P12_ST00144" HPOS="1659" VPOS="2114" WIDTH="229" HEIGHT="73" CONTENT="könne." WC="0.99" CC="062001"/>
					</TextLine>
					<TextLine ID="P12_TL00020" HPOS="1173" VPOS="2207" WIDTH="2143" HEIGHT="77">
						<String ID="P12_ST00145" HPOS="1173" VPOS="2207" WIDTH="189" HEIGHT="74" CONTENT="Einer" WC="0.98" CC="06103"/>
						<SP ID="P12_SP00126" HPOS="1362" VPOS="2281" WIDTH="33"/>
						<String ID="P12_ST00146" HPOS="1395" VPOS="2208" WIDTH="203" HEIGHT="71" CONTENT="dieser" WC="0.99" CC="070003"/>
						<SP ID="P12_SP00127" HPOS="1598" VPOS="2281" WIDTH="32"/>
						<String ID="P12_ST00147" HPOS="1630" VPOS="2207" WIDTH="447" HEIGHT="74" CONTENT="Schriftsteller" WC="1.00" CC="00027530005600"/>
						<SP ID="P12_SP00128" HPOS="2077" VPOS="2281" WIDTH="33"/>
						<String ID="P12_ST00148" HPOS="2110" VPOS="2211" WIDTH="80" HEIGHT="68" CONTENT="ist" WC="0.98" CC="600"/>
						<SP ID="P12_SP00129" HPOS="2190" VPOS="2281" WIDTH="30"/>
						<String ID="P12_ST00149" HPOS="2220" VPOS="2208" WIDTH="153" HEIGHT="73" CONTENT="Paul" WC="0.98" CC="0044"/>
						<SP ID="P12_SP00130" HPOS="2373" VPOS="2281" WIDTH="34"/>
						<String ID="P12_ST00150" HPOS="2407" VPOS="2216" WIDTH="392" HEIGHT="68" CONTENT="{Kämmerer" WC="0.99" CC="743670010" STYLEREFS="TXT_3"/>
						<SP ID="P12_SP00131" HPOS="2799" VPOS="2284" WIDTH="27"/>
						<String ID="P12_ST00151" HPOS="2826" VPOS="2212" WIDTH="64" HEIGHT="70" CONTENT="in" WC="0.49" CC="63"/>
						<SP ID="P12_SP00132" HPOS="2890" VPOS="2284" WIDTH="34"/>
						<String ID="P12_ST00152" HPOS="2924" VPOS="2208" WIDTH="208" HEIGHT="74" CONTENT="Wien." WC="0.99" CC="06003"/>
						<SP ID="P12_SP00133" HPOS="3132" VPOS="2284" WIDTH="66"/>
						<String ID="P12_ST00153" HPOS="3198" VPOS="2210" WIDTH="79" HEIGHT="71" CONTENT="So" SUBS_TYPE="HypPart1" SUBS_CONTENT="Sowohl" WC="0.99" CC="00"/>
						<HYP HPOS="3277" VPOS="2210" WIDTH="39" CONTENT="-"/>
					</TextLine>
					<TextLine ID="P12_TL00021" HPOS="1080" VPOS="2300" WIDTH="2238" HEIGHT="84">
						<String ID="P12_ST00154" HPOS="1080" VPOS="2301" WIDTH="164" HEIGHT="71" CONTENT="wohl" SUBS_TYPE="HypPart2" SUBS_CONTENT="Sowohl" WC="0.99" CC="0006"/>
						<SP ID="P12_SP00134" HPOS="1244" VPOS="2372" WIDTH="52"/>
						<String ID="P12_ST00155" HPOS="1296" VPOS="2304" WIDTH="65" HEIGHT="68" CONTENT="in" WC="0.48" CC="63"/>
						<SP ID="P12_SP00135" HPOS="1361" VPOS="2372" WIDTH="48"/>
						<String ID="P12_ST00156" HPOS="1409" VPOS="2304" WIDTH="239" HEIGHT="68" CONTENT="seinem" WC="0.99" CC="006000"/>
						<SP ID="P12_SP00136" HPOS="1648" VPOS="2372" WIDTH="52"/>
						<String ID="P12_ST00157" HPOS="1700" VPOS="2301" WIDTH="179" HEIGHT="71" CONTENT="Buch" WC="0.99" CC="0600"/>
						<SP ID="P12_SP00137" HPOS="1879" VPOS="2372" WIDTH="53"/>
						<String ID="P12_ST00158" HPOS="1932" VPOS="2300" WIDTH="805" HEIGHT="84" CONTENT="~Genossenschaftsleben" WC="0.86" CC="411010000100006005070"/>
						<SP ID="P12_SP00138" HPOS="2737" VPOS="2384" WIDTH="36"/>
						<String ID="P12_ST00159" HPOS="2773" VPOS="2333" WIDTH="123" HEIGHT="40" CONTENT="von" WC="1.00" CC="000"/>
						<SP ID="P12_SP00139" HPOS="2896" VPOS="2384" WIDTH="37"/>
						<String ID="P12_ST00160" HPOS="2933" VPOS="2302" WIDTH="385" HEIGHT="71" CONTENT="Lebewesen" WC="1.00" CC="000000002"/>
					</TextLine>
					<TextLine ID="P12_TL00022" HPOS="1076" VPOS="2392" WIDTH="2243" HEIGHT="88">
						<String ID="P12_ST00161" HPOS="1076" VPOS="2392" WIDTH="112" HEIGHT="74" CONTENT="auf" WC="0.95" CC="067"/>
						<SP ID="P12_SP00140" HPOS="1188" VPOS="2466" WIDTH="32"/>
						<String ID="P12_ST00162" HPOS="1220" VPOS="2392" WIDTH="233" HEIGHT="74" CONTENT="Grund" WC="0.99" CC="24030"/>
						<SP ID="P12_SP00141" HPOS="1453" VPOS="2466" WIDTH="35"/>
						<String ID="P12_ST00163" HPOS="1488" VPOS="2398" WIDTH="457" HEIGHT="82" CONTENT="gegenseitiger" WC="1.00" CC="0000000506002"/>
						<SP ID="P12_SP00142" HPOS="1945" VPOS="2480" WIDTH="30"/>
						<String ID="P12_ST00164" HPOS="1975" VPOS="2394" WIDTH="347" HEIGHT="82" CONTENT="Vorteile“," WC="0.99" CC="0331066080"/>
						<SP ID="P12_SP00143" HPOS="2322" VPOS="2480" WIDTH="52"/>
						<String ID="P12_ST00165" HPOS="2374" VPOS="2396" WIDTH="89" HEIGHT="70" CONTENT="als" WC="0.97" CC="250"/>
						<SP ID="P12_SP00144" HPOS="2463" VPOS="2480" WIDTH="48"/>
						<String ID="P12_ST00166" HPOS="2511" VPOS="2399" WIDTH="66" HEIGHT="68" CONTENT="in" WC="0.56" CC="61"/>
						<SP ID="P12_SP00145" HPOS="2577" VPOS="2480" WIDTH="47"/>
						<String ID="P12_ST00167" HPOS="2624" VPOS="2398" WIDTH="208" HEIGHT="69" CONTENT="einem" WC="0.98" CC="07500"/>
						<SP ID="P12_SP00146" HPOS="2832" VPOS="2480" WIDTH="46"/>
						<String ID="P12_ST00168" HPOS="2878" VPOS="2398" WIDTH="113" HEIGHT="69" CONTENT="der" WC="1.00" CC="000"/>
						<SP ID="P12_SP00147" HPOS="2991" VPOS="2480" WIDTH="50"/>
						<String ID="P12_ST00169" HPOS="3041" VPOS="2396" WIDTH="239" HEIGHT="73" CONTENT="Schluß" SUBS_TYPE="HypPart1" SUBS_CONTENT="Schlußkapitel" WC="0.99" CC="007100"/>
						<HYP HPOS="3280" VPOS="2396" WIDTH="39" CONTENT="-"/>
					</TextLine>
					<TextLine ID="P12_TL00023" HPOS="1079" VPOS="2486" WIDTH="2241" HEIGHT="87">
						<String ID="P12_ST00170" HPOS="1079" VPOS="2486" WIDTH="229" HEIGHT="87" CONTENT="kapitel" SUBS_TYPE="HypPart2" SUBS_CONTENT="Schlußkapitel" WC="1.00" CC="0006001"/>
						<SP ID="P12_SP00148" HPOS="1308" VPOS="2573" WIDTH="35"/>
						<String ID="P12_ST00171" HPOS="1343" VPOS="2488" WIDTH="706" HEIGHT="85" CONTENT="seiner,,Allgemeinen" WC="1.00" CC="0055003000400004000"/>
						<SP ID="P12_SP00149" HPOS="2049" VPOS="2573" WIDTH="20"/>
						<String ID="P12_ST00172" HPOS="2069" VPOS="2488" WIDTH="324" HEIGHT="85" CONTENT="Biologie“" WC="0.98" CC="464520708"/>
						<SP ID="P12_SP00150" HPOS="2393" VPOS="2573" WIDTH="37"/>
						<String ID="P12_ST00173" HPOS="2430" VPOS="2507" WIDTH="159" HEIGHT="52" CONTENT="setzt" WC="1.00" CC="00000"/>
						<SP ID="P12_SP00151" HPOS="2589" VPOS="2573" WIDTH="34"/>
						<String ID="P12_ST00174" HPOS="2623" VPOS="2518" WIDTH="66" HEIGHT="42" CONTENT="er" WC="0.95" CC="00"/>
						<SP ID="P12_SP00152" HPOS="2689" VPOS="2573" WIDTH="32"/>
						<String ID="P12_ST00175" HPOS="2721" VPOS="2490" WIDTH="435" HEIGHT="80" CONTENT="auseinander," WC="1.00" CC="050063000041"/>
						<SP ID="P12_SP00153" HPOS="3156" VPOS="2573" WIDTH="37"/>
						<String ID="P12_ST00176" HPOS="3193" VPOS="2490" WIDTH="127" HEIGHT="70" CONTENT="daß" WC="1.00" CC="000"/>
					</TextLine>
					<TextLine ID="P12_TL00024" HPOS="1077" VPOS="2580" WIDTH="2244" HEIGHT="87">
						<String ID="P12_ST00177" HPOS="1077" VPOS="2580" WIDTH="237" HEIGHT="72" CONTENT="ebenso" WC="0.99" CC="060000"/>
						<SP ID="P12_SP00154" HPOS="1314" VPOS="2652" WIDTH="55"/>
						<String ID="P12_ST00178" HPOS="1369" VPOS="2583" WIDTH="120" HEIGHT="70" CONTENT="wie" WC="0.99" CC="030"/>
						<SP ID="P12_SP00155" HPOS="1489" VPOS="2653" WIDTH="49"/>
						<String ID="P12_ST00179" HPOS="1538" VPOS="2612" WIDTH="148" HEIGHT="41" CONTENT="vom" WC="1.00" CC="000"/>
						<SP ID="P12_SP00156" HPOS="1686" VPOS="2653" WIDTH="52"/>
						<String ID="P12_ST00180" HPOS="1738" VPOS="2580" WIDTH="494" HEIGHT="87" CONTENT="Kampfprinzip" WC="0.99" CC="500050660050"/>
						<SP ID="P12_SP00157" HPOS="2232" VPOS="2667" WIDTH="62"/>
						<String ID="P12_ST00181" HPOS="2294" VPOS="2582" WIDTH="326" HEIGHT="82" CONTENT="„wirklich" WC="0.99" CC="305205507"/>
						<SP ID="P12_SP00158" HPOS="2620" VPOS="2667" WIDTH="50"/>
						<String ID="P12_ST00182" HPOS="2670" VPOS="2583" WIDTH="104" HEIGHT="71" CONTENT="die" WC="0.97" CC="060"/>
						<SP ID="P12_SP00159" HPOS="2774" VPOS="2667" WIDTH="50"/>
						<String ID="P12_ST00183" HPOS="2824" VPOS="2613" WIDTH="196" HEIGHT="54" CONTENT="ganze" WC="1.00" CC="00400"/>
						<SP ID="P12_SP00160" HPOS="3020" VPOS="2667" WIDTH="50"/>
						<String ID="P12_ST00184" HPOS="3070" VPOS="2583" WIDTH="251" HEIGHT="71" CONTENT="belebte" WC="0.99" CC="7010700"/>
					</TextLine>
					<TextLine ID="P12_TL00025" HPOS="1080" VPOS="2673" WIDTH="2241" HEIGHT="100">
						<String ID="P12_ST00185" HPOS="1080" VPOS="2673" WIDTH="228" HEIGHT="81" CONTENT="Natur," WC="0.99" CC="000250"/>
						<SP ID="P12_SP00161" HPOS="1308" VPOS="2754" WIDTH="23"/>
						<String ID="P12_ST00186" HPOS="1331" VPOS="2704" WIDTH="148" HEIGHT="42" CONTENT="vom" WC="1.00" CC="000"/>
						<SP ID="P12_SP00162" HPOS="1479" VPOS="2754" WIDTH="20"/>
						<String ID="P12_ST00187" HPOS="1499" VPOS="2674" WIDTH="267" HEIGHT="85" CONTENT="größten" WC="0.99" CC="0300005"/>
						<SP ID="P12_SP00163" HPOS="1766" VPOS="2759" WIDTH="28"/>
						<String ID="P12_ST00188" HPOS="1794" VPOS="2673" WIDTH="96" HEIGHT="71" CONTENT="bis" WC="0.98" CC="050"/>
						<SP ID="P12_SP00164" HPOS="1890" VPOS="2759" WIDTH="29"/>
						<String ID="P12_ST00189" HPOS="1919" VPOS="2705" WIDTH="148" HEIGHT="41" CONTENT="zum" WC="0.99" CC="030"/>
						<SP ID="P12_SP00165" HPOS="2067" VPOS="2759" WIDTH="26"/>
						<String ID="P12_ST00190" HPOS="2093" VPOS="2674" WIDTH="331" HEIGHT="82" CONTENT="kleinsten," WC="1.00" CC="0007300000"/>
						<SP ID="P12_SP00166" HPOS="2424" VPOS="2759" WIDTH="20"/>
						<String ID="P12_ST00191" HPOS="2444" VPOS="2674" WIDTH="203" HEIGHT="73" CONTENT="durch" WC="0.98" CC="04007"/>
						<SP ID="P12_SP00167" HPOS="2647" VPOS="2759" WIDTH="18"/>
						<String ID="P12_ST00192" HPOS="2665" VPOS="2677" WIDTH="110" HEIGHT="70" CONTENT="das" WC="1.00" CC="000"/>
						<SP ID="P12_SP00168" HPOS="2775" VPOS="2759" WIDTH="303"/>
						<String ID="P12_ST00193" HPOS="3078" VPOS="2709" WIDTH="243" HEIGHT="64" CONTENT="gegen«" WC="0.98" CC="391450" STYLEREFS="TXT_3"/>
					</TextLine>
					<TextLine ID="P12_TL00026" HPOS="1077" VPOS="2767" WIDTH="2243" HEIGHT="102">
						<String ID="P12_ST00194" HPOS="1077" VPOS="2781" WIDTH="266" HEIGHT="84" CONTENT="seifiger" WC="0.99" CC="60546000" STYLEREFS="TXT_3"/>
						<SP ID="P12_SP00169" HPOS="1343" VPOS="2865" WIDTH="29"/>
						<String ID="P12_ST00195" HPOS="1372" VPOS="2772" WIDTH="184" HEIGHT="97" CONTENT="Qiffe" WC="0.76" CC="24400" STYLEREFS="TXT_3"/>
						<SP ID="P12_SP00170" HPOS="1556" VPOS="2869" WIDTH="26"/>
						<String ID="P12_ST00196" HPOS="1582" VPOS="2768" WIDTH="368" HEIGHT="73" CONTENT="beherrscht" WC="1.00" CC="6000120000"/>
						<SP ID="P12_SP00171" HPOS="1950" VPOS="2869" WIDTH="24"/>
						<String ID="P12_ST00197" HPOS="1974" VPOS="2768" WIDTH="230" HEIGHT="71" CONTENT="wird“." WC="0.99" CC="061004"/>
						<SP ID="P12_SP00172" HPOS="2204" VPOS="2869" WIDTH="34"/>
						<String ID="P12_ST00198" HPOS="2238" VPOS="2767" WIDTH="203" HEIGHT="72" CONTENT="Wenn" WC="0.99" CC="0040"/>
						<SP ID="P12_SP00173" HPOS="2441" VPOS="2869" WIDTH="35"/>
						<String ID="P12_ST00199" HPOS="2476" VPOS="2768" WIDTH="152" HEIGHT="70" CONTENT="aber" WC="0.98" CC="0702"/>
						<SP ID="P12_SP00174" HPOS="2628" VPOS="2869" WIDTH="23"/>
						<String ID="P12_ST00200" HPOS="2651" VPOS="2770" WIDTH="105" HEIGHT="71" CONTENT="die" WC="0.98" CC="050"/>
						<SP ID="P12_SP00175" HPOS="2756" VPOS="2869" WIDTH="32"/>
						<String ID="P12_ST00201" HPOS="2788" VPOS="2768" WIDTH="384" HEIGHT="73" CONTENT="feindlichen" WC="0.99" CC="60600250700"/>
						<SP ID="P12_SP00176" HPOS="3172" VPOS="2869" WIDTH="28"/>
						<String ID="P12_ST00202" HPOS="3200" VPOS="2770" WIDTH="80" HEIGHT="71" CONTENT="Be" SUBS_TYPE="HypPart1" SUBS_CONTENT="Beziehungen" WC="0.98" CC="00"/>
						<HYP HPOS="3280" VPOS="2770" WIDTH="40" CONTENT="-"/>
					</TextLine>
					<TextLine ID="P12_TL00027" HPOS="1079" VPOS="2861" WIDTH="2239" HEIGHT="85">
						<String ID="P12_ST00203" HPOS="1079" VPOS="2861" WIDTH="351" HEIGHT="84" CONTENT="ziehungen" SUBS_TYPE="HypPart2" SUBS_CONTENT="Beziehungen" WC="0.99" CC="060045003"/>
						<SP ID="P12_SP00177" HPOS="1430" VPOS="2945" WIDTH="59"/>
						<String ID="P12_ST00204" HPOS="1489" VPOS="2862" WIDTH="176" HEIGHT="70" CONTENT="nicht" WC="0.98" CC="56000"/>
						<SP ID="P12_SP00178" HPOS="1665" VPOS="2945" WIDTH="45"/>
						<String ID="P12_ST00205" HPOS="1710" VPOS="2862" WIDTH="104" HEIGHT="70" CONTENT="die" WC="0.97" CC="070"/>
						<SP ID="P12_SP00179" HPOS="1814" VPOS="2945" WIDTH="44"/>
						<String ID="P12_ST00206" HPOS="1858" VPOS="2864" WIDTH="285" HEIGHT="82" CONTENT="einzigen" WC="0.99" CC="06006000"/>
						<SP ID="P12_SP00180" HPOS="2143" VPOS="2946" WIDTH="47"/>
						<String ID="P12_ST00207" HPOS="2190" VPOS="2862" WIDTH="145" HEIGHT="70" CONTENT="sind" WC="0.99" CC="0500"/>
						<SP ID="P12_SP00181" HPOS="2335" VPOS="2946" WIDTH="43"/>
						<String ID="P12_ST00208" HPOS="2378" VPOS="2862" WIDTH="314" HEIGHT="71" CONTENT="zwischen" WC="1.00" CC="00700002"/>
						<SP ID="P12_SP00182" HPOS="2692" VPOS="2946" WIDTH="48"/>
						<String ID="P12_ST00209" HPOS="2740" VPOS="2864" WIDTH="124" HEIGHT="69" CONTENT="den" WC="1.00" CC="000"/>
						<SP ID="P12_SP00183" HPOS="2864" VPOS="2946" WIDTH="47"/>
						<String ID="P12_ST00210" HPOS="2911" VPOS="2862" WIDTH="407" HEIGHT="82" CONTENT="Lebewesen," WC="1.00" CC="2070000022"/>
					</TextLine>
					<TextLine ID="P12_TL00028" HPOS="1082" VPOS="2954" WIDTH="2238" HEIGHT="89">
						<String ID="P12_ST00211" HPOS="1082" VPOS="2986" WIDTH="117" HEIGHT="52" CONTENT="„so" WC="0.98" CC="400"/>
						<SP ID="P12_SP00184" HPOS="1199" VPOS="3038" WIDTH="49"/>
						<String ID="P12_ST00212" HPOS="1248" VPOS="2955" WIDTH="250" HEIGHT="71" CONTENT="reichen" WC="0.99" CC="0050704"/>
						<SP ID="P12_SP00185" HPOS="1498" VPOS="3038" WIDTH="47"/>
						<String ID="P12_ST00213" HPOS="1545" VPOS="2958" WIDTH="90" HEIGHT="68" CONTENT="sie" WC="0.98" CC="060"/>
						<SP ID="P12_SP00186" HPOS="1635" VPOS="3038" WIDTH="39"/>
						<String ID="P12_ST00214" HPOS="1674" VPOS="2955" WIDTH="162" HEIGHT="71" CONTENT="auch" WC="0.99" CC="0500"/>
						<SP ID="P12_SP00187" HPOS="1836" VPOS="3038" WIDTH="36"/>
						<String ID="P12_ST00215" HPOS="1872" VPOS="2955" WIDTH="174" HEIGHT="72" CONTENT="nicht" WC="0.99" CC="46000"/>
						<SP ID="P12_SP00188" HPOS="2046" VPOS="3038" WIDTH="35"/>
						<String ID="P12_ST00216" HPOS="2081" VPOS="2982" WIDTH="111" HEIGHT="44" CONTENT="zur" WC="0.97" CC="044"/>
						<SP ID="P12_SP00189" HPOS="2192" VPOS="3038" WIDTH="33"/>
						<String ID="P12_ST00217" HPOS="2225" VPOS="2954" WIDTH="355" HEIGHT="89" CONTENT="Erklärung" WC="0.99" CC="030614040"/>
						<SP ID="P12_SP00190" HPOS="2580" VPOS="3043" WIDTH="30"/>
						<String ID="P12_ST00218" HPOS="2610" VPOS="2955" WIDTH="151" HEIGHT="74" CONTENT="aller" WC="0.99" CC="04501"/>
						<SP ID="P12_SP00191" HPOS="2761" VPOS="3043" WIDTH="35"/>
						<String ID="P12_ST00219" HPOS="2796" VPOS="2956" WIDTH="487" HEIGHT="73" CONTENT="Lebenserschei" SUBS_TYPE="HypPart1" SUBS_CONTENT="Lebenserscheinungen" WC="1.00" CC="0070000301006"/>
						<HYP HPOS="3283" VPOS="2956" WIDTH="37" CONTENT="-"/>
					</TextLine>
					<TextLine ID="P12_TL00029" HPOS="1080" VPOS="3049" WIDTH="2240" HEIGHT="84">
						<String ID="P12_ST00220" HPOS="1080" VPOS="3078" WIDTH="256" HEIGHT="55" CONTENT="nungen" SUBS_TYPE="HypPart2" SUBS_CONTENT="Lebenserscheinungen" WC="0.99" CC="231000"/>
						<SP ID="P12_SP00192" HPOS="1336" VPOS="3133" WIDTH="35"/>
						<String ID="P12_ST00221" HPOS="1371" VPOS="3058" WIDTH="181" HEIGHT="71" CONTENT="aus“," WC="0.98" CC="05083"/>
						<SP ID="P12_SP00193" HPOS="1552" VPOS="3133" WIDTH="52"/>
						<String ID="P12_ST00222" HPOS="1604" VPOS="3049" WIDTH="275" HEIGHT="70" CONTENT="sondern" WC="1.00" CC="0000041"/>
						<SP ID="P12_SP00194" HPOS="1879" VPOS="3133" WIDTH="47"/>
						<String ID="P12_ST00223" HPOS="1926" VPOS="3049" WIDTH="142" HEIGHT="84" CONTENT="jede" WC="1.00" CC="1000"/>
						<SP ID="P12_SP00195" HPOS="2068" VPOS="3133" WIDTH="33"/>
						<String ID="P12_ST00224" HPOS="2101" VPOS="3049" WIDTH="383" HEIGHT="84" CONTENT="Anpassung" WC="1.00" CC="040000220"/>
						<SP ID="P12_SP00196" HPOS="2484" VPOS="3133" WIDTH="44"/>
						<String ID="P12_ST00225" HPOS="2528" VPOS="3062" WIDTH="214" HEIGHT="57" CONTENT="müsse" WC="1.00" CC="00000"/>
						<SP ID="P12_SP00197" HPOS="2742" VPOS="3133" WIDTH="31"/>
						<String ID="P12_ST00226" HPOS="2773" VPOS="3049" WIDTH="89" HEIGHT="71" CONTENT="als" WC="1.00" CC="000"/>
						<SP ID="P12_SP00198" HPOS="2862" VPOS="3133" WIDTH="34"/>
						<String ID="P12_ST00227" HPOS="2896" VPOS="3050" WIDTH="110" HEIGHT="70" CONTENT="das" WC="1.00" CC="000"/>
						<SP ID="P12_SP00199" HPOS="3006" VPOS="3133" WIDTH="35"/>
						<String ID="P12_ST00228" HPOS="3041" VPOS="3049" WIDTH="279" HEIGHT="71" CONTENT="Produkt" WC="1.00" CC="0500000"/>
					</TextLine>
					<TextLine ID="P12_TL00030" HPOS="1080" VPOS="3140" WIDTH="2241" HEIGHT="88">
						<String ID="P12_ST00229" HPOS="1080" VPOS="3140" WIDTH="217" HEIGHT="72" CONTENT="beider" WC="0.98" CC="706004"/>
						<SP ID="P12_SP00200" HPOS="1297" VPOS="3212" WIDTH="32"/>
						<String ID="P12_ST00230" HPOS="1329" VPOS="3140" WIDTH="359" HEIGHT="86" CONTENT="Prinzipien" WC="0.99" CC="0470070300"/>
						<SP ID="P12_SP00201" HPOS="1688" VPOS="3226" WIDTH="45"/>
						<String ID="P12_ST00231" HPOS="1733" VPOS="3140" WIDTH="325" HEIGHT="87" CONTENT="aufgefaßt" WC="0.99" CC="056007000"/>
						<SP ID="P12_SP00202" HPOS="2058" VPOS="3227" WIDTH="34"/>
						<String ID="P12_ST00232" HPOS="2092" VPOS="3143" WIDTH="277" HEIGHT="70" CONTENT="werden." WC="1.00" CC="0040000"/>
						<SP ID="P12_SP00203" HPOS="2369" VPOS="3227" WIDTH="66"/>
						<String ID="P12_ST00233" HPOS="2435" VPOS="3143" WIDTH="102" HEIGHT="70" CONTENT="An" WC="0.93" CC="01"/>
						<SP ID="P12_SP00204" HPOS="2537" VPOS="3227" WIDTH="49"/>
						<String ID="P12_ST00234" HPOS="2586" VPOS="3144" WIDTH="207" HEIGHT="70" CONTENT="einem" WC="0.99" CC="03300"/>
						<SP ID="P12_SP00205" HPOS="2793" VPOS="3227" WIDTH="50"/>
						<String ID="P12_ST00235" HPOS="2843" VPOS="3142" WIDTH="270" HEIGHT="86" CONTENT="Beispiel" WC="1.00" CC="21000401"/>
						<SP ID="P12_SP00206" HPOS="3113" VPOS="3228" WIDTH="50"/>
						<String ID="P12_ST00236" HPOS="3163" VPOS="3143" WIDTH="158" HEIGHT="71" CONTENT="wird" WC="0.97" CC="0560"/>
					</TextLine>
					<TextLine ID="P12_TL00031" HPOS="1079" VPOS="3234" WIDTH="2241" HEIGHT="87">
						<String ID="P12_ST00237" HPOS="1079" VPOS="3234" WIDTH="208" HEIGHT="73" CONTENT="dieser" WC="0.99" CC="050003"/>
						<SP ID="P12_SP00207" HPOS="1287" VPOS="3307" WIDTH="25"/>
						<String ID="P12_ST00238" HPOS="1312" VPOS="3236" WIDTH="516" HEIGHT="84" CONTENT="geheimnisvolle" WC="1.00" CC="00706007000660"/>
						<SP ID="P12_SP00208" HPOS="1828" VPOS="3320" WIDTH="15"/>
						<String ID="P12_ST00239" HPOS="1843" VPOS="3234" WIDTH="522" HEIGHT="87" CONTENT="Gedankengang" WC="1.00" CC="000020000030"/>
						<SP ID="P12_SP00209" HPOS="2365" VPOS="3321" WIDTH="27"/>
						<String ID="P12_ST00240" HPOS="2392" VPOS="3237" WIDTH="133" HEIGHT="70" CONTENT="und" WC="0.98" CC="400"/>
						<SP ID="P12_SP00210" HPOS="2525" VPOS="3321" WIDTH="24"/>
						<String ID="P12_ST00241" HPOS="2549" VPOS="3237" WIDTH="106" HEIGHT="70" CONTENT="die" WC="0.98" CC="060"/>
						<SP ID="P12_SP00211" HPOS="2655" VPOS="3321" WIDTH="17"/>
						<String ID="P12_ST00242" HPOS="2672" VPOS="3237" WIDTH="418" HEIGHT="83" CONTENT="Möglichkeit" WC="1.00" CC="00066000050"/>
						<SP ID="P12_SP00212" HPOS="3090" VPOS="3321" WIDTH="26"/>
						<String ID="P12_ST00243" HPOS="3116" VPOS="3240" WIDTH="204" HEIGHT="69" CONTENT="seiner" WC="0.99" CC="007004"/>
					</TextLine>
					<TextLine ID="P12_TL00032" HPOS="1079" VPOS="3326" WIDTH="2240" HEIGHT="89">
						<String ID="P12_ST00244" HPOS="1079" VPOS="3326" WIDTH="513" HEIGHT="86" CONTENT="Durchführung" WC="0.99" CC="012006006440"/>
						<SP ID="P12_SP00213" HPOS="1592" VPOS="3412" WIDTH="31"/>
						<String ID="P12_ST00245" HPOS="1623" VPOS="3328" WIDTH="177" HEIGHT="72" CONTENT="nicht" WC="0.99" CC="06000"/>
						<SP ID="P12_SP00214" HPOS="1800" VPOS="3412" WIDTH="23"/>
						<String ID="P12_ST00246" HPOS="1823" VPOS="3331" WIDTH="214" HEIGHT="70" CONTENT="weiter" WC="0.99" CC="006000"/>
						<SP ID="P12_SP00215" HPOS="2037" VPOS="3412" WIDTH="27"/>
						<String ID="P12_ST00247" HPOS="2064" VPOS="3328" WIDTH="343" HEIGHT="82" CONTENT="illustriert," WC="0.99" CC="454500460000"/>
						<SP ID="P12_SP00216" HPOS="2407" VPOS="3412" WIDTH="33"/>
						<String ID="P12_ST00248" HPOS="2440" VPOS="3330" WIDTH="282" HEIGHT="85" CONTENT="dagegen" WC="1.00" CC="0000000"/>
						<SP ID="P12_SP00217" HPOS="2722" VPOS="3415" WIDTH="36"/>
						<String ID="P12_ST00249" HPOS="2758" VPOS="3332" WIDTH="160" HEIGHT="70" CONTENT="wird" WC="0.97" CC="0740"/>
						<SP ID="P12_SP00218" HPOS="2918" VPOS="3415" WIDTH="35"/>
						<String ID="P12_ST00250" HPOS="2953" VPOS="3330" WIDTH="366" HEIGHT="85" CONTENT="behauptet," WC="1.00" CC="6000000004"/>
					</TextLine>
					<TextLine ID="P12_TL00033" HPOS="1079" VPOS="3421" WIDTH="2241" HEIGHT="88">
						<String ID="P12_ST00251" HPOS="1079" VPOS="3421" WIDTH="127" HEIGHT="71" CONTENT="daß" WC="1.00" CC="000"/>
						<SP ID="P12_SP00219" HPOS="1206" VPOS="3492" WIDTH="48"/>
						<String ID="P12_ST00252" HPOS="1254" VPOS="3422" WIDTH="134" HEIGHT="70" CONTENT="sich" WC="0.99" CC="0600"/>
						<SP ID="P12_SP00220" HPOS="1388" VPOS="3492" WIDTH="46"/>
						<String ID="P12_ST00253" HPOS="1434" VPOS="3422" WIDTH="348" HEIGHT="72" CONTENT="drastische" WC="1.00" CC="0100060200"/>
						<SP ID="P12_SP00221" HPOS="1782" VPOS="3494" WIDTH="32"/>
						<String ID="P12_ST00254" HPOS="1814" VPOS="3422" WIDTH="309" HEIGHT="86" CONTENT="Beispiele" WC="0.99" CC="307006050"/>
						<SP ID="P12_SP00222" HPOS="2123" VPOS="3508" WIDTH="45"/>
						<String ID="P12_ST00255" HPOS="2168" VPOS="3421" WIDTH="103" HEIGHT="74" CONTENT="für" WC="0.98" CC="500"/>
						<SP ID="P12_SP00223" HPOS="2271" VPOS="3508" WIDTH="45"/>
						<String ID="P12_ST00256" HPOS="2316" VPOS="3424" WIDTH="111" HEIGHT="70" CONTENT="das" WC="1.00" CC="000"/>
						<SP ID="P12_SP00224" HPOS="2427" VPOS="3508" WIDTH="37"/>
						<String ID="P12_ST00257" HPOS="2464" VPOS="3422" WIDTH="250" HEIGHT="73" CONTENT="Walten" WC="1.00" CC="002002"/>
						<SP ID="P12_SP00225" HPOS="2714" VPOS="3508" WIDTH="30"/>
						<String ID="P12_ST00258" HPOS="2744" VPOS="3424" WIDTH="111" HEIGHT="71" CONTENT="des" WC="1.00" CC="000"/>
						<SP ID="P12_SP00226" HPOS="2855" VPOS="3508" WIDTH="36"/>
						<String ID="P12_ST00259" HPOS="2891" VPOS="3425" WIDTH="284" HEIGHT="84" CONTENT="Prinzips" WC="0.99" CC="02700700"/>
						<SP ID="P12_SP00227" HPOS="3175" VPOS="3509" WIDTH="33"/>
						<String ID="P12_ST00260" HPOS="3208" VPOS="3425" WIDTH="112" HEIGHT="69" CONTENT="der" WC="1.00" CC="000"/>
					</TextLine>
					<TextLine ID="P12_TL00034" HPOS="1080" VPOS="3514" WIDTH="2238" HEIGHT="90">
						<String ID="P12_ST00261" HPOS="1080" VPOS="3514" WIDTH="632" HEIGHT="87" CONTENT="Entwicklungshilfe" WC="1.00" CC="01406005620005460"/>
						<SP ID="P12_SP00228" HPOS="1712" VPOS="3601" WIDTH="23"/>
						<String ID="P12_ST00262" HPOS="1735" VPOS="3515" WIDTH="193" HEIGHT="74" CONTENT="leicht" WC="0.99" CC="504000"/>
						<SP ID="P12_SP00229" HPOS="1928" VPOS="3601" WIDTH="32"/>
						<String ID="P12_ST00263" HPOS="1960" VPOS="3515" WIDTH="217" HEIGHT="73" CONTENT="finden" WC="0.99" CC="026005"/>
						<SP ID="P12_SP00230" HPOS="2177" VPOS="3601" WIDTH="36"/>
						<String ID="P12_ST00264" HPOS="2213" VPOS="3516" WIDTH="227" HEIGHT="73" CONTENT="ließen." WC="0.99" CC="3600053"/>
						<SP ID="P12_SP00231" HPOS="2440" VPOS="3601" WIDTH="60"/>
						<String ID="P12_ST00265" HPOS="2500" VPOS="3516" WIDTH="127" HEIGHT="72" CONTENT="Die" WC="0.98" CC="060"/>
						<SP ID="P12_SP00232" HPOS="2627" VPOS="3601" WIDTH="31"/>
						<String ID="P12_ST00266" HPOS="2658" VPOS="3516" WIDTH="486" HEIGHT="88" CONTENT="schlagendsten" WC="1.00" CC="0004000200000"/>
						<SP ID="P12_SP00233" HPOS="3144" VPOS="3604" WIDTH="33"/>
						<String ID="P12_ST00267" HPOS="3177" VPOS="3518" WIDTH="106" HEIGHT="70" CONTENT="Bei" SUBS_TYPE="HypPart1" SUBS_CONTENT="Beispiele" WC="0.98" CC="207"/>
						<HYP HPOS="3283" VPOS="3518" WIDTH="35" CONTENT="-"/>
					</TextLine>
					<TextLine ID="P12_TL00035" HPOS="1079" VPOS="3607" WIDTH="2241" HEIGHT="88">
						<String ID="P12_ST00268" HPOS="1079" VPOS="3608" WIDTH="196" HEIGHT="85" CONTENT="spiele" SUBS_TYPE="HypPart2" SUBS_CONTENT="Beispiele" WC="0.99" CC="007050"/>
						<SP ID="P12_SP00234" HPOS="1275" VPOS="3693" WIDTH="26"/>
						<String ID="P12_ST00269" HPOS="1301" VPOS="3610" WIDTH="171" HEIGHT="70" CONTENT="seien" WC="0.99" CC="00602"/>
						<SP ID="P12_SP00235" HPOS="1472" VPOS="3693" WIDTH="26"/>
						<String ID="P12_ST00270" HPOS="1498" VPOS="3609" WIDTH="105" HEIGHT="70" CONTENT="die" WC="0.98" CC="060"/>
						<SP ID="P12_SP00236" HPOS="1603" VPOS="3693" WIDTH="24"/>
						<String ID="P12_ST00271" HPOS="1627" VPOS="3607" WIDTH="402" HEIGHT="85" CONTENT="Symbiosen," WC="0.99" CC="0007650003"/>
						<SP ID="P12_SP00237" HPOS="2029" VPOS="3693" WIDTH="30"/>
						<String ID="P12_ST00272" HPOS="2059" VPOS="3610" WIDTH="149" HEIGHT="82" CONTENT="„die" WC="0.98" CC="4070"/>
						<SP ID="P12_SP00238" HPOS="2208" VPOS="3693" WIDTH="24"/>
						<String ID="P12_ST00273" HPOS="2232" VPOS="3608" WIDTH="517" HEIGHT="87" CONTENT="Erscheinungen" WC="1.00" CC="0300707340000"/>
						<SP ID="P12_SP00239" HPOS="2749" VPOS="3695" WIDTH="24"/>
						<String ID="P12_ST00274" HPOS="2773" VPOS="3610" WIDTH="112" HEIGHT="71" CONTENT="des" WC="1.00" CC="000"/>
						<SP ID="P12_SP00240" HPOS="2885" VPOS="3695" WIDTH="19"/>
						<String ID="P12_ST00275" HPOS="2904" VPOS="3608" WIDTH="370" HEIGHT="75" CONTENT="Zusammen" SUBS_TYPE="HypPart1" SUBS_CONTENT="Zusammenlebens" WC="1.00" CC="02000006"/>
						<HYP HPOS="3274" VPOS="3608" WIDTH="46" CONTENT="-"/>
					</TextLine>
					<TextLine ID="P12_TL00036" HPOS="1080" VPOS="3701" WIDTH="2240" HEIGHT="87">
						<String ID="P12_ST00276" HPOS="1080" VPOS="3701" WIDTH="217" HEIGHT="72" CONTENT="lebens" SUBS_TYPE="HypPart2" SUBS_CONTENT="Zusammenlebens" WC="0.99" CC="607000"/>
						<SP ID="P12_SP00241" HPOS="1297" VPOS="3773" WIDTH="33"/>
						<String ID="P12_ST00277" HPOS="1330" VPOS="3701" WIDTH="111" HEIGHT="72" CONTENT="auf" WC="0.96" CC="056"/>
						<SP ID="P12_SP00242" HPOS="1441" VPOS="3773" WIDTH="39"/>
						<String ID="P12_ST00278" HPOS="1480" VPOS="3701" WIDTH="235" HEIGHT="72" CONTENT="Grund" WC="0.99" CC="16000"/>
						<SP ID="P12_SP00243" HPOS="1715" VPOS="3773" WIDTH="32"/>
						<String ID="P12_ST00279" HPOS="1747" VPOS="3701" WIDTH="401" HEIGHT="87" CONTENT="beidseitiger" WC="1.00" CC="004000706003"/>
						<SP ID="P12_SP00244" HPOS="2148" VPOS="3788" WIDTH="28"/>
						<String ID="P12_ST00280" HPOS="2176" VPOS="3702" WIDTH="348" HEIGHT="72" CONTENT="Vorteile“." WC="0.99" CC="0024051003"/>
						<SP ID="P12_SP00245" HPOS="2524" VPOS="3788" WIDTH="51"/>
						<String ID="P12_ST00281" HPOS="2575" VPOS="3703" WIDTH="579" HEIGHT="81" CONTENT="„Einsiedlerkrebs" WC="1.00" CC="4065070000404000"/>
						<SP ID="P12_SP00246" HPOS="3154" VPOS="3788" WIDTH="33"/>
						<String ID="P12_ST00282" HPOS="3187" VPOS="3702" WIDTH="133" HEIGHT="72" CONTENT="und" WC="0.97" CC="440" STYLEREFS="TXT_4"/>
					</TextLine>
					<TextLine ID="P12_TL00037" HPOS="1080" VPOS="3793" WIDTH="2238" HEIGHT="89">
						<String ID="P12_ST00283" HPOS="1080" VPOS="3793" WIDTH="503" HEIGHT="83" CONTENT="Seeanemone“," WC="1.00" CC="000020000004"/>
						<SP ID="P12_SP00247" HPOS="1583" VPOS="3876" WIDTH="51"/>
						<String ID="P12_ST00284" HPOS="1634" VPOS="3793" WIDTH="177" HEIGHT="73" CONTENT="heißt" WC="0.98" CC="70500"/>
						<SP ID="P12_SP00248" HPOS="1811" VPOS="3876" WIDTH="49"/>
						<String ID="P12_ST00285" HPOS="1860" VPOS="3826" WIDTH="66" HEIGHT="41" CONTENT="es" WC="0.83" CC="30"/>
						<SP ID="P12_SP00249" HPOS="1926" VPOS="3876" WIDTH="43"/>
						<String ID="P12_ST00286" HPOS="1969" VPOS="3795" WIDTH="112" HEIGHT="72" CONTENT="auf" WC="0.96" CC="036"/>
						<SP ID="P12_SP00250" HPOS="2081" VPOS="3876" WIDTH="47"/>
						<String ID="P12_ST00287" HPOS="2128" VPOS="3796" WIDTH="174" HEIGHT="72" CONTENT="Seite" WC="0.99" CC="00600"/>
						<SP ID="P12_SP00251" HPOS="2302" VPOS="3876" WIDTH="34"/>
						<String ID="P12_ST00288" HPOS="2336" VPOS="3797" WIDTH="132" HEIGHT="71" CONTENT="308" WC="0.94" CC="010"/>
						<SP ID="P12_SP00252" HPOS="2468" VPOS="3876" WIDTH="41"/>
						<String ID="P12_ST00289" HPOS="2509" VPOS="3796" WIDTH="113" HEIGHT="71" CONTENT="der" WC="0.99" CC="003"/>
						<SP ID="P12_SP00253" HPOS="2622" VPOS="3876" WIDTH="38"/>
						<String ID="P12_ST00290" HPOS="2660" VPOS="3796" WIDTH="479" HEIGHT="86" CONTENT="„Allgemeinen" WC="1.00" CC="400500004400"/>
						<SP ID="P12_SP00254" HPOS="3139" VPOS="3882" WIDTH="33"/>
						<String ID="P12_ST00291" HPOS="3172" VPOS="3796" WIDTH="110" HEIGHT="71" CONTENT="Bio" SUBS_TYPE="HypPart1" SUBS_CONTENT="Biologie“," WC="0.97" CC="072" STYLEREFS="TXT_4"/>
						<HYP HPOS="3282" VPOS="3796" WIDTH="36" CONTENT="-"/>
					</TextLine>
					<TextLine ID="P12_TL00038" HPOS="1080" VPOS="3886" WIDTH="2244" HEIGHT="90">
						<String ID="P12_ST00292" HPOS="1080" VPOS="3887" WIDTH="235" HEIGHT="87" CONTENT="logie“," SUBS_TYPE="HypPart2" SUBS_CONTENT="Biologie“," WC="0.99" CC="6007000"/>
						<SP ID="P12_SP00255" HPOS="1315" VPOS="3974" WIDTH="38"/>
						<String ID="P12_ST00293" HPOS="1353" VPOS="3890" WIDTH="217" HEIGHT="80" CONTENT="„diese" WC="0.99" CC="006000"/>
						<SP ID="P12_SP00256" HPOS="1570" VPOS="3974" WIDTH="28"/>
						<String ID="P12_ST00294" HPOS="1598" VPOS="3919" WIDTH="146" HEIGHT="41" CONTENT="vom" WC="1.00" CC="000"/>
						<SP ID="P12_SP00257" HPOS="1744" VPOS="3974" WIDTH="31"/>
						<String ID="P12_ST00295" HPOS="1775" VPOS="3886" WIDTH="208" HEIGHT="75" CONTENT="Krebs" WC="0.99" CC="02070"/>
						<SP ID="P12_SP00258" HPOS="1983" VPOS="3974" WIDTH="29"/>
						<String ID="P12_ST00296" HPOS="2012" VPOS="3890" WIDTH="464" HEIGHT="72" CONTENT="unwillkürlich" WC="0.99" CC="4106320004707"/>
						<SP ID="P12_SP00259" HPOS="2476" VPOS="3974" WIDTH="30"/>
						<String ID="P12_ST00297" HPOS="2506" VPOS="3889" WIDTH="301" HEIGHT="87" CONTENT="gefüttert" WC="0.99" CC="004007030"/>
						<SP ID="P12_SP00260" HPOS="2807" VPOS="3976" WIDTH="25"/>
						<String ID="P12_ST00298" HPOS="2832" VPOS="3892" WIDTH="136" HEIGHT="70" CONTENT="und" WC="0.96" CC="640"/>
						<SP ID="P12_SP00261" HPOS="2968" VPOS="3976" WIDTH="26"/>
						<String ID="P12_ST00299" HPOS="2994" VPOS="3891" WIDTH="109" HEIGHT="71" CONTENT="ihn" WC="0.97" CC="700"/>
						<SP ID="P12_SP00262" HPOS="3103" VPOS="3976" WIDTH="25"/>
						<String ID="P12_ST00300" HPOS="3128" VPOS="3896" WIDTH="196" HEIGHT="80" CONTENT="dafür" WC="1.00" CC="00120" STYLEREFS="TXT_5"/>
					</TextLine>
				</TextBlock>
			</PrintSpace>
		</Page>
	</Layout>
</alto>
