3676 4572
1819 458 178 52 Henri
2021 457 266 52 Barbusse
2384 455 116 53 Das
2531 455 169 51 Feuer

1154 455 68 59 16

1931 1276 223 81 DAS
2222 1276 397 81 FEUER

1890 1073 269 91 Henri
2537 1073 110 81 Barbusse

1433 1492 129 58 föus
1601 1496 115 52 dem
1766 1491 369 58 ‘Ulittelstück
2170 1496 100 52 des
2302 1489 266 66 Romans,
2610 1491 115 53 dem
2766 1486 254 78 fKapitel
3043 1482 123 71 „ße
3213 1487 12 33 c
3226 1484 100 59 Feu
3329 1491 33 24 u
3365 1531 14 22 ,

1339 1573 196 54 dessen
1771 1572 96 53 der
1907 1567 236 58 Dicßter
2180 1572 117 53 dem
2345 1588 218 56 ganzen
2797 1568 249 73 gegeben
3088 1563 115 57 fiat.

1799 1651 99 52 des
1923 1647 307 56 DZenscfien
2258 1651 54 49 in
2333 1648 87 54 die
2440 1644 207 65 Bestie,
2669 1647 97 51 der
2932 1646 99 52 des
3056 1641 324 57 DZenscßen,

1341 1722 215 73 clpäter
1570 1724 125 58 soll
1696 1731 84 51 ein
1794 1729 221 53 zweites
2407 1721 862 80 cTtückfolgen:
2441 1721 111 58 ‘Die
2939 1723 99 52 des

1340 1807 98 52 der
1475 1807 118 52 dies
1632 1802 146 57 alles
1816 1802 220 57 erlitten
2206 1802 886 67 fiat,das
2705 1821 121 34 zum
2852 1820 175 34 neuen

1339 1884 116 54 dem
1500 1879 311 59 BZenscßen
1853 1881 141 57 nach
2030 1883 198 53 diesem
2267 1877 201 79 IKrieg.

1253 2047 165 82 „He,
1452 2048 376 84 Achtung!“
1883 2048 167 70 fährt
2081 2047 250 70 Paradis
2379 2046 128 70 auf.
2577 2044 148 82 „Da
2769 2043 132 70 ruft
2934 2043 165 71 doch
3131 2042 250 84 jemand

1156 2145 88 67 im
1281 2141 288 71 Graben!
1639 2141 163 71 Hört
1847 2141 98 70 ihr
1989 2140 252 72 nichts?
2310 2138 126 70 Hat
2471 2140 80 68 da
2591 2138 174 70 nicht
2801 2137 255 84 jemand
3093 2136 284 80 »Alarm!*

1155 2235 350 84 gerufen?“

1254 2326 289 82 „Alarm!
1612 2326 110 70 Du
1759 2328 125 68 bist
1916 2325 361 71 verrückt!“

1253 2420 224 71 Gleich
1523 2419 222 71 darauf
1789 2420 193 83 beugt
2021 2419 132 70 sich
2199 2419 100 69 ein
2346 2417 301 71 Schatten
2693 2419 65 69 in
2803 2417 109 69 das
2961 2414 299 71 Luftloch
3306 2444 78 40 zu

1156 2542 295 42 unserem
1488 2512 395 71 Unterstand
1913 2510 136 70 und
2083 2510 164 70 ruft;

1254 2607 281 80 „Alarm,
1594 2606 104 70 die
1762 2604 664 83 zweiundzwanzigste
2484 2601 553 85 Korporalschaft:
3106 2599 96 72 Zu
3264 2601 118 70 den

1156 2700 321 72 Waffen!“

1249 2792 120 70 Ein
1405 2792 370 84 Schweigen
1809 2794 117 68 wie
1960 2792 100 68 ein
2096 2789 361 72 Windstoß.
2521 2789 193 68 Dann
2746 2789 100 68 ein
2882 2786 155 71 Paar
3070 2785 188 72 Rufe.

1254 2885 221 81 „Habs
1510 2888 58 81 ja
1608 2895 282 75 gesagt“,
1936 2884 284 70 brummt
2255 2881 251 71 Paradis
2542 2885 66 67 in
2641 2880 123 71 den
2799 2881 146 70 Bart
2980 2880 134 70 und
3149 2879 235 70 rutscht

1154 2979 114 70 auf
1312 2979 122 70 den
1476 2977 212 72 Knien
1736 3006 110 42 zur
1872 2969 291 91 Öffnung
2196 2977 111 69 des
2335 2973 640 81 Maulwurfhäufens,
3009 2974 65 69 in
3102 2972 146 71 dem
3273 2972 109 69 wir

1157 3073 384 71 verkrochen
1576 3072 166 70 sind.

1253 3165 155 71 Und
1457 3166 201 84 gleich
1703 3167 80 67 ist
1828 3163 104 73 die
1968 3162 471 83 Unterhaltung
2472 3161 231 71 wieder
2746 3190 135 39 aus.
2942 3158 160 70 Man
3147 3162 82 67 ist
3263 3154 118 73 still

1156 3260 357 81 geworden.
1584 3257 225 84 Hastig
1855 3257 224 70 richtet
2124 3285 147 41 man
2317 3255 133 72 sich
2496 3253 149 70 halb
2689 3252 143 80 auf;
2883 3252 266 79 rutscht,
3186 3248 198 79 dreht,

1156 3351 196 80 kniet,
1390 3351 249 70 wendet
1684 3350 169 80 sich;
1902 3347 265 74 schnallt
2214 3349 110 68 das
2360 3345 470 85 Seitengewehr
2874 3374 145 50 um;
3050 3342 198 70 Arme
3281 3341 69 70 be-

1156 3474 216 55 wegen
1392 3444 134 71 sich
1542 3441 457 82 schattenhaft;
2021 3472 149 43 man
2189 3441 199 84 stopft
2407 3438 448 85 Gegenstände
2874 3440 64 67 in
2958 3439 103 68 die
3072 3435 310 71 Taschen.

1156 3538 159 70 Eine
1338 3537 508 71 abenteuerliche
1863 3533 442 81 Gesellschaft,
2328 3535 103 70 die
2448 3534 81 70 da
2544 3532 342 71 aufbricht.
2921 3530 201 71 Säcke
3139 3525 245 74 werden

1155 3631 113 69 auf
1312 3631 146 69 dem
1496 3629 261 70 Rücken
1791 3629 203 70 durch
2029 3629 104 70 die
2167 3629 263 69 Riemen
2478 3655 301 56 gezogen,
2816 3623 283 80 Decken,
3135 3619 249 71 Geräte.

1251 3723 306 71 Draußen
1603 3722 168 72 steht
1814 3753 147 41 man
2008 3721 287 71 betäubt.
2364 3721 131 70 Der
2530 3720 192 69 Lärm
2761 3720 110 68 des
2909 3713 475 74 Gewehrfeuers

1160 3817 107 70 hat
1312 3819 131 68 sich
1479 3815 590 73 verhundertfacht:
2105 3816 157 70 Eine
2295 3814 146 71 Flut
2476 3844 123 41 von
2634 3812 182 79 links,
2853 3811 232 77 rechts,
3127 3806 132 72 und
3291 3806 93 67 ins

1160 3907 287 74 Gesicht.
1484 3911 245 69 Unsere
1747 3909 317 71 Batterien
2092 3907 319 86 stampfen
2437 3907 136 70 und
2599 3905 249 70 brüllen
2876 3904 163 72 ohne
3060 3892 324 79 Unterlaß.
