3403 4572
960 439 146 52 Kurt
1126 441 183 53 Hiller
1347 461 21 23 *
1577 443 303 54 V
1881 445 34 52 Aktivismus

2480 448 63 59 91

331 644 158 75 Idee,
519 637 164 71 ihres
710 634 188 83 Ziels,
925 639 167 71 ihres
1117 639 220 75 Ethos.
1362 642 104 72 An
1492 642 160 74 allen
1686 645 242 85 großen
1958 645 464 72 Kunstwerken
2449 651 103 79 ist,

330 733 117 73 daß
489 734 90 67 sie
612 728 424 73 Kunstwerke
1082 734 143 70 sind
1266 734 165 84 (und
1473 738 179 71 nicht
1685 738 397 80 Religionen,
2127 740 178 70 nicht
2338 740 215 71 Philo-

326 825 276 85 sophien,
636 823 175 71 nicht
842 823 363 95 Politiken),
1238 825 211 75 Zufall
1486 833 133 68 und
1653 830 487 74 Nebensache.“

414 926 255 62 Diesem
711 926 166 73 (hier
910 926 483 80 notgedrungen
1427 951 122 42 nur
1581 926 146 71 sehr
1760 926 315 86 ungefähr
2108 928 445 92 mitgeteilten)

326 1008 400 75 Sachverhalt
772 1011 364 84 gegenüber
1179 1012 346 86 behauptet
1571 1046 133 41 nun
1740 1018 285 73 Thomas
2068 1021 206 71 Mann
2319 1020 233 72 allerlei

326 1106 216 81 Irriges
562 1131 15 50 ;
614 1103 135 69 und
783 1102 305 73 zuweilen
1125 1107 439 85 widerspricht
1597 1139 69 42 er
1696 1112 138 71 sich
1861 1112 300 73 selbst...

1418 1224 35 37 *

409 1312 143 71 Daß
585 1310 286 74 Thomas
906 1314 206 71 Mann
1144 1316 258 72 Lanzen
1437 1318 103 71 für
1573 1321 125 69 den
1740 1322 341 86 „Bürger“
2122 1323 233 81 bricht,
2383 1323 168 73 kann

323 1404 168 73 nicht
509 1407 212 67 weiter
748 1406 461 82 überraschen;
1238 1408 127 71 daß
1390 1437 66 42 er
1480 1412 152 70 aber
1654 1444 144 51 uns,
1820 1415 102 71 die
1949 1444 67 42 er
2033 1435 126 52 erst
2178 1418 111 69 des
2309 1416 206 71 Staats-

322 1498 445 87 phihstenums
788 1500 403 86 bezichtigte,
1212 1533 134 40 nun
1367 1506 124 70 den
1510 1505 297 73 Vorwurf
1831 1509 235 81 macht,
2088 1511 113 70 wir
2226 1512 324 84 negierten

322 1594 115 68 den
456 1591 237 85 Bürger
718 1614 356 63 zugunsten
1101 1596 110 70 des
1230 1596 700 85 Boheme-Menschen,
1958 1603 110 69 des
2100 1604 450 79 „artistischen

322 1684 280 72 Libertin
623 1688 65 67 in
708 1689 211 66 seiner
937 1686 905 78 Sammetflausherrlichkeit“
1867 1693 167 84 (weil
2053 1698 115 67 wir
2187 1695 363 85 überhaupt

321 1782 131 66 eine
487 1778 347 72 Schwäche
878 1779 127 83 für,
1049 1780 162 85 pfui,
1256 1783 431 72 französische
1719 1787 382 71 Antithesen
2151 1788 216 72 hätten
2414 1792 136 68 und

322 1901 146 50 „ein
494 1871 519 72 Literatentum“
1045 1905 195 49 seien,
1273 1878 166 78 „das
1466 1907 67 41 in
1560 1877 397 72 übersetzter
1973 1881 419 83 Begriffswelt
2418 1881 132 72 lebt

316 1964 127 69 und
475 1963 250 93 webt“)
881 1967 112 70 das
1036 1968 171 70 stellt
1249 1998 207 41 seiner
1492 1971 204 86 Logik
1731 1971 146 72 kein
1910 1986 325 72 günstiges
2269 1972 281 88 Zeugnis

316 2086 138 41 aus:
500 2058 170 70 denn
704 2058 454 89 Politisierung
1202 2064 137 69 und
1374 2062 414 89 Libertinage
1817 2085 328 69 vertragen
2193 2067 137 71 sich
2380 2070 169 71 doch

315 2151 157 69 wohl
508 2151 177 71 nicht
720 2155 446 70 miteinander.

405 2243 70 71 In
510 2244 329 72 Wahrheit
872 2248 172 70 wirft
1075 2248 130 71 Th.
1235 2248 206 72 Mann
1488 2250 137 71 hier
1658 2254 154 69 zwei
1850 2250 551 88 Gegensatzpaare
2436 2286 74 39 zu-

317 2366 297 52 sammen,
637 2340 106 70 die
768 2371 102 39 ein
900 2340 495 87 scharfsinniger
1412 2342 269 86 Analyst
1707 2347 279 84 peinlich
2013 2366 294 66 getrennt
2333 2348 213 71 halten

316 2429 189 70 sollte.
556 2431 135 69 Der
718 2432 550 72 voraktivistische
1295 2433 365 86 Gegensatz
1694 2439 316 70 zwischen
2037 2439 345 86 Bourgeois
2409 2442 138 70 und

315 2518 304 89 Zigeuner
655 2525 132 71 läßt
819 2556 123 41 uns
979 2527 160 80 kalt;
1178 2555 115 43 wir
1327 2518 195 83 sehen
1555 2560 80 39 an
1672 2551 301 51 ersterem
2001 2533 121 70 viel
2150 2564 78 39 zu
2259 2535 146 70 sehr
2432 2536 113 69 das

315 2617 334 71 immerhin
682 2619 279 72 Positive
1007 2619 371 87 (Ordnung,
1414 2622 400 82 Sauberkeit,
1847 2622 563 96 Zuverläßigkeit),
2439 2657 106 40 am

311 2710 228 70 andern
560 2711 120 71 viel
701 2744 78 38 zu
798 2714 148 70 sehr
965 2715 110 69 das
1106 2715 373 71 schließlich
1501 2716 686 88 nichts-als-Negative
2204 2718 341 86 (Schmutz

315 2801 156 72 ohne
504 2804 428 94 Schöpfung),
969 2806 87 72 als
1093 2806 126 72 daß
1252 2810 114 69 wir
1399 2810 229 69 umhin
1662 2809 306 81 könnten,
1995 2812 209 69 wollte
2237 2842 150 41 man
2419 2843 124 41 uns

312 2894 97 70 die
421 2894 233 74 Pistole
668 2927 113 42 vor
795 2899 104 70 die
912 2899 194 70 Brust
1121 2920 213 50 setzen
1351 2902 136 68 und
1502 2903 141 67 eine
1657 2900 490 87 Entscheidung
2160 2908 382 83 erzwingen,

312 2993 366 83 womöglich
725 2994 166 70 doch
939 2994 167 70 noch
1157 2994 148 70 dem
1341 2993 345 87 Bourgeois
1736 2994 89 72 als
1865 2998 148 69 dem
2060 2996 320 73 kleineren
2414 3029 127 42 von

312 3077 219 76 beiden
574 3083 214 73 Übeln
837 3087 127 69 den
995 3085 261 86 Vorzug
1299 3118 80 38 zu
1423 3086 228 85 geben.
1718 3086 175 72 Aber
1944 3121 229 44 unsere
2201 3088 340 75 Antithese

311 3177 302 71 zwischen
640 3179 245 85 Bürger
915 3181 139 69 und
1083 3181 333 98 Qeifligem
1566 3180 160 71 über
1761 3182 104 69 die
1896 3184 89 68 sei
2010 3182 288 73 Thomas
2328 3184 208 72 Mann

310 3265 276 86 gebeten,
633 3275 68 67 in
744 3271 373 73 Nietzsches
1166 3293 200 51 erster
1399 3273 540 86 Unzeitgemäßer
1982 3274 136 86 (die
2162 3275 197 74 frisch
2405 3279 138 71 und

311 3359 268 76 deutlich
626 3396 199 54 gegen
875 3368 113 70 ihn
1035 3367 310 85 gerichtet
1386 3365 134 85 ist),
1554 3369 67 69 in
1658 3367 369 73 Landauers
2067 3369 292 81 „Aufruf
2391 3402 150 41 zum

310 3453 453 76 Sozialismus“
798 3461 140 69 und
972 3462 67 68 in
1083 3459 126 70 den
1249 3458 329 72 Schriften
1615 3458 180 72 Hans
1830 3461 271 72 Blühers

2263 3464 280 73 nachzu-

2156 832 65 87 *)

378 3589 51 72 *)
462 3589 154 65 „Das
636 3590 132 59 Ziel.
801 3590 226 59 Aufrufe
1047 3614 67 35 zu
1141 3592 216 67 tätigem
1379 3589 216 69 Geist“,
1619 3592 179 69 Georg
1821 3592 197 59 Müller
2037 3593 208 71 Verlag,
2263 3594 276 62 München

306 3663 101 56 und
445 3665 173 60 Berlin
670 3668 159 66 1916,
871 3669 146 58 Seite
1068 3669 123 57 192.

2118 3461 104 38 **\

379 3755 82 70 **)
480 3759 320 64 Besonders:
825 3763 150 67 „Die
998 3762 413 58 Intellektuellen
1432 3763 113 57 und
1567 3764 85 57 die
1676 3762 271 71 Geistigen
2027 3763 190 72 Verlag
2239 3767 302 68 H.Blüher,

307 3828 526 82 Berlin-Tempelhof,
872 3840 163 67 1916;
1078 3839 154 68 „Der
1274 3839 299 71 bügerliche
1601 3840 186 72 Typus
1829 3843 111 57 und
1973 3843 144 57 seine
2141 3844 334 73 Philosophie

305 3904 48 60 in
391 3910 89 60 der
518 3914 307 62 Zeitschrift
872 3918 155 67 „Das
1070 3918 151 58 Neue
1265 3918 424 68 Deutschland“,
1732 3919 193 67 Berlin,
1973 3920 45 59 1.
2046 3920 96 60 XI.
2178 3923 155 58 1916.
