3671 4572
1074 460 75 60 28

1745 465 177 51 Henri
1945 465 264 51 Barbusse
2237 474 25 19 *
2308 464 117 51 Das
2453 465 170 51 Feuer

1074 663 246 85 Papier.
1357 664 128 70 Für
1500 663 430 83 Augenblicke
1955 661 155 70 hebt
2137 661 135 70 und
2298 661 218 71 lichtet
2537 660 132 71 sich
2690 661 115 69 der
2822 661 173 80 zähe,
3015 661 277 71 schwere

1075 757 298 80 Brodem,
1395 758 133 68 und
1546 786 146 39 man
1712 755 167 69 sieht
1903 754 237 70 wieder
2167 755 111 69 das
2308 754 367 71 Getümmel
2703 755 114 69 der
2840 753 452 85 Angreifer...

1072 849 136 70 Auf
1241 852 140 67 eine
1414 848 287 83 staubige
1734 847 208 71 Wand
1980 866 263 65 gezerrt,
2290 847 154 71 hebt
2488 848 134 70 sich
2656 847 104 68 die
2797 845 353 70 Silhouette
3182 847 112 70 des

1077 939 526 87 Handgemenges
1639 942 65 67 in
1738 939 279 70 dichtem
2054 938 206 73 Nebel
2293 942 80 69 ab
2407 971 125 41 von
2572 939 113 70 der
2718 939 363 83 Böschung,
3128 939 168 70 sinkt

1075 1035 239 78 nieder,
1361 1032 308 73 verwühlt
1715 1033 160 70 sich.
1945 1032 108 70 Ich
2098 1032 157 71 höre
2299 1032 153 85 grell
2497 1035 203 81 einige
2749 1031 172 70 Male
2967 1032 113 69 das
3114 1031 181 71 Wort

1079 1126 442 80 „Kamerad“!
1575 1125 85 70 Es
1710 1125 241 70 kommt
1997 1155 114 40 aus
2158 1127 173 69 einer
2365 1125 191 71 Rotte
2600 1126 120 67 mit
2750 1125 544 82 ausgemergelten

1074 1218 284 85 Köpfen,
1395 1220 65 67 in
1498 1247 233 54 grauen
1764 1218 257 82 Jacken,
2059 1220 66 69 in
2159 1220 185 69 einen
2370 1216 250 73 Winkel
2662 1232 346 68 gezwängt,
3036 1218 124 68 den
3191 1219 101 67 ein

1074 1309 180 85 Spalt
1311 1312 99 68 ins
1460 1309 411 71 Unendliche
1932 1310 375 83 verlängert.
2386 1310 71 70 In
2516 1310 239 69 diesem
2812 1308 484 85 Tintengewölk

1071 1402 184 71 flutet
1288 1404 112 69 der
1433 1402 559 72 Menschenstrom
2039 1403 255 79 zurück,
2340 1403 186 84 steigt
2573 1428 67 44 er
2684 1403 63 67 in
2794 1400 272 84 gleicher
3101 1400 155 70 Rich-

1071 1515 159 63 tung
1265 1498 116 70 mit
1417 1496 344 85 Sprüngen
1796 1496 132 71 und
1961 1496 284 71 Wirbeln
2292 1497 172 83 längs
2511 1497 112 69 des
2671 1493 282 73 dunklen
2986 1496 308 71 Dammes

1071 1588 245 79 hinauf,
1353 1590 161 70 nach
1549 1588 231 72 rechts.

2170 1660 33 34 *

1166 1773 158 71 Und
1350 1775 149 81 jetzt
1527 1773 166 72 fühlt
1720 1804 180 42 man:
1937 1806 65 39 es
2029 1776 82 69 ist
2137 1775 240 70 vorbei.
2415 1774 158 68 Man
2603 1771 181 82 sieht,
2814 1773 162 77 hört,
3005 1770 289 85 begreift,

1071 1867 125 71 daß
1230 1895 230 41 unsere
1497 1865 170 83 Flut,
1697 1867 106 71 die
1842 1868 135 70 hier
2015 1868 103 70 die
2158 1867 418 71 Hindernisse
2615 1865 425 79 durchbrach,
3079 1864 216 70 keiner

1072 1959 463 84 ebenbürtigen
1566 1958 248 72 Gewalt
1841 1961 381 82 begegnete;
2245 1961 127 69 daß
2399 1991 145 38 man
2572 1959 388 84 zurückging
2986 1958 99 70 bei
3106 1987 151 41 unse-

1076 2079 133 42 rem
1237 2051 254 71 Nahen.
1535 2052 127 69 Die
1693 2052 640 70 Menschenschlacht
2369 2051 239 71 zerrieb
2647 2052 135 71 sich
2822 2077 113 44 vor
2971 2081 145 40 uns.
3161 2049 135 70 Der

1074 2145 218 70 dünne
1314 2143 303 84 Vorhang
1645 2174 121 41 von
1805 2143 441 86 Verteidigern
2274 2143 429 72 zerbröckelte
2736 2146 62 66 in
2826 2143 125 70 den
2979 2143 313 78 Löchern,

1071 2267 98 40 wo
1197 2267 147 40 man
1361 2239 89 67 sie
1465 2236 181 70 abtut
1682 2239 114 68 wie
1832 2236 254 80 Ratten,
2123 2240 89 67 sie
2246 2253 178 54 tötet.
2462 2236 165 70 Kein
2661 2235 407 71 Widerstand
3084 2236 211 69 mehr:

1075 2329 220 80 Leere,
1345 2331 141 69 eine
1532 2330 194 83 große
1761 2329 219 72 Leere.
2049 2330 157 70 Man
2253 2331 190 69 treibt
2487 2330 109 70 das
2633 2330 405 69 entsetzliche
3075 2328 176 69 Hand-

1071 2423 169 70 werk
1278 2452 122 41 von
1434 2422 336 83 Würgern,
1819 2424 104 69 die
1966 2442 369 60 untersetzt,
2380 2424 119 67 mit
2547 2422 288 71 scharfen
2867 2422 228 83 Augen
3132 2420 109 70 Um-

1070 2516 194 69 schau
1298 2516 232 68 halten.

1169 2607 155 70 Und
1372 2608 168 69 hier:
1587 2607 114 69 der
1738 2606 261 71 Graben
2046 2610 82 67 ist
2161 2637 156 55 ganz
2350 2606 500 71 zerschmettert.
2918 2606 128 70 Mit
3081 2607 214 69 seinen

1071 2702 492 83 eingestürzten,
1610 2700 245 71 weißen
1903 2701 277 70 Mauern
2228 2701 163 70 sieht
2441 2728 65 43 er
2554 2730 77 40 an
2683 2701 205 69 dieser
2935 2698 196 72 Stelle
3181 2729 113 39 aus

1072 2796 117 69 wie
1225 2794 110 71 das
1371 2792 279 85 klebrige
1687 2792 469 72 Schlammbett
2199 2796 170 68 eines
2413 2792 277 82 Flusses,
2727 2792 114 70 der
2876 2794 308 82 versiegte
3230 2795 66 67 in

1071 2889 219 68 seinen
1316 2888 306 82 steinigen
1651 2885 229 80 Ufern,
1909 2885 414 71 stellenweise
2350 2888 118 67 mit
2495 2885 245 71 flachen
2767 2885 528 70 Pfützenlöchern

1072 2979 291 79 bedeckt,
1415 2980 103 69 die
1570 2978 352 85 gleichfalls
1973 2979 395 71 vertrocknet
2413 2978 181 80 sind;
2642 3008 100 40 am
2782 2978 203 79 Rand,
3029 2977 112 71 auf
3186 2978 110 68 der

1071 3072 344 85 Böschung
1450 3071 133 71 und
1616 3071 112 71 auf
1761 3072 143 70 dem
1938 3071 272 71 Grunde
2237 3072 166 70 zieht
2429 3072 132 71 sich
2589 3073 101 67 ein
2718 3072 216 84 langer
2961 3069 335 71 Gletscher

1072 3194 124 42 von
1232 3165 278 69 Leichen
1547 3165 130 78 hin,
1709 3205 26 17 -
1770 3165 135 68 und
1937 3165 79 68 all
2064 3163 132 71 dies
2232 3165 145 69 füllt
2411 3165 155 78 sich,
2604 3165 287 78 brandet,
2928 3162 178 71 fließt
3139 3162 157 70 über

1072 3288 126 40 von
1234 3257 123 70 den
1396 3286 206 41 neuen
1637 3257 243 84 Wogen
1922 3285 265 42 unserer
2219 3256 337 85 Truppen.
2622 3257 223 70 Durch
2892 3257 125 68 den
3052 3256 243 77 Rauch,

1071 3351 114 70 der
1229 3380 113 40 aus
1389 3350 124 71 den
1560 3350 478 71 Unterständen
2096 3352 236 83 dringt,
2379 3351 137 69 und
2572 3350 104 70 die
2727 3380 123 41 von
2896 3350 125 70 den
3078 3369 180 51 unter-

1071 3444 320 70 irdischen
1438 3443 427 83 Explosionen
1918 3444 422 70 erschütterte
2374 3443 160 69 Luft
2566 3444 260 82 gelange
2859 3443 101 69 ich
2995 3473 79 39 zu
3123 3445 173 66 einer

1071 3537 385 83 kompakten
1502 3537 214 68 Masse
1749 3567 123 39 von
1922 3535 378 82 Menschen,
2347 3538 106 68 die
2485 3537 386 69 aneinander
2904 3537 247 82 hängen
3187 3563 72 55 ge-

1071 3629 276 80 blieben,
1395 3631 63 68 in
1508 3631 207 67 einem
1761 3629 227 70 weiten
2026 3628 225 71 Kreise
2284 3629 132 70 sich
2453 3629 260 70 drehen.
2783 3627 251 71 Gerade
3069 3628 79 70 da
3182 3628 112 67 wir

1074 3723 434 80 hinkommen,
1530 3735 201 57 stürzt
1749 3722 174 70 diese
1947 3754 195 52 ganze
2170 3723 216 69 Masse
2412 3723 321 80 hinunter,
2761 3722 207 70 dieser
3001 3721 294 68 Kehraus

1071 3816 114 70 der
1229 3815 320 80 Schlacht,
1596 3816 116 69 der
1757 3817 89 68 im
1880 3815 441 85 Todeskampf
2365 3816 183 83 liegt;
2595 3815 102 70 ich
2736 3816 149 70 sehe
2918 3815 207 70 Blaise
3159 3810 135 72 sich

1072 3909 365 70 losmachen
1472 3938 112 41 aus
1618 3907 145 70 dem
1803 3906 270 73 Knäuel.
2125 3909 131 70 Der
2293 3907 193 72 Helm
2521 3909 192 82 hängt
2749 3909 131 68 ihm
2914 3938 103 39 am
3041 3907 251 69 Sturm-
