3383 4572
940 411 199 54 Hanns
1165 414 194 53 Braun
1396 437 19 20 *
1458 414 221 53 Anselm
1707 415 276 52 Amadeus

2508 418 70 58 73

453 617 189 70 Dann
669 611 236 72 wieder
931 631 260 53 tanzten
1218 614 92 70 sie
1338 614 253 84 lautlos,
1619 616 518 72 durcheinander
2163 617 256 85 gebalgt
2444 619 137 70 und

364 710 337 75 verbissen.

449 798 261 74 Anselm
745 797 297 71 rauschte
1075 829 66 39 es
1176 800 68 70 in
1279 800 128 71 den
1440 800 258 75 Ohren:
1732 802 284 73 tönende
2051 801 209 74 Stille.
2307 804 106 71 An
2447 805 133 71 ihm

362 896 299 71 schattete
696 920 64 40 es
797 891 245 81 vorbei,
1078 892 69 70 in
1177 891 551 90 Verkleidungen.
1787 896 87 73 Er
1909 899 325 68 erinnerte
2281 898 138 71 sich
2466 899 115 71 der

362 985 237 75 Mäntel
636 983 136 69 und
810 983 592 86 Kleidungsstücke
1435 989 91 70 im
1557 988 344 75 Vorraum.

448 1079 98 71 Da
580 1078 182 70 hörte
795 1106 68 40 er
896 1078 191 68 einen
1124 1077 257 72 kleinen
1415 1080 257 73 Schrei:
1709 1083 311 71 Madame
2053 1084 308 74 Blanche.

457 1172 90 70 Im
584 1168 229 72 Frack!
848 1169 208 71 lachte
1082 1172 117 71 sie.
1225 1172 267 72 Anselm
1519 1176 327 72 Amadeus
1876 1178 160 80 hier,
2063 1178 139 70 und
2229 1179 88 69 im
2345 1176 234 73 Frack!

448 1263 83 71 Er
561 1263 238 71 wehrte
832 1262 193 76 kaum
1058 1263 111 71 ab:
1204 1263 143 73 Wie
1380 1267 188 71 sollte
1601 1270 127 80 ich,
1762 1271 395 85 ahnungslos
2192 1329 12 13 .
2236 1329 13 14 .
2283 1329 14 13 .

451 1357 105 71 Sie
589 1356 198 71 selbst
820 1375 149 66 trug
1003 1359 191 69 einen
1229 1357 234 88 langen
1497 1361 596 75 schwarzseidenen
2138 1365 277 80 Mantel,
2464 1365 115 71 der

360 1453 129 69 ihre
543 1449 195 71 Arme
785 1449 153 72 bloß
983 1451 136 70 und
1166 1453 292 71 nackend
1503 1455 150 71 ließ.
1719 1456 144 73 Ihre
1896 1456 180 73 Füße
2109 1459 469 71 umschnürten

359 1544 335 72 Sandalen.

448 1635 116 72 Wo
599 1654 81 51 ist
715 1633 299 74 Gaston?
1050 1637 122 70 rief
1204 1668 94 40 sie
1329 1640 436 84 ausgelassen.
1801 1640 254 73 Gaston
2072 1649 14 65 !

446 1729 260 70 Anselm
741 1729 398 72 betrachtete
1172 1733 116 79 sie,
1323 1732 107 71 die
1463 1764 81 39 zu
1580 1734 133 70 ihm
1747 1736 385 82 gekommen
2159 1765 151 43 war.
2467 1737 111 71 Sie

360 1823 155 83 legte
550 1823 129 71 ihm
715 1823 303 84 plötzlich
1068 1825 185 69 ihren
1289 1825 236 86 Finger
1575 1827 113 71 auf
1735 1828 106 70 die
1876 1828 288 86 Lippen:
2222 1828 135 74 Um
2390 1828 187 84 Gott,

359 1915 348 85 schweigen
743 1916 109 70 Sie
887 1917 291 80 hiervon,
1215 1917 310 75 Madame
1558 1920 168 72 weiß
1760 1950 112 56 gar
1907 1922 236 72 nichts.

459 2010 83 70 Er
575 2011 340 83 versprach
951 2042 88 49 es,
1073 2013 377 85 ungläubig.

447 2100 247 73 Gaston
743 2103 174 84 fegte
966 2104 221 81 heran,
1237 2107 70 68 in
1342 2107 107 69 die
1481 2108 204 70 weiße
1718 2107 248 72 Tracht
1999 2110 178 70 eines
2213 2109 329 85 byzantini-

358 2197 184 70 schen
578 2195 356 72 Eunuchen
969 2197 343 84 gekleidet,
1346 2202 121 68 mit
1498 2199 438 88 Tigeraugen.
1995 2202 88 71 Er
2127 2203 226 85 packte
2400 2204 178 70 seine

357 2287 218 72 Gattin
611 2289 101 72 bei
748 2289 128 72 den
910 2289 253 73 Hüften
1199 2293 134 70 und
1369 2293 101 71 nß
1502 2296 94 70 sie
1629 2296 163 70 über
1825 2296 106 70 die
1957 2297 345 71 Schultern
2339 2297 235 72 davon.

357 2381 160 70 Muß
562 2382 101 70 ich
711 2382 150 71 dich
896 2385 229 70 immer
1159 2386 380 72 bewachen!
1572 2389 210 71 schrie
1816 2418 68 42 er
1929 2390 493 72 unbeherrscht.
2489 2389 85 72 Es

358 2475 174 68 sollte
565 2475 236 72 Scherz
835 2479 164 70 sein.

443 2568 105 69 Sie
581 2569 206 71 lachte
821 2570 138 70 und
994 2571 158 70 hielt
1187 2571 134 72 ihm
1356 2573 106 70 die
1506 2573 230 85 Augen
1787 2575 374 85 zugepreßt,
2213 2576 98 70 bis
2363 2604 70 42 er
2481 2578 94 68 sie

357 2691 72 38 zu
462 2662 218 72 Boden
708 2663 226 71 sinken
961 2664 153 71 ließ.
1150 2665 122 72 Ein
1305 2665 191 72 Kreis
1524 2667 482 72 Vermummter
2032 2669 132 84 fing
2190 2700 92 39 sie
2307 2667 134 84 auf,
2467 2670 109 71 die

355 2754 127 70 sich
533 2756 267 71 lachend
847 2777 190 51 unter
1083 2758 125 71 den
1260 2761 208 69 vielen
1519 2761 470 85 Berührungen
2038 2762 213 71 wand.
2317 2761 257 73 Gaston

355 2846 228 72 zischte
616 2850 136 69 und
786 2869 216 52 tanzte
1035 2851 194 71 allein
1253 2853 122 70 wie
1403 2853 144 70 eine
1572 2853 202 71 weiße
1802 2853 319 73 Flamme:
2149 2856 137 70 sein
2316 2856 259 82 eigener

352 2935 252 78 Wirbel.

442 3031 120 73 Die
597 3035 240 71 Russin
870 3036 146 71 kam
1051 3067 148 42 vom
1235 3036 183 71 Ende
1453 3037 252 72 drüben
1756 3071 80 39 zu
1869 3040 268 71 Anselm
2187 3041 199 71 heran
2434 3043 139 69 und

354 3124 249 89 schlang
637 3130 137 70 ihre
807 3130 268 71 dünnen
1110 3131 572 72 ausdrucksvollen
1716 3133 196 72 Arme
1956 3164 111 41 um
2114 3135 221 70 seinen
2386 3135 185 83 Hals,

355 3217 155 72 ohne
545 3223 101 68 ein
680 3223 206 80 Wort,
923 3224 168 71 ohne
1127 3223 186 71 Hast.

439 3311 83 71 Er
555 3328 218 70 spürte
807 3317 185 70 ihren
1027 3317 329 71 schmalen
1392 3316 165 71 Leib
1590 3317 204 72 durch
1830 3319 113 70 das
1970 3319 458 87 Perlgehänge,
2456 3322 115 71 das

357 3405 91 67 bei
481 3407 173 81 jeder
679 3408 365 87 Bewegung
1069 3440 116 41 zur
1210 3411 177 71 Seite
1411 3411 152 84 flog.
1594 3411 142 71 Ihre
1762 3412 254 73 kleinen
2042 3413 232 72 Brüste
2298 3416 120 70 mit
2443 3416 126 71 den

354 3499 230 78 großen
619 3502 318 71 hellroten
970 3504 268 83 Spitzen
1275 3504 181 83 lagen
1493 3504 142 72 frei.

438 3591 259 75 Anselm
731 3598 338 69 erwiderte
1103 3596 182 71 ihren
1305 3595 270 74 Einfall:
1595 3627 67 42 er
1680 3599 330 72 zeichnete
2029 3600 118 71 mit
2165 3600 150 72 dem
2335 3600 238 88 Finger

353 3679 99 72 die
477 3683 230 76 Linien
735 3690 172 71 ihrer
932 3690 232 70 Brüste
1191 3690 187 70 nach.
1412 3689 133 71 Mit
1572 3692 114 71 der
1712 3693 244 71 andern
1981 3692 198 73 Hand
2206 3695 368 73 streichelte

354 3799 64 41 er
447 3775 133 73 ihre
611 3782 165 70 weiß
810 3783 302 70 belebten
1148 3782 369 72 Schultern.

440 3866 82 73 Er
547 3874 316 82 erschrak,
898 3876 90 71 als
1017 3905 67 41 er
1111 3876 100 70 ihr
1238 3877 98 70 ins
1366 3876 271 72 Gesicht
1665 3878 134 71 sah.
1848 3878 109 71 Sie
1982 3880 156 86 hing
2164 3881 314 73 willenlos
2505 3885 68 72 in
