3725 4572
1215 444 73 58 42

1755 451 225 51 Eduard
2008 449 282 52 Bernstein
2328 465 21 25 *
2395 448 189 54 Völker
2610 467 66 35 zu
2709 451 187 51 Hause

1312 648 133 70 Der
1481 648 342 80 Umstand,
1872 647 127 71 daß
2040 649 62 69 in
2148 648 114 69 der
2295 648 358 84 englischen
2685 648 323 71 Literatur
3041 651 100 68 ein
3174 651 264 71 anderer

1218 738 146 73 Ton
1402 742 308 78 herrscht,
1744 741 88 68 als
1861 741 99 70 bei
1995 770 140 50 uns,
2173 741 221 71 wurde
2420 743 123 70 mir
2567 743 170 69 eines
2762 741 206 85 Tages
2996 742 272 84 peinlich
3298 771 104 42 ver-

1216 833 311 72 deutlicht
1559 833 204 69 durch
1797 833 137 69 eine
1967 832 282 71 Polemik
2282 835 309 70 zwischen
2625 835 253 82 August
2902 833 368 73 Weismann
3303 837 135 70 und

1221 924 275 71 Herbert
1522 925 283 84 Spencer
1832 929 64 66 in
1933 927 173 68 einer
2140 926 114 70 der
2280 927 235 84 großen
2554 926 360 85 englischen
2940 927 498 74 Monatsrevuen

1216 1016 132 84 (ich
1383 1018 248 83 glaube,
1679 1048 66 39 es
1778 1046 128 41 war
1938 1016 104 71 die
2075 1018 402 86 Fortnightly
2510 1019 282 90 Review)
2836 1020 160 69 über
3028 1021 103 70 die
3161 1019 278 72 Theorie

1217 1112 117 68 der
1363 1109 376 85 Vererbung
1786 1110 396 71 erworbener
2215 1110 508 88 Eigenschaften,
2775 1112 104 69 die
2911 1112 370 72 Weismann
3330 1113 72 71 be-

1217 1202 321 71 kanntlich
1572 1203 385 84 bekämpfte,
1994 1203 282 86 Spencer
2300 1207 278 84 dagegen
2606 1206 393 81 verteidigte.
3042 1206 395 72 Weismanns

1216 1293 242 71 Artikel
1492 1324 127 42 war
1651 1296 564 71 schulmeisterlich
2267 1297 455 80 hochfahrend,
2773 1325 68 42 er
2891 1297 377 72 behandelte
3314 1300 124 69 den

1216 1386 282 85 Gegner,
1514 1388 133 79 der,
1668 1418 183 42 wenn
1866 1388 142 72 kein
2023 1387 277 88 Zoologe
2313 1420 124 41 von
2454 1390 188 80 Fach,
2658 1390 165 70 doch
2840 1392 99 68 ein
2954 1390 485 85 scharfsinniger

1216 1479 262 72 Denker
1525 1481 136 69 und
1701 1480 203 71 Mann
1955 1512 122 42 von
2126 1482 146 72 sehr
2321 1481 472 74 umfassendem
2829 1482 246 72 Wissen
3123 1512 149 52 war,
3323 1485 116 70 wie

1216 1574 184 68 einen
1438 1571 413 84 Ignoranten;
1887 1574 284 84 Spencer
2204 1575 169 70 blieb
2404 1575 437 85 durchgängig
2874 1575 238 71 höflich
3145 1576 136 70 und
3314 1576 125 72 ließ

1217 1693 123 41 nur
1368 1664 105 71 die
1504 1664 358 72 Tatsachen
1896 1667 331 83 sprechen,
2274 1668 109 70 auf
2426 1669 107 69 die
2577 1696 67 42 er
2676 1670 173 68 seine
2879 1667 271 73 Ansicht
3183 1682 255 60 stützte.

1218 1757 108 71 Ich
1368 1758 165 85 legte
1575 1759 107 70 die
1713 1758 282 74 Polemik
2036 1761 239 71 damals
2312 1761 369 71 verdrossen
2715 1791 111 39 aus
2856 1762 116 70 der
3006 1761 214 73 Hand.
3284 1762 155 86 Mag

1216 1880 146 41 man
1382 1852 163 70 noch
1571 1883 70 39 so
1666 1851 516 86 kosmopolitisch
2209 1856 247 81 gesinnt
2482 1856 156 79 sein,
2657 1856 114 68 wir
2788 1853 220 71 fühlen
3027 1885 120 39 uns
3166 1855 238 72 schließ-

1217 1942 124 71 lich
1381 1945 164 70 doch
1592 1946 64 69 in
1702 1945 255 70 solchen
1997 1946 254 84 Dingen
2286 1947 118 69 mit
2434 1975 271 42 unseren
2742 1946 432 72 Landsleuten
3208 1946 198 72 solida-

1218 2035 163 71 risch
1416 2065 233 56 genug,
1683 2040 118 66 mit
1835 2037 190 70 ihnen
2060 2037 324 72 beschämt
2418 2069 79 40 zu
2539 2040 155 69 sein.

1310 2126 335 75 Natürlich
1689 2128 155 72 fehlt
1877 2159 64 40 es
1978 2131 64 69 in
2077 2129 289 85 England
2397 2131 164 72 auch
2596 2131 174 72 nicht
2802 2162 82 41 an
2921 2131 269 82 Leuten,
3237 2134 106 69 die
3373 2162 64 41 es

1216 2222 90 71 im
1332 2220 375 71 zänkischen
1726 2222 147 69 Ton
1899 2224 117 69 mit
2041 2223 149 70 dem
2219 2223 414 86 rauflustigen
2660 2223 342 72 Teutonen
3028 2224 409 74 aufnehmen.

1217 2309 96 73 Zu
1364 2313 193 71 ihnen
1609 2314 224 83 gehört
1882 2316 155 68 oder
2072 2317 262 82 gehörte
2369 2316 86 71 H.
2492 2317 99 70 M.
2629 2316 367 85 Hyndman,
3047 2319 116 70 der
3197 2317 242 72 Führer

1213 2404 366 86 desjenigen
1599 2404 252 86 Flügels
1871 2408 112 70 der
2002 2407 362 86 englischen
2379 2408 392 82 Sozialisten,
2790 2411 115 68 der
2916 2412 173 69 seine
3105 2410 334 86 politische

1214 2496 275 72 Doktrin
1522 2528 124 39 von
1683 2498 187 70 Marx
1918 2498 312 72 ableitete.
2296 2498 370 87 Hyndman,
2714 2502 115 70 der
2862 2502 189 71 Marx
3099 2505 64 68 in
3213 2505 223 70 dessen

1214 2590 231 70 letzten
1466 2590 471 85 Lebensjahren
1957 2592 244 70 kennen
2221 2592 239 84 gelernt
2478 2595 135 70 und
2632 2594 129 71 sich
2790 2596 65 69 in
2873 2595 223 70 dessen
3117 2595 320 72 Schriften

1214 2681 252 71 vertieft
1501 2684 197 81 hatte,
1745 2684 107 70 hat
1887 2685 99 69 ein
2025 2684 175 71 recht
2234 2685 269 71 lesbares
2539 2686 179 70 Buch
2751 2688 159 70 über
2943 2686 104 72 die
3080 2680 358 80 Ökonomie

1214 2777 112 69 des
1363 2777 408 72 Sozialismus
1819 2778 429 81 geschrieben,
2300 2779 109 70 das
2459 2807 160 43 zwar
2656 2780 175 70 nicht
2877 2780 166 72 ohne
3077 2780 228 74 Fehler
3338 2784 98 78 ist,

1212 2868 153 70 aber
1391 2899 63 39 es
1482 2871 118 67 mit
1627 2869 147 74 dem
1801 2868 462 74 Durchschnitt
2289 2872 113 70 der
2426 2872 349 71 deutschen
2803 2872 633 87 Popularisierungen

1214 2962 117 69 der
1395 2959 381 73 Marxschen
1839 2962 210 71 Lehre
2101 2966 227 68 immer
2389 2965 165 71 noch
2608 2965 387 72 aufnehmen
3044 2967 191 71 kann.
3316 2968 122 69 Die

1214 3052 357 85 praktische
1602 3053 428 88 Anwendung
2061 3057 253 83 jedoch,
2365 3056 104 72 die
2519 3085 64 42 er
2616 3059 206 71 dieser
2858 3060 205 71 Lehre
3096 3060 144 85 gab,
3291 3062 146 83 ging

1212 3147 167 69 stark
1415 3149 94 68 ins
1545 3147 510 82 Sektiererische,
2083 3149 135 71 und
2246 3151 101 69 die
2371 3150 140 80 Art,
2547 3153 118 69 wie
2696 3179 70 43 er
2797 3154 91 68 sie
2921 3153 351 72 literarisch
3300 3180 105 44 ver-

1213 3238 205 81 focht,
1467 3238 147 71 hieß
1661 3239 94 71 oft
1802 3268 209 58 genug
2059 3241 400 72 anmaßliche
2492 3241 325 74 Zänkerei.
2882 3244 209 71 Dabei
3126 3245 212 71 wollte
3373 3274 61 41 es

1213 3330 105 71 die
1354 3330 206 71 Ironie
1603 3333 116 71 der
1750 3332 380 82 Tatsachen,
2178 3335 126 70 daß
2337 3337 157 78 ihm,
2536 3338 116 69 der
2682 3337 88 71 als
2803 3337 114 71 der
2952 3338 304 71 berufene
3288 3367 110 55 eng-

1213 3423 196 71 lische
1439 3423 262 85 Apostel
1734 3427 110 68 des
1881 3427 389 72 Marxismus
2304 3428 354 85 angesehen
2691 3431 240 78 wurde,
2966 3432 111 68 das
3112 3429 180 73 Haus
3325 3432 107 70 des

1214 3516 440 72 Mitarbeiters
1710 3520 136 69 und
1893 3520 280 72 wirklich
2220 3521 349 72 berufenen
2623 3522 393 85 Interpreten
3077 3554 125 40 von
3250 3523 184 70 Marx

1214 3610 432 71 verschlossen
1699 3611 190 72 blieb.
1953 3611 348 85 Hyndman
2336 3614 193 81 hatte,
2564 3614 88 71 als
2686 3644 68 42 er
2789 3619 173 68 seine
2994 3638 165 49 erste
3192 3615 210 72 soziali-

1212 3702 236 72 stische
1473 3702 243 72 Schrift
1741 3705 521 81 veröffentlichte,
2287 3706 173 71 diese
2486 3706 229 88 Engels
2743 3710 116 69 mit
2886 3710 115 70 der
3028 3709 194 85 Frage
3248 3709 148 70 über-

1213 3796 212 80 sandt,
1473 3795 84 71 ob
1604 3824 65 44 er
1715 3796 111 72 ihn
1865 3796 321 74 besuchen
2221 3799 211 81 dürfe,
2467 3799 151 72 aber
2651 3801 105 69 die
2789 3800 193 71 kühle
3011 3801 295 70 Antwort
3338 3827 63 42 er-

1217 3887 237 82 halten,
1491 3889 106 70 die
1630 3892 174 68 einer
1835 3889 395 88 Ablehnung
2263 3894 207 83 gleich
2503 3893 167 81 kam,
2704 3893 234 84 Engels
2973 3894 210 71 werde
3216 3895 216 68 seinen
