3728 4572
1197 425 73 59 46

1738 429 226 53 Eduard
1988 428 287 53 Bernstein
2313 445 22 24 *
2379 428 194 53 Völker
2605 445 67 35 zu
2697 429 190 52 Hause

1195 660 82 39 zu
1312 630 229 80 lassen,
1589 630 112 70 das
1736 630 220 69 zweite
1989 629 203 80 nicht,
2227 629 142 70 weil
2403 657 69 42 er
2519 647 287 67 strenger
2840 629 451 70 Abstinenzler
3324 633 105 68 ist.

1195 721 139 72 Mir
1363 751 210 42 waren
1607 721 217 71 solche
1860 721 97 69 bis
1994 721 196 69 dahin
2219 722 165 71 noch
2412 722 178 71 nicht
2618 752 80 40 zu
2724 718 274 75 Gesicht
3027 722 400 86 gekommen,

1194 816 104 71 ich
1349 817 175 70 hatte
1573 841 122 43 nur
1744 834 128 52 erst
1922 845 124 39 von
2083 814 636 87 Mässigkeitsleuten
2770 816 249 84 gehört.
3086 816 153 71 Daß
3278 816 152 72 aber

1194 911 103 69 ein
1357 938 71 40 so
1486 906 297 71 robuster
1832 907 301 73 Arbeiter
2190 908 480 86 grundsätzlich
2730 908 198 70 selbst
2986 908 113 70 das
3159 908 271 72 kleinste

1194 1000 334 84 Quantum
1562 1000 149 71 Bier
1743 1001 316 71 ablehnen
2093 1002 243 82 würde,
2388 1004 174 71 hatte
2597 1002 102 72 ich
2735 1002 179 72 nicht
2949 1021 315 53 erwartet.
3324 1004 105 71 Da

1195 1113 244 52 mutete
1474 1124 63 40 es
1574 1094 174 72 mich
1783 1095 169 70 doch
1987 1093 379 90 fremdartig
2398 1127 103 49 an,
2551 1095 128 70 daß
2713 1094 368 88 Champion
3130 1096 137 72 und
3301 1098 126 80 ich,

1193 1188 105 68 die
1334 1187 531 81 Intellektuellen,
1902 1187 146 71 Bier
2073 1188 268 72 tranken
2366 1189 136 70 und
2529 1188 234 80 Burns,
2793 1189 113 70 der
2933 1188 494 82 Handarbeiter,

1193 1310 65 40 es
1294 1281 481 85 grundsätzlich
1809 1281 320 72 ablehnte.
2194 1282 120 71 Ein
2351 1281 384 87 Gegensatz,
2770 1281 112 71 auf
2914 1282 124 70 den
3067 1283 103 71 ich
3198 1282 229 85 jedoch

1193 1387 209 70 später
1434 1375 167 71 noch
1636 1373 95 71 oft
1766 1375 307 85 gestoßen
2102 1376 132 70 bin.
2285 1376 121 71 Ein
2435 1377 147 70 sehr
2609 1375 231 86 großer
2865 1375 412 72 Prozentsatz
3305 1406 123 41 von

1190 1466 383 71 Sozialisten
1630 1498 114 39 aus
1797 1469 113 69 der
1951 1467 509 73 Arbeiterklasse
2519 1470 146 68 sind
2716 1471 66 69 in
2831 1467 295 87 England
3177 1489 253 65 strenge

1192 1560 470 83 Abstinenzler,
1696 1561 303 71 während
2034 1563 104 71 die
2183 1563 338 71 Mehrzahl
2568 1561 115 71 der
2728 1561 383 73 Sozialisten
3155 1593 113 41 aus
3318 1564 111 70 der

1192 1653 414 86 Bourgeoisie
1639 1655 123 70 den
1800 1653 241 72 Genuß
2068 1687 126 39 von
2222 1656 167 79 Bier,
2417 1656 186 70 Wein
2632 1655 155 70 oder
2811 1655 166 73 auch
3006 1687 125 39 von
3159 1655 270 85 Whisky

1190 1747 139 68 und
1354 1747 174 71 Soda
1556 1748 178 71 nicht
1762 1763 347 70 verpönen.
2164 1748 152 70 Daß
2352 1747 331 72 Friedrich
2717 1747 232 87 Engels
2980 1749 65 70 in
3072 1749 114 71 der
3211 1748 215 72 Praxis

1192 1839 146 71 kein
1376 1841 452 71 Abstinenzler
1861 1870 147 53 war,
2044 1842 165 71 weiß
2252 1843 175 84 jeder
2473 1843 201 70 schon
2719 1872 116 40 aus
2883 1844 220 70 seinen
3150 1842 278 74 Briefen.

1190 1932 87 71 Er
1310 1963 128 41 war
1470 1965 66 39 es
1570 1935 152 69 aber
1754 1936 165 70 auch
1956 1936 178 70 nicht
2168 1938 65 68 in
2269 1936 114 70 der
2407 1933 301 83 Theorie,
2738 1966 125 40 von
2891 1937 113 69 der
3031 1965 67 42 er
3123 1936 305 86 übrigens

1190 2027 167 70 auch
1394 2030 63 67 in
1493 2026 207 86 bezug
1731 2027 112 70 auf
1877 2030 176 68 diese
2088 2027 201 87 Frage
2323 2027 146 71 sehr
2504 2030 120 70 viel
2662 2030 322 71 verstand.

1284 2118 141 72 Wie
1444 2121 271 70 manche
1730 2120 371 86 englischen
2121 2121 294 71 Arbeiter
2435 2121 160 70 über
2614 2123 104 68 die
2738 2120 202 88 Frage
2959 2123 273 80 denken,
3263 2126 166 82 zeigt

1190 2215 103 68 ein
1327 2211 268 82 Vorfall,
1634 2214 113 70 der
1781 2214 135 70 sich
1951 2217 86 67 im
2073 2214 189 83 Jahre
2308 2214 166 71 1893
2507 2218 65 67 in
2599 2213 240 73 Zürich
2876 2217 100 68 bei
3005 2214 424 88 Gelegenheit

1192 2307 111 70 des
1363 2308 147 69 dort
1565 2307 461 85 abgehaltenen
2087 2308 537 71 Internationalen
2661 2309 766 85 Sozialistenkongresses

1190 2399 333 83 abspielte.
1588 2398 272 73 Eleanor
1894 2399 192 72 Marx
2130 2399 125 72 traf
2299 2402 278 70 nämlich
2625 2405 65 68 in
2740 2405 207 68 einem
2996 2403 113 70 der
3144 2403 284 71 schönen

1190 2492 367 85 Biergärten
1594 2491 268 72 Zürichs
1900 2497 140 68 eine
2073 2495 248 70 Anzahl
2357 2496 359 84 englischer
2750 2496 545 81 Arbeiterführer,
3325 2497 103 70 die

1190 2617 92 39 sie
1315 2587 89 69 als
1444 2586 484 81 „Teototaler“,
1969 2589 63 70 d.
2065 2589 64 70 h.
2156 2587 469 82 Abstinenzler,
2664 2589 254 81 kannte,
2948 2589 278 72 fröhlich
3257 2590 169 70 beim

1190 2678 197 73 Glase
1420 2680 146 70 Bier
1611 2699 199 52 sitzen
1856 2681 137 69 und
2041 2681 155 70 hielt
2232 2683 194 70 ihnen
2463 2684 303 82 spottend
2802 2711 136 53 vor,
2982 2684 137 70 ihre
3156 2681 226 73 Grund-

1192 2786 169 57 sätze
1405 2774 300 70 schienen
1752 2774 124 70 den
1912 2773 430 72 Luftwechsel
2392 2775 179 70 nicht
2617 2806 80 39 zu
2740 2796 354 64 vertragen.
3163 2774 266 72 Worauf

1190 2864 101 71 ihr
1361 2866 111 69 der
1543 2867 360 71 hünenhaft
1974 2867 270 85 gebaute
2316 2867 246 71 Führer
2619 2869 112 70 der
2789 2867 635 82 Gasarbeiterunion,

1188 2958 283 74 William
1505 2958 287 83 Thorne,
1843 2962 286 84 gelassen
2175 2963 353 80 erwiderte,
2578 2994 92 39 sie
2717 2966 88 68 sei
2844 2994 160 54 ganz
3039 2967 89 67 im
3166 2965 257 80 Irrtum,

1192 3051 343 86 Lagerbier
1580 3051 165 86 (dies
1795 3053 114 70 der
1956 3056 324 83 englische
2327 3056 476 71 Sammelname
2851 3056 105 70 für
3001 3056 112 70 das
3161 3059 263 69 leichter

1190 3146 305 85 gebraute
1529 3145 456 72 festländische
2020 3147 174 92 Bier)
2228 3151 88 68 sei
2359 3147 787 87 „Temperenzgetränk“.

1283 3240 281 70 William
1590 3239 289 82 Thorne,
1908 3243 112 70 der
2048 3243 191 70 heute
2263 3244 92 67 als
2384 3243 691 86 Parlamentsmitglied
3103 3245 135 70 und
3266 3244 119 70 Mit-

1190 3333 169 85 glied
1419 3334 110 69 der
1587 3335 647 82 parlamentarischen
2281 3333 949 75 Gewerkschaftskommission
3287 3339 137 68 eine

1189 3426 459 72 einflußreiche
1675 3427 183 71 Rolle
1885 3460 88 38 im
2003 3428 413 73 öffentlichen
2446 3431 218 70 Leben
2691 3431 331 85 Englands
3053 3433 210 83 spielt,
3299 3457 124 44 war

1190 3521 242 68 damals
1466 3518 324 73 Vertreter
1823 3525 175 67 einer
2034 3523 111 69 der
2180 3542 433 65 sogenannten
2642 3522 229 71 Neuen
2904 3523 325 82 Unionen,
3266 3523 62 70 d.
3358 3523 61 69 h.

1189 3643 174 42 einer
1415 3612 706 87 Kampfgewerkschaft
2183 3619 413 82 ungelernter
2652 3616 318 83 Arbeiter,
3038 3620 137 68 und
3227 3616 195 70 selbst

1190 3706 164 71 noch
1401 3738 158 55 ganz
1606 3706 398 74 Proletarier.
2072 3709 270 71 Eleanor
2390 3710 192 70 Marx
2628 3713 136 68 und
2813 3710 332 72 Friedrich
3192 3709 227 85 Engels

1190 3802 238 69 hielten
1485 3802 563 72 außerordentlich
2109 3805 120 69 viel
2284 3836 127 39 von
2464 3805 156 70 ihm.
2688 3804 233 85 Engels
2976 3807 108 68 hat
3135 3805 133 69 ihm
3320 3804 99 66 ein

1188 3893 341 84 Exemplar
1588 3897 113 67 der
1752 3897 368 84 englischen
2171 3897 303 85 Ausgabe
2531 3929 127 39 von
2711 3897 304 71 Marxens
3071 3894 301 85 ~Kapital
3380 3904 11 18 4
3403 3903 9 19 *
