5359 7277
327 7128 82 37 772

329 145 195 108 Die
591 145 400 108 Woche

334 333 217 67 Zeues
594 346 166 43 vom
798 333 185 67 Tage

458 442 297 49 Geheimrat
799 443 343 59 Lautenburg,
1222 446 88 46 der
1361 441 478 51 bekanntlich

331 541 63 36 zu
439 529 95 48 den
579 529 399 56 eifrigsten
1055 529 276 49 Hörern
1377 530 90 49 des
1507 528 165 50 Herrn
1712 527 96 49 Pro-

330 613 198 50 fessors
606 612 124 50 Max
809 613 213 51 Dessoir
1100 615 197 56 gehört,
1375 615 305 47 benutzt
1761 614 78 46 die

334 697 772 50 Universitätsferien
1190 714 60 33 zu
1304 701 138 47 einer
1495 698 150 53 Reise
1700 698 128 47 nach

330 783 238 56 Spanien.

1004 871 105 50 Aus
1152 871 87 48 der
1280 870 55 47 B.
1378 870 50 46 Z.
1471 884 78 32 am
1591 868 186 56 Mittag

455 1009 114 53 Karl
613 1009 202 57 Rößler,
858 1012 90 46 der
989 1011 159 47 Autor
1192 1012 89 47 der
1320 1010 127 49 Fünf
1488 1009 347 55 Frankfurter,

329 1094 225 48 erzählte
594 1096 162 46 einem
796 1095 335 48 Interviewer
1175 1097 88 46 der
1304 1095 79 47 W.
1405 1094 56 48 T.
1482 1094 74 58 8.,
1600 1093 94 49 daß
1735 1092 68 49 Ba-

326 1192 90 33 ron
496 1178 177 56 Henry
757 1193 99 34 von
937 1179 313 57 Rothschild,
1363 1181 121 47 der
1597 1179 238 47 selbst

326 1263 733 50 schriftstellerisch
1105 1268 186 52 tätig
1340 1267 124 53 ist,
1542 1264 129 48 nach
1721 1263 115 45 dem

322 1346 204 50 Besuch
573 1351 90 46 der
706 1350 217 48 berliner
966 1351 319 56 Aufführung
1330 1351 90 50 des
1467 1348 235 56 Stückes,
1745 1361 58 42 ge-

325 1432 181 49 äußert
546 1434 146 58 habe,
737 1437 167 48 dieser
949 1434 188 54 Rößler
1181 1438 64 47 ist
1289 1436 88 47 der
1423 1439 136 44 erste
1603 1431 231 51 Mensch,

325 1520 92 47 der
459 1521 87 46 mit
588 1522 192 45 meiner
820 1519 208 49 Familie
1101 1522 109 45 ein
1282 1518 358 49 Geschäft
1713 1530 80 42 ge-

322 1604 235 48 macht
604 1605 146 56 hat,
801 1605 231 47 wobei
1081 1618 72 34 er
1201 1604 225 47 allein
1475 1602 358 48 verdient.

999 1689 106 50 Aus
1146 1689 89 47 der
1274 1688 57 47 B.
1372 1687 51 47 Z.
1464 1701 80 35 am
1586 1685 185 56 Mittag

454 1829 561 53 Kunstchronik.
1131 1828 103 49 Der
1330 1825 502 51 Landschaftsmaler

323 1915 134 47 Are
477 1929 29 33 n
525 1929 27 33 z
596 1916 45 45 in
687 1915 305 49 Düsseldorf
1031 1914 147 48 feiert
1218 1925 212 52 morgen
1475 1915 173 45 seinen
1692 1910 112 47 acht-

325 2001 199 54 zigsten
571 1999 328 56 Geburtstag.
978 1998 66 48 Er
1091 2000 62 48 ist
1203 1997 211 47 Schüler
1463 2009 103 35 von
1617 1993 215 50 Oswald

324 2083 327 49 Achenbach.

927 2169 106 47 Aus
1075 2169 115 46 dem
1229 2165 229 49 Berliner
1497 2164 274 56 Tageblatt

452 2253 221 49 Gerhart
718 2252 326 56 Hauptmann
1092 2252 124 48 über
1260 2252 199 55 August
1504 2248 327 57 Strindberg:

327 2335 222 50 Qerhart
581 2336 325 57 Hauptmann
941 2336 85 49 hat
1062 2336 84 48 auf
1181 2339 108 45 eine
1324 2334 166 56 Frage
1525 2335 90 48 der
1647 2332 155 49 Stock-

325 2421 199 49 holmer
571 2423 389 53 Abendzeitung
1010 2424 140 46 seine
1200 2420 211 48 Ansicht
1462 2419 123 48 über
1636 2420 197 53 August

325 2506 305 55 Strindberg
672 2506 431 55 ausgesprochen.
1180 2505 133 56 „Der
1358 2503 207 49 Dichter
1611 2502 223 48 schreibt

327 2591 125 48 über
486 2592 95 47 den
612 2589 192 57 großen
838 2589 314 49 Schweden:
1206 2589 196 55 August
1434 2587 304 55 Strindberg
1770 2588 64 45 ist

325 2675 80 48 für
452 2675 131 48 mich
632 2677 109 47 eine
793 2676 86 46 der
928 2672 383 50 markantesten
1360 2670 472 50 Persönlichkeiten

328 2773 213 36 unserer
590 2759 206 56 Epoche
846 2798 9 8 .
907 2797 9 8 .
967 2798 11 8 .
1058 2760 94 46 das
1198 2755 354 59 germanische
1603 2755 201 48 Geistes-

324 2844 148 49 leben
506 2844 131 47 wird
674 2848 131 44 stets
838 2844 89 47 mit
961 2843 102 47 ihm

325 3001 215 68 Lyrik
581 2999 122 56 des
741 2999 224 68 Tages

452 3108 270 60 „Heinrich
761 3108 227 55 Schüler,
1027 3109 137 47 einer
1201 3108 91 47 der
1333 3103 332 50 trefflichsten
1700 3102 100 54 Ken-

325 3207 93 38 ner
458 3193 294 57 Brasiliens,
827 3194 89 47 der
987 3194 78 46 ein
1107 3191 184 49 viertel
1334 3188 343 50 Jahrhundert
1717 3187 117 54 lang

326 3280 142 48 seine
507 3277 349 56 Erfahrungen
895 3278 48 45 in
977 3276 202 48 diesem
1215 3274 176 49 Lande
1432 3274 160 49 selbst
1630 3285 170 44 gesam-

326 3363 122 48 melt
496 3362 99 57 hat,
645 3364 110 46 tritt
804 3375 99 34 nun
953 3364 90 45 mit
1093 3362 166 46 einem
1305 3359 317 56 gediegenen
1672 3354 162 49 Werk

333 3459 101 36 vor
483 3460 95 35 uns
873 3445 104 47 Der
1029 3442 389 50 brasilianische
1468 3439 264 50 Gesandte
1782 3438 51 50 in

327 3529 213 50 Brüssel
568 3530 89 49 hat
685 3531 117 46 dem
834 3529 142 48 Buch
1010 3531 110 55 „ein
1150 3540 227 36 warmes
1412 3526 306 47 Geleitwort
1749 3537 59 43 ge-

660 3614 129 47 Dem
827 3613 356 48 Buchkritiker
1224 3613 88 47 der
1347 3610 57 48 B.
1442 3610 51 48 Z.
1533 3624 81 33 am
1652 3607 185 56 Mittag

325 3702 136 47 wird
499 3714 56 34 es
594 3699 162 49 sofort
796 3699 376 55 infolgedessen
1211 3710 130 41 ganz
1377 3709 166 34 warm
1581 3695 102 47 und
1722 3691 116 51 echt

325 3798 116 36 ums
474 3782 161 50 Herz:
671 3783 107 57 „Ja,
810 3784 79 46 bei
925 3783 87 48 der
1047 3781 335 55 Schilderung
1409 3781 95 46 des
1533 3776 145 50 Mate
1711 3777 125 48 oder

325 3868 288 50 Parnatees
645 3870 141 45 weht
819 3882 91 35 uns
947 3869 77 45 die
1058 3869 175 53 eigene
1264 3864 187 50 Poesie
1486 3864 88 48 der
1609 3860 226 56 Campos

329 3967 94 34 aus
457 3956 166 45 einem
666 3952 115 49 echt
816 3950 417 50 brasilianischen
1269 3948 319 49 Liebesliede
1625 3962 78 42 an,
1744 3947 94 46 das

325 4036 454 57 folgendermaßen
818 4036 182 49 lautet:

518 4121 174 58 „Dort,
725 4121 163 48 hinter
921 4123 140 50 jener
1100 4118 170 56 Serra,

518 4206 70 49 Ist
624 4207 76 47 'ne
733 4206 190 48 höhere
954 4204 158 48 Serra
1141 4203 145 56 noch,

518 4290 144 57 Dort,
700 4291 66 48 da
797 4290 173 47 weilet
1004 4291 47 50 ja
1086 4290 132 47 mein
1251 4287 271 56 Liebchen,

520 4374 145 59 Dort,
698 4375 63 47 da
789 4374 175 48 weilet
993 4376 47 50 ja
1071 4375 133 45 mein
1235 4371 202 56 Schatz,

518 4457 311 59 Chamarita,
858 4462 88 53 gut
976 4461 254 53 getanzet,

520 4543 70 48 So
623 4545 78 45 ein
733 4542 199 49 Bursch
963 4543 91 46 mit
1088 4544 165 45 einem
1280 4538 190 56 Mädel,

520 4627 278 49 Schön'res
831 4627 106 56 gibt
967 4641 59 35 es
1061 4626 281 55 überhaupt
1375 4624 151 57 nicht,

520 4711 120 57 Sag'
674 4713 79 46 die
784 4710 139 49 Welt
955 4709 144 59 auch,
1131 4724 115 35 was
1275 4710 72 49 sie

454 4796 145 48 Auch
640 4796 249 48 Brasilien
933 4794 196 50 scheint
1172 4794 104 48 sich
1317 4793 157 49 schon
1514 4794 111 46 eine
1667 4793 142 54 eigen-

331 4884 161 54 artige
522 4880 160 56 Lyrik
717 4895 61 34 zu
811 4881 197 48 leisten.

457 4965 90 48 Ein
580 4964 134 49 Herr
750 4963 160 49 Wolff
944 4963 167 48 rühmt
1145 4965 47 45 in
1228 4963 87 47 der
1352 4961 57 47 B.
1448 4960 51 48 Z.
1539 4974 82 33 am
1653 4958 185 55 Mittag

327 5052 84 48 die
443 5051 395 54 Uebertragung
872 5050 88 46 der
993 5046 211 50 Ballade
1240 5061 90 34 aus
1367 5047 116 46 dem
1516 5044 184 49 Biwak
1733 5057 105 34 von

327 5135 213 56 Kipling.
617 5133 84 51 Sie
745 5137 209 45 stammt
1001 5146 135 44 „von
1183 5133 164 46 einem
1394 5144 212 35 unserer
1680 5129 125 47 form-

329 5221 393 55 gewandtesten
754 5217 212 57 Poeten,
999 5214 156 50 Marx
1486 5212 122 49 Man
1644 5211 194 50 erfährt

329 5305 266 56 folgendes
638 5304 124 47 über
807 5304 90 49 das
941 5301 166 49 Buch:
1183 5300 105 49 Der
1330 5297 256 58 englische
1628 5296 209 49 Dichter

329 5391 136 53 zeigt
503 5388 104 48 sich
651 5391 46 44 in
741 5388 169 48 diesen
955 5385 246 49 Balladen
1239 5398 104 35 von
1384 5385 165 47 einem
1588 5394 248 44 warmen,

329 5471 182 50 echten
537 5471 361 50 Patriotismus
927 5511 10 9 .
975 5510 8 9 .
1022 5509 10 7 .
1062 5472 93 49 das
1177 5483 164 43 ganze
1368 5471 65 46 ist
1457 5471 246 52 getragen
1731 5479 105 34 von

328 5560 164 44 einem
526 5557 297 55 prächtigen
858 5555 290 56 Rhythmus
1183 5555 97 47 und
1319 5554 137 47 einer
1490 5553 346 55 eigenartigen

329 5641 385 56 Klangmelodie
754 5679 148 10 ....
944 5642 110 46 eine
1093 5640 185 48 Poesie
1319 5641 77 46 sui
1434 5639 202 55 generis
1677 5637 64 46 ist
1781 5648 55 34 es

329 5727 50 52 ja
410 5725 273 56 allerdings
717 5764 148 8 ....
900 5725 142 48 recht
1073 5725 168 49 brutal
1273 5722 267 57 zuweilen,
1571 5720 104 49 voll
1709 5718 95 49 Ver-

328 5810 184 55 langen
544 5809 128 48 nach
704 5810 95 48 den
829 5808 460 56 grobsinnlichsten
1320 5807 269 48 Genüssen
1622 5805 91 48 des
1740 5804 64 47 Le-

328 5895 144 57 bens,
509 5894 131 48 ohne
680 5894 124 47 aber
843 5894 130 48 doch
1009 5907 130 42 ganz
1177 5892 251 56 lyrischer
1464 5889 228 51 Zartheit
1727 5892 82 44 ent-

330 5978 190 50 kleidet
561 5993 59 33 zu
665 5979 228 47 werden.
963 5971 186 59 (Wenn
1196 5979 76 47 die
1313 5977 160 48 Leute
1515 5976 83 47 bei
1639 5973 197 56 Kipling

329 6065 318 53 wenigstens
681 6063 77 47 die
790 6062 158 55 Lyrik
982 6061 315 58 anbehalten,
1330 6062 210 47 werden
1571 6060 79 50 die
1683 6058 123 56 grob-

329 6146 329 51 sinnlichsten
682 6146 234 49 Genüsse
943 6145 135 50 nicht
1105 6160 61 35 zu
1191 6147 166 48 brutal
1382 6161 97 33 vor
1506 6145 105 50 sich
1635 6135 203 65 gehen.)

330 6270 153 11 ....
552 6232 143 48 Auch
734 6234 77 45 ein
851 6230 247 50 natürlich
1138 6233 170 54 wenig
1350 6230 254 48 diskreter
1640 6228 196 49 Humor

325 6316 202 50 kommt
554 6318 45 45 in
631 6316 95 48 den
755 6315 247 49 Balladen
1031 6329 88 35 zur
1147 6314 233 57 Geltung.

455 6399 118 50 Wie
612 6404 81 45 ein
738 6399 208 50 Dichter
994 6400 88 48 des
1125 6399 137 55 Tags
1337 6399 106 48 sich
1521 6399 96 49 den
1661 6396 176 50 Sturm

329 6485 181 51 denkt:

612 6570 189 57 Sturm,
841 6570 273 48 umbrause
1154 6570 133 48 mein
1324 6566 166 50 Haus!

610 6654 186 49 Treibe
831 6656 79 48 die
946 6653 222 49 Träume
1202 6653 194 49 hinaus.

611 6741 94 49 Die
736 6739 239 56 Träume,
1010 6741 77 45 die
1121 6741 145 52 träge
1297 6736 228 57 machen,

611 6825 84 50 Ich
729 6825 104 49 will
869 6824 134 49 ihrer
1035 6822 204 50 lachen!

608 6912 190 59 Sturm,
837 6912 62 47 du
935 6908 202 50 duldest
1173 6911 70 46 sie
1280 6907 151 58 nicht,

610 6995 205 48 Machst
849 6995 126 48 alles
1007 6993 110 50 klar
1152 6993 101 48 und
1285 6991 144 51 licht!

2106 148 83 49 Ich
2224 150 224 49 brauche
2484 153 136 49 wohl
2656 154 136 50 nicht
2828 154 357 49 ausdrücklich
3223 170 59 33 zu
3319 155 136 49 erklä-

1978 247 104 43 ren,
2112 233 98 49 daß
2243 237 138 49 diese
2412 235 287 51 Zeitschrift
2729 241 89 45 mit
2847 241 195 45 diesem
3073 238 216 49 Gedicht
3323 239 159 48 nichts

1976 322 201 52 gemein
2203 320 106 49 hat.

2103 404 150 54 Klara
2275 405 249 58 Blüthgen
2554 408 170 58 pflegt,
2754 412 98 45 wie
2878 411 72 47 sie
2975 410 215 56 mitteilt,
3216 410 265 58 folgendes

1976 502 62 35 zu
2073 494 305 55 antworten,
2410 507 153 34 wenn
2596 507 114 35 man
2743 496 71 46 sie
2848 507 83 34 um
2962 495 95 45 den
3090 494 219 59 Vortrag
3344 498 136 48 eines

1976 574 132 49 ihrer
2148 575 311 58 „herrlichen
2830 579 169 47 bittet:
3079 579 108 50 Ihre
3232 580 249 49 Gedichte

1976 662 138 45 seien
2148 662 115 47 sehr
2300 667 201 43 ernst
2553 665 97 46 und
2682 663 214 48 würden
2931 664 134 48 wohl
3098 664 301 48 schwerlich
3434 667 45 43 in

1976 745 77 46 die
2089 744 286 57 Stimmung
2408 746 371 57 hineinpassen.
2851 748 166 57 „Aber
3058 762 112 35 man
3208 750 270 54 widerlegt

1971 829 131 47 mich
2130 830 410 58 liebenswürdig,
2572 832 94 48 daß
2696 833 127 47 eben
2856 833 170 47 diesen
3054 833 284 49 Gedichten
3367 834 109 45 eine

1971 914 175 49 solche
2186 913 186 49 Wucht
2416 916 317 52 innewohne,
2809 916 94 48 daß
2949 921 70 45 sie
3067 920 77 46 die
3189 917 286 54 Stimmung

1972 997 266 58 schafften,
2274 1000 88 47 der
2396 1014 115 34 man
2545 1001 105 47 sich
2678 1032 63 5 —
2770 1001 93 47 ach
2895 1015 91 34 nur
3018 1017 59 33 zu
3111 1003 148 56 gern!
3292 1032 63 5 —
3388 1014 58 34 an-

2241 1082 187 49 Solche
2465 1083 168 50 Bitten
2672 1085 270 57 „schlagen
2983 1087 87 47 der
3109 1087 258 48 Dichterin
3408 1087 65 45 im

1968 1170 234 51 privaten
2241 1167 176 54 Kreise
2460 1170 129 47 nach
2664 1172 163 46 einem
2900 1172 375 48 wunderbaren
3319 1170 153 49 Diner

1970 1265 91 34 aus
2097 1253 87 46 der
2218 1253 330 55 behaglichen
2581 1253 554 58 Naclitisclistimmung
3168 1256 201 55 heraus,
3410 1269 60 33 an

1969 1335 74 48 ihr
2294 1336 145 49 Dann
2472 1341 62 45 ist
2567 1353 55 33 es
2654 1340 123 46 aber
2809 1353 91 34 aus
2931 1340 86 47 mit
3047 1341 91 46 der
3171 1339 270 57 Behaglich-

1965 1419 118 49 keit.
3256 1424 151 48 Trust

1963 2019 413 99 Arthur
2451 2021 605 105 Rimbaud:

1963 2207 123 56 Ein
2122 2207 648 58 unveröffentlicher
2808 2208 188 57 Brief

2429 2344 323 57 Charleville,
2790 2347 95 46 den
2921 2346 74 46 25.
3034 2346 198 55 August
3273 2346 116 46 1870

1965 2428 129 49 Sehr
2127 2429 239 55 geehrter
2403 2429 146 57 Herr,

2092 2512 85 49 Sie
2219 2515 112 46 sind
2370 2514 264 55 glücklich,
2680 2515 129 46 denn
2854 2512 82 49 Sie
2981 2515 219 46 wohnen
3246 2516 133 45 nicht
3424 2516 43 45 in

1966 2595 333 50 Charleville!

2093 2679 167 52 Meine
2294 2682 299 50 Vaterstadt
2629 2688 63 45 ist
2727 2685 76 48 die
2838 2683 320 48 idiotischste
3191 2688 143 43 unter
3371 2684 97 46 den

1964 2765 198 48 kleinen
2210 2766 448 49 Provinzstädten.
2741 2766 306 56 Deswegen,
3131 2766 154 49 sehen
3367 2766 100 55 Sie,

1965 2848 130 51 habe
2142 2849 77 49 ich
2265 2851 147 48 keine
2459 2851 267 49 Illusionen
2772 2850 157 48 mehr.
3008 2850 131 49 Weil
3185 2854 72 45 sie
3307 2852 162 46 neben

1965 2931 256 51 Mezi£res
2257 2935 133 56 liegt,
2425 2965 62 5 —
2523 2937 162 47 einem
2721 2935 297 57 Städtchen,
3056 2937 90 47 das
3181 2949 117 33 man
3336 2936 136 46 nicht

1967 3016 159 50 findet
2165 3049 63 5 —
2269 3020 117 47 weil
2433 3021 45 46 in
2523 3020 138 47 ihren
2705 3018 217 51 Straßen
2967 3021 156 46 zwei-
3166 3020 127 48 oder
3340 3020 104 47 drei-

1964 3101 217 50 hundert
2254 3103 356 49 Infanteristen
2685 3104 362 55 umherlaufen,
3153 3103 319 56 gestikuliert

1965 3186 143 49 diese
2140 3187 297 59 glückliche,
2472 3188 285 56 philiströse
2790 3187 362 57 Bevölkerung
3185 3191 100 45 wie
3318 3186 123 54 Rauf-

1965 3270 167 58 bolde,
2177 3285 131 42 ganz
2352 3274 189 49 anders
2582 3274 79 49 als
2703 3274 78 49 die
2823 3272 308 57 Belagerten
3180 3287 101 34 von
3329 3271 143 50 Metz

1968 3357 100 47 und
2112 3354 308 58 Straßburg!
2500 3356 84 48 Sie
2630 3358 112 46 sind
2787 3356 330 54 schrecklich,
3165 3359 139 47 diese
3352 3372 90 40 pen-

1966 3440 275 47 sionierten
2285 3439 502 50 Grünkramhändler
2826 3444 46 45 in
2915 3440 246 49 Uniform.
3265 3440 68 48 Es
3408 3444 64 50 ist

1966 3522 277 60 großartig,
2288 3526 100 46 wie
2433 3525 91 47 das
2568 3524 220 48 Schneid
2832 3523 101 58 hat,
3014 3525 75 48 die
3138 3524 206 56 Notare,
3394 3526 76 46 die

1967 3605 197 60 Glaser,
2202 3609 78 46 die
2318 3607 493 59 Steuereinnehmer,
2849 3610 80 46 die
2964 3608 228 50 Tischler
3231 3612 101 45 und
3367 3610 101 46 wie

1969 3692 62 48 all
2077 3693 139 47 diese
2260 3691 414 50 Schmerbäuche
2717 3707 98 34 vor
2860 3693 95 47 den
2998 3693 171 49 Toren
3214 3692 256 49 Mezieres

1967 3775 136 49 ihren
2139 3775 124 49 Senf
2294 3777 322 59 dazugeben;
2644 3780 135 46 mein
2810 3776 277 50 Vaterland
3122 3777 179 48 erhebt
3335 3777 132 49 sich!

1970 3898 8 9 .
2019 3898 9 9 .
2071 3900 8 8 .
2119 3860 184 49 Lieber
2341 3864 140 45 wäre
2523 3864 105 54 mir,
2672 3876 55 36 es
2765 3863 165 47 bliebe
2973 3864 185 57 sitzen;
3202 3876 89 34 nur
3334 3862 136 47 nicht

1969 3945 267 56 aufregen!
2304 3945 104 51 Das
2445 3947 63 47 ist
2538 3949 131 46 mein
2701 3946 307 49 Grundsatz.

2092 4029 82 47 Ich
2213 4030 83 47 bin
2335 4030 283 57 heimatlos,
2661 4029 176 59 krank,
2877 4032 225 51 wütend,
3145 4032 184 51 dumm,
3373 4045 96 32 vor

1969 4113 94 48 den
2111 4113 130 55 Kopf
2286 4113 261 56 gestoßen.
2628 4115 82 48 Ich
2757 4118 223 46 träumte
3058 4130 100 33 von
3238 4114 198 49 Sonnen-

1965 4197 210 58 bädern,
2218 4212 101 33 von
2363 4200 242 47 endlosen
2650 4199 432 58 Spaziergängen,
3160 4214 102 33 von
3310 4198 159 58 Rahe,

1966 4295 103 35 von
2113 4281 201 58 Reisen,
2359 4297 103 33 von
2504 4283 394 57 Bohemeleben,
2978 4284 148 47 kurz:
3187 4283 78 49 ich
3310 4283 160 48 hoffte

1968 4367 85 47 auf
2087 4365 292 58 Zeitungen,
2418 4368 82 48 auf
2536 4367 201 50 Bücher
2778 4407 59 8 ..
2879 4408 8 8 .
2992 4367 202 49 Nichts!
3267 4367 202 50 Nichts!

1968 4450 93 49 Die
2094 4450 356 50 Buchhändler
2485 4451 306 49 bekommen
2831 4466 90 43 gar
2958 4452 147 49 keine
3144 4451 202 51 Bücher
3385 4467 58 34 zu-

1968 4534 278 58 geschickt,
2279 4535 147 49 Paris
2456 4541 192 51 spottet
2681 4537 158 48 schon
2872 4538 142 48 recht
3047 4538 124 47 über
3205 4551 116 35 uns:
3356 4537 115 48 kern

1969 4621 222 54 einziges
2230 4632 156 36 neues
2425 4619 166 50 Buch!
2663 4621 105 49 Das
2807 4622 63 47 ist
2909 4621 89 49 der
3036 4621 137 48 Tod!
3244 4621 70 50 So
3355 4620 116 50 muß

1970 4704 78 46 ich
2114 4704 152 57 imich,
2339 4718 112 37 was
2528 4704 276 57 Zeitungen
2881 4705 276 58 anbetrifft,
3234 4720 64 34 an
3376 4707 96 46 den

1968 4786 272 58 „Courner
2287 4790 91 47 des
2762 4789 183 53 halten,
2993 4792 185 46 dessen
3222 4790 250 55 Besitzer,

1965 4870 375 60 Herausgeber,
2379 4872 256 59 Direktor,
2671 4873 410 50 Chefredakteur
3113 4875 101 48 und
3251 4875 78 46 ein
3367 4875 78 46 ein-

1969 4958 138 53 ziger
2152 4956 293 54 Redakteur
2489 4959 58 47 A.
2592 4958 258 49 Pouillard
2897 4960 87 47 ist!
3064 4958 153 49 Diese
3260 4957 212 57 Zeitung

1967 5040 105 49 faßt
2107 5041 78 48 die
2217 5041 151 58 Ziele,
2407 5044 77 46 die
2520 5041 261 51 Wünsche
2815 5045 103 46 und
2953 5044 78 46 die
3067 5042 278 50 Ansichten
3382 5044 90 46 der

1965 5123 366 59 Bevölkerung
2359 5140 310 36 zusammen.
2731 5126 105 51 Das
2870 5130 62 46 ist
2962 5129 109 47 eine
3104 5129 178 55 eigene
3312 5127 158 48 Note!

1968 5248 9 8 .
2015 5248 9 8 .
2063 5249 8 7 .
2112 5209 149 49 Nicht
2301 5210 184 50 wahr?
2533 5251 7 8 .
2580 5251 7 8 .
2625 5250 8 8 .
2709 5210 122 50 Man
2878 5212 62 49 ist
2983 5212 256 48 verbannt
3281 5215 46 45 in
3374 5215 73 45 sei-

1966 5307 115 34 nem
2118 5294 353 50 Vaterland!!!

2092 5377 486 51 Glücklicherweise
2616 5381 132 48 habe
2788 5381 77 49 ich
2908 5379 73 50 ihr
3023 5380 220 50 Zimmer
3282 5413 63 5 —
3385 5380 87 49 Sie

1965 5466 235 45 erinnern
2241 5464 105 47 sich
2388 5464 128 48 doch
2558 5466 87 48 der
2683 5464 282 61 Erlaubnis,
3008 5466 78 49 die
3125 5464 88 52 Sie
3250 5468 97 46 mir
3382 5478 59 43 ge-

1966 5548 163 55 geben
2176 5547 164 49 haben
2382 5579 75 18 —.
2536 5549 83 47 Ich
2663 5549 132 48 habe
2844 5550 77 48 die
2968 5549 173 49 Hälfte
3185 5549 138 49 Ihrer
3367 5548 70 49 Bü-

1967 5631 121 48 cher
2125 5634 413 54 mitgenommen.
2647 5632 83 49 Ich
2770 5633 130 48 habe
2940 5636 97 46 mir
3080 5636 97 47 den
3218 5633 181 50 Diable
3441 5633 31 48 ä

1962 5714 152 50 Paris
2153 5730 320 41 genommen.
2544 5716 169 59 Sagen
2755 5717 84 49 Sie
2881 5720 123 47 mal:
3064 5718 88 50 hat
3194 5733 58 36 es
3290 5720 181 51 jemals

1966 5806 167 43 etwas
2164 5803 355 49 idiotischeres
2553 5803 231 55 gegeben
2819 5802 79 50 als
2931 5802 329 50 Grandvilles
3296 5802 147 50 Zeich-

1966 5884 238 57 nungen?
2241 5917 62 5 —
2336 5886 82 48 Ich
2453 5885 133 50 habe
2619 5886 169 49 bostal
2821 5885 200 50 Findien
3058 5889 101 47 und
3196 5885 148 56 Robe
3381 5888 91 51 des

1964 5968 211 61 Nessus,
2217 5973 132 45 zwei
2390 5974 337 47 interessante
2765 5970 248 54 Romane.
3086 5972 127 51 Was
3257 5972 94 51 soll
3393 5972 79 50 ich

1966 6052 153 50 Ihnen
2169 6059 144 45 sonst
2361 6054 283 51 mitteilen?
2693 6094 129 10 ...
2903 6055 83 49 Ich
3032 6056 133 50 habe
3214 6057 97 50 alle
3359 6058 115 50 Ihre

1965 6137 204 50 Bücher
2205 6139 222 59 gelesen,
2468 6140 110 49 alle.
2634 6139 118 50 .Vor
2795 6141 107 49 drei
2940 6139 174 59 Tagen
3152 6143 201 56 begann
3392 6143 80 49 ich

1966 6224 92 47 mit
2098 6225 94 47 den
2231 6222 263 60 Eprenols,
2535 6226 131 48 dann
2705 6228 90 47 mit
2836 6226 95 49 den
2971 6225 298 61 Glaueuses,
3309 6258 64 7 —
3411 6230 62 54 ja,

1968 6306 78 49 ich
2083 6308 130 48 habe
2255 6309 171 49 diesen
2466 6309 145 49 Band
2647 6311 130 48 noch
2815 6312 181 48 einmal
3036 6312 208 56 gelesen
3279 6344 65 5 —
3376 6313 98 47 das

1965 6406 113 35 war
2121 6393 150 49 alles!
2317 6432 9 9 .
2373 6432 9 9 .
2432 6432 8 8 .
2518 6392 148 51 Mehr
2742 6395 160 60 nicht;
2981 6396 107 50 ihre
3165 6396 306 56 Bibliothek,

1963 6478 168 48 meine
2174 6477 154 50 letzte
2370 6477 239 58 Rettung,
2650 6493 114 35 war
2801 6480 290 57 erschöpft!
3136 6520 10 9 .
3188 6520 11 9 .
3243 6520 9 8 .
3327 6480 147 47 Dann

1968 6561 275 50 erwischte
2291 6563 77 47 ich
2415 6563 95 48 den
2556 6563 113 48 Don
2714 6560 301 64 Quichotte;
3095 6569 207 51 gestern
3383 6563 91 49 sah

1965 6647 80 49 ich
2080 6648 93 48 mir
2207 6649 132 48 zwei
2373 6647 230 49 Stunden
2638 6648 116 57 lang
2794 6650 78 47 die
2908 6648 213 49 Wälder
3158 6648 187 49 Dore's
3383 6662 88 35 an:

1966 6733 125 52 jetzt
2132 6731 133 49 habe
2309 6732 77 48 ich
2432 6731 166 52 nichts
2640 6732 169 50 mehr!
2853 6764 63 5 —
2988 6732 84 49 Ich
3117 6733 161 48 sende
3320 6731 154 50 Ihnen

1965 6815 189 61 Verse;
2213 6816 141 49 lesen
2396 6815 85 50 Sie
2524 6819 88 56 sie,
2650 6830 259 44 morgens,
2948 6817 84 49 bei
3075 6816 399 58 Sonnenschein,

1964 6902 103 49 wie
2104 6901 80 49 ich
2216 6915 59 36 es
2313 6906 152 52 getan
2501 6900 158 50 habe:
2712 6900 88 50 Sie
2834 6901 113 50 sind
2986 6901 135 49 nicht
3161 6901 144 49 mehr
3341 6900 99 51 Leh-

1969 7000 83 35 rer
2094 6988 137 55 jetzt,
2272 6985 139 50 hoffe
2454 6984 105 50 ich!
2606 7025 10 9 .
2657 7024 11 10 .
2713 7023 10 10 .
2797 7016 64 6 —-

3741 196 143 8 ....
3921 148 203 61 [Dieser
4159 154 107 48 Teil
4303 155 62 46 ist
4400 142 276 61 zerrissen]
4716 185 155 11 ....
4940 146 189 48 Louis*

3613 241 172 48 Silfert
3834 242 197 46 kennen
4085 242 171 46 lernen
4312 237 189 55 wollte,
4552 236 80 48 als
4682 235 77 46 ich
4814 232 153 49 Ihnen
5022 229 106 50 ihre

3612 327 186 48 letzten
3845 325 158 49 Verse
4047 325 121 55 lieh;
4227 323 77 47 ich
4343 322 131 47 habe
4516 321 93 47 mir
4651 319 193 49 soeben
4887 317 241 55 Auszüge

3610 424 94 35 aus
3741 410 158 48 ihrem
3972 413 170 45 ersten
4187 406 373 55 Gedichtband,
4635 402 213 57 Rayons
4924 400 191 57 perdus
5116 439 12 18 ?

3611 497 165 47 vierte
3821 496 228 54 Auflage,
4095 491 297 49 verschafft.
4472 490 81 47 Ich
4600 489 131 47 habe
4775 488 63 47 da
4884 489 79 45 ein
5009 483 118 50 sehr

3611 580 220 49 schönes
3871 577 242 58 Gedicht;
4171 575 335 57 Marguerite:

3671 748 107 51 Moi
3818 750 167 51 j'etais
4024 748 29 46 ä
4093 748 193 54 Tecart,
4329 750 176 43 tenant
4543 758 86 34 sur
4670 757 110 35 mes
4821 756 203 43 genoux

3673 833 88 49 Ma
3789 836 151 52 petite
3967 833 212 48 cousine
4206 844 101 35 aux
4334 830 192 55 grands
4554 843 139 41 yeux
4721 828 147 48 bleus
4894 830 44 46 si
4959 828 164 46 doux:

3674 916 141 50 C'est
3857 932 94 34 une
3992 918 292 47 ravissante
4327 915 171 46 enfant
4538 927 98 43 que
4675 910 316 57 Marguerite

3673 1003 143 45 Avec
3853 1016 85 35 ses
3974 1002 236 47 cheveux
4244 999 200 55 blonds,
4478 1001 40 45 si
4554 998 199 48 bouche
4790 1000 41 45 si
4870 998 155 55 petite

3669 1085 60 47 Et
3768 1099 91 34 son
3899 1090 125 45 teint
4066 1087 327 54 transparent
4435 1121 9 9 .
4484 1120 9 8 .
4536 1120 8 10 .

3607 1202 1515 16 ©••«•••••*

3667 1253 316 56 Marguerite
4015 1259 78 45 est
4126 1261 112 49 trop
4271 1257 164 50 jeune.
4467 1252 105 47 Oh!
4609 1254 43 45 si
4683 1242 170 80 c|etait
4888 1264 82 34 ma
5004 1248 114 57 filte,

3669 1338 54 49 Si
3759 1338 183 53 j'avais
3977 1352 97 36 une
4113 1339 170 49 enfant
4323 1342 104 44 tete
4461 1337 187 48 blonde
4686 1341 50 42 et
4773 1336 220 55 gentille,

3667 1424 199 55 Fragile
3907 1427 236 46 creature
4184 1438 59 33 en
4284 1426 82 53 qui
4407 1425 46 49 je
4494 1422 273 56 revivrais,

3666 1509 139 55 Rose
3837 1512 49 44 et
3918 1508 217 48 candide
4166 1522 130 33 avec
4331 1510 61 47 de
4425 1507 193 57 grands
4648 1520 141 41 yeux
4819 1502 298 50 indiscrets!

3666 1595 104 47 Des
3813 1595 187 47 larmes
4042 1592 246 47 sourdent
4330 1606 217 41 presque
4588 1606 66 34 au
4691 1590 130 49 bord

4574 1678 63 46 de
4665 1689 117 35 mes
4820 1675 239 56 paupiere

3672 1761 185 59 Quand
3897 1765 46 50 je
3981 1775 157 41 pense
4178 1760 29 45 ä
4247 1760 208 47 l'enfant
4494 1762 83 52 qui
4612 1773 81 35 me
4735 1759 225 48 rendrait

4843 1846 42 46 si
4919 1843 142 57 fiere,

3671 1933 60 48 Et
3770 1947 94 43 que
3904 1936 44 49 je
3990 1932 192 49 n'aurai
4223 1944 106 43 pas,
4367 1944 96 41 que
4503 1932 45 49 je
4590 1929 194 47 n'aurai
4823 1929 204 55 jamais;

3671 2016 103 49 Car
3814 2019 228 54 ravenir,
4085 2017 140 48 cruel
4271 2030 59 34 en
4373 2014 129 49 celui
4544 2026 98 44 que
4687 2013 227 57 j'aimais,

3671 2102 75 49 De
3780 2107 134 44 cette
3949 2103 172 50 enfant
4157 2103 136 46 aussi
4327 2105 126 43 vent
4487 2113 95 40 que
4620 2099 45 50 je
4702 2098 277 53 desespere

3607 2225 10 10 •
3770 2221 845 14 •••«•*
4773 2219 11 10 +
4942 2219 10 9 *
5115 2219 8 8 •

3668 2272 196 48 Jamais
3901 2286 64 34 on
4007 2287 62 33 ne
4110 2273 108 46 dira
4262 2273 60 45 de
4361 2271 127 47 moi:
4545 2268 130 49 c'est
4717 2281 96 36 une

3666 2356 60 48 Et
3768 2358 182 50 jamais
3991 2369 65 35 un
4095 2356 176 48 enfant
4310 2370 63 34 ne
4416 2369 81 33 me
4543 2354 133 47 dira:
4721 2352 229 48 maman!

3670 2440 123 50 C'en
3839 2445 78 45 est
3955 2441 86 48 fini
4083 2455 128 40 pour
4251 2443 104 47 moi
4400 2440 64 47 du
4507 2437 193 50 Celeste
4746 2449 180 37 roman

3666 2523 115 57 Que
3820 2528 140 44 toute
3997 2527 143 49 jeune
4179 2525 28 45 ä
4245 2537 117 34 mon
4398 2523 96 55 äge
4532 2523 235 55 imagine.

3604 2650 8 7 •
3768 2646 1009 11 •••••••
4939 2641 9 11 *
5108 2643 11 8 •

3679 2725 63 4 —
3772 2694 84 49 Ma
3899 2697 79 46 vie
4015 2694 27 46 ä
4079 2694 216 48 dix-huit
4331 2708 91 35 ans
4456 2698 206 49 compte
4698 2695 111 45 tout
4847 2705 61 33 un
4948 2701 170 44 passe.

3726 2810 65 9 -—
3830 2779 107 50 Das
3978 2782 62 44 ist
4082 2779 194 47 ebenso
4320 2777 157 49 schön
4521 2781 98 44 wie
4666 2778 78 47 die
4787 2776 192 56 Klagen
5028 2775 90 48 der

3603 2864 250 54 Antigone
3908 2872 206 45 avvLMp}/
4178 2864 89 47 des
4305 2861 305 57 Sophokles.
4646 2893 63 5 —
4748 2860 82 48 Ich
4869 2860 131 49 habe
5040 2859 81 48 die

3605 2946 154 49 Fetes
3800 2948 232 54 galantes
4074 2961 102 33 von
4221 2946 125 48 Paul
4388 2946 250 49 Verlaine.
4755 2944 67 51 Es
4863 2948 67 47 ist
4974 2942 146 51 recht

3605 3031 182 56 bizarr,
3825 3031 141 49 recht
4004 3031 324 59 possierlich;
4368 3032 126 47 aber
4532 3029 231 49 wirklich
4805 3031 283 55 anbetungs-

3605 3116 215 55 würdig.
3898 3114 292 49 Manchmal
4235 3117 178 46 nimmt
4457 3130 54 33 er
4559 3114 104 49 sich
4744 3114 157 56 große
4979 3113 112 49 Frei-

3604 3201 183 56 heiten,
3829 3213 116 35 zum
3988 3199 247 57 Beispiel:

3731 3285 61 48 Et
3835 3285 46 49 la
3925 3287 218 53 tigresse
4221 3299 130 42 epou
4427 3278 16 58 /
4516 3285 243 49 vantable
4807 3283 312 57 d'Hycranie

3605 3373 64 44 ist
3704 3372 78 45 ein
3819 3370 132 47 Vers
3983 3384 93 34 aus
4112 3371 195 47 diesem
4342 3369 162 48 Band.
4540 3400 64 6 —
4638 3368 196 55 Kaufen
4870 3367 89 51 Sie
4992 3364 126 59 sich,

3605 3452 77 48 ich
3729 3457 109 44 rate
3885 3467 57 35 es
3985 3452 165 57 Ihnen,
4194 3451 178 50 Bonne
4419 3451 257 57 Chanson,
4723 3455 146 45 einen
4916 3452 201 47 kleinem

3604 3535 355 52 Gedichtband
4000 3537 272 48 desselben
4305 3536 262 48 Dichters:
4609 3551 53 35 er
4700 3538 64 46 ist
4802 3535 194 48 soeben
5033 3533 82 49 bei

3602 3621 242 48 Lemerre
3888 3621 324 57 erschienen;
4275 3621 75 48 ich
4395 3621 132 47 habe
4572 3620 82 47 ihn
4700 3619 136 48 nicht
4879 3617 235 59 gelesen;

3602 3706 108 47 hier
3750 3705 196 49 kommt
3985 3705 163 48 nichts
4186 3705 116 58 her;
4361 3705 124 47 aber
4528 3705 134 47 viele
4704 3703 278 55 Zeitungen
5024 3701 63 48 be-

3605 3791 212 46 urteilen
3863 3803 56 34 es
3960 3788 119 49 sehr
4119 3793 104 53 gut.

3728 3874 99 48 Auf
3898 3873 388 56 Wiedersehen,
4364 3872 240 49 schicken
4668 3870 86 50 Sie
4815 3871 96 49 mir
4974 3871 145 47 eine«

3604 3958 450 57 fünfundzwanzig
4129 3958 172 49 Seiten
4375 3958 185 56 langen
4632 3955 139 49 Brief
4842 3986 65 6 —
4980 3959 113 50 post-

3605 4043 234 54 lagernd!
3882 4074 63 6 —
3984 4041 163 54 Recht
4187 4042 145 49 bald!

4711 4125 59 49 A.
4801 4124 259 54 Rimbaud

3728 4211 58 48 P.
3807 4212 51 48 S.
3912 4212 129 48 Bald
4080 4212 372 56 Andeutungen
4491 4212 125 47 über
4659 4211 95 48 das
4790 4208 192 59 Leben,
5025 4209 98 48 das®

3605 4296 77 49 ich
3721 4312 60 33 zh
3823 4296 175 49 führen
4040 4296 233 57 gedenke
4312 4295 131 49 nach
4485 4334 10 9 .
4538 4334 8 9 .
4588 4334 9 8 .
4632 4296 101 46 den
4773 4293 185 50 Ferien
5003 4334 9 7 .
5056 4329 12 13 .
5110 4333 9 8 .

4211 4369 295 64 [Adresse:]

4034 4463 265 51 Monsieur
4330 4463 59 49 G.
4419 4464 271 50 Izambard

4167 4550 73 55 29,
4281 4564 87 33 rue
4407 4549 63 49 de
4501 4548 258 57 l'Abbaye
4797 4549 94 52 des
4924 4547 132 49 Pr6s

4457 4632 167 50 Douai
4665 4626 188 62 (Nord)

3729 4720 50 46 In
3819 4718 106 49 Eile

4183 4798 29 27 *
4345 4811 22 22 *
4503 4797 29 28 *

3727 4887 389 51 Veröffentlicht
4142 4889 90 48 mit
4259 4888 269 51 Erlaubnis
4560 4903 105 34 von
4693 4887 230 50 Paterne
4949 4887 144 50 Berri-

3605 4973 129 50 chon
3814 4975 99 47 und
3996 4974 88 48 der
4131 4971 252 51 Nouvelle
4433 4972 182 55 Revue
4664 4974 273 55 frangaise.
5017 4971 106 50 Der

3604 5057 211 50 Dichter
3858 5058 201 49 schrieb
4103 5058 175 49 diesen
4322 5057 142 50 Brief
4508 5059 135 59 1870,
4718 5059 68 48 im
4828 5057 146 50 Alter
5014 5070 109 36 vom

3599 5143 241 49 fünfzehn
3878 5143 205 58 Jahren,
4123 5143 240 49 dreizehn
4398 5142 215 51 Monate
4648 5157 99 36 vor
4783 5142 196 59 Beginn
5018 5144 75 47 sei-

3602 5242 93 35 ner
3731 5227 361 57 Beziehungen
4130 5242 62 35 zu
4228 5228 255 50 Verlaine.

3601 5376 235 63 Übergang
3866 5399 78 29 aus
3976 5388 99 40 dem
4108 5386 344 44 Französischen
4485 5400 89 30 von
4605 5388 132 40 Jean
4767 5386 237 52 Jacques

3595 6011 708 125 Erinnerung

3602 6227 102 58 an
3771 6200 359 85 Herman
4198 6200 238 109 Bang

3605 6393 151 57 Von
3793 6391 261 59 Rudolf
4082 6393 332 58 Blümner

3730 6558 112 50 Den
3910 6559 268 58 Zünftigen
4245 6566 198 51 graute.
4512 6560 135 53 Weil
4682 6562 228 51 Herman
4975 6563 145 54 Bang

3605 6658 83 34 am
3720 6645 75 47 28.
3830 6644 298 49 November
4168 6646 132 57 1907,
4336 6646 200 51 abends
4570 6648 262 50 zwischen
4865 6647 119 50 acht
5020 6644 100 50 und

3605 6728 128 49 zehn
3772 6728 107 51 Uhr
3919 6733 45 45 in
4004 6729 277 51 Herwarth
4319 6730 251 54 Waldens
4611 6732 189 51 Verein
4840 6732 79 48 für
4957 6730 163 55 Kunst

3607 6810 114 58 Wer
3765 6815 78 48 die
3886 6813 363 51 Heimatkunst
4293 6830 60 35 so
4398 6830 94 44 gar
4531 6817 141 50 nicht
4713 6810 219 62 fördert)
5007 6817 113 48 eine

3605 6912 129 36 neue
3767 6899 164 54 Kunst
3966 6898 159 59 schuf,
4161 6901 79 50 die
4272 6901 106 50 sich
4413 6902 138 51 nicht
4583 6901 165 58 gleich
4781 6915 59 37 so
4874 6903 77 47 ins
4981 6897 139 52 Fach

3605 6984 182 48 stellen
3830 6980 113 52 ließ.
