3292 4798
2838 4400 115 56 219

277 313 232 67 sister's.
944 315 101 66 she
1091 315 151 76 saicl,
1291 316 176 66 "let's
1511 317 138 65 take
1694 346 35 37 a
2100 319 25 65 I
2173 318 150 75 said,
2621 347 130 39 sure
2800 319 26 66 I
2875 347 100 39 am

272 407 146 67 with
736 408 86 66 So
861 435 95 41 we
997 410 247 66 strolled
1285 410 183 80 along
1505 412 147 66 until
1688 437 96 41 we
1825 437 171 41 came
2038 427 60 51 to
2138 439 36 39 a
2214 410 171 81 park,
2426 429 163 50 went
2624 413 59 65 in
2726 412 123 67 and
2888 429 90 50 sat

272 498 185 68 down
491 527 77 39 on
604 527 36 39 a
673 498 215 70 bench.
973 500 53 68 It
1058 517 103 64 got
1195 502 141 74 late,
1371 502 235 66 around
1640 502 209 66 eleven
1877 502 241 67 o'clock
2150 503 125 66 and
2311 502 25 67 I
2368 505 322 78 suggested
2721 503 130 68 that
2882 530 94 39 we

270 617 78 52 go
386 617 142 39 over
567 606 59 51 to
667 591 100 68 the
802 620 208 39 corner
1048 593 211 66 saloon
1298 593 131 66 that
1459 593 129 66 had
1625 622 36 39 a
1698 593 125 68 side
1860 610 283 51 entrance
2182 595 95 66 for
2313 622 257 39 women.
2658 595 125 67 She
2822 595 153 74 said,

504 681 141 69 beat
677 711 96 41 me
811 701 61 51 to
907 689 63 70 it,
1009 684 25 66 I
1073 713 129 39 was
1231 688 121 79 just
1390 688 183 78 going
1606 703 61 51 to
1705 713 106 53 say
1849 686 99 68 the
1984 715 163 39 same
2184 703 61 51 to

406 789 129 68 We
572 806 162 49 went
770 818 142 39 over
948 789 123 68 and
1110 794 78 63 in.
1278 789 130 68 We
1444 791 127 66 had
1612 820 35 37 a
1688 791 159 80 glass
1884 793 70 66 of
1991 793 140 66 beer
2170 793 124 66 and
2333 791 227 68 several
2602 818 164 41 more
2807 789 169 70 beers

274 879 313 70 followed.
672 883 183 67 Then
888 884 104 66 she
1026 883 152 76 said,
1319 899 155 51 must
1508 911 100 53 go,
1642 884 124 66 and
1799 884 185 66 could
2013 913 123 52 you
2165 901 158 49 meet
2355 913 95 39 me
2479 884 140 68 here
2653 899 322 51 tomorrow

618 971 25 67 I
684 972 150 75 said,
1114 972 25 68 I
1175 974 211 69 would
1424 974 81 68 do
1761 976 130 67 We
1925 993 162 50 went
2121 993 105 50 out
2262 976 123 67 and
2426 976 25 66 I
2490 976 246 67 wanted
2777 991 60 51 to
2875 989 98 66 get

270 1092 78 38 on
379 1064 98 67 the
504 1092 163 39 same
697 1092 103 39 car
824 1065 147 68 with
995 1067 125 66 her.
1197 1067 125 68 She
1347 1067 153 75 said,
1710 1098 96 39 me
1833 1098 34 39 a
1898 1069 174 68 favor
2099 1072 124 68 and
2248 1069 81 66 let
2353 1098 97 39 me
2475 1094 76 54 go
2575 1067 83 81 by

275 1152 24 67 I
338 1152 107 67 did
479 1181 84 47 so,
601 1153 225 82 having
863 1157 164 66 sized
1065 1160 44 63 it
1142 1184 82 54 up
1259 1157 104 66 she
1398 1159 109 66 did
1544 1174 105 52 not
1683 1175 167 51 want
1886 1187 96 39 me
2021 1177 61 51 to
2125 1159 213 67 follow
2374 1160 105 66 her
2514 1159 222 79 maybe
2773 1174 59 51 to
2875 1186 96 39 see

270 1247 200 67 where
518 1248 103 68 she
668 1248 178 68 lived.
948 1248 23 66 I
1021 1267 105 63 got
1173 1279 78 37 on
1298 1250 100 68 the
1442 1269 142 49 next
1632 1280 103 39 car
1779 1252 124 67 and
1950 1252 254 81 thought
2248 1250 222 81 maybe
2516 1252 101 66 she
2663 1250 190 80 might
2897 1248 74 68 be

270 1338 253 81 bluffing
557 1367 96 39 me
689 1340 186 67 about
912 1343 261 80 meeting
1209 1341 108 68 her
1354 1341 163 68 there
1554 1343 98 68 the
1688 1360 139 49 next
1862 1346 271 77 evening.
2219 1343 26 66 I
2284 1358 118 53 sort
2440 1341 67 68 of
2539 1341 183 68 made
2758 1370 81 53 up
2870 1368 105 53 my

269 1431 166 66 mind
480 1448 105 51 not
628 1450 61 49 to
733 1431 76 70 be
855 1433 182 74 there,
1083 1433 109 68 but
1239 1435 25 66 I
1308 1462 129 40 was
1479 1435 146 67 kind
1671 1436 69 66 of
1783 1436 167 66 stuck
1998 1463 77 39 on
2116 1436 124 68 her.
2333 1433 125 68 She
2501 1435 128 67 had
2675 1433 298 68 beautiful

270 1523 253 81 dreamy
557 1523 142 67 blue
734 1551 139 53 eyes
909 1524 123 66 and
1063 1528 44 62 it
1137 1553 129 39 was
1298 1526 98 66 the
1430 1526 188 68 shade
1652 1555 66 39 or
1754 1528 162 79 glow
1950 1528 70 66 of
2047 1528 213 81 purple
2289 1531 59 64 in
2382 1528 161 67 them
2575 1528 129 67 that
2734 1528 239 67 seemed

269 1629 61 51 to
367 1614 208 68 charm
612 1643 99 39 me
746 1643 66 39 or
851 1616 149 69 hold
1034 1645 97 38 me
1166 1621 59 62 in
1266 1617 273 80 working
1576 1617 95 68 for
1708 1645 166 42 more
1911 1619 70 66 of
2016 1619 107 68 her
2162 1648 320 54 company.
2565 1622 157 68 And
2761 1622 114 70 this
2915 1628 58 62 in

270 1709 149 76 spite
455 1705 69 68 of
557 1734 94 39 me
690 1711 198 76 trying
926 1722 61 53 to
1022 1707 151 68 wish
1212 1707 25 66 I
1271 1709 129 66 had
1434 1736 179 39 never
1647 1736 127 39 saw
1808 1709 105 68 her
1950 1738 66 39 or
2050 1711 119 66 else
2204 1712 254 82 wishing
2495 1712 26 66 I
2553 1714 127 66 had
2712 1731 122 51 met
2866 1716 105 67 her

269 1797 145 81 long
447 1797 211 69 before
695 1799 24 66 I
753 1799 124 67 did.
963 1800 208 68 There
1200 1827 129 41 was
1359 1800 334 82 something
1727 1800 186 70 about
1940 1802 107 68 her
2082 1802 24 66 I
2140 1821 139 49 cant
2309 1805 261 80 explain.
2653 1805 137 68 Her
2819 1807 152 68 dark

269 1888 203 82 lovely
506 1890 166 66 titian
706 1890 130 66 hair
868 1890 129 66 also
1034 1907 103 63 got
1171 1921 36 37 a
1236 1890 152 68 hold
1420 1919 78 39 on
1529 1919 103 54 my
1664 1919 225 40 nerves.
1974 1892 96 69 I'll
2106 1922 108 53 say
2248 1895 104 68 she
2379 1924 128 39 was
2534 1924 105 54 my
2668 1899 146 67 kind
2848 1899 122 67 and

267 1980 102 68 she
402 2007 127 39 was
563 2007 102 54 my
704 1981 169 80 style.
955 1981 206 68 There
1200 1983 239 68 seemed
1473 2000 59 51 to
1567 1983 77 70 be
1681 1983 334 83 something
2048 1985 214 81 funny,
2301 1987 128 67 odd
2465 2017 68 37 or
2568 2017 183 53 queer
2785 1988 186 70 about

267 2073 98 66 the
404 2073 202 66 whole
646 2071 168 82 thing
858 2073 69 66 of
970 2073 113 68 this
1127 2073 192 68 affair.

402 2176 197 75 Well,
648 2176 25 66 I
717 2195 122 49 met
880 2178 107 68 her
1026 2180 100 66 the
1168 2195 140 51 next
1351 2183 252 78 evening
1647 2180 168 81 early
1855 2181 124 66 and
2020 2208 94 41 we
2155 2198 92 51 sat
2285 2186 58 65 in
2387 2181 164 70 there
2590 2183 83 68 all
2717 2185 253 78 evening

267 2269 147 68 until
463 2268 217 67 twelve
726 2269 257 68 o'clock.
1076 2269 124 68 She
1249 2271 131 66 said
1425 2286 61 51 to
1530 2298 97 41 me
1672 2271 129 68 that
1845 2273 273 79 evening,
2292 2273 148 67 used
2489 2290 59 50 to
2589 2274 76 66 be
2709 2274 145 70 kind
2900 2273 68 67 of

267 2376 224 64 sporty,
528 2359 108 68 but
673 2376 100 53 cut
805 2364 45 65 it
883 2378 122 51 out.
1095 2359 161 70 lam
1293 2391 36 39 a
1364 2362 259 68 married
1657 2390 261 40 woman.
2004 2364 124 80 My
2158 2362 282 72 husband
2477 2364 210 68 knows
2719 2364 251 81 nothing

267 2451 69 66 of
369 2478 101 52 my
506 2466 152 66 past.
746 2451 109 67 He
888 2456 50 64 is
971 2479 36 39 a
1044 2452 295 82 traveling
1374 2452 298 68 salesman
1711 2454 124 68 and
1871 2457 45 65 is
1952 2483 181 54 away
2169 2471 154 52 most
2357 2457 69 68 of
2462 2457 99 68 the
2597 2459 159 66 time.
2843 2457 123 82 My

264 2544 282 67 husband
580 2549 48 64 is
662 2574 33 37 a
729 2545 165 80 good
924 2572 161 41 man.
1170 2545 108 68 He
1312 2547 44 66 is
1386 2547 165 80 good
1584 2562 61 53 to
1678 2576 115 46 me,
1825 2547 108 66 but
1965 2545 100 70 the
2096 2547 159 69 devil
2285 2550 48 65 is
2362 2552 59 64 in
2450 2578 96 38 me
2578 2566 121 64 yet.
2782 2549 25 66 I
2839 2549 125 67 had

265 2650 61 51 to
362 2652 98 63 get
492 2635 158 66 back
682 2638 123 65 into
841 2664 163 39 some
1037 2635 72 68 of
1139 2664 103 52 my
1273 2637 107 66 old
1410 2664 171 52 ways
1943 2638 129 68 We
2108 2638 111 68 left
2253 2642 151 66 each
2438 2642 169 68 other
2639 2642 131 69 that
2802 2642 166 81 night

267 2754 66 39 as
358 2754 97 40 we
491 2725 108 69 did
631 2727 98 67 the
761 2728 170 80 night
963 2727 230 67 before.
1273 2728 125 68 She
1430 2728 210 68 would
1674 2745 105 51 not
1813 2730 81 66 let
1925 2759 95 39 me
2052 2759 79 40 on
2167 2730 100 69 the
2301 2760 162 39 same
2495 2760 121 41 car.
2699 2733 128 68 We
2866 2752 102 63 got

265 2847 78 39 on
380 2818 276 68 different
689 2847 149 40 cars.
927 2818 24 68 I
987 2847 127 40 was
1144 2837 61 50 to
1239 2837 157 50 meet
1430 2820 107 67 her
1571 2821 98 66 the
1703 2838 141 51 next
1877 2825 253 78 evening
2165 2840 60 49 at
2260 2823 42 66 9
2338 2825 235 67 o'clock
2607 2855 78 37 on
2722 2855 34 37 a
2795 2843 173 51 street

264 2937 208 40 corner
516 2915 58 64 in
619 2909 253 70 another
916 2928 133 63 part
1093 2911 70 66 of
1207 2913 100 66 the
1349 2916 120 76 city
1517 2916 162 76 quite
1725 2940 163 41 some
1928 2940 171 54 ways
2147 2931 122 51 out.
2360 2916 213 80 Again
2624 2916 26 68 I
2695 2918 126 66 had
2865 2945 101 52 my

265 3003 241 74 doubts,
551 3003 273 79 thinking
866 3003 104 67 she
1010 3003 190 81 might
1239 3003 76 67 be
1356 3003 252 81 bluffing
1649 3031 113 39 me.
1859 3004 23 66 I
1928 3004 181 68 made
2148 3033 80 53 up
2267 3035 101 52 my
2409 3008 168 66 mind
2617 3025 60 50 to
2721 3038 94 39 see
2854 3009 112 68 this

265 3094 170 80 thing
469 3094 257 80 through
765 3096 120 66 and
919 3096 42 66 it
995 3123 129 39 was
1154 3094 334 81 something
1522 3096 186 67 about
1740 3097 107 66 her
1876 3096 343 69 wonderful
2253 3097 143 68 blue
2429 3099 124 66 and
2585 3101 212 79 purple
2829 3128 137 52 eyes

264 3185 130 66 that
433 3185 239 66 seemed
707 3201 61 50 to
805 3184 153 67 hold
993 3213 95 38 me
1127 3189 124 64 into
1288 3185 114 68 this
1437 3213 175 52 game
1654 3187 123 66 and
1821 3185 24 66 I
1886 3185 156 70 have
2082 3187 219 68 doubts
2340 3189 49 66 if
2428 3191 162 66 there
2633 3192 45 65 is
2719 3191 249 66 another

262 3304 242 39 woman
541 3282 58 63 in
638 3275 98 68 the
772 3277 198 68 world
1007 3277 130 68 that
1168 3279 110 66 has
1317 3304 140 54 eyes
1491 3277 119 68 like
1644 3279 155 66 her's
1837 3304 176 41 were.

404 3382 168 66 Next
612 3385 254 78 evening
905 3382 26 66 I
970 3411 128 39 was
1134 3411 78 39 on
1253 3384 98 66 the
1390 3411 210 39 corner
1639 3400 61 51 at
1733 3385 43 65 9
1811 3384 239 67 o'clock
2086 3384 201 69 where
2326 3384 26 67 I
2390 3414 129 39 was
2553 3402 59 51 to
2648 3402 157 51 meet
2837 3385 124 68 her.

262 3472 125 69 She
421 3502 127 37 was
585 3489 104 50 not
724 3475 181 66 there.
997 3473 25 66 I
1056 3473 227 68 waited
1319 3473 94 68 for
1452 3475 185 68 about
1669 3475 114 68 five
1816 3478 253 65 minutes
2104 3477 124 67 and
2263 3477 131 67 said
2428 3494 59 50 to
2521 3475 242 83 myself,

262 3565 96 69 it's
387 3595 36 37 a
455 3566 152 66 bluff
638 3565 112 67 this
1066 3566 26 66 I
1122 3566 224 68 looked
1378 3595 81 53 up
1491 3568 99 66 the
1620 3585 176 49 street
1827 3568 121 68 and
1977 3597 126 39 saw
2133 3597 36 39 a
2199 3597 241 39 woman
2468 3587 134 49 turn
2631 3568 98 68 the
2756 3597 208 39 corner

260 3658 271 79 walking
567 3656 198 68 rather
800 3658 121 66 fast
956 3660 266 66 towards
1253 3687 113 39 me.
1456 3658 27 68 I
1520 3660 151 74 said,
1710 3658 266 69 "That's
2267 3660 52 66 It
2355 3688 147 48 was,
2541 3661 103 66 she
2678 3688 171 39 came
2885 3688 81 53 up

262 3766 61 49 to
364 3776 96 39 me
506 3749 122 66 and
670 3748 152 74 said,
985 3748 181 67 know
1209 3749 191 80 you'll
1449 3748 230 83 forgive
1722 3776 113 39 me.
1928 3751 170 68 lam
2142 3751 193 68 awful
2379 3778 164 53 sorry
2590 3749 26 68 I
2658 3751 144 80 kept
2843 3780 121 51 you

667 3841 25 66 I
738 3841 150 76 said,
1156 3841 180 67 that's
1383 3841 259 81 allright,
1689 3842 26 66 I
1757 3842 212 68 would
2013 3842 74 70 be
2126 3842 231 82 willing
2399 3861 61 51 to
2502 3849 144 65 wait
2685 3848 142 67 here
2870 3848 94 66 for

262 3959 142 53 you,
440 3932 162 75 well,
641 3932 146 68 until
824 3961 122 51 you
980 3936 122 77 just
1449 3932 125 68 She
1612 3932 267 81 laughed
1916 3936 122 66 and
2074 3934 151 76 said,
2495 3937 26 66 I
2555 3937 230 68 believe
2821 3966 138 53 you.

264 4022 25 68 I
336 4024 100 66 bet
480 4051 122 52 you
1015 4022 124 69 She
1186 4024 151 76 said,
1672 4052 95 39 we
1810 4025 125 68 will
1979 4025 164 68 walk
2192 4027 122 66 and
2358 4027 166 68 stroll
2573 4029 234 66 around
2853 4029 111 67 this

660 4117 130 66 We
826 4115 247 68 walked
1110 4115 183 81 along
1327 4115 232 81 talking
1595 4115 184 68 about
1813 4122 239 63 various
2089 4117 213 81 things,
2343 4124 237 76 turning
2609 4122 59 66 in
2702 4122 122 68 and
2860 4139 103 51 out

262 4208 227 66 several
526 4223 220 51 streets.
836 4207 24 66 I
894 4235 128 39 was
1056 4235 63 39 so
1156 4208 318 66 interested
1507 4210 57 64 in
1598 4207 107 67 her
1739 4207 25 66 I
1798 4234 181 40 never
2011 4208 147 81 paid
2191 4237 120 52 any
2346 4213 288 65 attention
2668 4229 61 50 to
2760 4213 201 68 where

257 4327 96 39 we
387 4325 159 42 were
580 4298 270 78 walking
887 4325 68 41 or
985 4298 168 68 what
1186 4313 175 53 street
1396 4325 95 41 we
1529 4325 159 41 were
1723 4325 98 41 on.
