3292 4798
293 4459 123 66 234

441 288 158 66 Mrs.
636 287 174 67 Scott
841 288 110 66 has
985 287 299 67 confused
1320 288 164 68 these
1516 288 378 82 possibilities
1925 290 71 66 of
2026 305 347 59 treatment;
2411 288 330 82 primarily,
2781 288 102 66 she
2910 287 112 67 has

306 378 189 68 failed
528 395 59 51 to
622 383 281 76 envisage
934 378 107 68 her
1074 380 236 79 subject
1339 408 66 38 as
1440 408 36 38 a
1508 385 144 62 unit.
1733 381 112 66 An
1877 381 303 80 organism
2214 383 46 63 is
2287 397 156 50 most
2473 380 185 79 likely
2687 395 60 51 to
2780 380 76 66 be
2883 380 105 66 har-

301 476 276 63 monious
612 473 122 66 and
766 473 146 68 vital
946 475 59 64 in
1042 473 82 66 all
1159 475 71 64 its
1261 490 164 64 parts
1457 475 178 66 when
1669 478 73 63 its
1777 502 137 40 core
1948 476 46 65 is
2030 473 304 68 detached
2366 473 119 68 like
2524 502 36 39 a
2597 473 223 79 crystal
2858 469 160 70 seed.

302 566 71 66 A
404 583 237 63 pattern
675 593 144 53 may
854 566 77 66 be
968 566 306 80 imagined
1306 566 209 68 within
1555 595 34 39 a
1627 595 157 39 mass
1818 566 69 68 of
1921 566 396 74 irrelevance;
2355 564 106 66 but
2495 564 334 80 perfection
2864 568 46 62 is
2944 591 76 38 an

304 674 174 49 exact
524 657 390 66 coincidence
956 657 69 68 of
1068 657 98 66 the
1205 674 239 65 pattern
1486 659 146 66 with
1676 662 71 63 its
1791 659 193 66 frame
1987 656 193 69 —the
2221 656 212 81 design
2475 656 181 79 being
2693 656 102 66 the
2836 654 184 75 book,

302 766 60 51 to
402 751 100 66 the
546 751 115 66 last
702 778 257 39 comma.
1049 751 124 66 But
1212 751 162 66 there
1417 754 45 63 is
1503 754 57 64 in
1604 749 331 81 Escapade
1975 779 78 38 no
2096 749 235 81 wholly
2373 749 295 66 executed
2710 749 310 71 intention,

302 844 107 66 but
448 872 36 38 a
522 842 317 69 miserable
878 871 285 40 converse
1201 844 70 66 of
1312 844 330 81 discipline.
1731 844 249 81 Fatally
2018 845 257 66 hesitant
2314 871 224 51 among
2576 840 102 68 the
2717 840 200 66 masks
2954 837 69 69 of

301 935 106 68 her
439 964 293 52 memory,
771 935 100 68 the
903 938 241 65 various
1179 950 337 51 utterances
1550 938 263 78 seeming
1847 954 59 49 to
1935 935 252 68 hesitate
2219 964 81 39 on
2336 933 411 68 remembered
2781 933 242 66 crusted

302 1028 239 66 mouths
582 1028 123 66 and
741 1030 328 64 immanent
1107 1032 59 62 in
1207 1028 99 66 the
1344 1030 269 78 retching
1650 1030 232 73 bodies,
1925 1030 98 66 the
2063 1028 258 80 burning
2358 1032 217 62 insects
2614 1027 123 66 and
2778 1025 242 68 scarred

302 1121 183 75 birds,
533 1121 103 68 she
680 1138 190 51 wrote
917 1125 58 62 in
1020 1121 100 66 the
1161 1121 122 66 first
1328 1121 166 66 fever
1538 1121 70 68 of
1654 1123 370 78 recognition
2067 1121 68 66 of
2180 1121 105 66 her
2331 1120 262 81 subject;
2641 1148 64 38 so
2747 1120 133 67 that
2920 1118 100 66 the

301 1230 159 51 roots
497 1213 69 68 of
602 1213 98 68 the
732 1213 165 68 bock
929 1240 159 39 were
1125 1213 253 79 already
1415 1230 100 49 cut
1550 1213 126 66 and
1708 1211 269 81 tangled.

436 1306 183 68 Since
661 1303 332 83 Escapade
1030 1311 46 63 is
1120 1333 76 39 an
1240 1304 508 82 autobiography,
1791 1308 42 64 it
1869 1308 47 62 is
1953 1303 263 81 possible
2258 1321 61 51 to
2361 1319 109 65 put
2505 1303 170 66 one's
2715 1303 187 79 finger
2942 1328 80 39 on

304 1397 113 66 this
451 1399 248 64 nucleus
738 1397 155 68 from
931 1397 198 68 which
1168 1402 40 63 it
1244 1426 237 53 sprang.
1569 1399 142 64 The
1747 1397 196 78 things
1977 1397 202 66 which
2212 1396 327 81 happened
2575 1396 242 66 contain
2854 1394 166 66 three

302 1492 305 81 qualities:
655 1492 99 68 the
792 1494 311 78 poignant,
1149 1491 100 67 the
1291 1491 380 79 spectacular
1711 1491 122 66 and
1870 1489 99 66 the
2009 1487 315 81 symbolic,
2368 1489 153 66 each
2560 1487 218 68 hostile
2815 1502 63 53 to
2922 1487 100 66 the

302 1584 176 67 effect
517 1584 70 67 of
629 1584 98 66 the
770 1584 216 67 others.
1078 1584 142 66 The
1259 1587 129 76 pity
1430 1585 44 65 is
1518 1582 224 68 chilled
1786 1582 83 81 by
1911 1580 100 68 the
2053 1582 236 66 sensual
2331 1595 516 65 sumptuousness;
2897 1575 126 70 and

301 1677 59 64 in
394 1704 34 39 a
465 1675 320 81 spectacle,
822 1677 225 78 images
1080 1675 69 66 of
1176 1675 219 80 pathos
1427 1673 298 80 displease
1760 1700 65 39 as
1858 1702 36 39 a
1925 1675 242 78 striving
2199 1672 98 67 for
2329 1672 195 66 effect.
2602 1670 289 81 Symbols
2920 1699 102 40 are

301 1768 237 80 always
575 1768 185 80 likely
802 1785 59 49 to
905 1768 168 80 lapse
1112 1772 125 62 into
1278 1767 225 74 deceit;
1547 1765 157 68 Mrs.
1747 1763 227 68 Scott's
2016 1763 696 81 religio-psychological
2756 1761 267 83 symbols

304 1890 100 39 are
451 1861 151 66 stale
649 1861 124 66 and
822 1863 374 64 reminiscent
1244 1860 69 66 of
1356 1860 169 66 other
1572 1858 212 74 books,
1836 1858 124 66 and
2006 1873 352 65 exasperate
2400 1856 83 82 by
2529 1856 151 68 their
2725 1858 298 66 incessant

302 1953 429 78 interposition.
815 1951 100 66 As
954 1978 36 39 a
1025 1951 325 66 document
1388 1949 69 66 of
1494 1948 273 81 anguish,
1806 1965 61 50 to
1904 1948 185 81 appal
2126 1949 124 66 and
2285 1948 178 67 wake
2497 1951 130 78 pity
2665 1948 123 66 and
2824 1946 164 81 indig-

301 2049 227 71 nation,
566 2048 45 62 it
644 2048 48 64 is
726 2061 100 51 too
866 2061 230 56 ornate,
1135 2071 149 38 even
1320 2043 384 81 voluptuous.
1792 2041 144 69 The
1977 2058 169 64 great
2185 2041 242 68 records
2465 2041 69 68 of
2571 2041 346 66 endurance
2954 2068 69 39 or

301 2141 333 66 anatomies
688 2137 70 68 of
814 2137 284 80 suffering
1151 2136 157 67 have
1362 2136 153 67 been
1567 2134 151 69 bald
1774 2136 123 66 and
1955 2153 195 62 stony,
2206 2134 147 68 with
2411 2134 269 80 rhythms
2736 2131 287 69 matched

301 2230 243 82 exactly
580 2247 63 51 to
682 2230 100 68 the
817 2234 229 64 motion
1083 2229 68 68 of
1190 2244 225 59 events,
1454 2244 105 51 not
1593 2244 61 51 to
1696 2254 76 39 an
1809 2225 153 70 echo
1999 2225 69 68 of
2099 2241 235 66 poetry,
2373 2224 200 81 keyed
2610 2224 242 81 exactly
2888 2242 61 51 to
2986 2253 36 38 a

301 2322 191 81 dying
541 2320 197 82 husky
785 2322 229 80 piping,
1063 2337 106 51 not
1213 2337 63 51 to
1327 2347 162 41 some
1540 2319 151 67 stale
1740 2317 124 68 and
1911 2315 411 70 remembered
2370 2320 217 73 music;
2644 2344 66 41 as
2759 2315 264 68 Defoe's

299 2412 259 81 Journal
594 2420 67 71 of
700 2412 97 67 the
836 2410 247 81 Plague
1129 2410 189 76 Year,
1357 2440 78 39 an
1474 2410 278 81 example
1792 2410 70 68 of
1894 2410 235 83 perfect
2162 2410 237 68 control
2441 2410 95 66 for
2571 2437 117 41 one
2725 2437 292 54 purpose:

849 2534 38 39 a
915 2522 200 64 garret
1142 2503 269 70 window
1444 2503 260 81 opened,
1738 2503 126 68 and
1892 2501 337 82 somebody
2263 2501 158 68 from
2449 2530 36 39 a
2514 2500 269 69 window
2810 2530 81 39 on
2922 2500 101 67 the

301 2600 169 67 other
511 2598 127 69 side
678 2600 70 66 of
783 2600 102 67 the
927 2600 163 81 alley
1125 2598 205 68 called
1373 2598 123 68 and
1538 2595 209 77 asked,
1787 2596 170 68 what
1996 2600 49 64 is
2082 2596 100 68 the
2219 2600 261 62 matter?
2565 2595 196 79 Upon
2797 2591 223 76 which,

302 2691 158 68 from
502 2691 100 68 the
644 2689 121 68 first
800 2689 271 70 window
1107 2691 44 66 it
1188 2716 130 41 was
1357 2688 336 76 answered,
1735 2688 66 67 O
1840 2686 193 76 Lord,
2075 2715 105 52 my
2219 2688 109 67 old
2366 2703 222 51 master
2626 2686 111 69 has
2776 2686 247 81 hanged

299 2783 276 69 himself!
670 2783 142 67 The
853 2783 171 67 other
1069 2781 188 68 asked
1303 2784 202 76 again,
1549 2783 47 66 is
1633 2779 80 70 he
1757 2781 162 79 quite
1960 2777 208 70 dead?
2214 2779 125 68 and
2382 2779 101 68 the
2524 2777 122 70 first
2685 2777 335 75 answered,

302 2904 100 53 ay,
438 2903 98 54 ay,
570 2877 162 80 quite
763 2874 193 76 dead;
995 2877 161 78 quite
1186 2874 164 68 dead
1383 2874 123 68 and
1537 2872 174 70 cold!
1787 2872 158 68 This
1974 2899 215 53 person
2216 2899 130 41 was
2378 2899 36 41 a
2436 2871 315 69 merchant

304 2967 69 68 In
419 2969 100 68 the
565 2984 465 64 contemporary
1076 2965 259 70 absence
1376 2965 69 68 of
1488 2964 342 69 retributive
1875 2964 173 81 gods,
2094 2969 59 64 in
2195 2964 99 67 the
2338 2962 354 69 decadence
2732 2962 71 68 of
2839 2964 181 79 hope,

487 3060 232 68 disease
753 3060 69 68 of
1112 3060 147 80 high
1290 3059 259 81 tragedy
1598 3057 103 81 (as
1733 3057 100 68 the
1865 3086 210 54 poems
2104 3055 71 70 of
2211 3057 128 69 Mr.
2380 3057 203 81 Eliot)
2626 3055 111 68 has
2771 3055 252 68 become

302 3184 36 39 a
379 3170 286 65 two-part
704 3153 360 82 polyphony
1102 3152 71 69 of
1208 3152 337 67 loathsome
1582 3150 426 81 degradation,
2052 3179 35 39 a
2128 3148 145 75 fact,
2317 3148 126 68 and
2482 3148 340 80 imaginary
2863 3147 128 67 love-

306 3246 193 75 liness,
529 3262 105 51 not
663 3275 34 38 a
731 3246 157 75 fact;
920 3245 100 68 the
1051 3245 106 66 old
1190 3260 138 51 note
1361 3243 69 66 of
1457 3243 224 73 Christ,
1716 3272 36 37 a
1779 3258 144 63 poet
1952 3245 57 62 in
2038 3270 36 37 a
2102 3240 220 67 similar
2353 3240 213 76 epoch,
2888 3265 102 53 pro-

301 3340 203 67 duced
536 3340 83 79 by
653 3340 100 67 the
785 3340 433 79 juxtaposition
1252 3336 71 68 of
1356 3336 99 68 the
1494 3336 127 66 fact
1650 3336 146 66 with
1833 3335 100 67 the
1963 3333 185 76 ideal,
2187 3335 124 67 and
2343 3333 69 68 of
2444 3333 100 68 the
2575 3348 269 51 creature
2874 3329 148 70 with

297 3433 100 66 the
761 3429 254 82 (Sturge
1058 3429 294 80 Moore).
1439 3429 145 66 One
1620 3428 283 67 wonders
1938 3428 47 66 if
2023 3426 113 68 this
2173 3429 46 65 is
2256 3441 105 51 not
2400 3426 102 66 the
2541 3424 220 68 formal
2803 3421 190 81 signifi-

302 3553 187 39 cance
543 3523 69 69 of
663 3523 156 67 Mrs.
873 3523 225 67 Scott's
1149 3521 371 79 experience,
1574 3519 100 68 the
1725 3517 255 68 attitude
2026 3517 203 68 which
2277 3516 211 67 would
2538 3516 181 67 make
2764 3519 44 64 it
2858 3512 165 82 yield

302 3634 171 51 most.
565 3616 144 67 The
749 3617 163 65 critic
954 3616 46 64 is
1042 3612 214 68 forced
1298 3629 59 49 to
1400 3627 238 65 suggest
1682 3639 36 39 a
1757 3611 281 74 solution,
2082 3614 159 63 since
2285 3609 104 68 she
2424 3607 112 70 has
2575 3609 262 81 brought
2878 3612 42 65 it
2964 3626 59 49 to

296 3738 79 39 no
404 3714 125 76 ripe
556 3707 319 80 harmony.
958 3705 145 68 One
1130 3705 302 73 wonders,
1466 3704 110 67 but
1604 3719 224 51 cannot
1857 3731 217 51 escape
2104 3702 98 66 the
2231 3702 230 80 jangle,
2493 3702 119 68 like
2639 3705 381 65 instruments

301 3819 105 51 out
438 3802 71 68 of
546 3817 161 59 tune,
749 3800 68 66 of
853 3799 100 67 the
986 3800 241 65 various
1261 3797 240 79 designs
1538 3797 271 66 inherent
1845 3799 58 64 in
1935 3793 108 70 her
2080 3793 183 68 book.

443 3902 25 66 I
502 3929 146 52 may
678 3900 158 70 refer
871 3919 60 49 to
964 3904 226 64 certain
1223 3904 194 66 critics
1449 3919 61 51 to
1547 3900 100 68 the
1681 3917 201 51 extent
1913 3898 69 68 of
2011 3904 210 76 noting
2255 3900 98 66 the
2382 3898 388 75 irrelevance,
2800 3898 223 68 indeed

299 3997 444 78 impertinence,
778 3993 71 66 of
880 3993 150 68 their
1061 3997 312 64 insistence
1406 4022 80 37 on
1523 3995 158 66 Mrs.
1716 3993 225 66 Scott's
1974 3992 345 79 morbidity.
2404 3992 455 81 Complacence
2893 3992 124 67 and

297 4086 100 68 the
433 4090 391 78 astigmatism
856 4086 69 66 of
959 4085 264 69 comfort
1257 4086 124 66 and
1408 4085 266 81 justified
1704 4086 290 66 irritation
2030 4102 62 49 at
2121 4083 249 68 falsities
2395 4085 73 67 of
2499 4083 154 81 style
2681 4083 144 71 lead
2858 4085 162 67 them

304 4198 59 49 to
414 4181 141 68 take
605 4196 237 65 strange
893 4180 278 69 liberties.
1271 4178 25 68 I
1345 4207 173 40 come
1564 4196 61 50 to
1674 4178 169 69 think
1891 4178 69 68 of
2006 4176 100 68 the
2153 4176 164 68 book
2370 4205 66 39 as
2487 4205 35 39 a
2570 4205 159 41 mass
2778 4176 69 68 of
2895 4203 127 41 raw

296 4274 304 77 material;
653 4274 125 68 and
820 4274 258 68 without
1124 4273 394 80 overlooking
1560 4276 72 64 its
1674 4271 335 82 inferiority
2057 4288 61 52 to
2163 4273 71 66 its
2277 4298 140 41 own
2463 4271 445 81 potentialities,
2957 4286 61 51 to
