3292 4798
281 4501 123 56 236

409 324 210 70 There
653 327 48 65 is
731 353 168 41 more
936 322 391 82 imagination
1361 338 64 50 at
1458 321 167 79 large
1661 321 59 66 in
1752 319 298 68 America
2084 316 147 67 than
2267 317 61 66 in
2365 339 122 55 any
2519 311 173 69 other
2724 326 275 64 country.

271 417 330 83 Anything
653 416 286 69 succeeds
987 417 59 66 in
1090 416 298 67 America
1437 412 131 68 that
1618 416 46 64 is
1710 410 245 70 infused
1999 409 148 67 with
2198 436 37 39 a
2282 407 153 68 bold
2485 405 126 68 and
2663 402 341 71 controlled

276 515 413 78 imagination.
750 509 144 69 The
921 509 337 69 American
1290 505 267 70 business
1586 505 200 68 world
1817 509 47 64 is
1894 502 280 83 glorified
2201 502 85 81 by
2318 502 101 66 the
2450 499 349 81 absorption
2827 497 70 68 of
2927 524 77 41 an

279 603 384 80 imaginative
724 629 244 54 energy,
1036 598 95 68 for
1190 629 66 39 so
1319 598 145 82 long
1524 598 223 68 denied
1808 598 330 80 expansion
2203 598 59 65 in
2325 593 171 68 other
2558 592 300 67 countries
2919 588 85 82 by

276 724 79 39 an
403 693 372 70 intellectual
824 708 347 65 autocracy.
1273 690 190 81 Ergo,
1510 719 97 40 we
1654 719 102 39 are
1801 692 102 66 the
1952 690 217 68 richest
2218 705 254 64 country
2518 692 61 64 in
2631 688 98 68 the
2778 685 221 74 world,

277 790 124 67 and
433 817 112 39 our
580 791 261 78 sportive
875 790 164 66 main
1078 803 266 58 streams,
1386 786 209 68 sexual
1632 786 125 68 and
1791 785 322 74 convivial,
2154 786 111 66 rise
2303 800 61 51 to
2404 783 100 69 the
2541 783 239 81 highest
2816 798 191 53 water

272 881 175 68 mark
484 880 71 69 of
597 885 327 64 eminence.

414 973 55 69 It
508 978 45 64 is
592 973 102 67 the
728 973 337 67 American
1102 971 230 81 lawyer
1366 971 141 69 who
1549 998 313 42 conserves
1903 971 124 66 and
2067 969 376 68 administers
2480 968 100 67 the
2619 968 386 81 imaginative

272 1083 286 64 concepts
602 1066 209 68 whose
853 1064 264 81 magical
1161 1064 473 80 manipulations
1678 1062 159 70 have
1881 1061 298 71 liberated
2223 1064 102 68 the
2369 1062 294 82 primitive
2709 1061 295 81 appetites

277 1157 124 70 and
447 1162 267 76 energies
758 1157 70 68 of
872 1157 330 81 oppressed
1246 1157 267 80 peoples.
1608 1156 158 69 This
1805 1156 166 69 book
2011 1156 200 67 shows
2255 1156 132 74 this,
2435 1157 125 68 and
2606 1156 399 69 furthermore

274 1250 132 70 that
455 1250 296 68 America
804 1254 49 64 is
904 1277 79 39 on
1038 1252 71 64 its
1158 1276 144 54 way
1351 1264 61 51 to
1463 1247 320 83 becoming
1837 1245 459 71 self-conscious
2350 1247 190 69 about
2589 1249 101 67 the
2743 1249 261 81 popular

276 1360 401 51 amusements
714 1342 126 68 and
875 1342 393 79 indulgences
1305 1340 110 68 but
1449 1342 130 66 that
1613 1343 43 65 it
1688 1342 112 66 has
1835 1357 105 51 not
1976 1343 162 78 quite
2177 1359 319 62 outgrown
2531 1340 100 68 the
2663 1342 307 66 conscious-

274 1465 132 41 ness
445 1435 71 69 of
557 1465 35 39 a
636 1435 342 68 distinction
1016 1435 277 68 between
1332 1435 166 80 good
1541 1437 123 67 and
1703 1433 136 68 evil.
1932 1433 413 82 Bootlegging
2387 1437 46 64 is
2474 1433 262 83 perhaps
2780 1462 36 39 a
2860 1432 144 67 final

274 1530 345 67 corrective.
706 1528 294 68 America
1034 1526 126 68 will
1198 1543 102 65 yet
1334 1525 176 69 teach
1544 1526 102 68 the
1674 1525 200 69 world
1908 1523 171 69 what
2111 1525 276 67 freedom
2418 1528 66 64 is.

413 1621 208 68 There
652 1650 99 39 are
782 1625 193 64 minor
1004 1619 186 68 faults
1221 1619 69 68 of
1317 1619 152 82 style
1497 1623 60 64 in
1585 1618 113 69 this
1727 1616 184 70 book.
1984 1619 71 67 A
2082 1616 126 70 thin
2238 1618 109 69 but
2372 1618 354 83 distracting
2751 1618 117 69 veil
2899 1621 106 66 lies

274 1741 144 41 over
452 1714 100 68 the
584 1713 232 67 radical
853 1711 173 68 facts.
1109 1711 145 69 The
1287 1711 164 68 book
1483 1713 47 66 is
1566 1709 328 82 dubiously
1925 1711 393 80 journalistic.
2401 1709 142 68 The
2579 1709 128 73 bad
2748 1709 257 82 English

276 1813 49 64 is
381 1806 420 81 theoretically
862 1804 331 75 contrived,
1254 1802 254 82 crudely
1568 1802 210 68 faked.
1913 1802 70 68 In
2040 1829 166 43 some
2260 1804 70 66 of
2386 1802 98 68 the
2541 1802 327 70 anecdotes
2924 1831 78 41 an

277 1899 395 81 authenticity
707 1899 219 68 breaks
965 1896 261 82 through
1268 1897 124 66 and
1432 1896 246 69 reaches
1718 1894 239 81 heights
1993 1894 69 69 of
2103 1894 342 83 simplicity.
2536 1896 126 67 But
2699 1896 100 69 the
2836 1912 171 65 great

277 1990 314 68 economic
635 1989 381 81 significance
1061 1987 70 69 of
1176 1987 100 69 the
1319 1987 167 68 book
1532 1989 47 66 is
1625 1985 464 70 unmistakable.

1847 2109 296 68 Robert
2171 2111 265 66 Alden
2470 2109 349 68 Sanborn

274 2290 433 76 Harmonium,
750 2288 81 83 by
880 2288 285 71 Wallace
1204 2288 271 70 Stevens.
1561 2288 168 70 New
1773 2287 191 81 York.
2047 2285 237 81 Alfred
2321 2287 88 67 A.
2452 2287 240 83 Knopf.
2780 2288 222 77 $2.00.

413 2432 71 68 A
518 2431 264 81 singular
814 2431 188 67 breed
1029 2429 73 69 of
1131 2429 296 68 Sensitive
1461 2429 220 68 Plants
1708 2427 208 81 begins
1949 2444 61 53 to
2040 2427 244 68 flourish
2313 2429 56 66 in
2399 2426 103 67 the
2531 2454 202 41 severe
2761 2426 244 67 climate

274 2524 71 67 of
381 2524 316 69 America.
787 2522 205 75 Some,
1033 2520 270 70 revolted
1342 2520 83 82 by
1461 2522 73 66 its
1566 2520 195 70 moral
1800 2519 123 69 and
1962 2520 313 66 economic
2313 2517 159 76 bars,
2507 2546 144 52 may
2685 2519 159 67 have
2883 2517 122 68 fled

276 2634 61 51 to
387 2622 171 64 voice
606 2617 152 68 their
804 2615 176 70 bitter
1029 2630 244 66 protest.
1392 2613 296 68 Wallace
1735 2610 256 71 Stevens
2037 2613 274 67 remains.
2435 2612 328 68 Oblivious
2809 2629 63 49 to
2922 2610 82 68 all

277 2710 307 75 elements,
630 2737 140 39 save
811 2708 100 68 the
950 2708 240 68 natural
1231 2707 228 81 beauty
1500 2705 200 69 which
1739 2705 252 83 puzzles
2030 2705 125 68 and
2187 2703 246 70 humors
2475 2707 126 67 and
2641 2702 180 71 holds
2856 2703 148 75 him,

277 2805 126 66 and
436 2803 97 68 for
563 2801 204 70 which
802 2801 76 68 he
914 2817 229 52 returns
1178 2800 100 67 the
1314 2801 188 66 music
1534 2798 71 68 of
1639 2798 90 69 his
1762 2796 224 68 words.

414 2896 146 68 One
596 2895 125 67 side
751 2895 70 67 of
850 2895 123 67 him
1002 2896 49 66 is
1083 2896 226 65 exotic:
1349 2891 198 68 colors
1579 2920 102 39 are
1712 2889 210 77 richer,
1955 2889 226 68 sounds
2211 2918 102 39 are
2345 2888 244 81 sharper
2616 2891 57 65 in
2704 2888 123 69 him
2860 2886 145 68 than

277 2994 58 63 in
370 2989 171 68 other
572 2986 198 71 minds
802 3015 68 40 or
904 2988 59 66 in
1000 2986 100 68 the
1139 2986 124 68 real
1298 2988 298 66 existence
1634 2983 199 69 which
1872 2983 100 67 the
2008 3010 157 40 mass
2201 2981 169 68 mind
2408 2998 260 64 accepts.
2753 2981 86 68 So
2877 2979 130 70 that

276 3108 94 42 we
406 3081 159 68 have
604 3079 100 70 the
740 3096 215 66 poetry
992 3076 71 71 of
1104 3103 438 47 sensuousness,
1588 3105 36 37 a
1661 3089 213 68 poetry
1910 3072 201 70 which
2154 3071 276 83 depends
2470 3071 220 83 chiefly
2729 3099 166 55 upon
2934 3074 73 66 its

277 3177 195 66 exotic
506 3176 164 81 spirit
701 3191 61 51 to
790 3171 154 71 hold
975 3199 88 48 us,
1100 3199 65 39 as
1193 3174 61 66 in
1293 3169 204 68 Banal
1530 3167 300 83 Sojourn:

618 3304 122 58 The
773 3303 94 69 sky
900 3306 41 54 is
973 3326 31 34 a
1036 3301 124 58 blue
1197 3323 122 47 gum
1349 3296 241 61 streaked
1622 3298 125 57 with
1779 3318 127 35 rose.
1989 3294 121 58 The
2143 3308 129 44 trees
2306 3316 88 36 are
2423 3293 174 59 black.

616 3382 122 58 The
777 3381 234 69 grackles
1048 3379 154 57 crack
1239 3379 129 57 their
1403 3377 195 58 throats
1637 3375 59 58 of
1730 3375 136 58 bone
1905 3377 49 54 in
1989 3374 85 57 the
2110 3374 204 57 smooth
2350 3374 91 56 air.

618 3457 259 57 Moisture
916 3453 105 60 and
1058 3455 120 58 heat
1215 3453 133 58 have
1383 3452 215 59 swollen
1635 3453 85 56 the
1759 3450 196 69 garden
1993 3452 105 57 into
2138 3474 31 34 a
2204 3448 134 58 slum
2379 3448 59 58 of
2472 3447 193 59 bloom.

618 3536 220 60 Pardie!
904 3535 239 57 Summer
1176 3536 41 56 is
1249 3533 100 59 like
1386 3557 31 34 a
1456 3533 78 58 fat
1566 3531 164 65 beast,
1767 3530 175 69 sleepy
1977 3531 50 54 in
2060 3526 229 66 mildew,
2380 3574 11 11 .
2484 3572 13 12 .
2589 3570 13 12 .

418 3662 68 67 Y
489 3677 78 61 et,
599 3660 100 69 the
731 3658 234 83 fallacy
997 3657 68 69 of
1094 3657 113 69 this
1232 3682 271 49 manner,
1535 3682 149 41 even
1712 3657 61 66 in
1798 3657 74 66 its
1896 3668 156 53 most
2082 3650 341 69 admirable
2453 3650 126 68 and
2609 3648 401 83 sympathetic

279 3770 322 68 exponent,
640 3758 47 65 is
728 3753 132 68 that
897 3755 46 66 it
977 3767 159 52 must
1173 3777 78 54 go
1288 3777 82 39 on
1405 3748 181 81 being
1620 3773 169 41 more
1832 3745 123 67 and
1989 3772 168 39 more
2196 3755 261 68 strange.
2548 3741 144 70 The
2731 3740 279 69 cultured

281 3873 420 46 sensuousness
733 3845 69 69 of
836 3845 129 67 Mr.
1004 3843 255 68 Stevens
1292 3845 59 66 in
1381 3839 92 70 his
1500 3856 142 51 next
1669 3838 168 67 book
1864 3836 213 69 would
2106 3836 159 68 have
2294 3851 61 53 to
2384 3834 76 68 be
2492 3861 166 41 more
2690 3833 124 67 and
2841 3860 168 40 more

279 3944 269 68 intimate
594 3939 124 68 and
767 3938 384 72 scandalous,
1200 3936 87 68 ad
1327 3931 351 69 absurdum.
1774 3931 24 68 I
1845 3946 173 53 stress
2062 3928 114 69 this
2221 3928 127 69 side
2394 3926 69 69 of
2509 3926 90 68 his
2646 3924 364 81 production

277 4036 261 68 because
580 4038 46 66 it
663 4032 112 70 has
817 4031 343 69 influenced
1200 4055 186 54 many
1429 4026 69 67 of
1535 4024 94 68 his
1668 4049 274 56 younger
1983 4021 526 81 contemporaries,
2558 4019 124 66 and
2724 4021 58 64 in
2824 4017 183 75 them,

279 4144 63 53 at
376 4129 169 73 least,
584 4124 173 69 leads
790 4141 63 51 to
887 4137 293 68 pretense,
1217 4119 124 69 and
1373 4117 350 70 murkiness.

416 4220 109 68 On
577 4219 100 69 the
723 4217 174 69 other
944 4214 172 71 hand
1165 4212 167 69 there
1378 4215 49 66 is
1475 4241 35 37 a
1556 4205 476 76 mathematical,
2086 4234 37 39 a
2172 4202 440 83 metaphysical
2663 4200 236 85 quality
2948 4204 61 66 in

276 4317 230 66 certain
540 4312 69 69 of
646 4310 165 70 these
843 4336 208 54 poems
1083 4305 202 71 which
1322 4309 48 66 is
1402 4303 399 82 entertaining
1830 4305 61 66 in
1923 4300 102 69 the
2055 4297 239 84 highest
2326 4324 187 42 sense.
2601 4295 228 69 Poems
2863 4293 146 70 such
