3292 4798
2874 4417 115 55 231

286 261 67 65 of
397 262 388 84 relationship
826 265 200 69 which
1068 284 61 50 to
1171 267 197 67 minds
1408 268 70 66 of
1522 268 215 68 slower
1777 273 182 78 tempi
2001 299 156 40 seem
2201 272 359 69 irreducible
2600 275 126 66 and
2770 273 184 68 funda-

284 355 245 69 mental.
616 356 68 68 In
719 358 168 68 what
919 389 257 52 appears
1210 365 332 64 succession
1573 361 69 68 of
1672 363 405 75 dissonances,
2113 363 76 70 he
2218 365 174 68 hears
2428 395 35 39 a
2495 394 280 40 common
2805 367 181 81 pitch.

287 444 312 72 Elements
631 450 200 67 which
866 478 158 41 seem
1061 468 59 53 to
1151 451 157 68 have
1344 482 76 39 no
1459 480 280 41 common
1774 453 158 69 basis
1970 456 75 66 he
2081 455 374 81 approaches
2492 473 61 51 to
2592 485 113 39 one
2743 458 249 68 another

289 566 64 38 as
394 539 229 82 though
662 541 142 81 they
843 570 159 40 were
1039 544 506 68 blood-brothers.
1639 600 11 14 .
1740 600 14 14 .
1843 602 14 12 .
1943 549 197 66 Great
2174 549 169 66 bales
2380 549 70 68 of
2489 549 335 78 substance,
2868 553 92 68 far-

286 632 184 80 lying,
516 634 157 68 have
712 634 153 70 been
905 637 364 67 condensed.

614 741 100 67 the
756 742 168 68 mind
970 744 176 66 hears
1188 744 295 66 closeness
1523 744 273 68 between
1842 744 291 83 far-lying
2175 748 215 79 things,
2436 776 85 48 so,
2565 764 120 61 too,
2732 753 43 64 it
2815 749 177 68 hears

286 832 221 68 widths
557 834 274 68 between
880 836 361 81 close-lying
1291 836 236 67 chords.
1630 837 154 68 This
1837 839 184 66 music
2072 841 46 64 is
2169 841 379 81 compressed
2600 842 124 66 and
2778 842 215 66 almost

282 924 308 81 painfully
634 925 320 68 distended
1004 944 120 51 too.

424 1030 475 83 "Schcenberg's
941 1039 188 64 music
1175 1062 205 41 moves
1418 1035 148 68 with
1610 1037 145 68 such
1803 1039 266 79 spiritual
2114 1039 293 81 rapidity;
2453 1042 200 78 jumps
2699 1068 62 39 so
2805 1066 187 54 many

282 1123 427 82 intermediary
767 1152 304 53 processes
1129 1154 64 39 as
1253 1129 42 64 it
1354 1154 163 52 goes,
1581 1129 130 66 that
1769 1145 63 51 at
1893 1129 120 67 first
2072 1147 324 51 encounter
2419 1134 44 64 it
2526 1159 186 39 seems
2775 1130 217 68 almost

286 1234 335 64 grotesque.
711 1218 208 68 These
958 1220 176 80 rapid
1168 1223 425 77 progressions,
1632 1220 176 81 rapid
1845 1220 266 81 changes
2148 1223 68 66 of
2252 1223 206 75 mood,
2501 1222 216 83 abrupt
2756 1223 236 66 sudden

284 1308 200 81 flights
531 1310 70 66 of
650 1310 191 67 sound
938 1364 13 13 .
1053 1364 12 12 .
1164 1364 14 13 .
1278 1340 157 39 seem
1481 1313 100 66 the
1625 1330 173 49 starts
1847 1313 122 66 and
2016 1313 269 68 twitches
2331 1315 125 66 and
2502 1318 249 76 twinges
2797 1315 69 66 of
2915 1342 77 39 an

286 1427 425 40 over-nervous
750 1428 160 41 man.
1004 1401 123 68 But
1166 1403 98 66 the
1302 1405 338 66 transitions
1683 1432 100 39 are
1823 1420 254 64 present.
2165 1405 185 81 They
2387 1433 144 53 may
2572 1406 74 66 be
2683 1406 309 68 indicated

284 1491 147 69 with
462 1496 454 76 epigrammatic
946 1510 303 54 terseness.
1330 1494 143 68 The
1512 1496 154 66 form
1700 1499 45 63 is
1779 1496 335 81 preserved.
2201 1550 12 12 .
2301 1552 12 12 .
2394 1552 13 12 .

660 1603 449 67 concentration
1163 1603 45 66 is
1259 1606 60 63 in
1373 1603 98 66 the
1523 1603 373 67 economical
1948 1606 534 66 instrumentation.
2561 1604 431 80 Schcenberg's

282 1720 146 47 sere,
494 1691 240 81 ghostly
797 1721 196 39 scores
1088 1747 14 11 .
1202 1747 13 13 .
1315 1747 14 13 .
1429 1721 98 41 are
1593 1694 115 68 full
1766 1694 69 68 of
1894 1694 210 81 simple
2160 1694 258 68 marvels
2477 1694 71 68 of
2604 1697 384 80 expressivity

281 1784 282 81 wrought
602 1786 146 67 with
789 1786 188 79 single
1017 1787 410 66 instrumental
1469 1791 219 62 voices.

419 1875 105 68 To
567 1877 186 74 what,
802 1879 161 74 then,
1009 1877 152 69 shall
1207 1906 96 40 we
1346 1879 227 66 ascribe
1618 1877 98 69 the
1759 1877 274 69 twaddle
2077 1907 78 39 on
2201 1879 196 76 Bach,
2443 1879 261 76 Franck,
2749 1880 241 68 Strauss

286 1968 122 68 and
443 1996 147 40 even
624 1968 424 80 Schcenberg?

423 2073 68 68 In
524 2090 136 66 part
689 2092 61 51 to
785 2075 325 68 emotional
1144 2075 352 81 upheavals,
1534 2104 64 39 as
1628 2075 100 68 the
1764 2075 318 81 following
2111 2102 254 54 passage
2396 2104 187 39 seems
2611 2092 61 51 to
2704 2073 281 70 indicate.

621 2167 100 69 the
767 2170 191 78 wings
1002 2167 69 67 of
1119 2167 100 67 the
1264 2167 442 81 great-arched,
1759 2172 244 62 ecstatic
2050 2167 171 81 fugal
2269 2168 279 68 choruses
2607 2167 105 79 (of
2761 2165 227 69 Bach's

286 2256 215 85 Mass)
551 2285 97 41 we
689 2287 101 39 are
826 2258 233 68 carried
1097 2275 105 51 out
1237 2258 246 81 beyond
1520 2260 142 79 pain
1703 2258 122 66 and
1860 2258 275 81 pleasure
2172 2260 124 66 and
2329 2275 87 51 set
2453 2258 203 66 naked
2688 2256 200 68 breast
2926 2275 60 49 to

284 2349 198 70 breast
518 2351 145 68 with
700 2353 100 66 the
834 2351 275 81 laboring
1148 2351 269 80 divinity.
1501 2351 144 68 The
1679 2351 197 80 proud
1913 2351 166 68 brass
2118 2351 122 68 and
2275 2351 319 80 grandiose
2629 2349 222 75 drums,
2892 2349 98 68 the

284 2459 168 65 great
504 2443 437 81 sky-floating*
997 2443 240 67 edifices
1288 2443 70 67 of
1412 2443 194 67 sound
1657 2443 131 67 that
1842 2471 101 38 are
1994 2441 119 69 like
2165 2459 168 63 great
2385 2439 603 83 golden-mosaicked

284 2534 127 68 San
452 2536 255 66 Marcos
739 2539 180 76 rising
949 2534 146 80 high
1131 2539 59 63 in
1227 2532 98 68 the
1361 2536 105 73 air,
1505 2561 157 41 seem
1698 2532 234 82 shaped
1969 2549 105 51 out
2109 2534 68 66 of
2214 2532 139 68 stuff
2389 2532 274 82 dragged
2700 2532 156 68 from
2892 2532 100 68 the

286 2654 144 53 very
489 2625 215 82 depths
763 2627 68 66 of
887 2627 98 66 the
1039 2627 227 66 human
1319 2625 191 77 heart,
1569 2625 122 66 and
1745 2624 232 67 offered
2033 2629 58 62 in
2147 2641 169 62 great
2370 2624 200 81 lordly
2628 2625 243 66 clusters
2926 2639 60 52 to

284 2717 100 68 the

421 2808 103 68 To
563 2810 165 66 these
761 2837 94 39 we
894 2837 143 53 may
1078 2810 127 68 also
1242 2808 229 68 ascribe
1694 2810 224 73 titanic,
1957 2808 254 66 virulent
2250 2808 124 68 and
2414 2805 578 69 incommensurable

563 2907 60 64 in
662 2901 252 70 Bloch's
951 2901 183 68 violin
1173 2918 212 51 sonata
1667 2900 209 67 whose
1911 2898 200 68 breast
2147 2927 142 39 man
2328 2900 105 66 lies
2472 2901 125 78 tiny
2641 2900 122 66 and
2805 2901 150 78 impo-

518 2995 123 66 and
680 2995 100 66 the
817 2993 156 68 lurid
1012 2993 263 79 struggle
1308 2991 275 68 between
1622 2991 161 68 them
1815 2990 200 69 which
2052 2990 145 81 only
2238 2990 325 81 Benjamin
2597 2991 76 66 de
2707 2990 285 67 Casseres

284 3086 108 66 has
436 3084 305 83 equalled.

421 3176 159 71 And
611 3177 59 67 in
702 3193 134 64 part
868 3193 61 51 to
965 3174 100 70 the
1097 3176 127 68 fact
1256 3174 129 68 that
1412 3174 78 68 he
1525 3177 283 78 practises
1840 3174 246 66 musical
2123 3174 274 66 criticism
2431 3201 66 39 as
2533 3201 35 39 a
2602 3174 241 80 literary
2880 3188 106 52 art.

286 3269 128 68 We
458 3269 170 68 often
673 3267 146 68 read
861 3266 166 69 what
1073 3294 256 53 appears
1368 3282 61 51 to
1474 3266 77 67 be
1593 3282 105 51 not
1745 3294 34 38 a
1825 3264 350 68 translation
2218 3264 108 68 but
2368 3294 36 39 a
2446 3266 87 66 bit
2577 3264 69 68 of
2688 3264 221 76 fiction,
2956 3293 36 37 a

287 3360 266 82 thrilling
596 3360 149 68 little
782 3377 181 63 story.
1058 3359 127 67 Mr.
1229 3357 349 68 Rosenfeld
1620 3384 188 41 seems
1842 3360 59 65 in
1940 3357 100 66 the
2077 3355 120 68 first
2236 3357 176 80 place
2451 3371 61 52 to
2550 3355 218 82 regard
2804 3357 188 66 music

289 3482 66 38 as
389 3482 35 38 a
460 3453 356 67 convenient
850 3479 118 52 peg
1002 3479 79 39 on
1112 3450 201 68 which
1349 3467 59 49 to
1444 3450 164 80 hang
1645 3477 36 39 a
1716 3448 146 75 rich,
1899 3447 380 81 indigestible
2309 3475 193 53 prose,
2541 3475 78 41 no
2653 3475 164 39 more
2849 3475 108 38 con-

289 3543 271 70 sumable
594 3547 57 66 in
689 3543 316 83 quantities
1036 3542 147 67 than
1217 3538 588 83 pate-de-foie-gras,
1845 3569 34 39 a
1911 3567 173 52 prose
2113 3538 201 70 which
2345 3567 186 39 seems
2567 3555 61 53 to
2660 3538 228 68 furnish
2919 3542 74 64 its

289 3665 137 39 own
470 3663 214 41 excuse
733 3635 93 67 for
868 3635 198 81 being.
1159 3633 346 74 Sentences,
1551 3631 203 70 whole
1794 3631 393 82 paragraphs,
2238 3658 234 55 convey
2516 3660 79 39 no
2643 3628 352 83 intelligible

287 3733 302 76 meaning,
628 3728 123 68 and
785 3757 163 37 some
980 3755 157 39 seem
1171 3743 60 49 to
1264 3740 300 64 represent
1596 3724 251 80 nothing
1874 3752 166 40 more
2074 3724 145 66 than
2252 3753 35 37 a
2323 3721 232 83 delight
2582 3724 57 65 in
2670 3723 100 67 the
2800 3721 193 68 sound

289 3821 69 69 of
402 3819 224 76 words,
675 3819 195 82 singly
917 3818 122 67 and
1081 3821 61 64 in
1188 3816 298 79 rhythmic
1535 3814 456 75 combinations,
2038 3812 205 70 words
2292 3814 168 66 often
2506 3814 372 66 reminiscent
2926 3812 69 68 of

291 3943 162 39 some
507 3914 260 66 imitator
822 3912 68 66 of
946 3911 244 66 Waldo
1246 3909 220 66 Frank.
1591 3907 132 68 We
1779 3907 146 66 read
1977 3907 68 66 of
2097 3907 190 66 music
2639 3907 58 65 in
2749 3909 73 64 its
2878 3904 115 68 fine

291 4006 347 72 asceticism,
678 4031 173 52 spare
887 4002 240 80 passion
1163 4000 122 68 and
1322 3999 201 79 ruddy
1559 4014 164 64 tang,
1764 3995 206 70 stands
2292 3995 70 68 of
2575 4022 210 50 warm,
2819 3997 176 66 moist

289 4097 180 83 quick
507 4097 70 68 of
1029 4092 71 69 of
1139 4121 78 39 an
1713 4117 151 53 gray
1903 4088 193 82 plinth
2135 4087 67 68 of
2555 4087 69 68 of

418 4265 132 55 *Cf.
594 4263 173 68 James
804 4261 210 68 Joyce's
