3292 4798
2618 4394 119 55 209

1335 232 44 80 3

522 442 119 100 By
678 443 119 81 the
837 444 173 80 road
1049 465 71 59 to
1161 444 118 80 the
1318 446 410 100 contagious
1769 446 308 102 hospital

524 564 223 82 under
793 566 120 80 the
957 600 202 68 surge
1203 566 81 80 of
1327 566 120 81 the
1486 566 171 81 blue

526 685 299 81 mottled
874 686 249 82 clouds
1169 686 279 104 driving
1494 686 181 83 from
1721 688 120 81 the

521 808 535 82 northwest—a
1098 808 169 82 cold
1311 808 224 82 wind.
1635 808 310 104 Beyond
1987 810 119 81 the

521 949 223 61 waste
780 930 81 80 of
891 930 229 82 broad
1154 932 281 100 muddy
1465 932 210 81 fields

520 1050 248 80 brown
798 1050 178 82 with
1012 1052 206 80 dried
1249 1052 269 93 weeds,
1555 1052 334 103 standing
1924 1054 144 79 and
2106 1052 227 83 fallen

521 1264 291 101 patches
854 1266 81 79 of
971 1266 332 101 standing
1338 1286 224 61 water

522 1386 119 79 the
690 1386 372 101 scattering
1106 1387 82 80 of
1233 1386 127 81 tall
1413 1406 174 61 trees

524 1597 100 82 all
670 1599 216 102 along
929 1599 118 80 the
1090 1601 174 79 road
1308 1601 120 79 the
1469 1599 291 81 reddish

522 1719 344 102 purplish,
915 1719 278 93 forked,
1240 1721 452 102 upstanding,
1740 1723 274 100 twiggy

524 1841 171 80 stuff
731 1841 81 80 of
846 1841 257 82 bushes
1140 1843 146 80 and
1327 1841 206 82 small
1574 1863 174 60 trees

522 1961 176 82 with
744 1963 249 80 brown
1040 1963 237 81 leaves
1320 1963 223 81 under
1584 1963 191 83 them

524 2083 278 80 leafless
852 2085 302 80 vines—

526 2297 271 79 lifeless
834 2298 69 78 in
946 2332 465 66 appearance,
1454 2297 316 103 sluggish

524 2419 240 79 dazed
812 2419 264 101 Spring
1118 2419 546 101 approaches—

526 2630 220 100 They
783 2652 190 61 enter
1013 2634 119 78 the
1169 2666 163 47 new
1367 2632 234 81 world
1642 2632 237 81 naked

524 2752 633 82 cold—uncertain
1193 2752 81 80 of
1311 2752 99 82 all

524 2908 168 47 save
732 2874 151 80 that
929 2874 171 100 they
1142 2894 190 60 enter
1333 2874 209 80 —all
1589 2874 215 81 about
1848 2876 191 79 them

526 2994 122 82 the
698 2996 190 92 cold,
946 2996 313 81 familiar
1308 2996 200 80 wind
1511 3047 107 8 —

527 3194 200 78 Now
769 3194 121 80 the
932 3228 210 66 grass,
1188 3213 374 61 tomorrow

526 3314 120 80 the
686 3314 146 80 curl
880 3314 81 80 of
1001 3314 409 80 wildcarrot
1454 3313 154 81 leaf

527 3516 171 81 One
736 3516 100 100 by
873 3550 135 46 one
1047 3516 268 100 objects
1357 3552 117 44 are
1515 3516 292 81 defined
1809 3567 105 8 —

531 3638 57 79 It
632 3638 371 101 quickens:
1057 3638 275 100 clarity,
1382 3638 266 81 outline
1694 3638 81 81 of
1821 3638 152 81 leaf

527 3836 144 81 But
705 3870 166 47 now
907 3836 120 80 the
1059 3836 183 80 stark
1281 3836 279 100 dignity
1596 3836 81 80 of

527 3978 325 59 entrance
856 3958 301 90 —Still,
1210 3958 118 79 the
1372 3956 363 102 profound
1784 3956 276 102 change

526 4080 128 79 has
693 4078 380 81 overtaken
1110 4080 191 79 them
1303 4078 354 80 —rooted
1694 4078 171 100 they

531 4203 149 99 grip
715 4202 222 79 down
973 4202 145 79 and
1152 4200 214 102 begin
1403 4220 71 60 to
1509 4198 304 82 awaken
