2941 4125
456 569 94 45 Les
589 569 256 45 cuadrillas
889 572 191 42 entrent
1116 569 122 45 dans
1276 569 192 45 l'arène.
1514 569 254 59 L'espada,
1793 569 82 60 qui
1910 583 52 31 se
1997 583 196 32 nomme
2218 585 60 31 en
2301 572 305 46 l'occurence
2629 571 211 59 premier

325 633 176 53 violon,
528 633 194 46 brandit
757 647 87 30 son
877 634 170 43 archet
1080 647 63 32 en
1176 634 136 57 guise
1334 634 63 43 de
1427 634 139 45 lame.
1595 634 221 45 Pendant
1840 648 94 45 que
1958 648 76 31 ses
2058 636 226 58 acolytes,
2310 637 70 44 les
2404 637 227 58 picadors
2655 636 185 45 second

325 698 176 56 violon,
527 698 98 44 alto
649 700 48 41 et
718 698 301 57 violoncelle,
1044 696 301 46 s'escriment
1366 695 29 47 à
1420 698 189 57 planter
1633 698 86 44 des
1743 698 295 45 banderilles
2062 713 215 42 sonores,
2301 700 66 43 lui
2399 699 246 60 s'apprête
2667 698 29 47 à
2719 699 121 44 faire

325 760 227 61 pénétrer
575 761 119 43 dans
734 760 44 46 le
819 759 145 47 crâne
1003 760 89 46 des
1125 760 248 46 auditeurs
1408 761 45 43 le
1475 757 166 49 thème
1665 775 64 29 un
1760 775 65 31 ou
1863 760 143 47 l'idée
2043 761 142 46 deux.
2212 764 94 44 Car
2345 764 33 43 il
2413 764 78 59 n'y
2526 779 28 29 a
2576 778 89 44 pas
2688 764 64 44 ici
2776 763 63 45 de

324 830 199 40 taureau
546 825 90 43 mis
659 821 28 48 à
710 827 139 55 mort,
873 826 106 42 tout
1000 837 61 31 au
1083 823 108 58 plus
1214 823 46 45 la
1284 825 119 43 mise
1426 821 28 47 à
1477 823 95 45 mal
1590 823 115 45 d'un
1724 839 229 30 morceau
1971 825 62 44 de
2055 826 221 60 musique
2297 826 262 58 justement
2576 823 264 49 dénommé

325 892 218 57 quatuor,
569 901 147 43 parce
739 901 95 44 que
857 890 171 57 quatre
1051 887 220 46 sombres
1295 884 254 61 compères
1573 887 306 46 s'entendent
1903 888 182 59 parfois
2108 903 124 44 pour
2255 903 61 32 en
2350 888 235 47 écarteler
2617 891 194 58 joyeuse-

325 956 134 43 ment
481 952 70 44 les
574 956 169 55 quatre
768 952 191 57 parties.

453 1015 70 45 Ce
558 1015 83 57 qui
680 1011 211 61 précède
932 1028 61 30 ne
1027 1014 269 60 s'applique
1320 1014 265 44 nullement
1607 1028 61 30 au
1687 1013 243 52 Quatuor
1950 1013 33 43 à
2004 1014 200 43 Cordes
2226 1017 282 50 Hongrois,
2528 1018 162 58 lequel
2706 1018 133 44 vient

325 1081 62 45 de
411 1093 121 31 nous
556 1079 175 44 rendre
754 1077 345 45 aimablement
1121 1079 151 44 visite.
1301 1079 69 44 Le
2461 1079 217 57 Quatuor
1628 1093 61 30 en
1975 1080 62 44 de
2074 1081 115 43 Max
2216 1081 160 57 Reger
2399 1083 82 57 qui
2514 1083 188 43 ouvrait
2735 1081 103 45 leur

324 1141 176 47 séance
523 1145 72 42 est
619 1142 113 43 bien
757 1141 168 44 touffu.
953 1141 92 44 Par
1083 1145 183 47 contre,
1291 1141 46 44 le
2428 1141 218 58 Quatuor
1629 1155 60 30 en
1804 1144 63 43 de
1893 1144 217 44 Maurice
2147 1144 149 44 Ravel
2321 1147 48 41 et
2392 1144 45 45 le
2702 1159 61 30 en

325 1207 62 44 de
412 1206 187 44 Mozart
621 1202 293 47 voisinèrent
950 1202 376 60 agréablement.
1355 1204 92 45 Les
1483 1204 264 45 excellents
1781 1207 191 44 artistes
2011 1207 63 44 de
2109 1211 127 42 cette
2277 1208 288 57 compagnie
2589 1222 62 31 en
2676 1208 132 59 expri-

325 1268 188 47 mèrent
536 1267 28 47 à
588 1268 244 44 merveille
854 1268 46 44 la
920 1267 146 58 grâce
1101 1272 48 40 et
1182 1268 46 44 la
1261 1265 242 47 fraîcheur
1538 1272 47 40 et
1607 1269 103 43 leur
1733 1268 370 60 interprétation
2128 1272 113 44 bien
2278 1271 287 58 disciplinée
2588 1272 160 44 obtint
2772 1286 65 29 un

324 1331 168 49 succès
528 1333 97 44 fort
664 1331 227 59 légitime.
920 1333 318 44 Poursuivant
1277 1347 52 30 sa
1369 1333 157 57 tâche,
1566 1333 45 44 le
1637 1331 241 51 Quatuor
1902 1334 201 42 Parent
2141 1349 235 32 consacre
2512 1339 136 41 entre
2688 1334 150 46 César

325 1396 190 46 Franck
555 1399 48 42 et
644 1395 284 46 Beethoven
1072 1409 95 30 une
1205 1394 157 47 soirée
1402 1392 184 49 entière
1624 1392 29 49 à
1696 1410 89 31 son
1826 1398 114 44 chef
1977 1399 56 44 A.
2076 1399 188 44 Parent.
2307 1399 108 44 Une
2449 1399 112 44 telle
2597 1396 241 47 solennité

324 1460 243 59 n'appelle
590 1472 95 46 que
708 1458 46 45 la
787 1460 221 57 louange.
1033 1458 422 46 Abstenons-nous
1479 1460 128 44 donc
1644 1461 63 43 de
1743 1465 134 40 toute
1916 1461 234 46 réflexion
2188 1466 48 41 et
2270 1461 244 47 félicitons
2555 1464 66 43 M.
2660 1462 178 45 Parent

324 1525 182 45 d'avoir
529 1538 56 30 su
608 1523 39 45 si
671 1523 114 45 bien
825 1523 278 43 matelasser
1139 1537 52 31 sa
1214 1523 307 57 production.
1548 1523 128 45 C'est
1699 1521 29 48 à
1750 1525 217 59 l'attique
1991 1526 199 45 Gabriel
2227 1525 156 46 Fauré
2416 1542 65 28 un
2516 1526 234 44 musicien
2775 1526 62 45 de

322 1602 125 43 race,
475 1587 207 57 celui-ci,
707 1599 95 46 que
825 1585 225 45 sacrifiait
1086 1585 66 45 M.
1187 1587 137 40 Jean
1355 1585 228 42 Canivet
1616 1601 118 31 avec
1768 1588 44 43 le
1848 1603 238 31 concours
2121 1591 67 43 du
2221 1591 339 59 remarquable
2596 1589 243 51 Quatuor

324 1652 203 41 Geloso.
565 1650 42 43 A
641 1663 94 30 eux
769 1649 112 58 cinq
915 1649 59 44 ils
1013 1646 314 49 exécutèrent
1365 1663 119 32 avec
1524 1664 66 29 un
1625 1655 74 40 art
1738 1649 259 60 pénétrant
2020 1653 45 44 le
2364 1658 63 53 et,
2460 1668 61 29 en
2543 1653 294 57 s'amputant

322 1715 116 44 d'un
462 1714 218 44 membre
706 1710 28 47 à
755 1712 183 58 archet,
955 1712 70 45 les
1047 1712 130 45 deux
1200 1712 320 60 magnifiques
1536 1712 251 59 Quatuors.
1807 1714 124 45 Mais
1954 1715 70 46 les
2041 1716 217 45 desseins
2276 1718 66 43 du
2361 1718 245 50 Quatuor
2623 1716 215 50 Luquin

740 1780 109 40 sont
872 1777 107 56 plus
1018 1777 311 45 redoutables
1365 1791 124 43 pour
1525 1791 123 31 ceux
1687 1778 82 59 qui
1806 1792 61 31 ne
1889 1784 110 39 sont
2023 1795 87 43 pas
2142 1780 186 45 friands
2352 1782 62 45 de

744 1839 296 45 Beethoven.
1080 1841 97 43 Dix
1220 1838 201 47 séances
1464 1838 208 47 entières
1717 1841 285 45 consacrées
2046 1857 62 31 au
2162 1844 144 44 Titan
2352 1846 62 44 de

744 1904 155 45 Bonn.
927 1903 38 44 Il
989 1907 72 42 est
1083 1905 102 44 vrai
1209 1918 94 45 que
1326 1904 44 43 le
1411 1908 205 56 quatuor
1652 1905 192 59 Luquin
1878 1905 170 46 mérite
2075 1907 269 58 largement
2367 1909 46 46 le

743 1966 292 45 chaleureux
1077 1968 185 44 accueil
1317 1982 95 44 que
1465 1968 229 44 viennent
1740 1969 62 43 de
1845 1973 273 54 remporter
2161 1984 78 32 ses
2283 1971 128 45 deux

741 2031 235 57 premiers
993 2035 236 41 concerts.
1252 2030 145 44 Enfin
1416 2045 61 31 au
1492 2031 204 41 Double
1718 2031 284 51 Quintette
2024 2034 67 42 de
2105 2034 165 51 Paris,
2292 2036 119 46 c'est

744 2095 65 44 M.
853 2095 146 44 Louis
1040 2093 199 46 Diémer
1275 2096 81 57 qui
1394 2095 161 44 officia
1600 2098 119 42 dans
1754 2111 88 31 son
2107 2114 62 29 en
2202 2097 52 46 ré
2287 2114 124 43 pour

741 2158 311 43 instruments
1075 2156 28 47 à
1125 2161 128 54 vent,
1279 2158 120 43 dont
1422 2158 32 43 il
1477 2159 91 45 tint
1590 2158 45 45 la
1658 2161 155 56 partie
1837 2161 63 44 de
1922 2162 148 56 piano
2093 2176 116 30 avec
2244 2166 166 42 autant

741 2222 63 44 de
828 2219 324 47 dévouement
1173 2224 47 42 et
1246 2222 60 44 de
1331 2220 212 47 maîtrise
1567 2237 95 46 que
1696 2224 38 43 si
1769 2223 200 47 l'œuvre
1999 2223 115 47 était
2137 2225 116 45 d'un
2276 2231 135 41 autre

739 2299 94 45 que
857 2284 260 46 lui-même.

730 3038 220 45 Pendant
986 3055 65 29 un
1092 3042 61 45 de
1186 3056 76 31 ses
1286 3043 217 46 derniers
1538 3043 185 60 séjours
1746 3060 61 32 au
1831 3047 154 54 Caire,
2013 3047 202 47 Camille
2246 3050 309 47 Saint-Saëns
2578 3052 206 46 s'amusa
2806 3051 30 48 à

591 3097 154 48 écrire
769 3116 94 30 une
887 3099 140 61 pièce
1051 3103 62 46 de
1136 3106 148 57 piano
1306 3121 125 43 pour
1453 3108 45 45 la
1522 3109 129 44 main
1674 3111 189 56 gauche
1886 3111 146 45 seule.
2058 3111 130 45 C'est
2226 3111 46 47 là
2303 3128 64 30 un
2406 3114 182 45 illustre
2611 3116 223 57 exemple

590 3163 117 58 qu'il
731 3165 226 45 convient
997 3167 62 44 de
1098 3182 238 44 proposer
1373 3184 92 31 aux
1502 3169 310 48 méditations
1835 3173 86 46 des
1948 3174 180 57 grands
2151 3177 236 45 virtuoses
2410 3179 356 45 ambitionnant
2789 3181 44 44 le

591 3228 110 44 titre
741 3229 63 43 de
845 3228 174 46 Protée
1059 3231 63 45 de
1155 3231 46 46 la
1223 3234 233 58 musique.
1486 3234 414 48 N'annonce-t-on
1935 3252 88 43 pas
2047 3253 61 30 en
2138 3239 118 46 effet
2301 3255 95 45 que
2438 3241 66 45 M.
2549 3241 285 44 Ferruccio

590 3290 200 42 Busoni
957 3294 120 45 dont
1125 3295 70 46 les
1249 3297 129 45 deux
1432 3299 217 45 derniers
1704 3299 192 47 récitals
1950 3300 350 49 déchaînèrent
2352 3320 66 29 un
2474 3306 360 47 enthousiasme

589 3355 366 58 indescriptible
1064 3357 103 46 doit
1191 3360 401 57 prochainement
1615 3363 244 45 s'exhiber
1883 3361 27 48 à
1933 3365 97 44 l'un
2055 3366 63 46 de
2141 3381 89 31 nos
2245 3371 222 42 concerts
2483 3370 66 43 du
2571 3368 262 47 dimanche

589 3432 112 30 sous
725 3419 44 45 le
792 3419 144 59 triple
959 3424 167 55 aspect
1150 3422 322 58 d'exécutant,
1498 3426 64 44 de
1586 3428 329 52 compositeur
1938 3432 48 42 et
2010 3429 62 46 de
2109 3431 114 45 chef
2245 3432 312 46 d'orchestre.
2587 3433 245 47 Pourquoi

317 3492 61 31 ne
402 3482 379 55 composerait-il
816 3497 88 43 pas
943 3498 123 43 pour
1089 3485 45 43 la
1158 3487 159 44 saison
1341 3489 265 56 prochaine
1629 3504 65 30 un
1718 3494 231 43 concerto
1968 3492 191 47 destiné
2182 3492 27 47 à
2232 3494 45 45 la
2300 3494 133 46 seule
2463 3495 130 45 main
2627 3498 203 56 gauche.

320 3542 38 44 Il
382 3545 213 56 pourrait
618 3545 121 44 ainsi
763 3548 234 44 conduire
1019 3548 281 47 l'orchestre
1326 3551 62 46 de
1411 3551 45 46 la
1480 3553 183 56 dextre,
1689 3555 160 45 tandis
1873 3570 95 46 que
1986 3556 46 45 la
2065 3562 216 41 senestre
2303 3558 356 58 interpréterait
2682 3575 81 31 sur
2787 3562 46 45 le
