4056 5613
427 5330 118 50 120

415 266 122 58 viel
603 261 305 61 schroffer
966 260 132 59 und
1140 260 213 57 härter
1396 253 433 74 wiedergeben
1875 253 91 56 als

415 358 104 57 die
579 356 261 58 meisten
905 351 276 59 anderen
1243 348 444 59 Instrumente!
1761 343 207 61 Selbst

414 453 113 56 auf
583 449 144 58 dem
773 446 423 59 Harmonium
1257 444 188 73 klang
1487 441 115 57 der
1641 437 327 60 Wohllaut

417 542 108 58 des
588 541 284 76 gleichen
915 536 291 61 Akkords
1265 534 149 59 sehr
1457 529 411 61 verschieden
1904 527 64 75 je

415 634 163 59 nach
620 632 278 71 Tonlage
940 627 129 59 und
1115 625 294 75 Register.
1484 620 276 60 Deshalb
1805 619 163 55 habe

415 727 100 59 ich
581 725 100 58 die
742 724 263 57 meisten
1050 717 300 61 Akkorde
1392 717 244 57 meiner
1677 710 250 61 Akkord-

414 818 270 58 tabellen
745 815 65 58 in
871 813 157 58 zwei
1082 810 156 59 oder
1291 808 135 59 drei
1470 803 496 63 verschiedenen

415 912 207 72 Lagen
666 906 411 77 ausprobiert.
1155 905 65 56 In
1264 901 120 58 den
1431 900 283 59 höheren
1760 898 208 73 Lagen

414 1003 338 71 erklangen
784 998 102 59 die
916 996 388 59 Harmonien
1336 989 370 61 wesentlich
1738 986 232 59 milder

415 1094 132 58 und
615 1091 461 76 abgerundeter
1143 1089 92 58 als
1306 1088 61 56 in
1433 1084 112 58 der
1606 1083 360 71 Mittellage;

414 1186 270 57 manche
727 1182 405 73 Mehrklänge
1194 1177 239 60 wieder
1494 1191 349 59 gewannen
1902 1172 64 56 in

415 1279 114 56 der
568 1277 186 58 tiefen
786 1276 183 72 Lage,
1013 1274 58 57 d.
1103 1272 74 71 h.,
1223 1289 185 39 wenn
1441 1271 88 55 sie
1560 1269 139 59 eine
1729 1265 239 60 Oktave

414 1370 179 58 tiefer
656 1369 259 74 gespielt
969 1364 283 59 wurden.
1352 1360 177 60 Nach
1573 1357 275 59 alledem
1892 1357 78 56 ist

415 1480 63 39 es
542 1462 100 56 für
701 1458 170 60 mich
930 1457 362 71 zweifellos,
1357 1452 144 59 dass
1545 1450 101 58 die
1689 1448 281 73 Prüfung

415 1553 112 58 der
588 1570 69 39 so
718 1552 336 72 wichtigen
1098 1548 343 58 Viertelton
1487 1541 132 60 und
1663 1541 305 58 Halbton-

413 1645 531 73 Mischungsfrage
974 1641 113 58 mit
1118 1638 274 59 Streich-
1423 1635 130 59 und
1584 1635 348 55 Tastinstru-

414 1743 252 52 menten
722 1736 100 58 ein
866 1734 166 58 noch
1074 1733 147 57 weit
1262 1729 384 77 günstigeres
1687 1726 283 58 Resultat

414 1828 152 76 gibt!

415 1921 209 57 Schon
668 1919 101 58 die
801 1917 402 73 Darstellung
1243 1912 114 60 der
1397 1929 205 41 neuen
1633 1909 337 57 Intervalle

414 2014 127 71 gibt
622 2012 157 56 über
857 2009 103 59 die
1033 2007 344 59 Viertelton
1460 2002 132 58 und
1662 2000 308 58 Halbton-

414 2102 770 76 Mischungsmöglichkeit
1211 2097 293 74 wichtige
1529 2093 436 70 Aufschlüsse;

415 2195 500 61 nachstehendes
945 2193 269 60 Schema
1257 2190 184 58 diene
1484 2205 111 39 zur
1624 2185 339 57 leichteren

414 2287 585 74 Verständlichung.
1072 2287 112 55 Die
1220 2285 76 56 24
1319 2281 219 75 stufige
1568 2278 209 58 Leiter
1819 2281 149 53 setzt

415 2380 134 59 sich
591 2397 366 40 zusammen
1001 2397 137 39 aus:

415 2500 41 49 1.
551 2500 42 47 2.
718 2498 43 46 3.
856 2498 42 48 4.
993 2496 42 48 5.
1099 2496 43 46 6.
1245 2495 42 47 7.
1392 2493 46 49 8.
1509 2493 42 48 9.
1619 2490 168 49 10.11.
1853 2488 73 47 12.

458 2578 113 66 /co
690 2576 79 47 eis
827 2574 113 48 ciso
998 2573 161 71 j/do
1230 2571 88 47 dis
1369 2571 120 46 diso
1570 2569 112 63 /co
1728 2598 15 14 ,
1780 2566 92 47 (fo

458 2635 28 61 \
505 2639 134 45 desu
688 2637 98 47 des
827 2635 132 48 deso
1040 2634 29 61 \
1087 2647 97 34 esu
1231 2644 58 35 es
1369 2644 93 34 eso
1575 2630 100 60 \fu
1770 2627 30 59 \
1817 2639 131 49 gesu

429 2728 73 48 13.
568 2728 71 46 14.
688 2727 69 49 15.
813 2725 73 49 16.
942 2725 73 47 17.
1086 2723 71 49 18.
1194 2723 71 48 19.
1314 2722 75 47 20.
1438 2722 73 47 21.
1575 2720 75 47 22.
1704 2718 73 49 23.
1841 2717 75 47 24.

417 2806 63 46 fls
549 2806 100 46 fiso
700 2849 22 25 0
723 2805 131 69 ./go
938 2803 78 59 gis
1062 2801 114 61 giso
1262 2801 112 63 /ao
1433 2798 78 47 ais
1555 2798 113 47 aiso
1709 2828 12 12 .
1780 2796 108 48 Iho

414 2881 89 47 ges
547 2879 124 48 geso
698 2872 29 22 ®
742 2859 31 66 \
789 2879 97 34 asu
940 2877 58 34 as
1062 2876 95 34 aso
1267 2862 115 58 \bu
1435 2861 32 45 b
1557 2861 69 45 bo
1780 2864 10 54 |
1817 2869 131 36 cesu

419 2993 111 56 Die
573 3010 203 37 neuen
820 2989 332 58 Intervalle
1196 2986 269 74 ergeben
1511 2984 132 58 sich
1687 3001 112 39 aus
1843 2981 120 57 den

414 3081 357 76 ungeraden
833 3079 634 59 Viertelton-Stufen:
1531 3079 136 54 also
1729 3076 109 57 des
1885 3077 80 66 1-,

414 3177 91 71 3-,
537 3179 92 69 5-,
659 3176 85 71 7-,
773 3176 94 71 9-,
901 3174 120 71 11-,
1059 3174 123 71 13-,
1214 3172 131 71 15-,
1372 3172 120 71 17-,
1519 3170 129 72 19-,
1672 3170 132 70 21-,
1836 3167 130 58 und

413 3264 861 61 23'Viertelton-Intervalls.
1326 3262 105 57 Ich
1463 3262 202 56 stellte
1695 3260 124 56 mir
1848 3260 89 56 fol-

413 3358 199 73 gende
640 3353 883 75 Intervallbeurteilungstafel
1565 3369 396 40 zusammen:

434 3482 57 58 V«
534 3480 245 73 Schritt,
823 3497 34 41 c
879 3479 276 57 —desu:
1201 3479 113 57 der
1394 3494 249 54 neuere,
1733 3475 233 58 feinere

1436 3567 529 72 Leitetonschritt;

434 3667 17 27 s
451 3667 40 57 At
639 3712 22 19 „
811 3684 34 38 c
871 3697 71 7 —
969 3663 178 59 deso:
1189 3665 90 56 im
1294 3663 362 71 Zweiklang
1678 3678 78 39 an
1780 3678 34 39 c
1836 3690 71 9 —
1926 3658 40 58 d

1204 3751 403 76 anklingend,
1651 3751 185 58 dabei
1878 3756 60 51 et-

1204 3865 134 40 was
1457 3844 49 58 T
1513 3843 453 71 erzcharakter,

1585 3936 381 74 angenehm;

430 4036 22 30 &
456 4036 35 61 U
640 4083 22 19 „
813 4054 34 39 c
869 4066 71 9 —
966 4032 106 60 do:
1194 4034 88 56 im
1323 4031 364 72 Zweiklang
1739 4027 193 60 wider-

1199 4122 295 76 spenstig,
1573 4139 114 39 zur
1753 4120 180 58 Auflö-

1198 4229 159 59 sung
1389 4210 344 78 drängend,
1775 4212 155 57 robu-

1518 4310 89 53 ste
1651 4303 317 75 Eigenart;

432 4401 17 33 7
452 4403 38 59 /<
640 4449 22 20 „
813 4420 34 41 c
869 4432 71 8 —
966 4418 133 41 eso:
1208 4400 89 56 im
1360 4398 366 73 Zweiklang
1797 4395 173 57 nicht

1204 4491 317 71 unschön;
1623 4486 347 75 drängend,

1203 4581 254 76 gärend,
1548 4581 213 61 ähnelt
1855 4579 115 56 der

1485 4691 258 58 grossen
1787 4672 181 73 Terz;

642 4818 20 20 „
815 4788 32 40 c
869 4801 73 9 —
966 4788 99 40 eo:
1204 4769 92 58 im
1348 4769 363 71 Zweiklang
1765 4764 170 57 disso-

1206 4860 159 56 niert
1419 4876 121 40 nur
1582 4857 232 74 wenig;
1870 4874 66 39 er-

1204 4952 242 57 scheint
1494 4952 93 57 als
1631 4950 300 73 übergros-

1678 5060 65 39 se
1785 5042 183 66 Terz;

640 5184 29 24 „
815 5157 34 39 c
876 5170 66 7 —
966 5138 88 58 fo:
1199 5138 90 56 im
1343 5136 363 72 Zweiklang
1765 5150 203 41 unan-

2947 238 291 77 genehm,
3263 239 149 56 fasst
3434 234 280 59 hässlich

3246 326 468 74 dissonierend;

2156 431 37 30 ,S
2195 432 35 60 U
2383 480 22 18 „
2557 448 32 38 c
2617 431 233 54 —fiso:
2952 427 88 58 im
3096 426 362 71 Zweiklang
3521 422 195 73 klingt

2948 515 454 76 angenehmer;
3456 514 226 72 kräftig-

3280 603 403 78 sanguinisch
3700 624 14 54 ;

2158 710 35 29 IB
2195 708 35 60 U
2383 756 22 18 „
2557 725 32 39 c
2615 739 68 7 —
2706 722 102 57 go:
2950 703 215 58 ähnelt
3206 720 34 39 c
3262 717 189 56 —as;
3511 696 171 60 disso-

3118 795 162 57 niert
3324 791 173 60 nicht
3539 790 173 57 sehr:

2156 891 37 31 l
2197 893 35 57 7
2385 939 20 20 „
2557 908 34 39 c
2615 922 71 6 —
2710 890 157 72 giso:
2950 888 88 56 im
3064 886 362 73 Zweiklang
3440 883 240 74 gutklin-

2948 978 182 76 gend,
3184 978 183 74 jeder
3409 976 136 57 Ton
3602 974 76 58 da-

2947 1071 100 57 bei
3118 1067 401 75 selbständig,
3595 1084 80 39 un-

2948 1162 483 59 verschmolzen
3450 1160 227 58 hervor-

3441 1250 244 59 tretend
3702 1269 12 54 ;

2156 1353 37 28 19
2195 1352 17 57 /
2215 1384 19 25 4
2383 1399 22 19 „
2559 1369 32 39 c
2617 1382 67 5 —
2710 1364 101 57 go:
2952 1347 86 56 im
3060 1343 667 75 Zweiklanggutklin-,

2947 1440 183 74 gend,
3162 1440 27 56 1
3219 1438 70 59 0.
3314 1438 58 56 h.
3399 1438 113 56 mit
3536 1436 144 75 Sept-

2948 1528 514 74 charakter;2o.
3482 1528 59 59 h.
3567 1528 149 57 sehr

3580 1624 134 68 gut;

2153 1721 37 30 2i
2197 1723 37 57 /4
2385 1768 22 19 „
2561 1738 32 39 c
2620 1751 68 5 —
2711 1719 109 58 bo:
2957 1718 88 55 im
3106 1714 403 75 Zweigklang
3568 1711 149 57 sehr

2942 1806 774 74 wohlklingend,schöner

2945 1902 95 56 als
3113 1899 169 57 ohne
3348 1897 364 73 Viertelton,

3047 1992 296 57 kraftvoll
3389 1988 323 73 strebend;

2153 2090 37 29 23
2193 2090 17 58 /
2214 2122 20 26 t
2381 2137 22 19 „
2554 2107 34 39 c
2613 2087 205 59 —ho:
2954 2085 86 58 im
3094 2083 364 71 Zweiklang
3514 2082 200 72 klingt

3284 2176 123 56 wie
3451 2173 259 59 Oktave.

2154 2276 136 56 Den
2373 2273 325 58 Wohllaut
2779 2270 110 57 des
2955 2266 39 32 2,
2999 2268 39 59 U
3094 2268 300 57 Schrittes
3475 2266 235 58 erklärt

2154 2366 275 59 Richard
2461 2364 167 60 Stein
2672 2363 217 73 damit,
2933 2361 146 58 dass
3128 2359 147 68 „der
3313 2359 401 75 temperierte

2154 2459 341 59 Viertelton
2566 2454 122 59 den
2757 2454 322 58 siebenten
3143 2451 278 57 Oberton
3485 2451 231 56 immer

2154 2549 165 61 noch
2381 2549 329 58 erheblich
2774 2546 196 59 näher
3031 2544 165 57 steht
3257 2544 91 56 als
3401 2541 101 57 die
3555 2546 121 52 tem-

2154 2644 268 76 perierte
2520 2640 298 77 Septime,
2920 2639 172 57 diese
3172 2640 244 68 ertrage
3516 2632 200 59 daher

2154 2737 139 58 eine
2322 2732 461 76 Erniedrigung
2810 2750 110 39 um
2950 2730 98 58 ein
3081 2728 250 70 Viertel,
3370 2725 168 58 ohne
3568 2723 146 60 dass

2154 2825 286 59 dadurch
2484 2827 99 56 ein
2627 2825 342 71 Missklang

2153 2915 640 62 Zusammenfassend
2869 2916 149 56 lässt
3094 2911 134 58 sich
3301 2911 155 56 über
3539 2908 173 59 diese

2154 3030 202 39 neuen
2390 3010 335 57 Intervalle
2755 3006 175 59 wohl
2967 3020 213 59 sagen:
3226 3004 90 56 sie
3348 3006 215 53 muten
3597 3018 117 41 uns

2154 3101 388 76 ungewohnt
2571 3120 105 54 an;
2720 3113 300 59 erzeugen
3053 3096 148 57 sehr
3223 3096 162 56 viele
3407 3099 271 53 verwert-

2153 3196 152 57 bare
2373 3192 128 60 und
2567 3211 121 39 nur
2749 3208 154 57 ganz
2965 3189 207 73 wenig
3235 3186 482 59 unverwertbar

2154 3286 383 59 scheinende
3177 3279 180 57 Auch
3399 3277 173 59 diese
3611 3277 70 58 In-

2151 3377 554 61 tervallübersicht
2767 3379 149 56 lässt
2977 3375 92 56 als
3126 3372 393 58 fruchtbares
3561 3370 117 60 Ver-

2153 3470 526 73 wertungsgebiet
2747 3467 113 57 der
2920 3467 384 57 Vierteltöne
3367 3463 345 58 erkennen:

2153 3563 281 73 innigere
2495 3558 411 76 Verbindung
2967 3557 114 59 der
3142 3555 533 59 Halbton-Konso-

2154 3673 258 53 nanzen,
2456 3653 399 73 vielseitigste
2896 3651 459 73 Durchgangs-,
3385 3648 327 59 Wechsel-

2154 3744 134 58 und
2330 3741 859 61 Leitetonverwendbarkeit.

2154 3839 144 58 Nun
2357 3856 75 39 zu
2498 3836 120 57 den
2684 3836 165 57 noch
2901 3834 410 73 wichtigeren
3358 3833 180 62 Drei-
3583 3831 129 59 und

2153 3927 806 75 Vierklangsmischungen.
3026 3926 175 59 Nach
3246 3926 246 72 einigen
3533 3927 145 71 plan-

2158 4024 172 54 losen
2363 4020 362 58 Versuchen
2757 4020 137 56 aufs
2926 4017 446 68 Geradewohl,
3414 4015 102 58 die
3545 4034 172 39 zwar

2156 4114 102 59 die
2320 4112 241 57 direkte
2603 4110 532 59 Verwertbarkeit
3177 4109 114 57 der
3333 4109 383 57 Vierteltöne

2154 4208 102 56 bei
2310 4202 469 61 verminderten
2825 4200 851 76 Halbton-Septimenakkor-

2156 4300 122 57 den
2342 4298 319 58 erkennen
2727 4296 245 72 Hessen,
3035 4293 223 59 erfuhr
3313 4293 101 58 ich
3460 4293 100 58 bei
3604 4293 113 58 der

2154 4391 298 58 weiteren
2508 4390 283 71 Prüfung
2852 4388 113 58 der
3006 4388 344 58 Viertelton
3409 4385 307 57 Halbton-

2154 4479 1126 77 Akkordmischungsmöglichkeiten
3362 4476 162 59 nach
3595 4478 91 57 fol-

2154 4574 236 76 gender
2430 4573 320 59 Methode:
2813 4573 108 57 Ich
2976 4573 265 57 notierte
3282 4569 127 58 mir
3450 4569 123 58 alle
3616 4586 67 39 er-

2156 4667 379 60 denklichen
2556 4667 611 73 Mischungsformen
3189 4664 237 73 einiger
3446 4661 270 72 Grund-,

2156 4760 181 58 Drei-
2385 4759 125 57 und
2554 4759 374 71 Vierklänge
2970 4774 77 39 zu
3089 4755 176 56 einer
3306 4752 408 59 Akkordtafel

2156 4852 132 57 und
2354 4854 208 74 prüfte
2630 4850 169 58 dann
2871 4849 103 57 die
3035 4849 327 57 einzelnen
3418 4845 298 58 Akkorde

2154 4962 105 39 am
2291 4945 420 56 Harmonium
2755 4940 222 61 durch.
3047 4940 101 58 Ich
3179 4940 135 58 will
3351 4959 122 37 nur
3512 4938 204 75 einige

2154 5036 207 58 dieser
2403 5035 537 59 Akkordtabellen
2984 5033 461 73 wiedergeben.

2154 5130 127 57 Für
2351 5128 120 57 den
2535 5126 496 61 Grundakkord:
3087 5125 342 59 Grundton
3463 5123 253 57 —Terz
