4056 5613
3558 5327 106 51 121

428 342 225 71 Quinte
706 341 262 74 ergeben
1038 341 135 56 sich
1236 342 289 71 folgende
1573 344 350 75 Mischungs-

428 437 271 54 formen:

430 527 49 56 1.
523 542 73 41 co
621 540 125 39 —e
770 537 163 58 —g:
1060 522 464 73 unangenehm;
1563 524 28 57 1
1639 524 68 57 0.
1759 524 59 59 h.
1862 542 66 39 er-

1060 612 357 71 träglicher;
1436 615 35 54 2
1495 613 69 58 0.
1595 613 59 56 h.
1686 613 144 58 sehr
1852 634 74 39 an-

1058 701 268 73 genehm
1393 703 131 58 und
1574 705 387 59 interessant.

426 800 53 52 2.
523 813 222 41 c—eo
773 825 61 8 —
868 806 34 60 g
926 810 10 39 :
1056 791 457 73 unangenehm,
1539 794 159 72 trüb,
1715 794 247 73 gärend,

1063 883 25 55 1
1144 883 68 55 0.
1263 883 59 57 h.
1373 886 433 74 erträglicher;
1888 905 74 40 eo

1060 974 193 73 klingt
1295 976 110 54 mit
1442 974 522 71 Quartcharakter

1827 1084 135 41 vor.

426 1157 51 56 3.
521 1172 274 41 c—e—
821 1169 74 57 go
919 1172 12 39 :
1051 1155 466 71 unangenehm;
1559 1172 76 56 go
1659 1157 105 56 hat
1788 1159 140 72 Sept-

1060 1245 354 73 charakter;
1437 1248 36 54 2
1495 1247 147 57 O.h.
1668 1248 296 73 klingend

1392 1336 301 75 glänzend
1735 1338 227 59 scharf.

425 1429 50 56 4.
521 1445 73 39 co
621 1445 259 37 —eo—
904 1441 35 58 g
963 1445 9 37 :
1058 1426 433 73 unangenehm
1525 1428 298 71 klirrend,
1866 1448 64 37 er-

1060 1516 267 57 innernd
1388 1536 78 37 an
1532 1536 32 39 c
1603 1536 136 39 —e
1769 1551 71 7 —
1871 1519 91 59 fis.

425 1607 54 60 5.
521 1624 222 41 c—eo
767 1638 71 7 —
862 1621 111 57 go:
1056 1606 530 74 dumpfklirrend,
1612 1607 120 58 10.
1749 1607 59 73 h,
1825 1609 105 56 bes-

1060 1716 116 54 ser,
1254 1699 353 57 metallisch
1649 1700 313 72 kraftvoll;

1058 1790 36 56 2
1126 1788 152 58 O.h.
1322 1790 373 58 interessant
1730 1788 204 60 bleich-

1649 1878 320 76 glänzend.

431 1975 51 54 6.
528 1988 74 41 co
630 2003 66 7 —
719 1990 32 37 e
779 1985 145 57 go
950 1988 11 39 :
1063 1970 171 57 nicht
1256 1971 308 73 unschön;
1608 1973 148 71 fahl,
1798 1975 171 56 matt;

1070 2059 401 75 selbständig;
1537 2063 27 56 1
1612 2061 66 59 0.
1723 2063 58 56 h.
1852 2080 80 37 un-

1065 2151 438 73 angenehmer;
1552 2153 36 55 2
1639 2153 66 57 0.
1747 2153 58 57 h.
1849 2154 120 56 wie

1563 2249 194 53 zartes
1800 2244 167 58 Moll.

868 2364 73 7 —
983 2351 33 39 c
1058 2364 69 7 —
1170 2349 64 41 es
1275 2364 73 7 —
1390 2349 35 58 g
1468 2366 67 8 —

433 2425 49 58 1.
525 2442 72 39 co
621 2440 252 39 —es—
897 2439 58 57 g:
1061 2423 148 58 sehr
1268 2425 356 75 eigenartig;
1686 2429 280 55 verstört.

430 2517 52 55 2.
526 2534 32 38 c
580 2547 72 7 —
674 2532 108 40 eso
807 2528 149 60 —g:
1065 2517 454 72 unangenehm,
1586 2517 131 57 10.
1752 2517 56 57 h.
1834 2523 102 68 gut-

1065 2606 316 75 klingend;
1502 2625 105 39 eso
1690 2608 281 73 verlangt

1464 2698 310 73 Erlösung
1815 2698 63 56 in
1922 2716 47 39 e.

430 2786 52 56 3.
526 2804 214 38 c—es
763 2818 73 7 —
860 2801 98 58 go:
1065 2786 902 76 verwendbar,selbstständig,

1068 2877 27 56 1
1131 2876 152 57 O.h.
1327 2882 120 68 gut;
1463 2879 37 56 2
1524 2877 67 58 O.
1617 2877 61 58 h.
1693 2879 146 56 sehr
1850 2884 119 68 gut.

431 2967 53 56 4.
528 2984 73 39 co
624 2997 72 9 —
718 2984 106 39 eso
851 2997 66 7 —
941 2981 100 57 go:
1066 2967 432 71 verwendbar,
1564 2969 27 56 1
1627 2967 69 58 0.
1729 2969 57 57 h.
1827 2974 140 68 gute

1661 3058 305 75 Eigenart.

430 3146 51 56 5.
526 3163 32 39 c
584 3179 64 6 —
675 3163 105 41 eso
804 3177 71 8 —
897 3162 100 57 go:
1061 3146 434 72 verwendbar,
1620 3148 313 73 blassglän-

1063 3236 174 75 zend,
1285 3238 27 58 1
1339 3238 69 58 0.
1432 3238 59 59 h.
1517 3240 184 71 Blass;
1730 3240 53 57 2.
1810 3238 68 59 0.
1903 3240 58 57 h.

1378 3331 281 71 verlangt
1700 3329 264 77 Lösung.

430 3421 52 54 6.
525 3436 74 39 co
624 3436 156 39 —es
811 3451 44 5 -
897 3434 100 58 go:
1061 3419 515 75 melancholisch,
1676 3426 290 69 verstört;

1385 3511 27 55 1
1441 3511 66 59 0.
1529 3511 59 59 h.
1634 3511 171 59 nicht
1844 3517 120 70 gut.

914 3632 64 7 —
1005 3602 85 56 eis
1119 3634 64 7 —
1209 3619 34 39 e
1265 3632 71 9 —
1358 3616 35 59 g
1415 3634 70 7 —

433 3692 49 56 1.
525 3692 128 56 ciso
677 3709 220 39 —e—
921 3705 59 58 g:
1063 3693 456 73 unangenehm,
1541 3695 54 56 2.
1622 3693 68 60 0.
1715 3693 58 58 h.
1800 3695 169 59 nicht

1669 3785 297 57 schlecht.

428 3873 53 54 2.
523 3871 85 58 eis
636 3890 258 39 —co—
917 3888 61 58 g:
1063 3875 418 56 verwertbare
1546 3873 304 74 Eigenart,
1937 3875 25 56 1

1066 3963 68 57 0.
1176 3964 60 56 h.
1278 3964 235 71 besser,
1593 3983 75 41 eo
1747 3964 220 75 drängt

1712 4056 159 59 nach
1915 4076 49 41 e.

428 4142 53 56 3.
525 4142 88 58 eis
635 4159 128 39 —ego:
789 4157 191 58 —go:
1063 4144 456 73 unangenehm,
1566 4146 130 57 10.
1727 4146 61 57 h.
1817 4147 149 68 fahl,

1209 4235 171 73 trüb;
1422 4239 36 54 2
1481 4237 66 58 0.
1574 4237 58 59 h.
1657 4237 148 59 sehr
1842 4244 122 68 gut.

428 4323 51 56 4.
523 4323 130 58 ciso
677 4356 66 6 —
770 4340 75 41 eo
872 4354 66 8 —
963 4339 58 59 g:
1063 4328 122 70 gut,
1224 4325 29 56 1
1280 4325 68 58 0.
1373 4325 61 59 h.
1456 4327 256 73 blässer,
1752 4328 37 56 2
1813 4327 68 57 0.
1906 4327 58 59 h.

1065 4413 147 58 sehr
1253 4422 120 67 gut,
1427 4418 234 73 ergiebt
1701 4418 228 58 charak-

1063 4506 349 60 teristische
1486 4510 251 72 Lösung
1803 4510 163 57 nach

1556 4599 86 58 eis
1664 4632 75 8 —
1762 4618 33 41 e
1820 4632 66 10 —
1910 4616 52 58 g.

430 4689 52 56 5.
525 4689 270 58 eis—eo
823 4721 66 7 —
914 4704 102 60 go:
1060 4689 457 75 unangenehm,
1535 4691 29 57 1
1583 4689 379 75 O.h.besser,

1412 4782 37 56 2
1473 4781 68 61 0.
1566 4782 59 60 h.
1656 4782 145 58 sehr
1840 4787 122 70 gnt.

430 4869 51 55 6.
521 4869 129 57 ciso
675 4887 126 41 —ego:
831 4886 186 59 —go:
1058 4872 408 58 interessante
1486 4872 307 75 Eigenart,
1837 4874 125 59 10.

1061 4962 61 57 h.
1166 4962 146 57 sehr
1351 4967 122 69 gut,
1513 4965 55 59 2,
1607 4962 69 61 0.
1715 4962 59 61 h.
1817 4963 147 58 sehr

1065 5058 120 70 gut,
1236 5053 338 59 erinnernd
1625 5072 78 40 an
1747 5070 129 58 g—
1898 5072 64 40 es

1744 5175 66 9 —
1835 5143 126 57 des.

2643 381 73 7 —
2756 368 34 39 c
2833 381 66 7 —
2943 368 32 39 e
3015 351 166 73 gis—

2145 437 47 59 1.
2235 456 73 40 co
2333 457 125 39 —e
2480 473 71 6 —
2573 441 116 72 gis:
2778 441 366 55 interessant
3164 446 280 67 verstört,
3469 442 124 60 10.
3612 441 59 59 h.

3205 532 466 59 verwertbarer.

2143 620 53 56 2.
2238 637 224 42 c—eo
2489 654 66 8 —
2579 623 116 73 gis:
2777 622 299 67 unschön,
3139 623 27 56 1
3214 622 67 61 0.
3325 623 58 56 h.
3444 623 227 58 besser.

2142 710 54 56 3.
2238 728 119 39 c—
2389 730 34 39 e
2446 745 70 7 —
2543 715 154 71 giso:
2778 713 146 58 sehr
2965 713 299 70 unschön,
3310 711 122 60 10.
3456 713 56 58 h.
3534 720 138 66 gute

2773 801 307 75 Eigenart,
3120 803 36 56 2
3181 803 66 57 0.
3271 803 56 56 h.
3371 801 146 58 sehr
3552 808 119 68 gut,

2944 894 210 58 ähnelt
3197 894 88 73 gis
3307 927 73 6 —
3403 893 93 57 dis
3522 927 67 6 —
3617 894 55 58 h.

2143 977 51 60 4.
2237 996 72 41 co
2333 999 166 39 —eo
2521 1015 73 6 —
2616 984 115 71 gis:
2782 991 139 66 gute
2944 984 303 73 Eigenart,
3275 986 25 56 1
3329 984 67 58 0.
3422 984 59 59 h.
3507 984 165 58 nicht

3044 1074 214 71 schön,
3298 1077 36 54 2
3359 1074 65 57 0.
3452 1076 58 57 h.
3552 1081 119 67 gut.

2145 1159 53 59 5.
2242 1177 32 39 c
2299 1192 66 9 —
2391 1179 72 39 co
2489 1194 66 10 —
2579 1165 155 71 giso:
2780 1165 452 73 unangenehm,
3278 1167 25 56 1
3332 1165 68 58 O.
3432 1165 58 58 h.
3532 1165 105 56 bes-

2145 1250 53 56 6.
2240 1267 74 41 co
2336 1270 127 39 —e
2491 1284 64 8 —
2579 1255 155 71 giso:
2780 1260 279 68 verstört,
3159 1255 510 71 melancholisch,

3110 1348 36 54 2
3170 1345 69 59 0.
3264 1346 58 56 h.
3364 1345 148 57 sehr
3552 1350 119 69 gut.

2147 1429 64 56 In
2255 1429 273 73 gleicher
2568 1436 207 58 Weise
2824 1440 154 71 legte
3026 1438 100 56 ich
3171 1436 122 56 mir
3335 1435 216 57 Tafeln
3593 1453 78 39 an

2148 1521 155 56 über
2364 1523 99 57 die
2523 1524 291 61 Akkorde
2863 1546 212 39 c—es
3098 1558 73 9 —
3192 1528 37 69 112,
3283 1545 124 39 c—
3432 1545 32 37 e
3488 1556 68 7 —
3579 1526 92 69 fis,

2145 1611 120 54 f—
2284 1628 32 39 c
2338 1643 73 8 —
2433 1633 49 52 e,
2524 1617 29 55 112
2572 1648 64 8 —
2662 1619 86 56 eis
2773 1648 68 10 —
2865 1636 49 53 e,
2958 1617 164 58 dann
3166 1617 154 56 über
3361 1616 100 56 die
3496 1616 140 56 Vier-

2147 1704 223 83 klänge
2430 1709 191 76 g—h
2650 1709 128 56 —d
2804 1741 66 7 —
2895 1711 27 54 112
2977 1707 128 58 und
3166 1707 136 58 h—
3325 1705 41 58 d
3388 1738 71 8 —
3483 1707 25 54 f
3523 1724 146 39 —a.

2155 1804 237 57 Damit,
2419 1804 80 56 ist
2560 1817 115 39 nur
2728 1800 98 54 ein
2878 1799 239 55 kleiner
3158 1799 130 55 Teil
3332 1797 110 57 der
3483 1797 188 56 kaum

2150 1892 335 57 zählbaren
2575 1890 212 56 Akkor
2792 1887 103 57 dm
2904 1888 213 60 ischun
3126 1904 64 57 gs
3198 1907 56 36 m
3263 1885 406 76 öglichkeiten

2155 1983 358 58 bearbeitet!
2558 1981 78 56 Es
2680 1983 208 53 wären
2931 1978 159 58 auch
3132 1976 161 58 noch
3334 1993 300 56 auszupro-

2152 2073 213 56 bieren
2453 2071 102 56 die
2626 2068 484 57 verschiedenen
3192 2068 477 71 Umkehrungen

2154 2161 130 59 und
2343 2163 102 57 die
2502 2163 256 56 tieferen
2821 2161 222 71 Lagen,
3110 2159 136 56 eine
3307 2158 152 57 oder
3517 2158 154 57 zwei

2154 2254 277 58 Oktaven
2474 2252 193 56 tiefer.

2152 2344 156 56 Eine
2330 2340 193 60 Reihe
2550 2339 337 57 besonders
2917 2337 491 73 merkwürdiger
3430 2337 201 58 Akkor-

2152 2434 78 57 de
2269 2435 78 56 ist
2386 2434 89 55 im
2514 2429 449 74 Notenanhang
3004 2430 240 56 notiert.

2152 2523 127 58 Auf
2331 2520 217 61 Grund
2616 2520 203 58 dieser
2877 2518 557 58 Akkordversuche
3500 2520 171 56 fühle

2150 2613 102 58 ich
2267 2613 169 58 mich
2455 2630 110 39 zur
2577 2610 323 57 Annahme
2914 2608 361 73 berechtigt:
3300 2608 338 58 DieVieitel-

2148 2710 146 50 töne
2316 2703 142 57 sind
2479 2701 354 58 brauchbar
2861 2701 100 58 für
2982 2699 398 73 Mischungen
3402 2718 74 37 zu
3498 2699 140 58 Vier-

2150 2789 884 61 telton-Halbton-Akkorden.
3117 2789 78 58 Es
3237 2789 261 73 ergeben
3540 2789 132 58 sich

2152 2884 239 58 hierbei
2465 2901 120 37 nur
2662 2881 201 71 wenig
2929 2879 520 71 unverwertbare,
3529 2879 145 56 sehr

2152 2974 159 57 viele
2352 2972 420 59 verwertbare
2799 2969 130 57 und
2970 2969 169 57 nicht
3166 2970 237 73 wenige
3430 2969 202 57 Akkor-

2152 3064 78 59 de
2292 3082 121 41 von
2475 3064 146 57 sehr
2660 3062 300 57 schönem
3000 3060 393 73 Wohlklang.
3493 3060 179 56 Diese

2150 3153 490 60 Brauchbarkeit
2700 3152 111 59 der
2848 3152 374 59 Vierteltöne
3266 3150 203 56 dürfte
3510 3150 162 57 noch

2150 3245 200 57 höher
2391 3241 448 73 anzuschlagen
2883 3241 131 56 sein
3056 3241 90 56 als
3190 3240 129 57 sein
3363 3240 275 57 Leiteton-

2150 3341 173 53 wert.

2152 3426 212 56 Haben
2411 3426 115 56 wir
2577 3429 122 51 erst
2741 3423 229 57 einmal
3014 3421 100 57 die
3153 3419 287 75 wichtige
3483 3421 191 71 Frage

2150 3516 112 57 der
2289 3512 682 75 Lösungsmöglichkeit
3009 3512 174 56 tiefer
3222 3511 450 71 durchforscht,

2150 3607 166 58 dann
2384 3604 161 59 wird
2621 3622 113 39 uns
2802 3604 298 57 mancher
3173 3602 112 58 der
3347 3600 327 58 wildesten

2290 3661 1 24 •
2302 3674 7 6 *
2592 3661 12 13 *
2907 3677 101 8 ...

2152 3695 310 71 Akkorde,
2506 3695 120 56 wie
2667 3693 160 58 auch
2875 3712 122 39 von
3044 3690 439 59 Moellendorff
3535 3709 105 40 ver-

2150 3787 244 71 sichert,
2494 3785 91 56 als
2685 3781 551 77 unumgänglicher
3324 3781 352 58 Vermittler

2150 3875 564 74 schönklingender
2770 3873 461 73 Akkordfolgen
3293 3873 343 58 unentbehr-

2148 3968 127 57 lich
2335 3964 333 75 geworden
2721 3964 149 58 sein.
2970 3963 149 59 Wer
3170 3963 132 57 also
3342 3963 88 56 im
3473 3980 199 39 neuen

2150 4056 288 59 Tonland
2479 4056 377 57 abenteuern
2888 4054 151 70 will,
3085 4052 144 58 dem
3258 4052 213 58 stehen
3500 4068 140 57 gera-

2150 4149 93 73 de,
2306 4166 130 39 was
2499 4164 157 41 neue
2697 4144 467 74 Lösungspfade
3205 4146 264 71 anlangt,
3513 4144 161 57 noch

2150 4237 312 61 herrliche
2523 4235 482 75 Entdeckungen
3065 4235 66 58 in
3180 4234 313 57 Aussicht!
3562 4234 114 57 Die

2148 4330 239 56 braune
2401 4327 691 59 Viertelton-Klaviatur
3093 4322 134 59 Von
3244 4322 440 59 Moellendorff

2148 4420 166 59 lockt
2374 4437 74 39 zu
2497 4416 254 60 solchen
2795 4415 644 76 Lösungsversuchen.
3530 4415 148 57 Wer

2148 4510 104 57 die
2323 4515 252 52 teueren
2641 4505 821 61 Viertelton-Harmoniums
3537 4521 93 39 um-

2148 4601 197 75 gehen
2406 4598 152 72 will,
2619 4598 112 57 der
2792 4598 227 57 nehme
3078 4594 457 76 entsprechend
3574 4610 68 60 ge-

2148 4693 275 57 stimmte
2460 4689 666 71 Streichinstrumente,
3171 4706 107 39 um
3307 4687 371 60 Viertelton-

2147 4782 203 60 Musik
2389 4799 76 39 zu
2504 4794 317 59 erzeugen.

2148 4874 156 57 Sehr
2342 4870 189 60 leicht
2590 4869 141 59 sind
2768 4870 373 60 Vierteltöne
3181 4869 163 59 auch
3385 4869 110 59 auf
3530 4869 144 59 dem

2147 4963 172 58 Cello
2362 4958 130 60 und
2528 4958 110 60 der
2665 4958 322 77 Bassgeige
3027 4958 444 77 darzustellen;
3512 4958 164 60 Stein

2147 5055 105 56 hat
2313 5053 213 58 seinen
2587 5050 875 76 Viertelton-Abhandlungen
3522 5051 157 58 zwei

2147 5143 391 59 Cellostücke
2584 5141 391 74 beigegeben,
3029 5141 102 60 die
3178 5143 501 59 Vierteltonsätze
