4056 5613
3555 5405 115 52 107

404 445 147 58 Eroi
594 442 220 76 grandi
858 461 32 39 e
932 440 114 60 vili
1088 439 261 59 stanchi.

401 537 89 57 La
531 535 210 69 storia,
783 538 154 53 tutta
980 532 166 71 fatta,
1190 552 30 36 e
1264 530 98 56 nel
1408 528 290 58 cervello.

402 627 188 72 Ululi,

401 737 33 40 e
475 716 203 78 grida;

401 813 45 56 il
489 814 188 55 vento
719 808 52 57 si
814 809 267 56 scatena.

402 901 337 61 Picchiano
780 899 22 58 i
843 897 179 60 vinti!

404 996 20 55 I
468 992 314 59 sofferenti
824 987 359 61 attendono.

1352 1076 266 59 Luciano
1662 1072 279 60 Nicastro

406 1426 135 90 La
604 1440 310 75 morte
981 1425 149 88 dei
1196 1420 214 88 fiori

1156 1601 27 53 1

406 1697 45 56 II
468 1697 159 57 cielo
639 1693 66 60 di
717 1697 219 73 questo
951 1690 178 59 dolce
1141 1685 369 76 crepuscolo
1523 1683 247 75 primav
1777 1680 166 67 erile,

406 1786 308 73 raccoglie
756 1785 83 74 gli
880 1780 254 76 sguardi
1176 1778 64 58 di
1281 1776 142 58 tutti
1464 1775 83 74 gli
1589 1771 242 58 uomini

409 1937 215 59 Anche
638 1937 20 56 i
673 1932 208 63 ruvidi
897 1930 216 78 operai
1127 1929 117 61 che
1254 1942 230 44 escono
1500 1922 165 59 dalle
1681 1922 262 69 officine,

409 2030 205 58 vestiti
655 2025 64 61 di
760 2025 298 76 plumbee
1100 2020 315 71 casacche,

409 2117 425 62 ciondolando
876 2117 60 57 le
975 2113 172 60 mani
1188 2110 240 76 pesanti

411 2230 71 39 su
524 2210 102 57 cui
666 2211 61 55 la
770 2205 362 59 stanchezza
1173 2217 233 57 appare
1445 2200 232 54 tatuata

409 2305 63 54 in
517 2305 146 54 strie
705 2298 80 59 ed
824 2298 64 57 in
931 2293 284 61 macchie
1256 2291 276 56 bluastre
1574 2283 315 72 d'acciaio,

411 2394 51 56 si
490 2394 285 56 fermano
817 2389 400 71 lungamente
1246 2382 64 56 in
1347 2396 210 42 mezzo
1588 2377 120 56 alle
1743 2372 207 60 strade

409 2479 367 80 guardando
817 2479 64 58 in
925 2477 126 58 alto
1091 2493 119 40 con
1252 2471 154 59 volti
1447 2469 64 57 di
1552 2469 296 68 tristezza,

409 2592 34 39 e
485 2570 256 78 quando
785 2565 521 63 s'incamminano

411 2665 327 75 respirano
749 2679 119 40 con
881 2657 149 61 odio
1044 2655 240 59 l'odore
1295 2650 257 59 rodente
1566 2645 384 61 dell'asfalto.

412 2816 353 59 L'umanitä
805 2813 217 57 assiste

411 2926 118 41 con
573 2906 181 59 occhi
793 2902 160 60 tristi
993 2919 34 39 e
1068 2897 213 76 stupiti

412 3001 124 57 alla
578 2999 109 73 piü
727 2995 278 58 bizzarra
1047 2989 165 57 delle
1252 3004 110 41 sue
1403 2980 291 76 tragedie,

412 3089 227 76 poiche
690 3087 166 57 nella
907 3082 340 59 sconfinata
1296 3075 303 59 azzurritä
1650 3070 102 58 del
1794 3068 158 60 cielo

1085 3187 245 59 appena
1369 3168 205 58 velato
1616 3161 65 58 di
1720 3165 230 69 tepore,

412 3273 386 73 trasparente
837 3282 237 42 oceano
1115 3260 366 69 rovesciato,

414 3365 53 56 si
507 3360 249 72 compie
797 3360 64 55 in
903 3360 312 71 quest'ora
1256 3351 45 58 il
1344 3346 321 73 naufragio
1706 3343 212 57 irrime-

1723 3431 230 59 diabile

414 3544 64 56 di
519 3542 139 58 tutti
700 3541 21 56 i
763 3536 266 77 giardini
1073 3534 101 58 del
1215 3527 254 63 mondo.

1161 3749 35 53 2

417 3849 170 74 Oggi,

416 3940 101 58 nel
558 3939 222 72 giorno
820 3935 65 56 in
929 3932 101 57 cui
1071 3932 61 54 la
1173 3925 357 76 primavera

416 4049 108 40 era
563 4030 110 75 piü
716 4028 208 58 colma
964 4022 66 59 di
1071 4020 159 71 fiori,

414 4122 147 74 ogni
600 4122 154 55 fiore
795 4118 127 58 sie
961 4113 291 59 ribellato

416 4215 123 56 alla
578 4216 166 53 terra
773 4227 32 40 e
834 4208 124 56 alla
998 4205 212 74 pianta
1251 4199 116 58 che
1395 4198 64 56 lo
1491 4193 124 59 han
1647 4194 306 71 generato,

416 4323 34 39 e
490 4303 82 57 da
611 4299 140 60 tutti
792 4299 20 58 i
854 4294 266 78 giardini
1163 4291 101 57 del
1306 4286 239 61 mondo

416 4394 250 61 milioni
732 4391 66 57 di
863 4387 140 61 fiori
1071 4382 307 61 staccatisi
1452 4376 503 61 rabbiosamente

417 4486 166 74 dagli
624 4482 141 59 steli

417 4596 112 40 son
573 4575 165 58 saliti
778 4591 37 39 a
856 4567 285 79 perdersi
1181 4565 102 58 nel
1325 4562 178 69 cielo,

417 4687 183 41 senza
641 4663 290 66 rimedio,

417 4758 226 76 poiche
685 4755 144 76 ogni
870 4753 211 76 pianta

416 4851 489 58 bizzarramente
944 4840 332 60 fulminata

419 4943 125 57 sie
587 4941 247 59 disfatta
876 4938 138 57 sino
1056 4933 122 57 alle
1218 4926 199 61 radici

417 5034 65 56 in
522 5029 253 78 putride
815 5024 246 80 polveri
1102 5022 221 58 morte.

419 5185 87 56 La
548 5190 164 51 terra
756 5199 124 40 non
924 5178 149 59 avrä
1117 5173 108 75 piü
1269 5168 78 59 da
1388 5165 139 74 oggi

421 5295 81 39 un
546 5276 139 56 solo
726 5273 174 59 fiore.

2871 424 34 54 3

2133 544 337 60 Guardano
2494 542 60 56 in
2578 540 125 56 alto
2727 535 164 59 dalle
2920 535 249 56 finestre
3193 528 162 73 degli
3384 525 280 74 ospedali

3367 620 21 56 i
3430 616 234 71 malati,

2135 726 318 75 guardano
2480 725 63 57 in
2573 723 125 56 alto
2729 718 164 58 dalle
2922 716 249 58 finestre
3206 711 163 59 delle
3398 708 266 76 prigioni

2131 821 20 56 i
2194 814 393 63 condannati.

3452 936 13 34 i

2135 1013 338 61 Guardano
2514 1011 46 57 il
2600 1009 159 59 cielo
2802 1002 365 61 dolcissimo
3210 1018 32 39 e
3284 997 231 73 tragico

2133 1106 188 76 pieno
2363 1102 64 58 di
2468 1101 230 59 nuvole
2739 1097 64 56 di
2844 1096 141 57 fiori
3025 1094 312 71 compatte

2135 1197 189 58 simili
2365 1212 35 39 a
2441 1190 218 77 grandi
2702 1189 144 57 navi
2886 1185 65 58 di
2991 1199 204 54 carne,
3642 1226 18 22 .

2133 1290 186 73 pieno
2361 1285 65 59 di
2466 1282 237 61 striscie
2742 1280 253 58 violette
3037 1290 268 53 erosee,

2133 1380 186 75 pieno
2361 1375 65 59 di
2466 1378 170 55 vaste
2676 1373 331 68 montagne
3047 1365 115 57 che
3205 1361 272 73 salgono,

2133 1473 186 73 pieno
2363 1466 64 60 di
2466 1465 215 74 larghe
2722 1456 325 80 ghirlande
3090 1451 243 63 solenni

2135 1563 115 57 che
2290 1560 473 64 s'allontanano,
2803 1543 453 72 irrimediabili,

2136 1653 197 57 dietro
2375 1649 44 58 il
2460 1646 279 59 funerale

2136 1742 166 57 della
2343 1739 293 58 Bellezza.

2875 1959 35 54 4

2136 2083 271 73 Troppo,
2451 2076 175 59 Poeti
2666 2073 209 71 nuovi,
2915 2068 293 59 abbiamo
3250 2064 243 56 cantato

2136 2178 59 54 la
2236 2173 269 57 bellezza
2546 2166 100 59 del
2688 2166 164 56 ferro
2895 2179 32 39 e
2969 2154 402 63 dell'acciaio.

2138 2372 47 56 E
2226 2388 125 40 non
2395 2367 54 58 ci
2492 2384 30 39 e
2563 2364 276 68 rimasto,
2881 2374 129 54 ora,
3052 2354 376 64 veramente,

2136 2460 115 60 che
2278 2460 46 56 il
2353 2459 244 71 fragore
2624 2454 254 74 pesante
2908 2447 163 57 delle
3106 2437 339 76 metropoli
3484 2435 181 73 grige,

2135 2552 357 74 tappezzato
2534 2545 64 58 di
2639 2540 180 63 crudi
2858 2537 198 61 colori
3096 2528 275 73 violenti,

2136 2640 354 59 circonfuso
2534 2636 63 58 di
2637 2631 183 61 odori
2859 2626 234 60 fumosi
3134 2642 33 39 e
3208 2618 241 61 roventi

2138 2731 64 58 di
2241 2731 239 56 bitume
2521 2745 32 39 e
2595 2725 64 57 di
2700 2723 202 74 pietra
2941 2718 276 56 afYocata.

2136 2823 390 67 Canteremo,
2566 2819 356 56 canteremo
2963 2821 230 44 ancora

2136 2916 61 56 la
2236 2913 271 57 bellezza
2548 2906 101 59 del
2692 2906 164 56 ferro
2897 2918 33 39 e
2973 2892 398 65 dell'acciaio.

2136 3109 98 59 Ma
2275 3109 376 58 certamente
2692 3116 111 61 per
2842 3097 193 58 molte
3078 3092 155 58 notti

2138 3199 454 59 soffocheremo
2632 3209 116 40 con
2790 3185 294 59 brutalitä

2138 3294 61 55 la
2240 3307 208 41 nuova
2487 3290 211 54 nostra
2737 3278 258 61 orribile
3035 3275 210 57 anima
3289 3266 317 66 moderna,

2138 3402 34 39 e
2212 3393 397 63 spargeremo
2649 3390 117 42 con
2808 3368 271 61 avarizia

2136 3475 65 56 in
2243 3468 408 61 vecchissime
2692 3466 218 56 alcove

2138 3563 266 78 qualche
2426 3558 211 74 goccia
2659 3554 163 56 delle
2841 3566 247 42 essenze
3113 3544 61 58 di
3205 3559 140 41 rose
3369 3558 32 40 e
3425 3537 64 58 di
3506 3537 164 58 viole

2138 3656 113 57 che
2294 3651 137 76 oggi
2470 3647 293 60 abbiamo
2805 3641 357 72 comperate

2138 3742 532 63 affannosamente

2138 3854 113 58 per
2290 3839 154 52 tutta
2485 3832 59 54 la
2587 3829 161 57 cittä.

2138 4032 51 59 E
2229 4030 375 59 certamente
2644 4039 114 59 per
2798 4020 193 58 molte
3040 4013 155 59 notti
3244 4006 428 63 affonderemo

3401 4101 59 56 le
3501 4098 173 57 mani

2140 4215 164 57 nelle
2314 4206 307 81 profonde
2632 4203 402 78 capigliature
3047 4196 163 59 delle
3222 4196 206 56 nostre
3440 4188 234 59 amanti

2140 4323 116 41 con
2299 4299 233 61 brividi
2573 4293 354 76 d'angoscia

2141 4392 322 80 pensando
2494 4391 123 57 alla
2639 4387 373 77 spaventosa
3032 4377 254 61 calvizie
3310 4374 101 57 del
3435 4367 239 61 mondo

2140 4486 243 74 privato
2426 4481 64 59 di
2529 4479 191 76 petali
2761 4494 34 39 e
2836 4472 64 59 di
2941 4467 294 80 profumi.

2141 4685 48 56 II
2229 4684 219 73 giorno
2488 4677 473 59 continueremo
3003 4687 34 39 a
3079 4668 248 56 cantare

2141 4775 61 56 la
2243 4772 271 57 bellezza
2554 4765 102 59 del
2697 4765 166 56 ferro
2903 4779 34 39 e
2978 4755 382 61 dell'acciaio

2141 4867 44 55 il
2228 4865 240 71 fragore
2509 4862 254 72 pesante
2805 4853 163 58 delle
3010 4846 337 75 metropoli
3388 4843 181 74 grige,

2143 4958 61 56 lo
2248 4950 335 77 splendore
2624 4946 244 59 brutale
2908 4941 166 59 della
3115 4938 183 59 fatica
3333 4953 34 39 e
3396 4933 127 59 dell
3545 4950 129 40 oro.

3235 5042 213 59 Bruno
3491 5037 186 61 Corra
