4056 5613
3566 5302 118 52 109

456 313 95 71 ist,
593 313 93 57 als
730 331 182 41 wenn
935 314 110 73 .sie
1088 333 150 56 ganz
1279 319 540 61 steckenbleiben.
1870 323 93 57 Irr-

456 418 173 59 wege
697 404 140 58 sind
905 406 213 57 besser
1184 409 90 58 als
1343 411 437 61 Meilensteine.
1878 414 112 58 Die

453 492 428 59 Meilensteine
903 497 198 56 sollen
1130 499 149 56 aber
1293 501 403 72 aufgerichtet
1718 502 272 59 werden.

454 583 117 58 Die
612 583 557 75 Kunstgeschichte
1230 590 235 58 fordert
1513 592 101 56 ihr
1655 592 193 59 Recht
1887 595 112 56 auf

454 673 442 61 Meilensteine.
940 677 139 59 Und
1096 678 80 60 da
1189 682 165 57 allen
1370 682 353 74 beteiligten
1738 683 212 58 Anhän-

454 780 148 59 gern
644 765 102 59 die
786 783 190 60 ganze
1003 770 369 61 Geschichte
1396 780 191 52 etwas
1604 792 76 39 zu
1704 775 252 57 bolsche-

454 854 278 61 wistisch
774 859 327 75 erscheint,
1145 865 232 55 wollen
1421 866 90 56 sie
1550 865 239 57 wieder
1831 865 121 57 Ord-

456 959 169 61 nung
663 948 64 55 in
771 948 102 59 die
915 949 198 60 Kunst
1154 953 279 74 bringen,
1477 956 120 56 wie
1638 973 146 39 man
1829 954 161 60 auch

453 1036 64 57 in
573 1036 144 59 dem
759 1037 280 61 Versuch
1081 1041 112 59 der
1233 1042 307 77 Ordnung
1577 1047 171 56 einer
1790 1063 199 40 neuen

454 1125 364 61 Wirtschaft
859 1129 102 59 die
1003 1130 472 61 Sauwirtschaft
1516 1134 112 59 der
1665 1137 164 56 alten
1863 1136 85 55 Un-

454 1217 290 76 ordnung
766 1222 313 73 glücklich
1096 1224 239 57 wieder
1350 1225 266 58 beinahe
1640 1225 352 75 hergestellt

454 1307 122 60 hat.
649 1310 510 61 Wiederaufbau.
1230 1315 113 59 Die
1393 1317 594 74 unschöpferischen

459 1400 273 61 Gehirne
785 1405 298 59 kommen
1137 1406 100 58 nie
1294 1410 158 57 über
1511 1408 110 58 das

454 1491 268 76 hinweg.
803 1494 100 58 Sie
945 1496 249 58 können
1238 1498 334 57 höchstens
1614 1498 339 59 wiederauf-

454 1581 227 69 bauen,
742 1583 170 59 nicht
971 1588 232 57 einmal
1262 1589 313 56 aufbauen
1624 1586 155 59 oder
1828 1588 161 57 noch

454 1674 278 73 weniger
773 1674 223 59 bauen.
1078 1676 331 59 Trotzdem
1452 1696 64 39 es
1558 1677 171 58 nicht
1758 1679 231 56 einmal

454 1764 112 56 auf
627 1762 110 59 das
798 1764 210 59 Bauen
1078 1767 343 61 ankommt.
1530 1769 93 56 Da
1680 1769 149 56 aber
1889 1767 101 58 die

456 1853 296 60 Gebäude
791 1855 117 58 fest
947 1857 114 56 auf
1094 1855 144 59 dem
1282 1857 214 57 Boden
1538 1859 236 71 stehen,
1814 1860 140 71 glau-

453 1945 120 56 ben
617 1943 171 59 diese
815 1947 762 74 Kunstjournalisten'und
1606 1948 100 58 ihr
1728 1948 262 75 Anhang

454 2053 124 39 von
602 2036 333 58 Künstlern
959 2036 120 58 den
1096 2036 214 60 Boden
1335 2038 305 73 gefunden
1663 2058 75 38 zu
1765 2040 222 73 haben,

453 2126 113 56 auf
620 2124 146 60 dem
827 2145 63 39 es
956 2126 135 58 sich
1150 2128 519 74 unschöpferisch
1713 2129 274 58 schaffen

451 2218 166 55 lässt.
700 2218 113 57 Die
837 2216 342 59 Akademie
1221 2218 112 57 der
1357 2219 457 60 Landschaften
1860 2221 127 58 und

451 2306 113 57 der
603 2307 573 60 Persönlichkeiten
1220 2309 78 58 ist
1338 2309 146 58 dem
1526 2309 212 63 Boden
1789 2311 198 72 gleich

453 2397 301 73 gemacht.
839 2399 113 57 Die
1003 2399 344 57 Akademie
1406 2399 112 59 der
1564 2400 232 58 Bauten
1856 2400 131 58 und

451 2487 115 57 der
607 2487 357 59 Maschinen
1005 2488 167 58 kann
1205 2490 291 58 errichtet
1516 2488 274 60 werden.
1833 2490 154 58 Eine

451 2578 317 59 Maschine
808 2580 368 59 abzumalen
1220 2578 154 59 oder
1413 2582 90 55 sie
1523 2582 64 55 in
1618 2580 133 57 Ton
1794 2580 155 59 nach-

451 2668 312 73 zubilden,
851 2670 111 57 das
1023 2688 173 39 muss
1259 2670 162 59 doch
1482 2671 139 58 eine
1685 2670 302 59 moderne

451 2759 200 58 Kunst
710 2761 149 59 sein.
940 2761 124 58 Das
1105 2761 284 58 Zeitalter
1448 2761 114 58 der
1609 2761 376 58 Maschinen.

453 2851 113 57 Die
612 2851 628 74 weltumspannende
1262 2853 295 57 Technik.
1619 2851 141 57 Und
1801 2853 149 55 über-

453 2941 196 74 haupt
708 2941 104 59 die
852 2941 578 59 Montanindustrie.
1513 2942 100 58 Sie
1653 2942 161 56 fühlt
1853 2942 134 56 sich

451 3034 147 56 sehr
637 3032 232 75 geehrt,
912 3032 101 58 die
1054 3032 327 75 Industrie,
1460 3034 146 56 dass
1648 3034 88 56 sie
1777 3034 63 56 in
1884 3032 99 56 die

451 3122 146 57 sehr
681 3123 251 73 geehrte
1015 3123 168 58 hohe
1242 3123 198 58 Kunst
1506 3123 476 73 aufgenommen

449 3212 256 59 werden
766 3215 137 56 soll.
984 3213 116 58 Die
1161 3213 167 58 hohe
1369 3213 198 58 Kunst
1630 3213 157 56 fühlt
1851 3212 132 57 sich

449 3303 349 59 wiederum
840 3305 114 56 mit
995 3305 145 56 dem
1164 3305 208 56 Leben
1415 3303 382 71 verbunden,
1841 3301 141 58 dass

449 3394 88 56 sie
580 3393 101 57 die
742 3394 231 56 Fabrik
1012 3399 140 53 statt
1194 3394 107 58 des
1343 3394 417 56 Fabrikanten
1801 3394 62 55 in
1907 3381 75 68 Öl

451 3484 393 59 nachmacht.
925 3482 139 58 Und
1128 3501 170 41 zwar
1359 3482 171 58 nicht
1589 3481 100 59 die
1757 3482 225 56 Fabrik

448 3576 91 55 als
583 3574 371 74 Stimmung,
1017 3572 511 75 (Naturalismus)
1569 3572 269 58 sondern
1884 3572 98 58 die

448 3665 228 58 Fabrik
715 3667 65 56 in
822 3665 179 58 ihren
1044 3665 318 58 einzelnen
1409 3664 453 57 Bestandteilen
1902 3681 76 39 an

448 3757 359 57 Maschinen
851 3755 130 58 und
1005 3755 423 73 Werkzeugen
1470 3753 478 73 (Konstruktivis-

448 3847 186 74 mus).
715 3847 115 57 Ein
874 3845 376 74 glänzender
1289 3845 476 57 akademischer
1809 3843 169 59 Witz:

448 3940 140 57 Man
654 3940 173 71 malt,
915 3936 296 73 zeichnet,
1310 3938 159 73 gipst
1536 3936 444 56 Konstruktion

446 4029 161 58 nach
669 4028 133 57 und
868 4028 245 57 kommt
1183 4026 133 59 sich
1379 4028 91 56 als
1530 4026 455 58 Konstrukteur

446 4138 132 39 vor.
658 4119 125 58 Das
851 4117 362 60 Automobil
1289 4117 131 58 und
1496 4116 100 59 die
1663 4117 274 73 Dynamo-

443 4209 326 59 maschine
810 4211 252 55 können
1103 4209 342 57 zweifellos
1486 4209 64 56 in
1591 4207 172 58 ihrer
1792 4207 188 56 Form

446 4300 413 58 Kunstwerke
901 4300 151 56 sein.
1133 4299 102 57 Sie
1276 4299 142 57 sind
1459 4317 64 39 es
1565 4299 205 57 sicher
1794 4297 186 71 nicht,

446 4409 183 40 wenn
651 4393 88 56 sie
751 4392 323 56 talentvoll
1086 4388 154 60 oder
1254 4392 288 56 talentlos
1553 4390 246 73 kopiert
1819 4405 121 41 wer-

444 4482 139 60 den.
647 4482 210 57 Daher
898 4480 110 57 das
1050 4480 178 57 Wort
1267 4480 215 73 Kopie.
1525 4478 127 58 Auf
1692 4476 288 58 deutsch:

442 4571 512 75 Wiederholung,
1000 4588 103 41 wo
1145 4571 132 56 also
1311 4575 192 52 etwas
1545 4570 169 55 nicht
1755 4566 225 75 geholt,

443 4661 272 59 sondern
746 4661 450 75 wiedergeholt
1216 4661 99 59 ist.
1377 4661 112 56 Die
1511 4658 467 71 Konstruktion,

443 4752 250 73 geehrte
712 4754 664 71 Kunstinteressenten,
1399 4752 78 56 ist
1499 4749 278 58 nämlich
1799 4751 181 56 keine

443 4846 347 72 Mechanik,
834 4846 88 57 sie
962 4846 77 55 ist
1072 4844 376 73 Gestaltung.
1530 4842 78 58 Es
1652 4841 81 59 ist
1760 4842 189 56 selbst-

443 4934 440 74 verständlich,
929 4935 142 58 dass
1091 4935 176 75 jedes
1289 4934 376 57 Kunstwerk
1685 4934 259 56 konstru-

442 5027 114 56 iert
615 5027 93 56 ist.
790 5025 167 58 Aber
1018 5027 173 57 nicht
1230 5025 466 59 rekonstruiert.
1780 5022 197 59 Wenn

444 5117 104 57 ihr
585 5118 167 70 aber,
820 5117 249 71 geehrte
1111 5115 663 71 Kunstinteressenten,
1819 5117 159 54 etwa

2179 326 117 58 den
2340 328 677 58 Rekonstruktivismus
3060 327 280 74 gründen
3383 329 193 70 wollt,
3633 346 69 40 so

2176 419 148 56 habt
2382 418 100 55 ihr
2542 418 108 57 das
2714 418 230 57 schöne
3002 419 172 56 Wort
3224 418 478 57 Akademismus

2176 526 108 38 zur
2304 509 369 73 Verfügung,
2716 527 130 38 was
2889 509 131 57 sich
3055 511 227 55 immer
3306 509 161 57 noch
3492 509 210 56 besser

2175 598 225 59 macht
2493 600 112 55 Die
2665 600 195 56 Kunst
2920 601 116 56 soll
3102 601 133 56 also
3295 600 237 57 wieder
3591 600 111 55 mit

2176 688 143 57 dem
2382 690 205 55 Leben
2652 690 360 56 verbunden
3073 689 255 57 werden
3396 689 131 56 und
3568 690 131 56 sich

2175 779 171 57 nicht
2412 780 180 57 mehr
2658 782 63 54 in
2789 780 371 57 ästhetische
3220 780 475 57 Abstraktionen

2175 872 322 71 verlieren,
2572 871 121 57 wie
2759 871 541 57 unkünstlerische
3365 867 334 61 Menschen

2175 977 63 39 es
2280 960 468 58 auszudrücken
2792 962 256 72 pflegen.
3096 963 85 55 Zu
3224 961 235 56 diesem
3483 961 219 58 Zweck

2175 1052 117 55 soll
2357 1051 229 57 immer
2652 1055 125 53 mal
2847 1051 235 57 wieder
3151 1051 110 56 der
3314 1050 387 74 Gegenstand

2175 1142 348 73 eingeführt
2568 1142 273 56 werden.
2923 1143 141 56 Nun
3088 1141 164 57 wird
3275 1141 297 57 niemand
3594 1143 72 55 be-

2175 1231 270 73 haupten
2478 1234 247 69 wollen,
2771 1232 138 56 dass
2953 1233 97 54 ein
3076 1231 389 73 Gegenstand
3494 1232 205 56 Leben

2178 1323 89 57 ist.
2373 1323 123 56 Das
2564 1324 268 72 gegipste
2899 1321 360 58 Automobil
3325 1323 79 56 ist
3470 1322 229 56 ebenso

2175 1413 431 72 unbeweglich
2626 1414 118 55 wie
2769 1412 107 56 das
2900 1413 262 72 gemalte
3174 1410 151 58 Obst
3340 1411 324 73 ungeniess-

2173 1503 112 56 bar
2324 1502 94 60 ist
2500 1503 78 56 Es
2621 1503 125 73 gibt
2787 1503 131 55 also
2940 1501 366 57 tatsächlich
3330 1502 162 55 noch
3517 1502 183 55 heute

2173 1593 349 72 Menschen,
2578 1592 101 58 die
2718 1594 229 55 immer
2988 1590 161 59 noch
3191 1590 171 58 nicht
3401 1591 298 72 begriffen

2174 1684 221 71 haben,
2440 1684 139 56 dass
2604 1684 171 56 nicht
2798 1682 109 57 der
2930 1681 388 74 Gegenstand
3360 1680 101 57 die
3491 1682 206 69 Form,

2173 1773 268 57 sondern
2466 1773 101 58 die
2589 1774 188 56 Form
2801 1773 119 56 den
2945 1771 386 73 Gegenstand
3355 1773 223 55 macht.
3619 1772 80 56 Es

2171 1864 126 71 gibt
2326 1865 131 56 also
2487 1864 162 58 noch
2691 1865 229 54 immer
2948 1863 207 69 Leute,
3186 1861 100 56 die
3315 1861 132 57 sich
3476 1861 192 57 einbil-

2174 1953 137 72 den,
2324 1953 425 74 Gegenstände
2770 1971 73 37 zu
2867 1952 239 57 sehen.
3130 1952 79 55 Es
3234 1953 124 70 gibt
3380 1953 132 55 also
3535 1949 163 59 noch

2170 2044 228 57 immer
2439 2043 206 72 Leute,
2689 2043 99 57 die
2830 2043 170 57 nicht
3040 2043 246 72 wissen,
3318 2043 142 56 dass
3501 2043 199 56 Kunst

2172 2153 119 38 nur
2351 2134 100 58 die
2498 2135 367 72 organische
2907 2135 358 71 Gestaltung
3312 2152 121 39 von
3478 2134 220 57 Form-

2173 2224 127 57 und
2329 2225 585 72 Farbbeziehungen
2958 2225 91 56 ist.
3134 2224 146 56 Also
3305 2224 161 57 auch
3495 2224 201 57 nichts

2170 2316 114 54 mit
2324 2314 111 56 der
2477 2315 172 56 Seele
2670 2333 75 38 zu
2767 2320 109 50 tun
2900 2314 120 56 hat.
3103 2315 122 54 Der
3255 2314 443 56 Grundirrtum

2174 2404 111 57 der
2323 2406 490 72 Vergangenheit
2862 2406 94 71 ist,
3038 2404 141 57 dass
3221 2422 148 38 man
3412 2402 101 58 die
3555 2404 107 55 Ele-

2170 2501 206 50 mente
2418 2495 110 56 der
2567 2496 196 56 Kunst
2805 2496 167 56 nicht
3013 2496 181 55 mehr
3235 2496 265 71 gekannt
3543 2492 156 59 oder

2169 2602 107 57 gar
2328 2588 260 55 erkannt
2628 2588 105 55 hat
2773 2587 153 57 oder
2965 2588 88 55 sie
3093 2587 63 54 in
3201 2584 109 57 das
3354 2572 304 69 Übersinn-

2170 2678 161 55 liche
2353 2679 285 70 verlegte.
2699 2676 125 57 Der
2846 2676 450 59 Grundirrtum
3322 2675 112 57 der
3460 2675 199 73 Gegen-

2170 2773 158 53 wart
2392 2769 93 70 ist,
2555 2767 140 56 dass
2753 2785 146 39 man
2942 2767 321 56 Elemente
3319 2766 377 72 verwendet,

2170 2858 166 56 ohne
2393 2860 88 54 sie
2522 2857 328 73 organisch
2890 2876 75 38 zu
3007 2857 344 58 verbinden
3394 2854 262 76 (Kompo-

2169 2949 183 57 sition
2376 2947 152 57 oder
2552 2947 489 73 Konstruktion).
3090 2948 177 56 Auch
3290 2946 408 58 verbundene

2169 3038 318 56 Elemente
2528 3037 142 57 sind
2710 3037 431 72 verwendbar,
3195 3056 183 38 wenn
3419 3054 147 39 man
3610 3039 88 54 sie

2168 3129 62 55 in
2273 3129 169 56 ihrer
2477 3128 399 73 Verbindung
2918 3129 261 56 erkannt
3210 3128 123 57 hat.
3413 3128 245 57 Verbun-

2169 3218 157 56 dene
2350 3218 316 56 Elemente
2709 3218 140 56 sind
2890 3219 62 55 in
2995 3219 399 72 organischer
3434 3218 224 57 Verbin-

2169 3308 167 73 dung
2401 3327 123 39 von
2586 3310 409 56 elementarer
3047 3309 302 72 Wirkung
3409 3308 129 56 und
3605 3309 90 55 als

2168 3400 318 56 Elemente
2527 3417 75 37 zu
2643 3405 250 52 werten.
2972 3397 166 58 Oder
3174 3399 105 56 hat
3308 3397 33 61 H
3374 3397 33 61 2
3440 3397 32 61 0
3516 3400 181 55 keine

2167 3492 372 53 elementare
2565 3490 316 71 Wirkung.
2906 3490 241 55 Gemalt
3161 3488 334 72 allerdings
3509 3489 186 56 nicht.

2168 3580 159 58 Weil
2388 3579 276 56 nämlich
2738 3579 108 56 das
2920 3581 262 71 gemalte
3235 3579 250 58 Wasser
3550 3581 143 55 kein

2166 3671 249 56 Wasser
2473 3671 94 69 ist,
2634 3670 309 56 vielmehr
2984 3671 135 55 eine
3162 3670 108 55 Art
3311 3687 35 39 a
3388 3671 272 72 posterio-

2166 3760 283 56 ristische
2490 3759 381 57 Assoziation
2915 3761 111 55 auf
3062 3760 216 56 Grund
3320 3762 170 54 einer
3511 3760 182 56 mehr

2166 3850 155 57 oder
2362 3851 271 71 weniger
2682 3851 488 56 verschmierten
3213 3850 223 58 blauen
3479 3851 215 57 Farbe.

2166 3941 147 57 Wer
2372 3940 100 56 die
2514 3941 394 73 Vorstellung
2959 3959 122 39 von
3125 3941 250 57 Wasser
3416 3941 279 72 braucht,

2165 4049 108 37 um
2296 4030 217 74 irgend
2536 4032 136 54 eine
2694 4031 182 56 blaue
2897 4031 198 56 Farbe
3117 4031 189 57 sehen
3329 4049 76 38 zu
3428 4032 269 71 können,

2165 4122 78 55 ist
2309 4121 165 56 ohne
2533 4120 146 74 jede
2747 4122 452 56 künstlerische
3259 4121 434 74 Anschauung.

2167 4211 139 56 Und
2366 4229 129 39 wer
2549 4212 132 56 sich
2722 4213 99 55 bei
2864 4213 172 55 einer
3076 4212 198 56 Farbe
3316 4217 123 51 erst
3478 4213 217 72 irgend

2166 4306 190 51 etwas
2386 4301 243 57 denken
2660 4319 190 54 muss,
2882 4321 107 36 um
3020 4303 137 56 eine
3179 4302 197 57 Farbe
3407 4320 72 38 zu
3517 4321 134 55 emp-

2167 4390 227 72 finden,
2431 4394 76 54 ist
2536 4393 155 55 eben
2722 4393 164 56 ohne
2915 4391 589 75 Farbempfindung.
3554 4394 141 56 Man

2167 4482 223 55 nimmt
2407 4481 161 58 auch
2586 4481 99 57 die
2697 4481 198 57 Farbe
2907 4483 171 56 nicht
3088 4483 112 55 mit
3212 4481 110 58 der
3334 4483 190 72 Seele,
3547 4501 147 38 man

2166 4572 224 55 nimmt
2434 4573 88 56 sie
2564 4572 114 55 mit
2720 4571 144 57 dem
2893 4573 168 71 Auge
3103 4572 192 59 wahr.
3375 4573 166 57 Alles
3584 4592 75 38 an-

2165 4661 146 57 dere
2390 4663 75 56 ist
2543 4663 502 58 ausschliesslich
3123 4664 383 57 Assoziation
3588 4665 107 57 des

2166 4752 302 73 Subjekts.

2164 4843 139 58 Nun
2348 4844 164 56 kann
2556 4843 133 58 sich
2729 4862 169 40 zwar
2949 4843 100 59 die
3090 4846 197 57 Kunst
3327 4846 169 57 nicht
3538 4845 157 58 nach

2165 4931 144 58 dem
2359 4933 208 57 Leben
2628 4934 258 73 richten,
2948 4953 186 39 wenn
3196 4936 88 56 sie
3345 4936 172 57 nicht
3577 4956 121 37 nur

2163 5023 456 74 Nachahmung
2666 5025 514 58 mechanisierter
3227 5025 294 60 Formeln
3573 5046 122 39 von

2164 5113 325 73 optischen
2551 5114 397 59 Eindrücken
3011 5118 130 56 sein
3203 5119 151 69 will,
3418 5117 101 57 die
3585 5119 113 55 mit
