4056 5613
411 5278 118 53 102

415 237 49 57 E
507 238 200 58 allora
749 237 198 57 eccoti
988 237 362 74 spalancata

419 330 61 56 la
522 345 152 41 cava
717 330 198 71 figura
957 332 212 54 nostra

414 438 115 56 per
569 421 148 73 quel
759 418 171 76 po'di
972 420 160 72 luce,
1176 418 62 59 di
1279 423 237 69 tepore,
1560 418 66 57 di
1667 431 195 61 sogno

413 511 117 58 che
571 511 273 58 troverai
888 511 420 58 sicuramente
1350 511 103 72 giü
1494 511 66 56 in
1602 509 215 60 fondo.

1388 600 270 61 Luciano
1702 599 261 76 Folgore

415 971 598 93 Cantastorie

412 1153 273 57 Corroso
742 1170 34 39 e
829 1153 314 57 scolorato
1206 1151 80 59 da
1347 1170 186 56 pazze
1594 1150 369 77 perdizioni,

412 1244 259 58 nell'ore
713 1243 168 59 della
917 1258 150 59 gran
1111 1243 259 57 caldura
1411 1244 122 56 m'e
1562 1248 193 69 grato,
1784 1261 182 41 come

410 1354 36 39 a
500 1336 271 72 Socrate,
825 1336 313 74 viaggiare
1203 1336 101 57 nel
1359 1339 182 54 canto
1599 1336 367 59 fiammante

412 1425 168 60 delle
620 1427 215 58 cicale.

410 1517 24 57 I
476 1519 215 71 colori,
746 1517 252 59 lasciate
1042 1517 57 57 le
1149 1535 145 41 cose
1337 1519 157 69 loro,
1545 1535 222 41 cercan
1811 1535 154 58 pace

412 1610 372 58 nell'occhio
845 1615 251 53 maturo
1152 1608 166 75 degli
1372 1612 261 56 animali
1695 1612 271 74 spossati

410 1703 87 70 (le
541 1701 188 58 frutta
769 1718 115 41 son
925 1707 318 52 tenerezze
1284 1701 257 75 geniali)

410 1793 110 57 Sui
549 1795 158 57 vasti
737 1798 234 69 trapezi
1001 1791 166 59 delle
1201 1808 345 61 campagne
1575 1795 391 74 signoreggia

410 1903 126 39 una
576 1886 281 75 sapiente
900 1884 282 75 giustizia

409 1994 33 39 e
483 1977 46 56 il
569 1976 275 59 vändalo
886 1977 207 58 scalzo
1133 1994 34 39 e
1210 1976 404 74 cicatrizzato,
1665 1976 171 76 dopo
1878 1996 85 39 un

409 2069 369 73 angoscioso
818 2069 256 73 fuggire,
1125 2067 159 59 beve
1325 2069 279 57 salvezza
1648 2069 317 76 nell'aqua

409 2165 316 66 gemmata
766 2159 103 57 dei
911 2160 219 58 monti.

409 2250 223 58 Colma
673 2248 66 60 di
791 2250 246 59 ardenti
1091 2252 386 74 rimproveri
1530 2252 89 57 mi
1670 2252 191 57 fascia
1904 2253 61 56 la

409 2342 345 57 sconfinata
773 2343 257 75 pigrizia
1054 2342 101 57 del
1176 2348 215 70 tempo
1414 2360 187 58 speso
1621 2343 64 58 in
1706 2343 259 59 tabacco

409 2452 33 39 e
483 2433 318 73 merende,

409 2543 33 39 e
485 2545 83 39 un
612 2531 291 53 accorato
945 2526 234 58 morire
1221 2528 92 56 mi
1353 2526 241 76 prende

407 2634 183 41 come
632 2634 66 39 se
725 2621 159 54 tutto
928 2618 165 57 fosse
1135 2634 220 56 presso
1396 2634 35 41 a
1460 2618 325 59 risolversi
1814 2621 149 69 cosi,

409 2726 184 41 senza
634 2709 277 58 consölo.

407 2800 234 73 Allora,
690 2800 440 60 avviticchiato
1179 2802 127 58 alla
1355 2800 195 60 Terra
1599 2800 117 60 che
1765 2800 200 60 adoro

407 2910 34 39 e
483 2894 88 55 mi
613 2894 344 69 riconosce,
1011 2892 300 76 discopro
1364 2912 103 39 me
1509 2899 198 52 stesso
1760 2894 205 57 intero

407 3000 183 41 come
647 3002 83 54 se,
786 2985 63 56 in
906 2999 214 59 sogno,
1181 2987 318 72 qualcuno
1557 2985 408 58 all'orecchio

406 3075 307 59 m'avesse
756 3076 384 73 interrogato

407 3183 34 39 e
483 3164 144 60 dico
656 3166 115 59 che
800 3168 91 56 fui
933 3166 388 59 Cantastorie
1364 3168 331 74 pettegolo,
1728 3168 237 76 colpito

407 3258 278 59 davvero
727 3278 34 39 e
803 3259 310 73 sfregiato.

1516 3350 214 59 Primo
1775 3349 188 62 Conti

406 3722 472 89 Aforismi
946 3725 97 88 di
1109 3723 453 113 Pitigrilli

405 3899 122 60 Per
568 3901 150 58 farsi
761 3901 257 59 credere
1060 3903 146 57 colti
1250 3903 178 59 basta
1477 3921 208 41 essere
1728 3904 204 58 intelli-

403 3993 194 72 gent;
659 4011 114 56 per
827 3993 151 57 farsi
1032 3993 259 59 credere
1350 3994 373 73 intelligenti
1784 3996 177 57 basta

403 4101 207 41 essere
671 4084 196 73 furbi;
930 4103 103 39 ma
1091 4103 115 57 per
1262 4086 151 57 farsi
1474 4084 257 59 credere
1792 4086 168 57 furbi

403 4175 261 75 bisogna
707 4194 206 41 essere
956 4177 167 58 furbi
1167 4194 114 58 per
1321 4177 298 59 davvero.

405 4326 136 58 Una
583 4328 169 57 volta
795 4328 20 57 i
856 4328 110 74 piü
1008 4329 152 58 abili
1211 4329 352 75 questurini
1613 4346 194 43 erano
1856 4348 66 41 re-

403 4419 216 58 clutati
666 4419 96 60 fra
813 4421 44 56 il
900 4421 301 74 rigurgito
1243 4419 168 60 delie
1460 4423 235 74 galere;
1758 4423 141 74 oggi
1941 4423 20 56 i

402 4511 108 74 piü
566 4511 474 59 incontentabili
1089 4514 200 58 critici
1343 4531 158 41 sono
1552 4516 259 56 raccolti
1865 4516 95 56 fra

402 4602 20 56 i
464 4602 195 58 rifiuti
702 4602 167 59 della
913 4606 379 59 letteratura.

402 4753 78 59 Se
520 4755 55 59 si
603 4761 249 68 potesse
889 4758 133 57 fare
1052 4760 44 55 il
1127 4777 299 57 processo
1457 4760 122 57 alle
1616 4760 344 57 intenzioni

402 4846 191 74 pochi
635 4849 244 58 uomini
920 4851 471 75 sfuggirebbero
1431 4848 439 78 all'ergastolo.

403 5000 358 58 L'amicizia
805 5020 32 39 e
881 5020 124 41 una
1045 5003 327 77 reciproca
1413 5003 299 77 ipocrisia
1755 5020 35 41 a
1834 5002 124 59 due

402 5093 344 58 abilmente
786 5102 337 52 sostenuta.

2151 232 63 59 Si
2256 232 340 57 chiamano
2625 228 334 60 tradizioni
3001 232 56 56 le
3098 227 462 61 minchionerie
3589 227 116 61 che

2149 323 21 56 i
2193 321 198 60 nostri
2413 321 200 58 nonni
2634 320 438 74 tramandano,
3096 338 113 56 per
3233 337 212 40 mezzo
3468 323 236 68 nostro,

2149 415 61 57 ai
2251 413 201 59 nostri
2495 413 215 74 nipoti.

2151 567 76 59 Se
2270 569 44 57 il
2356 567 340 59 cammello
2739 570 249 71 potesse
3016 567 249 74 parlare
3296 564 277 59 darebbe
3602 564 103 57 del

2151 660 207 73 gobbo
2400 662 59 54 al
2502 657 426 59 dromedario.

2151 812 44 58 II
2236 809 348 78 paradosso
2627 829 34 38 e
2703 811 61 56 la
2805 809 198 59 veritä
3045 828 119 40 con
3204 828 85 40 un
3333 807 374 80 po'd'acqua

2151 904 66 57 di
2258 906 142 55 selz.

2149 1058 143 59 Non
2346 1058 89 58 c'e
2488 1073 196 41 uomo
2737 1055 118 57 che
2915 1073 123 39 non
3098 1056 52 56 si
3203 1055 242 59 diverta
3497 1072 36 40 a
3575 1055 132 57 fare

2153 1149 166 58 delle
2347 1148 288 76 profezie.
2715 1146 195 73 Quasi
2938 1148 141 56 tutti
3109 1146 234 59 dicono
3372 1148 332 71 bestialitä,

2149 1258 107 40 ma
2297 1258 33 39 e
2373 1241 284 56 naturale
2705 1239 135 73 che,
2893 1239 164 58 sulla
3104 1256 229 56 massa,
3385 1239 320 75 qualcuno

2151 1329 351 61 l'indovini.
2579 1329 256 59 Ebbene
2864 1334 251 54 costoro
3143 1348 159 38 sono
3330 1329 377 74 proclamati

2151 1427 141 70 geni
2334 1422 308 76 profetici.

2153 1576 89 58 La
2317 1576 218 75 seppia
2613 1573 259 78 quando
2940 1576 54 58 si
3059 1573 160 61 vede
3294 1580 288 69 scoperta
3653 1574 52 56 si

2151 1683 356 59 sommerge
2574 1668 104 57 nel
2745 1685 116 40 suo
2921 1666 380 61 inchiostro:
3370 1666 58 57 la
3492 1664 215 58 donna

2151 1761 166 57 nelle
2358 1759 257 76 proprie
2656 1761 279 56 lacrime.

2151 1915 78 57 Se
2270 1932 35 39 a
2347 1932 127 40 una
2503 1911 214 61 donna
2757 1911 66 60 di
2866 1911 438 77 quarant'anni
3331 1916 68 53 tu
3428 1910 125 59 dici
3589 1908 116 61 che

2151 2023 78 39 ne
2258 2003 308 59 dimostra
2595 2003 328 59 trentadue
2945 2005 34 55 6
3001 2020 232 57 capace
3260 2001 66 59 di
3348 1999 357 75 ofFendersi,

2149 2115 183 39 come
2393 2113 66 41 se
2518 2096 222 58 invece
2801 2094 66 60 di
2928 2099 129 55 otto
3120 2093 66 59 di
3250 2111 191 41 meno
3502 2093 205 74 gliene

2149 2189 204 58 avessi
2398 2187 129 60 dati
2562 2187 268 60 diciotto
2874 2187 66 60 di
2979 2187 127 75 piü.

2151 2340 63 59 Si
2256 2340 339 57 chiamano
2637 2340 340 74 specialisti
3018 2340 22 56 i
3079 2338 235 59 medici
3343 2338 119 59 che
3490 2336 215 60 hanno

2149 2433 270 58 limitato
2461 2450 37 41 a
2540 2452 83 39 un
2679 2450 231 57 campo
2960 2433 114 73 piü
3126 2433 275 56 ristretto
3455 2433 63 54 la
3565 2433 140 56 loro

2149 2524 292 58 asineria.

2149 2675 77 59 Ai
2266 2677 254 76 pretori,
2562 2677 63 57 ai
2664 2675 252 76 giudici,
2957 2675 63 58 ai
3047 2675 227 75 giurati
3301 2675 52 59 si
3384 2672 321 61 dovrebbe

2151 2770 315 56 sostituire
2496 2785 126 41 una
2651 2768 189 58 borsa
2869 2767 66 59 di
2962 2767 259 74 fagiuoli
3255 2768 166 56 metä
3451 2765 256 59 bianchi

2149 2878 34 41 e
2224 2863 167 56 metä
2434 2861 152 58 neri.
2667 2860 53 59 A
2759 2858 276 61 seconda
3079 2860 102 57 del
3211 2860 213 57 colore
3467 2863 204 69 sorteg-

2151 2953 166 73 giato
2358 2953 320 57 assolvere
2720 2970 39 39 o
2801 2949 422 60 condannare.
3306 2949 134 58 Con
3484 2955 221 71 questo

2151 3044 256 58 sistema
2429 3044 62 58 la
2510 3044 281 73 giustizia
2813 3044 264 58 sarebbe
3101 3043 461 59 amministrata
3585 3059 119 41 con

2149 3136 319 74 maggiore
2491 3136 349 73 economia,
2871 3136 396 73 intelligenza
3291 3134 78 59 ed
3399 3134 212 76 equitä
3633 3166 71 7 —

2148 3286 166 61 Aver
2342 3307 36 39 a
2407 3286 277 60 chefare
2725 3305 120 41 con
2877 3305 87 41 un
3006 3286 241 60 cretino
3291 3305 125 41 non
3448 3288 32 56 6
3512 3288 192 56 nulla.

2149 3383 215 54 Brutto
2422 3381 32 56 6
2512 3396 150 43 aver
2713 3396 37 41 a
2808 3380 308 57 chefare
3170 3396 119 41 con
3348 3396 85 39 un
3492 3395 213 40 mezzo

2149 3473 256 57 cretino.

2145 3625 23 56 I
2212 3625 362 75 passionali,
2625 3625 22 56 i
2696 3625 425 58 sentimentali
3175 3622 422 59 considerano
3645 3625 60 56 le

2146 3720 344 54 avventure
2510 3733 181 41 come
2711 3733 126 41 una
2855 3715 378 76 sottospecie
3252 3713 453 78 disprezzabile

2146 3805 388 61 dell'amore.
2629 3808 226 58 Hanno
2896 3813 181 53 torto.
3167 3808 290 58 L'amore
3499 3825 129 39 non
3672 3808 32 54 6

2146 3898 117 57 che
2305 3916 127 41 una
2473 3899 161 58 serie
2676 3899 110 75 piü
2828 3916 39 41 o
2896 3918 191 39 meno
3130 3899 188 73 lunga
3362 3898 62 57 di
3468 3916 197 41 avven-

2145 3996 138 52 ture
2325 3993 95 55 fra
2461 3993 59 55 le
2562 3996 195 54 stesse
2798 4009 288 56 persone.

3418 4068 286 74 Pitigrilli

2148 4365 375 90 Attimo
2594 4368 98 88 di
2755 4368 565 110 meraviglia

2146 4543 247 59 Stasera
2435 4543 209 59 Lilina

2144 4636 83 58 ha
2268 4638 61 57 la
2373 4638 218 57 lettera
2630 4636 139 58 finit
2788 4622 79 78 A

2144 4726 88 76 (la
2275 4746 281 41 mamma
2600 4727 396 75 annichilita)

2143 4821 116 59 Nel
2305 4837 115 41 suo
2463 4822 174 56 lume
2678 4821 272 72 leggiero

2144 4912 83 59 IN
2271 4912 463 73 EQUILIBRIO

2146 5003 462 77 d'improvviso

2144 5097 63 55 la
2248 5097 179 55 Luna
