3606 4462
1808 138 91 56 148

339 277 128 60 „Der
510 277 200 51 einfache
757 278 146 51 Name
950 280 259 70 Allegretto
1256 282 70 50 für
1370 281 155 51 diesen
1571 281 106 50 Satz
1740 281 59 52 ist

214 361 134 50 mehr
391 361 70 50 ein
493 360 190 68 Symbol
729 362 65 51 als
825 364 74 50 ein
929 365 134 51 Titel.
1109 365 86 51 Die
1232 365 134 49 weite
1396 364 289 68 Andeutung
1716 365 54 51 Al-

217 445 211 67 legretto,
487 445 178 51 welche
711 466 89 32 nur
846 450 141 49 Form
1034 450 81 49 der
1157 449 165 57 Musik,
1385 447 124 51 nicht
1553 447 126 54 bloss
1726 451 73 51 ein

214 531 177 66 Tempo
435 530 268 62 ausdruckt,
750 535 135 66 gefiel
931 535 264 48 Beethoven
1239 532 174 59 besser,
1465 534 103 51 weil
1614 535 62 51 sie
1722 536 77 51 ihn

217 614 80 48 frei
327 614 119 59 liess,
493 633 52 33 so
588 615 66 51 oft
686 635 49 32 er
767 618 122 49 nicht
922 618 70 49 die
1022 623 211 43 muntere
1263 618 328 60 Fröhlichkeit,
1638 638 161 33 woran

214 698 83 50 der
325 698 147 52 Name
504 700 202 52 Scherzo
745 701 214 57 erinnert,
1004 699 292 53 ausdrucken
1328 703 172 50 wollte.
1557 704 86 51 Die
1675 705 100 50 Alle-

214 786 195 64 gretto's
454 802 91 33 von
583 785 265 48 Beethoven
889 784 99 49 sind
1034 784 143 51 öfters
1230 785 235 69 Episoden
1512 788 88 51 voll
1646 792 155 47 süsser

214 868 282 58 Wehmuth,
536 868 61 66 ja,
644 868 142 49 selbst
828 885 86 32 von
951 868 135 67 jener
1129 870 242 68 geheimen
1416 873 165 59 Ironie,
1625 874 176 50 welche

218 950 65 52 oft
325 952 88 50 den
442 952 320 64 Hintergrund
804 952 82 50 der
926 953 254 52 Gedanken
1223 955 123 51 eines
1385 955 291 70 Shakspeare
1707 958 95 49 und

221 1033 247 52 Cervantes
500 1033 155 51 bildet.

344 1119 201 60 „Zuerst
589 1137 92 34 von
719 1122 104 51 Em.
855 1123 125 51 Bach
1027 1124 271 68 gebraucht,
1338 1126 120 49 öfter
1488 1143 88 33 von
1620 1126 182 68 Haydn,

216 1202 189 52 niemals
451 1222 91 34 von
581 1204 199 61 Mozart,
825 1207 201 51 welcher
1058 1209 82 50 der
1169 1209 192 51 Menuet
1392 1217 104 42 treu
1524 1208 136 61 blieb,
1705 1227 96 33 was

217 1286 60 50 ist
320 1287 126 51 nicht
486 1306 83 33 aus
613 1289 107 51 dem
755 1291 201 50 Scherzo
988 1298 138 45 unter
1154 1293 306 50 Beethoven's
1491 1293 199 51 Händen
1721 1311 54 49 ge-

217 1371 217 52 worden!
466 1373 84 50 Als
588 1374 90 50 den
703 1374 329 61 Gnadenstoss,
1063 1376 199 51 welcher
1293 1376 82 49 der
1407 1376 269 59 Quadratur
1707 1377 95 51 und

221 1456 260 52 Schablone
508 1457 209 69 gegeben
741 1458 176 60 wurde,
935 1477 125 33 muss
1091 1477 105 32 man
1220 1460 69 50 die
1314 1460 489 69 Nichtwiederholung

222 1540 80 50 des
333 1548 156 42 ersten
519 1541 181 51 Theiles
724 1542 80 50 des
835 1543 240 51 Scherzo's
1103 1542 296 53 betrachten:
1431 1545 262 68 Allegretto
1718 1546 84 51 der

222 1623 173 51 Sonate
425 1625 46 49 in
762 1627 131 60 Cis-moll,
894 1626 123 52 Scherzo
1018 1646 66 33 von
1116 1628 90 69 Op.
1246 1627 48 61 7,
1328 1630 94 59 26,
1458 1630 92 59 28,
1595 1631 96 51 und
1721 1631 82 51 der

221 1708 174 51 Sonate
440 1708 74 51 für
554 1711 142 50 Piano
729 1711 94 51 und
853 1712 178 51 Violine
1062 1712 45 51 in
1359 1715 90 67 Op.
1665 1716 137 69 (Dass

220 1791 120 52 doch
371 1792 71 51 die
471 1795 150 49 Leute
646 1811 48 33 es
726 1795 162 51 immer
918 1796 43 50 in
989 1796 83 51 der
1102 1797 173 52 Form
1305 1797 174 51 suchen
1509 1799 182 59 wollen,
1723 1818 53 31 an-

222 1884 113 43 statt
364 1877 47 50 in
438 1877 104 52 dem
571 1879 193 61 Inhalte,
805 1880 43 51 in
881 1881 89 50 den
1003 1881 277 52 Gedanken!
1310 1882 106 51 Und
1445 1901 141 32 unser
1617 1901 186 51 grosser

220 1961 222 62 Kritiker,
489 1962 81 51 der
613 1964 149 51 dieser
806 1965 488 70 Nichtwiederholung
1323 1966 80 52 des
1435 1975 155 42 ersten
1622 1969 180 49 Theiles

223 2045 101 50 eine
354 2063 52 34 so
439 2064 160 50 grosse
617 2048 132 50 Rolle
775 2049 331 61 unterschiebt,
1136 2050 79 50 hat
1247 2050 123 51 nicht
1399 2051 163 51 einmal
1587 2053 215 66 gesehen,

220 2129 105 51 dass
368 2130 46 50 in
454 2130 119 50 allen
614 2131 88 51 den
749 2133 306 67 angeführten
1095 2135 170 48 Sätzen
1312 2135 70 50 die
1426 2135 372 69 Wiederholung

221 2213 207 52 offenbar
458 2215 283 60 vorhanden,
773 2216 115 51 aber
918 2218 81 49 mit
1030 2218 181 67 einigen
1242 2220 399 66 Veränderungen
1672 2238 93 33 aus-

223 2298 427 67 geschrieben,
692 2299 96 51 und
832 2319 87 31 nur
965 2302 123 49 nicht
1130 2302 146 50 durch
1305 2303 494 68 Repetitions-Striebe

227 2380 268 52 bezeichnet
522 2383 101 68 ist!)
792 2385 167 58 „Diese
997 2387 349 68 Emancipation
1390 2406 91 33 von
1525 2388 83 49 der
1658 2389 143 50 Form

226 2465 164 51 wurde
433 2467 98 49 eine
576 2468 169 51 andere
783 2469 74 48 für
888 2469 71 50 die
988 2469 109 51 Idee
1142 2470 336 69 (umgekehrt!)
1526 2472 176 59 „durch
1733 2473 70 50 die

226 2549 286 51 allmähliche
542 2550 319 70 Abschaffung
884 2553 132 67 jeder
1046 2553 299 69 Abtheilung.
1376 2557 53 48 In
1453 2556 87 49 den
1564 2557 238 51 Scherzo's

225 2633 82 52 der
338 2633 251 61 Quartette
620 2636 43 49 in
1180 2638 45 47 F
763 2637 89 68 Op.
890 2637 92 60 59,
1013 2638 46 50 in
1087 2639 66 51 Es
1187 2639 90 69 Op.
1318 2639 92 60 74,
1440 2639 44 51 in
1516 2641 81 49 der
1629 2642 172 49 Sonate

232 2717 112 51 106
382 2718 155 51 finden
570 2718 83 51 wir
682 2719 159 51 weder
871 2722 170 58 Theile,
1072 2722 118 51 noch
1220 2723 125 50 Trio.

352 2803 125 57 „Das
495 2803 203 51 Scherzo
714 2804 306 51 Beethoven's
1058 2806 56 51 ist
1145 2806 70 51 ein
1247 2807 151 51 Relief
1421 2808 80 50 auf
1526 2808 82 51 der
1637 2810 168 49 Fläche

226 2887 80 50 des
347 2886 322 68 bürgerlichen
719 2890 313 50 Musiklebens
1065 2891 73 68 (?).
1191 2892 109 50 Man
1346 2892 170 51 könnte
1563 2892 71 51 ein
1675 2895 130 49 Buch

226 2968 115 51 über
366 2970 78 50 das
468 2971 254 61 schreiben,
740 2990 95 33 was
855 2973 267 51 Beethoven
1145 2975 262 67 Allegretto
1679 2977 126 69 (Wir

227 3057 160 47 wären
418 3056 80 49 mit
529 3056 69 49 ein
631 3074 108 51 paar
771 3057 156 51 Seiten
959 3058 200 51 darüber
1190 3060 250 59 zufrieden,
1470 3079 136 33 wenn
1638 3062 64 50 sie
1719 3080 85 33 uns

225 3137 119 51 über
390 3138 89 50 den
518 3141 409 51 Unterschied
975 3142 80 51 des
1086 3144 424 52 Beethoven'schen
1539 3146 263 67 Allegretto

228 3240 106 32 vom
367 3222 200 51 Scherzo
593 3224 262 61 belehrten;
903 3226 80 50 der
1013 3227 242 51 Verfasser
1285 3229 122 49 wirft
1434 3229 124 59 aber,
1590 3230 86 49 wie
1699 3248 104 33 man

227 3305 133 60 sieht,
395 3305 129 51 beide
557 3306 144 51 durch
731 3307 247 70 einander.)
1026 3311 150 59 „Was
1206 3311 174 51 konnte
1411 3312 123 51 wohl
1573 3314 92 49 B.'s
1697 3314 106 49 Idee

222 3390 112 58 sein,
378 3391 65 50 als
476 3408 51 33 er
559 3391 78 51 das
668 3391 258 68 Allegretto
959 3394 81 51 der
1075 3396 229 51 Cis-moll-
1309 3398 175 49 Sonate
1512 3398 291 50 aufschrieb?

221 3475 180 50 Kann
432 3493 133 32 man
597 3492 63 33 es
692 3475 278 67 glauben,
1009 3479 102 51 dass
1145 3479 82 49 der
1256 3481 242 50 Verfasser
1530 3481 146 51 dieses
1709 3500 62 31 un-

222 3559 319 49 wahrsehe
565 3559 273 52 inlichen
868 3560 55 67 (?)
955 3561 339 52 Musikstückes
1326 3582 150 49 gegen
1506 3565 85 50 Ein
1615 3565 101 51 Uhr
1746 3584 57 32 zu

222 3643 165 67 Mittag
423 3644 110 49 ass?
580 3644 87 49 alle
708 3645 127 66 Tage
877 3645 131 50 einen
1040 3646 282 69 Spazirgang
1352 3667 78 32 um
1462 3649 146 53 Wien
1637 3650 165 52 herum

225 3726 180 50 machte
444 3728 96 49 und
583 3728 99 49 eine
726 3728 102 49 Zeit
860 3729 109 67 lang
997 3729 156 50 Punkt
1187 3730 29 50 6
1252 3730 98 51 Uhr
1380 3733 60 49 im
1469 3733 333 53 Wirthshause

225 3828 54 32 zu
326 3809 89 52 den
456 3810 162 51 beiden
658 3813 254 49 Kameelen
957 3831 74 33 am
1072 3813 186 51 Graben
1300 3815 176 60 eintraf,
1520 3818 93 49 sich
1643 3819 55 50 da
1730 3818 72 51 bei

221 3894 127 50 einer
376 3895 164 50 Kanne
1215 3914 94 35 was
1341 3899 74 50 für
1445 3900 71 50 ein
1548 3902 253 51 Gewächs!

334 3978 239 60 hinsetzte,
618 3996 65 43 er,
725 3980 70 50 ein
839 3982 155 59 Mann,
1042 3982 84 51 der
1167 3982 71 49 die
1270 3982 202 52 Sinfonie
1502 3984 81 51 mit
1615 3984 184 54 Chören

221 4060 46 51 in
298 4062 93 49 sich
421 4071 108 59 trug
546 4063 21 50 ?
608 4063 67 50 Er
698 4064 93 50 traf
814 4064 44 50 in
890 4066 172 50 diesem
1091 4066 270 50 Rauchloch
1392 4085 115 49 gern
1538 4068 81 51 mit
1650 4069 148 51 einem

218 4146 266 52 Franzosen
522 4165 283 43 zusammen,
851 4149 105 51 dem
999 4151 405 52 Haushofmeister
1451 4170 105 35 vom
1599 4153 200 54 Fürsten

1902 284 262 60 Colloredo,
2212 285 81 51 mit
2338 285 221 51 welchem
2606 304 49 32 er
2696 287 302 55 Französisch
3047 290 162 71 sprach
3387 292 97 52 eine

1901 370 218 67 Sprache,
2166 370 70 51 die
2283 370 93 52 sich
2422 370 252 51 sonderbar
2720 372 42 50 in
2807 375 308 53 Beethoven's
3160 377 174 53 Munde
3379 397 78 33 aus-

1902 470 278 50 genommen
2212 454 147 50 haben

2028 539 77 49 Ich
2137 539 183 67 glaube,
2367 557 165 33 unsere
2573 541 145 49 Leser
2746 540 151 51 haben
2927 560 158 51 genug
3115 562 56 33 an
3207 546 104 50 dem
3342 546 119 70 läppi-

1904 621 139 50 schen
2076 623 292 61 Geschwätz,
2399 624 146 51 durch
2577 625 198 50 welches
2808 625 126 50 Herr
2964 643 88 33 von
3082 629 125 49 Lenz
3242 631 89 50 den
3361 631 93 51 Aus-

1901 706 271 60 erwählten,
2203 708 178 50 welche
2412 727 78 31 um
2523 709 32 48 4
2578 709 113 51 oder
2720 709 31 49 5
2787 709 97 51 Uhr
2914 728 55 32 zu
3001 712 166 67 Mittag
3196 731 149 41 essen,
3382 733 76 51 spa-

1902 790 122 49 ziren
2071 792 228 49 fahren
2343 793 96 49 und
2485 793 323 70 Champagner
2840 802 111 43 statt

1901 873 246 61 schlürfen,
2192 873 267 68 begreiflich
2503 896 57 30 zu
2606 878 192 49 machen
2836 879 148 60 sucht,
3031 879 104 51 dass
3168 897 49 33 es
3248 882 119 49 auch
3400 899 55 32 un-

1901 963 71 44 ter
2004 957 81 50 der
2114 957 325 68 bürgerlichen
2471 960 156 51 Classe
2650 962 253 52 Menschen
2935 964 132 68 gebe,
3107 964 70 51 die
3213 964 117 52 doch
3360 966 124 50 nicht

1901 1059 113 50 ganz
2061 1061 56 32 zu
2163 1043 246 50 verachten
2453 1048 172 46 wären.
2693 1046 129 50 Nach
2880 1048 93 50 ihm
3030 1049 154 51 führte
3231 1049 81 51 der
3356 1068 127 33 arme

1900 1127 268 51 Beethoven
2225 1128 131 60 „eine
2912 1132 112 51 aber
3068 1134 80 51 das
3194 1134 141 51 Genie
3381 1152 76 33 ver-

1902 1209 201 51 dammte
2147 1211 78 50 ihn
2272 1212 128 52 dazu.
2459 1212 66 51 Er
2558 1211 181 52 belehrt
2781 1213 122 51 seine
2934 1217 144 48 Leser
3109 1218 117 50 auch
3255 1218 118 51 über
3403 1220 79 52 das

1902 1296 57 49 W
1960 1296 13 14 r
1975 1296 162 61 under,
2197 1297 104 51 dass
2358 1297 212 60 „Mozart
2625 1298 71 50 ein
2746 1297 247 52 deutsches
3039 1302 444 53 Wirthshausleben

1900 1377 167 62 führte,
2114 1380 93 50 sich
2250 1381 125 51 nicht
2419 1381 163 49 einmal
2627 1382 254 51 ordentlich
2926 1383 70 50 die
3039 1385 314 50 Handschuhe
3398 1406 54 32 an-

1904 1462 157 51 ziehen
2104 1465 172 49 konnte
2318 1465 67 68 (S.
2422 1463 153 71 233),
2620 1467 95 51 und
2746 1466 210 52 dennoch
2980 1468 91 69 (!!!)
3105 1468 89 51 den
3222 1470 108 50 Don
3360 1472 121 50 Juan

1902 1548 300 66 geschrieben

2022 1632 138 51 Dann
2212 1634 178 49 kommt
2433 1653 41 33 v.
2518 1635 123 49 Lenz
2688 1636 82 50 auf
2809 1636 89 51 den
2937 1636 204 69 jetzigen
3185 1640 165 49 Luxus
3396 1640 82 49 der

1897 1716 235 60 Künstler,
2179 1719 81 49 auf
2292 1717 90 52 den
2427 1719 153 49 Palast
2620 1719 82 50 der
2744 1721 188 60 Rachel,
2974 1722 81 50 auf
3100 1722 185 69 George
3337 1724 140 58 Sand,

1900 1800 127 51 Geist
2062 1801 96 51 und
2194 1802 209 60 Materie,
2447 1804 305 52 Beethoven's
2793 1806 339 68 Wohnungen,
3177 1825 118 42 „von
3328 1808 149 52 denen

1898 1903 51 32 er
1980 1885 145 69 einige
2155 1886 194 52 besucht
2379 1888 96 52 und
2506 1889 205 51 dadurch
2742 1890 71 52 die
2834 1891 318 69 respectabeln
3168 1894 308 49 Hausmütter

1898 1969 124 49 nicht
2066 1971 152 68 wenig
2257 1971 44 50 in
2344 1973 328 67 Verlegenheit
2714 1982 179 59 gesetzt
3076 1975 89 69 (!!),
3212 1978 81 48 auf
3318 1976 155 69 längst

1897 2053 233 52 bekannte
2174 2056 278 51 Anekdoten
2490 2074 90 35 von
2617 2059 282 60 Beethoven,
2945 2060 81 50 auf
3061 2060 69 51 die
3161 2060 198 52 Wiener

1895 2136 95 53 und
2034 2138 80 51 das
2158 2140 109 50 alles
2297 2139 99 51 füllt
2426 2140 172 51 wieder
2626 2142 94 50 vier
2749 2143 116 51 volle
2897 2143 170 51 Seiten.
3125 2144 196 51 Endlich
3351 2147 95 49 erin-

1893 2229 105 42 nert
2039 2239 51 32 er
2121 2223 108 58 sich,
2273 2224 103 51 dass
2418 2242 52 32 er
2506 2225 241 68 eigentlich
2779 2227 99 49 eine
2908 2227 315 68 Abhandlung
3254 2229 115 51 über
3400 2230 71 50 die

1901 2307 406 50 Cis-moll-Sonate
2340 2308 239 51 schreiben
2610 2309 105 60 will,
2746 2310 95 50 und
2873 2318 124 60 sagt:

2023 2390 124 59 „Das
2177 2390 158 53 Finale
2366 2392 57 51 ist
2455 2394 72 49 ein
2558 2393 297 52 flammender
2884 2397 284 49 Lavastrom.
3200 2397 103 52 Auf
3320 2398 155 67 jedem

1901 2473 146 69 Gipfel
2079 2474 147 51 seines
2257 2476 325 68 unablässigen
2970 2479 89 69 (bei
3090 2481 157 50 Herrn
3278 2501 38 32 v.
3348 2484 124 49 Lenz

1900 2558 141 50 lliesst
2084 2559 195 51 nämlich
2325 2561 70 50 die
2438 2563 122 50 Lava
2605 2562 44 49 in
2681 2563 68 51 die
2781 2563 182 69 Höhe!)
3010 2564 204 59 „werfen
3255 2567 76 50 ihn
3363 2568 110 50 zwei

1898 2643 380 67 Donnerschläge
2309 2644 172 51 wieder
2512 2646 134 49 dahin
2677 2647 185 58 zurück,
2906 2665 74 33 wo
3011 2665 51 32 er
3092 2648 375 68 hergekommen.

1900 2727 147 50 Einen
2080 2727 288 67 Augenblick
2414 2731 152 49 macht
2611 2730 145 52 dieses
2801 2731 366 52 Ueberströmen
3198 2735 123 59 Halt,
3367 2754 106 31 man

1902 2811 131 48 sollte
2066 2811 212 67 glauben,
2324 2830 48 33 es
2404 2813 65 50 sei
2499 2813 212 68 versiegt,
2757 2815 112 49 aber
2899 2832 48 33 es
2979 2816 235 67 geschieht
3245 2836 103 41 nur,
3395 2837 80 32 um

1904 2893 129 51 desto
2066 2898 136 65 ärger
2234 2897 170 50 wieder
2434 2898 300 69 anzufangen.
2777 2900 64 49 Es
2885 2898 57 51 ist
2988 2900 81 49 der
3114 2902 359 51 unwillkürliche

1901 2977 250 52 Ausbruch
2211 2981 122 51 eines
2390 2982 220 59 Vulkans,
2664 2984 210 49 welchen
2918 2984 70 50 die
3033 2985 309 61 Traditionen,
3402 2987 71 50 die

1902 3064 182 59 Schule,
2116 3065 71 49 die
2202 3066 222 67 Magister
2441 3067 92 51 und
2551 3069 182 57 „„AVas
2757 3067 188 51 werden
2970 3067 70 51 die
3057 3070 148 49 Leute

1900 3146 254 67 vergebens
2201 3149 43 49 in
2290 3150 82 49 der
2417 3151 132 50 Seele
2594 3151 79 50 des
2715 3151 215 51 Dichters
2978 3152 190 69 dreissig
3196 3154 140 51 Jahre
3367 3155 105 67 lang

1898 3231 317 52 verschlossen
2262 3235 213 66 gehalten
2519 3235 166 60 haben,
2729 3236 221 51 während
2996 3255 105 32 man
3146 3238 80 50 ihn
3257 3240 79 50 mit
3367 3240 71 52 Wi-

1900 3315 324 52 derlichkeiten
2254 3318 95 50 und
2380 3320 228 48 Kummer

2023 3400 112 51 Das
2178 3401 72 60 ist,
2300 3420 95 33 was
2436 3404 125 48 Herr
2606 3422 89 33 von
2738 3406 124 49 Lenz
2907 3404 99 51 eine
3049 3405 258 60 Analvse
3354 3408 124 49 einer

1897 3483 423 53 Beethoven'schen
2353 3488 172 49 Sonate
2555 3489 170 50 nennt!

2023 3569 95 50 Das
2150 3570 138 51 Beste
2330 3589 56 32 an
2429 3572 103 50 dem
2580 3589 174 50 ganzen
2785 3574 157 51 Buche
2987 3574 57 51 ist
3087 3575 70 50 die
3189 3574 283 70 Gesinnung,

1897 3650 81 51 mit
2019 3653 199 51 welcher
2263 3655 82 50 der
2390 3655 241 51 Verfasser
2674 3674 148 51 gegen
2867 3658 79 51 das
2994 3659 481 52 Ueberhandnehmen

1897 3734 83 50 der
2003 3735 202 51 Technik
2235 3738 81 49 auf
2339 3738 103 51 dem
2466 3740 260 51 Pianoforte
2758 3742 93 51 und
2881 3742 46 51 in
2949 3742 146 67 Folge
3127 3742 240 52 derselben
3392 3744 83 50 der

1898 3819 174 51 flachen
2104 3822 341 52 Flitter-Musik
2486 3826 141 52 eifert.
2690 3826 108 50 Sein
2829 3827 178 49 Urtheil
3049 3826 117 49 über
3207 3827 69 49 die
3308 3828 165 51 Vocal-

1898 3902 376 70 Compositionen
2304 3907 303 52 Beethoven's
2644 3909 146 50 reicht
2828 3909 125 51 nicht
2993 3927 56 32 an
3094 3909 69 51 die
3195 3911 135 50 Höhe
3372 3912 78 51 der-

1897 3987 159 51 selben
2102 3989 95 50 und
2227 3989 58 52 ist
2326 3993 350 67 grösstentheils
2720 4011 89 33 nur
2850 3993 70 51 ein
2950 3993 288 52 Wiederhall
3269 3996 175 52 bekann-

1895 4078 72 43 ter
1995 4073 307 54 Vorurtheile.
2334 4078 136 50 Zwar
2500 4078 112 51 lässt
2641 4095 52 33 er
2724 4078 81 50 der
2828 4078 131 69 Oper
2989 4078 233 52 Fidelio
3254 4082 192 51 vollkom-

1896 4174 133 34 mene
2090 4157 341 70 Gerechtigkeit
2490 4162 328 61 widerfahren;
2890 4162 111 52 aber
3063 4163 79 54 das
3203 4167 269 51 Oratorium
