3518 4381
3057 4211 28 47 8

512 199 1291 198 iciieiTliciiiisck
1950 204 1143 259 Musik-Zeitung

1023 501 114 117 für
1218 499 559 119 Imsttaniie
1830 501 143 117 traft
2029 504 393 119 limstler.

202 738 388 69 Herausgegeben
638 761 86 31 von
778 743 235 49 Professor
1935 738 67 57 L.
2161 736 263 80 Bischoff.
1639 744 171 67 Verlag
1865 747 81 48 der
1997 741 82 56 M.
2925 748 374 66 Buchhandlung.

296 1071 227 38 Inhalt.

578 1072 78 34 Der
684 1073 216 35 Deserteur.
930 1074 102 46 Oper
1058 1075 37 33 in
1126 1074 80 34 drei
1234 1075 123 35 Acten
1384 1087 74 23 von
1489 1076 112 34 Ernst
1816 1075 129 35 Musik
1973 1088 73 23 von
2075 1077 214 34 Ferdinand
2318 1077 132 35 Hiller.
2583 1079 77 33 Der
2687 1079 263 45 Opernsänger
2986 1079 229 46 (Rückblick
3244 1082 67 34 auf

195 1133 59 34 die
282 1131 404 37 Künstler-Laufbahn
712 1145 75 23 von
816 1134 122 46 Aloys
966 1135 155 45 Ander).
1228 1136 92 34 Aus
1349 1136 216 35 Detmold
1595 1135 454 48 (Orchester-Concerte).
2156 1138 94 33 Aus
2285 1136 199 47 Leipzig
2518 1137 572 48 (Universitäts-Gesangverein
3119 1140 63 34 der
3209 1142 74 33 Pau-

192 1191 122 48 liner).
421 1194 143 34 Achtes
595 1195 459 36 Gesellschafts-Concert
1081 1197 39 32 in
1148 1195 103 35 Köln
1279 1197 51 33 im
1362 1197 227 34 Gürzenich.
1696 1197 176 45 Tages-
1913 1198 92 33 und
2043 1197 528 46 Unterhaltungsblatt
2613 1197 183 46 (Aachen,
2825 1199 97 33 Herr
2949 1199 214 35 Ferdinand
3191 1201 93 33 Breu-

193 1265 106 35 nung
402 1254 170 46 Leipzig,
602 1255 305 45 „Frithjof-Sage
916 1256 16 16 u
963 1267 75 22 von
1067 1255 92 33 Max
1187 1256 124 33 Bruch
1417 1255 218 44 Karlsruhe,
1663 1256 470 35 Abonnements-Concert
2236 1258 257 46 Königsberg,
2521 1259 100 33 Frau
2645 1257 446 49 Tuczek-Herrenburg).

631 1408 139 55 Der
830 1409 446 55 Deserteur.

313 1514 103 46 Oper
451 1515 39 33 in
529 1515 80 35 drei
644 1515 123 35 Acten
806 1527 76 23 von
922 1517 144 34 Ernst
1106 1516 199 47 Pasqué.
1362 1518 128 34 Musik
1518 1529 75 22 von

707 1582 278 38 Ferdinand
1026 1585 173 36 Hiller.

482 1697 124 47 (Erste
634 1698 243 47 Aufführung
908 1698 70 35 den
1010 1697 59 38 17.
1098 1700 170 34 Februar
1300 1696 125 50 1865.)

311 1797 121 46 Herr
461 1797 171 47 Ernst
663 1799 246 64 Pasque,
945 1799 80 48 der
1057 1800 234 48 Verfasser
1321 1801 76 47 des
1427 1803 177 47 Buches
1634 1803 82 48 der

193 1882 261 56 genannten
483 1874 146 64 Oper,
661 1874 197 47 welcher
901 1874 80 49 der
1027 1878 340 48 musicalischen
1402 1879 127 49 Welt
1570 1881 142 47 durch

192 1950 123 49 seine
346 1950 213 49 früheren
588 1953 277 62 Leistungen
897 1953 64 47 als
988 1954 177 64 Sänger
1209 1956 89 47 und
1342 1958 41 46 in
1423 1956 86 48 den
1554 1958 161 48 letzten

192 2029 172 47 Jahren
409 2028 143 47 durch
599 2031 121 46 seine
766 2031 398 62 Uebersetzungen
1204 2033 200 50 fremder
1433 2036 283 63 Operntexte

197 2107 90 48 und
317 2107 105 48 sehr
453 2107 532 64 anerkennungswerthe
1014 2111 348 66 Mittheilungen
1401 2130 81 31 aus
1513 2114 84 47 den
1629 2116 58 45 Ar-

196 2185 155 47 chiven
392 2202 52 29 zu
479 2185 210 47 Weimar
732 2187 90 47 und
854 2187 267 48 Darmstadt
1162 2188 115 48 über
1321 2191 182 48 frühere
1543 2192 171 47 Musik-

195 2260 228 47 Zustände
455 2263 325 46 wohlbekannt
809 2264 70 52 ist,
910 2263 77 48 hat
1015 2264 41 47 in
1089 2264 100 48 dem
1217 2267 142 47 Texte
1387 2285 99 30 zum
1523 2269 166 55 „Deser-

366 2338 42 47 in
439 2339 270 48 zweifacher
738 2340 209 47 Hinsicht
976 2342 145 47 einem
1154 2343 283 63 glücklichen
1470 2345 249 49 Gedanken

199 2417 143 63 Folge
383 2415 223 65 gegeben.
661 2418 66 47 Im
760 2418 279 63 Gegensatze
1075 2437 52 30 zu
1170 2420 86 49 den
1302 2423 186 47 meisten
1529 2424 191 47 Libretti

199 2493 80 48 der
320 2511 200 31 neueren
562 2494 329 50 französischen
935 2497 260 49 komischen
1227 2499 144 65 Oper,
1422 2502 171 47 welche
1622 2502 98 48 ihre

199 2570 158 57 Stoffe,
399 2572 64 47 sie
493 2575 167 60 mögen
690 2589 80 31 aus
800 2573 154 48 fernen
988 2575 234 64 Regionen
1251 2575 112 50 oder
1401 2594 318 49 vergangenen

199 2649 154 48 Zeiten
379 2649 322 65 hervorgeholt
728 2652 92 47 sein
851 2652 111 48 oder
992 2653 139 56 nicht,
1160 2654 42 47 in
1226 2655 79 46 der
1333 2655 148 47 Farbe
1504 2655 80 49 der
1608 2657 84 48 heu-

200 2728 123 63 tigen
366 2728 433 63 gesellschaftlichen
851 2729 172 65 pariser
1063 2732 228 48 Zustände
1334 2734 100 46 dem
1479 2734 238 48 Publicum

202 2805 268 56 vorführen,
512 2823 75 30 um
625 2808 62 47 sie
727 2806 156 65 pikant
920 2826 52 29 zu
1004 2810 207 56 machen,
1254 2812 76 48 hat
1361 2813 177 65 Pasque
1566 2813 153 48 seinen

199 2883 124 48 Stoff
345 2899 120 32 zwar
503 2884 125 47 nicht
668 2900 82 32 aus
790 2884 82 48 der
914 2884 247 51 deutschen
1193 2889 344 48 Geschichte
1575 2889 142 50 durch

199 2961 289 65 Aufstellung
533 2963 201 47 wirklich
780 2964 290 48 historischer
1112 2966 247 55 Personen,
1400 2969 196 47 sondern
1640 2986 79 30 aus

199 3039 86 48 den
317 3040 246 47 deutschen
596 3041 262 64 politischen
891 3043 89 47 und
1010 3043 196 48 socialen
1235 3045 322 48 Zuständen
1597 3048 123 47 einer

199 3118 220 63 gewissen
463 3118 193 48 Periode
694 3135 291 47 genommen,
1030 3121 87 46 und
1162 3123 77 45 hat
1283 3123 174 47 danach
1502 3124 217 61 gestrebt,

200 3195 81 48 auf
305 3196 168 47 diesem
506 3196 347 65 Hintergrunde
882 3199 68 46 ein
983 3199 139 47 Stück
1156 3200 250 48 ländlichen
1438 3201 194 56 Lebens,
1677 3204 39 44 in

200 3274 193 47 welches
431 3274 79 47 das
548 3275 317 47 abscheuliche
902 3275 546 67 Verhandlungs-System
1490 3279 78 47 der
1598 3280 88 47 Lan-

199 3351 242 49 deskinder
472 3356 62 45 als
563 3354 193 47 Söldner
787 3354 114 48 nach
931 3355 154 47 Africa
1127 3355 89 48 und
1248 3358 209 47 America
1495 3358 225 63 eingreift,

199 3445 81 32 aus
323 3429 103 48 dem
472 3431 182 64 vorigen
682 3431 317 49 Jahrhundert
1038 3448 81 32 uns
1160 3450 52 30 zu
1255 3435 461 62 vergegenwärtigen.

200 3509 115 47 Dass
346 3525 47 31 er
423 3508 71 49 bei
525 3509 102 48 dem
658 3510 257 64 gewählten
947 3510 142 48 Stoffe
1119 3511 80 47 auf
1225 3511 70 49 die
1325 3513 230 63 Dichtung
1596 3514 124 47 einer

199 3586 93 49 rein
327 3586 260 49 komischen
619 3588 128 64 Oper
789 3589 249 47 verzichten
1084 3596 185 49 musste,
1311 3607 97 31 war
1444 3590 122 56 klar;
1608 3590 111 48 aber

199 3680 48 31 er
277 3664 158 47 führte
464 3665 116 47 eben
611 3665 143 48 durch
787 3665 71 48 die
887 3666 226 64 gewählte
1147 3668 263 64 Handlung,
1441 3668 135 47 deren
1609 3669 80 46 Ein-

199 3742 142 47 druck
385 3760 79 29 zur
506 3748 239 59 grösseren
780 3745 147 47 Hälfte
969 3745 122 47 nicht
1129 3745 120 47 bloss
1287 3746 80 47 auf
1391 3746 325 65 Erheiterung,

197 3820 196 48 sondern
439 3821 114 47 auch
600 3821 80 46 auf
705 3822 245 65 Erregung
988 3839 84 30 von
1105 3822 169 49 Gefühl
1315 3824 90 47 und
1437 3822 169 50 Mitleid
1639 3824 51 48 be-

200 3899 186 48 rechnet
416 3916 111 37 war,
558 3899 71 48 die
658 3900 220 48 moderne
906 3901 277 64 Spiel-Oper
1212 3902 81 46 auf
1317 3901 78 48 das
1424 3904 154 53 ältere,
1615 3904 102 45 echt

199 3977 215 49 deutsche
444 3977 222 64 Singspiel
709 3979 187 53 zurück,
939 3981 88 45 und
1061 3979 208 48 desshalb
1310 3981 151 47 hätten
1494 3981 81 45 wir
1612 3981 104 46 sehr

199 4056 281 60 gewünscht,
524 4055 100 47 dass
667 4056 114 47 auch
828 4056 79 47 der
947 4057 162 64 Dialog
1151 4056 220 48 zwischen
1416 4057 84 47 den
1547 4059 140 45 Musik-

197 4132 187 49 stücken
418 4132 285 49 beibehalten
748 4134 186 48 worden
973 4139 139 52 wäre,
1156 4134 78 48 der
1274 4135 43 47 in
1363 4135 146 48 dieser
1537 4136 148 65 Opern-

1807 1425 192 54 galtung
2041 1415 101 48 dem
2187 1415 246 48 deutschen
2464 1417 236 47 Publicum
2740 1417 80 47 mit
2850 1418 143 47 Hecht
3021 1420 86 47 lieb
3137 1437 148 47 gewor-

1808 1493 87 47 den
1935 1493 89 46 und
2063 1510 86 29 nur
2190 1492 141 47 durch
2375 1493 71 47 ein
2483 1495 184 62 völliges
2696 1495 405 48 Missverständniss
3143 1497 171 65 dessen,

1808 1587 93 32 was
1929 1587 77 29 zur
2036 1571 180 47 Illusion
2248 1571 42 47 in
2321 1570 80 48 der
2431 1571 127 65 Oper
2585 1572 181 64 gehört,
2804 1571 91 48 und
2923 1572 143 50 durch
3097 1575 196 49 musicali-

1807 1648 105 47 sche
1943 1646 265 48 Pedanterei
2239 1647 241 65 verdrängt
2509 1648 186 47 worden
2734 1650 64 45 ist.
2857 1648 126 49 Oder
3013 1651 120 48 kann
3161 1652 161 64 irgend

1807 1724 194 49 Jemand
2025 1727 58 46 im
2109 1726 164 47 Ernste
2296 1726 215 63 glauben,
2540 1727 101 47 dass
2663 1745 33 29 z.
2723 1727 48 48 B.
2796 1727 42 47 in
2867 1727 102 48 dem

1809 1820 56 30 an
1895 1802 85 47 den
2011 1803 186 56 Stellen,
2240 1820 70 29 wo
2351 1802 69 48 die
2464 1804 309 63 gesprochene
2810 1803 126 50 Rede
2977 1807 343 48 unentbehrlich

1809 1882 70 55 ist,
1909 1879 78 49 das
2015 1881 259 47 Schwirren
2314 1879 80 49 der
2425 1882 205 47 Violinen
2669 1883 98 46 eine
2806 1883 267 48 ästhetische
3101 1884 195 50 Befriedi-

1812 1975 124 47 gung
1968 1957 236 65 gewährt?

1928 2036 171 47 Ferner
2142 2036 76 47 hat
2452 2033 86 48 den
2570 2034 202 50 Versuch
2813 2036 227 63 gemacht,
3077 2034 79 50 das
3187 2037 108 48 wirk-

1811 2113 115 48 liche
1957 2112 226 48 Volkslied
2215 2112 167 49 wieder
2419 2113 316 56 einzuführen,
2782 2113 89 48 und
2911 2114 76 49 hat
3022 2114 112 49 dazu
3173 2116 148 63 einige

1809 2191 166 47 Lieder
2013 2207 84 31 von
2127 2189 282 49 Schubart
2448 2191 195 47 benutzt.
2698 2191 133 47 Auch
2860 2191 143 47 dieser
3035 2192 201 47 Versuch
3265 2193 56 46 ist

1812 2267 164 48 löblich
2023 2267 89 48 und
2155 2268 126 47 weist
2323 2267 215 48 ebenfalls
2568 2268 80 47 auf
2672 2267 77 49 das
2778 2269 139 47 ältere
2946 2268 216 50 deutsche
3190 2269 106 65 Sing-

1812 2344 109 64 spiel
1949 2344 183 47 zurück.
2161 2344 80 48 Bei
2264 2343 103 49 dem
2390 2343 256 49 Abschiede
2669 2344 82 48 der
2773 2344 215 50 Soldaten
3017 2362 71 32 am
3115 2345 208 50 Schlüsse

1813 2422 78 48 des
1933 2431 146 39 ersten
2122 2423 135 47 Actes
2302 2422 54 47 ist
2394 2439 53 30 zu
2491 2422 102 48 dem
2944 2439 83 31 von
3069 2423 251 49 Schubart:

1823 2502 136 54 „Auf,
2001 2500 93 55 auf,
2136 2500 70 47 ihr
2236 2500 193 55 Brüder,
2469 2500 90 47 und
2588 2500 93 49 seid
2935 2500 114 49 auch
3081 2502 70 47 die
3179 2503 115 47 Schu-

1813 2578 225 49 bart'sche
2080 2578 194 47 Melodie
2317 2578 288 48 beibehalten
2649 2578 202 56 worden,
2894 2594 92 32 was
3027 2578 127 49 einen
3198 2579 125 48 recht

1812 2666 138 55 guten
1981 2655 231 49 Eindruck
2245 2657 164 47 macht.

1929 2735 80 47 Mit
2044 2733 191 48 alledem
2274 2734 144 47 lassen
2457 2732 81 48 wir
2577 2734 91 47 also
2711 2751 109 45 gern
2852 2733 84 48 den
2968 2733 246 48 Absichten
3245 2733 77 49 des

1811 2812 211 47 Dichters
2044 2812 112 47 volle
2179 2810 338 64 Gerechtigkeit
2541 2810 315 57 widerfahren,
2880 2810 161 49 wollen
3069 2810 112 49 aber
3204 2810 121 49 nicht

1811 2890 200 64 zugleich
2056 2888 140 48 damit
2237 2904 157 49 sagen,
2436 2888 100 48 dass
2578 2888 119 48 diese
2734 2888 248 48 Absichten
3026 2886 175 50 überall
3245 2889 80 47 mit

1813 2968 219 48 Geschick
2062 2965 337 64 durchgeführt
2425 2965 110 48 sind.
2592 2967 94 46 Gar
2712 2967 218 46 Manches
2968 2965 53 48 ist
3058 2965 105 64 lang
3194 2982 104 48 gezo-

1812 3062 104 45 gen,
1945 3044 272 48 namentlich
2250 3045 57 45 im
2339 3053 145 38 ersten
2511 3044 128 56 Acte,
2671 3043 90 48 und
2790 3045 60 46 im
2876 3043 343 48 Verschmelzen
3247 3043 78 49 des

1813 3124 272 47 Komischen
2118 3124 79 46 mit
2226 3123 100 47 dem
2358 3123 357 47 Sentimentalen
2748 3121 53 49 ist
2832 3121 80 49 der
2945 3121 231 49 Verfasser
3204 3121 121 49 nicht

1812 3203 160 45 immer
2000 3201 222 64 glücklich
2255 3215 226 47 gewesen,
2514 3215 91 31 was
2635 3200 246 47 besonders
2911 3200 40 46 in
2984 3199 79 48 der
3086 3200 128 47 Rolle
3245 3199 77 48 des

1811 3279 344 47 Schulmeisters
2198 3276 90 49 und
2333 3278 190 47 Cantors
2565 3278 161 47 Daniel
2756 3304 62 7 —
2848 3284 131 39 unter
3019 3276 214 47 welchem
3276 3292 49 31 er

1809 3356 92 47 sich
1933 3358 82 45 den
2050 3355 185 48 Dichter
2267 3355 47 48 C.
2343 3356 46 46 F.
2418 3354 159 48 Daniel
2599 3354 230 48 Schubart
2856 3354 138 48 selbst
3022 3354 195 65 gedacht
3246 3354 77 48 hat

1817 3463 59 5 —
1888 3435 89 47 sich
2003 3435 129 69 zeigt,
2161 3434 136 47 selbst
2323 3449 128 32 wenn
2478 3433 80 47 wir
2580 3449 83 32 von
2688 3433 101 47 dem
2817 3434 162 47 Fehler
3002 3433 41 47 in
3067 3433 80 47 der
3168 3431 124 50 Oeko-

1811 3513 150 47 nomie
1991 3511 76 49 des
2095 3511 191 49 Stückes
2324 3510 216 56 absehen,
2579 3510 98 47 eine
2706 3509 286 65 Nebenfigur
3027 3527 78 30 zur
3147 3510 147 64 Haupt-

1811 3590 110 47 rolle
1963 3608 50 29 zu
2058 3589 204 48 machen.
2323 3588 236 48 Während
2598 3588 80 47 der
2707 3588 324 48 Schulmeister
3074 3586 59 49 im
3173 3595 147 40 ersten

1811 3669 112 47 Acte
1967 3669 62 48 als
2071 3669 69 47 ein
2183 3666 413 50 carnevalistischer
2635 3666 243 49 Gratulant
2914 3683 77 30 vor
3029 3665 100 48 dem
3161 3666 135 47 Braut-

1811 3755 123 40 vater
1945 3774 61 7 —
2029 3746 101 49 dem
2163 3744 523 51 Gemeinde-Vorsteher
2706 3772 55 7 —
2789 3744 90 48 und
2908 3744 103 48 dem
3043 3744 278 63 Brautpaare

1811 3824 222 48 erscheint
2063 3825 89 46 und
2183 3824 121 47 seine
2328 3821 310 66 Schuljugend
2668 3822 42 47 in
2740 3821 172 48 bunten
2936 3821 223 47 Trachten
3189 3819 128 48 einen

1811 3902 123 49 Chor
1966 3904 175 62 plärren
2173 3901 90 48 und
2292 3918 99 30 zum
2417 3901 127 47 Theil
2577 3901 78 47 mit
2685 3900 525 48 Kinder-Instrumenten
3241 3896 52 48 be-

1809 3981 164 64 gleiten
2030 3981 102 47 lässt
2185 3980 98 62 (der
2340 3979 215 64 übrigens
2610 3977 63 50 da
2714 3994 114 51 capo
2881 3976 187 64 gerufen
3126 3974 194 63 wurde),

1808 4059 245 47 schwärmt
2090 4075 48 32 er
2174 4059 57 45 im
2262 4057 188 49 zweiten
2480 4060 112 44 Acte
2624 4057 73 46 für
2728 4056 68 47 die
2827 4055 150 48 Göttin
3010 4054 78 47 der
3120 4052 197 47 Freiheit

1809 4136 161 48 höchst
2000 4136 246 63 pathetisch
2292 4135 89 48 und
2424 4136 262 62 behauptet,
2716 4134 98 47 dass
2855 4148 108 40 „aus
2992 4131 142 47 ihrem
3171 4131 118 46 Flam-

2796 900 119 53 XIII.
2957 901 271 71 Jahrgang.

272 892 79 54 Nr.
396 892 47 55 8.

1388 884 172 77 KÖLN,
1602 896 78 53 25.
1725 896 225 53 Februar
1993 897 134 54 1865.
