3518 4381
1700 149 66 48 59

170 304 95 39 sten
290 296 202 61 Applaus
521 293 172 47 sowohl
727 291 66 46 bei
826 293 225 44 einzelnen
1084 291 252 46 Nummern
1369 291 88 46 und
1491 291 191 51 Scenen,

172 373 62 48 als
274 370 245 48 besonders
562 369 113 46 nach
715 368 151 63 jedem
908 368 285 47 Actschlusse
1237 366 88 49 und
1365 383 70 30 am
1477 366 209 47 Schlüsse

172 450 76 47 des
274 450 180 47 Ganzen
487 446 140 47 durch
659 446 296 46 stürmischen
984 445 255 47 Hervorruf
1263 445 76 47 des
1366 445 320 64 Componisten

172 526 92 49 und
294 525 76 48 des
402 525 236 47 Personals
666 521 268 49 offenbarte.
993 524 94 46 Der
1126 523 154 63 Erfolg
1318 521 80 47 der
1427 523 127 62 Oper
1593 537 96 31 war

174 605 68 47 ein
273 617 49 33 so
349 601 335 63 vollständiger,
729 601 82 46 wie
848 600 74 47 ihn
961 600 89 46 sich
1083 599 70 48 die
1181 600 236 47 Verfasser
1446 617 86 29 nur
1563 601 93 45 wün-

174 680 135 48 schen
342 679 196 48 können.

519 919 141 54 Der
722 918 93 71 Opernsänger

1285 920 54 61 *).

291 1058 146 47 Unser
466 1057 289 65 Standpunkt
799 1057 67 48 bei
908 1057 329 62 Beurtheilung
1279 1056 119 47 eines
1427 1056 232 62 Opernsän-

176 1151 103 49 gers
310 1137 53 46 ist
392 1136 80 47 der
503 1138 100 51 Art,
635 1136 100 47 dass
767 1134 80 49 der
876 1136 338 62 Schwerpunkt
1244 1149 188 31 unserer
1463 1133 198 47 Anforde-

178 1230 174 46 rungen
383 1221 278 57 consequent
706 1213 79 46 auf
823 1212 84 45 den
940 1210 273 64 Gesangsstil
1244 1227 51 29 zu
1328 1210 145 63 liegen
1506 1210 187 49 kommt.

181 1290 105 47 Wir
315 1290 198 64 glauben
543 1290 141 46 damit
712 1289 123 48 nicht
865 1289 202 64 einseitig
1106 1288 278 47 musicalisch
1425 1304 52 31 zu
1525 1288 144 47 urthei-

179 1369 85 52 len,
294 1368 163 47 wollen
490 1384 81 30 uns
601 1368 110 46 aber
741 1367 305 47 vornehmlich
1078 1383 77 31 vor
1186 1367 79 45 der
1295 1373 372 56 entgegengesetz-

174 1452 73 40 ten
297 1444 330 64 Einseitigkeit,
675 1445 80 47 der
808 1444 210 48 Vorliebe
1070 1445 77 45 für
1195 1444 77 47 das

173 1522 326 64 Sängerthum,
523 1523 152 47 hüten.
724 1523 104 46 Wir
858 1523 149 46 halten
1039 1538 44 31 es
1115 1522 79 45 mit
1222 1520 83 47 den
1338 1520 355 64 Opernsängern

174 1599 85 48 wie
288 1599 80 48 mit
396 1600 80 47 der
505 1600 129 64 Oper
663 1599 152 55 selbst,
858 1600 70 46 die
970 1600 118 46 ohne
1131 1598 325 48 dramatisches
1488 1598 207 47 Element

173 1678 121 47 nicht
324 1678 212 48 existiren
570 1679 135 52 kann,
744 1679 126 46 ihren
901 1677 337 63 Schwerpunkt
1269 1675 110 47 aber
1409 1675 42 47 in
1483 1675 79 47 der
1592 1677 66 45 Mu-

171 1755 65 47 sik
268 1754 151 48 finden
452 1772 136 38 muss,
620 1755 88 47 und
741 1773 120 29 zwar
890 1755 160 64 speciel
1082 1754 58 47 im
1175 1755 222 61 Gesänge.
1456 1754 93 46 Der
1578 1754 117 47 Text

173 1833 55 45 ist
259 1833 68 47 bei
359 1833 125 47 einer
514 1834 127 62 Oper
669 1833 163 62 gewiss
861 1833 98 47 eine
988 1830 428 64 Nothwendigkeit;
1449 1847 128 30 wenn
1611 1831 82 46 wir

173 1910 113 48 aber
327 1919 140 38 etwas
496 1910 252 48 entbehren
786 1910 157 52 sollen,
992 1925 91 32 was
1112 1909 162 48 Einem
1313 1908 46 64 ja
1399 1908 42 47 in
1486 1909 175 47 mensch-

173 1988 143 47 lichen
350 1989 179 62 Dingen
574 2005 86 30 nur
703 2005 51 31 zu
796 1989 65 47 oft
890 1988 225 62 auferlegt
1145 1986 129 55 wird,
1316 2002 48 31 so
1397 1986 180 47 werden
1610 1986 83 47 wir

173 2064 114 49 doch
313 2065 98 48 eine
434 2066 127 64 Oper
584 2065 119 48 ohne
728 2066 116 46 Text
874 2065 144 47 einem
1046 2066 143 45 Texte
1211 2065 118 46 ohne
1352 2064 146 47 Musik
1525 2061 169 66 (Oper

174 2143 180 48 können
386 2144 82 46 wir
499 2143 118 48 wohl
647 2144 58 46 im
736 2150 148 40 ersten
919 2143 122 47 Falle
1069 2158 156 47 sagen,
1267 2143 59 45 im
1356 2141 184 47 zweiten
1573 2141 117 47 kann

175 2237 103 30 man
302 2237 45 30 es
368 2221 121 46 nicht
512 2221 163 46 einmal
703 2221 129 46 mehr
862 2237 48 30 so
935 2220 194 62 nennen)
1162 2219 251 62 unbedingt
1443 2218 251 48 vorziehen.

174 2298 128 47 Eben
334 2314 49 31 so
415 2299 245 47 wünschen
692 2299 82 46 wir
802 2306 107 39 stets
933 2298 70 47 die
1030 2298 310 62 Vereinigung
1370 2295 76 48 des
1476 2295 189 48 dramati-

170 2375 136 47 schen
339 2375 79 47 mit
447 2375 101 48 dem
575 2375 494 65 Gesangs-Vermögen
1110 2374 68 48 bei
1210 2374 102 48 dem
1343 2374 351 63 Opernsänger;

174 2453 139 48 bleibt
336 2469 80 31 uns
433 2453 112 48 aber
561 2453 70 48 die
654 2454 157 52 Wahl,
829 2470 48 31 so
896 2453 188 47 würden
1107 2453 80 47 wir
1270 2451 54 49 da
1349 2468 45 30 es
1416 2451 89 47 sich
1526 2451 47 65 ja
1599 2451 95 47 hier

171 2531 122 47 nicht
325 2548 72 30 um
429 2531 260 64 gänzlichen
721 2533 200 63 Mangel,
962 2531 196 49 sondern
1202 2548 74 30 um
1322 2530 225 47 stärkeres
1577 2530 87 47 Aus-

171 2609 287 64 geprägtsein
490 2607 145 49 dieser
665 2609 111 47 oder
799 2609 130 64 jener
964 2607 289 65 Eigenschaft
1282 2606 185 50 handelt
1575 2606 118 48 ohne

170 2686 211 48 Zaudern
425 2686 85 48 den
554 2687 361 49 vollkommenen
959 2687 213 64 Sänger
1210 2686 79 47 mit
1331 2685 362 66 gewöhnlichem

176 2764 564 66 Darstellungs-Geschick
786 2765 100 47 dem
932 2765 248 63 genialsten
1223 2762 335 65 Schauspieler,
1614 2761 81 48 der

178 2842 123 49 nicht
329 2844 157 63 singen
518 2844 137 54 kann,
684 2844 251 47 vorziehen.

291 2921 155 48 Gleich
476 2938 48 31 so
555 2921 138 48 vielen
733 2921 204 64 Sängern
970 2920 81 48 der
1079 2921 188 48 Neuzeit
1298 2936 95 32 war
1429 2919 113 48 auch
1576 2920 76 46 An-

173 2996 97 50 der
298 2999 43 47 in
372 3000 138 47 vielen
536 2999 317 48 wesentlichen
881 2999 207 47 Punkten
1120 2999 69 47 ein
1220 2997 223 64 glücklich
1470 2995 220 63 begabter

173 3076 266 57 Naturalist,
479 3077 81 47 der
587 3077 90 47 sich
710 3080 113 44 nach
856 3077 79 47 der
965 3076 358 51 musicalischen,
1356 3076 81 46 wie
1470 3075 112 46 nach
1615 3074 79 47 der

171 3152 333 50 dramatischen
546 3156 121 47 Seite
708 3155 147 47 seiner
900 3156 145 46 Kunst
1087 3155 137 46 selbst
1266 3152 427 65 emporgearbeitet.

173 3232 153 49 Ehren
360 3234 82 45 wir
480 3234 68 45 ein
590 3234 173 47 solches
792 3232 211 52 Streben,
1048 3232 110 47 aber
1200 3231 240 47 verhehlen
1487 3230 80 45 wir
1610 3245 81 30 uns

173 3311 120 48 nicht
331 3311 70 48 die
442 3311 322 65 nothwendige
797 3310 432 63 Unvollständigkeit
1270 3310 146 47 seiner
1448 3308 242 47 Resultate.

170 3389 48 46 In
250 3389 330 49 dramatischer
611 3390 208 47 Hinsicht
856 3390 53 47 ist
946 3405 44 32 es
1022 3390 191 47 Ander
1251 3387 241 61 allerdings
1533 3386 131 61 gelun-

173 3482 104 45 gen,
315 3467 90 47 sich
438 3469 42 45 in
510 3467 419 47 staunenswerther
962 3467 157 47 Weise
1149 3484 51 29 zu
1233 3466 201 47 höheren
1469 3462 189 48 Wirkun-

271 3626 37 47 *)
336 3628 71 33 Ein
436 3626 217 36 Rückblick
696 3626 70 34 auf
805 3626 60 34 die
895 3623 405 36 Künstler-Laufbahn
1331 3622 63 35 des
1423 3620 268 36 verstorbenen

169 3687 152 48 Aloys
366 3688 159 34 Ander
565 3688 38 33 in
647 3687 72 35 den
747 3688 142 33 wiener
1263 3683 144 47 spricht
1449 3694 40 23 so
1533 3682 159 34 manche

167 3748 182 36 kritische
380 3747 236 36 Grundsätze
646 3758 80 36 aus,
769 3747 58 34 die
869 3748 107 33 nicht
1018 3757 71 22 nur
1129 3746 58 33 für
1230 3745 70 34 den
1332 3744 155 45 Sänger,
1530 3742 161 35 sondern

168 3811 98 34 auch
293 3811 60 34 für
382 3810 73 35 alle
486 3809 228 47 diejenigen,
745 3809 58 34 die
833 3809 71 34 den
927 3809 145 45 Sänger
1091 3807 230 46 heutzutage
1352 3804 235 36 beurtheilen
1616 3804 75 34 und

168 3871 111 35 meist
304 3869 221 44 verderben,
555 3880 46 23 zu
629 3868 229 47 beherzigen
888 3868 96 43 sind,
1026 3868 84 34 dass
1145 3867 69 34 wir
1242 3878 47 23 zu
1317 3866 173 34 weiterer
1517 3864 154 35 Verbrei-

168 3934 94 43 tung
291 3930 195 35 derselben
515 3941 64 23 um
609 3941 40 22 so
679 3929 119 35 lieber
824 3929 208 47 beitragen,
1063 3928 53 35 als
1144 3939 71 23 uns
1244 3927 117 35 selbst
1389 3927 63 42 oft,
1481 3925 76 35 und
1585 3925 107 35 nicht

167 3989 103 36 bloss
300 4003 73 23 von
402 3991 247 42 Dilettanten,
680 3990 59 34 die
769 3990 353 46 Geltendmachung
1151 4002 45 21 zu
1225 3993 169 41 strenger
1422 3987 268 46 Forderangen

169 4063 45 22 an
245 4052 58 34 die
333 4053 279 46 dargebotenen
644 4050 388 47 Gesangsleistungen
1074 4052 38 33 in
1152 4050 210 35 Concerten
1406 4048 76 35 und
1525 4049 67 33 auf
1628 4048 64 34 der

169 4112 132 35 Bühne
329 4114 261 46 vorgeworfen
621 4113 103 33 wird.
1170 4112 88 33 Die
1301 4111 281 34 Redaction.

1785 305 103 47 gen,
1916 305 78 29 zur
2025 290 351 47 künstlerischen
2410 288 343 63 Beherrschung
2782 290 141 44 seines
2941 287 163 48 Stoffes
3134 290 129 47 aufzu-

1785 365 279 62 schwingen,
2105 365 41 47 in
2178 365 79 47 der
2293 365 201 48 höheren
2527 363 285 64 Ausbildung
2841 365 75 45 des
2946 363 315 65 Gesangs-Vor-

1787 450 151 56 trages
1966 441 204 65 dagegen
2201 443 54 46 ist
2285 459 47 31 er
2359 442 239 48 zeitlebens
2627 441 422 63 zurückgeblieben.

1906 518 116 47 Was
2066 535 102 30 man
2211 520 255 62 gemeinhin
2508 517 305 56 „musicalisch
3016 525 155 52 nennt,
3213 517 79 48 das

1790 595 152 48 besass
1971 596 184 47 Ander
2185 596 343 48 unzweifelhaft.
2563 596 104 47 Wir
2697 596 173 45 meinen
2894 596 104 63 jene
3027 595 139 48 solide
3195 612 66 31 mu-

1790 672 227 47 sicalische
2046 673 263 62 Unterlage,
2351 672 69 47 die
2465 672 81 47 fast
2578 671 127 64 jeder
2735 671 212 47 deutsche
2978 671 108 48 oder
3118 671 147 49 böhmi-

1790 749 105 47 sche
1933 751 459 47 Schullehrers-Sohn
2437 766 81 30 von
2561 751 78 45 der
2679 749 148 47 Natur
2870 748 88 46 und
3001 765 96 31 vom
3143 751 150 47 Herrn

1794 826 139 47 Vater
1981 826 338 48 mitbekommt:
2370 826 120 47 reine
2537 826 276 57 Intonation,
2860 824 194 47 sicheres
3096 826 201 56 Treffen,

1794 904 111 46 Tact
1935 903 89 47 und
2056 903 415 65 Tempofestigkeit,
2504 902 328 48 musicalisches
2856 901 306 49 Gedächtniss.
3191 903 80 47 Nie-

1794 981 134 47 mand
1961 981 109 47 wird
2100 982 91 47 sich
2222 982 228 52 erinnern,
2492 981 99 47 dass
2635 981 189 47 Ander
2860 979 44 64 je
2947 979 168 64 gefehlt
3153 979 145 56 hätte;

1796 1057 99 48 dass
1925 1073 46 32 es
2000 1058 90 47 ihm
2119 1058 176 47 schwer
2324 1057 169 54 werde,
2532 1057 97 49 eine
2659 1057 149 47 Partie
2838 1056 262 64 auswendig
3128 1073 51 31 zu
3210 1058 64 47 ler-

1796 1152 101 37 nen,
1929 1136 149 63 klagte
2108 1152 47 31 er
2185 1152 84 31 nur
2293 1152 77 31 vor
2392 1136 106 45 zwei
2521 1134 170 47 Jahren
2724 1133 69 48 bei
2822 1133 100 47 dem
2956 1133 343 63 unglücklichen

1796 1213 248 51 Versuche,
2088 1213 85 47 den
2208 1212 361 64 Wagner'schen
2599 1212 177 47 Tristan
2819 1209 348 56 einzustudiren,
3209 1212 90 47 und

1793 1306 47 30 so
1869 1289 104 47 sehr
2004 1306 95 31 war
2128 1306 102 31 man
2262 1306 81 30 von
2382 1288 145 47 seiner
2566 1288 253 47 eminenten
2851 1287 335 48 musicalischen
3217 1288 56 47 Be-

1794 1367 348 63 griffsfähigkeit
2173 1365 263 65 überzeugt,
2479 1364 100 48 dass
2624 1381 101 31 man
2770 1363 78 48 der
2876 1363 426 49 Unverdaulichkeit

1794 1445 79 46 der
1900 1445 360 61 Wagner'schen
2292 1444 145 47 Musik
2469 1442 251 63 unbedingt
2748 1443 84 46 alle
2855 1442 166 47 Schuld
3052 1442 250 54 zuschrieb,

1794 1522 214 48 während
2042 1523 116 47 wohl
2203 1522 113 47 auch
2349 1522 69 45 dfe
2457 1528 148 39 ersten
2635 1520 178 64 Spuren
2845 1518 78 47 der
2961 1519 334 48 verheerenden

1794 1599 364 64 Geistesstörung
2189 1599 126 47 ihren
2347 1598 125 47 Theil
2504 1597 141 48 daran
2678 1595 148 49 haben
2857 1595 224 47 mochten.

1910 1678 133 46 Diese
2074 1677 306 47 musicalische
2410 1677 262 61 Unterlage,
2713 1691 48 30 so
2808 1673 293 65 nothwendig
3135 1673 63 47 sie
3233 1674 71 56 ist,

1792 1758 172 60 genügt
1989 1755 109 46 aber
2123 1754 136 52 nicht,
2291 1771 68 29 wo
2391 1768 45 32 es
2464 1753 90 45 sich
2589 1769 73 29 um
2695 1767 47 31 so
2772 1751 78 46 viel
2880 1749 321 65 Wichtigeres,
3227 1767 74 30 um

1792 1831 207 54 Stimme,
2029 1830 352 64 Stimmbildung
2413 1830 90 47 und
2536 1829 197 62 Vortrag
2765 1826 195 49 handelt.

1907 1910 59 46 Es
1996 1909 54 47 ist
2079 1909 244 52 notorisch,
2352 1908 100 47 dass
2483 1908 186 47 Ander
2710 1906 175 55 keinen,
2923 1904 113 48 oder
3062 1922 99 30 zum
3193 1904 85 48 min-

1790 1986 154 47 desten
1978 1986 159 49 keinen
2168 1985 374 64 zweckmässigen
2575 1983 469 64 Gesang-Unterricht
3086 1998 217 48 genossen

1792 2064 90 47 hat.
1940 2064 116 47 Was
2098 2080 48 31 er
2187 2064 62 47 als
2278 2064 174 62 Sänger
2492 2061 186 56 leistete,
2718 2059 245 48 verdankte
3005 2075 49 31 er
3088 2059 220 48 vielleicht

1790 2141 176 63 einigen
1998 2141 292 47 vereinzelten
2330 2138 432 64 fruchtbringenden
2796 2136 201 49 Winken
3039 2136 267 49 erfahrener

1792 2219 387 62 Kunstgenüssen,
2210 2218 143 47 sicher
2385 2216 110 47 aber
2526 2214 339 65 grösstenteils
2893 2214 90 47 sich
3015 2212 153 58 selbst,
3198 2212 101 49 dem

1792 2296 206 63 eigenen,
2023 2296 240 65 ungemein
2290 2312 138 47 regen
2455 2292 442 54 Vorwärlsstreben;
2922 2306 93 32 was
3038 2291 91 47 ihm
3154 2291 155 55 fehlte,

1793 2374 121 47 hätte
1943 2373 109 48 aber
2081 2390 85 31 nur
2194 2373 69 46 ein
2296 2371 345 65 mehrjähriger,
2673 2369 321 64 regelrechter,
3033 2367 275 65 gediegener

1796 2453 255 48 Unterricht
2080 2451 90 47 ihm
2203 2450 145 63 geben
2381 2450 194 48 können.
2631 2450 64 46 Zu
2726 2447 101 47 dem
2860 2447 179 61 Mangel
3072 2446 119 47 eines
3219 2446 66 47 sol-

1792 2530 112 47 chen
1935 2530 184 62 gesellte
2147 2529 91 47 sich
2271 2527 113 49 noch
2410 2527 70 47 die
2507 2526 167 48 Gefahr
2697 2525 80 47 der
2809 2524 291 63 frühzeitigen
3127 2524 151 47 Bethei-

1792 2606 155 64 ligung
1990 2623 71 30 am
2100 2604 597 63 Männer-Gesangvereine,
2740 2601 157 48 dessen
2941 2601 245 48 eventuelle
3228 2616 52 49 ge-

1790 2685 154 63 sellige
1964 2684 230 48 Vortheile
2211 2682 85 49 den
2321 2680 491 65 unwiderbringlichen
2829 2677 205 50 Schaden
3053 2677 75 49 des
3153 2677 150 49 hohen

1793 2762 304 64 Chorsingens
2142 2760 89 49 und
2272 2760 79 48 der
2391 2756 744 60 Vocal-Quartelt-Productionen
3182 2755 125 48 nicht

1790 2841 270 62 aufwiegen.
2116 2841 106 46 Wie
2250 2840 109 47 viele
2389 2837 265 49 Tenoristen
2699 2835 96 65 gibt
2837 2851 44 31 es
2921 2834 123 47 nicht
3072 2835 42 46 in
3146 2832 158 56 Wien,

1790 2917 70 49 die
1911 2920 61 46 als
2029 2917 441 63 Gesang-Vereinler
2525 2916 120 46 ihrer
2700 2911 316 66 ursprünglich
3074 2910 232 66 gesunden

1792 2997 189 46 Stimme
2011 2996 70 46 die
2113 2996 213 47 höchsten
2358 2995 128 47 Töne
2525 2991 264 62 gewaltsam
2831 2990 236 63 entringen
3113 2988 88 47 und
3243 2990 64 45 als

1793 3074 144 47 fetirte
1967 3074 378 61 Quartettsänger
2385 3071 110 47 oder
2533 3070 59 47 im
2626 3068 225 63 Vortrage
2881 3066 294 48 Proch'scher
3205 3065 75 48 Lie-

1790 3151 79 47 der
1900 3151 68 46 die
2000 3168 152 45 grosse
2185 3150 88 47 und
2306 3148 145 47 kleine
2481 3146 361 49 Gevatterschaft
2878 3145 39 45 in
2950 3143 85 49 den
3073 3142 230 50 siebenten

1793 3228 194 47 Himmel
2020 3236 242 45 versetzen,
2274 3254 58 6 —
2353 3226 70 47 die
2455 3226 109 47 aber
2596 3225 119 45 nicht
2743 3223 57 47 im
2833 3221 169 48 Stande
3031 3221 113 54 sind,
3175 3221 128 47 einen

1790 3308 97 46 Ton
1928 3307 116 47 ohne
2075 3307 213 46 Tremolo
2319 3305 310 53 auszuhalten,
2672 3301 284 65 geschweige
2997 3300 97 47 eine
3124 3298 157 47 ordent-

1792 3385 112 47 liche
1926 3385 129 47 Scala
2088 3401 49 31 zu
2169 3385 170 61 singen.
2372 3382 189 48 Ander
2591 3381 172 47 scheint
2793 3380 77 45 das
2899 3395 98 30 zum
3031 3377 126 47 Theil
3190 3376 113 48 auch

1790 3463 188 63 erprobt
2008 3479 50 30 zu
2091 3462 147 47 haben
2272 3458 89 49 und
2394 3460 101 47 kam
2617 3472 137 47 sagen
2787 3456 82 46 wir
2897 3471 44 32 es
2973 3453 118 49 offen
3207 3470 99 32 zum

1790 3541 127 47 Theil
1949 3541 137 46 schon
2118 3538 217 49 verbildet
2366 3538 81 47 auf
2471 3536 70 48 die
2574 3536 174 47 Bühne.

1905 3618 59 47 Es
2014 3617 140 64 zeigte
2194 3616 91 47 sich
2330 3615 141 47 dieses
2513 3613 141 49 sofort
2696 3629 70 31 am
2813 3609 380 49 Stimm-Ansatz:
3238 3607 69 48 die

1790 3697 126 47 Töne
1940 3696 181 65 quollen
2147 3695 120 47 nicht
2292 3693 76 47 frei
2396 3691 88 49 und
2517 3691 133 48 leicht
2681 3706 80 32 aus
2790 3687 79 48 der
2900 3689 150 53 Brust,
3080 3702 44 32 es
3154 3701 149 32 waren

1788 3775 188 47 zumeist
2018 3772 246 66 gedrückte
2309 3772 336 52 Gaumentöne,
2688 3767 70 48 die
2809 3767 78 47 mit
2936 3764 198 65 Beigabe
3182 3763 119 47 eines

1790 3853 312 47 Hauchlautes
2144 3850 185 49 emittirt
2371 3848 188 49 wurden
2603 3846 89 48 und
2737 3844 143 49 denen
2923 3844 118 47 seine
3078 3841 228 62 Neigung,

1790 3930 117 47 beim
1933 3930 166 62 Singen
2126 3928 68 47 die
2217 3927 153 48 Zähne
2394 3938 520 49 zusammenzupressen,
2939 3919 125 47 einen
3094 3917 207 48 Anstrich

1790 4026 82 29 von
1920 4010 140 45 Härte
2104 4007 107 63 gab,
2255 4006 101 47 dem
2400 4006 90 47 sich
2536 4003 112 48 auch
2692 4002 68 47 ein
2803 3999 162 49 öfteres
3006 3996 293 49 krankhaftes

1788 4087 169 47 Zittern
1991 4086 271 62 beigesellte.
2323 4084 311 47 Fachmänner
2674 4079 174 50 wissen,
2887 4076 85 47 wie
3012 4076 104 47 sehr
3156 4073 138 47 durch

2926 4150 67 68 n
