3518 4381
1660 137 68 94 63

136 327 214 62 heutigen
381 324 224 49 Concerte
635 322 84 47 alle
748 320 270 64 Ansprüche
1061 319 242 66 befriedigt
1334 320 206 59 wurden,
1588 323 70 48 die

137 421 102 33 man
263 402 262 62 überhaupt
548 416 54 30 an
626 398 70 47 ein
720 397 715 64 Männer-Concert-Programm
1467 399 191 48 machen

139 483 132 47 kann.
315 478 123 48 Ganz
470 474 245 50 besonders
746 474 112 48 aber
889 474 155 47 freuen
1076 474 81 46 wir
1188 491 99 39 uns,
1317 474 164 48 einmal
1512 475 144 49 einem

139 557 175 50 Werke
344 554 171 48 wieder
546 553 226 63 begegnet
802 569 50 31 zu
882 552 111 54 sein,
1037 552 194 47 welches
1263 552 40 47 in
1335 552 81 47 der
1444 553 181 48 Männer-

135 632 430 68 gesang-Literatur
607 629 224 64 rundweg
874 629 64 47 als
979 629 70 46 ein
1092 628 450 63 epochemachendes
1583 629 50 48 be-

136 712 202 49 zeichnet
369 709 182 47 werden
584 724 134 31 muss.
762 708 94 46 Das
889 707 148 48 Werk
1068 707 129 45 führt
1226 705 84 49 den
1341 707 141 47 Titel:
1523 708 107 54 „Sce-

136 807 85 32 nen
253 803 80 32 aus
366 785 78 49 der
475 784 356 65 Frithjof-Sage,
874 783 75 45 für
978 783 338 54 Solostimmen,
1355 784 303 47 Männerchor

140 865 89 50 und
254 864 249 48 Orchester
532 861 257 65 componirt
811 877 85 30 von
920 860 124 47 Max
1339 860 90 47 und
1453 860 205 50 dasselbe

139 944 212 65 gelangte
375 941 136 47 heute
541 948 134 39 unter
704 938 254 48 trefflicher
983 938 228 47 Direction
1236 938 77 47 des
1336 938 322 64 Componisten

139 1024 42 46 in
211 1021 81 46 der
324 1020 160 47 Weise
521 1035 80 30 zur
630 1016 322 63 Aufführung,
995 1014 100 47 dass
1125 1014 112 47 nach
1263 1014 132 65 jeder
1423 1015 81 48 der
1532 1016 126 47 sechs

137 1100 191 54 Scenen,
372 1113 80 30 aus
492 1095 146 47 denen
670 1094 78 48 das
781 1091 146 49 Werk
972 1091 194 56 besteht,
1214 1090 82 48 der
1335 1093 323 48 rauschendste

145 1175 155 48 Beifall
330 1174 80 48 der
438 1171 284 51 zahlreichen
752 1169 357 49 Zuhörerschaft
1148 1171 191 45 ertönte.
1393 1170 115 47 Eine
1536 1173 92 45 Ana-

137 1255 91 64 lyse
252 1253 145 48 dieser
419 1251 210 64 genialen
647 1248 369 64 Compositionen
1040 1263 52 30 zu
1117 1245 165 65 geben,
1307 1246 158 47 würde
1487 1248 97 47 hier
1606 1265 50 30 zu

139 1333 106 47 weit
275 1331 184 54 führen,
507 1329 90 47 und
638 1328 82 45 wir
761 1328 178 45 können
971 1342 85 30 nur
1084 1325 58 46 im
1176 1325 313 64 Allgemeinen
1520 1342 109 48 ange-

140 1409 104 54 ben,
283 1408 102 47 dass
422 1405 199 47 dieselbe
661 1404 97 47 eine
800 1402 116 49 eben
954 1418 50 31 so
1040 1401 304 65 selbständige
1382 1401 278 66 Erfindung,

141 1486 84 47 wie
256 1485 78 47 das
365 1482 283 65 eingehende
671 1480 211 49 Studium
910 1495 185 33 unserer
1125 1480 214 47 früheren
1364 1481 183 46 Meister
1574 1496 84 32 von

139 1562 152 49 Seiten
323 1561 118 47 ihres
465 1559 244 66 Schöpfers
741 1557 245 49 bekundet.
1019 1557 84 47 Die
1133 1557 400 47 Instrumentation
1564 1574 72 30 ver-

139 1640 123 48 dient
291 1639 147 47 neben
464 1637 101 49 dem
597 1636 261 48 trefflichen
883 1636 221 47 Tonsatze
1134 1635 116 47 noch
1283 1635 246 47 besonders
1559 1635 76 47 her-

136 1716 294 65 vorgehoben
475 1733 51 30 zu
572 1714 203 58 werden,
826 1712 91 49 und
972 1714 42 45 in
1054 1712 168 46 diesem
1268 1712 176 47 Punkte
1493 1712 171 47 scheint

139 1796 122 47 Herr
291 1795 108 47 Max
430 1794 149 47 Bruch
611 1792 114 47 auch
758 1808 83 30 von
873 1790 268 65 Meyerbeer
1181 1790 83 46 viel
1294 1790 179 63 gelernt
1500 1806 52 31 zu
1584 1790 52 47 ha-

143 1874 100 47 ben.
296 1872 108 47 Wie
435 1871 138 47 schon
602 1877 178 58 gesagt,
821 1885 96 31 war
955 1869 70 45 die
1054 1867 309 63 Ausführung
1393 1866 272 64 vorzüglich,

139 1969 53 30 zu
236 1950 138 48 deren
408 1950 222 62 Gelingen
675 1947 80 47 der
798 1947 79 46 mit
918 1961 197 49 grosser,
1159 1946 138 46 voller
1339 1945 192 47 Stimme
1575 1945 89 47 und

139 2029 230 63 tüchtiger
416 2025 435 66 Gesangs-Technik
903 2026 316 61 ausgerüstete
1264 2022 242 48 Baritonist
1547 2024 121 45 Herr

139 2107 386 63 Staegemann
558 2104 81 64 (als
666 2101 235 66 Frithjof),
930 2101 150 48 ferner
1103 2100 69 48 die
1203 2100 104 47 sehr
1330 2101 223 62 glücklich
1580 2098 66 50 dis-

141 2184 177 66 ponirte
347 2182 283 65 Sopranistin
664 2182 120 46 Frau
817 2180 211 47 Thelen
1059 2177 83 65 (als
1164 2177 249 65 Ingeborg)
1443 2195 99 32 vom
1575 2177 69 48 hie-

139 2262 125 61 sigen
289 2260 312 47 Stadttheater
633 2258 90 46 und
753 2257 176 47 endlich
960 2256 82 47 der
1071 2256 58 46 im
1157 2256 198 47 schönen
1379 2255 260 57 Solo-Quar-

141 2344 83 41 tett
262 2336 81 47 der
384 2336 167 47 vierten
596 2336 145 47 Scene
781 2332 303 50 excellirende
1113 2331 211 48 Tenorist
1360 2332 122 47 Herr
1514 2331 116 49 Wie-

140 2416 241 48 demann
426 2413 223 65 (Mitglied
694 2412 77 48 des
812 2411 207 62 Vereins)
1057 2410 123 48 nicht
1222 2410 151 63 wenig
1416 2410 254 63 beitrugen.

143 2495 240 48 Genannte
421 2493 193 47 Solisten
652 2490 261 49 verdienten
945 2490 42 47 in
1020 2488 250 50 Wahrheit
1306 2488 54 47 all
1402 2488 84 47 den
1522 2490 148 53 Dank,

141 2571 200 48 welcher
379 2568 136 50 ihnen
551 2570 44 47 in
637 2568 196 49 reichem
868 2568 175 47 Maasse
1071 2582 100 32 vom
1206 2566 237 47 Publicum
1476 2581 165 48 gespen-

141 2648 75 49 det
248 2647 174 48 wurde.

259 2726 101 48 Von
391 2726 87 47 den
520 2723 193 65 übrigen
743 2725 254 47 Nummern
1039 2721 248 48 bemerken
1320 2722 81 46 wir
1430 2721 42 47 in
1504 2721 166 57 Kürze,

145 2805 100 48 dass
277 2805 79 47 der
388 2802 332 50 Lachner'sche
751 2802 150 47 Psalm
943 2802 110 46 allzu
1084 2799 123 49 stark
1240 2799 331 47 instrumentirt
1599 2816 47 30 er-

145 2882 151 48 schien
336 2881 91 48 und
457 2881 102 48 dass
600 2879 115 56 „Mei
985 2876 266 64 (Volkslied,
1294 2883 169 57 gesetzt
1503 2892 81 31 von
1616 2877 53 46 E.

145 2958 193 66 Silcher)
370 2959 85 47 den
482 2961 123 45 Preis
629 2957 272 63 davontrug,
931 2956 148 47 indem
1112 2972 45 31 es
1186 2954 268 47 wiederholt
1485 2953 183 48 werden

148 3047 180 38 musste.
399 3038 130 47 Auch
590 3036 261 48 Reinecke's
1266 3033 89 47 und
1405 3032 265 48 Schubert's

540 3114 142 49 worin
713 3114 91 46 sich
837 3112 247 48 wiederum
1119 3113 120 46 Herr
1265 3111 308 48 Wiedemann
1607 3109 62 47 als

146 3194 289 47 Solo-Tenor
465 3192 269 48 rühmlichst
762 3191 329 53 auszeichnete,
1122 3188 162 48 fanden
1317 3187 352 47 wohlverdiente

146 3273 361 60 Anerkennung.
549 3274 85 45 Am
667 3269 249 64 wenigsten
945 3276 127 56 sagte
1103 3285 82 29 uns
1227 3267 179 56 „Reutti
1439 3266 57 47 im
1533 3266 101 47 Win-

306 3367 84 31 von
440 3349 198 47 Vincenz
685 3348 211 47 Lachner
941 3363 70 37 zu,
1070 3346 222 62 hingegen
1340 3360 95 31 war
1493 3343 141 55 „Wan-

146 3427 154 48 derers
654 3426 256 63 componirt
939 3441 82 30 von
1056 3424 50 47 E.
1138 3424 196 51 Nessler,
1364 3423 62 46 als
1454 3421 105 46 sehr
1590 3437 52 30 an-

145 3507 203 65 ständige
375 3507 164 47 Arbeit
577 3506 122 47 eines
722 3504 191 65 jungen,
950 3502 283 48 strebsamen
1266 3499 319 65 Componisten
1617 3516 52 30 zu

149 3583 264 65 begrüssen.

261 3663 114 47 Zum
416 3662 212 47 Schlüsse
668 3661 61 47 sei
770 3661 115 47 noch
932 3659 150 46 Herrn
1128 3658 306 61 Staegemann
1481 3654 75 46 für
1599 3653 71 47 die

149 3738 217 50 köstliche
384 3739 317 65 Wiedergabe
725 3739 124 47 einer
873 3737 108 48 Arie
1002 3752 80 32 aus
1109 3734 201 66 Haydn's

150 3817 276 49 besonderer
450 3817 133 48 Dank
610 3815 383 65 ausgesprochen,
1016 3829 56 32 an
1096 3813 85 47 den
1206 3812 91 47 sich
1322 3810 71 47 die
1416 3808 254 49 rühmende

151 3895 367 64 Hervorhebung
549 3911 82 31 von
667 3894 208 47 Fräulein
906 3895 40 46 J.
978 3890 257 65 Hering's
1268 3887 374 49 Pianolorte-Vor-

150 3981 100 57 trag
282 3974 216 48 anreihen
525 3975 150 61 möge,
706 3973 171 47 welche
902 3970 260 47 Künstlerin
1194 3984 121 31 zwar
1345 3967 115 48 noch
1493 3965 77 47 mit
1600 3964 69 47 ein

151 4053 148 63 wenig
343 4053 206 53 Unruhe,
596 4050 112 49 aber
755 4049 114 48 doch
916 4049 80 47 mit
1039 4048 123 48 Geist
1207 4045 89 47 und
1338 4043 333 66 ausgebildeter

153 4128 402 51 Clavier-Technik
598 4130 233 47 Romanze
871 4127 87 48 und
1006 4124 160 50 Rondo
1213 4139 80 33 aus
1333 4123 101 48 dem

1761 323 218 47 Concerte
2011 340 83 30 von
2127 325 172 64 Chopin
2331 344 50 29 zu
2412 326 155 48 Gehör
2599 326 202 58 brachte,
2831 330 188 48 wonach
3052 331 113 46 auch
3198 332 65 46 ihr

1758 400 76 48 das
1860 401 206 48 animirte
2092 402 231 48 Publicum
2350 405 85 47 den
2458 403 262 65 schuldigen
2744 407 129 47 Dank
2899 407 141 48 durch
3066 408 198 63 Applaus

1758 477 90 48 und
1881 478 259 47 Hervorruf
2163 480 286 49 darbrachte.

3015 484 57 47 0.
3104 485 47 46 P.

1783 707 174 122 Achtes
1986 707 611 122 Gesellschafts-Concert
2626 707 58 122 in
2713 707 117 122 Köln
2859 707 58 122 im
2946 707 291 122 Gürzenich,

1783 829 105 122 unter
1909 829 148 122 Leitung
2078 829 63 122 des
2162 829 232 122 städtischen
2415 829 316 122 Capellmeisters,
2752 829 106 122 Herrn
2879 829 190 122 Ferdinand
3090 829 147 122 Hiller.

2089 1011 225 47 Dinstag,
2355 1011 88 35 den
2483 1009 59 39 21.
2580 1013 209 35 Februar
2827 1011 110 40 1865.

1858 1096 280 46 Programm.
2169 1098 28 34 I.
2230 1096 30 37 1.
2291 1098 169 35 Sinfonie
2489 1112 73 22 von
2592 1101 37 35 J.
2661 1101 178 46 Haydn.
2886 1101 33 36 2.
2950 1103 129 34 Rondo
3109 1105 58 33 für
3196 1105 44 33 So-

1755 1168 91 34 pran
1877 1157 68 33 mit
1982 1157 183 45 obligater
2194 1158 150 36 Violine
2380 1171 66 23 aus
2484 1161 63 33 der
2576 1162 100 46 Oper
2707 1190 17 19 „
2733 1162 40 35 II
2800 1174 39 24 re
2860 1169 136 39 pastor
2999 1175 16 24 e
3021 1164 16 17 u
3070 1176 72 23 von
3171 1165 63 34 Mo-

1755 1222 100 28 zart
1884 1217 196 45 (Fräulein
2107 1218 197 35 Pauline
2343 1220 330 47 Wiesemann).
2723 1220 34 38 3.
2789 1224 135 34 Sonate
2966 1226 58 32 für
3061 1226 91 32 zwei
3180 1225 63 34 Cla-

1754 1278 102 32 viere
1896 1288 73 23 von
1997 1278 181 34 Mozart
2220 1280 113 43 (Frau
2363 1281 274 35 Schumann
2679 1283 75 34 und
2799 1284 95 34 Herr
2929 1285 41 34 F.
3003 1284 97 34 Hill
3112 1286 69 43 er).
3228 1286 35 35 4.

1757 1337 134 34 Lieder
1918 1349 72 22 von
2020 1338 40 33 F.
2092 1338 232 35 Schubert
2355 1342 76 33 und
2462 1343 272 34 Beethoven
2764 1343 141 46 (Fräul.
2936 1345 154 34 Wiese
3103 1356 160 28 mann).

1757 1397 33 35 5.
1824 1398 566 46 „Frühlingsbotschaft*
2420 1402 58 33 für
2522 1402 99 35 Chor
2663 1404 75 34 und
2777 1405 199 34 Orchester
3017 1418 71 23 von
3128 1406 136 38 Gade.

1759 1456 33 37 6.
1823 1459 183 34 Notturno
2036 1460 38 32 in
2108 1460 140 33 G-moll
2276 1472 71 23 von
2380 1462 181 47 Chopin
2675 1463 159 37 Scherzo
2863 1466 223 44 capriccioso
3116 1469 35 33 in
3184 1469 61 35 Fis-

1768 1519 87 35 moll
1881 1531 73 22 von
1984 1519 339 36 Mendelssohn
2352 1521 114 46 (Frau
2495 1523 290 46 Schumann).

1861 1581 46 35 11.
1939 1578 31 37 7.
2004 1580 67 45 „O,
2101 1582 114 33 weint
2242 1593 63 22 um
2471 1585 59 33 für
2568 1584 253 48 Solo-Sopran
2858 1585 195 46 (Fräulein
3093 1589 150 34 Wiese-

1760 1641 163 43 mann),
1955 1641 99 35 Chor
2075 1643 77 33 und
2173 1643 202 36 Orchester
2395 1656 70 23 von
2494 1646 41 34 F.
2559 1646 172 34 Hiller.
2761 1644 34 38 8.
2825 1648 218 35 Sinfonie
3073 1651 36 32 in
3131 1649 143 37 D-moll

1761 1714 73 22 von
1872 1702 179 34 Robert
2087 1702 279 40 Schumann.

1865 1763 81 33 Wir
1973 1764 144 33 freuten
2148 1775 70 21 uns
2247 1764 95 42 sehr,
2390 1766 103 33 einer
2535 1766 64 33 der
2639 1767 280 45 anmuthigsten
2951 1768 216 35 Sinfonieen
3200 1782 71 22 von

1762 1823 136 46 Haydn
1929 1823 137 33 einmal
2097 1823 137 34 wieder
2263 1836 44 22 zu
2337 1826 204 45 begegnen,
2573 1827 131 33 mithin
2735 1829 120 32 einem
2879 1829 77 33 rein
2984 1830 289 35 musicalischen

1764 1885 169 34 Genüsse
1964 1884 114 33 durch
2109 1885 102 32 eines
2241 1897 71 21 von
2336 1886 115 42 jenen
2484 1886 161 35 Werken
2691 1899 66 22 aus
2799 1888 64 33 der
2900 1897 113 37 guten
3052 1890 99 33 alten
3182 1891 90 44 Zeit,

1764 1946 59 33 die
1851 1945 125 34 nichts
2006 1945 144 42 wollen,
2194 1945 54 34 als
2277 1946 138 43 Musik,
2462 1946 88 34 aber
2580 1948 99 34 diese
2709 1948 98 35 dann
2845 1950 95 33 auch
2971 1950 65 33 mit
3064 1961 40 22 so
3133 1951 143 34 reicher

1764 2005 108 34 Fülle
1894 2006 300 44 ansprechender
2214 2004 211 36 Melodieen
2455 2018 73 23 von
2557 2008 160 34 heiterer
2747 2010 69 32 wie
2846 2008 237 47 herzinniger
3103 2011 76 41 Art,
3210 2013 67 32 mit

1769 2066 121 34 einem
1921 2065 154 33 solchen
2103 2065 132 35 Flusse
2265 2066 267 35 thematischer
2562 2067 247 46 Consequenz
2852 2070 73 34 und
2967 2070 115 35 selbst
3110 2072 49 33 im
3189 2083 66 22 con-

1769 2125 310 46 trapunktischen
2111 2126 162 34 Gewebe
2314 2127 65 32 mit
2420 2138 40 22 so
2491 2126 302 47 durchsichtiger
2823 2128 171 36 Klarheit
3038 2131 81 33 dem
3149 2131 106 34 Publi-

1768 2196 86 24 cum
1882 2197 46 22 zu
1957 2185 114 35 hören
2100 2186 132 45 geben,
2275 2187 84 34 dass
2387 2198 66 22 aus
2476 2187 125 45 jedem
2633 2189 107 33 Satze
2773 2189 57 33 ein
2863 2190 117 33 Genie
3012 2190 242 38 hervorleuch-

1766 2250 65 38 tet,
1874 2245 63 35 das
1966 2247 36 32 in
2034 2246 62 33 der
2125 2246 229 34 besonderen
2383 2247 136 46 Kunst,
2561 2248 57 33 für
2648 2248 58 33 die
2736 2260 37 23 es
2803 2250 231 45 geschaffen,
3077 2251 96 33 auch
3203 2251 73 34 alle

1769 2305 268 47 liülfsquellen
2081 2307 59 33 für
2180 2306 59 34 die
2279 2306 339 35 vollkommensten
2649 2308 158 34 Gebilde
2837 2308 195 35 derselben
3061 2309 114 35 findet
3203 2311 76 33 und

1769 2367 105 34 nicht
1902 2371 182 30 auswärts
2114 2366 139 35 betteln
2282 2378 46 22 zu
2356 2368 121 45 gehen
2507 2367 167 46 braucht,
2706 2379 58 22 um
2796 2369 81 34 sich
2901 2370 114 33 durch
3038 2370 240 45 Programme

1767 2439 47 23 zu
1842 2427 223 47 begeistern.

1870 2488 82 34 Von
1975 2488 146 34 Mozart
2148 2488 99 42 aber,
2279 2489 82 33 dem
2390 2490 157 33 zweiten
2569 2490 122 34 Heros
2721 2488 64 35 der
2814 2501 161 25 neueren
2999 2491 281 35 Instrumental-

1768 2549 139 43 Musik,
1938 2550 125 34 hatten
2095 2549 67 35 wir
2190 2551 103 33 einer
2312 2560 335 36 angemesseneren
2670 2551 223 45 Vertretung
2919 2552 359 45 entgegengesehen,

1769 2610 55 35 als
1854 2610 117 35 durch
2001 2610 57 33 die
2088 2611 138 34 Sonate
2255 2611 58 32 für
2341 2611 93 34 zwei
2463 2610 185 36 Claviere.
2703 2610 51 35 Es
2783 2611 100 34 hatte
2912 2612 79 33 sich
3021 2612 64 33 das
3114 2613 165 34 Gerücht

1768 2671 213 43 verbreitet,
2013 2671 84 33 dass
2129 2671 66 33 wir
2222 2669 60 36 bei
2302 2670 268 34 Anwesenheit
2591 2671 64 33 der
2674 2671 98 34 Frau
2802 2672 265 34 Schumann
3098 2673 62 34 das
3182 2673 74 34 Con-

1771 2739 78 27 cert
1876 2733 38 32 in
1943 2730 150 35 JSs-dur
2119 2732 59 33 für
2207 2732 94 33 zwei
2329 2730 173 35 Claviere
2532 2742 74 23 von
2630 2732 143 34 Mozart
2802 2732 115 34 durch
2946 2734 52 33 sie
3029 2733 73 34 und
3131 2733 127 47 Capell-

1771 2794 152 33 meister
1950 2792 102 34 Hill
2064 2804 46 23 er
2138 2792 66 34 mit
2233 2791 449 48 Orchester-Begleitung
2720 2794 216 45 ausgeführt
2971 2794 115 35 hören
3114 2794 165 44 würden,

1769 2855 77 34 und
1875 2856 67 33 auf
1968 2855 127 33 diesen
2124 2854 167 35 seltenen
2323 2854 147 35 Genuss
2500 2866 78 22 war
2606 2854 104 34 Alles
2739 2856 82 33 aufs
2849 2856 205 45 freudigste
3083 2860 196 42 gespannt.

1768 2917 96 33 Statt
1893 2917 129 33 dessen
2054 2921 120 28 traten
2204 2916 58 33 die
2293 2915 129 34 beiden
2454 2914 252 35 Celebritäten
2743 2923 115 26 etwas
2886 2928 66 33 gar
2980 2928 47 22 zu
3056 2916 223 35 bescheiden

1769 2977 66 33 mit
1864 2978 104 32 einer
1996 2978 138 32 Sonate
2164 2978 73 44 auf,
2270 2977 152 40 welche,
2453 2988 71 22 von
2550 2977 145 33 Mozart
2722 2976 115 34 selbst
2867 2977 134 33 höchst
3030 2977 229 34 wahrschein-

1766 3036 75 35 lich
1873 3038 67 33 auf
1966 3036 282 47 Veranlassung
2277 3048 73 23 von
2379 3036 234 34 Dilettanten
2657 3036 76 34 und
2769 3038 58 33 für
2869 3036 127 35 solche
3024 3037 257 45 geschrieben,

1767 3099 103 34 mehr
1900 3100 35 32 in
1966 3100 83 32 eine
2077 3100 165 32 Matinee
2283 3097 88 35 oder
2397 3099 38 32 in
2465 3099 108 33 einen
2604 3097 225 35 häuslichen
2859 3097 281 36 Musik-Abend
3169 3105 112 39 passt,

1767 3158 54 34 als
1849 3160 38 31 in
1917 3159 59 33 ein
2007 3158 408 35 Gürzenich-Concert.
2446 3158 68 33 Bei
2534 3157 386 46 Meister-Vorträgen
2943 3156 84 34 darf
3052 3157 63 34 der
3143 3158 137 33 Name

1767 3218 63 34 des
1860 3219 268 45 Componisten
2159 3218 113 34 allein
2308 3218 105 34 nicht
2442 3217 272 46 maassgebend
2742 3218 92 45 sein,
2877 3218 159 34 sondern
3067 3217 96 35 auch
3193 3217 66 35 Gat-

1769 3288 105 37 tung,
1921 3280 111 33 Form
2077 3280 75 33 und
2194 3280 165 45 Umfang
2402 3280 64 33 des
2506 3278 322 46 vorzutragenden
2872 3277 177 44 Stückes;
3095 3278 79 34 hier
3213 3279 68 45 gilt

1775 3340 204 46 „Noblesse
2008 3340 117 47 oblige
2129 3341 16 18 u
2154 3368 8 16 y
2202 3341 77 34 und
2308 3342 58 33 ein
2396 3340 163 35 Concert
2584 3340 60 34 für
2672 3342 92 32 zwei
2792 3339 132 47 Flügel
2952 3340 65 34 mit
3044 3338 235 47 eingelegten

1769 3402 199 34 Cadenzen
2000 3403 125 33 würde
2154 3402 141 34 diesem
2324 3401 168 46 Spruche
2520 3401 155 46 gerecht
2703 3401 200 46 geworden
2933 3401 92 41 sein,
3063 3400 103 35 nicht
3194 3400 87 34 aber

1769 3464 82 33 eine
1881 3462 137 35 Sonate
2048 3464 74 33 und
2152 3464 59 33 ein
2242 3473 89 35 paar
2358 3461 166 34 kleinere
2555 3461 151 43 Stücke,
2748 3473 106 22 wenn
2886 3461 94 34 auch
3010 3462 96 33 noch
3137 3473 40 22 so
3208 3462 55 32 vir-

1769 3530 84 28 tuos
1882 3523 171 47 gespielt,
2098 3525 70 32 wie
2197 3523 78 34 dies
2304 3521 232 35 namentlich
2565 3521 60 34 bei
2658 3521 81 34 dem
2769 3520 157 36 Scherzo
2956 3520 223 46 capriccioso
3207 3532 74 23 von

1772 3585 267 35 Mendelssohn
2070 3584 64 35 der
2163 3584 81 33 Fall
2274 3595 86 24 war.

1872 3645 133 35 Lieder
2034 3646 67 32 mit
2121 3644 200 34 Orchester
2346 3643 164 45 gehören
2543 3642 102 34 mehr
2673 3641 88 35 oder
2785 3642 166 45 weniger
2978 3642 58 34 ins
3056 3641 134 35 Gebiet
3218 3641 64 34 der

1771 3709 87 34 Arie
1901 3708 75 34 und
2018 3707 126 34 finden
2188 3707 107 34 darin
2324 3706 59 34 die
2411 3705 312 46 Rechtfertigung
2752 3704 98 34 ihrer
2877 3704 223 45 Zulassung,
3147 3702 137 44 zumal,

1769 3782 107 21 wenn
1907 3771 53 34 sie
1987 3770 117 34 schön
2133 3768 76 34 und
2231 3767 255 35 künstlerisch
2515 3765 258 47 befriedigend
2799 3777 195 34 gesungen
3024 3764 157 41 werden,
3213 3765 65 33 wie

1768 3831 177 35 Fräulein
1974 3830 205 35 Pauline
2210 3831 295 33 Wiesemann
2535 3827 228 34 namentlich
2794 3828 64 33 das
2886 3826 91 34 Lied
3006 3837 71 22 von
3102 3826 40 33 F.
3163 3824 92 35 Schu-

1767 3894 103 35 bert:
1904 3894 100 45 ~Des
2034 3892 204 35 Mädchens
2457 3890 68 34 mit
2552 3890 343 44 Instrumentirung
2936 3899 70 21 von
3036 3885 118 34 Hiller
3196 3895 63 23 vor-

1768 3962 85 38 trug
1896 3954 76 34 und
2017 3953 106 35 dafür
2166 3951 259 35 rauschenden
2468 3950 169 46 Applaus
2678 3949 76 34 und
2798 3948 210 34 Hervorruf
3048 3946 65 33 mit
3161 3944 118 35 Recht

1769 4021 155 31 ärntete.
1981 4014 108 35 Auch
2135 4012 212 35 Klärchens
2380 4010 228 46 „Freudvoll
2637 4010 75 34 und
2948 4018 70 22 von
3049 4005 229 42 Beethoven,

1770 4077 149 36 obwohl
1950 4078 82 32 eine
2061 4076 221 44 schwierige
2312 4074 184 46 Aufgabe,
2539 4072 137 47 gelang
2709 4069 179 36 trotzdem
2916 4078 95 35 ganz
3039 4073 67 39 gut
3135 4066 56 33 bis
3216 4069 60 30 aut

1769 4142 84 33 eine
1895 4136 289 36 unbedeutende
2215 4136 246 45 Kleinigkeit,
2503 4132 175 35 während
2721 4132 57 33 die
2808 4130 87 33 Arie
2936 4139 75 24 von
3041 4129 142 33 Mozart
3213 4137 65 24 aus
