2255 3779
889 273 225 27 LECTURES
1147 274 244 26 MUSICALES

2078 280 51 36 49

475 424 54 42 L'
554 417 383 63 «Étranger»
969 440 74 29 au
1074 428 223 42 théâtre
1329 429 68 42 de
1428 430 54 41 la
1516 430 280 43 Monnaie.

195 539 64 42 La
282 543 216 50 première
520 546 353 50 représentation
895 545 81 39 del
983 545 230 54 'Etranger
1232 545 40 52 (7
1291 546 183 54 janvier)
1497 563 22 25 a
1543 553 68 35 été
1629 564 60 25 un
1712 550 235 52 triomphe.
1971 550 50 54 Je
2040 550 85 41 n'ai

140 622 80 38 pas
240 612 23 36 à
293 612 172 38 revenir
495 625 75 26 sur
592 609 212 54 l'analyse
832 612 54 40 de
910 621 109 31 cette
1041 612 116 42 belle
1177 616 212 50 partition
1408 613 75 55 (1),
1510 616 106 40 dont
1636 617 39 39 la
1701 618 193 40 richesse
1913 619 212 40 musicale

139 676 103 41 s'est
263 691 158 28 encore
440 680 145 39 mieux
607 680 168 39 révélée
799 684 21 36 à
844 680 232 41 l'audition
1098 682 99 52 qu'à
1218 682 40 40 la
1282 682 181 52 lecture,
1484 687 133 46 grâce
1656 688 21 36 à
1702 685 39 39 la
1778 684 162 43 finesse
1980 696 41 31 et
2040 691 22 36 à
2086 687 38 40 la

138 746 224 51 précision
379 746 105 41 d'un
507 746 224 41 orchestre
754 754 57 34 où
832 757 93 32 tout
945 758 64 31 est
1042 753 21 35 à
1089 763 45 26 sa
1159 750 138 52 place,
1321 757 55 34 où
1400 751 29 39 il
1450 751 72 52 n'y
1542 766 21 25 a
1589 753 43 38 ni
1653 752 172 48 lacune,
1844 755 44 38 ni
1910 756 187 50 empiéte-

139 821 136 42 ment,
300 816 45 38 ni
362 814 164 40 double
546 815 180 51 emploi.
765 814 413 55 L'interprétation,
1216 819 112 39 dans
1348 816 274 52 l'ensemble,
1646 834 21 25 a
1708 825 67 35 été
1810 820 313 52 satisfaisante,

139 889 173 32 surtout
343 882 59 40 du
425 885 94 37 côté
555 883 54 39 de
642 884 271 40 l'orchestre.
945 883 191 56 J'aurais
1170 887 205 40 souhaité
1392 887 101 52 plus
1530 887 53 40 de
1622 888 258 41 délicatesse
1918 889 112 40 dans
2062 891 63 40 les

137 948 175 41 chœurs
335 948 191 54 (surtout
548 951 112 39 dans
679 952 38 39 la
740 951 215 42 Chanson
977 953 54 40 de
1053 955 105 49 mai,
1183 954 108 41 dont
1314 955 38 40 la
1377 955 119 50 ligne
1513 955 91 40 doit
1624 960 90 36 être
1730 958 229 49 gracieuse
1994 966 40 32 et
2060 959 42 40 lé-

136 1021 118 46 gère,
282 1025 118 32 toute
438 1017 190 51 baignée
650 1019 54 40 de
742 1020 125 40 soleil
906 1022 277 51 printanier).
1225 1021 61 42 M.
1310 1021 160 42 Albers
1489 1032 65 31 est
1577 1039 59 24 un
1650 1023 89 42 bon
1759 1025 214 40 chanteur
1993 1035 42 30 et
2067 1041 58 25 un

136 1083 90 42 bon
250 1093 161 33 acteur.
435 1084 151 53 Quant
614 1086 82 40 àM
701 1086 40 27 lle
761 1087 172 52 Friché,
955 1089 39 40 la
1019 1089 198 41 froideur
1239 1091 75 51 qui
1334 1091 60 40 lui
1418 1105 21 26 a
1471 1095 67 36 été
1560 1092 237 51 reprochée
1820 1093 52 39 de
1900 1093 225 41 différents

136 1155 117 38 côtés
276 1166 54 27 ne
345 1167 70 26 me
432 1153 167 41 semble
617 1169 81 38 pas
711 1170 60 25 un
793 1155 149 42 défaut
961 1173 7 24 :
992 1157 39 40 la
1044 1156 167 42 fiancée
1233 1159 58 40 du
1308 1157 70 42 bel
1401 1157 149 42 André
1563 1159 110 40 n'est
1692 1173 79 40 pas
1787 1174 87 26 une
1890 1160 233 42 Chimène.

138 1218 93 43 Son
254 1224 98 37 âme
373 1221 227 42 enfantine
623 1227 22 36 à
666 1224 116 40 demi
802 1238 55 26 ne
880 1239 46 25 se
948 1225 173 51 dégage
1144 1240 85 38 que
1251 1227 240 40 lentement
1524 1227 54 40 de
1601 1240 69 27 ses
1709 1232 211 47 naïvetés,
1962 1229 53 40 de
2044 1243 80 27 son

137 1289 260 48 indécision,
415 1299 41 31 et
478 1295 142 36 même
640 1292 105 40 d'un
762 1306 197 39 soupçon
982 1294 53 39 de
1053 1294 236 50 vulgarité.
1312 1294 56 41 Et
1390 1293 253 55 lorsqu'elle
1667 1310 21 25 a
1709 1294 120 42 enfin
1868 1299 192 50 compris
2083 1298 40 40 la

137 1357 206 40 noblesse
360 1358 54 39 de
446 1358 265 52 l'Etranger,
733 1360 250 52 l'Etranger
1006 1362 102 40 s'est
1138 1361 186 42 sacrifié.
1351 1362 100 42 Vita
1476 1377 55 27 ne
1578 1363 244 53 symbolise
1857 1378 81 38 pas
1978 1366 122 40 seule-

137 1434 119 31 ment
269 1426 37 39 la
331 1426 213 54 Jeunesse
569 1443 7 25 :
599 1428 83 40 elle
703 1437 65 31 est
788 1430 120 40 aussi
931 1442 21 27 ((
971 1444 85 26 une
1075 1432 202 50 jeunesse
1301 1442 36 30 )).
1360 1430 119 42 C'est
1518 1446 46 26 ce
1587 1446 83 38 que
1709 1432 45 39 M
1761 1430 40 28 lle
1836 1432 156 41 Friché
2011 1447 113 28 nous

138 1508 21 25 a
181 1493 85 41 fort
289 1493 102 40 bien
414 1500 186 36 montré.

190 1561 68 40 En
280 1563 129 49 guise
431 1563 53 39 de
504 1563 117 40 lever
640 1564 53 39 de
714 1565 167 50 rideau,
905 1565 313 41 Attendez-moi
1228 1581 97 25 sous
1338 1566 174 49 ïOrme,
1552 1567 54 40 de
1639 1566 62 40 M.
1743 1567 187 41 Vincent
1968 1567 157 54 d'lndy

139 1627 159 54 (1883).
321 1629 81 41 Cet
425 1639 94 31 acte
539 1631 192 41 aimable
750 1641 64 31 est
833 1633 104 39 d'un
960 1635 215 40 musicien
1192 1649 54 26 en
1268 1636 258 52 possession
1549 1635 53 40 de
1641 1644 99 31 tous
1775 1636 63 39 les
1870 1645 161 32 secrets
2069 1637 55 40 de

135 1708 81 28 son
236 1704 79 42 art,
331 1705 42 32 et
395 1698 183 52 capable
600 1699 180 40 d'écrire
799 1709 315 33 correctement
1136 1701 172 54 jusqu'à
1330 1718 59 26 un
1412 1710 130 47 opéra
1569 1708 219 50 comique.

1771 1773 53 41 L.
1848 1773 50 42 L.

816 2021 276 43 Lectures
1125 2021 327 43 musicales.

629 2163 100 27 UNE
772 2154 168 36 GRÈVE
986 2163 62 25 DE
1086 2163 287 28 MUSICIENS
1419 2164 24 24 A
1485 2163 136 28 ROME

713 2256 53 28 EN
799 2241 95 41 L'AN
930 2257 74 37 312
1038 2257 141 27 AVANT
1209 2248 323 42 JÉSUS-CHRIST

182 2373 63 41 Ce
284 2375 109 40 n'est
435 2376 124 51 point
600 2390 59 26 un
682 2384 140 32 conte.
846 2375 63 40 Ce
931 2376 110 40 n'est
1063 2380 143 36 même
1226 2390 79 39 pas
1322 2391 60 25 un
1406 2377 222 51 apologue
1646 2377 54 40 de
1716 2378 316 52 circonstance,
2056 2384 56 37 où

125 2441 256 52 l'incogxiito
417 2443 53 40 de
512 2443 247 53 l'antiquité
788 2446 119 38 vient
927 2457 211 40 masquer
1161 2444 214 53 quelques
1395 2445 325 52 personnalités
1742 2446 54 39 de
1818 2446 167 41 l'heure
2008 2452 76 48 pré-

125 2519 136 31 sente.
286 2510 126 41 Nous
435 2520 237 31 racontons
696 2512 299 52 simplement,
1019 2525 76 27 sur
1114 2512 38 40 la
1180 2511 59 41 foi
1260 2512 104 40 d'un
1389 2518 144 46 poète,
1559 2526 85 27 une
1670 2516 133 50 petite
1828 2521 128 34 scène
1978 2514 106 41 fami-

125 2578 104 40 lière
263 2579 53 39 de
348 2579 38 40 la
420 2581 69 38 vie
531 2582 214 45 romaine,
780 2589 40 31 et
862 2582 51 49 si,
948 2580 272 50 d'aventure,
1262 2581 53 39 de
1356 2594 158 26 menus
1564 2586 297 44 événements,
1903 2583 108 41 dont
2046 2584 63 40 les

124 2645 223 41 Parisiens
388 2646 145 41 furent
566 2648 63 39 les
668 2652 168 36 récents
878 2650 205 48 témoins,
1123 2648 198 40 donnent
1344 2663 83 25 aux
1461 2662 99 26 vers
1582 2648 188 41 d'Ovide
1792 2665 59 25 un
1882 2651 227 40 séduisant

121 2714 150 40 cachet
303 2712 267 50 d'actualité,
607 2715 40 39 la
683 2714 120 42 faute
838 2729 54 26 en
928 2724 64 32 est
1013 2720 21 35 à
1065 2730 81 26 nos
1167 2718 373 50 contemporains,
1561 2718 174 39 artistes
1755 2723 275 35 mécontents
2051 2720 54 38 de

122 2781 94 40 leur
253 2791 104 41 sort,
399 2784 75 50 qui
521 2783 273 48 s'avisèrent,
831 2784 11 38 l
861 2789 159 34 eût-on
1058 2797 74 26 cru
1155 2788 16 35 ?
1194 2797 112 38 pour
1328 2783 109 40 faire
1468 2784 210 39 entendre
1704 2785 118 39 leurs
1853 2785 251 52 doléances,

120 2849 191 40 d'imiter
345 2850 116 40 leurs
503 2851 209 39 lointains
747 2854 196 36 ancêtres
966 2851 53 39 de
1041 2851 40 39 la
1106 2850 262 53 république
1386 2853 213 38 romaine.
1627 2850 63 41 Or
1709 2852 128 48 donc,
1864 2867 81 26 nos
1964 2857 113 37 musi-

120 2919 120 38 ciens
275 2917 198 40 s'étaient
501 2919 84 39 mis
620 2932 54 26 en
705 2924 132 44 grève
865 2929 7 27 :
898 2918 103 40 c'est
1023 2919 94 40 leur
1138 2919 131 49 droit,
1293 2919 94 40 dira
1413 2919 257 52 quelqu'un.
1691 2919 123 53 Déjà,
1836 2920 128 41 Paris
1989 2924 116 39 avait

119 2999 57 26 vu
199 2985 77 40 des
313 2991 157 44 grèves
507 2994 40 31 et
587 2986 77 39 des
686 2987 215 49 grévistes
933 2986 53 40 de
1021 2996 120 31 toute
1178 2996 155 31 nature
1356 3001 7 26 :
1389 2986 273 52 boulangers
1695 2996 41 32 et
1766 2988 336 51 charbonniers,

120 3053 180 40 cochers
341 3053 54 39 de
433 3051 133 42 fiacre
606 3062 40 31 et
688 3055 292 38 conducteurs
1017 3055 271 49 d'omnibus,
1324 3069 191 37 garçons
1545 3055 204 40 coiffeurs
1784 3065 41 32 et
1843 3071 191 37 garçons
2050 3059 54 40 de

120 3120 107 41 café.
265 3133 20 28 ((
311 3121 229 52 Pourquoi
560 3135 80 38 pas
659 3125 16 36 ?
696 3132 21 27 ))
754 3135 45 26 se
837 3121 158 50 dirent,
1036 3138 60 25 un
1131 3124 113 51 jour,
1269 3124 63 39 les
1349 3125 174 38 artistes
1546 3123 54 40 de
1619 3137 81 26 nos
1721 3126 298 46 music-halls,
2046 3135 55 40 et,

120 3190 288 47 incontinent,
439 3189 63 40 les
522 3189 118 40 voilà
660 3191 74 51 qui
751 3190 255 41 démontent
1025 3191 62 40 les
1103 3192 129 39 flûtes
1254 3201 41 30 et
1314 3191 167 40 brisent
1497 3192 117 39 leurs
1637 3192 187 40 archets.

174 3255 159 42 C'était
370 3255 39 42 la
445 3264 148 44 grève.
620 3257 186 41 Chacun
828 3258 54 39 de
904 3271 46 28 se
983 3258 184 41 féliciter
1202 3269 40 30 et
1267 3260 53 39 de
1347 3261 139 39 croire
1516 3260 132 51 qu'au
1674 3262 145 38 moins
1844 3261 127 39 l'idée
1999 3264 105 38 était

123 3326 216 49 originale
373 3334 40 32 et
449 3340 155 26 neuve.
642 3325 162 49 Nenni,
841 3325 258 50 Messieurs,
1140 3341 79 39 pas
1258 3332 158 36 même.
1454 3326 126 42 Lisez
1622 3328 144 52 plutôt
1803 3337 109 31 cette
1957 3330 147 40 vieille

121 3392 182 42 histoire
324 3392 78 50 (2).

166 3522 46 42 (1)
232 3523 89 32 Voir
342 3526 50 30 les
411 3524 141 33 articles
573 3535 109 31 parus
693 3525 88 32 clans
801 3523 52 32 les
876 3535 20 20 n
902 3529 29 18 os
953 3524 42 33 de
1015 3526 194 31 novembre
1225 3533 33 26 et
1281 3526 188 33 décembre
1489 3537 99 33 1902.

165 3571 44 43 (2)
235 3573 125 40 OVIDE,
379 3573 123 33 Fastes
508 3599 7 14 ,
538 3574 47 32 VI
607 3574 177 44 651-693.
809 3575 108 31 Texte
936 3574 42 32 de
994 3575 102 32 Riese
1119 3574 134 43 (1874).

253 3645 43 34 R*
322 3647 48 32 M.

1953 3660 22 30 4
