2255 3779
950 232 76 25 LES
1062 231 226 26 CONCERTS

2068 224 44 37 61

127 321 170 46 daines,
322 320 103 40 bien
446 322 287 51 appropriées
757 336 55 26 au
829 320 151 53 public
995 322 54 40 de
1071 322 171 50 l'église
1264 322 54 40 de
1342 322 39 40 la
1405 321 266 52 Madeleine,
1698 330 55 34 où
1779 324 83 39 elle
1880 323 66 42 fut
1962 329 130 36 exécu-

128 393 66 35 tée
217 388 38 40 le
276 401 44 39 25
349 388 233 40 décembre
607 392 116 48 1858.
751 388 71 42 On
840 404 28 37 y
888 392 91 38 voit
1015 394 318 47 transparaître
1355 406 59 24 un
1452 389 301 42 Saint-Saëns
1785 392 144 51 jeune,
1954 407 59 25 un
2032 406 85 38 peu

130 458 155 39 cousin
304 457 54 39 de
391 456 209 42 Gounod.
633 456 33 40 Il
695 458 63 51 s'y
782 466 154 31 trouve
958 461 144 35 même
1127 472 59 25 un
1216 456 189 42 Alléluia
1426 459 43 49 (à
1503 459 38 39 la
1567 457 60 41 fin
1647 459 58 41 du
1729 461 216 51 quintette
1964 470 6 24 :
1993 460 101 41 Lève-

128 524 75 52 toi,
225 524 89 52 fille
346 526 49 38 de
416 524 109 41 Sion
533 525 27 53 ),
587 527 75 51 qui
686 524 242 40 ressemble
953 529 21 35 à
1001 525 100 39 telle
1135 539 115 37 page
1269 525 103 41 bien
1408 540 171 27 connue
1601 527 53 40 de
1676 526 238 42 Mireille...
1950 526 62 41 Le
2036 529 81 39 trio

133 592 152 41 Tecum
314 592 261 55 principium
582 626 9 17 ,
624 606 103 26 avec
772 600 423 44 accompagnement
1224 593 53 39 de
1311 593 153 51 harpe,
1503 602 65 30 est
1591 607 85 26 une
1704 595 121 50 pièce
1866 594 53 40 de
1948 593 169 42 facture

130 662 195 51 exquise,
352 667 55 34 où
428 661 62 39 les
508 662 100 38 voix
631 673 45 27 se
702 660 270 49 combinent,
995 660 263 50 s'éloignent
1281 668 41 31 et
1338 673 46 26 se
1413 670 264 41 reprennent
1699 675 103 26 avec
1823 677 59 25 un
1902 662 217 52 équilibre

129 727 161 53 parfait
313 728 111 40 dans
460 736 99 32 tous
582 728 62 39 les
680 736 307 31 mouvements
1023 735 40 32 et
1085 741 86 26 une
1200 731 132 47 grâce
1355 727 254 50 singulière.
1637 727 31 40 Il
1692 743 22 24 a
1738 742 53 27 eu
1811 729 62 40 les
1893 730 226 41 honneurs

131 795 59 40 du
214 795 74 40 bis.
312 794 69 41 Au
410 799 143 36 même
584 794 206 49 Concert,
818 795 39 39 la
891 809 25 37 4
920 802 14 15 e
958 793 279 54 Symphonie
1257 795 53 39 de
1338 794 52 41 R.
1419 794 261 41 Schumann
1708 797 91 51 (op.
1840 811 91 35 120,
1959 799 160 39 achevé

129 875 54 26 en
211 863 121 51 1851)
356 862 67 39 n'a
447 876 81 38 pas
551 867 67 35 été
640 864 126 51 jouée
786 876 104 26 avec
925 863 39 39 la
988 865 151 50 poésie
1172 877 85 38 que
1289 863 277 40 réclamerait
1589 877 86 26 une
1698 878 150 25 œuvre
1869 867 119 38 aussi
2007 866 90 39 déli-

129 938 93 31 cate
254 938 40 31 et
314 931 120 38 aussi
463 928 213 41 finement
711 934 212 36 nuancée.
960 930 82 54 J'ai
1082 944 53 27 eu
1158 931 299 52 l'impression
1489 931 104 40 d'un
1617 945 85 38 peu
1725 932 53 39 de
1802 933 251 40 sécheresse
2075 943 41 31 et

130 997 131 39 d'une
295 999 190 38 certaine
523 998 212 40 lourdeur
758 999 74 51 qui
862 999 111 39 n'est
1005 1002 221 48 peut-être
1257 1012 79 39 pas
1372 999 247 52 imputable
1651 1004 21 35 à
1709 999 271 49 l'orchestre,
2005 1003 113 38 mais

132 1068 21 35 à
177 1063 261 42 Schumann
457 1066 249 50 lui-même,
729 1066 107 40 dont
857 1066 62 40 les
942 1067 120 39 idées
1080 1075 166 32 restent
1263 1068 280 50 supérieures
1566 1082 54 25 au
1645 1067 110 52 style
1778 1076 40 32 et
1842 1070 75 50 qui
1941 1069 153 40 orches-

131 1135 101 38 trait
255 1147 123 27 assez
401 1134 313 50 gauchement.

186 1201 69 41 Au
271 1216 20 37 7
300 1206 11 16 0
334 1201 190 41 Concert
547 1201 63 53 (11
639 1201 183 53 janvier)
847 1216 21 25 a
902 1207 66 35 été
990 1207 205 35 exécutée
1220 1203 39 39 la
1292 1202 187 39 Passion
1498 1202 118 39 selon
1634 1202 112 40 saint
1770 1202 111 51 Jean
1915 1204 53 39 de
2002 1203 112 55 J.-S.

132 1270 120 40 Bach
273 1268 207 53 (1723-4).
506 1268 120 41 C'est
648 1283 86 26 une
751 1282 149 28 œuvre
920 1271 75 50 qui
1019 1272 193 38 contient
1231 1269 317 40 d'admirables
1565 1270 189 51 chorals,
1778 1270 217 40 alternant
2016 1284 102 27 avec

135 1336 222 51 récitatifs,
382 1345 40 31 et
446 1344 56 33 où
525 1338 38 38 le
599 1339 236 38 sentiment
867 1338 211 49 religieux
1108 1351 209 27 conserve
1352 1352 55 25 au
1437 1338 110 51 style
1582 1352 86 26 une
1692 1343 86 35 très
1816 1339 134 39 haute
1971 1347 143 40 tenue,

134 1410 144 36 même
311 1406 111 40 dans
455 1406 62 39 les
554 1419 215 39 passages
802 1412 55 34 où
881 1406 39 39 le
943 1406 111 52 sujet
1095 1404 254 41 semblerait
1371 1407 148 48 exiger
1550 1406 76 39 des
1657 1405 122 41 effets
1817 1406 301 52 dramatiques

134 1483 40 31 et
193 1488 85 26 une
301 1474 179 40 couleur
503 1474 189 52 spéciale
715 1486 8 38 ;
746 1487 79 27 son
845 1472 150 41 défaut
1014 1470 39 56 (à
1075 1481 96 43 part
1193 1486 86 26 une
1298 1474 190 38 certaine
1505 1474 292 52 monotonie),
1826 1475 102 39 c'est
1961 1472 158 54 qu'elle

134 1550 80 40 est,
236 1542 28 39 il
283 1541 94 41 faut
400 1541 102 40 bien
523 1542 37 38 le
583 1542 107 49 dire,
714 1542 86 38 mal
822 1542 130 38 écrite
974 1554 114 38 pour
1106 1541 61 39 les
1180 1542 114 38 voix.
1317 1540 119 40 Bach
1458 1540 78 40 fait
1557 1542 106 38 aller
1685 1542 38 39 la
1747 1543 99 39 voix
1867 1542 53 39 de
1940 1541 154 41 l'Evan-

134 1609 156 51 géliste
313 1609 54 39 de
389 1609 25 39 Y
419 1615 43 33 ut
485 1623 55 25 au
558 1609 38 39 si
617 1608 163 48 bémol,
806 1622 46 26 ce
873 1610 73 50 qui
967 1607 78 40 fait
1067 1613 100 47 près
1187 1608 53 38 de
1258 1608 112 39 deux
1392 1616 174 32 octaves
1585 1623 113 37 pour
1724 1625 59 24 un
1803 1614 124 35 ténor
1948 1624 9 33 ;
1982 1609 29 39 il
2033 1611 57 37 im-

134 1691 106 39 pose
260 1683 21 34 à
304 1677 129 54 Jésus
455 1676 163 54 (basse)
645 1678 77 39 des
742 1677 217 40 vocalises
992 1677 74 50 qui
1097 1683 99 32 sont
1220 1689 58 25 un
1301 1675 365 53 développement
1685 1677 100 51 plus
1807 1676 312 41 instrumental

133 1759 84 38 que
239 1745 140 40 vocal.
403 1745 31 40 Il
468 1747 125 38 traite
612 1745 63 40 les
695 1745 235 40 chanteurs
953 1756 172 27 comme
1154 1742 66 40 s'il
1247 1741 150 41 faisait
1429 1743 58 39 du
1527 1745 276 51 contrepoint
1826 1758 75 26 sur
1931 1745 183 50 l'orgue.

131 1812 62 41 Le
213 1813 150 52 public
381 1813 85 40 m'a
490 1828 110 37 paru
623 1815 146 38 moins
787 1814 223 38 vivement
1040 1812 215 38 intéressé
1278 1810 106 52 qu'il
1407 1823 54 27 ne
1485 1811 37 39 le
1541 1810 80 49 fut,
1647 1812 29 39 il
1694 1827 28 36 y
1741 1827 21 24 a
1787 1813 112 39 deux
1920 1826 94 34 ans,
2040 1827 80 37 par

133 1881 269 40 l'étonnante
425 1894 144 26 messe
591 1894 108 26 ensz
729 1881 187 39 mineur.
937 1879 51 54 Je
1021 1891 54 27 ne
1109 1877 282 53 reprocherai
1414 1892 80 38 pas
1518 1893 82 26 aux
1622 1879 236 40 chanteurs
1881 1879 53 40 de
1953 1880 169 40 n'avoir

131 1962 79 38 pas
234 1949 199 51 toujours
450 1949 158 39 chanté
625 1954 86 35 très
728 1949 112 51 juste
862 1946 46 53 (il
929 1963 27 36 y
976 1962 22 25 a
1022 1947 77 40 des
1119 1948 323 39 circonstances
1463 1947 294 52 atténuantes)
1780 1963 8 33 ;
1814 1949 113 38 mais
1954 1949 39 51 je
2024 1949 97 40 dois

130 2022 280 39 mentionner
444 2022 38 38 le
519 2021 143 50 grand
721 2026 150 34 succès
916 2020 54 38 de
1005 2018 62 40 M.
1108 2018 113 40 Paul
1267 2017 178 40 Daraux
1492 2015 150 52 (basse
1685 2015 112 52 solo)
1840 2025 40 32 et
1922 2017 111 39 celui
2068 2016 53 39 de

131 2087 47 39 M
183 2095 44 19 me
250 2087 198 52 Georges
471 2088 161 52 Marty,
676 2088 108 40 dont
807 2088 38 40 la
882 2086 114 40 belle
1029 2087 101 39 voix
1153 2086 53 39 de
1239 2084 217 41 contralto
1496 2092 40 31 et
1574 2084 39 39 le
1646 2083 112 52 style
1782 2091 75 32 ont
1893 2088 66 35 été
2001 2085 119 38 aussi

134 2156 191 40 admirés
347 2156 328 52 qu'applaudis.

189 2243 241 40 CONCERTS
452 2242 230 40 COLONNE.

716 2265 51 4 —
792 2241 54 40 28
868 2239 226 41 décembre.
1130 2263 44 3 —
1213 2239 225 40 Première
1457 2238 228 39 exécution
1709 2237 53 39 de
1797 2237 39 39 la
1860 2236 261 54 Symphonie

134 2325 49 24 en
200 2311 40 38 la
263 2311 53 38 de
332 2309 62 40 M.
419 2309 176 42 Widor.
617 2308 221 43 L'œuvre,
857 2310 169 49 dirigée
1043 2323 80 36 par
1145 2307 76 44 lui,
1243 2321 21 25 a
1284 2311 67 35 été
1369 2305 103 40 bien
1494 2305 237 40 accueillie.
1754 2304 86 40 Les
1855 2305 196 51 rythmes
2068 2305 54 39 de

133 2378 138 40 danse
285 2393 28 37 y
335 2377 324 53 prédominent,
686 2391 168 26 cemme
875 2378 111 39 dans
1010 2377 37 38 la
1075 2374 277 53 Symphonie
1374 2375 54 38 de
1454 2373 125 40 Lalo.
1606 2372 63 40 Le
1687 2375 193 50 premier
1898 2382 40 31 et
1960 2373 39 39 le
2021 2373 75 39 der-

134 2448 94 38 nier
246 2460 207 26 morceau
470 2454 99 32 sont
593 2448 238 38 construits
851 2460 76 26 sur
946 2446 39 39 le
1008 2450 143 36 même
1175 2446 159 39 thème.
1361 2444 377 41 L'orchestration
1755 2452 65 31 est
1838 2444 105 39 d'un
1963 2444 159 40 coloris

134 2528 122 27 assez
280 2516 162 49 animé,
464 2516 112 38 mais
608 2529 61 25 un
690 2527 85 39 peu
798 2514 141 40 criard
969 2514 182 52 parfois.
1174 2512 63 41 Le
1261 2514 236 39 sentiment
1532 2511 53 40 de
1608 2511 214 40 Yandante
1854 2519 64 32 est
1951 2526 59 25 un
2034 2525 86 38 peu

132 2583 329 40 déclamatoire.
486 2581 62 41 Le
565 2584 190 50 premier
771 2596 206 26 morceau
1001 2591 41 31 et
1061 2582 39 39 le
1119 2580 181 40 Scherzo
1318 2579 138 41 m'ont
1475 2594 109 37 paru
1609 2580 62 38 les
1703 2579 243 40 meilleurs.

189 2650 47 40 M
241 2659 47 18 me
308 2650 175 40 Litvine
509 2650 65 40 fut
602 2650 85 40 fort
718 2650 237 52 applaudie
970 2651 112 39 dans
1105 2650 62 39 les
1202 2658 172 31 stances
1404 2648 53 40 de
1488 2646 146 55 Sapho
1642 2679 9 16 ,
1686 2648 74 51 qui
1779 2655 112 31 reste
1929 2660 87 26 une
2038 2646 77 40 des

137 2719 212 39 mélodies
383 2718 62 40 les
473 2719 100 51 plus
608 2732 132 38 pures
775 2726 41 31 et
854 2718 62 39 les
954 2718 100 51 plus
1077 2718 244 50 classiques
1350 2717 53 39 de
1429 2714 208 49 Gounod,
1656 2723 40 31 et
1732 2715 110 39 dans
1866 2715 39 38 le
1925 2713 89 40 Roi
2051 2714 72 38 des

133 2785 162 40 Aulnes
317 2786 53 39 de
390 2784 234 51 Schubert,
650 2786 108 39 dont
776 2785 353 39 l'orchestration
1151 2798 80 38 par
1249 2783 122 40 Liszt
1395 2791 67 31 est
1484 2782 290 49 intelligente,
1800 2783 112 38 mais
1929 2796 195 38 manque

137 2854 54 39 de
226 2853 241 51 grandeur.

192 2920 63 41 La
289 2919 259 41 Damoiselle
571 2919 88 40 élue
681 2920 53 39 de
756 2918 61 42 M.
850 2919 207 54 Debussy
1080 2928 202 32 retrouve
1303 2932 80 27 son
1419 2923 149 36 succès
1590 2918 59 40 du
1675 2918 235 52 précédent
1933 2926 187 32 concert.

135 2989 63 40 Le
221 2988 191 41 sublime
428 3001 207 28 morceau
658 2987 328 54 symphonique
1008 2989 53 39 de
1080 2987 296 55 Rédemption,
1410 2987 54 40 de
1493 2987 139 40 César
1654 2987 189 48 Franck,
1863 2986 210 52 s'impose
2098 2991 21 35 à

135 3067 99 32 tous
256 3072 80 38 par
358 3071 81 26 son
462 3061 238 36 étonnante
724 3057 202 39 sincérité
948 3065 40 31 et
1003 3070 46 27 sa
1068 3057 169 39 sereine
1259 3057 249 51 puissance.
1532 3053 72 42 On
1624 3055 60 39 lui
1708 3052 77 41 fait
1807 3067 87 26 une
1929 3055 193 39 ovation.

243 3132 218 34 ouverture
480 3126 50 39 de
560 3123 207 42 Coriolan
789 3133 64 32 est
884 3123 102 42 bien
1009 3129 204 36 exécutée
1235 3139 8 33 ;
1270 3126 113 37 mais
1418 3124 29 39 il
1475 3138 28 37 y
1540 3135 194 39 manque
1772 3122 353 51 l'emportement

137 3207 160 38 rageur
312 3194 58 40 du
389 3193 247 52 frénétique
655 3193 131 39 héros
809 3193 52 39 de
883 3191 324 54 Shakespeare,
1231 3206 86 39 que
1338 3192 256 40 Beethoven
1616 3205 21 25 a
1657 3190 137 41 voulu
1811 3190 197 52 peindre.

190 3261 62 41 M.
279 3261 155 41 Cortot
454 3276 21 24 a
509 3265 66 35 été
596 3260 86 40 fort
714 3260 206 51 acclamé,
958 3274 113 39 pour
1094 3274 45 26 sa
1160 3259 129 52 façon
1310 3260 248 40 volontaire
1591 3267 42 32 et
1656 3271 213 27 nerveuse
1888 3257 54 40 de
1961 3257 166 50 diriger

136 3330 255 40 l'orchestre
421 3330 111 40 dans
551 3330 39 39 le
612 3328 186 40 Prélude
821 3328 48 39 de
894 3328 169 40 Tristan
1085 3337 41 31 et
1156 3328 39 40 la
1218 3335 110 33 mort
1350 3327 182 40 d'Iseult.
1559 3327 158 40 Public
1739 3334 42 32 et
1811 3327 208 50 critiques
2052 3334 75 32 ont

135 3402 66 36 été
224 3402 22 35 à
278 3412 85 38 peu
385 3403 100 47 près
516 3398 233 40 unanimes
774 3400 21 34 à
831 3397 146 39 saluer
998 3412 60 25 un
1077 3397 61 39 lui
1158 3411 59 25 un
1252 3394 101 42 chef
1367 3395 271 40 d'orchestre
1671 3394 135 50 digne
1845 3393 54 40 de
1924 3394 203 39 rivaliser

139 3464 169 46 bientôt
325 3478 104 27 avec
445 3466 63 39 les
540 3466 100 51 plus
661 3463 195 42 célèbres
875 3463 307 55 kapellmeister
1200 3464 261 40 allemands.

1769 3517 54 42 R.
1851 3517 53 42 R.
