2255 3779
704 227 192 27 LETTRES
929 228 56 26 DE
1018 229 163 27 CHOPIN
1215 229 25 25 A
1272 228 49 26 SA
1353 226 183 26 FAMILLE

2067 227 47 35 23

134 332 78 39 pas
235 319 103 40 chez
362 331 80 28 son
464 324 119 46 père,
610 319 91 51 qui,
757 318 198 53 pendant
973 327 94 32 tout
1089 319 112 48 l'été,
1223 319 68 40 n'a
1310 332 79 39 pas
1413 320 138 51 quitté
1567 331 69 26 ses
1665 319 244 51 propriétés
1931 319 53 39 de
2016 317 82 42 Gas-

134 400 154 37 cogne.

193 454 68 42 Ne
283 468 152 39 croyez
454 455 157 53 jamais
635 470 81 26 aux
736 455 227 39 méchants
985 455 141 40 bruits
1146 467 8 37 ;
1174 456 28 39 il
1218 470 27 36 y
1265 469 21 25 a
1304 454 231 52 beaucoup
1549 454 53 40 de
1618 466 242 40 personnes
1878 468 55 27 au
1955 455 163 40 monde

136 524 75 50 qui
233 536 55 27 ne
310 531 190 43 peuvent
520 524 97 38 voir
636 522 358 51 tranquillement
1014 523 38 39 le
1068 522 204 41 bonheur
1289 523 77 39 des
1390 532 167 30 autres.

188 589 147 42 Avant
357 604 105 26 mon
484 592 167 38 arrivée
670 592 68 43 ici,
764 598 40 30 et
827 596 128 46 après
978 605 105 25 mon
1101 591 154 51 départ
1277 591 54 39 de
1353 590 198 47 Nohant,
1569 589 47 40 M
1622 597 41 16 me
1688 589 158 53 S[and]
1870 599 65 32 est
1961 592 109 39 allée
2093 596 23 36 à

134 657 343 52 Chenonceaux,
499 663 99 47 près
620 657 53 39 de
693 656 159 51 Tours,
879 658 101 39 chez
1004 672 69 26 ses
1108 660 178 39 cousins
1308 658 54 40 de
1392 658 272 40 Villeneuve.
1701 657 326 43 Chenonceaux
2053 668 66 32 est

134 741 59 25 un
216 726 182 40 château
423 731 85 35 très
527 739 144 26 connu
694 725 110 39 dans
828 734 119 32 toute
964 726 38 40 la
1028 727 180 49 France,
1235 725 89 41 bâti
1346 740 54 26 au
1424 734 142 43 temps
1588 725 54 39 de
1665 725 212 50 François
1909 725 15 40 lerI
1929 733 29 15 er
1978 740 79 38 par
2079 727 39 39 le

134 793 175 42 fameux
329 795 178 38 traitant
528 792 236 53 (banquier
782 792 177 54 d'alors)
990 794 197 40 Thomas
1210 793 158 53 Boyer,
1395 795 73 51 qui
1500 808 21 25 a
1543 794 84 38 mis
1653 792 229 53 beaucoup
1903 794 53 39 de
1977 802 141 45 temps

134 865 21 35 à
180 862 39 39 la
244 862 312 40 construction.
577 860 62 40 Ce
661 861 185 41 château
863 862 179 39 domine
1064 862 39 39 la
1129 863 155 38 rivière
1307 862 38 39 le
1368 860 131 41 Cher.
1524 859 117 42 Sous
1660 861 62 40 les
1741 861 180 40 arcades
1939 874 75 27 sur
2032 863 65 39 les-

132 929 167 52 quelles
322 929 156 40 s'élève
499 929 39 39 le
567 929 198 48 château,
788 929 28 40 il
837 945 28 36 y
887 944 22 25 a
930 930 284 40 d'immenses
1246 931 191 38 cuisines
1453 943 9 35 ;
1498 941 111 28 vous
1633 941 169 40 pouvez
1827 943 80 38 par
1936 929 40 40 là
2006 943 111 27 vous

131 996 109 41 faire
269 1010 86 27 une
377 997 95 39 idée
494 997 53 39 de
570 996 246 41 l'énormité
843 998 58 39 du
931 997 228 41 bâtiment.
1192 998 211 49 François
1427 996 13 40 ler,I
1448 1003 28 17 er
1483 1027 8 15 ,
1519 1001 127 48 après
1664 999 124 38 avoir
1806 997 247 52 dépossédé
2078 999 39 38 le

132 1066 218 52 banquier
371 1066 53 39 de
440 1079 46 26 ce
509 1065 200 47 château,
728 1065 199 47 l'habita,
953 1074 40 32 et
1008 1079 56 26 on
1079 1081 27 36 y
1129 1074 153 32 trouve
1305 1078 157 27 encore
1481 1064 232 52 beaucoup
1734 1065 53 39 de
1807 1067 232 38 souvenirs
2063 1066 54 39 de

133 1148 81 26 son
234 1143 156 43 temps.
413 1133 107 40 Plus
544 1134 112 50 tard,
682 1133 239 40 Catherine
949 1134 53 39 de
1037 1133 185 40 Médicis
1251 1147 54 26 en
1325 1131 47 42 fit
1399 1147 46 26 sa
1467 1133 225 40 résidence
1714 1132 257 41 habituelle.
1994 1133 123 40 Dans

132 1202 61 40 les
231 1201 258 54 Huguenots
520 1201 134 52 qu'on
689 1202 146 40 donne
859 1206 21 35 à
920 1201 145 51 Paris,
1089 1202 65 40 les
1186 1201 154 40 décors
1368 1201 59 40 du
1450 1201 160 40 second
1633 1208 93 33 acte
1745 1202 210 39 viennent
1977 1202 54 39 de
2072 1216 47 26 ce

136 1270 184 40 château
336 1282 9 37 ;
367 1270 38 51 je
421 1271 113 39 crois
558 1283 85 38 que
660 1268 166 42 Louise
846 1284 21 25 a
887 1284 58 26 vu
968 1270 106 39 cela.

193 1336 62 41 La
276 1336 161 41 femme
459 1338 53 39 de
545 1343 118 33 notre
693 1336 144 41 Valois
857 1335 59 55 (i)
952 1353 27 36 y
1003 1352 21 25 a
1049 1340 119 37 aussi
1190 1341 132 48 passé
1343 1338 39 39 le
1418 1345 142 43 temps
1579 1337 53 39 de
1655 1350 81 27 son
1757 1350 215 38 veuvage.
1997 1337 122 41 Tous

137 1406 62 39 les
216 1413 327 44 appartements
567 1413 98 32 sont
688 1409 232 36 conservés
943 1420 102 26 avec
1077 1406 62 39 les
1168 1404 200 42 meubles
1399 1405 58 40 du
1487 1414 157 44 temps,
1673 1419 46 27 ce
1752 1408 74 50 qui
1849 1407 92 39 doit
1970 1412 150 34 coûter

138 1479 85 34 très
259 1474 102 38 cher
382 1472 272 40 d'entretien.
701 1472 118 41 Sous
840 1472 138 41 Louis
1016 1473 93 50 XV,
1141 1487 56 26 ou
1235 1476 221 49 peut-être
1493 1477 144 36 même
1668 1487 105 27 sous
1815 1474 39 40 la
1895 1474 221 50 Régence,

136 1540 62 40 M.
223 1541 148 51 Dupin
394 1541 53 39 de
469 1540 245 47 Francueil,
741 1540 101 40 chez
866 1543 74 49 qui
974 1541 233 41 Rousseau
1241 1540 64 40 fut
1328 1542 245 45 secrétaire,
1601 1542 149 39 devint
1772 1554 260 39 possesseur
2060 1542 59 40 du

137 1609 184 39 château
345 1613 127 47 après
495 1608 62 39 les
588 1607 243 41 Vendôme.
861 1608 63 40 Ce
945 1608 62 39 M.
1032 1608 149 52 Dupin
1213 1616 64 32 est
1300 1607 146 41 l'aïeul
1475 1609 53 39 de
1556 1608 43 39 M
1607 1613 44 21 me
1675 1608 176 51 S[and],
1884 1609 101 40 c'est
2009 1609 108 40 celui

136 1677 107 39 dont
265 1676 38 40 le
340 1677 186 51 portrait
549 1689 45 25 se
618 1684 152 31 trouve
801 1679 22 35 à
856 1674 195 51 Nohant,
1091 1676 240 40 au-dessus
1347 1676 53 40 de
1420 1676 36 39 la
1490 1676 241 50 cheminée,
1757 1676 110 40 dans
1888 1676 38 40 la
1950 1677 171 49 grande

137 1745 106 40 salle
265 1743 97 41 d'en
386 1744 94 47 bas,
506 1749 100 47 près
628 1744 53 39 de
718 1745 39 38 la
777 1743 107 40 salle
917 1747 21 35 à
964 1757 200 36 manger.
1192 1742 47 40 M
1244 1751 45 18 me
1310 1742 164 53 Dupin,
1507 1757 45 26 sa
1576 1745 216 50 première
1821 1743 176 50 femme,
2018 1746 103 37 était

136 1812 169 41 célèbre
327 1827 80 38 par
430 1825 80 28 son
538 1813 135 50 esprit
696 1820 40 32 et
762 1825 45 26 sa
837 1811 174 51 beauté,
1044 1820 41 31 et
1107 1811 53 40 de
1183 1824 80 27 son
1293 1820 142 43 temps
1453 1820 94 31 tout
1575 1825 47 26 ce
1645 1825 84 38 que
1764 1811 38 40 le
1823 1812 129 39 siècle
1974 1820 72 32 eut
2067 1812 54 39 de

134 1894 110 37 gens
262 1881 179 52 d'esprit
462 1879 229 52 fréquenta
710 1893 80 26 son
811 1879 125 40 salon
955 1895 7 24 :
990 1893 57 26 on
1061 1894 27 37 y
1112 1881 268 38 rencontrait
1398 1878 213 48 Voltaire,
1648 1878 168 53 Mably,
1842 1888 80 31 etc.

191 1948 30 40 Il
231 1964 27 36 y
278 1963 21 25 a
325 1950 119 38 aussi
463 1952 21 35 à
509 1947 326 41 Chenonceaux
855 1947 231 52 beaucoup
1107 1947 328 40 demanuscrits
1455 1946 375 53 deMontesquieu
1866 1947 250 48 Rousseau,

135 2017 110 39 dans
259 2029 69 26 ses
350 2014 279 54 Confessions
635 2046 7 16 ,
669 2015 121 51 parle
812 2014 51 39 de
881 2013 46 40 M
933 2022 44 18 me
995 2014 148 52 Dupin
1167 2015 53 39 de
1243 2015 246 40 Francueil.
1517 2013 71 42 On
1603 2015 139 49 garde
1761 2028 158 27 encore
1942 2030 55 25 au
2015 2015 78 40 châ-

136 2093 99 31 teau
255 2084 76 39 des
351 2082 155 41 coffres
529 2084 177 48 entiers.,
739 2082 143 52 pleins
905 2083 52 38 de
989 2096 45 25 sa
1056 2083 381 51 correspondance
1460 2095 102 26 avec
1582 2082 102 48 elle;
1708 2095 46 26 ce
1774 2091 98 30 sont
1886 2083 75 40 des
1982 2083 109 40 docu-

135 2161 143 31 ments
299 2156 86 35 très
409 2152 191 48 curieux,
624 2152 74 49 qui
719 2163 103 26 sans
842 2150 133 40 doute
992 2163 54 26 ne
1065 2159 148 31 seront
1232 2150 156 51 jamais
1404 2148 190 53 publiés.
1616 2149 47 39 M
1668 2157 42 19 mc
1737 2147 156 50 S[and]
1921 2163 21 26 a
1967 2154 154 35 trouvé

136 2220 489 52 quelquesmanuscrits
639 2218 53 39 de
705 2217 47 40 M
757 2222 41 17 me
814 2217 167 52 Dupin,
1006 2224 86 33 très
1108 2220 305 42 intéressants,
1435 2217 214 52 paraît-il,
1668 2225 173 32 surtout
1858 2216 237 41 admirable-

136 2295 118 31 ment
277 2288 141 38 écrits.
445 2284 119 41 C'est
583 2285 39 39 là
640 2285 249 50 également
909 2298 85 39 que
1016 2299 113 38 pour
1144 2286 39 39 la
1202 2287 215 50 première
1435 2284 101 48 fois,
1554 2285 111 39 dans
1689 2284 39 40 le
1745 2284 169 40 théâtre
1933 2284 59 40 du
2013 2284 80 40 châ-

135 2364 114 40 teau,
273 2354 65 40 fut
356 2355 100 51 joué
477 2354 162 51 l'opéra
658 2353 52 39 de
727 2352 232 41 Rousseau
985 2351 73 53 [Le
1075 2352 138 41 Devin
1227 2354 48 38 de
1300 2352 167 56 Village
1473 2353 28 54 ),
1522 2356 108 40 dont
1653 2356 278 50 l'ouverture,
1954 2356 163 49 dit-on,

134 2431 63 31 est
235 2422 181 40 l'œuvre
438 2422 53 39 de
512 2420 62 40 M.
600 2421 247 39 Francueil.
870 2420 124 41 Vous
1018 2434 141 37 savez,
1195 2422 38 51 je
1261 2434 207 40 suppose,
1493 2436 85 38 que
1617 2422 234 42 Rousseau
1884 2438 21 25 a
1940 2423 80 40 fait
2060 2439 59 24 un

136 2497 170 46 poème,
329 2491 83 38 mis
447 2504 80 37 par
546 2490 60 39 lui
630 2502 53 26 en
703 2490 221 50 musique,
947 2490 74 50 qui
1041 2497 72 31 eut
1126 2504 60 25 un
1208 2490 142 49 grand
1374 2495 150 36 succès
1547 2491 28 39 il
1596 2505 27 37 y
1644 2505 21 25 a
1690 2491 297 40 soixante-dix
2023 2505 93 25 ans.

135 2558 203 41 Certains
357 2570 214 40 passages
588 2557 53 39 de
658 2565 64 31 cet
739 2560 132 48 opéra
893 2565 75 32 ont
992 2559 139 38 réussi
1155 2566 40 30 et
1213 2566 99 32 sont
1335 2571 122 27 assez
1474 2572 170 27 connus
1679 2572 54 27 en
1756 2559 183 40 France.

188 2626 49 54 Je
264 2639 112 26 vous
416 2627 38 37 ai
488 2625 123 51 parlé
645 2625 53 39 de
727 2624 342 48 Chenonceaux,
1107 2624 180 52 parlons
1322 2628 278 38 maintenant
1637 2627 54 39 de
1724 2626 143 41 Paris.
1904 2626 125 41 Voici
2059 2627 61 39 les

136 2693 177 42 Gavard
338 2694 74 51 qui
442 2693 172 39 saluent
645 2693 246 49 gentiment
927 2690 165 42 Louise
1114 2701 41 31 et
1190 2692 331 53 ledrz[eïewicz]
1561 2694 46 46 (il
1639 2697 156 37 envoie
1829 2699 21 34 à
1872 2693 165 41 Louise
2062 2709 59 24 un

134 2760 228 41 Massillon
397 2760 53 39 de
479 2773 46 25 sa
548 2757 181 55 façon);
762 2760 63 38 les
854 2759 325 40 Franchomme
1202 2759 172 40 saluent
1402 2763 135 38 aussi.
1568 2761 81 54 J'ai
1685 2766 65 35 été
1788 2763 125 38 dîner
1935 2761 54 40 de
2027 2764 94 37 côté

136 2838 41 31 et
211 2829 170 40 d'autre
418 2835 130 31 avant
571 2827 199 39 l'arrivée
802 2827 54 38 de
892 2824 47 41 M
945 2833 47 19 me
1027 2824 30 42 S
1065 2824 137 54 [and],
1246 2835 41 31 et
1321 2839 113 28 nous
1469 2840 137 27 avons
1648 2827 229 54 beaucoup
1916 2828 121 52 parlé
2068 2828 53 39 de

136 2910 127 27 vous.

190 2964 129 41 Voilà
345 2976 85 39 que
450 2964 38 51 je
511 2975 300 27 recommence
833 2974 105 28 mon
955 2963 183 39 moulin.

192 3031 295 53 Aujourd'hui
523 3031 37 51 je
583 3030 85 40 n'ai
701 3030 147 39 donné
877 3029 163 52 qu'une
1075 3030 139 51 leçon,
1247 3039 40 32 et
1316 3031 102 40 c'est
1447 3036 21 35 à
1498 3031 46 40 M
1548 3043 44 16 me
1628 3032 294 48 Rothschild-;
1960 3033 83 51 j'en
2079 3034 41 38 ai

138 3100 143 40 refusé
300 3100 112 40 deux
435 3107 162 41 autres,
625 3113 72 24 car
719 3097 152 52 j'avais
901 3106 123 31 autre
1053 3099 131 39 chose
1204 3102 21 35 à
1252 3098 124 41 faire.
1395 3098 97 41 Mes
1524 3100 228 40 nouvelles
1775 3100 236 40 mazurkas
2044 3108 76 32 ont

136 3184 109 37 paru
268 3173 21 35 à
313 3168 166 50 Berlin,
512 3167 102 41 chez
649 3165 126 41 Stem
783 3196 8 17 ,
817 3166 37 52 je
876 3179 54 26 ne
956 3167 88 38 sais
1063 3166 114 40 donc
1194 3168 34 38 si
1251 3167 105 39 elles
1371 3180 112 28 vous
1512 3168 330 51 parviendront,
1871 3182 72 25 car
1957 3168 143 39 d'ordi-

137 3239 122 37 naire
278 3250 111 27 vous
410 3249 174 27 recevez
618 3243 124 33 votre
762 3235 205 50 musique
999 3233 54 41 de
1084 3233 199 54 Leipzig.
1306 3234 120 41 Elles
1446 3248 54 27 ne
1521 3244 99 32 sont
1639 3236 176 40 dédiées
1842 3240 20 34 à
1884 3249 234 38 personne.

136 3302 280 40 Maintenant
435 3304 38 50 je
490 3302 211 40 voudrais
725 3301 208 40 terminer
954 3316 86 26 une
1072 3311 154 32 sonate
1260 3317 113 38 pour
1390 3304 275 48 violoncelle,
1698 3317 84 27 une
1816 3303 244 41 barcarolle
2082 3313 40 30 et

185 3462 46 42 (1)
253 3464 56 31 On
327 3462 66 32 sait
411 3472 70 32 que
505 3462 109 32 Henri
637 3462 43 31 111
717 3462 42 32 de
778 3461 124 33 Valois
924 3461 50 33 fut
997 3473 47 21 un
1066 3463 138 32 instant
1220 3464 52 31 roi
1311 3464 42 33 de
1375 3466 175 41 Pologne,
1575 3468 81 29 c'est
1680 3465 180 41 pourquoi
1888 3465 155 41 Chopin,
2080 3474 41 23 en

146 3515 139 35 parlant
305 3512 42 32 de
367 3511 62 36 lui,
447 3511 51 32 dit
517 3522 7 20 :
550 3525 13 14 «
588 3511 111 32 Notre
714 3511 135 32 Valois.
877 3523 14 15 »
