2255 3779
779 254 239 27 SOUVENIRS
1052 244 168 34 INÉDITS
1253 251 54 24 DE
1339 249 158 26 CHOPIN

180 251 48 35 26

178 347 113 39 bien.
311 346 48 54 Je
381 360 52 26 ne
455 348 86 38 sais
560 348 33 36 si
616 344 150 52 j'aurai
793 344 37 38 le
850 352 136 41 temps
1009 350 104 31 cette
1142 344 135 35 année
1308 339 51 38 de
1381 339 38 38 la
1457 337 105 39 faire
1583 338 233 49 imprimer.
1851 334 174 40 L'oncle
2049 335 51 39 de

177 412 44 40 M
227 421 42 17 me
291 412 196 40 Frédéric
506 412 83 39 m'a
612 411 75 39 fait
708 412 312 37 dernièrement
1043 420 83 27 une
1155 407 136 37 visite.
1318 403 33 39 G
1370 412 62 30 est
1460 418 57 24 un
1539 403 174 38 homme
1738 407 84 33 très
1851 401 145 48 digne,
2018 414 82 37 que

177 477 141 51 j'aime
332 478 223 49 beaucoup
572 492 7 31 ;
601 476 27 39 il
647 490 20 24 a
694 476 176 49 rajeuni,
892 474 28 38 il
943 475 96 50 joue
1057 473 56 38 du
1130 472 158 47 violon,
1314 485 41 23 m
1374 469 119 39 a-t-il
1512 469 75 46 dit,
1613 480 166 26 comme
1813 480 54 24 au
1891 474 136 42 temps
2049 467 51 37 de

177 556 44 26 sa
244 544 209 49 jeunesse,
477 550 40 31 et
536 555 52 25 ne
619 550 145 31 tousse
781 553 91 38 pas.
912 539 30 39 Il
983 548 62 29 est
1076 540 251 47 vigoureux,
1354 534 216 50 agréable,
1608 532 192 52 spirituel
1820 543 8 36 ;
1861 532 28 38 il
1923 544 44 26 se
1999 533 101 37 tient

177 614 82 33 très
282 608 114 46 bien,
422 613 83 34 très
529 608 136 46 droit;
691 621 52 25 ne
759 615 118 42 porte
899 619 77 37 pas
991 617 214 39 perruque
1221 611 39 31 et
1282 602 66 39 n'a
1373 614 81 38 que
1474 614 67 26 ses
1556 599 137 39 beaux
1716 598 187 38 cheveux
1916 596 149 39 blancs
2091 612 5 23 :

176 687 52 26 en
250 688 58 25 un
329 682 104 41 mot,
457 674 28 38 il
514 682 63 30 est
609 675 33 36 si
673 673 107 39 beau
810 685 150 26 encore
984 685 81 37 que
1093 671 60 38 les
1183 670 145 50 jeunes
1355 680 108 36 gens
1484 666 65 38 d'à
1572 671 185 45 présent,
1788 668 21 34 à
1839 666 91 36 côté
1951 663 52 38 de
2024 662 74 46 lui,

176 741 247 48 pourraient
449 752 149 37 passer
618 752 109 37 pour
753 739 74 37 des
847 737 230 39 vieillards.
1110 736 31 38 Il
1173 749 26 36 y
1231 749 21 24 a
1273 734 99 38 bien
1401 733 245 49 longtemps
1670 743 82 38 que
1787 728 120 52 Méry
1941 741 53 26 ne
2015 742 42 25 m
2076 742 20 25 a

174 807 101 36 écrit
299 815 8 36 ;
334 806 37 49 je
393 817 52 26 ne
470 806 85 37 sais
577 817 44 26 ce
641 803 102 51 qu'il
766 804 182 45 devient,
973 805 214 49 peut-être
1208 800 116 39 est-il
1347 798 169 39 malade
1535 798 38 38 le
1595 798 100 38 cher
1715 798 85 37 ami
1819 800 6 34 !

228 868 115 41 C'est
362 868 270 52 aujourd'hui
654 870 38 38 la
714 869 124 39 veille
859 869 51 38 de
931 867 107 40 Noël
1054 879 9 36 ;
1094 880 78 26 nos
1200 866 147 38 chères
1369 869 196 33 étrennes
1582 862 55 51 (i)
1661 866 6 35 !
1700 862 54 39 Ici
1778 875 54 26 on
1854 875 53 26 ne
1929 865 171 36 connaît

174 949 76 37 pas
273 936 101 38 cela.
407 935 182 39 Comme
614 933 258 40 d'ordinaire
903 947 54 25 on
988 934 98 37 dîne
1116 937 20 33 à
1164 936 38 41 6,
1238 935 21 34 à
1282 945 19 34 7
1327 943 54 26 ou
1416 934 21 33 à
1458 932 21 35 8
1514 929 153 38 heures
1691 942 8 33 ;
1742 929 108 37 dans
1891 927 208 51 quelques

174 1003 191 37 maisons
398 1005 246 44 étrangères
682 1000 235 38 seulement
950 1012 54 26 on
1039 1010 203 27 conserve
1287 1009 79 25 nos
1411 1007 172 36 usages.
1627 993 117 49 Hier,
1780 1007 78 36 par
1889 993 207 50 exemple,

174 1065 44 38 M
223 1074 43 17 me
288 1064 299 40 Stockhausen
610 1063 144 41 n'était
775 1078 78 37 pas
875 1069 21 34 à
922 1064 120 39 dîner
1063 1064 99 38 chez
1185 1063 59 38 les
1272 1061 200 38 Perthuis
1508 1059 116 52 (chez
1658 1073 68 24 ma
1766 1057 182 52 sonate),
1973 1071 126 38 parce

174 1129 152 52 qu'elle
348 1133 100 37 était
470 1135 182 46 occupée
683 1132 74 37 des
778 1129 255 51 préparatifs
1055 1129 317 50 d'aujourd'hui
1402 1143 110 37 pour
1539 1129 60 38 les
1624 1128 184 39 enfants.
1843 1128 161 39 Toutes
2037 1126 61 39 les

173 1198 190 37 maisons
376 1204 283 43 protestantes
676 1195 226 40 observent
915 1196 38 37 la
974 1194 141 49 Vigile
1131 1195 51 38 de
1195 1194 122 46 Noël,
1333 1196 109 37 mais
1458 1195 37 38 le
1508 1195 194 38 Parisien
1717 1194 214 39 ordinaire
1947 1207 52 24 ne
2010 1195 89 38 voit

174 1274 163 26 aucune
349 1261 225 38 différence
587 1269 118 30 entre
722 1261 92 38 hier
832 1268 40 30 et
887 1259 286 51 aujourd'hui.
1187 1259 53 39 Ici
1254 1260 184 48 laVigile
1456 1268 63 29 est
1535 1261 131 46 triste,
1679 1273 71 24 car
1767 1259 60 42 les
1841 1260 192 37 malades
2046 1273 53 25 ne

172 1325 170 38 veulent
383 1338 139 25 aucun
541 1323 193 39 médecin
755 1337 9 33 ;
790 1324 98 38 c'est
906 1338 59 24 un
981 1324 152 38 rhume
1148 1325 456 39 extraordinairement
1625 1324 104 47 fort;
1751 1337 53 26 on
1818 1325 99 38 s'est
1939 1325 159 39 couché

172 1404 108 35 pour
301 1398 90 30 tout
410 1390 51 38 de
477 1389 99 39 bon.
603 1388 180 40 Chacun
804 1390 163 38 maudit
1001 1388 123 40 Paris
1147 1394 20 34 à
1188 1404 126 26 cause
1333 1391 52 38 de
1408 1404 76 26 son
1509 1391 158 49 climat,
1692 1400 39 30 et
1754 1404 55 26 on
1832 1391 144 39 oublie
1999 1391 96 51 qu'à

172 1456 35 37 la
231 1468 253 37 campagne,
505 1468 53 25 en
577 1455 133 48 hiver,
736 1454 99 40 c'est
851 1468 153 26 encore
1025 1457 111 49 pire;
1160 1457 56 39 du
1232 1464 122 40 reste,
1370 1456 150 40 l'hiver
1540 1464 245 43 estpartout
1801 1457 163 39 l'hiver.
1983 1457 115 40 C'est

172 1533 82 26 une
275 1520 151 51 coupfe
447 1520 51 38 de
520 1522 110 36 mois
651 1520 188 38 difficiles
864 1524 20 34 à
905 1533 160 38 passer.
1085 1521 48 52 Je
1152 1535 68 25 me
1240 1523 212 39 demande
1474 1530 181 31 souvent
1676 1534 215 28 comment
1907 1524 61 38 les
1989 1536 107 36 gens

171 1587 245 49 impatients
438 1594 184 41 peuvent
642 1587 117 37 vivre
781 1598 101 26 sous
907 1600 57 24 un
984 1587 75 37 ciel
1084 1588 96 49 plus
1213 1588 229 38 inclément
1472 1601 153 25 encore
1663 1601 82 37 que
1767 1588 185 39 celui-ci.
1989 1588 81 40 Par-

171 1653 81 37 lois
280 1652 37 49 je
346 1651 232 38 donnerais
607 1651 207 50 quelques
844 1656 158 33 années
1023 1652 52 38 de
1107 1666 67 25 ma
1198 1654 67 37 vie
1283 1667 110 37 pour
1414 1666 83 26 une
1519 1654 132 38 heure
1673 1667 55 25 ou
1752 1654 108 39 deux
1882 1654 52 38 de
1956 1655 135 39 soleil.

167 1716 78 52 J'ai
262 1717 93 49 déjà
379 1720 179 35 survécu
579 1720 21 33 à
624 1724 91 30 tant
733 1717 51 37 de
799 1729 107 35 gens
928 1717 95 50 plus
1042 1716 105 40 forts
1161 1726 39 31 et
1218 1718 99 50 plus
1336 1720 146 49 jeunes
1503 1721 195 48 quemoi,
1721 1720 102 50 qu'il
1840 1732 68 26 me
1931 1720 164 38 semble

171 1795 80 36 que
268 1783 37 48 je
327 1783 89 37 suis
438 1782 172 37 éternel.
629 1781 60 39 La
708 1780 85 39 fille
811 1782 51 37 de
884 1781 174 50 Vernet,
1083 1785 159 37 mariée
1262 1788 20 34 à
1299 1784 239 39 Delaroche
1556 1783 170 52 (auteur
1755 1785 52 38 de
1834 1784 262 52 l'hémicycle

169 1847 55 38 du
247 1847 144 38 Palais
425 1847 73 38 des
520 1846 302 52 Beaux-Arts),
846 1856 62 29 est
948 1856 135 32 morte
1104 1849 28 37 il
1152 1863 24 35 y
1216 1863 21 24 a
1262 1850 208 50 quelques
1506 1851 130 48 jours.
1660 1849 113 40 Tout
1804 1849 124 40 Paris
1966 1851 37 38 la
2029 1865 44 24 re-

169 1920 148 40 grette.
344 1912 152 38 C'était
517 1925 82 25 une
629 1925 212 37 personne
874 1911 101 41 d'un
1006 1915 130 49 esprit
1159 1920 82 33 très
1272 1915 167 48 délicat,
1466 1916 138 49 jeune,
1641 1915 125 49 belle,
1792 1918 189 49 quoique
2011 1922 84 34 très

167 1980 150 36 mince.
339 1977 94 39 Elle
454 1979 181 37 recevait
663 1978 108 38 dans
793 1991 76 26 son
901 1979 123 38 salon
1046 1987 91 31 tout
1169 1992 45 26 ce
1247 1980 101 50 qu'il
1371 1995 26 35 y
1420 1995 21 23 a
1466 1985 20 33 à
1528 1981 124 38 Paris
1688 1982 51 37 de
1773 1982 318 50 remarquable,

169 2044 99 37 était
287 2043 154 37 adorée
461 2043 51 37 de
534 2051 110 39 tous,
669 2051 39 29 et
741 2044 218 49 possédait
980 2044 107 38 dans
1124 2058 77 26 son
1224 2047 204 37 intérieur
1447 2047 36 37 le
1505 2045 212 47 bonheur,
1742 2047 37 38 la
1802 2046 173 40 fortune
1996 2056 40 31 et
2056 2049 38 37 le

169 2115 174 42 respect.
371 2106 90 40 Son
480 2112 99 45 père
595 2109 159 37 menait
774 2108 37 37 le
833 2108 113 38 deuil
966 2117 39 30 et
1030 2110 181 50 pleurait
1237 2124 165 26 comme
1434 2126 56 24 un
1514 2125 108 26 veau
1643 2127 8 32 ;
1691 2127 58 24 un
1777 2122 191 30 moment
1996 2126 54 26 on
2070 2129 20 24 a

169 2186 70 25 cru
259 2185 82 38 que
363 2172 37 39 la
418 2178 114 33 mère
554 2185 51 26 en
627 2172 265 39 deviendrait
913 2172 115 41 folle.

381 2272 52 38 26
452 2272 217 38 décembre.

221 2354 104 39 Hier
346 2363 39 30 et
423 2355 273 50 aujourd'hui
727 2354 45 39 M
778 2363 43 17 me
844 2355 151 47 S[and]
1034 2359 133 47 garde
1197 2359 37 38 le
1256 2360 46 37 lit
1323 2374 6 32 ;
1355 2360 79 39 elle
1456 2374 20 25 a
1500 2362 85 38 mal
1616 2363 81 37 àla
1724 2376 150 36 gorge.
1908 2362 94 41 Elle
2039 2379 52 25 va

166 2435 58 25 un
240 2433 82 37 peu
344 2423 167 45 mieux;
536 2421 106 38 dans
681 2422 208 49 quelques
923 2423 130 49 jours,
1079 2436 100 25 sans
1209 2425 143 43 doute,
1378 2434 90 31 tout
1491 2428 60 37 ira
1574 2426 124 48 bien;
1719 2441 52 26 en
1795 2430 235 49 attendant,
2055 2432 36 50 je

166 2487 83 39 n'ai
271 2500 77 37 pas
383 2487 36 38 le
454 2495 137 42 temps
623 2487 51 38 de
696 2489 223 37 continuer
952 2492 21 34 à
995 2501 108 26 vous
1137 2493 142 36 écrire.
1320 2489 75 40 Sol
1418 2500 62 30 est
1503 2494 117 37 aussi
1641 2494 248 48 enrhumée,
1923 2498 110 36 mais
2055 2499 37 49 je

166 2553 38 38 le
232 2554 88 37 suis
344 2553 96 50 plus
460 2553 151 50 qu'eux
634 2562 109 30 tous.
766 2553 48 53 Je
842 2567 108 26 vous
973 2554 217 39 embrasse
1225 2561 82 34 très
1345 2558 280 39 tendrement.
1650 2558 64 40 Ne
1731 2574 108 26 vous
1879 2563 212 49 inquiétez

165 2620 152 49 jamais
335 2618 52 39 de
405 2621 100 36 moi.
524 2618 109 40 Dieu
656 2620 122 38 étend
802 2632 73 26 sur
895 2621 86 37 moi
1005 2633 43 25 sa
1072 2623 140 45 grâce.
1237 2621 49 53 Je
1307 2635 107 26 vous
1435 2625 110 37 aime
1564 2632 96 31 tous
1691 2633 39 30 et
1766 2639 107 26 vous
1896 2628 195 40 souhaite

165 2698 83 26 une
269 2684 142 40 bonne
433 2689 149 45 année,
605 2687 108 37 ainsi
736 2686 95 49 qu'à
855 2694 138 30 toutes
1012 2699 89 26 mes
1121 2689 343 38 connaissances.

1558 2757 47 38 F.
1649 2755 221 54 C[HOPIN].

218 2879 45 38 M
268 2887 43 17 me
350 2877 151 52 Sfandj
533 2880 221 39 embrasse
774 2880 174 40 Louise.
985 2882 47 51 Je
1065 2895 108 26 vous
1209 2886 151 36 envoie
1382 2885 38 38 le
1438 2884 119 40 billet
1585 2887 51 38 de
1678 2887 88 39 Mue
1788 2889 51 39 de
1869 2889 216 41 Rozières.

163 2945 48 52 Je
233 2943 83 40 n'ai
338 2958 78 37 pas
433 2945 37 38 le
492 2954 137 41 temps
649 2946 51 39 de
723 2947 123 38 relire
866 2960 45 25 ce
934 2960 81 37 que
1032 2947 67 50 j'ai
1122 2950 115 37 écrit.

206 3092 45 39 (i)
274 3091 49 31 En
357 3093 170 40 Pologne,
553 3094 30 29 la
604 3091 107 41 vigile
732 3092 41 30 de
805 3091 86 31 Noël
924 3098 48 24 est
995 3093 164 31 observée
1187 3103 80 21 avec
1290 3104 66 21 une
1385 3092 133 44 grande
1544 3099 182 30 solennité.
1762 3099 54 31 On
1844 3109 35 21 se
1910 3101 113 31 réunit
2047 3110 41 22 en

163 3140 139 38 famille,
320 3145 44 31 et,
385 3141 98 38 après
505 3151 45 19 un
573 3143 85 37 long
673 3150 98 28 repas
788 3139 237 40 traditionnel,
1042 3150 42 21 on
1108 3140 85 31 offre
1215 3143 17 29 à
1251 3142 134 31 chacun
1411 3154 52 21 ses
1483 3146 174 30 étrennes.
