2255 3779
789 279 241 28 SOUVENIRS
1063 278 169 28 INEDITS
1266 278 54 24 DE
1352 275 157 26 CHOPIN

191 281 50 42 30

190 370 38 38 le
246 383 154 37 payera
425 369 113 49 bien,
564 371 140 36 mieux
725 368 126 50 qu'en
881 366 223 49 Portugal.
1131 364 31 39 Il
1183 378 20 24 a
1237 363 242 49 également
1507 361 153 38 chanté
1681 371 100 26 avec
1804 362 144 33 succès
1976 361 21 34 à
2023 355 63 39 Ma-

190 436 109 48 drid,
325 442 54 33 où
401 435 85 39 l'on
504 439 180 46 prépare
713 446 51 26 en
802 445 44 26 ce
868 440 190 30 moment
1077 432 51 38 de
1155 428 163 51 grands
1338 427 149 39 festins
1509 439 111 37 pour
1637 425 60 37 les
1719 435 128 27 noces
1866 423 51 38 de
1940 423 37 37 la
2002 423 115 37 reine

197 515 100 25 avec
318 515 78 25 son
413 502 163 46 cousin,
601 508 39 30 et
658 500 50 38 de
727 497 205 49 l'infante,
959 510 43 26 sa
1024 510 128 32 soeur,
1170 508 100 26 avec
1287 494 39 39 le
1341 494 82 39 duc
1444 493 52 37 de
1516 489 311 51 Montpensier,
1844 486 67 39 fils
1928 488 118 38 cadet
2062 488 56 38 du

194 569 62 37 roi
277 566 377 50 Louis-Philippe.
676 564 178 48 Dumas,
880 566 290 47 accompagné
1192 562 51 38 de
1263 559 60 40 M.
1354 557 177 51 Maquet
1554 555 141 52 (jeune
1714 554 186 39 écrivain
1923 554 72 48 qui
2018 553 101 37 écrit

191 633 59 38 les
266 632 244 38 feuilletons
525 632 52 37 de
595 630 162 39 Dumas
780 642 100 26 sous
904 642 44 25 sa
966 627 238 50 direction),
1230 635 39 30 et
1282 626 51 38 de
1348 623 135 40 Louis
1496 621 263 49 Boulanger,
1777 620 166 50 peintre
1960 630 157 33 connu,

196 712 20 24 a
237 702 64 34 été
320 701 160 46 envoyé
499 701 21 34 à
543 695 168 40 Madrid
734 709 77 37 par
832 696 37 37 le
891 695 193 38 ministre
1105 693 52 38 de
1176 691 283 39 l'instruction
1481 687 222 51 publique,
1727 684 60 39 M.
1808 685 52 37 de
1884 682 235 49 Salvandy,

194 776 100 26 avec
315 764 181 37 mission
518 762 51 39 de
599 762 161 38 décrire
793 769 39 30 et
851 761 51 38 de
924 760 178 50 peindre
1134 766 138 31 toutes
1295 757 60 38 les
1378 755 261 39 cérémonies
1661 753 75 37 des
1757 752 109 37 deux
1889 750 230 47 mariages,

193 830 109 38 ainsi
325 841 82 38 que
440 837 138 30 toutes
616 829 59 38 les
726 835 239 30 aventures.
1007 824 70 39 On
1110 824 118 50 parle
1250 823 222 48 beaucoup
1495 820 74 38 des
1592 818 187 39 cadeaux
1802 829 83 38 que
1907 815 37 38 le
1966 815 80 38 duc
2070 814 52 37 de

195 891 327 52 Montp[ensier]
548 900 120 43 porte
703 896 20 33 à
745 905 42 25 sa
812 889 175 40 fiancée.
1011 889 60 39 La
1105 891 128 46 reine,
1270 894 82 33 très
1374 898 164 38 grasse,
1564 886 188 49 quoique
1781 884 137 49 jeune,
1942 884 181 47 prépare

196 972 108 36 pour
326 971 78 26 son
423 957 148 47 fiancé,
598 965 119 31 outre
737 969 77 27 son
837 959 135 43 trône,
998 956 37 38 le
1055 956 145 38 collier
1220 954 52 38 de
1303 954 37 38 la
1370 952 164 40 Toison
1567 950 93 39 d'or
1688 962 53 26 en
1771 949 208 47 diamant,
2013 946 110 38 ainsi

198 1023 158 51 qu'une
372 1028 101 46 épée
492 1029 83 33 très
595 1023 114 39 riche
729 1027 21 33 à
772 1023 185 49 poignée
974 1022 52 38 de
1047 1022 207 45 diamant,
1287 1020 101 37 dont
1424 1018 40 37 la
1486 1017 103 38 lame
1611 1030 23 23 a
1663 1014 106 40 servi
1796 1017 24 34 à
1858 1012 172 39 Charles
2049 1010 72 47 ///,

197 1096 35 32 et
263 1089 34 37 le
320 1089 121 38 bâton
477 1089 47 37 de
558 1088 202 52 capitaine
793 1087 183 52 général.
1003 1086 69 40 On
1103 1091 179 46 prépare
1301 1086 186 47 dix-sept
1522 1093 215 27 carrosses
1769 1078 207 51 superbes
2015 1089 111 39 pour

198 1168 146 25 mener
365 1155 60 37 les
457 1155 147 49 jeunes
629 1154 173 50 couples
822 1157 20 33 à
870 1152 162 49 l'église
1064 1150 223 47 d'Atocha,
1320 1156 54 33 où
1397 1156 153 31 auront
1584 1147 99 47 lieu,
1716 1159 53 25 en
1802 1149 140 34 même
1969 1151 155 41 temps,

198 1221 60 37 les
289 1221 108 37 deux
427 1220 231 47 mariages,
675 1227 40 30 et
745 1232 109 37 pour
886 1218 38 38 le
950 1230 167 37 voyage
1139 1217 52 38 de
1221 1215 171 39 Madrid
1417 1218 20 34 à
1469 1213 228 49 Aranjuez,
1716 1223 166 27 comme
1905 1210 71 50 qui
1999 1209 127 37 dirait

198 1286 94 37 d'ici
325 1290 20 33 à
369 1284 246 40 Versailles.
640 1283 45 40 Si
709 1284 51 38 de
781 1283 198 51 pareilles
1014 1283 284 49 descriptions
1318 1293 108 26 vous
1449 1286 211 37 amusent,
1683 1290 108 26 vous
1819 1277 60 37 les
1905 1288 100 26 avez
2025 1286 101 26 sans

199 1352 128 37 doute
348 1351 106 38 dans
475 1363 76 26 vos
574 1350 222 50 journaux,
821 1349 51 38 de
892 1346 442 41 Dmuszewski.Vous
1366 1357 138 35 savez,
1529 1345 37 49 je
1604 1355 201 38 suppose,
1831 1354 83 37 que
1935 1341 11 37 1
1964 1339 164 39 infante

202 1417 64 38 n'a
287 1429 76 37 pas
384 1429 151 26 encore
562 1427 39 38 15
633 1428 77 25 ans
740 1424 39 29 et
817 1412 152 52 qu'elle
992 1421 62 30 est
1082 1413 97 49 plus
1214 1411 110 39 belle
1346 1424 82 37 que
1456 1410 38 38 la
1528 1410 130 37 reine.
1684 1406 61 40 Le
1771 1408 111 38 mois
1916 1405 209 52 prochain

200 1482 80 37 elle
302 1482 219 37 reviendra
556 1485 21 33 à
600 1480 122 39 Paris
746 1493 98 24 avec
876 1491 77 26 son
983 1482 137 47 époux
1143 1488 7 36 ;
1176 1490 55 26 on
1253 1481 179 47 prépare
1461 1489 59 25 un
1541 1474 71 38 bal
1647 1477 21 34 à
1701 1473 145 38 l'hôtel
1869 1472 52 38 de
1954 1471 100 39 ville
2086 1479 40 30 et

200 1548 52 37 de
274 1547 161 48 grands
465 1545 150 39 festins
646 1558 110 37 pour
782 1545 37 38 la
844 1545 201 38 recevoir.
1077 1542 156 50 Quand
1258 1544 36 49 je
1316 1543 37 38 la
1370 1542 154 44 verrai,
1548 1541 37 50 je
1606 1552 108 26 vous
1736 1539 108 38 dirai
1882 1540 34 37 si
1955 1536 80 40 elle
2068 1544 63 31 est

202 1615 115 36 aussi
339 1611 111 39 belle
473 1625 82 37 que
578 1611 36 38 la
638 1612 215 49 princesse
876 1610 51 38 de
947 1609 201 53 Joinville
1170 1608 235 51 (princesse
1431 1604 291 51 brésilienne),
1747 1604 38 39 la
1809 1604 97 51 plus
1947 1603 111 38 belle
2079 1603 52 38 de

202 1686 116 30 toute
341 1678 36 38 la
398 1676 159 39 famille
577 1690 7 24 :
604 1676 183 47 élancée,
809 1675 110 50 pâle,
944 1675 51 37 de
1021 1674 162 49 grands
1221 1686 124 37 yeux,
1370 1673 74 38 des
1479 1671 186 39 cheveux
1686 1671 132 38 noirs.
1841 1668 44 39 M
1891 1667 38 26 lle
1952 1667 176 48 Rachel,

203 1745 86 48 qui,
314 1744 157 47 dit-on,
489 1742 161 38 voulait
665 1742 163 38 donner
851 1754 43 24 sa
915 1740 234 38 démission
1166 1739 56 38 du
1237 1738 408 47 Théâtre-Français
1668 1740 21 33 à
1714 1747 126 27 cause
1858 1735 51 38 de
1929 1747 44 25 sa
1995 1737 134 42 santé,

202 1823 50 24 va
276 1810 155 44 mieux,
453 1817 39 29 et
515 1808 89 38 doit
634 1806 164 39 bientôt
821 1810 230 46 reparaître
1083 1818 72 25 sur
1177 1805 37 38 la
1242 1810 136 33 scène.
1403 1803 120 40 Vous
1549 1815 125 26 savez
1694 1814 82 37 que
1809 1799 241 42 Walewski
2074 1796 57 53 (1)

205 1889 21 23 a
250 1878 159 46 épousé
427 1872 44 39 M
534 1872 131 47 Ricci,
699 1884 82 26 une
810 1870 204 39 Italienne
1041 1870 104 38 dont
1176 1870 37 37 la
1237 1874 129 43 mère,
1391 1872 77 35 née
1495 1866 326 45 Poniatowska,
1842 1873 63 31 est
1938 1878 117 25 sœur
2082 1864 51 38 de

205 1948 63 30 cet
289 1947 191 30 amateur
498 1938 51 37 de
565 1938 197 49 musique
779 1938 87 47 qui,
891 1949 53 24 en
966 1935 133 48 Italie,
1125 1936 100 37 écrit
1247 1934 73 38 des
1344 1938 152 46 opéras
1512 1941 39 30 et
1571 1934 116 36 vient
1720 1932 206 38 d'arriver
1941 1934 21 34 à
1981 1930 126 38 Paris
2123 1940 8 36 ;

206 2005 126 39 Pillet
353 2005 58 38 lui
431 2017 21 24 a
473 2003 141 38 donné
635 2017 57 23 un
720 2007 152 45 poème
900 2005 20 34 à
955 2008 151 31 mettre
1137 2013 51 25 en
1210 2001 214 49 musique.
1454 1998 61 39 Ce
1537 2011 91 25 sera
1652 2012 58 24 un
1729 1997 138 49 grand
1901 2000 144 46 opéra.
2072 1994 63 40 Le

207 2076 151 45 poème
381 2077 62 30 est
475 2069 51 38 de
558 2068 165 38 Dumas
753 2072 99 45 père
886 2075 39 30 et
951 2065 81 39 fils.
1067 2065 177 49 Dumas,
1275 2066 188 49 quoique
1492 2065 124 49 jeune
1653 2076 167 35 encore,
1842 2076 21 24 a
1888 2076 57 25 un
1968 2060 83 48 fils,
2081 2065 54 34 né

209 2144 127 29 avant
357 2135 37 38 le
416 2135 192 47 mariage
624 2144 7 36 ;
655 2133 28 38 il
703 2141 61 30 est
784 2133 184 37 écrivain
991 2144 165 26 comme
1178 2144 78 26 son
1277 2136 113 44 père.
1414 2130 48 52 Je
1486 2143 52 25 ne
1566 2130 85 38 sais
1669 2142 78 37 pas
1769 2129 38 37 le
1830 2130 96 36 titre
1944 2128 57 38 du
2023 2139 84 27 nou-

206 2201 65 38 vel
301 2205 128 46 opéra
452 2200 52 38 de
520 2198 296 40 Poniatowski
839 2195 74 53 (2),
934 2198 110 37 mais
1067 2197 28 38 il
1111 2197 89 38 doit
1221 2200 87 34 être
1329 2199 243 47 réprésenté
1590 2203 63 30 cet
1670 2195 122 37 hiver
1812 2191 66 54 (?).

261 2265 285 51 Aujourd'hui
569 2264 37 38 le
630 2272 197 30 tonnerre
846 2262 164 49 gronde
1025 2270 39 30 et
1082 2262 28 38 il
1139 2261 74 39 fait
1236 2274 118 26 assez
1380 2261 153 38 chaud.
1567 2259 61 39 Le
1644 2260 205 50 jardinier
1870 2259 267 50 transplante

207 2332 60 38 les
287 2332 139 37 fleurs.
460 2328 69 41 On
561 2344 20 24 a
611 2331 141 48 ajouté
783 2343 52 24 au
872 2328 147 52 Jardin
1058 2328 73 37 des
1166 2327 166 50 plantes
1366 2327 51 38 de
1449 2339 224 26 nouveaux
1718 2326 181 37 terrains
1936 2325 200 47 contigus

211 2398 72 48 qui
306 2404 73 30 ont
404 2398 122 36 coûté
550 2394 95 50 plus
667 2393 51 38 de
737 2405 176 36 900.000
934 2391 68 47 fr.;
1025 2392 107 38 dans
1158 2393 37 37 le
1213 2391 181 39 nombre
1416 2391 28 38 il
1464 2405 27 36 y
1512 2403 52 26 en
1584 2405 22 23 a
1634 2391 72 49 qui
1736 2398 73 30 ont
1847 2397 240 43 appartenu
2115 2393 21 33 à

209 2460 172 40 Buffon.
411 2459 169 49 Malgré
611 2467 104 38 tout,
740 2459 37 38 le
802 2458 148 53 Jardin
972 2458 74 37 des
1065 2458 165 49 plantes
1249 2470 52 25 ne
1336 2469 92 26 sera
1453 2457 152 49 jamais
1634 2468 73 26 sur
1731 2468 84 26 une
1846 2455 229 45 élévation,
2096 2455 43 38 ni

211 2540 52 25 au
283 2526 106 39 bord
409 2526 52 38 de
483 2526 37 37 la
541 2525 181 47 Vistule,
756 2537 165 25 comme
946 2523 37 38 le
1012 2525 119 36 vôtre
1162 2524 72 48 qui
1265 2530 63 31 est
1360 2520 358 40 admirablement
1747 2522 122 37 situé.
1900 2519 62 40 La
1985 2520 152 49 girafe,

212 2605 81 36 que
326 2592 60 38 les
416 2588 323 52 ledrz[eïewicz]
767 2598 73 29 ont
860 2602 96 31 vue,
980 2589 37 50 je
1039 2590 123 40 crois,
1192 2596 62 30 est
1272 2596 150 30 morte.
1454 2587 49 52 Je
1525 2588 133 37 serais
1680 2587 190 38 heureux
1893 2587 52 38 de
1975 2587 167 38 n'avoir

212 2659 151 50 jamais
382 2657 51 38 de
461 2657 96 50 plus
579 2658 141 37 tristes
739 2655 220 39 nouvelles
988 2659 21 33 à
1027 2667 108 26 vous
1160 2654 254 50 apprendre.
1436 2652 122 40 Cette
1577 2657 135 35 année
1747 2652 68 51 j'ai
1851 2665 97 35 reçu
1969 2652 98 50 plus
2089 2652 52 38 de

212 2724 144 37 lettres
382 2723 51 38 de
449 2723 118 51 faire
581 2728 94 47 part
697 2722 51 38 de
769 2722 192 47 mariage
989 2733 83 37 que
1092 2720 51 38 de
1163 2728 147 30 morts.
1344 2719 222 39 Personne
1593 2720 138 48 parmi
1751 2731 91 26 mes
1858 2720 259 37 connaissan-

214 2803 67 24 ces
303 2789 106 38 n'est
442 2797 125 37 mort,
594 2793 21 33 à
638 2788 251 50 l'exception
909 2787 56 38 du
983 2787 123 37 vieux
1130 2793 136 31 comte
1294 2785 52 39 de
1377 2784 185 46 Sabran,
1598 2798 82 36 que
1705 2784 181 50 j'aimais
1917 2783 224 51 beaucoup

214 2863 40 30 et
275 2855 102 38 dont
393 2855 37 49 je
451 2867 107 26 vous
581 2855 38 37 ai
651 2861 179 31 souvent
848 2852 119 50 parlé
990 2851 28 38 il
1038 2866 27 35 y
1086 2865 20 24 a
1131 2864 83 25 une
1232 2851 193 38 huitaine
1444 2850 217 38 d'années.
1679 2850 31 38 Il
1732 2852 174 37 écrivait
1927 2850 51 38 de
2009 2849 134 39 belles

214 2919 151 46 fables,
391 2932 54 26 ou
467 2920 137 49 plutôt
630 2920 59 37 les
711 2919 240 49 composait
974 2917 52 38 de
1047 2917 221 46 mémoire,
1296 2930 70 25 car
1387 2916 27 38 il
1437 2916 217 39 n'écrivait
1677 2917 91 39 rien
1793 2929 55 27 ou
1868 2915 84 39 fort
1981 2928 82 37 peu
2091 2915 52 38 de

217 2986 141 37 chose.

261 3114 44 42 (1)
324 3114 191 31 Alexandre
530 3119 112 25 comte
660 3110 204 39 Walewski,
887 3110 52 31 fils
958 3111 41 31 de
1020 3110 182 39 Napoléon
1225 3110 11 30 lerI
1239 3114 27 15 er
1298 3116 31 24 et
1350 3109 41 31 de
1412 3112 31 29 la
1465 3117 170 24 comtesse
1656 3108 212 32 Walewska.
1895 3108 24 29 Il
1944 3116 201 31 commença

217 3172 36 23 sa
269 3162 147 32 carrière
428 3172 42 21 en
491 3162 131 30 France
642 3169 134 23 comme
794 3157 188 42 publiciste
1002 3165 32 24 et
1056 3165 123 24 auteur
1197 3157 231 40 dramatique,
1449 3157 85 32 mais
1554 3167 41 21 en
1619 3157 87 40 1840
1726 3156 22 30 il
1768 3162 97 24 entra
1882 3155 85 31 dans
1985 3157 31 29 la
2032 3154 95 40 diplo-

219 3211 58 33 tie,
297 3217 32 24 et
345 3220 41 21 en
412 3209 84 42 1855
518 3208 118 31 devint
652 3208 157 31 ministre
831 3207 59 30 des
921 3206 135 32 affaires
1077 3207 211 39 étrangères.
1319 3205 49 31 En
1392 3205 85 31 1860
1509 3205 22 31 il
1550 3204 50 32 fut
1623 3203 157 32 ministre
1809 3202 112 32 d'Etat
1943 3211 7 31 ;
1973 3205 78 37 plus
2070 3202 76 32 tard

219 3258 176 40 président
414 3257 44 31 du
482 3256 109 39 Corps
613 3255 188 42 législatif;
822 3255 22 29 il
866 3254 108 41 garda
993 3260 87 24 cette
1101 3252 153 40 position
1274 3253 159 40 jusqu'en
1454 3253 100 40 1867.

263 3307 45 38 (2)
327 3305 142 39 Joseph,
491 3304 120 40 prince
625 3302 251 35 Poniatowski,
894 3301 52 32 fils
962 3302 44 29 du
1025 3301 177 31 Trésorier
1217 3301 41 30 de
1273 3300 198 38 Lithuanie,
1487 3301 61 40 qui
1564 3300 82 32 était
1665 3303 31 27 le
1709 3308 109 22 neveu
1835 3298 44 31 du
1900 3298 52 31 roi
1975 3297 171 32 Stanislas

219 3356 169 39 Auguste,
414 3354 42 30 né
475 3362 40 21 en
538 3352 107 31 Italie.
677 3351 24 31 Il
724 3351 48 31 fut
795 3349 246 33 ambassadeur
1060 3349 44 30 du
1133 3348 201 41 grand-duc
1364 3349 42 30 de
1425 3350 156 30 Toscane
1602 3350 18 29 à
1641 3350 33 29 la
1701 3357 85 21 cour
1808 3347 41 29 de
1870 3347 143 31 France.
2041 3346 23 30 Il
2084 3349 47 29 s'a-

221 3403 115 31 donna
357 3411 41 21 en
417 3400 112 43 grand
551 3406 154 25 amateur
725 3401 64 29 àla
811 3399 161 38 musique
986 3404 32 24 et
1040 3396 120 32 écrivit
1181 3399 49 28 les
1261 3397 122 38 opéras
1407 3397 156 31 suivants
1586 3406 6 21 :
1616 3396 174 30 Giovanni
1816 3396 42 29 da
1879 3395 165 37 Procida,
2068 3395 77 30 Don

221 3450 191 37 Desideiio,
445 3450 76 39 Ruy
539 3448 93 38 Blas,
655 3446 178 42 Bonifacio
839 3470 7 14 ,
870 3445 86 32 ainsi
981 3455 68 31 que
1070 3446 182 38 beaucoup
1271 3444 162 32 d'autres.
