2255 3779
174 243 21 34 8

772 256 238 28 SOUVENIRS
1044 251 168 33 INÉDITS
1245 260 53 24 DE
1330 259 159 25 CHOPIN

1350 398 109 37 Paris,
1484 400 29 30 le
1540 409 37 19 10
1602 399 198 40 septembre
1830 402 83 38 1832

388 449 103 40 MON
528 465 96 24 BIEN
659 465 127 31 CHER,

227 553 342 39 Pardonne-moi
588 567 152 25 encore
762 568 82 25 une
861 554 80 39 fois
964 556 33 37 si
1017 556 36 49 je
1076 568 50 25 ne
1150 555 136 38 t'écris
1305 568 77 37 pas
1406 567 81 26 une
1505 554 158 48 longue
1686 554 134 37 lettre.
1837 552 117 39 C'est
1975 561 100 42 peut-

174 623 87 34 être
279 619 154 51 pécher
450 620 108 37 dans
580 619 172 51 l'espoir
781 621 108 38 delà
920 621 301 46 miséricorde;
1249 623 108 38 mais
1386 634 44 27 ce
1453 621 106 38 n'est
1576 633 77 39 pas
1675 619 319 52 d'aujourd'hui
2020 632 81 38 que

174 699 109 25 nous
306 699 108 25 nous
434 699 298 37 comprenons,
757 689 41 35 ni
821 687 149 38 d'hier,
995 687 175 38 n'est-ce
1186 692 107 45 pas?

227 750 166 40 Encore
411 764 82 27 une
508 750 96 46 fois,
620 754 222 37 aime-moi
860 765 165 27 comme
1047 753 37 49 je
1105 752 155 39 t'aime.

958 1046 266 44 LETTRE
1264 1046 42 42 II

406 1179 36 38 A
475 1177 229 50 Monsieur,
729 1175 212 40 Monsieur
951 1175 153 53 Joseph
1136 1173 290 47 Iedrzeïewicz,
1452 1176 21 34 à
1505 1172 208 49 Varsovie,

1222 1260 59 21 rue
1307 1249 150 36 Podwal,
1480 1253 40 25 n°
1546 1247 72 42 526

422 1339 70 28 Par
520 1338 155 31 Dreslau.

555 1391 230 40 (Estampilles
809 1402 5 19 :
840 1404 14 15 «
874 1391 43 30 V.
942 1401 5 19 :
967 1390 167 31 Carlsbad
1157 1400 13 19 »
1195 1397 30 24 et
1250 1402 13 15 «
1284 1388 251 40 Michalowice,
1560 1388 79 43 23.8
1658 1389 34 39 *)

873 1486 127 39 [Lettre
1022 1486 43 29 du
1089 1487 80 39 père
1188 1486 41 31 de
1254 1485 152 40 Chopin]

1377 1603 179 37 Carlsbad,
1583 1606 30 27 le
1640 1603 37 30 16
1701 1608 79 27 août
1801 1603 131 43 [1835].

390 1680 148 39 CHERS
572 1694 203 32 ENFANTS,

229 1767 135 53 Après
383 1769 97 39 bien
504 1770 73 38 des
600 1768 184 52 fatigues
805 1783 108 28 nous
932 1771 112 40 voilà
1066 1768 113 43 enfin
1202 1771 160 40 arrivés
1381 1771 332 41 heureusement
1732 1773 67 45 ici,
1825 1780 38 31 et
1886 1771 38 39 le
1943 1771 156 40 hasard

780 3153 189 33 MÉDAILLON
993 3167 40 19 DE
1057 3166 134 27 CHOPIN,
1221 3156 58 32 fait
1304 3169 62 28 par
1392 3160 107 38 Bovy.

175 3319 19 24 a
216 3305 128 38 voulu
367 3305 126 50 qu'en
518 3313 238 32 traversant
779 3306 35 39 la
838 3306 98 39 ville
953 3306 91 39 hier
1064 3320 110 37 pour
1197 3322 107 25 nous
1331 3311 150 39 rendre
1505 3315 20 35 à
1551 3313 184 49 quelque
1759 3313 205 51 auberge,
1988 3329 109 27 nous

175 3383 133 38 ayons
342 3383 153 38 aperçu
520 3383 82 26 une
614 3379 166 30 voiture
799 3375 118 46 prête
940 3376 19 35 à
981 3374 147 49 partir.
1155 3371 152 42 C'était
1326 3376 103 37 celle
1444 3376 52 38 de
1511 3375 59 41 M.
1590 3376 238 41 Danielski.
1848 3378 122 41 Nous
1993 3394 110 27 nous

175 3450 186 25 sommes
385 3441 159 34 arrêtés
564 3446 39 29 et
624 3450 109 27 nous
756 3451 133 26 avons
912 3440 306 52 sur-le-champ
1238 3446 136 36 arrêté
1393 3442 37 38 le
1449 3447 139 35 même
1611 3444 232 48 logement,
1881 3455 39 30 et
1953 3447 54 38 ils
2030 3459 73 29 ont
