2255 3779
758 275 240 25 SOUVENIRS
1034 266 169 34 INÉDITS
1237 274 53 25 DE
1324 272 157 27 CHOPIN

151 275 44 35 32

145 371 106 31 cette
267 364 135 38 lettre.
424 363 118 39 Dans
559 377 57 26 un
635 364 125 47 mois,
787 362 143 51 quand
961 362 36 50 je
1018 362 109 38 serai
1154 365 20 34 à
1198 360 139 46 Paris,
1359 360 37 51 je
1435 372 108 26 vous
1569 372 53 25 en
1656 358 149 38 écrirai
1829 357 257 46 davantage.

145 431 66 39 En
235 431 235 45 attendant,
489 431 37 51 je
548 432 89 38 suis
656 430 188 39 heureux
861 442 126 38 parce
1001 442 81 38 que
1101 430 37 50 je
1156 430 93 37 vais
1268 428 184 51 pouvoir
1467 425 142 52 parler
1625 438 57 25 un
1699 436 83 37 peu
1796 423 52 37 de
1863 435 110 25 vous
1991 433 102 26 avec

145 495 183 41 Nowak.
350 495 258 39 Embrassez
634 495 123 39 Titus
799 497 33 37 si
850 509 109 26 vous
981 496 38 38 le
1039 508 147 38 voyez,
1215 503 38 31 et
1278 502 119 31 votre
1416 492 204 40 locataire
1649 488 198 46 Charles,
1870 489 110 36 ainsi
2011 499 83 37 que

146 576 101 25 mon
266 560 148 51 filleul,
432 562 142 50 quand
592 562 28 38 il
638 562 236 38 reviendra.
896 560 45 40 Si
964 561 166 39 l'année
1150 561 233 51 prochaine
1406 560 38 38 le
1460 562 181 44 congrès
1665 569 20 24 a
1709 555 85 38 lieu
1822 558 21 33 à
1874 553 221 38 Bruxelles

147 627 88 51 (car
257 628 99 39 c'est
379 632 21 34 à
423 628 223 38 Bruxelles
668 628 131 51 qu'on
821 643 21 24 a
873 626 81 41 fixé
985 628 60 39 les
1077 632 176 35 séances
1284 640 110 38 pour
1418 626 167 38 l'année
1616 618 268 55 prochaine),
1917 619 8 50 j
1946 624 149 46 espère

146 695 39 39 le
202 696 108 46 voir,
331 694 195 40 d'autant
547 695 98 51 plus
665 709 82 37 que
770 696 37 38 le
830 695 169 39 chemin
1018 695 52 38 de
1089 694 63 39 fer
1173 702 62 31 est
1257 694 153 49 depuis
1432 691 248 47 longtemps
1705 687 194 38 terminé.
1920 684 150 40 Parlez-

148 763 87 38 moi
258 762 116 38 aussi
397 760 74 40 des
491 761 163 53 Joseph
673 770 39 31 et
733 762 52 38 de
807 770 139 31 toutes
967 774 89 26 mes
1079 760 166 40 bonnes
1267 758 349 40 connaissances.

200 828 48 54 Je
269 840 109 28 vous
405 827 222 41 embrasse
659 834 84 34 très
778 830 283 38 sincèrement
1093 835 38 31 et
1167 827 37 50 je
1239 825 121 39 baise
1391 823 61 39 les
1478 820 126 52 pieds
1635 827 39 31 et
1702 818 61 39 les
1785 818 141 38 mains
1947 816 52 40 de
2027 830 68 25 ma

148 897 131 49 petite
301 909 194 25 maman.

200 1011 54 39 P.
279 1012 46 40 S.
349 1012 113 54 —Je
482 1021 182 41 regrette
686 1012 51 40 de
759 1012 154 40 laisser
930 1019 90 31 tant
1036 1010 52 38 de
1107 1010 151 51 papier
1279 1007 129 39 blanc
1427 1007 74 50 qui
1523 1019 52 25 ne
1596 1018 110 26 vous
1728 1004 91 39 dira
1842 1005 90 37 rien
1951 1017 9 33 ;
1986 1003 110 38 mais

150 1079 34 37 si
201 1079 38 49 je
260 1079 198 39 n'envoie
492 1092 76 38 pas
600 1087 106 31 cette
733 1080 121 38 lettre
874 1083 21 33 à
918 1078 39 38 la
986 1078 114 44 hâte,
1126 1076 81 51 j'en
1240 1074 315 39 commencerai
1581 1072 173 39 demain
1779 1084 85 26 une
1898 1069 199 40 nouvelle

151 1158 81 37 que
255 1146 152 49 jamais
429 1146 36 50 je
485 1158 52 26 ne
557 1146 260 38 terminerai.
841 1144 49 52 Je
911 1142 207 52 l'expédie
1137 1146 21 33 à
1181 1140 45 39 M
1233 1139 36 26 IIe
1291 1140 52 38 de
1363 1139 219 49 Rozières,
1614 1139 73 49 qui
1709 1137 183 50 glissera
1915 1136 180 47 dedans,

151 1224 166 25 comme
351 1215 21 34 à
410 1210 261 50 l'ordinaire,
704 1225 54 25 un
789 1210 120 39 billet
949 1222 110 39 pour
1081 1207 176 40 Louise.
1294 1205 48 54 Je
1375 1219 108 26 vous
1513 1203 222 41 embrasse
1773 1212 96 31 tous
1904 1203 51 39 de
2003 1210 94 31 tout

151 1290 102 25 mon
279 1290 131 25 cœur.

937 1562 270 43 LETTRE
1248 1561 66 43 IX

198 1687 228 32 Commencée
441 1689 31 30 la
498 1686 161 33 Semaine
680 1686 111 32 sainte
816 1693 31 24 et
868 1685 167 32 terminée
1056 1687 31 28 le
1111 1695 38 31 19
1173 1683 83 32 avril
1277 1682 118 42 [1847,
1416 1681 112 42 Paris]
1552 1681 58 42 (1).

371 1791 97 39 MES
502 1805 138 25 CHERS
673 1795 268 40 BIEN-AIMÉS,

211 1890 46 41 Si
280 1905 56 26 on
358 1904 52 25 ne
433 1891 160 50 répond
616 1903 78 38 pas
715 1890 367 39 immédiatement
1100 1893 20 35 à
1141 1903 83 26 une
1244 1889 135 49 lettre,
1403 1902 55 26 on
1480 1903 52 25 ne
1555 1898 101 42 peut
1677 1889 98 51 plus
1798 1889 61 51 s'y
1875 1898 168 38 mettre,
2062 1896 40 32 et

156 1958 38 38 la
215 1959 263 47 conscience,
501 1971 53 25 au
571 1957 84 39 lieu
679 1957 50 38 de
747 1969 108 27 vous
875 1958 146 37 attirer
1041 1969 96 26 vers
1160 1956 37 39 le
1216 1957 164 49 papier,
1397 1969 110 26 vous
1523 1969 52 26 en
1599 1969 221 37 repousse.

209 2022 162 52 Depuis
390 2023 109 39 deux
531 2025 109 37 mois
658 2021 46 40 M
711 2032 41 16 ME
773 2021 28 41 S
811 2021 113 52 [and]
948 2030 63 32 est
1032 2023 67 46 ici,
1128 2023 109 37 mais
1255 2023 183 38 aussitôt
1461 2027 124 45 après
1617 2021 61 40 les
1700 2021 106 40 fêtes
1829 2022 81 39 elle
1934 2030 144 32 retour-

157 2103 99 25 nera
282 2094 21 34 à
332 2088 189 41 Nohant.
555 2088 75 40 Sol
659 2102 53 26 ne
740 2102 45 26 se
811 2090 136 38 marie
977 2102 77 38 pas
1093 2102 168 31 encore,
1286 2096 39 31 et
1360 2089 145 50 quand
1540 2088 53 39 ils
1622 2097 98 31 sont
1755 2098 96 31 tous
1886 2091 164 38 arrivés
2080 2093 21 35 à

155 2154 124 40 Paris
304 2168 111 38 pour
435 2154 105 40 faire
562 2155 37 39 le
621 2163 179 41 contrat,
835 2155 80 39 elle
934 2154 97 40 n'en
1054 2169 21 24 a
1108 2154 98 51 plus
1224 2154 147 39 voulu.
1396 2154 48 52 Je
1467 2154 38 38 le
1527 2163 199 40 regrette,
1761 2164 40 30 et
1833 2157 37 50 je
1902 2156 142 51 plains
2067 2157 38 38 le

157 2223 123 49 jeune
298 2222 175 39 homme
502 2223 72 49 qui
606 2229 63 31 est
692 2227 82 33 très
794 2221 187 39 honnête
1003 2229 39 31 et
1065 2226 83 34 très
1168 2222 135 49 épris;
1328 2222 111 36 mais
1463 2220 28 38 il
1510 2229 103 31 vaut
1635 2222 142 38 mieux
1804 2235 84 37 que
1911 2223 87 39 cela
2023 2224 82 38 soit

157 2289 139 37 arrivé
329 2296 127 30 avant
494 2288 37 38 le
565 2289 194 47 mariage
797 2287 200 51 qu'après
1051 2285 245 41 Soi-disant
1319 2286 99 40 c'est
1450 2288 129 38 remis
1604 2291 20 34 à
1660 2288 97 50 plus
1793 2289 109 45 tard,
1927 2291 110 37 mais
2069 2290 36 50 je

157 2356 85 36 sais
274 2367 45 25 ce
345 2355 71 49 qui
451 2367 52 25 en
534 2361 77 31 est.
651 2352 120 41 Vous
800 2366 69 26 me
890 2353 236 39 demandez
1155 2366 44 25 ce
1232 2366 83 37 que
1343 2354 37 49 je
1414 2366 133 37 pense
1576 2351 107 40 faire
1714 2366 111 37 pour
1852 2354 97 38 l'été
1974 2364 6 24 :
2014 2356 90 37 rien

157 2420 164 39 d'autre
350 2432 82 38 que
463 2420 209 50 toujours.
705 2418 116 53 J'irai
852 2423 21 33 à
903 2418 177 40 Nohant
1107 2418 74 39 dès
1211 2418 103 51 qu'il
1339 2431 296 26 commencera
1657 2423 21 34 à
1719 2418 107 40 faire
1862 2420 140 39 chaud
2022 2431 8 36 ;
2052 2434 53 25 en

154 2486 238 47 attendant,
418 2487 38 49 je
479 2494 109 31 reste
609 2487 52 37 ici
685 2499 110 37 pour
816 2486 181 45 donner,
1029 2486 99 38 chez
1168 2486 87 38 moi
1284 2498 167 26 comme
1480 2486 210 49 toujours,
1717 2498 85 26 une
1837 2488 197 48 quantité
2055 2487 52 38 de

157 2552 145 49 leçons
321 2565 82 38 peu
425 2551 247 50 fatigantes.
698 2550 47 41 Si
779 2551 123 39 Titus
926 2565 43 25 se
1001 2559 86 31 met
1121 2564 52 26 en
1196 2560 136 38 route,
1369 2564 166 26 comme
1565 2551 29 39 il
1616 2564 53 26 en
1701 2554 103 37 était
1827 2554 218 49 question,
2070 2554 38 50 je

158 2619 110 37 serai
301 2617 100 40 bien
435 2618 189 40 heureux
656 2618 52 39 de
741 2631 151 38 passer
913 2620 51 36 ici
995 2618 186 51 quelque
1210 2626 138 41 temps
1382 2630 100 26 avec
1515 2618 75 38 lui.
1629 2616 147 51 Quant
1812 2622 21 35 à
1865 2632 125 36 vous,
2016 2632 91 26 mes

158 2684 122 39 chers
301 2684 242 49 Barcinski,
563 2684 28 39 il
613 2697 67 26 me
701 2683 163 40 semble
882 2697 82 38 que
985 2697 108 26 vous
1115 2697 53 26 ne
1188 2697 108 26 vous
1316 2683 217 39 déciderez
1550 2697 77 37 pas
1646 2695 9 38 ;
1679 2686 110 37 mais
1813 2686 34 38 si
1869 2698 109 27 vous
1999 2699 110 26 vous

158 2750 202 50 décidiez,
379 2752 37 51 je
437 2752 199 50 pourrais
657 2764 108 26 vous
785 2758 247 31 rencontrer
1051 2750 186 51 quelque
1258 2758 108 43 part,
1388 2763 126 38 parce
1536 2764 101 37 que,
1661 2764 52 26 en
1733 2756 80 44 été,
1837 2752 38 38 le
1898 2760 138 43 temps
2057 2766 52 24 ne

162 2829 69 26 me
252 2830 190 38 manque
463 2830 77 38 pas
560 2825 39 32 et
621 2817 37 51 je
680 2830 109 38 peux
820 2817 210 50 dépenser
1053 2820 21 35 à
1098 2830 68 25 ma
1184 2817 125 48 guise
1331 2817 38 39 le
1396 2829 83 38 peu
1501 2817 198 49 d'argent
1720 2822 146 45 gagné
1884 2832 54 27 en
1970 2819 136 46 hiver,

160 2884 34 37 si
218 2897 67 25 ma
310 2887 122 36 santé
455 2884 37 39 le
514 2891 179 43 permet.

203 3032 28 40 (1
241 3032 8 39 )
292 3032 97 32 Cette
420 3035 98 29 lettre
548 3042 41 22 ne
616 3040 100 33 porte
740 3044 61 29 pas
833 3034 40 31 de
900 3034 193 32 millésime.
1118 3033 24 32 Il
1166 3046 52 21 me
1242 3037 132 32 semble
1397 3039 196 39 cependant
1615 3042 106 38 qu'on
1746 3047 83 33 peut
1854 3039 151 34 affirmer
2029 3050 82 24 avec

160 3080 171 32 certitude
349 3083 127 38 quelle
493 3080 49 32 fut
561 3080 105 34 écrite
686 3091 42 22 en
755 3082 100 41 1847,
873 3090 31 24 et
922 3086 73 28 cela
1016 3094 90 28 pour
1127 3086 47 28 les
1200 3084 134 32 raisons
1356 3086 178 33 suivantes
1560 3098 6 20 :
1589 3087 153 41 Chopin,
1768 3089 145 32 dans-sa
1936 3092 102 30 lettre
2064 3091 44 30 du

166 3138 33 21 11
227 3129 143 31 octobre
400 3129 99 41 1846,
521 3129 85 31 écrit
627 3139 69 30 que
734 3129 146 40 bientôt,
915 3131 279 39 probablement,
1231 3132 23 30 il
1288 3143 198 23 annoncera
1527 3138 31 29 le
1595 3136 156 42 mariage
1786 3138 42 31 de
1864 3137 183 43 Solange;
2084 3136 23 33 il

161 3177 157 39 rappelle
343 3176 93 33 aussi
461 3187 69 31 que
546 3177 248 32 Nowakowski
817 3189 17 21 a
857 3179 129 39 déposé
1007 3190 36 21 sa
1067 3187 94 24 carte
1184 3180 42 31 de
1244 3181 102 32 visite
1368 3182 86 32 dans
1469 3194 63 20 son
1552 3192 243 33 appartement
1814 3188 17 30 à
1852 3186 112 37 Paris,
1988 3197 38 21 ce
2047 3187 62 41 qui

161 3225 49 31 lui
231 3232 50 24 est
299 3227 158 30 annoncé
479 3235 63 30 par
575 3226 33 30 M
612 3226 31 18 Ue
665 3226 41 32 de
730 3226 174 32 Rozières.
926 3228 94 30 Dans
1050 3230 31 30 la
1111 3227 101 33 lettre
1245 3228 160 34 suivante
1439 3231 22 31 il
1485 3232 108 32 décrit
1616 3235 229 40 longuement
1880 3237 31 28 le
1931 3235 117 41 séjour
2070 3235 41 32 de

161 3271 245 34 Nowakowski
431 3275 17 30 à
470 3274 98 31 Paris
589 3282 7 28 ;
619 3274 22 30 il
664 3277 158 37 rappelle
845 3277 197 39 également
1060 3287 41 21 au
1125 3286 298 25 commencement
1443 3280 42 32 de
1503 3288 90 24 cette
1609 3283 100 31 lettre
1732 3292 69 31 que
1832 3285 30 29 le
1891 3283 156 41 mariage
2069 3284 42 31 de

163 3321 155 41 Solange
342 3328 50 25 est
413 3332 137 30 rompu.
573 3322 249 32 Nowakowski
853 3334 18 21 a
893 3324 53 31 été
964 3326 16 29 à
1013 3324 99 31 Paris
1132 3334 41 21 en
1201 3325 99 41 1841,
1319 3333 32 24 et
1373 3328 155 38 pendant
1548 3329 123 32 l'hiver
1696 3331 201 41 1846-1847
1942 3331 49 31 En
2020 3332 85 41 1841

163 3368 167 43 Solange,
356 3371 62 30 née
439 3380 42 21 en
507 3369 99 41 1828,
631 3370 90 32 avait
749 3381 37 33 13
810 3381 75 30 ans,
906 3381 40 21 en
970 3372 85 41 1846
1073 3375 64 29 elle
1156 3383 40 21 en
1214 3374 90 32 avait
1327 3374 50 32 18.
1403 3376 55 31 On
1481 3384 49 24 est
1548 3376 90 33 donc
1657 3388 42 21 en
1723 3379 91 32 droit
1835 3378 188 33 d'affirmer
2040 3389 70 32 que

163 3426 89 24 cette
274 3421 99 29 lettre
397 3418 49 31 fut
469 3418 105 32 écrite
595 3418 154 40 pendant
772 3422 30 29 le
835 3420 128 31 second
987 3421 116 40 séjour
1121 3421 42 32 de
1184 3421 248 34 Nowakowski
1454 3427 17 29 à
1499 3425 113 40 Paris,
1634 3426 122 32 c'est~à
1775 3427 74 31 dire
1870 3437 41 21 en
1949 3429 100 40 1847,
2072 3439 38 21 ce

163 3477 68 30 que
256 3470 30 29 le
302 3474 150 24 contenu
471 3467 41 31 de
534 3469 30 29 la
591 3469 99 30 lettre
715 3467 166 32 confirme
904 3468 239 33 entièrement.
