2255 3779
180 285 45 43 36

658 295 73 25 LES
765 295 187 26 CHOEURS
985 296 26 24 D
1018 282 7 12 ?
1057 294 18 26 ((
1110 295 165 25 ESTHER
1310 293 18 25 ))
1361 296 53 23 DE
1445 295 171 24 MOREAU

177 381 155 37 tations
353 381 25 38 d
558 386 19 33 à
603 381 247 50 Saint-Cyr,
890 396 69 23 car
979 383 174 38 l'œuvre
1188 381 207 49 intégrale
1416 379 41 52 (à
1481 381 205 50 quelques
1705 393 208 37 coupures
1932 379 112 52 près)
2063 394 21 24 a

176 449 63 34 été
256 446 166 38 donnée
438 450 21 33 à
477 445 194 49 l'Odéon,
684 459 107 37 pour
804 447 317 39 l'anniversaire
1132 449 52 37 de
1198 447 173 49 Racine,
1391 459 100 26 avec
1503 447 36 38 le
1553 459 206 26 concours
1774 446 51 38 de
1840 446 246 39 l'orchestre

175 520 39 28 et
231 512 252 38 deschœurs
502 513 50 37 de
569 513 37 37 la
626 512 152 38 Schola
798 511 223 41 Cantorum
1032 527 100 26 sous
1154 515 38 37 la
1206 515 205 37 direction
1429 512 51 38 de
1494 511 60 38 M.
1579 511 81 38 Ch.
1684 510 178 39 Bordes.
1887 510 171 39 Chrono-

175 576 308 48 logiquement,
507 590 82 24 une
612 577 94 38 telle
741 580 279 37 résurrection
1040 588 61 30 est
1131 593 109 36 pour
1260 592 108 26 nous
1390 590 83 26 une
1494 576 184 39 aubaine
1709 584 90 30 tout
1823 579 20 34 à
1873 574 74 40 fait
1976 589 106 25 rare.

174 640 47 51 Je
242 642 109 36 crois
370 640 97 39 bien
489 654 52 25 en
563 641 96 39 effet
681 644 101 48 qu'il
816 657 52 25 ne
889 657 109 25 nous
1021 659 21 23 a
1062 645 152 49 jamais
1235 649 64 34 été
1320 645 143 37 donné
1480 643 51 37 de
1548 643 94 37 voir
1663 656 53 24 au
1739 642 162 38 théâtre
1922 654 164 25 aucune

176 718 144 25 œuvre
335 707 202 38 musicale
551 716 240 30 remontant
804 712 20 34 à
842 722 83 25 une
943 710 95 38 date
1052 711 33 36 si
1103 710 177 38 reculée.
1298 707 158 53 Orphée
1470 708 52 37 de
1538 705 137 41 Gluck
1692 715 61 30 est
1773 706 36 39 le
1822 706 96 50 plus
1937 708 149 36 ancien

176 773 126 45 opéra
327 771 71 48 qui
421 772 80 37 soit
524 785 52 24 au
596 773 242 48 répertoire,
860 781 53 38 et,
938 787 76 36 par
1035 788 57 24 un
1114 774 109 49 juste
1239 782 142 31 retour
1402 775 73 38 des
1498 774 148 39 choses
1668 771 209 46 d'ici-bas,
1901 770 114 40 Lulli
2034 785 52 25 en

176 842 61 30 est
251 835 137 38 réduit
410 839 21 34 à
451 834 130 40 n'être
598 837 96 49 plus
717 850 139 26 connu
878 852 81 36 que
980 853 78 35 par
1078 839 38 38 la
1140 840 155 38 lecture
1315 853 54 26 ou
1386 854 77 35 par
1484 840 207 49 quelques
1706 839 244 37 exécutions
1967 836 96 49 frag-

175 901 241 48 mentaires,
442 901 112 39 alors
579 914 82 36 que
684 901 174 39 l'œuvre
876 904 161 38 d'unde
1059 917 66 25 ses
1146 905 146 48 jeunes
1316 904 225 48 confrères,
1568 905 101 50 qu'il
1691 904 141 37 devait
1852 902 234 48 dédaigner

174 963 97 46 fort,
290 966 129 45 vient,
442 978 97 26 sous
562 966 36 38 le
621 975 169 30 couvert
811 967 100 39 d'un
944 969 163 38 illustre
1129 969 327 47 collaborateur,
1493 969 226 50 reprendre
1736 969 119 49 place
1876 968 155 38 devant
2048 967 38 37 le

172 1028 144 49 public
337 1030 54 38 du
414 1045 48 23 xx
467 1037 13 18 e
508 1030 137 49 siècle,
667 1039 39 30 et
728 1033 186 37 recevoir
934 1033 51 38 de
1007 1034 58 38 lui
1084 1048 57 24 un
1164 1040 81 32 très
1267 1033 220 40 favorable
1509 1035 175 38 accueil.

226 1093 108 40 L'on
356 1096 80 37 sait
467 1096 151 47 l'éloge
650 1109 81 37 que
750 1096 160 39 Racine
932 1112 21 24 a
990 1098 75 39 fait
1085 1100 51 37 de
1158 1112 77 26 son
1264 1100 336 39 collaborateur:
1618 1112 19 25 «
1658 1100 48 51 je
1736 1112 52 25 ne
1818 1100 97 48 puis
1936 1110 68 26 me
2026 1101 40 35 ré-

172 1160 154 38 soudre
358 1164 20 33 à
401 1159 96 40 finir
516 1163 104 36 cette
659 1160 164 50 préface
857 1176 99 24 sans
990 1164 149 38 rendre
1162 1169 20 33 à
1208 1164 105 38 celui
1336 1166 72 47 qui
1437 1178 21 24 a
1483 1164 76 39 fait
1590 1165 37 37 la
1653 1166 198 47 musique
1873 1164 37 37 la
1935 1164 147 49 justice

172 1224 58 38 lui
252 1232 61 30 est
332 1225 95 45 due,
463 1233 40 30 et
539 1237 99 25 sans
660 1225 215 38 confesser
903 1226 294 39 franchement
1234 1240 81 36 que
1338 1240 66 25 ses
1420 1229 149 38 chants
1592 1237 72 30 ont
1686 1228 75 38 fait
1802 1242 57 24 un
1892 1228 74 37 des
1987 1228 97 49 plus

170 1289 160 47 grands
350 1294 243 43 agréments
614 1290 51 37 de
701 1290 37 37 la
767 1293 129 47 pièce.
923 1291 116 38 Tous
1055 1292 60 37 les
1149 1294 300 37 connaisseurs
1481 1294 248 37 demeurent
1777 1293 192 37 d'accord
2003 1305 82 36 que

170 1354 150 49 depuis
341 1355 243 48 longtemps
601 1367 54 25 on
673 1354 65 38 n'a
753 1357 118 47 point
889 1357 186 37 entendu
1098 1356 127 38 d'airs
1246 1357 96 48 plus
1364 1358 226 37 touchants
1618 1358 42 36 ni
1679 1357 95 48 plus
1800 1355 285 39 convenables

170 1432 80 24 aux
271 1418 181 49 paroles.
480 1434 18 19 »
518 1418 53 38 Et
591 1418 193 49 Moreau,
806 1420 52 36 de
879 1432 78 26 son
979 1423 105 45 côté,
1108 1422 172 36 écrivait
1301 1421 106 39 dans
1427 1435 78 25 son
1528 1425 132 47 épître
1681 1421 257 38 dédicatoire
1962 1431 7 27 :
1997 1432 21 26 ((
2037 1421 49 51 Je

170 1488 84 36 sais
276 1486 113 48 bien,
416 1485 107 49 Sire,
546 1500 82 36 que
642 1488 119 37 selon
781 1494 137 32 toutes
934 1489 59 37 les
1031 1501 260 37 apparences
1312 1491 37 48 je
1372 1489 93 37 dois
1486 1501 57 24 un
1569 1488 33 36 si
1625 1486 188 39 heureux
1836 1491 144 33 succès
2001 1489 20 34 à
2044 1486 38 38 la

169 1550 152 39 beauté
332 1552 56 37 du
408 1552 107 49 sujet
536 1559 39 30 et
597 1555 20 34 à
639 1552 37 37 la
699 1551 308 50 magnificence
1019 1554 73 38 des
1112 1554 168 50 paroles
1292 1554 129 50 qu'on
1442 1552 82 38 m'a
1540 1550 205 47 fournies,
1769 1552 138 49 plutôt
1926 1550 95 50 qu'à
2044 1550 37 38 la

168 1617 247 38 délicatesse
453 1617 51 38 de
541 1629 89 26 mes
669 1617 162 39 chants.
854 1628 19 27 ))
897 1617 77 39 Cet
1011 1620 190 47 échange
1233 1620 52 37 de
1319 1617 367 50 congratulations
1726 1621 123 45 après
1865 1616 38 38 le
1940 1620 144 34 succès

169 1683 216 46 témoigne
400 1681 50 38 de
469 1681 37 38 la
527 1682 203 37 mutuelle
746 1682 265 40 satisfaction
1036 1684 73 38 des
1129 1684 352 39 collaborateurs.
1505 1682 112 39 Mais
1637 1682 28 38 il
1685 1690 62 31 est
1769 1681 99 39 bien
1887 1682 93 37 vrai
2002 1694 82 37 que

168 1745 178 40 Moreau
372 1747 112 37 avait
521 1748 143 37 raison
685 1747 52 38 de
777 1760 44 25 se
840 1748 171 49 réjouir,
1040 1762 83 33 car,
1148 1762 100 26 sans
1273 1748 176 48 Racine,
1478 1748 28 38 il
1536 1747 63 39 fût
1635 1748 202 38 demeuré
1877 1751 21 34 à
1931 1748 151 48 jamais

170 1811 155 38 obscur
343 1826 7 23 :
374 1810 97 39 sauf
489 1825 77 35 par
584 1811 206 51 quelques
812 1815 221 48 cantiques
1048 1826 109 37 pour
1172 1815 60 38 les
1253 1814 271 39 demoiselles
1543 1814 51 37 de
1614 1811 249 51 Saint-Cyr,
1879 1811 201 51 lesquels,

170 1890 99 24 sans
290 1877 143 45 doute,
454 1877 238 38 n'auraient
717 1891 76 36 pas
824 1877 99 39 suffi
943 1883 21 33 à
988 1878 105 40 faire
1111 1893 148 37 passer
1280 1893 77 26 son
1376 1893 101 25 nom
1496 1882 21 34 à
1537 1879 37 38 la
1599 1879 215 49 postérité,
1835 1877 27 38 il
1901 1877 181 38 n'aurait

170 1946 148 34 trouvé
350 1955 162 25 aucune
538 1943 197 37 occasion
756 1943 51 37 de
829 1952 150 30 mettre
997 1957 52 26 en
1069 1945 149 39 valeur
1240 1957 65 26 ses
1321 1945 193 38 facultés.

224 2006 75 47 Or,
323 2007 27 37 il
374 2007 57 38 lui
452 2007 63 38 fut
535 2007 142 38 donné
696 2008 50 37 de
788 2022 197 36 prouver,
1009 2022 78 38 par
1124 2011 60 38 les
1207 2009 169 40 chœurs
1389 2008 204 49 d'Esther,
1616 2021 82 37 que
1717 2020 67 26 ces
1799 2006 177 40 facultés
1992 2008 67 37 n'é-

171 2074 130 36 taient
322 2072 235 38 nullement
572 2072 248 38 médiocres.
838 2072 62 40 La
918 2077 198 48 musique
1134 2076 51 38 de
1207 2084 61 30 cet
1285 2088 19 24 «
1323 2088 188 35 ouvrage
1538 2075 51 37 de
1609 2075 146 48 poésie
1777 2086 154 37 propre
1951 2077 21 33 à
1992 2077 87 34 être

172 2142 124 36 récité
325 2148 40 30 et
386 2144 21 34 à
421 2144 86 34 être
527 2140 151 38 chanté
699 2151 37 37 »,
758 2153 165 25 comme
944 2140 233 40 l'intitulait
1208 2141 37 38 le
1266 2140 206 50 privilège
1491 2140 73 38 des
1585 2139 157 37 Dames
1757 2138 52 38 de
1828 2136 251 51 Saint-Cyr,

172 2204 103 39 offre
293 2205 38 38 le
350 2206 273 47 témoignage
647 2205 51 37 de
731 2204 213 50 plusieurs
982 2218 113 25 rares
1126 2206 196 49 qualités,
1352 2206 104 37 dont
1477 2204 38 39 la
1553 2204 96 49 plus
1668 2204 217 49 précieuse
1912 2211 62 30 est
1998 2215 83 26 une

171 2270 284 39 assimilation
492 2269 178 50 parfaite
689 2283 99 25 avec
810 2270 37 38 la
871 2271 159 48 poésie.
1054 2269 60 40 La
1150 2272 199 49 musique
1372 2270 51 38 de
1445 2269 178 38 Moreau
1646 2277 62 30 est
1736 2269 244 37 racinienne
2002 2278 9 27 :
2046 2268 36 49 je

172 2348 51 25 ne
242 2348 129 36 pense
395 2348 76 35 pas
494 2348 81 37 que
597 2334 84 39 l'on
706 2347 51 25 en
784 2336 146 47 puisse
948 2334 104 39 faire
1076 2349 58 24 un
1154 2335 97 50 plus
1277 2335 68 38 bel
1367 2335 137 48 éloge.
1524 2333 93 39 Elle
1639 2342 62 30 est
1731 2333 102 38 d'un
1855 2335 227 36 sentiment

171 2402 152 37 délicat
344 2409 39 30 et
405 2401 233 38 charmant.
662 2400 93 39 Elle
777 2414 51 25 ne
849 2401 97 38 date
978 2413 90 37 pas.
1101 2399 111 40 Sans
1251 2401 128 38 doute
1418 2401 80 37 elle
1528 2408 62 30 est
1612 2401 126 36 écrite
1771 2399 108 38 dans
1907 2399 37 37 le
1975 2399 106 49 style

170 2467 51 37 de
247 2479 77 25 son
347 2474 135 41 temps
507 2479 9 32 ;
540 2467 108 37 mais
670 2479 54 25 on
744 2480 27 35 y
793 2474 147 30 trouve
960 2478 82 37 peu
1078 2465 52 39 de
1160 2479 66 25 ces
1256 2465 206 40 formules
1494 2464 391 40 conventionnelles
1908 2476 54 27 ou
1988 2476 71 26 sco-

172 2532 206 49 lastiques
396 2532 72 48 qui
489 2530 215 39 abondent
726 2531 98 38 chez
847 2531 73 37 des
936 2534 172 34 maîtres
1127 2531 95 49 plus
1242 2539 172 31 savants
1433 2533 228 47 peut-être,
1681 2533 21 34 à
1717 2542 268 26 commencer
2004 2542 79 36 par

169 2595 129 47 Lulli,
323 2604 39 30 et
384 2597 72 49 qui
478 2596 118 38 n'ont
614 2609 76 37 pas
708 2608 82 37 peu
812 2594 221 40 contribué
1055 2599 20 34 à
1100 2596 149 38 rendre
1268 2596 113 38 leurs
1411 2596 278 50 productions
1710 2594 244 39 démodées.

225 2661 76 39 S'il
322 2671 108 29 reste
449 2662 207 50 quelques
679 2670 134 30 traces
841 2662 51 38 de
913 2673 45 25 ce
983 2660 104 51 style
1110 2673 165 36 rococo,
1305 2674 55 26 on
1379 2674 53 25 ne
1451 2661 59 37 les
1533 2669 196 29 trouvera
1752 2665 132 43 guère
1906 2672 81 37 que
2009 2672 73 26 sur

171 2725 60 39 les
249 2729 207 48 premiers
477 2740 94 25 vers
590 2740 51 25 en
657 2728 198 49 musique
878 2726 51 38 de
944 2726 39 38 la
1004 2725 189 48 tragédie
1215 2740 6 24 :
1242 2726 59 38 les
1317 2727 146 50 jeunes
1483 2724 109 39 filles
1613 2725 52 38 de
1681 2726 37 37 la
1740 2727 109 37 suite
1865 2724 212 47 d'Esther,

172 2792 238 50 s'appelant
446 2793 183 38 derrière
654 2792 37 39 le
727 2793 176 47 théâtre,
935 2791 199 38 chantent
1155 2803 52 26 en
1228 2791 254 49 dialoguant
1504 2804 72 25 sur
1593 2805 58 24 un
1682 2791 166 50 rythme
1870 2791 146 50 rapide
2042 2799 40 30 et

172 2857 234 47 sautillant,
430 2870 183 37 presque
634 2871 83 24 une
734 2857 184 40 formule
939 2857 106 37 d'air
1066 2856 51 38 de
1134 2856 133 39 danse
1285 2872 7 32 ;
1331 2858 54 48 là,
1421 2858 60 37 les
1510 2865 247 31 ornements
1790 2858 173 37 anciens
1986 2865 96 31 sont

171 2922 300 51 parfaitement
498 2926 21 33 à
543 2923 90 38 leur
657 2923 133 49 place,
811 2931 40 30 et
869 2935 109 26 nous
995 2934 202 31 sommes,
1221 2922 74 39 dès
1315 2923 37 38 le
1377 2922 145 50 début,
1546 2923 333 39 heureusement
1900 2923 182 50 plongés

172 2990 106 37 dans
300 2987 300 51 l'atmosphère
623 2988 202 37 musicale
849 2989 71 49 qui
943 2988 210 37 convient.
1193 2986 112 39 Mais
1344 2997 172 41 partout
1545 2989 188 48 ailleurs,
1759 2989 59 38 les
1858 2988 150 38 chants
2030 2988 52 37 de

171 3053 193 49 Moreau,
401 3055 169 37 suivant
604 3053 38 38 le
675 3065 96 26 sens
800 3053 73 38 des
903 3052 182 50 paroles,
1124 3060 72 30 ont
1225 3053 96 49 plus
1355 3054 51 38 de
1435 3055 178 47 gravité.
1650 3054 55 38 Ils
1742 3062 96 30 sont
1870 3053 209 46 coulants,

171 3120 205 48 naturels,
406 3119 126 39 d'une
560 3130 93 26 rare
678 3119 180 49 justesse
880 3118 306 50 d'expression.
1211 3116 59 40 La
1294 3117 136 39 forme
1453 3119 37 37 la
1513 3119 97 49 plus
1632 3118 236 39 habituelle
1896 3126 62 31 est
1980 3118 102 38 celle

171 3185 125 39 d'une
332 3184 284 38 déclamation
654 3184 243 49 mélodique
943 3184 71 48 qui
1036 3183 206 49 pourrait,
1282 3184 272 49 aujourd'hui
1578 3187 154 42 même,
1757 3187 86 34 être
1871 3187 211 45 proposée

171 3263 165 26 comme
357 3249 180 39 modèle.
561 3248 157 51 Voyez,
751 3261 77 37 par
854 3248 211 49 exemple,
1089 3260 45 25 ce
1167 3248 127 38 chant
1312 3249 55 38 du
1390 3250 186 49 premier
1609 3257 89 29 acte
1719 3258 7 27 :
1764 3248 60 38 les
1856 3248 225 38 inflexions

171 3316 187 38 diverses
382 3314 286 51 qu'appellent
690 3314 60 38 les
770 3326 94 26 vers
901 3321 97 30 sont
1020 3316 145 35 notées
1197 3326 99 25 avec
1313 3326 84 26 une
1426 3313 238 38 exactitude
1700 3321 40 30 et
1760 3327 58 24 un
1853 3314 229 37 sentiment

169 3380 193 51 parfaits,
384 3388 54 37 et,
463 3391 51 27 en
536 3383 137 34 même
710 3387 151 41 temps,
887 3376 251 40 l'ensemble
1160 3377 51 38 de
1233 3377 37 38 la
1292 3379 188 49 période,
1505 3379 106 37 dans
1640 3391 45 25 sa
1720 3378 177 39 tonalité
1915 3391 166 26 comme

169 3448 107 37 dans
298 3459 43 26 sa
365 3445 149 44 forme,
557 3457 201 26 conserve
791 3459 58 23 un
871 3449 209 33 caractère
1098 3443 359 39 essentiellement
1479 3443 243 50 mélodique
1754 3455 8 26 :
