3561 4468
1713 144 54 50 79

138 284 194 65 Dingcn,
365 285 81 48 wie
464 284 188 50 Schärfe
671 284 89 49 und
781 285 314 54 Deutlichkeit,
1124 301 256 47 gewonnen
1399 284 89 57 hat,
1518 286 133 66 haupt-

131 366 196 50 sächlich
371 366 108 48 aber
508 367 41 49 in
582 367 84 49 den
700 367 245 50 verzierten
978 367 475 64 Aushängeschildern
1495 367 79 49 der
1604 367 49 49 Ti-

131 447 231 50 telblätter
379 449 90 48 sich
497 449 114 49 breit
638 452 161 57 macht,
831 468 49 31 so
907 450 100 48 dass
1032 450 148 53 Goria,
1209 450 228 57 Rosellen,
1470 451 47 47 F.
1536 451 141 66 Beyer

131 532 92 47 und
256 530 254 51 Consorlen
541 532 41 49 in
614 531 368 67 buirtgestickten
1015 532 353 49 Staatskleidern
1400 534 277 56 erscheinen,

132 612 216 51 während
380 615 175 65 Haydn,
586 616 192 55 Mozart,
811 615 259 48 Beethoven
1100 615 43 48 in
1176 614 172 64 groben
1380 616 297 48 Tuchröcken

132 695 317 66 einhergehen.

252 780 103 47 Nun
388 780 53 48 ist
484 797 46 31 es
573 779 108 49 aber
724 780 78 48 mit
842 780 80 48 der
954 780 201 48 Statistik
1202 781 40 47 in
1288 780 79 48 der
1397 783 151 47 Kunst
1580 781 97 49 eine

134 860 115 48 faule
268 861 157 49 Sache.
459 861 148 47 Sehen
639 863 83 47 wir
751 861 122 49 nicht
903 865 80 47 auf
1007 863 78 48 das
1108 863 190 48 Wieviel
1329 864 89 48 und
1451 864 77 47 das
1556 863 119 53 Wie,

131 943 197 48 sondern
362 943 78 48 auf
466 943 78 48 das
579 944 116 48 Was
729 945 54 47 im
818 945 216 66 heutigen
1067 945 385 65 Musik-Verlage,
1498 962 49 31 so
1579 954 69 41 ent-

132 1026 169 47 decken
325 1025 79 48 wir
423 1026 79 49 mit
521 1026 229 56 Schmerz,
784 1029 100 48 dass
919 1030 67 47 die
1018 1028 113 49 hoch
1156 1029 329 65 aufgestapelte
1504 1031 171 46 Aernte

131 1108 120 47 eines
289 1108 137 64 jeden
455 1109 160 47 Jahres
663 1111 146 64 wenig
841 1113 144 56 Korn,
1029 1110 108 50 aber
1181 1129 72 29 um
1296 1128 49 30 so
1380 1110 125 48 mehr
1536 1111 137 49 Stroh

131 1189 187 47 enthält.
362 1190 106 47 Man
510 1190 111 48 wird
663 1209 153 49 sagen,
861 1193 77 49 das
971 1193 61 48 sei
1065 1193 67 48 die
1165 1193 166 48 Schuld
1366 1193 82 48 der
1477 1194 164 65 Compo-

132 1273 159 56 nisten,
336 1271 119 50 nicht
502 1273 80 48 der
614 1274 231 64 Verleger.
905 1277 146 48 Allein
1093 1275 77 50 das
1213 1275 55 50 ist
1300 1293 85 32 nur
1415 1294 100 31 zum
1547 1275 126 50 Theil

134 1353 137 48 wahr.
318 1354 91 48 Das
441 1354 244 52 Schlimme
714 1357 71 48 bei
820 1358 78 48 der
930 1358 145 49 Sache
1107 1358 68 56 ist,
1221 1358 100 48 dass
1354 1358 67 49 die
1456 1357 217 66 Verleger

132 1437 91 48 sich
256 1437 129 48 meist
416 1454 78 49 gar
526 1438 117 49 nicht
676 1440 127 49 mehr
832 1458 55 31 an
919 1445 210 61 grössere
1155 1440 175 50 Werke
1363 1448 174 42 ernster
1564 1442 80 48 Gat-

131 1528 112 56 tung
275 1536 175 48 wagen,
480 1520 101 49 dass
614 1522 79 48 der
710 1522 289 50 Liederkram
1034 1523 88 49 und
1157 1523 77 48 das
1259 1523 312 49 Ciavierfutter
1603 1524 69 48 lür

130 1600 86 49 den
243 1600 311 68 Heisshunger
585 1603 80 49 der
689 1606 268 66 Salongäste
988 1607 78 48 das
1093 1606 106 48 Feld
1234 1604 344 51 überwuchern.
1612 1608 60 47 Es

132 1684 111 47 wird
275 1684 115 47 noch
423 1701 151 49 genug
590 1687 148 49 Musik
770 1706 84 30 von
886 1689 293 65 gediegenem
1202 1688 161 50 Gehalt
1386 1689 38 49 in
1443 1689 199 49 Deutsch-

131 1766 100 48 land
263 1766 308 66 geschrieben,
612 1769 110 49 aber
752 1771 61 49 sie
845 1771 182 66 gelangt
1057 1771 119 49 nicht
1206 1771 40 49 in
1281 1771 67 49 die
1380 1771 266 49 Oeffentlich-

130 1848 103 57 keit,
280 1851 89 45 und
402 1849 67 47 die
503 1851 233 49 Verfasser
778 1870 48 31 so
858 1854 212 49 mancher
1100 1853 247 50 trefflichen
1381 1854 174 50 Werke
1587 1872 82 32 von

130 1933 256 61 grösserem
405 1931 237 68 Umfange,
675 1936 82 47 wie
790 1936 243 48 Oratorien
1067 1936 89 48 und
1187 1936 271 56 Sinfonieen,
1490 1941 180 44 müssen

132 2012 98 49 froh
261 2013 108 59 sein,
414 2031 132 33 wenn
588 2016 61 48 sie
691 2018 225 50 dieselben
947 2036 87 32 nur
1065 2018 94 49 hier
1190 2018 91 50 und
1312 2018 54 50 da
1397 2018 272 64 wenigstens

131 2112 80 31 zur
242 2094 289 68 Aufführung
564 2098 202 68 bringen,
812 2119 93 31 was
947 2101 152 65 häufig
1141 2117 152 50 genug
1334 2101 113 49 noch
1481 2100 187 50 obenein

131 2178 79 49 mit
240 2178 173 65 Opfern
446 2196 83 32 von
562 2181 118 49 ihrer
710 2183 122 49 Seite
863 2182 257 50 verbunden
1155 2185 68 54 ist,
1267 2183 52 49 da
1352 2200 162 33 unsere
1538 2183 109 65 jetzi-

131 2277 85 49 gen
249 2260 336 50 musicalischen
616 2265 209 49 Institute
870 2266 117 48 wohl
1032 2265 67 48 die
1129 2263 291 51 ausübenden
1455 2267 214 48 Künstler

131 2342 229 56 bezahlen,
405 2342 69 50 die
507 2342 323 70 Componisten
860 2347 108 48 aber
1000 2347 119 48 bloss
1151 2348 136 47 ehren
1319 2347 138 66 (nicht
1489 2350 153 48 honori-

130 2426 112 63 ren),
285 2425 89 47 und
416 2426 129 48 ihnen
577 2428 118 49 wohl
728 2446 79 49 gar
840 2431 112 48 noch
986 2431 70 48 die
1089 2431 170 47 Kosten
1293 2430 79 48 der
1402 2431 239 48 Ausschrei-

131 2508 123 64 bung
286 2506 90 49 und
409 2508 397 69 Vervielfältigung
837 2512 79 49 der
948 2514 217 47 Stimmen
1198 2512 263 49 aufbürden.

256 2591 91 47 Das
399 2591 55 47 ist
494 2591 99 50 kein
635 2596 289 47 erfreulicher
963 2597 215 47 Zustand.
1223 2596 154 47 Durch
1410 2596 69 48 die
1509 2613 134 31 neuer-

130 2672 128 65 dings
278 2671 221 50 beliebten
521 2676 579 67 Preis-Ausschreibungen
1129 2679 115 47 kann
1268 2679 259 48 demselben
1552 2679 120 48 nicht

130 2754 267 66 abgeholfen
414 2756 196 51 werden.
644 2760 82 47 Die
757 2760 238 57 Industrie,
1027 2761 67 47 die
1112 2760 280 47 Association
1424 2776 123 32 muss
1580 2760 89 47 sich

135 2837 79 47 der
245 2837 145 49 Sache
430 2837 311 69 bemächtigen
786 2842 93 50 und
924 2844 77 47 mit
1042 2841 139 51 ihrem
1213 2841 267 66 gewaltigen
1523 2841 145 48 Hebel

136 2919 113 48 eben
281 2936 50 32 so
364 2920 77 47 der
473 2921 239 51 Tonkunst
742 2933 132 39 unter
905 2925 67 48 die
1006 2926 141 47 Arme
1189 2924 182 66 greifen,
1418 2925 82 47 wie
1532 2925 62 48 sie
1626 2942 46 30 es

139 3001 165 50 bereits
336 3003 69 48 bei
439 3004 80 48 der
548 3006 181 49 Malerei
761 3008 78 48 mit
869 3008 141 49 Glück
1044 3009 210 47 versucht
1286 3008 87 48 hat.

258 3084 85 48 Die
371 3084 253 67 bisherigen
658 3089 188 49 Vereine
879 3089 66 48 für
969 3090 69 47 die
1070 3089 236 49 Tonkunst
1336 3088 143 49 haben
1510 3089 163 65 gewiss

139 3169 84 47 den
254 3168 158 49 besten
452 3169 182 57 Willen,
680 3171 108 49 aber
833 3173 63 47 sie
936 3173 168 64 greifen
1147 3173 78 48 das
1254 3173 119 63 Ding
1404 3173 119 47 nicht
1554 3171 116 50 beim

138 3251 184 49 rechten
371 3250 160 50 Flecke
576 3269 68 31 an.
704 3253 82 49 Die
817 3254 344 65 Ermunterung
1203 3273 100 30 zum
1336 3254 206 48 Schaffen
1589 3273 83 30 von

139 3334 354 66 preiswürdigen
525 3334 204 50 Werken
761 3337 56 48 ist
842 3354 112 47 ganz
987 3337 184 55 löblich;
1203 3337 125 48 allein
1437 3337 80 48 der
1546 3337 102 48 Miss-

138 3415 127 66 griffe
298 3433 52 29 zu
384 3417 328 64 geschweigen,
759 3419 68 48 die
859 3418 67 48 bei
959 3419 101 48 dem
1094 3418 330 49 Vorschreiben
1457 3419 79 47 der
1568 3419 79 47 Gat-

138 3508 127 55 tung,
308 3498 77 47 des
416 3499 183 56 Inhalts,
640 3499 413 67 beziehungsweise
1082 3500 80 49 der
1193 3502 145 48 Texte
1369 3519 41 31 u.
1443 3518 33 31 s.
1510 3519 54 30 w.
1597 3517 51 49 ge-

139 3583 106 47 than
278 3580 199 58 werden,
508 3582 112 48 auch
648 3583 80 48 der
745 3583 424 49 Menschlichkeiten
1190 3583 120 48 nicht
1341 3601 53 30 zu
1428 3583 246 65 gedenken,

139 3667 68 47 die
237 3663 69 49 bei
338 3664 87 47 den
455 3664 409 69 Richtersprüchen
897 3667 77 48 mit
1007 3665 277 50 unterlaufen
1372 3683 55 31 an
1447 3667 113 47 Lust
1584 3665 89 49 und

139 3745 134 50 Trieb
305 3765 102 29 zum
440 3745 302 69 Componiren
774 3749 106 49 fehlt
912 3767 45 31 es
983 3749 44 65 ja
1058 3748 304 65 keineswegs!
1404 3748 63 48 Im
1499 3749 145 64 Gegen-

141 3831 122 57 theil,
300 3829 144 65 jeder,
488 3829 78 50 der
597 3831 69 48 die
696 3832 165 48 Schule
893 3831 277 63 riothdürftig
1202 3831 353 63 durchgemacht
1585 3831 88 54 hat,

136 3913 60 65 ja,
238 3913 63 48 oft
341 3914 129 58 auch,
516 3930 95 31 wer
652 3912 66 49 ihr
746 3914 115 50 noch
894 3913 149 50 unreif
1067 3912 222 49 entlaufen
1321 3912 71 57 ist,
1439 3921 116 40 setzt
1585 3912 90 49 sich

140 4013 53 31 an
228 3997 85 46 den
345 3994 302 51 Schreibtisch
689 3997 110 48 oder
839 4015 53 30 an
936 3996 78 49 das
1060 3994 170 50 Ciavier
1274 3994 90 50 und
1410 3996 265 66 componirt,

143 4079 90 49 und
263 4077 98 49 weil
393 4095 48 31 er
483 4078 142 66 einige
658 4078 208 50 Hundert
896 4077 365 51 Reminiscenzen
1306 4077 58 48 im
1394 4077 147 66 Kopfe
1585 4078 90 57 hat,

1775 285 119 48 stellt
1924 301 47 31 er
2002 300 81 32 aus
2116 282 150 50 diesen
2303 282 96 48 eine
2418 283 191 50 Melodie
2638 299 276 40 zusammen,
2947 281 167 51 welche
3149 300 48 32 er
3226 283 87 49 sich

1773 385 50 32 so
1857 367 127 62 lange
2015 367 62 47 als
2110 365 119 49 seine
2262 365 156 66 eigene
2449 366 192 63 vorlügt,
2688 366 64 48 bis
2788 382 50 31 er
2868 365 61 48 sie
2971 366 67 47 lür
3069 366 97 48 eine
3201 382 112 32 neue

1778 449 239 49 Wahrheit
2049 449 104 47 hält.
2203 449 195 54 Andere,
2431 465 83 32 von
2547 447 362 50 ehrenwerthem
2943 446 89 50 und
3065 447 248 66 tüchtigem

1775 532 180 54 Fleisse,
2003 531 95 47 weil
2145 530 61 48 sie
2252 530 67 48 die
2363 530 306 49 musicalische
2700 530 291 57 Grammatik,
3038 530 174 48 sowohl
3246 530 67 48 die

1775 612 318 51 Formenlehre
2125 612 61 50 als
2220 614 66 47 die
2319 614 188 64 Syntax,
2553 611 231 65 gründlich
2825 612 100 47 inne
2957 612 161 56 haben,
3168 611 145 50 halten

1775 696 91 48 sich
1899 696 197 48 dadurch
2129 695 126 49 allein
2289 713 101 30 zum
2424 695 204 48 Schaffen
2661 692 210 66 befähigt.
2915 696 117 55 Nun,
3065 695 121 47 diese
3219 694 94 48 sind

1772 781 81 46 mir
1884 780 157 47 immer
2073 777 114 50 noch
2220 779 111 47 zehn
2364 777 86 49 Mal
2484 777 138 47 lieber
2653 776 63 48 als
2749 775 67 49 die
2848 775 144 48 Ritter
3024 794 99 30 vom
3158 776 153 50 Geiste

1771 863 90 47 und
1949 864 213 62 Stümper
2186 861 55 47 im
2260 860 277 50 Handwerk.
2570 860 139 56 Kurz,
2740 857 66 50 ich
2827 857 178 49 möchte
3024 856 137 50 lieber
3183 860 128 47 einen

1771 945 212 66 Areopag
2029 944 252 65 gegründet
2326 943 151 55 sehen,
2523 943 80 49 der
2633 941 178 50 Strafen
2843 943 78 45 auf
2957 940 77 50 das
3067 940 246 65 unbefugte

1771 1023 302 69 Componiren
2117 1033 157 49 setzte,
2321 1024 61 48 als
2415 1024 113 49 noch
2561 1024 127 48 mehr
2719 1023 191 48 Vereine
2942 1023 251 57 entstehen,
3241 1024 68 47 die

1769 1108 112 49 dazu
1914 1114 324 42 ermunterten.
2271 1108 90 47 Das
2394 1106 153 49 wahre
2568 1105 160 50 Talent
2760 1104 89 49 und
2882 1104 197 48 vollends
3112 1105 76 48 das
3220 1105 58 48 Ge-

1768 1190 69 50 nie
1869 1190 134 48 treibt
2034 1190 92 48 sich
2159 1207 85 31 von
2276 1189 139 49 selbst
2445 1207 99 30 zum
2577 1188 224 57 Schaffen,
2834 1186 96 49 weil
2962 1203 47 32 es
3042 1186 112 49 eben
3187 1186 120 50 nicht

1768 1274 160 48 anders
1963 1274 129 48 kann.

1891 1355 289 50 Fördernder
2222 1355 67 47 lür
2328 1354 69 50 die
2429 1354 151 48 Kunst
2619 1353 97 48 sind
2746 1352 140 49 schon
2918 1350 246 66 diejenigen
3198 1352 84 48 Ver-

1767 1438 96 48 eine
1895 1438 109 48 oder
2026 1437 398 55 Staats-Institute,
2457 1437 168 48 welche
2650 1435 141 65 junge
2810 1434 186 48 Talente
3027 1433 113 49 nach
3170 1432 109 67 abge-

1768 1520 148 65 legten
1950 1520 178 49 Proben
2172 1520 41 47 in
2257 1519 120 48 ihrer
2418 1519 287 65 Ausbildung
2750 1520 328 50 unterstützen.
3126 1518 178 63 Fragen

1767 1603 80 48 wir
1877 1603 108 48 aber
2018 1603 68 47 die
2115 1603 258 63 Erfahrung
2402 1602 58 48 im
2495 1602 214 56 Grossen,
2741 1598 257 67 abgesehen
3028 1616 85 30 von
3145 1599 138 47 einzel-

1766 1703 85 31 nen
1882 1686 276 64 glänzenden
2192 1684 308 57 Ausnahmen,
2531 1701 50 32 so
2614 1683 180 48 werden
2829 1682 80 48 wir
2940 1680 215 66 gestehen
3188 1683 89 47 müs-

1766 1785 94 39 sen,
1891 1768 101 48 dass
2023 1768 68 48 die
2121 1767 235 49 Resultate
2387 1767 113 48 auch
2531 1766 96 48 hier
2657 1766 40 47 in
2725 1764 176 49 keinem
2924 1762 305 49 Verhältnisse
3252 1779 53 32 zu

1766 1849 99 49 dem
1899 1849 251 50 Aufwände
2192 1849 80 49 der
2300 1848 144 50 Mittel
2477 1848 170 48 stehen.
2693 1848 84 47 Die
2806 1846 305 48 Akademieen
3144 1844 162 50 wissen

1766 1933 141 48 davon
1938 1933 337 64 nachzusagen;
2314 1931 83 49 wie
2429 1931 172 64 wenige
2633 1948 36 31 z.
2702 1929 50 51 B.
2788 1946 85 32 von
2919 1929 85 47 den
3050 1927 252 48 römischen

1763 2016 307 66 Stipendiaten
2092 2016 79 48 der
2643 2016 236 48 Academie
3169 2016 72 48 des
2853 2011 42 49 in
2920 2011 122 48 Paris
3074 2009 99 49 sind
3203 2026 76 32 aus-

1764 2097 286 65 gezeichnete
2081 2097 323 66 Componisten
2436 2096 271 64 geworden!
2737 2094 131 49 Auch
2901 2092 150 51 diesen
3084 2092 221 48 Vereinen

1763 2180 262 64 gegenüber
2055 2180 226 64 behaupte
2312 2178 82 55 ich,
2427 2177 101 50 dass
2562 2176 77 49 das
2657 2177 158 47 Talent
2848 2176 78 47 viel
2957 2173 187 50 leichter
3174 2174 127 47 einen

1761 2262 174 48 Lehrer
1965 2261 88 49 und
2087 2261 180 48 Bildner
2295 2260 64 48 als
2446 2260 126 48 einen
2592 2258 219 66 Verleger
2843 2258 132 49 finde.
3005 2257 132 47 Denn
3170 2263 132 40 unter

1763 2345 85 48 den
1880 2343 246 49 Künstlern
2161 2343 89 49 und
2281 2341 470 65 Musikverständigen
2789 2340 94 66 gibt
2915 2357 47 32 es
2994 2338 158 49 immer
3184 2337 116 50 noch

1763 2426 97 49 eine
1877 2427 178 64 Menge,
2088 2425 70 49 die
2189 2426 115 48 ohne
2328 2425 254 64 Eigennutz
2606 2425 89 48 sich
2722 2423 77 49 des
2822 2423 210 49 Talentes
3059 2421 77 47 mit
3161 2422 112 47 Freu-

1763 2508 85 50 den
1880 2510 264 48 annehmen.
2180 2508 115 50 Wer
2326 2507 108 48 aber
2464 2507 84 48 den
2584 2506 245 65 Verlegern
2859 2512 141 42 etwas
3031 2503 162 65 bringt,
3225 2503 76 47 das

1763 2592 117 49 nicht
1913 2609 79 32 aus
2015 2591 354 48 Mendelssohn's
2387 2590 211 48 Nachlass
2629 2590 69 52 ist,
2730 2588 80 49 der
2840 2588 99 47 darf
2963 2586 120 48 nicht
3113 2586 79 47 auf
3219 2585 52 47 Er-

1764 2674 179 64 hörung
1973 2674 208 47 rechnen.
2225 2671 318 50 Mendelssohn
2576 2688 104 47 zog
2711 2668 90 50 und
2831 2668 159 49 zieht
3020 2666 113 49 noch
3221 2666 78 48 das

1764 2756 56 48 ist
1851 2756 66 47 ihr
1947 2754 433 55 Kunst-Ausdruck,
2426 2754 88 48 und
2544 2752 216 50 Mancher
2791 2769 82 30 von
2911 2751 130 48 ihnen
3072 2750 126 47 (heilt
3231 2749 69 48 die

1763 2837 205 49 Naivetät
1998 2839 121 47 eines
2150 2836 82 48 mir
2262 2835 257 49 bekannten
2549 2832 468 57 Theater-Directors,
3064 2831 80 48 der
3188 2829 112 50 nach

1764 2921 101 47 dem
1899 2929 138 57 guten
2068 2920 194 63 Ertrage
2294 2919 168 63 einiger
2491 2917 166 49 Stücke
2689 2934 82 32 von
2806 2916 311 65 Shakespeare
3147 2914 152 47 seinen

1764 3003 247 66 Regisseur
2041 3001 224 59 ersuchte,
2312 3000 100 48 dem
2441 3001 164 47 Manne
2637 3018 53 29 zu
2722 2997 237 50 schreiben
2991 2997 90 49 und
3113 2996 88 47 ihm
3234 2995 68 48 für

1764 3086 69 47 ein
1865 3102 139 33 neues
2035 3084 138 49 Stück
2205 3085 69 47 ein
2304 3083 286 63 anständiges
2620 3083 215 48 Honorar
2865 3099 51 29 zu
2951 3079 161 49 bieten.

1888 3169 100 47 Den
2034 3166 213 65 richtigen
2283 3165 124 65 Weg
2450 3164 74 48 hat
2573 3164 64 48 bis
2676 3163 113 66 jetzt
2832 3163 143 55 allein,
3018 3179 48 31 so
3111 3160 80 48 viel
3234 3160 66 48 ich

1766 3249 147 58 weiss,
1959 3250 67 46 die
2058 3248 291 49 Gesellschaft
2394 3263 79 30 zur
2515 3245 310 65 Beförderung
2873 3245 79 47 der
2981 3243 238 49 Tonkunst
3259 3243 40 45 in

1766 3331 194 50 Holland
1990 3330 355 65 eingeschlagen,
2390 3328 172 48 welche
2603 3328 274 64 wenigstens
2923 3326 163 47 einen
3132 3323 165 49 Theil

1766 3414 120 50 ihrer
1921 3414 242 48 Einnahme
2208 3429 99 31 zur
2352 3410 390 65 Herausgabe
2785 3427 192 31 neuerer
3012 3406 172 50 Werke
3225 3423 50 30 an-

1769 3498 192 48 wendet.
2007 3495 188 49 Freilich
2241 3495 76 47 hat
2361 3494 112 48 auch
2519 3494 62 47 sie
2625 3494 44 47 in
2714 3491 83 50 den
2840 3491 163 47 letzten
3034 3489 169 48 Jahren
3235 3488 69 49 die

1767 3577 580 64 Preis-Ausschreibungen
2389 3575 233 50 überhand
2662 3574 191 50 nehmen
2895 3573 172 56 lassen;
3114 3571 68 49 bei
3219 3570 85 48 den

1768 3662 233 66 specifisch
2032 3660 252 50 nationalen
2303 3659 223 48 Zwecken
2558 3655 236 51 derselben
2826 3655 92 49 und
2948 3654 69 50 bei
3051 3655 82 47 den
3165 3651 116 50 dorti-

1768 3761 88 47 gen
1886 3742 400 50 Kunstzuständen
2321 3757 101 48 mag
2451 3739 89 48 sich
2572 3738 76 48 das
2675 3737 164 66 jedoch
2871 3735 317 65 rechtfertigen
3219 3734 64 47 las-

1769 3843 93 33 sen.
1921 3827 50 48 In
2015 3824 322 55 Deutschland,
2384 3839 70 32 wo
2500 3822 67 48 die
2599 3820 322 66 Componisten
2963 3819 83 48 wie
3080 3818 116 48 Pilze
3226 3832 80 33 aus

1769 3909 80 50 der
1881 3907 121 49 Erde
2032 3907 399 67 emporschiessen,
2471 3904 55 48 ist
2556 3903 77 49 das
2665 3904 302 48 Aufmuntern
2999 3918 99 31 zum
3130 3898 152 49 Schrei-

1769 3991 91 50 ben
1889 4008 80 49 gar
1994 3989 121 50 nicht
2143 3988 170 65 nöthig.
2453 3984 127 51 Aber
2619 3984 196 50 Mittel
2860 3983 110 48 und
3018 3983 184 63 Wege
3248 3998 63 31 zu

1772 4073 282 59 schaffen,
2084 4072 130 49 dass
2246 4071 98 48 das
2369 4068 441 51 Geschriebene
2840 4067 50 48 in
2921 4065 89 50 die
3042 4064 234 50 Oeffent-
