3060 4109
2888 3969 48 44 131

117 128 99 30 Judäa
239 130 59 28 und
320 128 110 29 Petrus
452 128 53 29 der
528 128 125 31 Fischer
686 128 83 30 wirft
790 130 84 28 seine
897 128 108 30 Netze:

116 181 57 27 das
200 179 182 29 Heidentum
410 179 147 29 wimmelt
586 179 164 29 allüberall.
798 178 86 30 Doch
924 179 68 29 acht-

117 229 209 29 zehnhundert
363 227 93 30 Jahre
495 229 76 28 nach
608 229 120 33 Petrus,
768 229 68 28 dem
874 228 134 34 Fischer,

117 280 80 28 kann
222 279 47 28 ich
295 278 80 28 nicht
402 286 108 24 sagen:
547 278 118 30 Blicket
702 279 77 29 nach
817 278 106 34 China,
958 278 51 28 auf

117 330 84 28 seine
227 328 107 28 Götter
363 335 54 21 aus
444 327 86 29 Stein
557 328 74 29 oder
659 328 114 33 Metall,
801 328 134 28 sondern
961 328 47 28 ich

117 378 70 28 muß
210 385 108 24 sagen:
352 377 125 30 Blicken
500 379 66 33 wir,
587 379 103 28 wohin
712 379 57 28 wir
792 378 120 33 wollen,
933 378 75 28 über

119 429 47 27 die
185 427 89 33 Erde,
294 428 60 27 und
372 429 57 27 wir
448 428 127 29 werden
593 428 85 33 sehn,
696 436 67 21 was
782 429 56 27 wir
858 436 49 20 am
926 427 82 28 Fuße

119 478 54 28 des
204 476 83 30 Sinai
318 478 115 31 gesehn
465 478 112 28 haben:
619 478 55 28 das
704 478 111 32 goldne
844 477 85 31 Kalb.

544 602 36 28 III

175 677 61 29 Der
265 678 108 32 heilige
402 677 120 34 Petrus,
559 678 29 28 in
625 678 54 28 der
708 677 191 32 gedrängten
931 675 79 29 liefe

119 729 102 27 seines
247 736 34 21 so
308 728 122 28 reichen
455 727 133 34 Wortes,
613 727 52 28 hat
690 727 55 28 das
771 726 111 32 goldne
909 725 82 32 Unge-

119 779 64 27 tüm
201 777 68 29 dort
287 777 220 34 aufgetrieben,
525 785 51 20 wo
594 786 33 20 es
643 778 49 28 ist.
726 776 62 29 Der
807 776 108 31 heilige
931 775 60 29 Pau-

119 827 56 34 lus,
203 827 53 29 der
284 827 181 32 Augenwelt
493 826 60 29 und
580 826 278 32 Abgrundwunder
888 825 123 29 äußerst

120 880 196 26 unvermutet
339 877 314 32 ineinandertauscht;
687 884 42 25 er,
752 876 53 28 der
828 877 47 27 ein
896 875 116 28 Wesen

120 929 54 27 mit
195 929 98 27 einem
315 927 108 28 Worte
442 926 164 29 behandelt
628 926 69 33 und,
717 925 96 29 schon
834 927 177 30 unterwegs

121 986 39 19 zu
180 976 125 34 Neuem,
327 978 48 27 nie
394 976 107 32 länger
522 976 92 33 weilt,
636 976 81 28 nicht
738 975 104 32 länger
865 975 43 29 als
931 977 82 27 etwa

122 1027 46 28 ein
196 1026 163 29 Schreiber
387 1026 137 33 braucht,
552 1033 49 20 um
629 1025 156 29 zwischen
814 1026 80 27 zwei
924 1024 71 29 Satz-

121 1076 116 32 glieder
277 1077 86 28 einen
400 1075 151 29 Beistrich
581 1084 38 19 zu
647 1075 129 33 senken;
820 1075 53 28 der
903 1074 110 32 heilige

121 1125 114 30 Paulus
252 1125 75 30 trifft
343 1126 50 27 ihn
411 1125 150 33 wörtlich,
580 1125 59 28 den
659 1124 118 29 Götzen
797 1124 53 29 der
870 1124 140 28 Neuzeit:

122 1185 32 19 er
176 1178 92 26 nennt
290 1175 49 28 ihn
361 1175 59 29 den
441 1175 84 29 Geiz.

177 1225 56 29 Die
253 1225 92 29 Liebe
362 1233 68 20 zum
451 1225 77 28 Geld
545 1226 38 27 ist
602 1226 66 27 eine
687 1225 188 33 Abgötterei,
895 1223 51 29 auf
965 1223 48 29 die

121 1275 208 29 hinzuweisen
358 1283 50 20 um
437 1283 33 21 so
498 1274 254 29 verdienstlicher
780 1275 86 28 wäre
896 1274 44 29 als
969 1275 44 27 sie

120 1326 65 28 sich
209 1325 171 29 verkleidet
404 1324 146 29 darstellt.

178 1374 50 30 Sie
254 1374 52 30 hat
333 1376 79 27 zwei
439 1374 116 29 Seiten:
595 1374 48 28 die
670 1373 153 33 Begierde
857 1373 60 28 und
955 1372 59 29 den

122 1425 84 28 Geiz.
245 1424 74 29 Man
338 1425 116 31 spricht
473 1424 43 29 oft
533 1432 62 21 von
615 1424 152 32 Geldgier.
802 1422 77 30 Man
898 1423 115 31 spricht

121 1475 98 28 selten
246 1483 73 20 vom
347 1474 201 32 eigentlichen
576 1473 87 33 Geiz;
701 1473 60 28 und
789 1473 78 28 doch
893 1473 38 28 ist
959 1473 54 28 der

121 1523 203 30 Unterschied
348 1524 84 33 groß.

178 1574 57 29 Die
259 1574 97 30 Leute
381 1576 129 31 stutzen,
536 1582 91 20 wenn
651 1574 44 28 sie
721 1573 53 29 der
802 1573 71 28 Gier
898 1573 97 31 begeg-

123 1633 67 25 nen,
216 1624 79 29 denn
320 1625 48 28 die
392 1623 71 30 Gier
487 1624 38 29 ist
548 1623 226 29 aufrührerisch
799 1623 61 28 und
885 1621 129 33 gellend.

124 1673 51 30 Sie
197 1675 81 32 zeigt
300 1673 191 30 unverhüllte
512 1673 265 33 Leidenschaften,
800 1672 131 29 betreibt
954 1672 41 28 Ge-

124 1724 128 33 schäfte,
273 1724 52 28 hat
347 1724 46 28 ein
416 1723 75 33 Ziel;
524 1724 43 28 sie
588 1722 63 29 will
672 1722 85 28 mehr
781 1722 99 28 haben
903 1722 44 28 als
971 1722 44 28 sie

124 1774 61 33 hat,
202 1774 59 28 und
279 1774 80 27 dann
376 1774 77 28 noch
470 1773 85 29 mehr
574 1773 60 27 und
653 1774 107 26 immer
778 1771 116 29 wieder
913 1771 98 28 mehr!

124 1823 63 30 Das
212 1825 103 30 erregt
338 1822 144 34 Aufsehn,
507 1821 43 30 oft
574 1822 110 32 Angst:
719 1830 70 19 man
813 1823 38 27 ist
875 1820 139 29 bedroht.

124 1872 87 29 Denn
230 1880 65 21 wer
315 1873 48 28 die
383 1872 82 29 Welt
484 1874 29 26 in
531 1872 181 31 Bewegung
733 1873 88 31 setzt,
842 1879 50 20 um
914 1878 100 24 genug

124 1931 37 20 zu
183 1923 108 32 haben,
310 1931 101 23 genug
430 1921 79 30 Ehre
529 1922 75 29 oder
625 1929 101 25 genug
747 1920 85 34 Geld,
854 1919 161 34 gefährdet

124 1973 64 28 sich
210 1973 60 28 und
292 1973 48 28 die
362 1971 124 35 andern,
509 1980 38 20 an
569 1972 80 28 ihrer
671 1971 110 29 beiden
803 1970 116 29 Erzruh
940 1970 74 29 oder

125 2023 78 28 auch
226 2030 54 21 nur
305 2030 38 20 an
366 2022 95 28 ihrem
483 2020 214 33 Lügenschlaf.
740 2020 41 29 So
805 2020 64 29 fällt
893 2028 32 20 er
950 2019 63 32 auf;

126 2072 73 28 aber
227 2072 90 33 nicht,
346 2071 58 29 daß
432 2072 47 28 die
509 2071 105 33 Leute,
651 2070 59 29 fest
749 2070 179 33 überzeugt,
968 2069 48 28 die

124 2121 151 29 Weisheit
303 2121 150 29 bestünde
483 2121 39 27 im
551 2119 168 35 Nichtstun,
759 2119 61 28 ihm
859 2128 61 19 nun
957 2118 59 29 den

125 2171 181 29 Mißbrauch
327 2172 100 28 seiner
449 2170 153 32 Tätigkeit
622 2169 190 33 verübelten,
834 2169 77 33 nein,
932 2169 84 28 seine

125 2220 154 33 Tätigkeit
308 2220 96 29 selbst
432 2219 188 30 überhäufen
660 2220 43 28 sie
743 2220 52 28 mit
823 2217 193 30 Vorwürfen.

125 2270 68 29 Und
216 2270 115 33 gerade
353 2270 136 28 dadurch
512 2270 101 28 bieten
635 2270 44 28 sie
703 2268 70 29 dem
795 2268 108 28 Laster
929 2270 87 26 unter

127 2321 69 28 dem
221 2320 199 29 Schirmdach
446 2320 53 28 der
526 2319 56 29 Tat
607 2320 86 28 einen
718 2317 123 30 Schutz.

184 2371 70 28 Gier
274 2371 59 28 wie
353 2369 148 29 Ehrsucht
524 2368 137 29 schaffen
682 2368 153 32 offenbar;
868 2368 72 28 aber
962 2368 54 27 der

131 2421 74 28 Geiz
232 2421 83 28 hütet
342 2422 65 27 sein
434 2420 184 29 Geheimnis.
663 2419 80 29 Ihms
778 2427 38 19 zu
854 2417 162 33 entreißen,

126 2472 86 26 wäre
239 2470 81 28 nicht
345 2469 125 29 schade.

180 2519 73 29 Fast
276 2519 57 28 alle
356 2518 255 29 Leidenschaften
634 2518 99 28 haben
757 2517 45 28 ihr
827 2517 102 31 eignes
955 2515 40 29 Ge-

125 2570 91 32 sicht;
247 2578 34 20 es
303 2569 119 28 hindert
442 2569 44 28 sie
507 2569 138 32 zumeist,
665 2567 153 29 verbietet
839 2566 98 33 ihnen,
962 2574 36 20 un-

124 2619 140 29 bemerkt
293 2618 272 32 vorbeizugleiten.
614 2616 52 30 Sie
696 2616 137 29 eröffnen
863 2616 63 28 sich
957 2615 59 28 den

125 2669 107 32 Augen
256 2669 120 33 dessen,
401 2669 53 27 der
479 2669 43 27 sie
547 2667 135 33 erleidet,
706 2667 60 28 wie
790 2666 78 32 dem,
894 2665 53 28 der
972 2666 43 27 sie

126 2719 198 31 beobachtet;
366 2718 44 29 ihr
440 2717 126 32 Tonfall,
605 2717 45 29 ihr
689 2715 200 32 Mienenspiel
928 2714 86 28 rufen

126 2768 85 28 ihren
230 2766 126 30 Namen.
395 2768 118 33 Irrtum,
534 2766 110 34 gewiß,
665 2766 159 32 geschieht
842 2764 91 29 leicht
955 2763 60 29 und

126 2817 111 32 häufig.
284 2817 116 29 Jedoch
427 2825 92 21 wenn
545 2817 53 27 der
627 2816 78 28 Zorn
733 2817 87 27 einen
847 2814 169 28 Menschen

126 2869 41 27 im
185 2866 123 29 Sturme
327 2867 114 33 nimmt,
459 2866 128 29 werden
605 2874 30 20 er
654 2866 61 27 und
733 2867 83 26 seine
835 2863 181 32 Umgebung

127 2917 118 28 mühlos
273 2924 104 25 sagen,
405 2916 117 28 welche
550 2915 217 28 Besessenheit
794 2914 50 29 ihn
872 2912 144 33 ergriffen

127 2968 60 27 hat.
230 2966 56 28 Die
310 2965 257 29 Leidenschaften
590 2964 101 28 bilden
717 2972 48 20 am
790 2964 129 28 liebsten
945 2961 54 33 Rui-

127 3024 67 25 nen,
218 3015 60 28 und
301 3015 51 28 auf
373 3015 69 28 dem
465 3014 205 32 Ruinenwerk
692 3013 93 29 bleibt
806 3013 47 28 die
877 3011 139 30 Inschrift

127 3066 81 28 ihres
237 3064 141 29 Namens.
427 3063 55 29 Die
511 3063 159 33 Ehrsucht,
708 3063 108 28 einmal
846 3062 170 31 befriedigt,

127 3115 80 28 kann
234 3114 65 29 sich
326 3113 172 32 unmöglich
524 3113 174 31 verbergen
726 3112 111 28 halten.

183 3164 62 29 Der
266 3164 75 29 Geiz
364 3164 122 31 beträgt
507 3163 63 29 sich
594 3162 120 28 anders.

184 3214 30 29 in
242 3215 115 28 seinem
385 3213 174 28 Grundsatz
587 3212 138 27 heimlich
752 3212 38 27 ist
818 3219 31 19 er
879 3218 33 21 es
940 3209 76 28 auch

129 3264 28 27 in
184 3265 105 27 seinen
316 3264 198 31 W/irkungen.
553 3261 37 29 Er
619 3261 142 31 verlangt
788 3260 87 28 keine
905 3259 112 31 heftige

129 3312 201 34 Aufwallung,
350 3313 108 29 keinen
477 3311 115 29 äußern
611 3310 174 28 Ausbruch:
815 3309 97 32 gleich
933 3316 63 20 man-

131 3362 75 28 chen
224 3361 168 33 Tugenden
416 3363 89 28 sucht
527 3370 32 20 er
583 3361 47 28 die
653 3359 190 28 Dunkelheit.
887 3358 37 28 Er
947 3366 53 20 ver-

131 3411 112 28 meidet
266 3411 58 28 den
348 3411 129 33 Auflauf,
502 3420 31 19 er
558 3410 97 29 strebt
679 3418 54 20 zur
757 3408 178 31 Sammlung
959 3408 44 28 sei-

131 3469 53 19 ner
209 3460 103 33 selbst,
338 3469 31 19 er
392 3461 146 32 verbirgt,
563 3469 32 21 er
618 3458 158 33 vergräbt,
801 3467 31 19 er
858 3457 64 32 gibt
948 3457 70 28 acht

131 3510 61 27 und
209 3510 232 28 verschleudert
461 3511 89 33 nicht,
571 3519 31 19 er
623 3509 176 31 behauptet,
817 3507 58 28 daß
896 3515 32 20 er
948 3514 53 20 ver-

131 3559 115 32 mehre,
263 3559 83 28 nicht
361 3559 168 28 vernichte.
564 3559 38 28 Er
620 3559 71 29 leiht
710 3558 63 29 sich
794 3557 47 28 die
859 3556 81 31 Züge
959 3556 58 28 und

134 3609 47 27 die
210 3607 114 29 Namen
355 3608 52 28 der
436 3607 150 34 Vorsicht,
627 3609 53 27 der
711 3606 220 33 Sparsamkeit,
962 3606 54 26 der

132 3657 162 31 Weisheit;
332 3665 32 20 er
393 3657 113 31 spricht
536 3660 80 25 etwa
644 3666 61 20 von
743 3657 54 28 der
835 3653 182 34 Sippschaft,

133 3708 59 27 den
218 3706 142 33 Kindern,
388 3706 60 27 und
477 3706 57 27 daß
561 3714 70 21 man
658 3708 40 28 im
726 3705 138 29 Hinblick
893 3704 50 28 auf
971 3704 47 28 die

134 3756 130 28 Zukunft
284 3756 64 28 sich
371 3755 219 29 einschränken
614 3758 110 27 müsse.
764 3755 39 29 Er
825 3755 80 28 kann
927 3761 91 24 sogar

134 3813 59 20 von
216 3805 264 31 Barmherzigkeit
502 3804 102 28 reden.
646 3805 86 28 Denn
756 3813 91 20 wenn
870 3812 31 20 er
925 3805 93 31 spart,

134 3855 81 28 nicht
237 3855 96 32 wahr,
357 3856 85 29 spart
466 3862 32 19 er
524 3853 76 28 doch
625 3853 47 28 für
696 3855 188 31 irgendwen.

191 3904 54 28 Die
270 3904 115 28 andern
407 3902 253 29 Leidenschaften
685 3904 125 31 weisen,
834 3903 117 29 scheint
978 3910 40 25 es,

1084 130 94 28 durch
1203 130 45 28 ihr
1274 139 115 24 ganzes
1415 131 146 29 Gehaben
1584 132 154 31 geradezu
1765 131 128 32 peinlich
1920 139 35 24 ge-

1083 187 59 20 nau
1163 179 52 28 auf
1235 181 47 27 ein
1305 181 124 29 elendes
1450 181 93 29 Ende.
1583 181 62 29 Nur
1669 181 47 29 die
1738 181 158 29 Habsucht
1918 183 54 31 tut,

1083 229 44 28 als
1148 228 67 29 führ
1238 231 44 28 sie
1302 238 38 20 zu
1361 231 98 28 einem
1481 231 184 34 gescheiten,
1688 231 98 30 einem
1810 229 144 30 dauerhaf-

1083 281 60 30 ten,
1173 287 54 21 aus
1256 279 119 29 Geduld
1414 281 60 28 und
1513 280 215 33 Ueberlegung
1767 280 206 33 aufgebauten

1085 328 106 28 Glück.
1240 329 116 29 Jedoch
1387 338 49 20 am
1467 330 83 32 Tage
1592 330 53 30 des
1677 329 297 30 Zusammenbruchs

1088 379 78 27 wird
1195 380 46 27 ein
1268 387 176 24 sorgsamer
1474 380 155 29 Lauscher
1668 381 55 28 das
1761 380 123 29 Lachen
1923 379 55 29 des

1088 427 168 32 Ungetüms
1284 429 104 34 hören,
1414 432 86 27 unter
1529 430 58 28 den
1615 429 180 29 Trümmern
1824 430 55 28 das
1907 437 54 20 ver-

1088 478 119 29 steckte
1229 478 143 31 Kichern:
1407 480 53 28 der
1483 479 74 29 Geiz
1578 488 66 20 war
1668 480 48 33 da,
1737 480 49 28 ihn
1808 479 83 29 hatte
1915 479 47 28 nie-

1088 527 91 29 mand
1204 528 152 30 beachtet.

1143 577 100 29 Wenn
1274 579 52 28 der
1356 577 127 30 Mensch
1513 579 65 28 sich
1605 579 95 28 selbst
1730 578 88 34 prüft,
1850 579 128 28 erkennt

1089 636 32 20 er
1148 628 49 28 die
1224 627 206 34 Hauptlaster,
1460 629 94 28 deren
1582 628 116 29 Namen
1735 637 32 20 er
1796 628 89 34 weiß,
1924 637 36 19 un-

1088 677 121 29 schwer
1231 679 29 27 in
1282 678 100 28 seiner
1402 677 98 30 Seele.
1542 678 43 28 Im
1606 678 87 31 Kreis
1716 678 53 29 der
1791 678 187 28 Todsünden

1088 727 66 28 sind
1178 729 97 31 einige
1298 727 209 35 aufdringlich,
1527 728 94 29 andre
1644 728 81 29 nicht
1747 736 34 21 so
1804 729 80 28 sehr.
1916 727 61 29 Der

1089 776 75 29 Geiz
1188 777 78 28 wird
1289 777 97 30 selten
1409 777 148 29 bemerkt.
1592 777 89 30 Einer
1705 778 82 28 kann
1810 779 66 28 sein
1899 777 60 29 Leb-

1088 828 52 30 tag
1163 826 142 30 Geizhals
1329 835 147 24 gewesen
1497 829 65 27 sein
1585 828 60 28 und
1670 828 97 33 stirbt,
1791 828 61 28 und
1877 828 100 28 seines

1089 876 110 29 Geizes
1226 877 88 28 ward
1342 885 32 21 er
1400 877 82 29 nicht
1507 879 78 27 inne.

1144 925 101 30 Ueber
1293 927 128 28 manche
1469 926 196 30 Verbrechen
1723 927 123 29 scherzt
1893 934 84 24 man;

1088 976 129 29 manche
1238 977 100 28 rühmt
1361 985 69 20 man
1453 978 52 27 mit
1527 976 93 29 Stolz.
1659 976 74 29 Man
1752 977 124 28 scherzt
1896 977 82 28 nicht

1088 1026 74 28 über
1187 1026 58 29 den
1269 1026 75 29 Geiz
1368 1026 59 28 und
1453 1026 100 29 rühmt
1576 1027 64 28 sich
1663 1027 81 28 nicht
1769 1028 109 32 seiner,
1904 1026 73 28 aber

1088 1084 70 20 man
1183 1076 89 29 nährt
1296 1076 50 28 ihn
1371 1076 89 32 lange
1488 1077 52 28 mit
1566 1077 70 28 dem
1660 1075 156 35 Herzblut,
1843 1076 135 33 solange,

1088 1125 45 29 bis
1154 1134 70 19 man
1246 1128 45 27 tot
1312 1126 46 29 ist.

1144 1176 61 28 Der
1224 1176 158 29 heimliche
1403 1176 97 28 Götze
1517 1178 39 27 ist
1574 1177 47 27 ein
1639 1177 115 31 traurig
1772 1175 88 34 Ding,
1876 1177 82 30 gräm-

1087 1225 67 34 lich,
1183 1225 144 34 greulich,
1356 1225 176 33 unheilvoll;
1573 1226 147 33 dennoch,
1757 1226 30 27 in
1824 1225 48 29 die
1899 1233 79 25 ganz

1088 1275 242 29 unterirdischen
1359 1275 59 28 und
1446 1275 215 29 innerlichsten
1690 1274 205 29 Einzelheiten
1924 1275 54 28 des

1089 1324 130 29 Daseins
1239 1325 52 32 gilt
1312 1334 33 20 es
1364 1325 236 34 vorzudringen,
1621 1325 62 28 will
1703 1333 71 20 man
1794 1326 66 27 sein
1883 1324 76 29 dunk-

1088 1375 44 28 les
1157 1374 112 29 Antlitz
1295 1374 152 29 erfassen:
1482 1383 17 20 o
1525 1375 99 29 dieser
1650 1375 97 29 Götze
1773 1374 120 29 heischt
1916 1383 62 19 von

1088 1426 105 27 seinen
1233 1424 169 32 Gläubigen
1443 1425 65 28 eine
1548 1424 234 32 Dauerspende:
1834 1426 126 27 ununter-

1088 1474 135 29 brochen
1253 1475 44 28 ihr
1326 1474 113 29 Leben.
1488 1474 39 28 Er
1557 1475 135 31 begnügt
1722 1474 63 29 sich
1815 1473 82 30 nicht
1926 1475 52 28 mit

1088 1524 70 28 dem
1184 1524 102 33 Wort;
1327 1533 32 19 er
1388 1524 61 29 will
1477 1526 47 27 ein
1551 1524 184 33 wirkliches,
1762 1523 216 30 tatsächliches

1088 1573 105 33 Opfer.
1234 1573 38 29 Er
1293 1575 40 27 ist
1354 1574 47 28 ein
1423 1574 102 28 harter
1547 1573 89 34 Herr,
1657 1574 91 28 treibt
1768 1575 83 27 seine
1873 1573 105 29 Macht

1088 1625 45 28 ins
1152 1623 208 34 Ungemeßne,
1381 1624 60 28 und
1461 1623 116 30 Mitleid
1599 1625 37 28 ist
1658 1624 61 27 ihm
1740 1623 108 29 fremd.

1514 1730 38 28 IV

1145 1796 68 29 Wie
1232 1796 84 32 jeder
1338 1796 171 29 Liebhaber
1532 1796 51 29 hat
1606 1796 77 29 auch
1706 1796 53 29 der
1783 1795 125 32 Geizige
1931 1797 47 27 ein

1088 1847 156 28 zuinnerst
1265 1846 273 32 verschwiegenes
1557 1846 153 28 Vorurteil
1734 1846 60 28 und
1817 1845 162 29 verbindet

1089 1904 32 20 es
1148 1897 53 27 mit
1226 1896 97 29 allem.

1144 1945 240 34 Angenommen,
1415 1947 82 27 einer
1526 1947 85 28 wäre
1641 1945 82 29 sanft
1752 1945 61 28 und
1844 1945 136 31 anmutig

1089 1995 120 34 höflich,
1233 1997 104 30 wagte
1361 1995 107 29 weder
1492 2004 38 20 zu
1552 1995 251 32 widersprechen
1828 1995 79 28 noch
1932 1994 48 29 die

1089 2044 127 30 Stimme
1239 2054 39 19 zu
1302 2045 107 28 heben.
1453 2044 59 29 Um
1536 2053 61 19 nun
1622 2045 58 27 den
1705 2044 197 33 Augenblick,
1928 2051 51 21 v/o

1089 2096 65 27 sein
1174 2094 114 32 Abgott
1307 2094 134 29 sichtbar
1461 2094 88 34 wird,
1569 2094 114 32 gerade
1702 2094 86 29 recht
1807 2102 38 20 zu
1865 2093 98 33 ergrei-

1088 2144 59 34 fen,
1184 2143 69 29 muß
1288 2152 69 20 man
1394 2144 49 28 ihn
1470 2145 29 28 in
1527 2145 99 28 seiner
1653 2143 209 30 Häuslichkeit
1889 2143 72 29 über-

1089 2194 140 29 raschen.
1275 2194 39 28 Er
1342 2194 94 28 selbst
1463 2194 79 29 sieht
1570 2194 105 29 diesen
1702 2193 188 32 Augenblick
1917 2201 62 20 von

1089 2244 71 28 sehr
1183 2244 129 29 weither
1336 2244 152 33 kommen,
1509 2244 61 28 und
1594 2245 84 27 seine
1702 2242 90 35 Züge,
1817 2243 47 29 bis
1889 2243 90 29 dahin

1092 2301 54 21 aus
1178 2294 82 27 einer
1291 2293 54 29 Art
1376 2293 194 32 allgemeiner
1603 2293 221 32 Gutmütigkeit
1853 2300 102 21 zusam-

1089 2351 220 25 mengezogen,
1328 2343 142 29 kräuseln
1493 2343 63 28 sich
1575 2343 141 28 leichthin
1738 2343 59 28 und
1819 2351 34 20 so
1875 2343 44 28 als
1940 2343 38 27 ob

1089 2401 69 20 man
1185 2394 97 27 einem
1311 2393 57 28 den
1396 2392 87 33 Rand
1510 2394 81 27 einer
1628 2392 124 29 frühern
1778 2392 120 29 Wunde
1926 2393 35 27 be-

1090 2442 112 30 rührte.
1249 2442 31 28 In
1307 2443 59 27 ihm
1394 2442 55 29 das
1476 2442 182 32 Ungeheuer
1686 2442 51 28 hat
1764 2442 65 28 sich
1855 2442 124 32 bewegt

1090 2492 60 28 und
1169 2493 55 28 hat
1244 2492 50 29 ihn
1317 2493 192 28 erschüttert.
1549 2491 108 33 Dringt
1680 2500 70 20 man
1771 2493 117 32 weiter,
1914 2493 48 26 ant-

1089 2544 113 27 wortet
1225 2542 54 29 das
1304 2542 153 32 Ungetüm
1481 2542 52 27 mit
1559 2543 82 27 einer
1667 2550 97 20 neuen
1789 2541 189 33 Bewegung,

1090 2593 82 27 einer
1199 2600 90 20 wenn
1318 2592 76 28 auch
1423 2592 150 32 plumpen,
1602 2591 77 29 doch
1708 2599 79 24 ganz
1815 2592 163 31 gewissen,

1090 2641 60 28 und
1178 2641 123 29 obwohl
1330 2642 49 28 ihn
1406 2641 160 29 scheinbar
1606 2641 96 29 nichts
1740 2641 148 29 Düsteres
1926 2641 35 28 be-

1089 2691 152 33 schäftigt,
1272 2691 184 29 verdüstern
1486 2691 63 28 sich
1580 2691 54 28 des
1676 2690 145 32 Geizigen
1862 2689 116 33 Augen.

1089 2740 56 29 Die
1168 2740 222 32 Unterhaltung
1412 2740 61 29 hält
1495 2740 194 32 keineswegs
1714 2741 48 27 bei
1785 2740 192 32 Wichtigem,

1089 2790 133 28 sondern
1238 2791 67 28 rollt
1323 2790 177 32 spielerisch
1517 2790 142 28 tändelnd
1676 2789 62 33 hin;
1766 2790 72 28 aber
1857 2789 104 32 irgend-

1089 2848 50 20 wo
1154 2840 52 28 hat
1223 2841 53 28 der
1295 2840 124 32 Geizige
1437 2841 27 26 in
1483 2840 96 27 einem
1598 2839 97 34 Wort,
1711 2841 29 27 in
1757 2841 96 27 einem
1871 2838 106 29 Hauch

1090 2890 47 27 die
1157 2890 215 28 nachbarnahe
1392 2889 184 31 Bedrohung
1596 2897 212 20 vernommen:
1830 2889 77 32 dort,
1927 2896 50 20 wo

1090 2938 69 29 kein
1180 2939 110 29 andrer
1310 2940 55 28 das
1385 2940 154 31 geringste
1560 2938 83 29 hätte
1664 2938 124 33 gesehn,
1808 2938 52 29 hat
1881 2947 31 19 er
1933 2940 44 26 sie

1091 2988 127 29 erkannt
1254 2989 60 28 und
1343 2990 28 27 in
1400 2989 114 28 seinem
1543 2987 120 29 Herzen
1692 2988 47 29 die
1768 2987 129 32 Regung
1923 2988 54 27 des

1089 3037 179 34 Ungetüms,
1291 3039 52 28 der
1368 3037 160 33 Innenlast,
1553 3037 130 29 deutlich
1707 3039 152 30 verspürt.
1901 3036 75 29 Bald

1090 3087 110 29 schläft
1222 3096 41 25 es,
1283 3088 70 28 bald
1375 3088 85 28 zehrt
1482 3095 45 20 es:
1559 3095 91 20 wenn
1670 3096 32 20 es
1724 3088 118 31 schläft,
1865 3088 37 27 ist
1923 3086 53 28 der

1091 3137 141 29 Geizhals
1253 3139 172 31 vergrämt;
1456 3144 91 20 wenn
1568 3145 32 20 es
1622 3136 94 33 zehrt,
1738 3138 38 26 ist
1797 3145 31 19 er
1849 3138 127 26 munter.

1521 3243 25 28 V

1147 3309 55 28 Die
1230 3310 115 28 andern
1370 3309 254 29 Leidenschaften
1651 3309 148 31 sprechen
1828 3316 48 20 am
1904 3308 59 28 lieb-

1091 3361 68 26 sten
1185 3366 61 21 von
1275 3359 58 28 den
1361 3358 167 29 Menschen
1556 3358 74 29 oder
1661 3358 57 28 den
1749 3358 118 31 Dingen
1896 3358 81 28 ihres

1091 3408 223 31 Gegenstands.
1362 3408 61 29 Der
1453 3408 123 31 Geizige
1603 3408 71 28 liebt
1702 3407 54 29 das
1784 3406 193 32 Schweigen.

1091 3456 96 30 Kaum
1212 3460 84 30 wagt
1322 3467 40 24 er,
1389 3459 54 27 das
1469 3457 75 28 Geld
1569 3458 53 28 mit
1644 3456 115 29 Namen
1785 3465 37 19 zu
1849 3464 128 25 nennen,

1088 3507 64 28 «und
1178 3515 90 20 wenn
1295 3516 32 19 er
1355 3516 32 20 es
1413 3509 100 31 nennt,
1538 3509 44 26 tut
1609 3515 32 20 er
1668 3514 32 21 es
1726 3506 89 33 nicht,
1841 3514 49 20 um
1915 3514 61 19 von

1091 3557 99 27 seiner
1218 3556 92 29 Liebe
1338 3565 37 19 zu
1404 3556 157 33 sprechen.

1147 3605 55 29 Die
1232 3605 203 29 Oberflächen
1464 3605 97 29 lieben
1591 3605 46 29 die
1665 3605 94 33 Rede,
1796 3605 47 29 die
1872 3603 105 30 Tiefen

1092 3655 55 28 das
1168 3653 192 34 Schweigen.

1148 3704 54 28 Die
1240 3705 126 28 meisten
1404 3704 252 29 Leidenschaften
1693 3704 66 28 sind
1799 3704 47 28 die
1885 3704 74 28 nach-

1092 3754 169 28 ahmenden
1285 3753 128 29 Zeichen
1437 3754 52 28 der
1513 3752 183 30 Oberfläche
1718 3753 59 28 und
1799 3753 178 29 schwatzen

1091 3805 53 27 mit
1169 3803 192 32 Vergnügen.

1148 3852 61 29 Der
1237 3852 75 29 Geiz
1339 3853 39 28 ist
1406 3853 55 28 das
1490 3852 229 29 nachahmende
1757 3852 128 29 Zeichen
1924 3852 53 28 der

1091 3902 98 32 Tiefe;
1227 3911 32 19 er
1285 3902 149 31 schweigt
1460 3904 52 26 mit
1537 3901 222 29 Leidenschaft.

2108 133 61 29 Der
2192 135 124 32 Geizige
2337 136 137 31 verbirgt
2497 137 63 28 sein
2584 136 174 28 Geheimnis
2779 136 81 29 nicht
2881 144 55 20 nur

2053 183 59 29 den
2137 184 123 34 andern,
2286 193 32 20 er
2340 185 138 32 verbirgt
2504 195 32 19 es
2562 186 77 28 auch
2663 193 56 20 vor
2746 185 63 28 sich
2834 185 103 29 selbst.

2054 233 81 28 Gern
2163 234 102 29 möcht
2291 243 31 21 er
2348 235 63 28 sich
2436 235 74 28 über
2537 235 57 28 den
2621 234 56 29 Ort
2705 234 155 34 täuschen,
2887 243 50 20 wo

2052 283 177 29 verscharrt
2256 284 77 33 ruht,
2359 292 67 21 was
2453 293 32 20 er
2512 285 132 29 anbetet.

2109 332 49 28 Ich
2178 334 86 27 wäre
2285 333 81 29 nicht
2385 336 145 31 erstaunt,
2551 343 90 20 wenn
2663 334 53 28 der
2739 334 125 31 Geizige
2884 333 36 29 da-

2053 390 37 19 zu
2116 382 149 33 gelangte,
2291 383 63 28 sich
2378 391 57 20 vor
2460 384 64 28 sich
2551 384 94 28 selbst
2671 384 59 28 wie
2756 391 57 20 vor
2841 383 98 29 einem

2053 430 221 34 Nebenbuhler,
2292 433 29 30 ja
2340 433 58 28 wie
2417 441 56 20 vor
2495 434 97 28 einem
2612 433 95 28 Diebe
2727 442 38 19 zu
2784 432 152 29 fürchten:

2054 489 34 19 so
2115 480 70 29 sehr
2213 481 194 32 eifersüchtig
2432 483 38 28 ist
2496 483 83 28 seine
2606 483 150 28 Andacht!

2109 529 158 29 Vielleicht
2284 530 66 28 sind
2368 532 28 27 in
2413 532 59 27 ihm
2488 533 79 27 zwei
2584 532 175 34 Menschen,
2777 532 60 28 und
2856 532 83 28 einer

2053 579 102 29 wüßte
2184 580 101 32 wenig
2313 588 62 20 von
2405 581 67 28 dem
2501 581 123 29 andern.
2672 581 53 29 Oft
2752 582 126 29 rechnet
2906 590 33 20 er

2055 631 53 26 mit
2138 629 127 34 Dingen,
2297 630 93 27 deren
2420 629 192 30 Zahlenwert
2650 640 31 19 er
2722 633 57 26 seit
2817 632 122 31 langem

2054 679 106 32 kennt;
2194 687 84 20 zwar
2302 679 51 28 hat
2375 688 31 20 er
2430 680 47 28 die
2500 680 97 31 Dinge
2622 681 97 28 seiner
2744 680 177 30 Berechnun-

2053 737 59 23 gen
2130 737 57 20 vor
2208 729 73 33 sich,
2300 728 78 29 doch
2399 736 70 24 mag
2489 729 49 28 ihn
2558 729 100 29 dieses
2678 730 181 28 schrecken:
2891 730 48 28 die

2055 779 87 28 einen
2166 778 134 29 könnten
2321 778 246 34 verschwinden,
2591 779 148 28 während
2763 788 31 21 er
2820 788 37 19 zu
2882 779 58 29 den

2055 828 115 28 andern
2191 828 158 32 übergeht.

2111 878 61 28 Der
2203 878 124 32 Geizige
2357 877 51 29 hat
2437 878 190 32 gleichzeitig
2667 878 47 28 die
2752 878 95 32 Angst
2886 878 54 29 des

2055 927 136 33 Bürgers
2227 927 60 28 und
2325 927 54 30 des
2418 927 216 29 Abenteurers.
2682 927 62 30 Das
2775 928 84 34 Geld,
2886 927 56 30 das

2054 979 84 27 seine
2162 977 85 33 Tage
2272 977 129 34 ausfüllt,
2425 977 65 28 füllt
2514 977 76 28 auch
2613 978 84 27 seine
2719 976 125 29 Nächte.
2878 977 64 28 Das

2055 1027 76 29 Geld
2151 1027 145 29 verheert
2317 1027 58 28 den
2394 1026 130 29 Bereich
2546 1027 99 28 seiner
2667 1026 139 34 Träume,
2828 1026 60 29 und
2909 1035 32 20 er

2054 1078 114 27 träumt
2186 1077 76 28 auch
2283 1077 78 28 noch
2382 1077 38 28 im
2441 1076 147 29 Wachen.
2627 1075 39 30 Es
2686 1077 37 28 ist
2744 1078 66 27 eine
2828 1075 98 30 furcht-

2054 1126 74 29 bare
2164 1125 108 35 Sache,
2309 1127 220 33 mitanzusehn,
2557 1127 59 28 wie
2645 1126 64 29 sich
2739 1125 47 30 die
2814 1125 112 32 Kupfer-

2055 1176 106 29 stücke
2188 1176 108 29 einmal
2323 1176 53 29 der
2403 1177 190 31 gemeinsten
2618 1175 143 29 Notdurft
2787 1176 60 28 und
2874 1175 70 29 dem

2055 1226 157 29 elendsten
2231 1225 183 29 Stückwerk
2435 1226 54 29 des
2508 1226 213 28 Außenlebens
2740 1225 203 33 vermischen,

2055 1277 67 28 eine
2147 1275 178 30 furchtbare
2352 1275 109 34 Sache,
2508 1277 43 28 sie
2579 1276 79 28 dann
2686 1277 46 27 ins
2761 1274 183 29 Innenleben

2055 1325 150 29 einlaufen
2227 1334 38 19 zu
2286 1325 84 34 sehn,
2391 1326 196 28 hineinrollen
2608 1326 45 28 ins
2676 1324 70 30 Blut
2768 1325 54 28 der
2844 1324 98 34 Seele,

2055 1375 60 28 und
2144 1375 58 28 daß
2231 1376 44 28 sie
2302 1375 48 28 die
2377 1374 106 33 Augen
2510 1376 29 27 in
2567 1376 97 28 einem
2690 1374 253 29 verschwärzten

2055 1425 97 28 Feuer
2176 1424 187 29 aufbrennen
2385 1425 111 33 lassen,
2518 1425 45 28 die
2589 1424 139 32 Wangen
2751 1423 107 30 färben
2882 1424 60 29 und

2056 1475 48 28 die
2120 1474 118 32 Lippen
2255 1474 134 29 erbeben
2408 1475 137 28 machen.
2572 1474 50 29 Sie
2640 1474 99 29 haben
2757 1474 54 29 das
2830 1473 97 33 Heilig-

2055 1526 63 26 tum
2144 1524 52 28 der
2223 1524 88 29 Seele
2336 1526 180 27 verwüstet.

2111 1573 66 29 Nun
2199 1575 39 27 ist
2259 1574 73 28 alles
2354 1574 138 33 möglich,
2514 1573 95 29 selbst
2629 1575 83 27 seine
2734 1572 209 30 schauerliche

2055 1623 148 30 Andacht.

2111 1673 43 28 Im
2174 1673 184 32 Schweigen
2380 1673 52 28 der
2454 1672 98 29 Nacht
2572 1673 82 29 betet
2674 1673 54 28 der
2751 1672 124 33 Geizige
2895 1680 48 26 an,

2055 1731 67 21 was
2146 1723 69 29 kein
2238 1722 85 33 Auge
2347 1722 72 30 faßt.

2477 1822 38 28 VI

2112 1872 92 28 Jeder
2234 1872 125 33 Glaube,
2388 1872 38 28 ob
2455 1872 97 33 wahr,
2591 1872 38 28 ob
2668 1871 105 34 falsch,
2803 1871 141 32 verlangt

2057 1922 55 28 das
2133 1922 105 32 Opfer.
2279 1921 61 29 Der
2365 1922 124 32 Geizige
2511 1920 99 34 opfert
2632 1922 115 28 seinem
2769 1920 121 34 Abgott,
2911 1929 32 20 er

2056 1971 100 32 opfert
2180 1971 70 34 viel,
2277 1980 32 20 er
2336 1971 100 32 opfert
2465 1971 86 29 alles:
2591 1980 31 19 er
2650 1971 100 32 opfert
2776 1972 84 27 seine
2887 1969 38 29 Fa-

2056 2021 88 33 milie,
2189 2023 84 26 seine
2302 2020 187 34 Neigungen,
2538 2022 83 28 seine
2652 2020 196 33 Gesundheit,
2879 2021 65 28 sein

2056 2070 114 33 Leben.,
2197 2070 99 29 Wenn
2317 2070 94 30 andre
2429 2070 172 32 Begierden
2620 2070 64 29 sich
2703 2072 29 26 in
2749 2070 61 28 ihm
2829 2070 95 31 begeg-

2056 2128 58 20 nen
2136 2121 60 27 und
2218 2121 52 27 mit
2292 2121 69 27 dem
2385 2120 74 28 Geiz
2482 2121 29 27 in
2533 2119 93 29 Streit
2646 2121 136 32 geraten,
2805 2119 60 29 ihm
2889 2127 37 20 un-

2055 2170 130 31 bequem
2211 2170 75 33 sind,
2311 2170 61 28 ihm
2397 2169 258 34 widersprechen,
2680 2169 80 28 dann
2786 2169 77 28 wird
2888 2169 54 28 der

2057 2219 73 29 Geiz
2157 2220 81 28 wohl
2265 2219 107 32 Sieger
2398 2220 128 28 bleiben.

2111 2268 63 30 Das
2198 2269 95 32 Opfer
2319 2269 54 29 des
2401 2269 146 32 Geizigen
2573 2270 39 28 ist
2637 2268 86 29 darin
2748 2268 194 33 schmählich,

2056 2319 57 28 daß
2137 2328 31 19 er
2191 2321 76 27 stets
2290 2319 55 28 das
2366 2318 59 29 Ziel
2450 2319 108 33 opfert,
2581 2318 194 32 gleichgültig
2798 2317 144 33 welches,

2055 2371 170 30 zugunsten
2253 2368 120 34 dessen,
2401 2376 68 21 was
2498 2368 126 29 niemals
2653 2368 70 33 Ziel,
2750 2369 107 27 immer
2885 2375 57 21 nur

2055 2417 97 30 Mittel
2173 2420 67 27 sein
2258 2418 108 28 dürfte.
2405 2417 40 30 Es
2467 2419 37 27 ist
2526 2418 73 33 klar,
2621 2418 57 28 daß
2699 2418 54 28 das
2775 2417 76 29 Geld
2873 2416 69 29 bloß

2055 2469 87 27 einen
2171 2467 225 30 darstellenden
2422 2467 87 29 Wert
2539 2468 64 32 hat;
2643 2476 31 20 es
2704 2469 37 27 ist
2771 2475 98 24 genau
2907 2475 35 20 so

2054 2517 136 34 kostbar,
2214 2519 60 27 wie
2298 2517 48 28 die
2372 2517 106 33 Dinge,
2502 2517 48 28 die
2574 2525 70 20 man
2669 2516 87 29 dafür
2780 2517 162 28 erwerben

2054 2567 89 29 kann.
2188 2567 45 28 An
2260 2567 60 28 und
2346 2566 46 30 für
2419 2568 64 28 sich
2509 2569 86 30 taugt
2622 2575 32 21 es
2681 2566 82 30 nicht
2798 2567 55 28 das
2890 2575 36 23 ge-

2054 2617 124 32 ringste.
2209 2616 74 29 Wer
2307 2616 73 30 alles
2402 2616 97 29 Silber
2524 2616 60 28 und
2607 2616 77 29 Gold
2709 2616 52 29 der
2786 2615 81 29 Welt
2890 2616 35 28 be-

2054 2666 82 34 säße,
2160 2667 79 28 ohne
2261 2667 137 31 zugleich
2422 2667 48 28 die
2492 2665 206 35 Möglichkeit,
2723 2674 31 21 es
2778 2674 144 20 anzuwen-

2055 2716 67 33 den,
2145 2717 86 28 wäre
2254 2724 65 20 arm
2342 2717 59 28 wie
2425 2716 114 29 keiner.

2109 2765 62 29 Der
2200 2766 125 31 Geizige
2350 2766 102 32 bringt
2479 2766 65 28 sich
2568 2766 30 28 in
2626 2766 100 28 dieses
2753 2764 102 29 Elend.
2902 2764 38 28 Er

2053 2815 94 29 bietet
2170 2816 69 28 dem
2262 2815 76 29 Geld
2362 2816 55 28 das
2440 2815 95 32 Opfer
2560 2815 54 29 des
2638 2815 184 32 Reichtums.
2853 2813 87 29 Denn

2054 2864 159 32 Reichtum
2240 2865 60 28 und
2330 2865 85 33 Geld,
2442 2866 73 28 weit
2543 2864 139 34 entfernt,
2718 2864 59 27 ihm
2806 2865 46 26 ein
2880 2863 60 28 und

2054 2914 141 29 dasselbe
2220 2924 38 19 zu
2285 2915 73 34 sein,
2383 2915 67 28 sind
2476 2915 60 28 ihm
2561 2914 68 28 bloß
2656 2915 78 27 zwei
2760 2912 179 29 Ausdrücke

2053 2964 206 32 unbedingten
2281 2964 247 32 Widerspruchs.
2561 2963 37 29 Je
2620 2963 84 27 mehr
2730 2971 31 20 er
2785 2962 55 29 das
2864 2961 76 29 Geld

2053 3013 81 34 liebt,
2159 3022 39 20 zu
2223 3014 87 29 desto
2336 3014 142 32 größerm
2504 3013 92 28 Elend
2624 3012 158 29 verurteilt
2808 3020 32 20 er
2866 3011 73 30 sich.

2053 3062 59 29 Auf
2136 3063 69 29 dem
2227 3063 103 29 Altare
2355 3065 100 27 seines
2478 3063 130 31 Abgotts
2631 3062 169 29 schlachtet
2824 3070 32 20 er
2880 3062 60 28 den

2054 3112 168 32 Reichtum.
2271 3112 74 29 Was
2376 3114 48 26 ein
2452 3111 97 29 Mittel
2579 3119 75 25 war,
2695 3112 38 28 ist
2772 3111 60 28 ihm
2871 3119 69 19 zum

2054 3161 112 29 Zweck
2189 3162 176 33 geworden,
2387 3161 82 33 alles,
2490 3169 68 20 was
2579 3160 111 29 Zweck
2713 3161 46 33 ist,
2781 3161 77 28 wird
2878 3160 61 29 ihm

2053 3220 68 19 zum
2144 3211 106 30 Mittel.

2111 3262 39 28 Er
2173 3261 171 29 betrachtet
2366 3260 47 29 die
2435 3260 124 34 Wesen,
2582 3268 34 21 so
2635 3260 130 29 lebende
2787 3260 58 28 wie
2869 3262 71 30 tote,

2053 3311 44 28 als
2130 3311 98 31 Wege
2264 3318 37 20 zu
2336 3310 97 27 einem
2469 3309 193 29 bestimmten
2699 3308 238 32 Schwerpunkt:

2053 3360 60 28 und
2132 3360 99 28 dieser
2249 3358 225 32 Schwerpunkt
2491 3360 39 27 ist
2548 3359 55 28 das
2620 3361 108 31 starre,
2747 3358 90 33 kalte,
2853 3359 69 26 nutz-

2052 3410 64 28 lose
2134 3408 84 30 Geld.
2251 3408 109 29 Dieses
2378 3408 75 28 Geld
2469 3410 39 27 ist
2525 3408 60 28 ihm
2602 3408 55 28 das
2674 3408 82 28 Herz
2773 3408 53 29 des
2843 3406 77 30 Welt-

2053 3458 63 33 alls,
2144 3458 58 27 und
2229 3465 33 21 es
2289 3457 119 32 schlägt
2433 3458 90 33 nicht,
2549 3458 100 28 dieses
2677 3457 89 28 Herz.

2109 3507 80 28 Aber
2206 3506 80 29 nicht
2304 3515 55 20 nur
2377 3509 105 26 seinen
2500 3507 159 32 Reichtum
2677 3506 100 32 opfert
2795 3506 53 29 der
2868 3505 54 29 Gei-

2053 3558 66 31 zige
2148 3556 69 28 dem
2246 3556 85 33 Geld,
2370 3556 54 29 das
2453 3556 75 29 Geld
2558 3556 94 29 selbst
2680 3555 99 32 opfert
2807 3564 32 20 er
2869 3555 68 29 dem

2054 3606 104 28 Gelde.
2185 3605 99 31 Wenn
2304 3613 41 25 er,
2366 3614 49 19 um
2434 3606 59 28 viel
2513 3614 38 20 zu
2571 3605 176 33 verdienen,
2769 3606 47 27 ein
2836 3605 101 31 wenig

2053 3655 154 31 ausgeben
2230 3654 111 34 müßte,
2364 3655 79 28 wird
2465 3664 40 24 er,
2528 3656 105 27 mitten
2656 3655 39 27 im
2717 3653 98 30 Anfall
2838 3655 99 28 seiner

2051 3703 223 34 Leidenschaft,
2295 3704 83 29 diese
2397 3704 162 31 Trennung
2579 3704 80 28 nicht
2678 3704 75 28 über
2773 3704 63 28 sich
2856 3704 64 27 brin-

2051 3761 68 24 gen.
2161 3752 39 29 Er
2223 3753 170 29 verzichtet
2417 3752 51 29 auf
2490 3753 54 28 das
2569 3752 187 30 abwesende
2780 3753 84 32 Geld,
2886 3760 34 20 so-

2051 3803 59 28 viel
2134 3810 33 21 es
2189 3802 75 29 auch
2288 3804 96 32 wäre,
2405 3805 169 29 zugunsten
2598 3802 54 29 des
2676 3802 258 32 gegenwärtigen,

2051 3852 77 28 noch
2164 3859 35 21 so
2235 3852 180 32 spärlichen.
2461 3851 174 32 Zugunsten
2672 3852 53 28 des
2763 3850 172 29 sichtbaren

2052 3901 113 29 Geldes
2187 3903 122 29 entsagt
2333 3909 31 20 er
2387 3901 68 28 dem
2479 3900 223 29 unsichtbaren.
