2258 3845
142 244 80 49 276

849 250 227 27 THEATRES
1110 250 51 26 ET
1194 247 231 29 CONCERTS

143 343 94 38 nale
260 343 102 37 dont
386 343 86 35 Mlle
490 342 48 36 A.
566 340 219 38 Sauvrezis
809 353 21 25 a
852 340 119 38 traité
995 340 307 52 YEpigramme
1314 335 227 54 funéraire
1560 335 50 37 de
1637 333 200 38 Hérédia.
1870 333 67 36 Un
1960 334 180 37 récitatif

143 406 52 36 de
213 406 135 45 ténor,
373 411 181 30 soutenu
578 415 74 37 par
680 404 72 36 des
776 404 174 36 accords
975 402 50 37 de
1042 402 143 49 harpe.
1213 402 64 42 Et,
1312 399 227 44 là-dessus,
1570 409 58 24 un
1665 404 400 40 accompagnement
2087 396 49 37 de

141 464 103 38 trois
267 463 96 38 voix
383 463 50 37 de
458 461 189 47 femmes,
675 461 21 37 à
713 461 220 47 l'unisson,
955 474 51 25 en
1042 459 184 39 manière
1249 460 50 36 de
1339 459 148 37 thrène
1519 459 185 49 antique.
1728 456 144 38 L'effet
1894 465 61 29 est
1977 457 159 50 exquis.

195 524 265 38 L'ensemble
478 522 146 38 mérite
644 532 96 29 tous
764 524 59 37 les
861 524 155 49 éloges.
1043 524 77 36 Les
1145 521 97 39 voix
1264 529 95 30 sont
1385 520 98 38 bien
1504 520 181 37 fondues
1705 531 8 26 :
1745 531 54 24 on
1843 517 169 38 croirait
2046 521 92 34 ouïr

143 589 71 36 des
233 587 276 36 instruments
531 587 103 36 dans
656 599 58 24 un
752 586 229 37 orchestre.
1008 586 63 35 En
1102 595 46 26 ce
1176 583 213 50 temps-ci,
1420 583 99 37 c'est
1558 582 36 37 le
1634 581 190 38 meilleur
1866 579 273 50 compliment

141 651 128 49 qu'on
287 649 143 49 puisse
456 649 189 37 adresser
667 649 22 36 à
712 649 71 37 des
806 648 238 38 chanteurs.
1067 646 115 38 Jadis
1206 658 55 25 on
1292 646 204 47 avançait,
1521 657 50 25 au
1594 643 223 46 contraire,
1843 655 79 38 que
1949 644 50 36 de
2031 644 107 36 bons

141 712 273 36 instruments
435 710 195 38 devaient
648 712 170 36 chanter
852 722 163 25 comme
1048 709 72 38 des
1143 708 96 37 voix
1275 707 236 38 humaines.
1537 707 34 37 Il
1599 706 87 37 faut
1726 705 98 38 bien
1865 705 183 49 changer
2080 717 58 25 un

140 785 96 37 peu,
268 781 39 30 et
330 773 150 48 savoir,
507 773 21 37 à
550 772 242 48 l'occasion,
817 771 233 38 intervertir
1063 771 59 37 les
1140 769 283 50 métaphores.

193 836 59 36 La
275 834 189 39 dernière
486 835 149 37 séance
674 835 49 38 de
747 835 39 38 la
811 834 225 39 Chanterie
1060 845 21 25 a
1109 832 62 38 été
1213 832 167 37 donnée
1399 832 37 36 le
1469 830 118 38 lundi
1611 844 21 36 9
1671 828 88 52 juin
1799 841 98 27 avec
1935 829 38 38 le
2002 829 134 38 même

1670 894 43 36 P.
1743 892 243 38 GLACHANT.

141 897 160 39 succès.

192 1022 138 36 SCOLA
353 1022 258 36 CANTORUM.

724 1021 56 37 Le
806 1032 37 25 11
886 1019 89 50 juin
1008 1019 57 36 M.
1092 1018 148 47 Risler,
1265 1018 164 37 devenu
1470 1016 99 39 chef
1587 1016 270 46 d'orchestre,
1882 1014 253 46 conduisait,

139 1095 98 26 avec
261 1083 221 49 beaucoup
506 1084 49 36 de
596 1082 212 49 précision
844 1089 39 30 et
903 1080 326 49 d'intelligence,
1253 1079 250 38 l'ouverture
1541 1079 227 50 à'Egmont
1809 1086 39 29 et
1870 1085 108 30 cette
2013 1077 101 37 VIII
2121 1084 13 16 e

139 1145 250 49 symphonie
411 1153 94 41 trop
527 1157 82 37 peu
651 1156 180 32 connue,
872 1143 33 37 si
929 1142 156 38 fraîche
1108 1150 39 30 et
1180 1142 32 37 si
1236 1142 130 45 saine,
1407 1153 80 37 que
1531 1142 56 35 M.
1632 1141 270 41 d'Harcourt,
1928 1138 33 38 si
2003 1139 36 49 je
2083 1150 50 25 ne

139 1207 201 46 m'abuse,
360 1215 170 40 excepte
552 1207 49 37 de
621 1206 250 37 l'anathème
888 1210 119 44 porté
1028 1217 74 37 par
1124 1204 59 37 lui
1204 1216 70 25 sur
1295 1204 59 36 les
1373 1202 210 38 dernières
1607 1214 163 26 œuvres
1790 1202 51 37 de
1874 1201 260 38 Beethoven.

139 1269 67 36 On
235 1281 22 24 a
284 1268 73 37 fait
378 1281 57 24 un
458 1267 145 38 succès
623 1266 145 38 mérité
800 1279 51 25 au
874 1267 123 49 jeune
1021 1266 98 37 chef
1134 1274 39 29 et
1195 1278 51 24 au
1260 1266 122 48 jeune
1406 1264 228 38 orchestre.
1655 1264 55 36 Le
1734 1275 264 38 programme
2022 1275 85 25 com-

136 1329 164 50 prenait
322 1342 52 25 en
397 1338 116 28 outre
536 1329 38 37 la
597 1336 146 30 sonate
761 1341 66 37 op.
860 1341 70 24 110
954 1328 67 48 (en
1044 1328 38 36 la
1105 1327 52 49 [>),
1180 1335 40 29 et
1242 1328 110 35 deux
1364 1326 280 49 impromptus
1662 1326 52 36 de
1733 1325 221 46 Schubert,
1975 1324 104 37 dont
2097 1324 36 38 le

138 1391 349 50 développement
512 1390 123 37 laisse
667 1391 21 36 à
711 1390 157 37 désirer
891 1402 8 25 :
924 1389 90 38 ceci
1034 1388 99 38 était
1148 1388 39 37 la
1202 1396 92 41 part
1316 1389 50 36 de
1391 1389 61 36 M.
1474 1387 355 49 Risler,pianiste.
1856 1387 68 36 Un
1947 1386 116 50 cycle
2083 1387 51 36 de

136 1453 129 37 lieder
287 1453 50 36 de
359 1453 220 43 Schubert,
602 1460 40 29 et
661 1451 259 38 l'admirable
941 1451 59 37 air
1029 1451 50 37 de
1098 1450 163 38 Fidelio
1267 1480 9 14 ,
1301 1449 224 37 formaient
1563 1449 38 36 la
1623 1457 91 41 part
1752 1448 49 38 de
1825 1449 94 36 Mme
1945 1450 187 48 Raunay,

135 1523 38 28 et
190 1515 50 36 de
264 1515 57 35 M.
348 1514 148 43 Risler,
517 1521 393 42 accompagnateur.
938 1513 58 36 La
1019 1510 134 40 soirée
1173 1524 22 24 a
1218 1511 108 38 donc
1346 1510 63 38 été
1431 1510 82 37 fort
1532 1510 124 47 belle,
1684 1518 94 30 tout
1800 1523 52 24 en
1868 1510 187 50 gardant,
2081 1523 52 24 en

134 1583 106 30 cette
259 1576 127 49 petite
416 1575 115 47 salle,
559 1588 45 24 ce
629 1573 210 39 caractère
861 1573 161 47 intime,
1044 1585 58 25 un
1121 1585 82 37 peu
1242 1572 192 45 familier,
1461 1585 95 25 sans
1580 1571 139 50 lequel
1741 1571 26 38 il
1792 1573 105 37 n'est
1926 1571 205 51 peut-être

132 1650 75 36 pas
232 1637 52 37 de
310 1637 88 38 vrai
420 1637 146 49 plaisir
588 1636 193 38 musical.

185 1700 56 36 Le
272 1711 45 36 14
337 1699 108 37 avait
463 1699 85 38 lieu
573 1699 37 38 le
631 1706 188 39 concert,
840 1710 70 33 ou,
931 1710 108 37 pour
1056 1698 138 49 parler
1213 1697 94 50 plus
1338 1705 273 37 exactement,
1635 1697 202 38 l'examen
1859 1695 144 51 public
2022 1696 51 37 de
2093 1696 39 38 la

132 1759 133 38 classe
288 1760 255 37 d'orchestre
560 1759 143 51 placée
732 1773 98 24 sous
853 1760 39 36 la
915 1759 207 38 direction
1136 1759 49 37 de
1204 1759 58 37 M.
1283 1759 163 49 d'lndy.
1467 1760 45 37 Je
1536 1758 195 46 n'aurais,
1752 1770 107 38 pour
1880 1757 121 38 louer
2022 1765 109 30 cette

131 1822 164 47 séance,
319 1822 95 50 qu'à
435 1823 225 49 reprendre
682 1834 84 24 une
805 1821 149 49 phrase
993 1821 55 36 du
1068 1821 161 46 maître,
1251 1820 129 49 qu'on
1404 1832 99 37 apu
1533 1819 75 38 lire
1644 1822 204 48 quelques
1866 1832 126 37 pages
2033 1820 95 49 plus

131 1881 114 47 haut,
268 1895 70 24 sur
376 1883 60 36 les
470 1883 238 37 orchestres
748 1881 236 38 médiocres
1009 1893 53 25 en
1096 1881 111 37 leurs
1249 1881 216 45 éléments,
1503 1894 80 36 que
1618 1881 255 38 conduisent
1908 1882 74 37 des
2011 1881 119 37 chefs

128 1944 205 38 vraiment
374 1944 146 50 dignes
554 1945 51 37 de
643 1956 46 26 ce
712 1956 113 26 nom.
851 1944 80 36 Les
964 1958 19 19 «
1004 1943 201 37 éléments
1227 1956 17 22 »
1278 1942 198 38 n'étaient
1503 1956 74 36 pas
1616 1952 96 28 tous
1749 1942 250 46 médiocres,
2025 1942 105 38 mais

127 2018 108 37 pour
251 2006 38 37 la
311 2005 168 50 plupart
501 2005 367 50 inexpérimentés.
901 2006 261 48 Cependant,
1188 2005 28 36 il
1240 2017 22 25 a
1278 2013 210 29 rarement
1506 2005 62 37 été
1601 2005 140 38 donné
1778 2005 245 38 d'entendre
2046 2017 84 25 une

126 2067 222 38 exécution
365 2067 93 50 plus
480 2067 181 47 vivante,
684 2067 94 50 plus
795 2065 186 48 fouillée,
1004 2067 94 49 plus
1121 2067 137 37 variée
1288 2079 51 25 en
1362 2079 65 25 ses
1449 2067 184 49 rythmes
1657 2074 39 30 et
1712 2066 254 50 vigoureuse
1990 2078 51 26 en
2062 2079 66 25 ses

126 2141 185 25 nuances
334 2130 50 36 de
407 2129 39 37 la
469 2130 56 36 IV
529 2138 15 20 e
569 2129 260 49 Symphonie
853 2128 71 49 qui
966 2128 209 50 présente,
1202 2140 165 25 comme
1409 2141 56 24 on
1502 2128 92 45 sait,
1613 2129 50 37 de
1702 2128 148 38 réelles
1888 2128 240 38 difficultés.

131 2191 262 37 L'orchestre
411 2204 21 23 a
454 2191 233 49 également
704 2190 283 49 accompagné
1012 2203 98 25 avec
1128 2191 219 48 beaucoup
1367 2190 49 37 de
1440 2190 232 38 discrétion
1697 2199 39 29 et
1770 2191 50 37 de
1843 2191 101 49 goût
1964 2191 38 37 le
2026 2203 73 25 con-

126 2260 113 30 certo
258 2265 106 37 pour
386 2265 21 24 2
427 2252 167 39 violons
618 2253 49 37 de
688 2253 114 37 Bach
825 2260 39 29 et
888 2264 58 25 un
972 2251 60 38 air
1054 2252 50 38 de
1124 2251 132 39 Judas
1296 2251 248 39 Macchabée
1566 2253 50 37 de
1647 2252 179 40 Hândel.
1850 2253 78 37 Les
1961 2252 167 38 solistes

127 2314 156 38 étaient
302 2314 137 38 élèves
460 2314 49 38 de
533 2314 39 38 la
591 2315 138 39 Scola.

1873 2316 47 39 L.
1946 2316 49 38 L.

176 2439 56 37 M.
256 2439 230 37 ADALBERT
519 2439 214 37 MERCIER.

823 2438 159 47 J'aime,
1087 2438 63 48 j'ai
1174 2437 93 49 déjà
1291 2450 52 25 eu
1365 2438 232 38 l'occasion
1623 2438 51 38 de
1698 2438 37 38 le
1759 2438 88 38 dire
1942 2438 39 38 la
2001 2438 127 38 musi-

122 2513 80 37 que
221 2512 119 38 pure,
372 2513 95 24 sans
506 2500 263 50 prétentions
794 2500 229 38 littéraires
1037 2512 16 33 ;
1092 2500 112 37 aussi
1247 2499 167 38 m'est-il
1451 2500 192 49 agréable
1668 2500 50 37 de
1743 2500 180 49 signaler
1954 2500 171 39 l'œuvre

120 2563 98 36 d'un
246 2563 123 49 jeune
393 2562 300 50 compositeur,
717 2563 57 38 M.
799 2562 201 37 Adalbert
1016 2561 195 47 Mercier,
1235 2562 258 37 récemment
1512 2562 198 37 exécutée
1749 2563 22 36 à
1796 2562 39 37 la
1861 2562 101 37 salle
1988 2563 102 36 Hum-

121 2625 91 36 bert
233 2624 50 37 de
310 2626 198 43 Romans,
534 2637 98 25 sous
653 2624 38 37 la
710 2624 208 37 direction
937 2624 50 37 de
1010 2624 57 36 M.
1093 2623 278 50 Charpentier
1391 2636 8 24 :
1425 2623 180 38 Prélude
1628 2624 319 51 symphonique.

168 2686 65 36 Au
256 2685 129 38 début
407 2687 49 36 de
493 2686 332 46 l'introduction,
852 2686 59 37 les
932 2693 121 29 notes
1078 2685 255 37 solennelles
1361 2685 73 37 des
1457 2693 248 42 trompettes
1738 2694 40 29 et
1801 2686 73 37 des
1898 2699 94 24 cors
2013 2699 108 24 nous

120 2747 176 38 invitent
336 2748 22 36 à
391 2760 82 25 une
494 2747 80 39 fête
596 2747 238 51 religieuse.
861 2748 182 45 Bientôt,
1069 2759 52 25 en
1150 2746 110 47 effet,
1302 2747 132 49 repris
1456 2759 74 37 par
1552 2747 59 38 les
1642 2747 274 38 instruments
1948 2747 56 38 du
2025 2761 75 35 qua-

119 2817 109 38 tuor,
252 2822 57 24 un
331 2809 182 50 premier
536 2809 125 38 motif
679 2822 43 26 se
744 2809 183 47 dessine,
952 2809 103 37 dans
1073 2808 140 51 lequel
1235 2808 121 38 l'âme
1380 2808 150 38 chante
1560 2817 39 29 et
1623 2808 159 39 affirme
1803 2810 257 37 doucement
2081 2822 44 25 sa

120 2869 74 38 foi.

173 2933 79 36 Les
273 2933 171 49 arpèges
462 2934 86 48 qui,
570 2934 21 36 à
610 2934 39 36 la
670 2933 57 37 fin
750 2934 51 36 de
820 2933 334 48 l'introduction,
1173 2941 334 41 accompagnent
1529 2945 47 25 ce
1597 2933 138 48 chant,
1761 2941 176 30 mettent
1966 2946 155 26 encore

122 3006 52 25 en
202 2993 123 38 relief
343 3007 44 24 sa
409 2994 284 50 signification
709 2995 225 49 mystique.

175 3056 57 36 La
255 3055 105 37 suite
381 3056 49 36 de
451 3056 38 36 la
510 3056 266 50 symphonie,
797 3059 21 34 à
841 3056 128 50 partir
988 3056 100 37 d'un
1107 3056 144 50 rappel
1274 3056 50 38 de
1348 3069 87 35 cor,
1456 3056 169 38 ramène
1648 3069 57 25 un
1729 3057 159 38 second
1910 3057 127 38 motif
2052 3057 72 52 qui

121 3116 154 38 traduit
297 3117 72 37 des
394 3117 246 37 sentiments
659 3118 50 37 de
733 3119 273 37 ravissement
1035 3127 39 28 et
1094 3118 25 36 d
1125 3118 170 44 'extase,
1314 3118 161 38 voisins
1499 3118 74 38 des
1595 3120 204 48 premiers
1829 3120 104 37 dont
1952 3120 49 37 ils
2024 3121 72 49 pré-

122 3187 167 29 sentent
307 3179 209 36 d'ailleurs
540 3179 413 50 l'épanouissement.
975 3181 64 35 Au
1062 3179 125 37 motif
1202 3180 173 49 s'ajoute
1394 3192 83 37 peu
1501 3181 22 36 à
1541 3193 82 37 peu
1646 3194 78 25 une
1748 3182 151 49 phrase
1924 3182 133 38 calme
2083 3189 40 30 et

121 3240 229 45 recueillie,
381 3240 233 50 exprimant
635 3254 57 24 un
715 3254 147 24 amour
883 3241 147 37 tendre
1054 3249 39 29 et
1115 3240 199 40 confiant.
1336 3242 107 37 Mais
1466 3242 59 38 les
1550 3251 167 29 accents
1742 3243 214 38 solennels
1980 3245 56 36 du
2053 3243 46 38 dé-

121 3302 225 50 but,repris
366 3314 74 38 par
461 3302 60 38 les
542 3302 177 45 cuivres,
745 3302 247 38 reviennent
1014 3302 161 37 bientôt
1199 3315 98 26 avec
1312 3303 94 50 plus
1431 3304 149 38 d'éclat
1602 3313 40 29 et
1663 3305 373 38 d'enthousiasme.
2064 3306 58 36 La

120 3364 251 51 symphonie
393 3377 42 24 se
460 3364 231 50 développe
704 3377 74 37 par
790 3364 38 37 la
842 3363 296 38 combinaison
1159 3364 50 37 de
1228 3377 68 24 ces
1316 3363 163 40 thèmes
1494 3366 86 49 qui,
1597 3379 51 25 au
1666 3367 91 38 sein
1773 3368 50 37 de
1837 3367 128 38 libres
1984 3377 114 28 trans-

119 3426 264 46 formations,
406 3439 50 25 en
477 3435 191 29 assurent
683 3426 143 37 l'unité
849 3438 75 37 par
945 3426 91 37 leur
1063 3434 143 28 retour
1222 3426 237 38 simultané.
1482 3429 56 37 Le
1564 3429 241 38 traitement
1825 3430 49 38 de
1893 3443 68 25 ces
1978 3429 142 37 motifs

119 3489 140 37 donne
275 3488 183 38 lieuàun
475 3488 352 50 développement
841 3487 234 50 progressif
1088 3495 52 40 et,
1145 3488 263 49 pourrait-on
1422 3489 103 48 dire,
1536 3492 285 36 ascensionnel
1843 3492 68 44 où,
1929 3491 118 50 après
2064 3503 57 24 un

119 3559 156 29 instant
297 3551 49 38 de
376 3550 126 39 fièvre
527 3559 40 29 et
588 3549 301 51 d'inquiétude,
915 3549 122 37 l'âme
1067 3557 214 42 croyante,
1315 3549 239 53 longtemps
1582 3553 210 49 partagée,
1818 3562 40 29 et
1879 3553 240 38 combattue
