4122 5776
3584 5420 76 60 87

399 419 359 71 sionismus,
802 419 284 71 gesehen.
1171 417 169 60 Oder
1381 426 130 67 sagt
1552 439 145 41 man
1741 421 232 74 gehört,
2016 421 122 59 wie
2178 421 100 57 bei
2322 419 249 74 Opern?
2624 416 282 76 Herrjeh,
2950 434 131 41 was
3123 434 142 39 man
3311 415 63 56 in
3418 416 205 55 Göltin-

399 524 115 57 gen
576 507 166 59 doch
800 509 152 57 alles
1003 509 252 59 riechen
1301 515 191 55 kann!
1557 514 157 56 Herr
1755 512 208 75 Lange
2004 512 105 58 hat
2149 514 90 56 als
2283 510 498 58 aufmerksamer
2822 507 504 59 Zeitbeobachter
3367 505 293 75 zugehört

399 598 130 58 und
590 600 169 56 kann
803 619 127 39 nun
974 600 158 58 über
1172 600 581 76 Expressionismus
1796 602 345 61 schreiben.
2244 605 70 56 D.
2344 604 59 57 h.
2449 602 195 57 damit
2685 602 118 56 soll
2847 598 169 60 nicht
3057 602 205 71 gesagt
3303 597 150 73 sein,
3516 595 142 59 dass

399 708 67 41 er
509 690 355 74 überhaupt
905 690 327 59 schreiben
1276 693 249 60 könnte.

866 810 174 53 '4
1462 815 59 48 c
1740 819 34 44 4
1945 819 35 44 4
2185 819 32 44 4

629 824 1868 166 Leichenpferdedecken

1330 959 52 46 A

2530 780 498 76 Hervorragende
3062 778 368 59 Neuheiten.

2800 900 310 61 verlangen

2854 959 579 61 Ansichtssendungen.

400 1057 341 60 Jedenfalls
803 1057 198 58 soviel
1042 1057 102 58 ich
1186 1076 64 39 es
1293 1059 345 58 beurteilen
1680 1059 185 71 kann,
1928 1062 254 53 müssen
2224 1056 102 59 die
2365 1057 238 58 Herren
2634 1054 457 59 Kunstkritiker
3130 1052 228 58 immer
3397 1056 122 52 erst
3562 1056 64 50 et-

400 1167 132 41 was
575 1149 247 74 gelesen
864 1147 156 59 oder
1061 1149 218 74 gehört
1318 1149 225 74 haben,
1586 1150 196 58 bevor
1823 1149 89 57 sie
1951 1147 251 59 riechen
2244 1147 270 58 können.
2612 1144 206 61 Sehen
2861 1145 164 56 kann
3067 1144 144 56 kein
3252 1142 269 58 Kritiker
3562 1142 100 56 für

400 1240 104 58 die
542 1239 302 59 bildende
883 1235 217 78 Kunst,
1142 1240 318 58 vielleicht
1499 1240 168 58 kann
1713 1239 110 59 der
1863 1239 464 59 Musikkritiker
2368 1239 208 57 sehen.

399 1333 162 56 Herr
590 1332 208 74 Lange
841 1332 272 57 schreibt
1154 1350 147 54 nun,
1345 1332 132 57 und
1516 1349 171 40 zwar
1728 1349 93 40 so:
1870 1330 186 68 „Eine
2099 1332 247 74 geistige
2385 1330 369 74 Bewegung,
2795 1362 72 7 —
2908 1327 130 57 und
3081 1325 110 59 das
3233 1327 78 57 ist
3352 1343 128 39 nun
3524 1325 101 57 ein-

399 1425 132 56 mal
573 1421 112 60 der
725 1418 601 80 Expressionismus,
1394 1454 71 8 —
1531 1420 138 74 (das
1711 1421 108 58 hat
1858 1421 159 56 Herr
2056 1421 209 72 Lange
2305 1420 325 74 jedenfalls
2671 1418 171 58 beim
2883 1416 635 71 Waldmannvortrag
3557 1430 69 57 ge-

399 1513 208 74 lernt.)
669 1515 114 55 mit
844 1513 122 59 den
1008 1513 454 57 Abstrusitäten
1523 1511 354 59 verkalkter
1914 1511 325 73 Jünglinge
2297 1515 169 54 töten
2522 1528 76 39 zu
2659 1511 251 70 wollen,
2969 1509 80 56 ist
3472 1506 190 56 Meint

400 1608 161 57 Herr
602 1606 208 74 Lange
866 1625 130 39 nun
1057 1606 134 58 sich
1232 1606 117 56 mit
1394 1604 386 68 „verkalkter
2243 1603 191 57 Sollte
2476 1620 66 38 er
2583 1601 169 59 seine
2791 1601 203 57 Kritik
3035 1601 137 56 eine

400 1699 291 58 nennen?
730 1697 180 61 Nein.
978 1696 84 57 Er
1103 1697 198 56 meint
1342 1696 101 59 die
1482 1696 435 74 ausgestellten
1948 1694 494 58 Sturmkünstler
2481 1691 132 59 und
2654 1691 190 59 deren
2876 1692 244 58 Werke.
3189 1687 273 60 Deshalb
3497 1689 163 58 habe

400 1789 104 57 ich
544 1789 125 57 mir
708 1807 151 39 vom
901 1787 210 58 Sturm
1154 1785 101 60 die
1296 1787 168 56 Liste
1504 1784 114 57 der
1655 1785 66 56 in
1762 1784 328 74 Göttingen
2131 1784 433 73 ausgestellten
2593 1784 293 56 Künstler
2927 1780 291 60 schicken
3260 1780 225 56 lassen.
3552 1777 106 59 Ich

400 1880 217 58 wollte
666 1879 164 59 doch
883 1879 234 57 einmal
1155 1879 249 71 wissen,
1453 1894 134 40 wer
1626 1892 215 41 ausser
1880 1877 126 56 mir
2046 1875 98 58 ein
2187 1874 354 57 verkalkter
2580 1874 289 74 Jüngling
2908 1874 93 55 ist.
3089 1872 107 56 Ich
3238 1872 109 56 bin
3389 1874 271 54 entsetzt.

404 1972 123 56 Das
590 1970 169 58 hätte
810 1970 105 58 ich
962 1987 126 41 von
1132 1970 149 56 Klee
1332 1967 174 59 nicht
1545 1965 284 74 gedacht.
1928 1965 364 59 Verkalkter
2331 1965 172 58 Klee!
2573 1965 195 58 Essen
2810 1965 90 56 sie
2940 1963 181 58 keine
3160 1962 281 71 Bohnen,
3502 1962 160 55 Herr

404 2063 164 58 Klee.
659 2061 178 58 Auch
879 2061 275 73 Chagall,
1198 2056 474 77 Campendonk,
1716 2056 256 73 Gleizes,
2016 2058 213 73 Leger,
2270 2056 194 72 Mark,
2508 2055 324 74 Schrimpf
2873 2053 132 58 und
3045 2053 163 58 viele
3247 2051 232 60 andere
3519 2050 143 57 sind

402 2155 313 57 demnach
742 2153 322 59 verkalkte
1089 2153 346 73 Jünglinge,
1477 2148 307 61 während
1823 2150 101 57 bei
1953 2150 230 59 Wauer
2226 2146 130 59 und
2385 2146 396 75 Archipenko
2823 2146 109 58 hin
2974 2144 130 60 und
3145 2144 239 58 wieder
3421 2144 241 56 famose

400 2244 623 60 Farbenharmonien
1066 2244 315 58 auffallen.
1460 2243 66 56 In
1570 2241 381 74 Kugelform.

1174 2366 662 93 SAMMLER
1909 2390 132 59 und
2082 2388 486 61 Kunstfreunde!
2639 2365 272 86 kauft

751 2517 183 59 keine
974 2517 461 71 Kalkkünstler,
1476 2515 174 56 kauft
1691 2514 413 57 wurzelechte
2144 2514 275 57 Nauens!
2463 2544 69 7 —
2576 2510 112 58 der
2729 2510 563 58 Wurzelvertreter.

405 2651 27 47 1
637 2647 36 49 2
874 2649 33 49 3
1111 2647 38 48 4
1347 2642 32 53 5
1582 2642 32 51 6
1818 2642 30 49 7
2051 2641 32 50 8
2285 2642 32 51 9
2500 2639 91 56 40
2795 2639 64 49 11
3060 2639 67 49 12
3323 2637 68 49 13
3590 2634 72 49 14

937 2763 312 203 W
1347 2759 704 210 ER?
2844 2871 372 74 Spezialität:

1343 3027 298 61 Derselbe
2837 2979 396 88 Kopfhaare

2810 3088 445 66 Käiberhaare

712 3162 267 85 kann
1045 3160 183 85 mir
1296 3157 489 114 gestohlen
1850 3155 413 85 werden!

405 3308 161 57 Herr
605 3308 219 59 Nauen
874 3306 80 58 ist
996 3304 171 58 nicht
1208 3303 300 71 verkalkt,
1562 3301 161 58 auch
1765 3299 171 60 nicht
1975 3299 307 73 Jüngling,
2336 3296 271 59 sondern
2651 3296 232 73 Träger
2917 3296 179 73 jener
3137 3294 367 73 Bewegung,
3562 3291 101 57 die

404 3418 149 40 man
598 3398 585 76 Expressionismus
1227 3399 210 53 nennt.

405 3491 141 57 Wie
588 3489 103 58 die
734 3489 171 58 nicht
947 3484 415 64 abfliessende
1401 3484 418 71 Mutterbrust,
1882 3482 366 58 entwurzelt
2290 3479 122 57 den
2451 3479 477 57 Wurzelechten
2983 3477 99 58 die
3142 3475 296 61 kritische
3479 3475 183 58 Seele

402 3591 237 84 betr»
714 3611 225 73 Lange,
979 3607 451 60 wurzelechter
1460 3606 569 57 Generalvertreter
2068 3604 102 56 für
2199 3601 577 76 Expressionismus
2818 3599 131 58 und
2988 3599 189 58 reelle
3208 3597 195 58 Kunst
3443 3614 78 39 an
3552 3596 113 57 der

405 3704 322 71 Göttinger
766 3702 273 73 Zeitung.

951 3792 159 56 Herr
1150 3790 209 73 Lange
1420 3789 149 56 lässt
1628 3785 171 58 seine
1858 3784 297 57 kritische
2197 3784 399 57 Mutterbrust
2657 3782 155 56 über
2871 3779 130 57 und
3044 3780 154 56 über
3238 3779 422 57 überfliessen.

404 3848 453 81 IwHml
956 3880 367 70 „Herwarth
1367 3878 263 61 Waiden
1694 3924 12 10 .
1768 3922 12 12 .
1841 3875 317 59 zeichnete
2205 3875 134 58 sich
2383 3873 200 58 durch
2625 3875 180 71 lange
2845 3872 204 57 Haare
3089 3870 132 58 und
3262 3870 200 58 durch
3504 3870 158 73 eine,

951 3990 184 58 sagen
1196 3973 120 58 wir
1355 3970 444 61 Nonchalance
1858 3968 65 58 in
1967 3968 237 56 Puncto
2246 3963 508 76 Körperhygiene
2813 3980 129 54 aus,
3005 3961 101 58 die
3147 3961 335 58 Heiterkeit
3531 3961 132 56 und

951 4065 291 57 Abscheu
1301 4063 64 56 in
1428 4060 274 76 gleicher
1741 4058 209 59 Weise
2427 4053 208 57 Daher
2695 4053 108 56 das
2861 4053 240 56 heisere
3154 4051 269 58 Lachen.
3523 4051 140 56 Pfui

951 4154 216 73 Pudel,
1232 4154 157 56 Herr
1433 4149 281 73 Waiden,
1758 4166 132 41 was
1951 4165 173 39 muss
2166 4146 102 58 ich
2317 4146 224 58 hören!
2603 4143 141 59 Und
2784 4143 102 57 ich
2927 4143 161 55 habe
3130 4141 100 57 Sie
3269 4146 144 52 stets
3453 4143 102 54 für
3594 4160 69 38 so

405 4251 229 56 sauber
673 4248 286 74 gehalten
1005 4246 130 57 und
1176 4248 90 55 als
1308 4246 252 56 meinen
1608 4242 216 67 „Vater
1865 4239 130 58 und
2295 4237 120 58 den
2461 4236 141 59 Gott
2642 4236 100 56 für
2781 4234 318 59 verkalkte
3138 4234 342 71 Jünglinge,
3523 4251 105 39 ver-

404 4341 154 57 ehrt.
658 4339 264 58 Können
966 4339 100 56 Sie
1127 4336 164 57 denn
1352 4336 173 57 nicht
1584 4334 101 57 ein
1726 4332 207 73 wenig
1972 4329 433 76 hygienischer
2444 4325 298 60 werden?
2805 4325 362 56 Sauberkeit
3206 4325 78 56 ist
3325 4324 111 57 der
3475 4324 188 56 halbe

404 4432 176 58 Kalk.
673 4430 152 58 Statt
866 4427 134 59 sich
1042 4429 115 56 mit
1198 4427 332 58 Kalkklees
1574 4420 594 76 und|Kalkchagalls
2209 4417 130 59 und
2375 4417 533 57 Kalkmolzähnen
2950 4434 77 39 zu
3069 4415 327 73 umgeben,
3438 4415 224 56 sollten

405 4522 100 59 Sie
546 4522 198 57 lieber
803 4520 124 58 alle
966 4518 188 60 Jahre
1521 4513 291 58 nehmen.
1911 4512 142 56 Ihre
2095 4510 278 73 Stellung
2414 4510 89 56 als
2547 4508 143 58 Gott
2730 4508 190 73 erlegt
2961 4507 194 57 Ihnen
3198 4505 299 58 Pflichten
3541 4507 121 57 auf.

405 4613 100 58 Sie
566 4618 254 51 müssen
883 4608 560 76 repräsentatieren
1486 4607 101 55 für
1628 4605 102 57 die
1770 4601 483 60 Kalkindustrie.
2354 4598 168 59 Oder
2561 4600 234 57 wollen
2837 4598 100 59 Sie
2977 4598 197 56 lieber
3215 4596 199 58 Herrn
3458 4598 207 71 Lange

404 4720 216 59 wegen
663 4701 408 75 Beleidigung
1110 4698 374 73 verklagen?
1526 4695 220 59 Grund
1789 4693 157 59 dazu
1989 4693 208 57 hätten
2239 4688 102 61 Sie
2381 4690 332 59 vielleicht.

404 4862 79 39 zu
681 4850 27 48 1
910 4847 35 51 2
1142 4845 32 51 3
1374 4845 37 48 4
1596 4840 32 53 5
1823 4837 32 52 6
2041 4837 31 51 7
2260 4837 33 49 8
2478 4835 34 51 9
2701 4835 68 49 10
2957 4835 66 49 11
3215 4833 71 51 12
3469 4827 197 57 Roth

404 4981 79 40 zu
678 4977 142 60 Nun
863 4994 74 39 zu
979 4976 200 56 Herrn
1223 4974 224 71 Lange.

404 5103 78 39 zu
680 5069 210 56 Hören
920 5067 102 59 Sie
1057 5065 232 58 einmal
1320 5062 423 59 aufmerksam
1772 5077 93 54 zu,
1907 5059 122 57 wie
2058 5059 102 56 ein
2187 5057 521 59 Zeitbeobachter.
2776 5055 103 58 Ich
2908 5055 134 58 will
3071 5054 103 59 Sie
3194 5055 156 73 jung
3377 5054 285 57 machen.

680 5160 177 56 Denn
901 5157 173 59 nicht
1113 5157 114 57 der
1254 5155 211 59 Sturm
1492 5153 80 58 ist
1599 5150 393 78 greisenhaft,
2033 5150 123 58 wie
2185 5148 100 60 Sie
2332 5148 195 58 dreist
2556 5164 203 59 sagen,
2801 5147 175 57 nicht
3003 5147 176 73 Puni,
3208 5148 140 58 Neil
3379 5147 286 71 Waiden,

404 5225 76 39 ZU
683 5250 386 75 Marcoussis,
1111 5247 275 59 sondern
1415 5264 184 42 wenn
1636 5242 263 83 jemand
1938 5240 377 78 greisenhaft
2349 5240 95 73 ist,
2486 5240 249 64 können
2779 5257 136 56 nur,
2954 5238 62 75 ja
3045 5236 471 75 entschuldigen
3550 5236 115 73 Sie,
