4122 5776
501 5459 81 66 86

486 423 211 77 (Nicht
756 423 111 57 auf
922 419 122 59 den
1085 414 369 63 Fussboden
1515 411 334 79 spucken!)
1908 409 372 78 Jugendlich
2341 407 80 58 ist
2482 406 273 74 dagegen
2799 404 138 59 z.B.
2980 402 239 60 Rohlfs.
3320 401 127 59 Der
3484 401 78 57 ist
3605 400 157 73 echt,

486 512 308 63 während
834 512 160 58 Herr
1036 511 208 72 Lange
1285 504 384 61 wurzelecht
1710 504 93 57 ist.
1886 500 188 77 (auch
2116 502 166 56 links
2325 497 304 78 gedreht.)

484 621 23 102 [
591 655 326 51 Äeuteabenb
935 654 27 47 8
974 652 100 60 ttfyv

534 717 233 63 entfcf)Uef
795 716 129 60 fanft
961 714 111 52 ttad)

849 767 225 69 fetterer

607 837 184 61 anfielt
805 837 137 60 ttnfer
958 836 116 48 aller

532 900 227 61 ßiefclittg,
772 900 84 47 ber

675 981 251 87 Bubi

531 1099 69 48 im
625 1101 165 45 martert
812 1095 143 49 $Uter
981 1103 95 39 t>on

537 1160 54 47 10
613 1144 250 63 Minuten.

1214 599 162 61 Weil
1437 616 68 39 er
1564 597 224 56 keinen
1833 594 332 74 Handgriff
2218 592 123 57 hat.
2443 590 130 59 Soll
2634 589 104 59 ich
2780 589 196 57 Ihnen
3037 589 131 57 mal
3210 587 183 57 einen
3437 583 332 77 Handgriff

1212 690 230 75 zeigen,
1485 688 162 58 Herr
1669 687 246 73 Lange?
1979 685 161 58 Herr
2164 685 206 73 Lange
2411 682 79 59 ist
2531 680 161 59 auch
2716 680 267 59 Könner.
3054 677 182 76 („Die
3263 675 499 73 Wurzelechten,

1214 782 103 57 die

1214 1010 149 59 Was
1425 1010 121 58 soll
1608 1007 110 59 das
1781 1025 130 39 nun
1969 1005 239 59 wieder
2257 1003 289 60 heissen?
2606 1002 160 57 Herr
2807 1002 210 74 Lange
3058 1002 78 56 ist
3176 998 398 73 wurzelecht,
3618 998 148 58 weil

1215 1120 70 41 er
1324 1102 255 59 Könner
1627 1100 100 73 ist,
1769 1098 132 58 und
1940 1098 80 58 ist
2060 1098 273 71 Könner,
2375 1095 149 57 weil
2567 1112 67 37 er
2673 1093 385 59 wurzelecht
3097 1093 93 58 ist.
3271 1091 161 60 Weil
3474 1108 70 41 er
3583 1090 184 59 keine

1214 1193 372 59 Notbremse
1647 1191 124 58 hat.
1833 1190 188 65 (auch
2062 1188 207 58 rechts
2311 1183 303 72 gedreht.)
2695 1185 160 55 Herr
2915 1185 209 70 Lange
3185 1183 167 57 kann
3413 1181 351 71 schreiben,

487 1293 166 54 kann
716 1291 181 71 lange
958 1286 347 59 schreiben.
1407 1284 115 58 Die
1571 1283 317 71 Quantität
1938 1279 243 60 machts
2223 1279 102 56 bei
2375 1276 122 59 den
2543 1274 494 61 Wurzelechten.
3144 1274 158 66 „Das
3352 1273 143 57 sind
3545 1291 70 39 so
3664 1273 103 57 ein

489 1400 154 57 paar
1126 1396 108 39 um
1263 1376 173 59 mich
1478 1374 112 59 der
1615 1374 217 59 Worte
1874 1373 202 57 dieses
2116 1369 478 61 Wurzelechten
2638 1386 74 39 zu
2753 1366 328 74 bedienen,
3131 1366 135 67 „die
3307 1384 149 39 man
3498 1364 135 59 sich
3674 1364 93 58 als

489 1472 499 58 aufmerksamer
1016 1467 513 61 Zeitbeobachter

1464 1599 420 153 Filze
1996 1599 386 149 aller
2494 1606 288 142 Art

1610 1818 327 86 SoLange
1988 1818 110 68 der
2147 1818 254 68 Vorrat
2448 1816 220 66 reicht.

489 1992 107 58 Ich
638 1992 163 56 fasse
843 1989 103 57 die
988 1987 199 61 Sache
1227 2006 70 40 so
1339 1986 129 59 auf:
1513 1986 100 59 die
1644 1986 252 59 Wurzel
1940 1984 108 57 des
2079 1982 237 59 Echten
2358 1984 80 57 ist
2479 1980 101 60 die
2609 1980 201 73 Hand,
2856 1980 100 58 die
3000 1980 168 58 beim
3200 1979 225 59 Pferde
3468 1997 110 39 aus
3623 1977 146 59 dem

491 2082 228 59 Hinten
760 2080 418 73 zurückgreift
1217 2080 64 56 in
1331 2079 250 57 bessere
1623 2077 226 58 Zeiten.
1950 2074 104 59 Ich
2116 2075 288 56 erinnere
2463 2092 80 39 an
2607 2072 102 57 die
2770 2070 361 59 herrlichen
3186 2068 583 60 mittelalterischen

491 2175 372 58 Kentauern.
904 2172 201 57 Herrn
1127 2172 241 73 Langes
1388 2168 202 60 Kritik
1610 2168 80 58 ist
1715 2165 261 69 „mildes
2333 2163 264 75 pardon,
2621 2165 173 58 seine
2822 2163 322 68 „mildeste
3168 2162 201 57 Kritik
3388 2162 80 57 ist
3491 2162 276 57 heiseres

853 2263 246 76 pardon
1540 2260 217 59 wollte
1803 2258 105 59 ich
1949 2258 347 58 schreiben.
2404 2256 178 68 „Sich
2626 2258 156 56 über
2822 2275 71 39 so
3208 2255 300 74 (gemeint
3547 2255 80 56 ist
3667 2253 107 58 die

491 2355 242 76 Kunst.)
794 2356 389 73 aufzuregen,
1246 2353 156 59 oder
1463 2351 272 58 darüber
1794 2367 77 40 zu
1930 2348 374 76 schimpfen,
2363 2350 80 55 ist
2502 2348 249 57 absolut
3215 2346 241 58 Relativ
3512 2344 264 75 unnötig

491 2448 221 59 würde
753 2448 103 59 ich
899 2463 206 58 sagen.

1143 2554 179 77 Das
1381 2551 187 80 sind
1625 2551 354 103 goldene
2037 2551 335 90 Worte,

492 2681 175 68 wert,
729 2675 148 59 weit
934 2675 222 74 gehört
1214 2693 76 41 zu
1351 2673 257 59 werden
1673 2671 132 60 und
1862 2673 114 58 tief
2011 2673 65 58 in
2120 2671 101 58 die
2264 2670 176 59 Seele
2472 2670 178 76 jedes
2695 2668 344 59 deutschen
3120 2656 271 112 Alle
3452 2656 319 112 Filze

492 2770 510 57 Sattlermeisters
1046 2766 464 75 einzudringen.
1583 2766 68 58 In
1693 2766 176 58 tiefer
1910 2764 264 60 Trauer:

1857 2856 264 57 Familie
2160 2854 234 59 MERZ.

496 3013 257 207 K,
955 3057 25 12 .
1055 3056 22 8 -
1222 3010 212 59 Daher
1483 3010 203 58 dieses
1728 3008 419 61 wurzelechte
2187 3008 253 60 Lachen
2490 3007 204 61 dieses
2738 3008 289 58 heiseren
3071 3007 203 57 Herrn
3317 3007 227 72 Lange,
3606 3005 170 57 ohne

726 3071 359 125 ipSbl
1220 3101 346 77 Handgriff,
1627 3101 167 60 ohne
1837 3101 383 75 Schimpfen.
2321 3101 161 58 Herr
2523 3101 210 73 Lange
2785 3100 163 57 steht
3004 3098 155 58 eben
3207 3098 156 56 über
3403 3095 114 59 der
3556 3096 218 58 Kunst.

1217 3195 107 57 Ich
1385 3193 149 59 sehe
1595 3195 176 72 eben,
1837 3191 142 59 dass
2038 3193 105 57 ich
2204 3193 171 59 mich
2436 3193 444 57 verschrieben
2934 3191 181 73 habe,
3175 3189 172 58 nicht

492 3286 275 59 sondern
1170 3286 201 58 Herrn
1403 3284 209 75 Lange
1640 3303 177 39 muss
1847 3303 64 39 es
1954 3284 266 60 heissen.
2287 3284 185 58 Ernst
2494 3284 78 58 ist
2601 3283 111 59 der
2741 3283 349 71 Lehmann,
3134 3279 207 59 heiser
3371 3279 100 58 die
3500 3279 272 59 Wurzel.

492 3379 165 58 Habt
696 3377 105 60 Ihr
841 3379 195 58 schon
1082 3379 233 58 einmal
1358 3377 182 58 einen
1569 3376 286 59 heiseren
1888 3374 191 59 Hund
2104 3376 210 57 bellen
2345 3376 227 57 hören:
2614 3374 273 59 Kritiker
2915 3374 210 58 bellen
3154 3371 368 59 manchmal
3552 3371 222 72 heiser,

492 3471 159 57 Herr
694 3471 208 74 Lange
943 3471 188 59 nicht.
1165 3511 15 10 -
1202 3472 240 56 Darum
1490 3469 240 68 „meine
1759 3469 254 73 Lieben,
2057 3486 129 39 nun
2230 3467 299 75 schimpft
2570 3469 124 56 mir
2733 3467 150 58 bitte
2912 3465 175 58 nicht
3114 3464 203 76 gleich
3359 3464 158 57 über
3559 3462 213 59 diesen

492 3562 556 73 Wurzelkranken,
1110 3581 188 39 wenn
1347 3560 107 60 Ihr
1512 3579 78 39 zu
1634 3559 66 67 74
1728 3559 380 76 meschugge
2577 3559 171 59 diese
2790 3559 205 57 Träne
3036 3559 247 72 gelesen
3327 3555 168 73 habt,
3562 3555 215 68 „werft

492 3652 163 59 auch
711 3653 150 58 bitte
922 3652 173 59 nicht
1154 3652 121 57 den
1336 3652 479 59 Wurzelechten
1876 3652 115 59 mit
2052 3650 213 59 diesen
2326 3650 312 58 rasenden
2699 3648 491 75 Sturmgesellen
3252 3645 75 74 (z.
3368 3647 66 57 B.
3495 3647 281 74 Chagall,

494 3745 384 73 Schwitters,
911 3741 226 77 Bauer)
1168 3745 64 57 in
1264 3743 102 58 die
2015 3741 552 61 Wahrscheinlich
2597 3743 202 58 sollen
2829 3760 112 39 aus
2973 3741 207 58 Bauer
3207 3740 240 73 Kugeln
3478 3753 296 60 gegossen

492 3836 276 73 werden,
831 3838 117 56 mit
1007 3836 205 60 denen
1254 3836 112 58 der
1425 3836 420 58 wurzelechte
1886 3835 361 59 Freischütz
2299 3850 190 59 gegen
2534 3835 102 57 die
2678 3835 199 57 Kunst
2917 3833 280 59 schiesst.
3300 3833 68 56 In
3410 3831 366 75 Kugelform

492 3929 82 56 ist
631 3928 114 59 der
787 3928 205 59 Bauer
1051 3928 134 57 und
1234 3928 112 57 der
1386 3928 258 73 Chagall
1695 3928 343 57 immerhin
2082 3928 378 74 geniessbar.
2560 3926 179 59 Lasst
2782 3924 120 58 den
2946 3923 559 72 Wurzelkranken,
3567 3924 212 56 meine

494 4019 252 73 Lieben,
790 4019 168 58 denn
999 4021 123 57 wie
1163 4019 101 58 die
1307 4019 174 58 nicht
1520 4018 396 76 abkugelnde
1942 4019 421 73 Mutterbrust,
2407 4018 299 59 erkrankt
2746 4018 147 57 dem
2936 4016 173 57 nicht
3141 4014 457 59 abfliessenden
3637 4016 105 57 Kri-

492 4111 161 57 tiker
702 4111 100 57 die
856 4111 173 57 nicht
1078 4109 412 59 abfliessende
1530 4111 273 59 Wurzel.
1903 4111 81 57 So
2038 4111 100 57 ein
2182 4111 209 72 Lange
2435 4126 172 42 muss
2653 4109 113 58 der
2807 4107 200 60 Kritik
3049 4107 283 58 erhalten
3374 4107 273 73 bleiben,
3711 4124 68 41 er

494 4202 146 58 darf
674 4204 172 57 nicht
885 4204 347 57 abfliessen.

1158 4327 178 78 Das
1395 4327 186 78 sind
1637 4326 354 105 goldene
2048 4327 332 90 Worte,

494 4453 174 69 wert,
729 4448 148 57 weit
938 4448 218 74 gehört
1214 4466 78 39 zu
1351 4448 259 59 werden
1673 4446 132 59 und
1864 4448 113 57 tief
2018 4448 68 55 in
2128 4446 102 57 die
2272 4446 174 57 Seele
2489 4444 171 76 jedes
2702 4444 342 59 deutschen
3207 4466 76 44 o
3369 4500 29 7 _
3620 4498 42 16 _
3749 4463 44 40 r

497 4539 512 58 Sattlermeisters
1071 4539 466 75 einzudringen.
1620 4571 474 46 «iivTt)

496 4644 850 98 PETROLEUM

497 4813 276 60 Deshalb
814 4815 152 58 lässt
1007 4815 159 58 Herr
1209 4815 206 75 Lange
1458 4815 172 58 seine
1671 4813 174 60 nicht
1884 4813 415 60 abfliessende
2338 4813 423 60 Wurzelseele
2804 4813 433 58 überfliessen:
3307 4813 159 66 „Der
3506 4812 236 76 Expres-

497 4907 358 72 sionismus,
905 4905 156 59 oder
1102 4907 215 57 besser
1358 4913 208 68 gesagt
1607 4907 128 72 das,
1778 4925 133 41 was
1955 4907 102 57 die
2098 4907 309 59 Vertreter
2448 4905 207 59 dieser
2694 4905 311 74 Richtung
3046 4907 254 69 wollen,
3344 4903 186 76 (Herr
3571 4905 211 74 Lange

496 4998 79 58 ist
616 4998 572 59 Generalvertreter
1229 4998 108 59 des
1381 5000 583 74 Expressionismus
2006 5000 102 57 für
2135 4996 376 76 Göttingen.)
2555 4996 298 75 (Pardon,
2895 4996 605 76 Wurzelvertreter.)
3544 5030 69 9 —
3669 4998 112 58 das

496 5089 110 58 hat
645 5091 115 56 mit
801 5089 145 60 dem
975 5091 291 58 Tamtam
1307 5091 132 58 und
1481 5091 120 58 den
1645 5093 476 56 ornamentalen
2150 5091 295 58 Floskeln
2482 5089 185 58 derer
2692 5108 110 39 um
2833 5089 267 60 Waiden
3132 5089 315 75 garnichts

497 5181 161 57 Herr
697 5181 210 74 Lange
946 5183 80 57 ist
1066 5183 278 57 nämlich
1386 5183 270 72 Kenner,
1700 5181 172 59 nicht
1913 5181 466 73 abfliessender,
2419 5181 459 59 wurzelechter
2907 5181 266 57 Kenner.
3244 5181 210 59 Schon
3496 5199 105 41 am
3644 5199 103 41 ver-

497 5288 319 59 gangenen
845 5272 321 61 Mittwoch
1197 5274 105 66 hat
1329 5293 68 39 er
1437 5274 181 58 einen
1651 5274 262 74 Vortrag
1942 5272 108 60 des
2076 5274 204 58 Herrn
2311 5272 405 75 Waldmann,
2758 5272 535 63 wahrscheinlich
3325 5274 158 58 über
3510 5274 272 74 Expres-
