3364 4572
1365 3889 189 44 17

225 536 128 39 freien
381 535 129 47 willst,
540 545 124 28 musst
693 533 53 38 du
775 545 50 26 zu
853 530 74 39 mir
955 531 190 38 kommen
1174 529 106 38 ohne
1301 528 98 38 Frau

226 599 85 39 und
338 597 118 40 Kind.

308 661 122 39 Ohne
459 660 98 38 Frau
585 658 84 40 und
698 656 120 39 Kind!
931 655 98 39 Wie
1060 654 65 39 ein
1155 652 92 40 Gift
1274 652 127 39 kroch

228 724 73 38 mir
335 722 65 39 das
430 722 129 39 Wort
595 721 61 39 ins
687 721 122 45 Herz,
838 718 76 39 wie
953 717 65 39 ein
1047 716 228 39 Geschwür
1303 714 95 39 frass

227 800 40 25 es
298 785 83 40 sich
409 783 114 40 tiefer
551 783 85 39 und
665 782 128 39 tiefer.

307 848 112 39 Aber
451 846 107 40 mein
571 845 126 39 Weib
717 857 82 25 war
832 842 91 39 eitel
952 841 196 40 Sanftmut
1175 840 85 38 und
1278 839 121 39 Milde

226 910 86 39 und
354 910 125 39 Liebe
526 921 129 40 gegen
696 907 123 46 mich,
866 905 130 39 meine
1038 902 150 40 Kinder
1232 902 169 54 spielten

226 972 174 40 fröhlich
428 985 50 26 zu
513 971 162 38 meinen
709 969 150 38 Füssen
966 966 76 40 wie
1071 966 109 39 hätte
1208 964 65 40 ich
1302 964 100 40 auch

228 1048 77 26 nur
325 1034 159 40 denken
503 1033 181 38 können:
715 1031 85 39 dass
828 1030 65 40 ich
920 1029 74 39 frei
1023 1042 83 25 von
1143 1027 102 39 euch
1282 1033 118 41 wäre,

230 1096 86 39 dass
345 1096 61 38 ihr
434 1107 64 28 tot
525 1096 141 38 wäret!

310 1158 99 39 Und
448 1158 109 39 doch
592 1157 41 38 in
666 1156 161 38 meinen
854 1155 209 39 Träumen
1097 1166 81 26 war
1216 1152 70 39 der
1316 1153 57 38 Ge-

231 1220 124 39 danke
401 1220 138 38 schon.
602 1220 142 38 Wenn
783 1217 65 39 ich
880 1216 238 46 aufwachte,
1164 1215 160 39 tauchte
1360 1228 41 25 er

230 1282 189 54 plötzlich
456 1283 43 38 in
533 1281 70 39 der
637 1280 252 51 Erinnerung
928 1277 74 49 auf,
1041 1277 76 39 wie
1152 1277 70 39 der
1257 1278 144 48 Qualm

234 1344 108 39 eines
377 1343 144 40 fernen
549 1343 186 39 Brandes.
790 1342 71 39 Ich
895 1340 182 40 erstickte
1112 1340 69 39 ihn
1216 1339 71 39 mit
1317 1340 57 38 Ge-

233 1406 139 48 beten,
411 1406 78 38 wie
525 1406 64 38 ein
617 1404 124 48 Kind,
772 1404 65 39 das
865 1403 296 39 Flammenlohe
1191 1401 72 39 mit
1292 1401 110 40 einer

235 1468 121 39 Hand
360 1468 82 39 voll
471 1467 100 40 Sand
601 1467 197 38 ersticken
827 1466 90 38 will.

312 1530 99 38 Und
450 1530 48 38 da
538 1541 141 27 raunte
717 1528 65 39 ein
809 1528 113 38 Buch
955 1527 73 39 mir
1063 1526 59 39 ins
1154 1527 104 38 Ohr:
1293 1527 108 39 Alles

230 1591 51 39 ist
311 1592 171 45 erlaubt;
513 1591 54 39 du
597 1591 76 38 bist
704 1591 107 38 Alles
839 1589 84 39 und
949 1589 109 39 Alles
1087 1589 50 38 ist
1166 1589 113 46 dein;
1310 1591 95 40 dein

233 1653 214 40 Gewissen
475 1654 51 38 ist
555 1653 64 38 ein
634 1655 114 42 Narr;
778 1653 55 37 sei
863 1651 64 39 ein
943 1651 106 39 Herr
1077 1651 83 39 und
1188 1652 107 48 thue,
1325 1668 77 24 was

233 1715 54 39 du
315 1716 118 38 willst
461 1746 9 8 .
501 1745 8 9 .
539 1745 9 9 .

311 1778 102 38 War
452 1778 66 38 das
564 1777 113 39 Buch
724 1775 109 39 mein
867 1775 255 40 Verderber?
1177 1777 67 39 Oh
1296 1777 107 48 nein,

233 1839 108 39 Herr
371 1840 168 46 Doktor,
569 1839 111 39 nicht
709 1839 97 38 also!
850 1839 78 37 Das
945 1839 111 39 Buch
1085 1850 90 40 trug
1205 1839 128 39 nichts
1363 1839 42 39 in

232 1901 106 40 mich
365 1902 148 39 hinein.
570 1901 109 39 Alles
709 1900 239 39 Teuflische
983 1914 80 25 war
1093 1901 126 38 schon
1248 1902 42 38 in
1318 1902 85 38 mir.

230 1965 114 38 Aber
372 1977 79 25 was
479 1963 66 39 ich
573 1963 47 38 da
648 1963 65 47 las,
743 1963 66 38 das
839 1976 80 25 war
950 1963 73 38 wie
1053 1963 65 38 ein
1144 1963 261 52 Maienregen

231 2025 72 39 auf
338 2026 63 38 ein
440 2026 193 38 besamtes
663 2024 107 40 Feld.
827 2025 127 39 Noch
986 2025 137 39 hatten
1158 2025 131 39 meine
1321 2026 56 38 Ge-

230 2088 156 38 danken
426 2088 83 38 sich
541 2101 75 25 nur
650 2087 54 38 im
732 2086 159 39 Dunkel
933 2098 151 40 geregt,
1113 2088 97 50 jetzt
1248 2100 156 37 wagten

231 2151 55 38 sie
330 2150 82 39 sich
458 2164 69 25 ans
566 2150 116 38 Licht
716 2149 85 38 und
840 2149 180 39 erhoben
1056 2149 84 38 sich
1173 2149 115 40 frech
1319 2150 84 38 und

231 2212 122 39 dreist
381 2242 9 8 .
421 2242 9 9 .
459 2242 7 8 .
526 2213 80 37 Das
635 2212 161 38 Lachen
830 2210 70 38 der
938 2211 187 39 Buhlerin
1171 2212 113 51 klang
1330 2212 74 38 mir

231 2274 53 38 im
306 2274 100 48 Ohr,
436 2274 85 40 und
551 2274 65 39 ich
642 2273 117 40 hörte
790 2286 52 33 es,
872 2286 66 25 wo
967 2272 67 39 ich
1053 2272 95 52 ging
1167 2272 85 39 und
1272 2273 130 45 stand;

230 2337 84 38 und
356 2337 142 38 immer
541 2336 68 39 sah
645 2335 65 39 ich
759 2335 55 38 sie
851 2347 75 26 vor
970 2333 94 48 mir,
1122 2334 62 39 die
1233 2335 171 38 nackten

232 2399 220 47 Schultern,
479 2398 62 39 die
569 2397 171 41 weissen
759 2398 137 46 Arme,
926 2396 84 39 und
1037 2396 143 38 immer
1194 2397 117 39 fühlt’
1339 2397 65 40 ich

232 2461 79 38 den
338 2460 193 47 weichen,
559 2460 146 40 kühlen
735 2459 140 40 Mund.
918 2458 98 39 Und
1044 2459 144 38 mitten
1216 2473 66 24 aus
1312 2459 91 38 dem

232 2524 161 39 Lachen
420 2530 116 31 tönte
565 2536 40 25 es
633 2523 155 47 heraus,
817 2520 267 40 tausendmal:
1115 2521 59 37 Sie
1204 2521 89 39 sind
1328 2533 74 35 tot,

233 2586 68 38 bin
327 2585 66 41 ich
421 2585 110 39 dein!
562 2614 8 8 .
600 2613 9 9 .
640 2615 8 8 .

314 2649 69 39 Oh
418 2648 64 39 ich
510 2647 273 39 Verfluchter!
825 2647 100 37 Dass
960 2645 67 39 ich
1062 2645 102 39 euch
1192 2643 108 40 doch
1337 2657 45 38 ge-

233 2710 162 39 mordet
418 2711 108 38 hätte
553 2709 71 38 mit
648 2709 128 38 dieser
796 2707 162 40 Hand!
1053 2708 119 37 Dann
1190 2706 139 39 hätten
1350 2706 54 38 sie

233 2772 106 40 mich
374 2772 112 39 nicht
520 2772 72 38 mit
629 2772 127 39 ihrem
783 2770 157 40 Mitleid
971 2769 188 53 gefoltert
1187 2768 84 39 und
1299 2768 106 39 mich

233 2834 76 40 wie
339 2835 118 38 einen
475 2834 258 39 Verrückten
752 2833 240 50 bejammert.
1032 2833 120 37 Dann
1180 2831 141 39 hätten
1349 2830 55 37 sie

233 2897 75 38 mir
352 2897 80 38 den
469 2895 117 54 Kopf
619 2895 228 52 abgehauen
880 2924 87 10 ...
1023 2893 100 39 Und
1171 2893 68 38 das
1277 2893 127 37 Feuer

232 2959 96 47 hier,
359 2959 65 38 das
449 2960 125 37 Feuer
682 2958 92 38 war’
797 2956 72 40 mit
896 2956 178 40 meinem
1093 2955 92 39 Blut
1213 2953 189 53 gelöscht.

312 3021 113 40 Mich
444 3020 243 53 schimpften
699 3019 53 39 sie
762 3020 196 47 verrückt,
979 3019 121 39 mich!
1121 3018 76 37 Die
1210 3015 193 47 Elenden,

235 3083 62 38 die
327 3082 195 54 dumpfen
542 3083 187 38 Thoren!
771 3081 123 49 Mich,
926 3082 80 38 den
1030 3080 195 51 einzigen,
1257 3078 71 38 der
1357 3077 47 39 da

234 3145 107 39 Herr
367 3145 51 39 ist
444 3147 100 37 über
564 3146 139 38 Leben
730 3144 84 39 und
828 3144 111 47 Tod,
969 3143 71 39 der
1068 3142 89 39 alles
1178 3142 118 46 kann,
1324 3153 79 26 was

235 3221 42 24 er
309 3207 98 47 will,
442 3208 70 38 der
548 3208 72 39 mit
654 3207 130 38 einem
815 3207 224 38 Gedanken
1074 3205 62 38 die
1165 3202 118 40 Welt
1318 3215 65 26 ver-

235 3269 164 40 nichten
434 3270 113 39 kann.
600 3269 58 48 Ja,
696 3282 123 26 wenn
853 3268 65 40 ich
957 3267 113 48 will,
1197 3268 73 35 mit
1303 3264 102 38 allen

235 3332 198 38 Brünsten
460 3332 79 38 und
567 3332 145 38 Fasern
740 3330 82 40 und
852 3331 170 38 Nerven
1049 3328 103 41 will
1180 3327 85 39 und
1295 3326 110 39 nicht

237 3393 141 48 denke,
406 3394 109 40 nicht
543 3400 164 42 träume,
736 3393 112 40 nicht
877 3405 101 34 esse,
1013 3391 111 40 nicht
1161 3389 129 40 trinke
1317 3388 87 39 und

234 3455 141 39 immer
403 3469 75 25 nur
586 3455 111 41 will.

317 3518 50 38 So
395 3518 87 39 hab’
510 3518 94 40 ich’s
635 3518 145 52 gethan
889 3530 45 25 so
962 3515 77 39 ist’s
1075 3513 213 54 geschehn.
1319 3543 7 8 .
1357 3542 8 8 .
1396 3542 8 9 .

315 3580 137 39 Meine
489 3580 120 39 Hand
651 3593 82 26 war
770 3593 51 25 zu
863 3578 100 52 feig,
1006 3578 92 38 aber
1140 3576 73 39 mit
1253 3576 152 38 meiner

237 3643 109 39 Seele
383 3642 85 41 hab’
510 3642 65 40 ich
613 3642 53 39 sie
711 3642 230 52 gemordet,
979 3639 162 39 meinen
1179 3638 226 39 Gedanken

237 3718 92 26 zum
343 3704 96 40 Pfeil
455 3704 190 52 gemacht,
660 3704 162 39 meinen
838 3703 223 40 Gedanken
1075 3715 93 25 zum
1181 3699 224 41 wütenden

1507 523 132 41 Wolf.
1696 524 113 39 Zwei
1843 524 114 51 Tage
1996 522 86 40 hab’
2124 522 66 39 ich
2227 522 223 51 gehungert
2490 521 84 38 und
2615 534 44 39 ge-

1508 587 155 38 dürstet
1691 585 84 39 und
1803 585 41 38 in
1874 585 71 38 der
1972 585 147 46 Nacht,
2149 583 42 40 in
2229 583 71 39 der
2337 582 346 40 schwarzfinstren

1507 649 135 39 Nacht
1684 647 106 40 mich
1833 646 206 53 gegeisselt
2080 646 84 38 und
2194 646 158 38 meinen
2382 644 115 54 Kopf
2531 645 41 38 in
2602 644 81 39 den

1508 710 103 40 Sand
1646 721 181 43 gepresst
1867 708 84 39 und
1987 709 141 38 immer
2170 721 76 25 nur
2275 707 65 39 das
2371 707 89 38 eine
2490 708 190 51 gedacht:

1509 773 89 38 Seid
1626 774 80 37 tot!
1736 802 88 8 ...
1877 771 54 49 Ja,
1961 784 44 25 so
2035 770 88 39 hab’
2159 770 96 40 ich’s
2286 769 144 53 gethan
2537 769 74 38 wie
2642 782 39 25 es

1510 834 261 53 geschrieben
1799 833 124 39 stand.

1589 896 98 39 Und
1724 896 47 38 da
1805 896 81 39 ist’s
1936 895 211 52 geschehn.
2205 895 59 38 Da
2303 894 67 39 sah
2413 894 64 39 ich
2515 894 53 38 sie
2609 907 74 24 vor

1508 959 74 39 mir
1619 959 146 52 liegen,
1799 969 147 27 stumm
1980 957 85 39 und
2100 956 141 40 bleich.
2297 956 73 38 Ein
2405 969 156 38 grosser
2595 956 90 51 Sarg

1508 1022 42 38 in
1589 1021 70 39 der
1689 1022 140 46 Mitte,
1868 1020 64 38 ein
1968 1018 151 39 kleiner
2148 1018 93 52 Sarg
2283 1032 71 24 zur
2382 1018 200 47 Rechten,
2619 1017 64 39 ein

1508 1085 149 38 kleiner
1688 1085 91 49 Sarg
1808 1096 71 25 zur
1908 1083 166 38 Linken.
2130 1081 114 39 Mein
2273 1081 143 38 blasses
2445 1080 125 39 Weib
2599 1081 83 38 und

1509 1147 130 38 meine
1668 1146 161 47 Kinder,
1858 1144 131 39 meine
2018 1144 171 39 Kinder!
2244 1144 60 38 Da
2331 1143 131 52 liegen
2492 1143 71 46 sie,
2599 1143 84 39 und

1510 1210 64 38 ich
1594 1208 160 54 springe
1785 1206 76 47 auf,
1889 1206 84 40 und
1993 1206 65 38 das
2079 1206 161 38 Lachen
2258 1204 49 39 ist
2326 1216 249 37 verstummt,
2600 1205 83 39 und

1510 1283 94 27 statt
1634 1270 68 39 des
1732 1269 178 40 Lachens
1948 1269 94 39 hallt
2077 1269 62 38 die
2169 1268 281 51 Totenglocke
2479 1269 203 47 immerzu,

1508 1335 205 38 immerzu.
1742 1331 97 39 Und
1867 1331 64 40 ich
1952 1330 150 40 schreie
2121 1331 84 38 und
2222 1330 108 38 bete:
2346 1330 120 39 Lebt!
2488 1330 117 40 Lebt!
2635 1362 8 8 .
2675 1361 8 9 .

1510 1396 113 39 Aber
1651 1408 50 26 zu
1722 1400 98 47 spät,
1849 1407 50 25 zu
1919 1399 98 47 spät.
2060 1394 83 37 Der
2163 1392 97 39 Pfeil
2279 1406 80 25 war
2379 1393 304 51 abgeschossen,

1511 1458 71 39 der
1609 1455 127 40 Wolf
1759 1456 106 39 hatte
1895 1455 62 38 die
1987 1455 156 38 Krallen
2173 1454 244 52 eingehau’n.

1592 1521 66 37 Ihr
1687 1519 92 38 Blut
1806 1531 80 26 war
1916 1517 71 39 auf
2009 1517 174 39 meinem
2211 1517 148 53 Haupt.

1597 1583 61 38 Sie
1697 1594 140 39 sagen,
1881 1580 62 38 die
1974 1580 151 39 Seuche
2162 1579 98 39 habe
2300 1580 53 39 sie
2392 1586 175 45 getötet,
2615 1580 70 38 alle

1514 1644 83 39 drei
1627 1675 48 8 ..
1705 1675 8 8 .
1780 1644 129 51 Lüge!
1948 1643 128 50 Lüge!
2132 1642 77 38 Mit
2246 1641 174 40 meinem
2459 1642 226 39 Gedanken

1513 1708 74 37 hab
1615 1707 66 39 ich
1709 1707 55 38 sie
1795 1706 245 52 gemordet.“
2057 1711 22 15 “

2086 1863 27 30 ❖

1594 2020 77 37 Das
1706 2031 80 26 war
1825 2017 65 38 das
1921 2017 236 38 Geheimnis
2192 2016 129 53 Aloys
2355 2016 222 52 Tückings.
2634 2017 51 38 Er

1511 2081 107 39 hatte
1648 2094 39 25 es
1716 2079 266 53 vorgebracht
2003 2078 163 52 anfangs
2203 2078 71 39 mit
2304 2078 71 38 der
2394 2078 158 48 wirren,
2581 2085 84 32 träu-

1512 2143 224 39 merischen
1766 2142 171 54 Sprache
1975 2141 104 38 eines
2113 2140 161 40 Kindes.
2332 2140 159 39 Zuletzt
2531 2154 78 25 war
2644 2154 42 25 er

1513 2204 302 51 aufgestanden,
1847 2203 87 39 und
1966 2203 127 47 hatte,
2130 2216 76 25 was
2244 2215 41 26 er
2317 2202 252 39 hundertmal
2605 2201 81 39 sich

1514 2266 118 39 selbst
1675 2277 148 40 gesagt,
1866 2266 129 38 Wort
2035 2278 68 25 um
2146 2266 129 37 Wort
2319 2265 367 51 hervorgestossen,

1514 2340 130 40 erregt
1673 2328 85 38 und
1787 2328 108 39 doch
1923 2326 196 47 feierlich,
2153 2326 43 39 in
2225 2326 92 40 dem
2345 2327 124 38 Tone
2500 2326 68 39 des
2598 2327 58 38 An-

1512 2391 160 52 klägers,
1703 2391 68 38 des
1801 2390 228 53 Propheten
2144 2402 75 25 nur
2246 2389 85 40 hier
2360 2389 84 38 und
2474 2389 48 38 da
2550 2390 114 39 schau-

1513 2452 226 54 spielerisch
1767 2452 207 54 gespreizt.
2025 2452 54 48 Ja,
2109 2451 84 39 sein
2215 2451 185 39 Schmerz
2425 2465 82 25 war
2536 2452 149 38 ebenso

1514 2515 102 47 echt,
1646 2516 75 37 wie
1750 2514 85 39 sein
1854 2513 253 54 Empfinden,
2128 2513 71 38 der
2218 2513 162 52 Einzige
2406 2526 51 26 zu
2477 2513 93 39 sein.
2615 2514 70 39 Als

1513 2590 42 25 er
1585 2577 183 50 geendet,
1796 2577 106 38 hatte
1932 2589 41 26 er
2003 2575 82 40 sich
2111 2575 101 38 über
2231 2575 108 39 mein
2359 2577 92 37 Bett
2479 2575 207 52 geworfen

1512 2639 84 38 und
1623 2638 59 52 lag
1703 2652 84 25 nun
1804 2638 232 52 regungslos
2058 2637 59 48 da,
2137 2636 72 40 mit
2227 2636 210 40 fieberisch
2458 2638 227 51 glühenden

1510 2701 147 52 Augen
1685 2713 71 26 zur
1783 2700 137 39 Decke
1949 2699 192 40 starrend.

1591 2763 70 39 Ich
1680 2762 244 39 betrachtete
1938 2761 81 48 ihn,
2048 2761 84 39 und
2154 2773 119 27 etwas
2293 2760 77 40 wie
2399 2761 65 39 ein
2484 2761 201 40 Schauder

1512 2825 94 51 ging
1634 2824 73 39 mir
1736 2824 144 40 durchs
1909 2824 102 39 Blut.
2066 2824 50 38 Es
2152 2837 80 25 war
2268 2823 109 40 doch
2412 2823 65 39 ein
2505 2824 180 47 Mörder,

1513 2888 70 38 der
1613 2887 47 38 da
1686 2887 70 52 lag.
1813 2888 94 50 Mag
1936 2886 100 39 auch
2065 2897 113 27 sonst
2207 2885 65 39 ein
2300 2885 270 39 Unterschied
2598 2885 86 38 sein

1512 2949 202 40 zwischen
1731 2948 300 52 Mordgedanke
2051 2947 87 39 und
2157 2947 136 47 Mord,
2384 2946 77 40 wie
2481 2947 203 39 zwischen

1513 3011 91 39 dem
1632 3011 153 47 Wind,
1815 3010 71 38 der
1918 3024 67 25 um
2022 3010 64 38 die
2114 3010 148 38 Blätter
2298 3010 134 52 spielt,
2465 3009 84 39 und
2593 3009 92 38 dem

1514 3074 147 47 Orkan,
1691 3073 71 38 der
1790 3072 80 39 den
1895 3072 125 39 Wald
2051 3071 228 52 niederfegt
2386 3072 85 39 hier
2504 3085 81 25 war
2615 3071 70 39 der

1514 3135 193 39 Gedanke
1737 3135 107 39 doch
1876 3135 113 38 mehr
2025 3148 188 38 gewesen
2241 3133 127 40 durch
2403 3134 109 38 seine
2540 3135 146 37 Brunst

1512 3198 84 39 und
1627 3197 126 39 durch
1782 3196 80 39 den
1891 3196 185 39 Glauben
2105 3210 49 25 an
2183 3196 107 39 seine
2319 3195 113 39 Kraft
2462 3226 8 7 .
2501 3225 9 8 .
2541 3226 8 8 .

1592 3261 113 38 Aber
1731 3259 66 40 ich
1823 3259 100 38 habe
1952 3259 111 40 nicht
2091 3259 66 38 das
2187 3259 111 50 Zeug
2327 3271 93 26 zum
2444 3257 173 40 Richten
2643 3258 43 38 in

1513 3322 83 39 mir.
1642 3322 130 39 Nicht
1801 3321 63 38 ein
1894 3322 122 38 Gran.
2064 3321 97 40 Und
2189 3320 66 40 ich
2279 3320 101 39 habe
2399 3320 107 39 mich
2526 3320 63 38 nie
2618 3333 68 25 um

1514 3385 63 39 die
1610 3384 143 39 Toten
1789 3384 260 51 gekümmert.
2098 3383 60 38 Sie
2194 3382 90 39 sind
2319 3393 75 28 tot.
2448 3383 84 38 Der
2562 3383 124 38 Mann

1514 3448 47 38 da
1594 3447 93 38 aber
1719 3446 117 39 lebte.
1891 3446 87 39 Ihm
2013 3447 151 38 konnte
2192 3445 65 39 ich
2286 3455 119 29 etwas
2436 3444 97 48 sein,
2562 3445 33 49 ja
2622 3443 64 39 ich

1513 3520 170 36 musste,
1718 3509 76 38 wie
1836 3508 62 38 die
1928 3508 120 40 Sache
2088 3507 87 39 ’mal
2209 3508 79 51 lag,
2323 3507 64 39 ich
2424 3518 147 27 musste
2605 3506 81 40 ihm

1514 3584 120 27 etwas
1665 3570 95 39 sein.

1594 3634 96 39 Und
1725 3634 213 39 immerhin
2062 3646 41 25 er
2140 3645 141 38 zwang
2317 3631 75 40 mir
2425 3642 109 27 trotz
2573 3630 112 38 allem

1514 3697 87 39 eine
1632 3699 163 49 gewisse
1825 3697 192 51 Achtung
2046 3697 59 37 ab.
2160 3696 98 38 Wie
2298 3694 64 38 ein
2395 3693 121 53 jeder,
2545 3692 72 39 der
2646 3706 40 24 es
