3370 4572
1334 3907 191 45 29

212 533 73 36 und
295 533 151 36 Thomas
456 536 157 35 Münzers
628 535 97 35 nicht
739 535 147 50 glaubte.
914 536 74 35 Ihre
1004 534 123 37 Stücke
1141 548 116 23 waren
1268 534 97 37 Kraft-

212 587 129 50 proben
358 588 89 35 eines
467 588 319 38 unkünstlerischen
801 590 314 36 Pseudorealismus.
1153 592 79 33 Nur
1247 603 41 22 zu
1302 589 79 36 bald

213 640 120 37 wurde
361 640 103 37 dafür
488 641 66 36 auf
577 642 66 36 den
661 645 150 34 Brettern
839 643 57 36 der
914 644 129 36 Beweis
1074 641 162 50 geliefert.
1282 646 100 32 Denn

213 694 48 35 als
279 694 219 50 Nachzügler
523 708 114 23 unsres
656 695 155 51 Erfolges
840 696 188 49 gründeten
1051 698 89 34 diese
1165 700 105 32 Leute
1294 696 87 49 flugs

213 748 53 35 ein
293 747 487 45 Konkurrenzunternehmen,
810 750 57 35 das
896 751 47 34 sie
970 752 64 33 mit
1062 751 111 34 einem
1200 750 93 35 Stich
1322 749 64 36 auf

213 801 53 35 die
286 802 263 49 notgedrungne
572 803 270 41 „Ausländerei“
867 804 57 35 der
943 805 112 34 Freien
1075 804 117 35 Bühne
1211 805 170 34 Deutsche

212 854 117 36 Bühne
348 864 164 27 nannten.
545 858 53 33 Sie
618 856 230 37 annektierten
868 856 220 37 unverfroren
1106 870 98 22 unsre
1223 858 157 35 mühsam

213 907 256 51 ausgeklügelte
483 909 346 50 Vereinsverfassung,
844 910 167 36 erklärten
1026 924 63 21 uns
1105 910 153 36 allesamt
1276 919 88 26 trotz-

212 961 79 36 dem
311 961 56 36 für
392 963 139 35 dumme
548 963 114 42 Kerle,
687 963 166 36 heimsten
874 964 53 35 die
944 964 261 49 Jahresbeiträge
1229 965 55 34 ein
1307 964 73 35 und

213 1014 158 36 machten
397 1016 72 35 sich
494 1016 108 36 durch
621 1015 228 50 Aufführung
874 1018 88 35 ihrer
984 1016 241 52 Hauptstücke
1251 1032 38 21 so
1314 1031 44 22 un-

213 1068 172 49 möglich,
413 1069 73 36 dass
513 1070 54 35 die
595 1070 92 35 Bude
714 1070 214 49 geschlossen
954 1072 141 35 werden
1122 1079 137 33 musste,
1287 1072 93 35 noch

213 1122 62 35 ehe
295 1122 57 35 das
381 1124 242 49 versprochene
652 1126 142 33 Pensum
823 1124 90 35 auch
940 1138 66 21 nur
1024 1124 80 36 halb
1129 1124 141 49 erledigt
1292 1138 86 23 war.

211 1175 216 36 Vermutlich
461 1176 114 49 klagte
607 1176 129 37 damals
770 1180 87 33 Herr
889 1178 129 36 Frenzei
1051 1179 115 34 seinen
1193 1178 81 36 halb
1309 1192 56 22 ver-

211 1228 143 36 lorenen
371 1230 240 45 Jahreseinsatz
635 1244 37 21 so
692 1231 117 48 wenig
828 1232 68 42 ein,
922 1232 70 35 wie
1014 1232 57 35 ich
1089 1232 73 35 und
1183 1232 52 35 die
1256 1232 126 35 andern

213 1282 205 49 Geprellten,
445 1283 54 36 die
526 1282 80 37 froh
624 1298 127 28 waren,
780 1284 109 35 neben
916 1286 108 35 ihrem
1044 1285 106 37 Gelde
1177 1285 95 36 nicht
1291 1286 91 35 noch

213 1336 96 35 mehr
324 1337 73 34 Zeit
416 1336 161 36 verlieren
596 1350 40 22 zu
655 1343 144 30 müssen.
836 1341 38 32 In
895 1340 106 34 seiner
1016 1339 204 36 väterlichen
1233 1340 129 35 Freund-

213 1387 111 37 schaft
352 1388 57 36 für
435 1390 132 35 Alberti
595 1391 70 35 und
691 1391 169 36 Bleibtreu
896 1392 131 35 scheint
1054 1395 87 33 Herr
1164 1393 131 35 Frenzei
1324 1393 57 35 das

213 1441 196 37 verkrachte
433 1444 124 34 Dasein
574 1447 91 44 jener
689 1446 220 40 „Deutschen
929 1447 144 34 Bühne“
1092 1460 98 35 sogar
1209 1459 173 36 vergessen

214 1509 41 21 zu
274 1496 124 42 haben,
415 1496 42 35 da
477 1510 35 21 er
530 1497 72 35 sich
620 1498 92 35 noch
726 1499 101 34 heute
841 1512 68 22 von
926 1500 64 34 den
1006 1498 270 51 Aufführungen
1295 1500 88 35 ihrer

213 1548 126 36 Stücke
360 1558 105 27 etwas
486 1559 158 27 erwartet
662 1552 71 34 und
748 1552 54 35 die
821 1553 197 40 „Deutsche
1032 1553 238 36 Rundschau“
1288 1554 95 35 nicht

214 1600 56 37 für
298 1615 41 22 zu
371 1604 166 34 vornehm
574 1604 92 42 hält,
694 1618 62 22 um
784 1606 37 34 in
848 1606 53 34 ihr
929 1620 108 35 gegen
1065 1606 65 35 den
1158 1608 140 34 Dichter
1327 1607 55 35 des

213 1656 161 40 „Florian
393 1660 136 43 Geyer“
545 1656 57 36 das
618 1658 230 36 zerschlissene
862 1659 162 36 Fähnlein
1039 1660 203 49 abgethaner
1256 1659 128 36 kleiner

213 1709 149 35 Schreier
381 1708 251 38 aufzustecken.

287 1763 66 34 Die
378 1764 197 48 Gründung
603 1764 58 35 der
686 1765 112 35 Freien
824 1766 118 35 Bühne
967 1765 154 37 wirbelte
1147 1767 35 34 in
1201 1766 184 37 deutschen

213 1815 141 35 Landen
375 1815 90 36 allen
480 1817 105 35 Staub
606 1816 72 43 auf,
699 1818 58 35 der
775 1832 67 22 nur
860 1819 181 48 irgendwo
1063 1820 82 34 über
1160 1820 225 49 abgelehnten

212 1868 148 35 Stücken
380 1869 67 48 lag.
493 1870 102 35 Auch
614 1871 50 35 im
682 1872 127 35 Archiv
828 1872 58 35 der
905 1873 111 34 Freien
1036 1874 119 34 Bühne
1174 1872 120 37 häufte
1312 1874 73 35 sich

212 1921 78 36 bald
315 1922 255 36 unübersehbar
598 1924 54 35 ein
666 1928 108 32 Wust
792 1938 71 22 von
877 1925 268 36 Handschriften
1162 1927 72 35 und
1249 1926 114 36 Druck-

211 1976 132 34 sachen.
392 1978 120 33 Wenn
540 1990 60 22 aus
629 1977 125 35 diesem
781 1980 119 40 Wust,
929 1979 139 49 schäbig
1096 1980 70 34 und
1194 1980 191 49 nachlässig

211 2027 178 50 gedruckt,
410 2029 57 35 das
487 2030 126 35 sociale
633 2034 126 31 Drama
778 2034 97 38 „Vor
890 2031 318 50 Sonnenaufgang“
1227 2033 158 36 ziemlich

210 2076 81 41 früh
322 2083 36 34 in
392 2095 100 22 unsre
519 2083 125 35 Hände
669 2084 73 41 fiel,
769 2098 38 21 so
832 2084 192 37 verdanken
1044 2088 68 33 wir
1135 2086 57 35 das
1213 2086 78 35 dem
1310 2086 55 36 leb-

209 2134 118 36 haften
346 2138 176 39 Interesse,
549 2137 58 34 das
627 2138 140 34 Meister
785 2140 149 33 Fontane
959 2152 44 22 an
1023 2139 77 35 dem
1119 2140 130 35 Werke
1267 2141 116 34 nahm.

208 2189 88 35 Kein
316 2190 199 48 Geringerer
534 2189 47 36 als
602 2203 34 22 er
654 2191 43 34 ist
717 2204 50 28 es,
793 2191 57 35 der
874 2192 54 35 die
954 2200 107 27 ersten
1080 2192 109 37 Fäden
1213 2193 171 36 zwischen

209 2242 57 35 der
285 2243 114 35 Freien
418 2243 120 35 Bühne
557 2243 73 35 und
645 2244 143 35 Gerhart
807 2247 228 50 Hauptmann
1053 2245 157 51 knüpfte.
1248 2246 60 35 Als
1327 2246 57 35 ich

208 2295 57 35 das
295 2295 105 35 Stück
429 2295 68 43 las,
526 2297 122 35 wurde
675 2298 65 34 mir
769 2297 110 36 sofort
904 2293 93 47 klar,
1025 2299 73 35 dass
1128 2314 32 21 es
1189 2300 57 35 der
1270 2300 114 35 Freien

209 2349 120 35 Bühne
348 2358 85 26 erste
454 2349 73 36 und
542 2351 217 34 vornehmste
774 2351 121 36 Pflicht
910 2353 58 40 sei,
987 2352 73 35 sich
1074 2352 104 37 dieses
1192 2352 191 49 Wildlings

209 2403 253 43 anzunehmen;
479 2403 90 36 denn
583 2405 72 34 hier
670 2417 75 23 war
759 2403 210 50 Kraftgenie,
985 2406 73 35 hier
1072 2420 75 21 war
1156 2406 226 42 Revolution,

207 2457 74 34 hier
299 2469 74 23 war
392 2456 210 42 Realismus,
623 2457 75 35 hier
716 2471 74 22 war
809 2458 80 35 alles
909 2457 123 45 frisch,
1053 2458 109 43 frech,
1182 2458 75 43 frei,
1278 2458 104 43 stark,

207 2509 195 49 unbändig,
430 2510 207 49 waghalsig,
658 2512 69 34 wie
748 2525 67 21 nur
835 2512 54 35 die
909 2512 130 49 Jugend
1059 2514 53 34 ist.
1160 2516 69 32 Der
1242 2514 142 34 Dichter

208 2561 121 44 selbst,
359 2563 66 35 den
444 2565 67 34 wir
537 2563 79 36 bald
636 2563 126 36 darauf
784 2564 134 36 kennen
937 2565 143 38 lernten:
1101 2565 281 43 zurückhaltend,

207 2616 116 41 scheu,
352 2617 245 42 verschlossen,
627 2616 92 43 fein,*
751 2619 98 35 stand
878 2619 190 49 persönlich
1096 2620 49 35 im
1173 2619 210 36 seltsamsten

209 2672 205 45 Gegensätze
429 2683 41 21 zu
486 2671 127 34 seinem
627 2671 289 49 Erstlingsdrama.
954 2675 86 32 Man
1058 2672 113 37 fühlte
1185 2672 196 38 instinktiv:

207 2724 39 34 in
263 2723 74 34 ihm
355 2723 91 49 birgt
465 2724 71 35 sich
555 2725 93 34 noch
667 2725 116 34 andres
804 2725 47 35 als
872 2725 86 36 dies!

288 2775 120 36 Leider
427 2776 57 49 lag
504 2780 97 37 „Vor
620 2777 317 50 Sonnenaufgang“
956 2778 54 36 bei
1029 2779 262 36 Buchhändlern
1309 2793 71 22 aus.

209 2828 83 36 Bald
308 2830 83 48 ging
400 2830 37 34 in
447 2831 154 48 Kneipen
614 2831 71 35 und
700 2829 264 38 Kaffeehäusern
980 2833 54 35 ein
1044 2836 145 31 Raunen
1199 2846 70 23 von
1279 2834 103 34 Tisch

208 2896 41 22 zu
269 2883 121 36 Tisch:
418 2891 106 27 etwas
543 2884 216 35 Furchtbares
780 2885 47 34 sei
849 2886 49 33 im
916 2885 120 36 Werk.
1086 2885 78 36 Auf
1185 2886 58 35 der
1266 2887 113 34 Freien

207 2937 119 34 Bühne
346 2936 145 35 würden
509 2937 162 35 nächsten
691 2940 153 46 Sonntag
862 2939 90 34 nach
971 2939 77 35 dem
1064 2939 231 36 Gottesdienst
1315 2939 63 36 alle

207 2989 114 35 Bande
346 2987 164 37 frommer
536 2991 109 34 Scheu
668 2992 131 35 reissen.
854 2993 65 34 Die
943 2994 211 47 Entrüstung
1177 2993 121 35 wuchs
1325 2993 54 36 bei

209 3043 158 35 Christen
386 3043 71 34 und
475 3043 120 45 Juden.
642 3044 92 35 Aber
757 3045 91 35 noch
874 3044 127 36 stärker
1027 3046 46 35 als
1093 3046 55 35 die
1166 3048 213 47 Entrüstung

207 3109 74 23 war
300 3096 52 35 die
373 3097 91 42 Gier,
485 3097 77 35 dem
577 3097 215 36 Grässlichen
811 3097 261 37 beizuwohnen.
1110 3100 64 34 Die
1193 3099 86 35 Zahl
1298 3112 60 22 uns-

207 3163 51 21 rer
282 3150 155 35 Passiven
460 3151 121 35 wuchs
615 3151 130 36 rasend.
794 3154 67 33 Das
886 3153 267 48 Lessingtheater
1176 3154 65 33 mit
1264 3154 114 34 seinen

207 3203 141 35 tausend
374 3203 133 35 Plätzen
531 3209 150 44 genügte
705 3205 97 35 nicht
825 3205 59 36 der
909 3204 208 50 Nachfrage.
1161 3207 70 34 Nie
1255 3207 61 34 hat
1345 3220 31 21 es

208 3257 74 34 eine
310 3257 235 35 stürmischere
571 3258 221 49 Vorstellung
818 3258 150 49 gegeben
1001 3259 47 35 als
1077 3260 89 34 diese
1191 3262 167 46 Sonntags-

207 3311 146 34 matinee
390 3324 83 22 vom
514 3310 158 37 Oktober
719 3313 71 45 188
790 3313 38 45 p.
888 3313 64 34 Die
987 3312 145 35 sittliche
1169 3316 209 46 Entrüstung

206 3362 128 36 lauerte
353 3363 65 36 den
436 3377 71 23 von
526 3365 78 35 dem
624 3365 114 35 Buche
757 3366 59 35 her
844 3365 235 49 berüchtigten
1098 3364 191 38 Saftstellen
1317 3365 66 37 auf

207 3417 72 35 und
302 3430 74 22 war
404 3417 96 36 desto
529 3424 218 36 entrüsteter,
774 3422 31 45 je
825 3418 89 37 öfter
932 3420 88 35 sichs
1046 3419 120 50 ergab,
1195 3419 73 36 dass
1288 3420 89 35 diese

207 3469 124 36 Stellen
350 3484 70 22 von
439 3471 56 35 der
508 3473 107 48 Regie
634 3473 188 48 gestrichen
841 3487 130 22 waren.
1004 3473 59 35 Als
1083 3474 72 34 sich
1169 3474 48 35 im
1233 3478 125 45 vorzüg-

207 3523 113 35 lichen
334 3523 120 37 letzten
465 3524 71 37 Akt
546 3528 79 33 Arzt
644 3526 71 35 und
727 3530 101 32 Gatte
843 3539 62 22 um
918 3527 54 35 die
981 3526 155 36 nebenan
1150 3527 227 35 wimmernde

206 3578 218 35 Wöchnerin
444 3592 132 35 sorgen,
597 3580 54 35 die
671 3578 66 37 auf
752 3580 56 35 der
823 3580 118 35 Bühne
962 3580 76 35 aber
1056 3581 96 35 nicht
1170 3581 205 41 wimmerte,

207 3631 164 49 schwang
394 3633 122 34 mitten
534 3633 50 35 im
599 3633 136 35 Parkett
750 3635 54 34 ein
819 3633 258 50 unpraktischer
1095 3636 80 33 Arzt
1190 3634 54 35 die
1263 3635 112 48 eigens

207 3683 84 36 dazu
306 3685 242 49 mitgebrachte
564 3687 252 50 Geburtszange
830 3687 110 36 durch
954 3688 55 35 die
1019 3687 93 38 Luft.
1145 3691 54 32 Da
1213 3701 34 22 er
1262 3688 113 35 diesen

1489 536 130 49 groben
1632 536 123 51 Unfug
1769 552 65 23 nur
1848 540 127 36 einmal
1989 541 71 35 und
2074 543 96 35 nicht
2185 540 102 38 öfters
2302 542 201 44 vollführte,
2523 559 38 21 so
2581 546 60 35 hin-

1489 591 92 35 derte
1609 604 63 23 uns
1699 593 55 34 ein
1777 594 122 35 weiser
1918 594 432 49 Landgerichtsbeschluss,
2376 597 67 36 den
2461 599 196 48 Spassvogel

1489 657 61 22 vor
1569 644 54 36 die
1643 645 94 35 Thür
1756 660 41 20 zu
1817 656 118 27 setzen.
1978 649 127 35 Mitten
2131 650 49 34 im
2205 651 163 35 tosenden
2387 654 99 33 Lärm
2506 651 153 36 eroberte

1488 697 73 36 sich
1580 698 57 35 der
1658 699 153 42 Dichter,
1837 700 59 36 der
1921 700 110 51 tapfer
2048 702 72 35 und
2145 703 176 37 scheinbar
2339 704 186 50 kaltblütig
2544 706 96 35 stand-

1488 750 96 42 hielt,
1604 753 123 34 immer
1744 754 130 35 wieder
1891 755 72 35 sein
1981 756 121 36 Recht.
2135 759 42 33 Es
2192 757 83 49 ging
2290 771 70 22 von
2375 757 74 36 ihm
2463 760 55 34 ein
2528 759 132 35 Zauber

1489 818 78 27 aus,
1596 805 58 36 der
1679 819 61 22 vor
1763 806 78 36 dem
1859 809 217 35 Aeussersten
2102 809 186 37 bewahrte.
2332 811 59 36 Als
2416 811 57 36 das
2493 812 106 35 Stück
2618 825 42 22 zu

1488 858 92 35 Ende
1605 872 93 29 war,
1724 860 177 36 verliessen
1926 861 193 37 ebensoviel
2137 864 240 36 Enthusiasten
2401 866 69 35 wie
2490 868 145 33 Wutent-

1488 911 141 36 brannte
1649 912 58 36 das
1731 914 116 41 Haus,
1874 914 116 36 dessen
2009 916 110 43 Wirt,
2147 920 106 32 Oscar
2272 917 236 43 Blumenthal,
2533 933 41 22 zu
2595 919 64 35 den

1487 966 300 48 epigrammatisch
1816 967 187 37 schärfsten
2023 972 159 46 Gegnern
2201 971 151 49 gehörte.
2404 972 140 36 Andern
2570 974 89 47 Tags

1487 1018 114 49 flogen
1620 1019 54 35 die
1694 1021 284 48 Zeitungsblätter
1997 1023 51 35 ins
2069 1023 106 36 Land.
2218 1027 56 33 An
2299 1025 59 35 der
2377 1027 108 48 Spitze
2504 1027 58 34 der
2580 1040 53 21 mo-

1486 1072 165 36 ralischen
1670 1075 201 49 Empörung
1890 1075 173 36 schrieben
2082 1077 130 35 Frenzei
2230 1078 74 35 und
2321 1079 146 36 Lindau.

1567 1129 68 32 Das
1650 1128 190 49 „Schnaps-
1854 1128 72 36 und
1937 1129 266 49 Zangenstück“
2216 1131 94 36 hatte
2324 1133 35 35 in
2370 1131 132 37 Bezirks
2505 1134 155 35 vereinen

1488 1179 73 36 und
1576 1179 201 37 Rennklubs
1794 1181 64 35 den
1872 1182 173 37 sittlichen
2054 1182 78 36 Ruf
2142 1184 56 36 der
2213 1186 113 34 Freien
2336 1187 118 34 Bühne
2470 1200 37 21 so
2523 1185 67 37 tief
2600 1201 40 34 ge-

1489 1232 108 43 senkt,
1618 1234 74 34 dass
1712 1234 54 35 die
1785 1235 342 37 Theaterdirektoren
2147 1238 198 42 anstanden,
2366 1240 65 34 mit
2449 1241 54 34 ihr
2521 1241 37 34 in
2576 1242 63 33 Ver-

1488 1286 156 50 bindung
1658 1300 41 22 zu
1718 1287 146 37 bleiben.
1892 1291 109 33 Herrn
2017 1293 131 45 Barnay
2166 1305 82 22 vom
2263 1292 147 36 Berliner
2424 1294 155 40 Theater,
2594 1293 67 35 den

1488 1341 164 35 Verehrer
1670 1341 56 35 des
1740 1345 122 38 „Kean
1865 1349 23 14 cc
1907 1343 71 35 und
1993 1343 56 35 des
2066 1345 351 42 „Hüttenbesitzers“,
2436 1348 94 34 hatte
2549 1347 112 48 längst

1490 1394 54 35 ein
1563 1395 215 35 ästhetisches
1795 1399 154 33 Grausen
1968 1397 153 49 gepackt.
2160 1399 65 34 Die
2245 1399 127 35 andern
2390 1400 180 35 zauderten
2587 1401 73 34 und

1489 1456 131 40 zagten,
1641 1462 38 21 so
1700 1447 54 36 oft
1768 1450 47 34 sie
1830 1463 96 22 unser
1940 1451 289 42 unermüdlicher,
2245 1453 415 49 überredungsmächtiger

1489 1502 178 48 Regisseur
1693 1504 96 33 Hans
1808 1505 122 47 Meery
1947 1517 63 22 um
2037 1505 316 49 schauspielerische
2378 1506 117 36 Kräfte
2524 1505 56 37 für
2606 1507 54 35 die

1489 1556 89 34 Freie
1597 1556 119 34 Bühne
1742 1557 175 49 ansprach.
1960 1560 170 33 Darunter
2153 1559 55 35 litt
2234 1559 180 36 besonders
2441 1560 55 35 die
2523 1561 137 35 nächste

1489 1608 234 49 Vorstellung.
1743 1612 68 32 Der
1825 1610 482 51 dreiundachzigjährigeKarl
2317 1613 157 42 Werder,
2486 1615 37 33 in
2532 1615 129 34 seinem

1491 1660 119 43 freien,
1629 1662 175 36 humanen
1817 1665 190 35 Kunstsinn
2022 1665 82 35 über
2118 1666 188 36 Philisterei
2319 1667 72 35 und
2407 1667 156 35 Prüderie
2577 1669 85 34 weit

1491 1716 169 41 erhaben,
1690 1717 135 35 machte
1853 1717 66 35 den
1947 1718 165 36 stärksten
2130 1719 145 36 Einfluss
2302 1719 66 37 auf
2387 1721 54 35 die
2460 1719 200 50 königliche

1490 1768 185 36 Intendanz
1693 1770 193 48 vergeblich
1905 1771 155 49 geltend,
2081 1786 62 21 um
2162 1787 63 21 uns
2245 1772 57 36 für
2321 1777 198 32 Goncourts
2539 1777 98 39 „Hen-

1491 1823 94 34 riette
1623 1823 176 35 Marechal
1810 1830 23 14 cc
1871 1825 55 34 ein
1962 1839 81 35 paar
2078 1825 158 49 begehrte
2277 1826 303 51 Hofschauspieler
2619 1841 42 22 zu

1491 1873 161 37 schaffen.
1691 1879 68 32 Das
1779 1876 107 42 feine,
1911 1891 69 22 von
1999 1879 83 35 Fritz
2101 1881 187 35 Mauthner
2307 1879 151 38 trefflich
2478 1881 184 36 übersetzte

1491 1928 226 36 Sittendrama
1736 1929 89 37 blieb
1844 1944 123 36 wegen
1986 1932 59 35 der
2063 1934 274 48 ungenügenden
2356 1935 217 49 Darstellung
2592 1936 53 34 ein-

1492 1981 188 37 druckslos.
1724 1985 115 33 Etwas
1866 1984 110 36 besser
2001 1987 85 47 ging
2113 2000 32 21 es
2171 1987 91 35 dann
2288 1987 77 36 dem
2392 1989 270 48 Björnsonschen

1490 2036 278 41 „Handschuh“,
1796 2037 109 35 durch
1931 2037 65 37 den
2023 2041 68 34 wir
2115 2040 140 36 diesmal
2281 2041 120 49 gerade
2426 2041 54 35 die
2499 2042 140 48 Tugend-

1491 2090 256 34 wächterinnen
1771 2089 235 51 befriedigten.
2048 2093 144 37 Endlich
2215 2093 82 36 kam
2319 2095 130 35 wieder
2473 2096 54 34 ein
2552 2099 88 31 Deut-

1491 2142 105 35 scher.
1648 2143 82 34 Und
1753 2156 73 22 nun
1851 2158 75 22 war
1957 2159 32 21 es
2013 2145 162 37 wirklich
2198 2148 242 49 Anzengruber
2467 2150 65 33 mit
2557 2149 105 41 „dem

1491 2196 130 35 vierten
1640 2196 152 36 Gebot“.
1834 2197 105 36 Noch
1964 2199 89 35 nach
2079 2199 55 36 der
2154 2201 226 49 Hauptprobe
2405 2203 157 34 machten
2589 2203 73 35 sich

1491 2248 54 35 die
1566 2248 181 36 Darsteller
1778 2249 66 36 auf
1867 2252 98 35 einen
1984 2251 119 37 Abfall
2130 2251 135 51 gefasst.
2316 2258 72 32 Vor
2417 2255 78 35 dem
2519 2254 69 36 tief
2609 2269 35 21 er-

1491 2302 207 35 schütterten
1717 2303 185 37 Publikum
1922 2304 78 36 aber
2018 2306 174 48 gestaltete
2213 2308 72 35 sich
2305 2307 54 36 die
2377 2308 222 50 Vorstellung
2619 2323 41 21 zu

1491 2355 112 35 einem
1635 2355 194 37 Weihefest
1859 2356 57 36 für
1952 2359 67 35 den
2046 2360 150 36 Dichter.
2250 2364 69 32 Der
2352 2362 141 35 Dichter
2527 2361 135 36 freilich

1491 2408 93 35 hatte
1617 2408 91 36 doch
1738 2410 98 35 nicht
1867 2410 166 38 kommen
2065 2411 152 39 können.
2272 2417 43 32 Er
2346 2428 74 22 war
2453 2416 209 35 inzwischen

1491 2461 189 48 gestorben.
1726 2464 107 34 Noch
1860 2465 165 35 während
2055 2466 56 36 der
2138 2465 229 51 Aufführung
2394 2469 152 35 drahtete
2574 2472 87 32 Herr

1490 2514 217 37 Blumenthal
1740 2518 89 34 nach
1857 2519 127 41 Wien,
2011 2532 62 22 um
2101 2519 57 36 das
2184 2520 113 36 Werk
2323 2521 57 35 für
2406 2523 70 34 sein
2504 2523 138 48 Lessing-

1489 2568 131 35 theater
1647 2582 40 22 zu
1716 2570 185 38 erwerben.
1942 2575 42 32 Es
2012 2572 90 36 blieb
2130 2573 55 35 bei
2211 2575 89 41 ihm,
2332 2575 121 35 ebenso
2482 2577 70 35 wie
2580 2575 86 35 fünf

1488 2621 96 45 Jahre
1604 2625 108 46 später
1739 2624 49 34 im
1809 2625 195 35 Deutschen
2021 2627 154 42 Theater,
2205 2627 245 50 wirkungslos.
2497 2632 165 46 Dagegen

1489 2674 108 49 drang
1620 2674 58 37 der
1700 2675 79 36 Ruf
1797 2690 115 22 unsres
1935 2692 137 35 grossen
2098 2679 153 50 Erfolges
2278 2682 90 34 nach
2390 2683 126 40 Wien,
2540 2684 39 34 in
2605 2683 55 35 des

1489 2728 154 35 Dichters
1665 2730 207 42 Vaterstadt,
1901 2745 43 21 an
1973 2732 65 35 den
2066 2737 93 38 „Ort
2183 2734 57 35 der
2264 2735 125 43 That“,
2409 2735 74 35 und
2510 2737 74 34 hier
2610 2737 51 34 im

1489 2782 194 35 Deutschen
1702 2782 240 38 Volkstheater
1959 2785 61 36 hat
2039 2787 71 35 sich
2130 2787 53 35 die
2204 2789 85 33 einst
2309 2789 167 35 verhasste
2496 2790 72 35 und
2588 2803 56 23 ver-

1488 2833 123 36 botene
1630 2836 168 48 Tragödie
1823 2838 57 35 der
1898 2840 144 34 Wiener
2065 2840 226 51 Schlamperei
2318 2841 64 36 fest
2411 2843 249 49 eingebürgert.

1566 2889 69 34 Mit
1655 2889 104 43 „dem
1782 2892 127 34 vierten
1934 2892 140 36 Gebot“
2098 2907 75 23 war
2201 2895 55 35 die
2280 2897 89 33 Freie
2395 2897 120 35 Bühne
2544 2897 36 35 in
2606 2897 54 35 die

1486 2942 103 34 Mitte
1607 2942 88 35 ihres
1714 2945 160 35 Pensums
1893 2945 146 50 gelangt.
2081 2949 101 34 Etwa
2203 2961 42 23 io
2260 2949 265 49 Vorstellungen
2544 2964 118 22 waren

1486 2996 234 48 versprochen,
1745 3010 18 34 5
1784 3011 118 23 waren
1920 3000 154 36 vorüber.
2112 3003 39 33 In
2170 3001 59 36 der
2247 3003 145 35 zweiten
2408 3003 117 35 Hälfte
2540 3004 122 36 wurde

1486 3047 54 35 die
1559 3050 89 34 Freie
1672 3051 119 34 Bühne
1817 3060 105 28 etwas
1951 3053 203 37 nationaler.
2192 3057 126 34 Ausser
2335 3057 151 35 Tolstois
2512 3057 148 42 „Macht

1486 3100 57 35 der
1568 3102 216 43 Finsternis“,
1809 3104 55 36 die
1888 3120 59 21 aus
1971 3108 145 35 Lauheit
2143 3121 41 22 zu
2209 3109 209 49 gewaltigen
2437 3111 223 49 Wirkungen

1486 3156 278 48 emporschwoll,
1785 3158 72 36 und
1876 3160 110 36 einem
2004 3161 287 37 unbedeutenden
2305 3163 161 36 Einakter
2483 3164 176 36 Kiellands

1485 3207 126 37 kamen
1634 3210 92 35 noch
1752 3210 70 37 drei
1846 3212 161 37 deutsche
2031 3214 124 36 Stücke
2183 3229 59 22 zur
2260 3215 238 51 Aufführung.
2535 3218 123 48 Fitgers

1484 3264 106 38 „Von
1615 3266 120 33 Gottes
1764 3266 187 42 Gnaden“,
1983 3268 95 36 nicht
2103 3269 75 35 sehr
2201 3271 141 48 günstig
2368 3270 193 49 dargestellt
2585 3273 74 33 und

1484 3316 92 34 noch
1596 3318 151 47 weniger
1766 3320 139 48 günstig
1924 3320 279 50 aufgenommen,
2222 3322 126 38 wirkte
2373 3325 69 35 wie
2463 3325 73 35 eine
2555 3328 84 32 Paro-

1484 3368 55 35 die
1558 3368 58 36 der
1634 3372 236 36 Naturalisten
1889 3374 67 35 auf
1968 3375 58 35 das
2048 3375 216 37 absterbende
2285 3380 127 32 Drama
2430 3378 119 35 hohen
2568 3378 89 41 Stils,

1483 3421 80 42 „die
1581 3423 138 36 Familie
1735 3425 155 37 Selicke“
1904 3441 70 23 von
1989 3429 90 35 Holz
2098 3429 71 37 und
2189 3429 127 43 Schlaf,
2336 3444 56 22 am
2413 3434 246 47 Ostermontag

1483 3474 217 50 vorgeführt,
1726 3478 125 36 wirkte
1876 3481 69 36 wie
1978 3483 56 34 ein
2058 3483 200 49 Paradigma
2282 3484 57 36 der
2361 3485 297 35 naturalistischen

1483 3528 156 37 Theorie.
1677 3533 56 34 An
1752 3532 54 35 die
1825 3533 228 51 Aufführung
2075 3536 104 36 dieses
2205 3537 281 50 merkwürdigen
2504 3537 153 43 Stückes,

1483 3581 57 36 das
1570 3596 37 23 so
1636 3583 214 39 lebenswahr
1876 3589 70 35 wie
1973 3589 255 37 undramatisch
2255 3591 61 41 ist,
2345 3592 126 48 gingen
2497 3593 67 35 wir
2591 3606 67 22 nur

1483 3637 159 48 zögernd.
1682 3641 53 33 Da
1753 3652 82 24 man
1853 3645 110 46 später
1977 3656 123 22 unsern
2114 3643 237 50 persönlichen
2367 3645 214 35 Geschmack
2597 3645 65 36 auf

1484 3689 103 37 dieses
1608 3691 106 37 Stück
1733 3693 240 39 einschwören
1992 3696 122 36 wollte
2135 3697 71 36 und
2226 3711 64 22 uns
2309 3698 123 36 immer
2452 3699 130 35 wieder
2601 3698 57 36 für
