3483 4572
1379 3910 186 47 69

962 1985 337 87 PAUL
1355 1985 640 87 VERLAINE

372 2224 198 64 UND
616 2224 140 64 DIE
802 2224 251 64 LYRIK
1101 2224 171 64 DER
1317 2227 523 61 DECADENCE
1886 2227 94 61 IN
2026 2224 553 64 FRANKREICH

247 2524 139 106 ZU
413 2527 152 34 ALLEN
592 2526 118 35 Zeiten
737 2526 60 35 hat
821 2540 80 21 man
929 2526 84 35 über
1032 2524 130 37 Verfall
1188 2526 70 36 und
1277 2527 126 35 Nieder-

372 2592 91 35 gang
482 2578 148 49 geklagt.
668 2580 103 35 Auch
789 2580 37 34 in
844 2578 201 37 Frankreich
1067 2580 43 34 ist
1129 2580 129 35 wieder
1277 2580 67 36 viel
1364 2580 40 35 da-

249 2646 71 23 von
343 2632 54 35 die
416 2632 103 35 Rede.
557 2632 90 35 Aber
667 2632 118 35 anders
811 2632 47 35 als
878 2632 218 43 anderwärts,
1116 2632 90 36 denn
1229 2634 64 34 mit
1313 2634 110 34 einem

250 2686 170 48 gewissen
438 2686 156 47 Behagen
618 2685 89 36 wird
727 2686 72 35 hier
817 2698 69 23 von
912 2686 57 35 der
987 2686 197 35 Decadence
1203 2688 219 47 gesprochen,

249 2743 44 44 ja,
313 2751 82 22 man
413 2740 88 47 pos’t
527 2738 71 35 und
624 2737 210 50 koquettiert
862 2738 125 43 damit,
1015 2739 74 35 und
1115 2739 59 35 das
1193 2742 108 33 Wort
1324 2740 44 34 ist
1388 2740 35 34 in

251 2792 169 49 gewissen
445 2792 142 34 Kreisen
616 2792 108 34 schon
749 2790 67 37 fast
842 2792 307 48 gleichbedeutend
1174 2793 64 34 mit
1263 2793 76 35 chic
1364 2806 40 35 ge-

249 2844 157 37 worden.
435 2844 82 35 Und
526 2844 41 35 da
575 2845 36 34 in
619 2843 199 36 Frankreich
827 2844 95 35 mehr
931 2845 47 35 als
990 2845 178 36 anderswo
1177 2845 54 35 die
1240 2846 183 35 Litteratur

250 2898 58 35 der
327 2897 226 48 allgemeinen
567 2898 197 47 Stimmung
783 2897 91 49 folgt
888 2898 73 35 und
975 2898 97 35 mehr
1087 2898 46 35 als
1149 2898 179 36 anderswo
1349 2900 74 33 eine

251 2950 203 49 abgekürzte
484 2949 157 37 Chronik
667 2950 58 35 der
750 2952 73 33 Zeit
849 2951 124 43 bildet,
999 2964 38 22 so
1063 2951 105 36 findet
1195 2965 82 22 man
1300 2952 37 34 in
1365 2952 58 34 der

249 3003 220 36 modernsten
487 3005 185 34 Litteratur
690 3003 67 35 den
774 3004 248 49 Hauptbeweis
1042 3003 113 44 dafür,
1176 3004 74 36 dass
1279 3018 80 22 man
1386 3005 37 34 in

251 3058 92 33 einer
362 3058 74 33 Zeit
461 3057 56 35 des
538 3056 145 35 Verfalls
710 3057 91 42 lebe,
827 3057 71 35 und
926 3056 67 37 fast
1019 3058 63 35 mit
1102 3058 128 42 Recht,
1260 3057 89 36 denn
1368 3058 54 34 die

249 3111 185 35 Litteratur
452 3112 43 33 ist
514 3111 206 47 heutzutage
739 3110 192 36 decadente.

330 3166 88 33 Was
447 3177 73 22 nun
550 3163 78 36 aber
658 3163 54 36 die
740 3163 335 36 charakteristischen
1100 3162 191 37 Merkmale
1315 3163 106 36 dieser

250 3217 197 35 Decadence
472 3218 38 34 in
529 3218 59 34 der
609 3218 183 34 Litteratur
819 3217 92 42 sind,
943 3217 142 35 darüber
1119 3216 93 36 kann
1241 3230 81 22 man
1349 3217 72 35 sich

251 3270 122 35 ebenso
407 3271 66 34 den
501 3268 101 52 Kopf
628 3270 214 42 zerbrechen,
880 3271 69 35 wie
981 3278 91 27 etwa
1103 3270 84 35 über
1219 3269 53 36 die
1311 3271 110 47 ewige

249 3322 223 51 Rätselfrage,
492 3337 74 24 was
585 3325 43 34 ist
646 3323 208 36 Romantik?

330 3378 100 34 Diese
455 3380 64 33 Art
546 3377 254 49 Schlagwörter
828 3376 141 36 können
1002 3390 64 22 nur
1098 3377 137 47 negativ
1266 3375 153 35 definiert

250 3429 149 37 werden.
431 3432 65 34 Die
522 3429 192 37 Romantik
740 3444 74 22 war
841 3431 74 35 eine
943 3431 176 47 Richtung
1146 3430 37 34 in
1208 3431 112 33 Kunst
1347 3429 71 35 und

250 3484 126 42 Poesie,
398 3483 53 36 die
477 3485 71 34 sich
568 3498 107 35 gegen
699 3484 66 35 den
783 3483 233 36 Klassizismus
1035 3482 167 43 wendete,
1222 3482 124 48 jedoch
1364 3483 54 35 die

252 3536 238 50 disparatesten
527 3537 91 35 Ziele
651 3537 73 36 und
757 3537 382 48 verschiedenartigsten
1175 3536 130 35 Geister
1339 3549 53 22 um-

250 3588 110 37 fasste.
399 3593 66 33 Der
483 3591 265 42 Naturalismus,
770 3590 58 36 der
848 3590 46 36 als
915 3589 220 49 Rückschlag
1154 3588 126 36 darauf
1294 3587 122 51 folgte,

250 3656 74 22 war
333 3643 162 49 lediglich
505 3645 338 40 Antiromantismus,
859 3644 70 35 und
944 3657 38 22 so
997 3644 43 35 ist
1055 3643 89 35 auch
1158 3641 55 36 die
1223 3642 195 36 Decadence

250 3696 109 35 nichts
380 3698 130 42 weiter,
531 3697 46 36 als
594 3699 72 34 eine
680 3697 139 36 Abkehr
838 3711 82 22 vom
937 3697 267 35 Naturalismus.

1602 2528 81 34 Eine
1712 2527 121 36 andere
1860 2530 99 45 Frage
1988 2528 59 42 ist,
2076 2526 151 37 verdient
2254 2526 88 37 diese
2361 2528 177 48 Richtung
2563 2528 73 35 eine
2660 2540 39 23 so

1531 2579 195 36 kränkende
1746 2581 254 48 Bezeichnung?

1611 2634 63 34 Die
1694 2634 162 35 moderne
1876 2637 111 32 Kunst
2015 2634 43 35 ist
2077 2632 199 36 raffinierter
2294 2634 36 35 in
2351 2633 57 36 der
2431 2633 110 36 Wahl
2559 2633 141 37 sowohl

1531 2687 89 34 ihrer
1634 2690 118 44 Sujets,
1768 2686 46 35 als
1834 2688 89 34 ihrer
1938 2686 233 36 Kunstmittel.
2204 2685 157 37 Vielfach
2375 2700 66 22 nur
2459 2700 41 22 zu
2520 2688 75 35 sehr
2603 2703 9 30 5
2629 2686 71 37 und

1530 2740 46 34 sie
1594 2740 61 35 hat
1671 2739 132 37 Werke
1821 2740 295 49 hervorgebracht,
2137 2740 54 35 die
2209 2739 187 36 zweifellos
2416 2738 197 45 krankhaft,
2634 2754 44 22 un-

1531 2793 131 48 gesund
1684 2792 72 35 und
1775 2792 247 37 überraffiniert
2040 2793 86 41 sind,
2147 2792 78 36 aber
2244 2807 32 21 es
2295 2797 93 32 wäre
2408 2794 184 49 ungerecht
2610 2795 89 35 nach

1530 2845 142 36 solchen
1695 2847 240 34 Auswüchsen
1962 2846 56 35 das
2044 2850 114 33 Ganze
2191 2846 186 36 beurteilen
2403 2860 42 22 zu
2471 2847 142 36 wollen.
2657 2850 40 33 Es

1529 2900 60 34 hat
1607 2912 41 22 zu
1669 2898 87 36 allen
1775 2900 118 34 Zeiten
1910 2900 199 49 ungesunde
2128 2901 188 34 Menschen
2334 2899 74 36 und
2432 2900 72 35 also
2525 2900 88 36 auch
2632 2914 45 23 un-

1529 2952 148 48 gesunde
1696 2953 132 34 Bücher
1846 2952 164 50 gegeben,
2031 2952 69 36 und
2120 2966 41 22 zu
2180 2949 116 40 keiner
2311 2954 74 35 Zeit
2403 2954 97 35 mehr
2519 2953 47 36 als
2581 2967 42 22 zu
2642 2954 58 35 der

1529 3018 141 22 unseren
1688 3006 110 35 haben
1820 3007 141 34 Dichter
1980 3007 158 41 existiert,
2158 3006 53 35 die
2236 3007 64 34 mit
2319 3012 157 31 nervöser
2495 3009 87 34 Hast
2609 3008 90 35 nach

1529 3061 136 33 Neuem
1691 3060 143 34 suchten
1857 3060 71 34 und
1952 3059 99 36 dabei
2071 3060 95 35 nicht
2184 3060 160 35 Künstler
2363 3074 116 35 genug
2497 3074 135 30 waren,
2658 3074 42 22 zu

1529 3111 180 43 erkennen,
1729 3126 72 21 was
1820 3113 131 48 jenseits
1973 3113 57 35 der
2049 3116 152 33 Grenzen
2219 3114 86 35 ihres
2325 3116 161 33 Könnens
2505 3113 68 50 lag.

1607 3167 87 32 Man
1730 3164 93 36 kann
1859 3166 76 35 sehr
1969 3166 118 49 häufig
2123 3166 229 43 beobachten,
2391 3167 74 35 dass
2501 3168 74 35 eine
2612 3180 87 23 neue

1528 3218 177 48 Richtung
1730 3218 107 36 durch
1863 3219 126 36 allerlei
2017 3219 131 36 enfants
2173 3220 149 35 terribles
2347 3220 74 36 und
2439 3220 260 37 unbedeutende

1528 3269 175 50 Anfänger
1730 3271 225 36 diskreditiert
1982 3273 102 42 wird,
2180 3273 205 36 schliesslich
2410 3274 125 48 jedoch
2563 3274 137 36 sondert

1526 3325 72 34 sich
1616 3325 55 34 die
1691 3327 103 47 Spreu
1813 3339 81 22 vom
1912 3327 146 34 Weizen
2076 3326 71 35 und
2175 3326 53 36 die
2247 3326 208 37 wirklichen
2472 3328 151 42 Talente,
2645 3328 54 35 die

1527 3377 64 36 den
1606 3391 110 22 neuen
1730 3379 123 34 Schritt
1867 3384 167 31 vorwärts
2048 3380 127 48 gethan
2189 3380 122 43 haben,
2323 3389 109 27 treten
2446 3394 59 23 aus
2518 3381 58 36 der
2586 3384 113 33 Masse

1526 3431 121 36 hervor
1665 3431 71 35 und
1755 3433 184 47 gewinnen
1959 3433 140 36 Gestalt.
2138 3436 56 34 An
2214 3434 64 35 den
2297 3434 155 37 Werken
2472 3434 107 36 dieser
2597 3434 102 36 selbst

1526 3482 134 37 freilich
1683 3485 90 36 wird
1805 3485 57 36 das
1890 3486 307 50 Scheidungswerk
2229 3487 90 36 dann
2345 3501 85 35 ganz
2461 3488 123 35 ebenso
2611 3487 71 37 fort-

1526 3546 122 40 gesetzt
1667 3538 73 35 und
1759 3539 297 48 herausgesichtet,
2076 3554 72 23 was
2168 3554 70 23 von
2257 3540 105 37 ihnen
2380 3540 196 37 dauernden
2596 3542 103 35 Wert

1524 3591 60 35 hat
1603 3591 71 35 und
1693 3605 71 22 was
1783 3593 107 35 nicht.

1604 3645 84 34 Wie
1708 3645 79 34 dem
1807 3646 75 35 aber
1901 3647 58 41 sei,
1980 3646 44 35 ob
2044 3660 81 22 man
2144 3646 88 37 diese
2251 3647 354 50 Kunstentwicklung
2624 3661 74 22 nun

1526 3698 63 34 mit
1607 3699 110 34 Recht
1743 3699 82 35 oder
1843 3700 151 35 Unrecht
2014 3700 53 35 die
2095 3701 58 35 der
2168 3701 196 36 Decadence
2382 3710 118 34 nennt,
2518 3701 179 49 jedenfalls
