3498 4572
1376 3918 190 41 41

1111 2367 320 64 ADOLF
1480 2370 396 63 MENZEL

265 2569 169 106 KEIN
454 2572 114 35 halbes
592 2575 79 44 Jahr
694 2576 43 33 ist
757 2589 190 37 vergangen
975 2580 59 34 seit
1058 2579 56 35 der
1134 2579 227 44 Menzelfeier,
1383 2582 53 34 die

369 2624 64 35 den
454 2627 285 48 achtzigjährigen
758 2630 137 35 Meister
913 2645 69 21 von
1003 2633 110 34 einem
1126 2633 97 45 Jubel
1238 2636 198 34 umrauscht

264 2680 117 46 zeigte,
403 2680 68 33 wie
491 2692 34 21 er
543 2678 108 37 kaum
675 2684 30 44 je
726 2683 108 34 einem
854 2683 165 37 lebenden
1038 2687 160 34 Künstler
1224 2701 41 21 zu
1285 2688 73 34 Teil
1377 2701 40 35 ge-

265 2732 145 35 worden
429 2733 52 34 ist.
511 2735 78 32 Von
609 2734 126 35 seinem
754 2736 232 36 Landesherrn
1002 2738 47 35 bis
1066 2739 101 35 herab
1182 2753 78 21 zum
1279 2744 156 45 jüngsten

264 2784 324 37 Akademieschüler
606 2787 60 34 hat
681 2788 72 35 sich
768 2789 103 42 Alles,
887 2805 72 21 was
976 2793 182 35 äusserlich
1173 2793 81 35 oder
1269 2795 167 34 innerlich

263 2838 63 34 mit
346 2840 111 32 Kunst
477 2842 296 47 zusammenhing,
798 2844 128 34 vereint
951 2857 41 22 zu
1012 2845 250 49 Huldigungen
1288 2847 58 35 der
1365 2861 52 21 zar-

262 2899 106 26 testen
387 2891 72 35 und
479 2891 257 50 feinsinnigsten
755 2896 69 35 wie
845 2896 55 35 der
927 2899 311 46 geräuschvollsten
1265 2901 70 34 und
1356 2899 56 37 auf-

262 2944 242 47 dringlichsten
525 2948 71 33 Art.
643 2946 79 35 Auf
745 2950 53 33 ein
818 2950 315 49 Riesenpostament
1161 2966 70 22 von
1254 2953 176 42 Adressen,

261 2998 217 48 Ansprachen
502 3000 71 33 und
592 3000 185 48 Ehrungen
796 3003 120 34 wurde
937 3005 57 33 der
1020 3004 112 36 kleine
1152 3008 110 33 Mann
1287 3007 142 47 gestellt,

259 3063 58 22 zur
339 3051 264 49 Bewunderung
624 3051 56 36 für
699 3054 94 35 Stadt
813 3056 70 35 und
903 3058 105 34 Land.
1042 3059 264 49 Ausstellungen
1325 3061 106 34 seiner

259 3104 126 41 Bilder,
418 3106 141 34 Studien
593 3107 70 34 und
692 3107 254 50 Zeichnungen,
980 3112 69 33 wie
1077 3112 106 34 seiner
1219 3113 210 47 gedruckten

258 3157 124 35 Blätter
401 3157 102 36 boten
524 3159 88 34 allen
632 3159 212 50 denjenigen,
866 3162 53 35 die
939 3163 106 36 selber
1063 3165 102 34 sehen
1184 3165 143 42 wollen,
1347 3168 61 34 Ein-

258 3209 90 36 blick
368 3211 36 34 in
424 3212 55 35 das
501 3212 111 35 Werk
631 3214 88 34 eines
742 3214 221 37 arbeitsamen
984 3218 127 34 Lebens
1136 3219 290 48 sondergleichen.

257 3264 78 34 Und
363 3263 57 36 für
447 3265 56 35 das
529 3265 175 36 Bedürfnis
731 3271 90 44 jener
842 3270 129 41 Vielen,
999 3270 55 35 die
1081 3284 31 21 es
1139 3273 181 35 vorziehen
1346 3273 81 35 über

255 3319 111 33 Kunst
385 3331 40 21 zu
445 3318 102 42 lesen,
563 3329 136 39 sorgten
714 3321 149 36 zahllose
878 3322 132 36 Artikel
1031 3325 34 34 in
1081 3325 255 47 Tagesblättern
1356 3326 70 35 und

254 3370 246 43 Zeitschriften,
530 3374 109 34 sowie
667 3376 209 34 Broschüren
906 3377 71 34 und
998 3378 140 41 Bücher,
1168 3379 35 34 in
1234 3379 108 35 denen
1368 3380 56 34 das

253 3425 161 34 Wunder
427 3425 158 48 gedeutet
600 3427 132 36 wurde.
765 3430 166 34 Dennoch
946 3444 73 21 war
1036 3431 57 35 der
1107 3431 67 35 Fall
1190 3432 133 36 Menzel
1344 3432 80 36 kein

255 3477 180 48 eigentlich
469 3479 187 36 dankbares
685 3482 130 35 Thema
852 3480 57 37 für
938 3484 53 34 die
1018 3487 78 44 jetzt
1125 3486 95 34 mehr
1249 3486 45 34 als
1321 3490 32 44 je
1388 3488 36 34 in

253 3531 171 49 Schwang
442 3533 158 34 stehende
619 3534 323 43 Kunstschreiberei,
959 3538 54 33 die
1033 3536 57 36 für
1107 3538 89 47 jedes
1213 3540 210 35 Talentchen

252 3584 97 34 einen
368 3586 223 47 Panegyriker
610 3586 103 37 bereit
736 3588 84 36 hält.
859 3591 85 33 Hier
963 3590 64 48 gab
1049 3605 32 21 es
1100 3591 80 35 kein
1201 3594 105 34 Genie
1327 3594 95 34 mehr

251 3650 40 21 zu
303 3638 196 42 entdecken,
511 3641 94 34 noch
619 3642 153 48 weniger
787 3656 40 21 zu
845 3643 158 36 erfinden.
1026 3645 134 34 Menzel
1176 3647 123 47 gehört
1314 3648 108 34 schon

252 3690 99 48 lange
370 3692 95 35 nicht
485 3694 95 34 mehr
599 3708 40 21 zu
665 3695 63 35 den
750 3698 189 40 Extremen,
966 3711 62 21 vor
1058 3698 105 35 denen
1189 3713 80 21 man
1289 3701 72 33 sich
1380 3714 40 22 zu

1546 2581 187 36 bekreuzen
1753 2584 82 34 oder
1854 2584 54 34 die
1927 2598 80 21 man
2028 2585 45 35 als
2092 2599 87 22 neue
2196 2584 237 53 Offenbarung
2452 2602 41 21 zu
2509 2588 204 36 beräuchern

1544 2637 104 34 hätte.
1668 2639 71 32 Vor
1749 2637 114 35 Allem
1877 2638 60 34 hat
1953 2638 88 35 seine
2052 2642 111 32 Kunst
2177 2653 38 22 so
2231 2653 58 35 gar
2304 2641 109 34 nichts
2426 2642 287 36 Geheimnisvoll-

1544 2691 209 46 Suggestives
1779 2691 80 34 oder
1878 2692 465 44 Poetisch-Dämmerhaftes,
2365 2694 57 35 das
2449 2696 97 33 einen
2572 2696 121 48 empfin-

1544 2743 247 47 dungsreichen
1819 2745 252 36 Wortschwall
2101 2746 147 35 auslöste
2273 2748 82 34 oder
2374 2748 221 49 Gelegenheit
2623 2748 90 42 böte,

1544 2797 71 34 sich
1630 2797 64 33 mit
1707 2810 68 21 von
1788 2797 177 35 Nietzsche
1980 2797 180 50 erborgten
2170 2800 235 48 Wendungen
2420 2801 292 37 übermenschlich

1543 2863 40 21 zu
1603 2848 176 49 geberden.
1817 2852 86 33 Man
1922 2852 122 34 wurde
2063 2852 167 35 nüchtern
2250 2853 54 35 bei
2323 2854 59 35 der
2395 2855 193 49 Erzählung
2607 2856 104 35 dieses

1540 2903 139 40 Lebens,
1700 2903 77 35 dem
1795 2904 90 46 jeder
1904 2906 125 33 Hauch
2049 2919 69 21 von
2137 2906 334 37 Künstlerromantik
2490 2908 123 42 fehlte,
2639 2910 71 35 und

1540 2955 149 36 sachlich
1718 2955 54 36 bei
1801 2957 58 34 der
1887 2957 224 50 Schilderung
2143 2960 105 34 dieser
2276 2974 37 21 so
2343 2960 143 36 überaus
2517 2962 194 36 sachlichen

1538 3012 123 32 Kunst.
1699 3011 52 33 Im
1771 3011 141 34 Grunde
1931 3021 117 38 sagten
2068 3012 75 40 alle,
2165 3013 53 34 die
2237 3012 82 36 über
2343 3015 60 34 ihn
2422 3014 185 42 schrieben,
2634 3017 57 34 das-

1538 3062 99 41 selbe,
1659 3076 90 27 „nur
1763 3065 65 34 mit
1843 3065 54 33 ein
1913 3063 138 36 bischen
2067 3066 126 35 andern
2204 3069 189 34 Worten.“
2430 3068 172 35 Zunächst
2619 3070 89 35 wird

1537 3116 71 34 sein
1623 3117 156 47 geistiger
1792 3117 237 36 Stammbaum
2045 3118 236 49 aufgerichtet,
2294 3121 56 34 der
2362 3120 347 39 überChodowiecki

1537 3169 70 34 und
1634 3169 154 35 Schlüter
1812 3171 48 33 bis
1888 3169 65 36 auf
1971 3172 154 35 Holbein
2150 3173 225 36 hinabreicht.
2421 3178 100 32 Dann
2548 3176 160 35 schildert

1536 3235 92 28 man,
1649 3223 67 35 wie
1737 3223 59 35 der
1809 3224 160 35 Künstler
1988 3226 107 34 schon
2115 3227 35 34 in
2170 3226 164 36 frühester
2348 3228 132 49 Jugend
2495 3230 211 49 eigenwillig

1535 3277 88 33 seine
1643 3275 206 36 besonderen
1869 3280 113 46 Wege
2002 3280 94 47 ging,
2122 3280 54 34 die
2196 3294 43 21 an
2259 3280 57 35 der
2335 3280 188 37 Akademie
2544 3283 142 36 vorüber-

1535 3327 150 47 führten,
1706 3343 39 21 zu
1767 3329 100 37 deren
1886 3331 107 35 bester
2012 3333 75 34 Zier
2108 3346 33 21 er
2160 3334 106 41 zählt,
2292 3334 147 36 obwohl
2461 3349 32 21 er
2517 3336 52 35 ihr
2589 3337 117 35 weder

1534 3381 137 36 lernend
1746 3383 54 35 ein
1819 3383 115 36 halbes
1953 3385 78 45 Jahr
2050 3385 193 50 Gipsklasse
2265 3400 269 36 ausgenommen
2614 3392 90 33 noch

1532 3435 139 35 lehrend
1689 3439 31 44 je
1741 3438 197 46 angehörte.
1977 3440 55 33 An
2052 3442 115 33 seinen
2186 3440 317 49 Erstlingswerken,
2529 3443 57 34 der
2605 3446 80 33 Para-

1533 3489 117 48 phrase
1674 3490 89 34 eines
1785 3491 249 36 Goethe’schen
2055 3493 180 35 Gedichtes
2262 3495 73 34 und
2355 3495 66 35 den
2442 3496 261 49 Darstellungen

1532 3555 59 21 aus
1619 3542 56 35 der
1705 3542 353 51 brandenburgischen
2089 3547 220 42 Geschichte,
2341 3548 90 36 wird
2467 3549 234 37 bewundernd

1530 3595 292 49 hervorgehoben,
1839 3598 72 35 dass
1927 3599 107 34 schon
2049 3599 58 36 der
2122 3602 292 47 Zwanzigjährige
2430 3602 58 35 der
2504 3603 178 36 Coulissen-

1530 3649 146 35 reisserei
1702 3649 57 36 der
1788 3651 193 49 damaligen
2009 3653 180 35 Malkunst
2222 3656 192 47 gegenüber
2440 3656 98 35 einen
2564 3654 136 38 offenen

1530 3701 95 36 Blick
1645 3701 57 36 für
1722 3703 53 35 die
1795 3705 149 35 Realität
1964 3705 55 35 des
2039 3707 126 35 Lebens
2185 3708 105 36 hatte.
2335 3711 41 32 Es
2396 3707 119 50 folgen
2535 3710 53 35 die
2606 3712 94 43 Jahr-
