3515 4572
1380 3938 192 47 79

1040 683 856 62 UEBERTRAGUNGEN

1157 858 155 39 NACH
1339 858 138 39 PAUL
1513 856 270 41 VERLAINE

694 1073 393 44 SERENADE.

358 1202 75 40 Als
460 1203 39 39 ob
527 1204 57 39 ein
618 1204 93 39 Todt
711 1218 42 25 er
778 1204 50 39 im
862 1204 119 40 Grabe
1007 1204 90 39 müd
1120 1204 77 39 und
1219 1204 114 40 wund

518 1264 90 41 nach
636 1265 115 40 Leben
779 1266 96 53 riefe
875 1297 9 16 ,

358 1325 107 41 sucht
489 1327 94 39 mein
601 1327 92 39 Lied
715 1326 72 41 sich
815 1343 49 24 zu
891 1327 61 40 dir
977 1328 69 39 mit
1070 1327 212 53 klagendem
1301 1328 124 39 Mund

519 1404 70 24 aus
615 1389 157 40 dunkler
804 1390 111 54 Tiefe.

359 1558 97 37 Lass
483 1554 170 41 lauschen
685 1556 81 39 dein
800 1555 94 49 Ohr,
929 1557 101 40 deine
1057 1557 96 40 Seele
1185 1557 79 40 dem
1291 1557 134 52 Klang

518 1618 138 39 meiner
683 1617 143 41 Zither:

360 1680 75 53 für
459 1678 78 41 dich
539 1711 9 16 ,
567 1680 80 54 für
673 1679 77 40 dich
778 1694 73 25 nur
872 1680 75 52 gilt
971 1680 94 40 mein
1099 1681 145 52 Gesang
1261 1710 8 8 .
1291 1710 8 8 .
1321 1711 9 9 ,

519 1757 40 24 so
587 1745 95 45 süss,
713 1756 38 24 so
779 1742 118 39 bitter.

359 1907 62 40 Lch
447 1908 103 53 singe
576 1922 71 25 von
671 1907 218 52 goldlichter
914 1910 130 50 Augen
1075 1907 134 40 Pracht

518 1969 82 39 voll
624 1974 140 35 süssem
793 1969 219 40 Frohlocken
1014 2001 9 17 ,

358 2046 72 25 von
456 2031 94 51 selig
575 2031 271 52 vergessendem
879 2033 141 39 Traum
1047 2032 39 39 in
1112 2032 66 39 der
1209 2030 122 41 Nacht

518 2091 169 42 schwarz
715 2093 206 40 wallender
947 2094 151 39 Locken,

357 2265 72 40 Als
457 2265 40 39 ob
525 2265 56 39 ein
615 2265 136 39 Todter
778 2265 49 39 im
863 2266 119 39 Grabe
1008 2266 90 39 müd
1120 2266 79 39 und
1221 2267 115 39 wund

517 2326 90 40 nach
636 2328 115 38 Leben
779 2327 92 54 riefe
871 2359 9 16 ,

357 2388 104 41 sucht
485 2390 95 39 mein
604 2389 94 39 Lied
719 2388 73 40 sich
821 2404 49 25 zu
898 2389 61 40 dir
985 2390 68 39 mit
1078 2390 212 52 klagendem
1308 2390 125 39 Mund

518 2465 70 26 aus
614 2451 159 39 dunkler
804 2451 101 55 Liefe
906 2482 9 9 .

368 2620 86 39 Und
475 2618 54 41 ich
556 2620 84 52 sing
665 2634 71 25 von
765 2620 67 39 der
858 2620 188 52 wonnigen
1082 2619 295 52 Wundergestalt

518 2682 126 39 deiner
678 2681 148 40 Glieder
826 2714 9 17 ,

358 2744 39 39 in
424 2742 227 57 schlaflosen
684 2742 167 41 Nachten
878 2743 81 40 voll
986 2742 194 41 Sehnsucht
1205 2743 172 40 umwallt

518 2805 61 41 ihr
607 2806 103 54 Duft
734 2804 91 41 mich
852 2806 135 39 wieder
987 2839 8 9 .

368 2975 86 38 Und
476 2973 54 40 ich
555 2974 161 52 gedenke
742 2973 68 40 der
844 2973 90 40 Glut
959 2973 125 39 deiner
1109 2974 121 39 Küsse
1256 2973 109 46 dazu,

518 3035 92 40 mich
639 3035 209 47 entseelend,

358 3098 79 40 und
459 3098 67 40 der
544 3100 101 47 LMst,
673 3098 70 39 mit
766 3097 67 39 der
858 3097 49 38 du
936 3095 90 40 mich
1044 3095 165 54 quältest
1209 3128 8 16 ,
1246 3095 86 40 odu
1416 3126 9 8 .

518 3161 96 38 mein
640 3159 137 52 Engel!
811 3158 95 40 mein
932 3158 139 39 Elend!

359 3337 97 37 Lass
489 3331 170 42 lauschen
687 3332 82 39 dein
804 3330 80 41 Ohr
890 3362 9 17 ,
933 3330 101 40 deine
1062 3330 97 39 Seele
1190 3330 80 40 dem
1299 3330 129 53 Klang

518 3396 138 39 meiner
684 3392 144 41 Zither:

357 3457 72 54 für
454 3456 88 49 dich,
562 3457 80 54 für
667 3455 78 40 dich
772 3469 73 26 nur
870 3468 95 34 war,
993 3467 80 26 was
1101 3452 52 41 ich
1181 3468 94 38 sang
1294 3485 9 9 ,
1324 3485 7 8 .
1353 3485 9 8 ,

519 3533 39 25 so
586 3523 94 43 süssj
709 3532 38 25 so
776 3516 128 40 bitter!

1955 1069 237 44 STILL!

1745 1202 204 55 Tiefstiller
1973 1200 158 41 dunkler
2158 1199 135 55 Schlaf

1738 1265 100 39 sinkt
1861 1265 87 39 über
1973 1263 138 40 meinen
2144 1265 91 50 Tag,

1738 1327 89 40 dass
1853 1325 52 41 ich
1933 1324 114 42 nichts
2072 1323 120 56 hoffen
2218 1323 113 50 mehr,

1739 1388 112 40 nichts
1868 1387 174 56 fürchten
2068 1386 109 53 mag!

1742 1515 86 38 Das
1851 1527 124 37 ganze
2001 1512 115 40 Leben
2143 1542 9 8 .
2182 1541 8 9 .
2222 1541 9 9 .

1741 1573 52 41 ich
1821 1574 164 40 erinnere
2010 1572 91 41 mich
2128 1573 123 48 kaum,

1742 1637 39 38 ob
1809 1651 37 24 es
1866 1634 103 57 froh,
2001 1635 39 39 ob
2068 1649 37 25 es
2133 1635 83 39 trüb
2244 1647 85 27 war
2356 1664 8 9 ,
2394 1664 9 9 .
2433 1665 7 8 .

1741 1698 94 40 alles
1861 1698 99 39 wird
1988 1698 150 38 Traum.

1742 1824 51 38 Es
1820 1822 50 39 ist
1896 1821 75 39 eine
1997 1821 130 51 Wiege,

1742 1898 71 24 von
1840 1882 205 40 heimlicher
2072 1882 118 40 Hand

1743 1945 86 39 leise
1852 1944 234 53 geschaukelt

1744 2021 50 25 an
1828 2006 258 40 Grabesrand!
2112 2037 8 7 .
2150 2036 9 8 .
2190 2037 8 9 .

1799 2068 85 40 Seid
1905 2068 103 39 still!
2032 2068 82 39 seid
2135 2068 104 40 still!

1754 2222 82 44 IM
1865 2221 438 44 GEFAENGNISS.

1588 2355 84 38 Der
1697 2352 171 48 Himmel\
1900 2353 181 39 draussen
2107 2352 87 39 über
2220 2352 78 40 dem
2328 2352 103 41 Dach
2432 2367 14 35 >,

1586 2415 38 39 in
1651 2415 212 54 tiefblauem
1893 2412 211 53 Schweigen,

1587 2477 56 38 ein
1670 2477 118 38 Baum
1791 2507 9 17 ,
1828 2476 180 39 draussen
2036 2476 88 38 über
2150 2475 79 39 dem
2259 2474 105 42 Dach
2366 2507 9 17 ,

1586 2538 68 40 mit
1679 2538 205 52 wiegenden
1913 2537 175 52 Zweigen.

1587 2662 75 40 Die
1695 2661 129 39 Glocke
1825 2691 9 14 ,
1863 2660 57 40 die
1947 2675 88 25 man
2062 2659 85 41 noch
2174 2660 93 40 sieht
2267 2693 8 17 ,

1587 2724 135 51 bewegt
1747 2722 72 40 sich
1846 2737 86 24 zum
1962 2720 160 53 Schlage,

1586 2785 56 39 ein
1679 2784 231 54 Vogelauf
1928 2784 80 39 dem
2035 2785 119 38 Baum
2156 2816 8 17 ,
2194 2785 66 40 den
2286 2799 88 26 man
2401 2784 92 41 sieht
2493 2817 9 17 ,

1710 2846 97 39 jr/W
1824 2845 132 52 Klage.

1587 2970 102 40 Mein
1724 2971 93 46 Gott,
1846 2970 95 38 mein
1976 2971 92 46 Gott,
2098 2985 38 25 so
2162 2970 177 54 friedlich
2373 2972 79 39 und
2481 2971 104 41 schön
2587 3004 9 18 ,

1769 3031 69 39 das
1864 3032 136 39 Leben!

1585 3108 71 25 von
1682 3094 67 38 der
1777 3093 107 39 Stadt
1908 3091 65 41 her
1999 3093 114 39 dieses
2140 3094 87 39 leise
2262 3095 111 39 Getön

1585 3156 78 40 und
1689 3158 168 37 Summen
1884 3156 78 38 und
1994 3155 128 40 Weben
2150 3187 8 9 .
2188 3186 9 8 .
2227 3185 9 9 .

1595 3278 85 40 Und
1702 3278 60 48 du,
1794 3278 67 40 der
1886 3278 47 40 du
1960 3278 80 40 hier
2065 3279 131 40 weinst
2197 3311 9 17 ,

1585 3338 132 42 durchs
1751 3340 121 39 Gitter
1897 3340 144 52 lugend,

1584 3416 81 25 was
1691 3400 86 41 hast
1803 3402 48 39 du
1865 3401 178 53 gemacht,
2075 3418 80 38 sag,
2187 3404 68 39 der
2280 3404 48 40 du
2355 3403 81 41 hier
2456 3405 140 48 weinst,

1584 3464 69 40 mit
1677 3464 123 40 deiner
1827 3464 169 52 fugend!

2164 3517 155 47 Caesar
2345 3517 257 47 Flaischlen
