<?xml version="1.0" encoding="UTF-8"?>
<alto xmlns:xsi="http://www.w3.org/2001/XMLSchema-instance" xmlns="http://www.loc.gov/standards/alto/ns-v2#" xsi:schemaLocation="http://www.loc.gov/standards/alto/ns-v2# http://www.loc.gov/standards/alto/v2/alto-2-0.xsd" xmlns:xlink="http://www.w3.org/1999/xlink">
	<Description>
		<MeasurementUnit>mm10</MeasurementUnit>
		<sourceImageInformation>
			<fileName>//lib-docworks1/IN/PUL-BlueMountain-RQA/periodicals/bmtnabe/issues/1896/07_01/00000076.jp2</fileName>
		</sourceImageInformation>
		<OCRProcessing ID="OCRPROCESSING_1">
			<preProcessingStep>
				<processingSoftware>
					<softwareCreator>CCS Content Conversion Specialists GmbH, Germany</softwareCreator>
					<softwareName>CCS docWorks</softwareName>
					<softwareVersion>6.8-1.24</softwareVersion>
				</processingSoftware>
			</preProcessingStep>
			<ocrProcessingStep>
				<processingSoftware>
					<softwareCreator>ABBYY (BIT Software), Russia</softwareCreator>
					<softwareName>FineReader</softwareName>
					<softwareVersion>11.0</softwareVersion>
				</processingSoftware>
			</ocrProcessingStep>
			<postProcessingStep>
				<processingSoftware>
					<softwareCreator>CCS Content Conversion Specialists GmbH, Germany</softwareCreator>
					<softwareName>CCS docWorks</softwareName>
					<softwareVersion>6.8-1.24</softwareVersion>
					<applicationDescription>docWorks: Text modified manually, or automatically replaced</applicationDescription>
				</processingSoftware>
			</postProcessingStep>
		</OCRProcessing>
	</Description>
	<Styles>
		<TextStyle ID="TXT_0" FONTSIZE="43" FONTFAMILY="Courier New"/>
		<TextStyle ID="TXT_1" FONTSIZE="11" FONTFAMILY="Times New Roman"/>
		<TextStyle ID="TXT_2" FONTSIZE="12" FONTFAMILY="Times New Roman"/>
		<TextStyle ID="TXT_3" FONTSIZE="16" FONTFAMILY="Times New Roman"/>
		<ParagraphStyle ID="PAR_RIGHT" ALIGN="Right"/>
		<ParagraphStyle ID="PAR_CENTER" ALIGN="Center"/>
		<ParagraphStyle ID="PAR_BLOCK" ALIGN="Block"/>
		<ParagraphStyle ID="PAR_LEFT" ALIGN="Left"/>
	</Styles>
	<Layout>
		<Page ID="P76" PHYSICAL_IMG_NR="76" HEIGHT="4572" WIDTH="3711" PRINTED_IMG_NR="50" PC="0.963">
			<TopMargin ID="P76_TM00001" HPOS="0" VPOS="0" WIDTH="3711" HEIGHT="46"/>
			<LeftMargin ID="P76_LM00001" HPOS="0" VPOS="46" WIDTH="110" HEIGHT="3854"/>
			<RightMargin ID="P76_RM00001" HPOS="3678" VPOS="46" WIDTH="33" HEIGHT="3854"/>
			<BottomMargin ID="P76_BM00001" HPOS="0" VPOS="3900" WIDTH="3711" HEIGHT="672">
				<TextBlock ID="P76_TB00001" HPOS="2149" VPOS="3903" WIDTH="192" HEIGHT="44" STYLEREFS="TXT_0 PAR_RIGHT">
					<TextLine ID="P76_TL00001" HPOS="2149" VPOS="3903" WIDTH="192" HEIGHT="44">
						<String ID="P76_ST00001" HPOS="2149" VPOS="3903" WIDTH="192" HEIGHT="44" CONTENT="50" WC="1.00" CC="00"/>
					</TextLine>
				</TextBlock>
			</BottomMargin>
			<PrintSpace ID="P76_PS00001" HPOS="110" VPOS="46" WIDTH="3568" HEIGHT="3854">
				<TextBlock ID="P76_TB00002" HPOS="1723" VPOS="3690" WIDTH="355" HEIGHT="67" STYLEREFS="TXT_1 PAR_CENTER">
					<TextLine ID="P76_TL00002" HPOS="1723" VPOS="3697" WIDTH="355" HEIGHT="52">
						<String ID="P76_ST00002" HPOS="1723" VPOS="3697" WIDTH="118" HEIGHT="52" CONTENT="Hans" WC="0.98" CC="0000"/>
						<SP ID="P76_SP00001" HPOS="1841" VPOS="3749" WIDTH="30"/>
						<String ID="P76_ST00003" HPOS="1871" VPOS="3697" WIDTH="207" HEIGHT="52" CONTENT="Hermann" WC="0.98" CC="0000000"/>
					</TextLine>
				</TextBlock>
				<TextBlock ID="P76_TB00003" HPOS="1017" VPOS="2116" WIDTH="909" HEIGHT="1275" STYLEREFS="TXT_2 PAR_BLOCK">
					<TextLine ID="P76_TL00003" HPOS="1019" VPOS="2117" WIDTH="905" HEIGHT="50">
						<String ID="P76_ST00004" HPOS="1019" VPOS="2119" WIDTH="107" HEIGHT="33" CONTENT="Unter" WC="0.99" CC="10006"/>
						<SP ID="P76_SP00002" HPOS="1126" VPOS="2152" WIDTH="15"/>
						<String ID="P76_ST00005" HPOS="1141" VPOS="2117" WIDTH="63" HEIGHT="35" CONTENT="den" WC="0.95" CC="722"/>
						<SP ID="P76_SP00003" HPOS="1204" VPOS="2152" WIDTH="14"/>
						<String ID="P76_ST00006" HPOS="1218" VPOS="2117" WIDTH="130" HEIGHT="35" CONTENT="Linden" WC="0.99" CC="350600"/>
						<SP ID="P76_SP00004" HPOS="1348" VPOS="2152" WIDTH="20"/>
						<String ID="P76_ST00007" HPOS="1368" VPOS="2119" WIDTH="53" HEIGHT="33" CONTENT="ein" WC="0.96" CC="440"/>
						<SP ID="P76_SP00005" HPOS="1421" VPOS="2152" WIDTH="19"/>
						<String ID="P76_ST00008" HPOS="1440" VPOS="2131" WIDTH="68" HEIGHT="22" CONTENT="von" WC="0.97" CC="016"/>
						<SP ID="P76_SP00006" HPOS="1508" VPOS="2153" WIDTH="19"/>
						<String ID="P76_ST00009" HPOS="1527" VPOS="2118" WIDTH="56" HEIGHT="35" CONTENT="der" WC="0.97" CC="044"/>
						<SP ID="P76_SP00007" HPOS="1583" VPOS="2153" WIDTH="16"/>
						<String ID="P76_ST00010" HPOS="1599" VPOS="2119" WIDTH="211" HEIGHT="48" CONTENT="Volksgunst" WC="0.99" CC="4033357040"/>
						<SP ID="P76_SP00008" HPOS="1810" VPOS="2167" WIDTH="18"/>
						<String ID="P76_ST00011" HPOS="1828" VPOS="2120" WIDTH="96" HEIGHT="36" CONTENT="nicht" WC="0.98" CC="04070"/>
					</TextLine>
					<TextLine ID="P76_TL00004" HPOS="1021" VPOS="2170" WIDTH="904" HEIGHT="50">
						<String ID="P76_ST00012" HPOS="1021" VPOS="2170" WIDTH="80" HEIGHT="35" CONTENT="eben" WC="0.96" CC="6730"/>
						<SP ID="P76_SP00009" HPOS="1101" VPOS="2205" WIDTH="19"/>
						<String ID="P76_ST00013" HPOS="1120" VPOS="2170" WIDTH="225" HEIGHT="48" CONTENT="begünstigter" WC="0.99" CC="632000436536"/>
						<SP ID="P76_SP00010" HPOS="1345" VPOS="2218" WIDTH="19"/>
						<String ID="P76_ST00014" HPOS="1364" VPOS="2171" WIDTH="299" HEIGHT="49" CONTENT="Kunstschauplatz" WC="0.99" CC="550001067470700"/>
						<SP ID="P76_SP00011" HPOS="1663" VPOS="2220" WIDTH="20"/>
						<String ID="P76_ST00015" HPOS="1683" VPOS="2186" WIDTH="164" HEIGHT="34" CONTENT="gewesen." WC="0.98" CC="03754503"/>
						<SP ID="P76_SP00012" HPOS="1847" VPOS="2220" WIDTH="35"/>
						<String ID="P76_ST00016" HPOS="1882" VPOS="2178" WIDTH="43" HEIGHT="31" CONTENT="Er" WC="0.82" CC="30"/>
					</TextLine>
					<TextLine ID="P76_TL00005" HPOS="1020" VPOS="2223" WIDTH="905" HEIGHT="49">
						<String ID="P76_ST00017" HPOS="1020" VPOS="2237" WIDTH="74" HEIGHT="21" CONTENT="war" WC="0.96" CC="406"/>
						<SP ID="P76_SP00013" HPOS="1094" VPOS="2258" WIDTH="19"/>
						<String ID="P76_ST00018" HPOS="1113" VPOS="2224" WIDTH="70" HEIGHT="34" CONTENT="eine" WC="0.97" CC="4505"/>
						<SP ID="P76_SP00014" HPOS="1183" VPOS="2258" WIDTH="16"/>
						<String ID="P76_ST00019" HPOS="1199" VPOS="2223" WIDTH="217" HEIGHT="49" CONTENT="langweilige" WC="0.99" CC="49000033404"/>
						<SP ID="P76_SP00015" HPOS="1416" VPOS="2272" WIDTH="14"/>
						<String ID="P76_ST00020" HPOS="1430" VPOS="2224" WIDTH="268" HEIGHT="36" CONTENT="Verkaufshalle." WC="0.99" CC="60029723000163"/>
						<SP ID="P76_SP00016" HPOS="1698" VPOS="2272" WIDTH="35"/>
						<String ID="P76_ST00021" HPOS="1733" VPOS="2227" WIDTH="67" HEIGHT="34" CONTENT="Mit" WC="0.96" CC="540"/>
						<SP ID="P76_SP00017" HPOS="1800" VPOS="2272" WIDTH="17"/>
						<String ID="P76_ST00022" HPOS="1817" VPOS="2227" WIDTH="108" HEIGHT="35" CONTENT="einem" WC="0.99" CC="00017"/>
					</TextLine>
					<TextLine ID="P76_TL00006" HPOS="1019" VPOS="2276" WIDTH="907" HEIGHT="52">
						<String ID="P76_ST00023" HPOS="1019" VPOS="2276" WIDTH="74" HEIGHT="35" CONTENT="Mal" WC="0.95" CC="472"/>
						<SP ID="P76_SP00018" HPOS="1093" VPOS="2311" WIDTH="24"/>
						<String ID="P76_ST00024" HPOS="1117" VPOS="2277" WIDTH="119" HEIGHT="34" CONTENT="wurde" WC="0.98" CC="01606"/>
						<SP ID="P76_SP00019" HPOS="1236" VPOS="2311" WIDTH="27"/>
						<String ID="P76_ST00025" HPOS="1263" VPOS="2291" WIDTH="32" HEIGHT="20" CONTENT="er" WC="0.69" CC="41"/>
						<SP ID="P76_SP00020" HPOS="1295" VPOS="2311" WIDTH="20"/>
						<String ID="P76_ST00026" HPOS="1315" VPOS="2278" WIDTH="85" HEIGHT="35" CONTENT="chic." WC="0.99" CC="00413"/>
						<SP ID="P76_SP00021" HPOS="1400" VPOS="2313" WIDTH="39"/>
						<String ID="P76_ST00027" HPOS="1439" VPOS="2279" WIDTH="62" HEIGHT="33" CONTENT="Die" WC="0.95" CC="507"/>
						<SP ID="P76_SP00022" HPOS="1501" VPOS="2313" WIDTH="21"/>
						<String ID="P76_ST00028" HPOS="1522" VPOS="2277" WIDTH="124" HEIGHT="36" CONTENT="kurzen" WC="0.99" CC="107000"/>
						<SP ID="P76_SP00023" HPOS="1646" VPOS="2313" WIDTH="19"/>
						<String ID="P76_ST00029" HPOS="1665" VPOS="2279" WIDTH="261" HEIGHT="49" CONTENT="Ausstellungen" WC="1.00" CC="3602100040000"/>
					</TextLine>
					<TextLine ID="P76_TL00007" HPOS="1019" VPOS="2329" WIDTH="906" HEIGHT="53">
						<String ID="P76_ST00030" HPOS="1019" VPOS="2329" WIDTH="56" HEIGHT="35" CONTENT="der" WC="0.99" CC="020"/>
						<SP ID="P76_SP00024" HPOS="1075" VPOS="2364" WIDTH="18"/>
						<String ID="P76_ST00031" HPOS="1093" VPOS="2332" WIDTH="46" HEIGHT="32" CONTENT="XI" WC="0.88" CC="20"/>
						<SP ID="P76_SP00025" HPOS="1139" VPOS="2364" WIDTH="18"/>
						<String ID="P76_ST00032" HPOS="1157" VPOS="2331" WIDTH="158" HEIGHT="34" CONTENT="machten" WC="0.99" CC="0907000"/>
						<SP ID="P76_SP00026" HPOS="1315" VPOS="2365" WIDTH="19"/>
						<String ID="P76_ST00033" HPOS="1334" VPOS="2331" WIDTH="138" HEIGHT="35" CONTENT="volleres" WC="0.99" CC="04430750"/>
						<SP ID="P76_SP00027" HPOS="1472" VPOS="2366" WIDTH="20"/>
						<String ID="P76_ST00034" HPOS="1492" VPOS="2334" WIDTH="107" HEIGHT="38" CONTENT="Haus," WC="0.97" CC="39524"/>
						<SP ID="P76_SP00028" HPOS="1599" VPOS="2372" WIDTH="21"/>
						<String ID="P76_ST00035" HPOS="1620" VPOS="2331" WIDTH="48" HEIGHT="35" CONTENT="als" WC="1.00" CC="000"/>
						<SP ID="P76_SP00029" HPOS="1668" VPOS="2372" WIDTH="28"/>
						<String ID="P76_ST00036" HPOS="1696" VPOS="2331" WIDTH="63" HEIGHT="36" CONTENT="alle" WC="0.97" CC="9200"/>
						<SP ID="P76_SP00030" HPOS="1759" VPOS="2372" WIDTH="24"/>
						<String ID="P76_ST00037" HPOS="1783" VPOS="2332" WIDTH="142" HEIGHT="50" CONTENT="übrigen" WC="0.99" CC="0646000"/>
					</TextLine>
					<TextLine ID="P76_TL00008" HPOS="1019" VPOS="2382" WIDTH="619" HEIGHT="50">
						<String ID="P76_ST00038" HPOS="1019" VPOS="2382" WIDTH="258" HEIGHT="50" CONTENT="Ausstellungen" WC="0.99" CC="3700013330065"/>
						<SP ID="P76_SP00031" HPOS="1277" VPOS="2432" WIDTH="21"/>
						<String ID="P76_ST00039" HPOS="1298" VPOS="2383" WIDTH="54" HEIGHT="35" CONTENT="des" WC="1.00" CC="000"/>
						<SP ID="P76_SP00032" HPOS="1352" VPOS="2432" WIDTH="20"/>
						<String ID="P76_ST00040" HPOS="1372" VPOS="2397" WIDTH="126" HEIGHT="35" CONTENT="ganzen" WC="0.99" CC="090000"/>
						<SP ID="P76_SP00033" HPOS="1498" VPOS="2432" WIDTH="17"/>
						<String ID="P76_ST00041" HPOS="1515" VPOS="2385" WIDTH="123" HEIGHT="45" CONTENT="Jahres." WC="0.98" CC="3066104"/>
					</TextLine>
					<TextLine ID="P76_TL00009" HPOS="1098" VPOS="2436" WIDTH="826" HEIGHT="43">
						<String ID="P76_ST00042" HPOS="1098" VPOS="2436" WIDTH="89" HEIGHT="34" CONTENT="Aber" WC="0.97" CC="0607"/>
						<SP ID="P76_SP00034" HPOS="1187" VPOS="2470" WIDTH="26"/>
						<String ID="P76_ST00043" HPOS="1213" VPOS="2437" WIDTH="45" HEIGHT="34" CONTENT="sie" WC="0.98" CC="040"/>
						<SP ID="P76_SP00035" HPOS="1258" VPOS="2471" WIDTH="26"/>
						<String ID="P76_ST00044" HPOS="1284" VPOS="2437" WIDTH="115" HEIGHT="35" CONTENT="thaten" WC="0.72" CC="069000"/>
						<SP ID="P76_SP00036" HPOS="1399" VPOS="2472" WIDTH="28"/>
						<String ID="P76_ST00045" HPOS="1427" VPOS="2438" WIDTH="105" HEIGHT="35" CONTENT="mehr." WC="0.97" CC="04754"/>
						<SP ID="P76_SP00037" HPOS="1532" VPOS="2473" WIDTH="39"/>
						<String ID="P76_ST00046" HPOS="1571" VPOS="2438" WIDTH="63" HEIGHT="34" CONTENT="Die" WC="0.93" CC="557"/>
						<SP ID="P76_SP00038" HPOS="1634" VPOS="2473" WIDTH="27"/>
						<String ID="P76_ST00047" HPOS="1661" VPOS="2441" WIDTH="46" HEIGHT="31" CONTENT="XI" WC="0.76" CC="40"/>
						<SP ID="P76_SP00039" HPOS="1707" VPOS="2473" WIDTH="29"/>
						<String ID="P76_ST00048" HPOS="1736" VPOS="2438" WIDTH="89" HEIGHT="41" CONTENT="sind," WC="0.99" CC="03001"/>
						<SP ID="P76_SP00040" HPOS="1825" VPOS="2479" WIDTH="29"/>
						<String ID="P76_ST00049" HPOS="1854" VPOS="2441" WIDTH="70" HEIGHT="34" CONTENT="wie" WC="0.98" CC="050"/>
					</TextLine>
					<TextLine ID="P76_TL00010" HPOS="1023" VPOS="2489" WIDTH="899" HEIGHT="44">
						<String ID="P76_ST00050" HPOS="1023" VPOS="2489" WIDTH="210" HEIGHT="35" CONTENT="verschieden" WC="0.99" CC="05432705040"/>
						<SP ID="P76_SP00041" HPOS="1233" VPOS="2524" WIDTH="15"/>
						<String ID="P76_ST00051" HPOS="1248" VPOS="2491" WIDTH="44" HEIGHT="33" CONTENT="sie" WC="0.99" CC="030"/>
						<SP ID="P76_SP00042" HPOS="1292" VPOS="2524" WIDTH="16"/>
						<String ID="P76_ST00052" HPOS="1308" VPOS="2491" WIDTH="70" HEIGHT="34" CONTENT="sich" WC="0.99" CC="0500"/>
						<SP ID="P76_SP00043" HPOS="1378" VPOS="2525" WIDTH="15"/>
						<String ID="P76_ST00053" HPOS="1393" VPOS="2491" WIDTH="86" HEIGHT="35" CONTENT="auch" WC="0.98" CC="0640"/>
						<SP ID="P76_SP00044" HPOS="1479" VPOS="2526" WIDTH="16"/>
						<String ID="P76_ST00054" HPOS="1495" VPOS="2504" WIDTH="42" HEIGHT="22" CONTENT="an" WC="0.27" CC="94"/>
						<SP ID="P76_SP00045" HPOS="1537" VPOS="2526" WIDTH="10"/>
						<String ID="P76_ST00055" HPOS="1547" VPOS="2491" WIDTH="118" HEIGHT="35" CONTENT="Talent" WC="0.99" CC="202400"/>
						<SP ID="P76_SP00046" HPOS="1665" VPOS="2526" WIDTH="17"/>
						<String ID="P76_ST00056" HPOS="1682" VPOS="2493" WIDTH="171" HEIGHT="40" CONTENT="erweisen," WC="1.00" CC="410050000"/>
						<SP ID="P76_SP00047" HPOS="1853" VPOS="2533" WIDTH="17"/>
						<String ID="P76_ST00057" HPOS="1870" VPOS="2493" WIDTH="52" HEIGHT="35" CONTENT="die" WC="1.00" CC="000"/>
					</TextLine>
					<TextLine ID="P76_TL00011" HPOS="1019" VPOS="2541" WIDTH="904" HEIGHT="53">
						<String ID="P76_ST00058" HPOS="1019" VPOS="2541" WIDTH="275" HEIGHT="49" CONTENT="erfolgreichsten" WC="1.00" CC="577020500003050"/>
						<SP ID="P76_SP00048" HPOS="1294" VPOS="2590" WIDTH="11"/>
						<String ID="P76_ST00059" HPOS="1305" VPOS="2545" WIDTH="164" HEIGHT="33" CONTENT="Vertreter" WC="0.99" CC="041065016"/>
						<SP ID="P76_SP00049" HPOS="1469" VPOS="2590" WIDTH="15"/>
						<String ID="P76_ST00060" HPOS="1484" VPOS="2544" WIDTH="57" HEIGHT="34" CONTENT="der" WC="0.98" CC="006"/>
						<SP ID="P76_SP00050" HPOS="1541" VPOS="2590" WIDTH="14"/>
						<String ID="P76_ST00061" HPOS="1555" VPOS="2544" WIDTH="182" HEIGHT="35" CONTENT="modernen" WC="0.99" CC="02056000"/>
						<SP ID="P76_SP00051" HPOS="1737" VPOS="2590" WIDTH="11"/>
						<String ID="P76_ST00062" HPOS="1748" VPOS="2546" WIDTH="175" HEIGHT="48" CONTENT="Richtung" WC="0.99" CC="60000500"/>
					</TextLine>
					<TextLine ID="P76_TL00012" HPOS="1019" VPOS="2596" WIDTH="903" HEIGHT="49">
						<String ID="P76_ST00063" HPOS="1019" VPOS="2596" WIDTH="36" HEIGHT="33" CONTENT="in" WC="0.70" CC="50"/>
						<SP ID="P76_SP00052" HPOS="1055" VPOS="2629" WIDTH="20"/>
						<String ID="P76_ST00064" HPOS="1075" VPOS="2596" WIDTH="117" HEIGHT="35" CONTENT="Berlin." WC="0.99" CC="5403303"/>
						<SP ID="P76_SP00053" HPOS="1192" VPOS="2631" WIDTH="37"/>
						<String ID="P76_ST00065" HPOS="1229" VPOS="2597" WIDTH="74" HEIGHT="34" CONTENT="Ihre" WC="0.99" CC="0040"/>
						<SP ID="P76_SP00054" HPOS="1303" VPOS="2631" WIDTH="24"/>
						<String ID="P76_ST00066" HPOS="1327" VPOS="2597" WIDTH="258" HEIGHT="48" CONTENT="Ausstellungen" WC="1.00" CC="0424004160000"/>
						<SP ID="P76_SP00055" HPOS="1585" VPOS="2645" WIDTH="25"/>
						<String ID="P76_ST00067" HPOS="1610" VPOS="2597" WIDTH="109" HEIGHT="35" CONTENT="haben" WC="0.98" CC="06600"/>
						<SP ID="P76_SP00056" HPOS="1719" VPOS="2645" WIDTH="26"/>
						<String ID="P76_ST00068" HPOS="1745" VPOS="2599" WIDTH="95" HEIGHT="34" CONTENT="mehr" WC="0.98" CC="0063"/>
						<SP ID="P76_SP00057" HPOS="1840" VPOS="2645" WIDTH="26"/>
						<String ID="P76_ST00069" HPOS="1866" VPOS="2597" WIDTH="56" HEIGHT="37" CONTENT="für" WC="0.95" CC="605"/>
					</TextLine>
					<TextLine ID="P76_TL00013" HPOS="1020" VPOS="2648" WIDTH="902" HEIGHT="49">
						<String ID="P76_ST00070" HPOS="1020" VPOS="2648" WIDTH="53" HEIGHT="35" CONTENT="die" WC="0.96" CC="064"/>
						<SP ID="P76_SP00058" HPOS="1073" VPOS="2683" WIDTH="19"/>
						<String ID="P76_ST00071" HPOS="1092" VPOS="2649" WIDTH="164" HEIGHT="35" CONTENT="Moderne" WC="0.99" CC="0002205"/>
						<SP ID="P76_SP00059" HPOS="1256" VPOS="2684" WIDTH="25"/>
						<String ID="P76_ST00072" HPOS="1281" VPOS="2650" WIDTH="158" HEIGHT="47" CONTENT="gewirkt," WC="0.99" CC="00056140"/>
						<SP ID="P76_SP00060" HPOS="1439" VPOS="2697" WIDTH="29"/>
						<String ID="P76_ST00073" HPOS="1468" VPOS="2650" WIDTH="45" HEIGHT="35" CONTENT="als" WC="0.98" CC="031"/>
						<SP ID="P76_SP00061" HPOS="1513" VPOS="2697" WIDTH="21"/>
						<String ID="P76_ST00074" HPOS="1534" VPOS="2650" WIDTH="106" HEIGHT="41" CONTENT="Alles," WC="0.99" CC="024000"/>
						<SP ID="P76_SP00062" HPOS="1640" VPOS="2697" WIDTH="26"/>
						<String ID="P76_ST00075" HPOS="1666" VPOS="2664" WIDTH="72" HEIGHT="22" CONTENT="was" WC="0.95" CC="092"/>
						<SP ID="P76_SP00063" HPOS="1738" VPOS="2697" WIDTH="24"/>
						<String ID="P76_ST00076" HPOS="1762" VPOS="2662" WIDTH="92" HEIGHT="24" CONTENT="sonst" WC="1.00" CC="00000"/>
						<SP ID="P76_SP00064" HPOS="1854" VPOS="2697" WIDTH="25"/>
						<String ID="P76_ST00077" HPOS="1879" VPOS="2666" WIDTH="43" HEIGHT="21" CONTENT="an" WC="0.64" CC="70"/>
					</TextLine>
					<TextLine ID="P76_TL00014" HPOS="1021" VPOS="2702" WIDTH="898" HEIGHT="50">
						<String ID="P76_ST00078" HPOS="1021" VPOS="2702" WIDTH="56" HEIGHT="34" CONTENT="der" WC="0.96" CC="046"/>
						<SP ID="P76_SP00065" HPOS="1077" VPOS="2736" WIDTH="19"/>
						<String ID="P76_ST00079" HPOS="1096" VPOS="2704" WIDTH="94" HEIGHT="47" CONTENT="Spree" WC="0.97" CC="06644"/>
						<SP ID="P76_SP00066" HPOS="1190" VPOS="2751" WIDTH="26"/>
						<String ID="P76_ST00080" HPOS="1216" VPOS="2716" WIDTH="38" HEIGHT="21" CONTENT="zu" WC="0.72" CC="05"/>
						<SP ID="P76_SP00067" HPOS="1254" VPOS="2751" WIDTH="28"/>
						<String ID="P76_ST00081" HPOS="1282" VPOS="2704" WIDTH="87" HEIGHT="33" CONTENT="ihrer" WC="0.98" CC="37006"/>
						<SP ID="P76_SP00068" HPOS="1369" VPOS="2751" WIDTH="19"/>
						<String ID="P76_ST00082" HPOS="1388" VPOS="2703" WIDTH="253" HEIGHT="49" CONTENT="Einbürgerung" WC="1.00" CC="004705004000"/>
						<SP ID="P76_SP00069" HPOS="1641" VPOS="2752" WIDTH="22"/>
						<String ID="P76_ST00083" HPOS="1663" VPOS="2705" WIDTH="185" HEIGHT="47" CONTENT="geschehen" WC="0.99" CC="002070700"/>
						<SP ID="P76_SP00070" HPOS="1848" VPOS="2752" WIDTH="19"/>
						<String ID="P76_ST00084" HPOS="1867" VPOS="2706" WIDTH="52" HEIGHT="35" CONTENT="ist." WC="0.97" CC="6504"/>
					</TextLine>
					<TextLine ID="P76_TL00015" HPOS="1020" VPOS="2754" WIDTH="901" HEIGHT="44">
						<String ID="P76_ST00085" HPOS="1020" VPOS="2758" WIDTH="67" HEIGHT="31" CONTENT="Das" WC="0.97" CC="070"/>
						<SP ID="P76_SP00071" HPOS="1087" VPOS="2789" WIDTH="19"/>
						<String ID="P76_ST00086" HPOS="1106" VPOS="2756" WIDTH="42" HEIGHT="33" CONTENT="ist" WC="0.95" CC="506"/>
						<SP ID="P76_SP00072" HPOS="1148" VPOS="2789" WIDTH="19"/>
						<String ID="P76_ST00087" HPOS="1167" VPOS="2754" WIDTH="77" HEIGHT="36" CONTENT="kein" WC="1.00" CC="0000"/>
						<SP ID="P76_SP00073" HPOS="1244" VPOS="2790" WIDTH="20"/>
						<String ID="P76_ST00088" HPOS="1264" VPOS="2757" WIDTH="161" HEIGHT="34" CONTENT="schmales" WC="0.98" CC="04606450"/>
						<SP ID="P76_SP00074" HPOS="1425" VPOS="2791" WIDTH="19"/>
						<String ID="P76_ST00089" HPOS="1444" VPOS="2757" WIDTH="184" HEIGHT="41" CONTENT="Verdienst," WC="0.99" CC="0450660400"/>
						<SP ID="P76_SP00075" HPOS="1628" VPOS="2798" WIDTH="21"/>
						<String ID="P76_ST00090" HPOS="1649" VPOS="2771" WIDTH="59" HEIGHT="21" CONTENT="wo" WC="1.00" CC="00"/>
						<SP ID="P76_SP00076" HPOS="1708" VPOS="2798" WIDTH="19"/>
						<String ID="P76_ST00091" HPOS="1727" VPOS="2758" WIDTH="106" HEIGHT="35" CONTENT="soviel" WC="0.99" CC="000603"/>
						<SP ID="P76_SP00077" HPOS="1833" VPOS="2798" WIDTH="14"/>
						<String ID="P76_ST00092" HPOS="1847" VPOS="2761" WIDTH="50" HEIGHT="32" CONTENT="Un" SUBS_TYPE="HypPart1" SUBS_CONTENT="Unverstand" WC="0.97" CC="50"/>
						<HYP HPOS="1897" VPOS="2761" WIDTH="24" CONTENT="-"/>
					</TextLine>
					<TextLine ID="P76_TL00016" HPOS="1021" VPOS="2808" WIDTH="899" HEIGHT="50">
						<String ID="P76_ST00093" HPOS="1021" VPOS="2808" WIDTH="149" HEIGHT="35" CONTENT="verstand" SUBS_TYPE="HypPart2" SUBS_CONTENT="Unverstand" WC="0.99" CC="06630000"/>
						<SP ID="P76_SP00078" HPOS="1170" VPOS="2843" WIDTH="15"/>
						<String ID="P76_ST00094" HPOS="1185" VPOS="2808" WIDTH="69" HEIGHT="35" CONTENT="und" WC="0.98" CC="500"/>
						<SP ID="P76_SP00079" HPOS="1254" VPOS="2843" WIDTH="14"/>
						<String ID="P76_ST00095" HPOS="1268" VPOS="2817" WIDTH="92" HEIGHT="40" CONTENT="trage" WC="0.98" CC="05700"/>
						<SP ID="P76_SP00080" HPOS="1360" VPOS="2857" WIDTH="15"/>
						<String ID="P76_ST00096" HPOS="1375" VPOS="2811" WIDTH="231" HEIGHT="35" CONTENT="Gewohnheit" WC="1.00" CC="0003000020"/>
						<SP ID="P76_SP00081" HPOS="1606" VPOS="2857" WIDTH="19"/>
						<String ID="P76_ST00097" HPOS="1625" VPOS="2811" WIDTH="71" HEIGHT="35" CONTENT="sich" WC="0.98" CC="2410"/>
						<SP ID="P76_SP00082" HPOS="1696" VPOS="2857" WIDTH="14"/>
						<String ID="P76_ST00098" HPOS="1710" VPOS="2824" WIDTH="106" HEIGHT="34" CONTENT="gegen" WC="0.98" CC="07040"/>
						<SP ID="P76_SP00083" HPOS="1816" VPOS="2858" WIDTH="16"/>
						<String ID="P76_ST00099" HPOS="1832" VPOS="2811" WIDTH="88" HEIGHT="35" CONTENT="Alles" WC="0.99" CC="30400"/>
					</TextLine>
					<TextLine ID="P76_TL00017" HPOS="1020" VPOS="2862" WIDTH="902" HEIGHT="51">
						<String ID="P76_ST00100" HPOS="1020" VPOS="2862" WIDTH="150" HEIGHT="40" CONTENT="wehren," WC="0.99" CC="0400104"/>
						<SP ID="P76_SP00084" HPOS="1170" VPOS="2902" WIDTH="27"/>
						<String ID="P76_ST00101" HPOS="1197" VPOS="2875" WIDTH="71" HEIGHT="22" CONTENT="was" WC="1.00" CC="000"/>
						<SP ID="P76_SP00085" HPOS="1268" VPOS="2902" WIDTH="26"/>
						<String ID="P76_ST00102" HPOS="1294" VPOS="2864" WIDTH="228" HEIGHT="34" CONTENT="unvermittelt" WC="1.00" CC="400350500000"/>
						<SP ID="P76_SP00086" HPOS="1522" VPOS="2902" WIDTH="26"/>
						<String ID="P76_ST00103" HPOS="1548" VPOS="2864" WIDTH="62" HEIGHT="34" CONTENT="mit" WC="0.99" CC="030"/>
						<SP ID="P76_SP00087" HPOS="1610" VPOS="2902" WIDTH="20"/>
						<String ID="P76_ST00104" HPOS="1630" VPOS="2863" WIDTH="148" HEIGHT="42" CONTENT="frischer," WC="0.99" CC="650000064"/>
						<SP ID="P76_SP00088" HPOS="1778" VPOS="2905" WIDTH="26"/>
						<String ID="P76_ST00105" HPOS="1804" VPOS="2868" WIDTH="118" HEIGHT="45" CONTENT="junger" WC="0.98" CC="400067"/>
					</TextLine>
					<TextLine ID="P76_TL00018" HPOS="1021" VPOS="2912" WIDTH="500" HEIGHT="53">
						<String ID="P76_ST00106" HPOS="1021" VPOS="2912" WIDTH="97" HEIGHT="37" CONTENT="Kraft" WC="0.98" CC="34400"/>
						<SP ID="P76_SP00089" HPOS="1118" VPOS="2949" WIDTH="20"/>
						<String ID="P76_ST00107" HPOS="1138" VPOS="2915" WIDTH="36" HEIGHT="34" CONTENT="in" WC="1.00" CC="00"/>
						<SP ID="P76_SP00090" HPOS="1174" VPOS="2949" WIDTH="19"/>
						<String ID="P76_ST00108" HPOS="1193" VPOS="2916" WIDTH="228" HEIGHT="49" CONTENT="Erscheinung" WC="1.00" CC="44000200500"/>
						<SP ID="P76_SP00091" HPOS="1421" VPOS="2965" WIDTH="18"/>
						<String ID="P76_ST00109" HPOS="1439" VPOS="2918" WIDTH="82" HEIGHT="33" CONTENT="tritt." WC="0.99" CC="033000"/>
					</TextLine>
					<TextLine ID="P76_TL00019" HPOS="1100" VPOS="2966" WIDTH="821" HEIGHT="48">
						<String ID="P76_ST00110" HPOS="1100" VPOS="2970" WIDTH="38" HEIGHT="31" CONTENT="In" WC="0.86" CC="20"/>
						<SP ID="P76_SP00092" HPOS="1138" VPOS="3001" WIDTH="19"/>
						<String ID="P76_ST00111" HPOS="1157" VPOS="2966" WIDTH="63" HEIGHT="37" CONTENT="den" WC="0.99" CC="020"/>
						<SP ID="P76_SP00093" HPOS="1220" VPOS="3003" WIDTH="19"/>
						<String ID="P76_ST00112" HPOS="1239" VPOS="2966" WIDTH="83" HEIGHT="36" CONTENT="fünf" WC="1.00" CC="0000"/>
						<SP ID="P76_SP00094" HPOS="1322" VPOS="3003" WIDTH="9"/>
						<String ID="P76_ST00113" HPOS="1331" VPOS="2970" WIDTH="129" HEIGHT="44" CONTENT="Jahren," WC="0.99" CC="5005500"/>
						<SP ID="P76_SP00095" HPOS="1460" VPOS="3014" WIDTH="16"/>
						<String ID="P76_ST00114" HPOS="1476" VPOS="2970" WIDTH="164" HEIGHT="36" CONTENT="während" WC="0.99" CC="0705500"/>
						<SP ID="P76_SP00096" HPOS="1640" VPOS="3014" WIDTH="20"/>
						<String ID="P76_ST00115" HPOS="1660" VPOS="2970" WIDTH="106" HEIGHT="35" CONTENT="denen" WC="0.99" CC="05010"/>
						<SP ID="P76_SP00097" HPOS="1766" VPOS="3014" WIDTH="18"/>
						<String ID="P76_ST00116" HPOS="1784" VPOS="2972" WIDTH="45" HEIGHT="33" CONTENT="sie" WC="0.99" CC="300"/>
						<SP ID="P76_SP00098" HPOS="1829" VPOS="3014" WIDTH="17"/>
						<String ID="P76_ST00117" HPOS="1846" VPOS="2984" WIDTH="57" HEIGHT="21" CONTENT="aus" SUBS_TYPE="HypPart1" SUBS_CONTENT="ausstellen," WC="0.97" CC="063"/>
						<HYP HPOS="1903" VPOS="2984" WIDTH="18" CONTENT="-"/>
					</TextLine>
					<TextLine ID="P76_TL00020" HPOS="1021" VPOS="3019" WIDTH="900" HEIGHT="53">
						<String ID="P76_ST00118" HPOS="1021" VPOS="3019" WIDTH="125" HEIGHT="41" CONTENT="stellen," SUBS_TYPE="HypPart2" SUBS_CONTENT="ausstellen," WC="1.00" CC="00132200"/>
						<SP ID="P76_SP00099" HPOS="1146" VPOS="3060" WIDTH="19"/>
						<String ID="P76_ST00119" HPOS="1165" VPOS="3020" WIDTH="60" HEIGHT="35" CONTENT="hat" WC="0.96" CC="090"/>
						<SP ID="P76_SP00100" HPOS="1225" VPOS="3060" WIDTH="19"/>
						<String ID="P76_ST00120" HPOS="1244" VPOS="3022" WIDTH="70" HEIGHT="34" CONTENT="sich" WC="0.99" CC="0400"/>
						<SP ID="P76_SP00101" HPOS="1314" VPOS="3060" WIDTH="19"/>
						<String ID="P76_ST00121" HPOS="1333" VPOS="3021" WIDTH="55" HEIGHT="35" CONTENT="für" WC="0.98" CC="004"/>
						<SP ID="P76_SP00102" HPOS="1388" VPOS="3060" WIDTH="19"/>
						<String ID="P76_ST00122" HPOS="1407" VPOS="3022" WIDTH="52" HEIGHT="35" CONTENT="die" WC="1.00" CC="001"/>
						<SP ID="P76_SP00103" HPOS="1459" VPOS="3060" WIDTH="20"/>
						<String ID="P76_ST00123" HPOS="1479" VPOS="3023" WIDTH="158" HEIGHT="35" CONTENT="moderne" WC="0.99" CC="0200006"/>
						<SP ID="P76_SP00104" HPOS="1637" VPOS="3060" WIDTH="19"/>
						<String ID="P76_ST00124" HPOS="1656" VPOS="3024" WIDTH="175" HEIGHT="48" CONTENT="Richtung" WC="0.99" CC="63000600"/>
						<SP ID="P76_SP00105" HPOS="1831" VPOS="3072" WIDTH="19"/>
						<String ID="P76_ST00125" HPOS="1850" VPOS="3025" WIDTH="71" HEIGHT="34" CONTENT="eine" WC="0.97" CC="4604"/>
					</TextLine>
					<TextLine ID="P76_TL00021" HPOS="1023" VPOS="3072" WIDTH="899" HEIGHT="53">
						<String ID="P76_ST00126" HPOS="1023" VPOS="3072" WIDTH="108" HEIGHT="35" CONTENT="starke" WC="0.98" CC="007605"/>
						<SP ID="P76_SP00106" HPOS="1131" VPOS="3107" WIDTH="11"/>
						<String ID="P76_ST00127" HPOS="1142" VPOS="3074" WIDTH="104" HEIGHT="34" CONTENT="Partei" WC="0.99" CC="004013"/>
						<SP ID="P76_SP00107" HPOS="1246" VPOS="3108" WIDTH="15"/>
						<String ID="P76_ST00128" HPOS="1261" VPOS="3074" WIDTH="155" HEIGHT="48" CONTENT="gebildet," WC="0.99" CC="057000404"/>
						<SP ID="P76_SP00108" HPOS="1416" VPOS="3122" WIDTH="16"/>
						<String ID="P76_ST00129" HPOS="1432" VPOS="3076" WIDTH="52" HEIGHT="34" CONTENT="die" WC="0.98" CC="060"/>
						<SP ID="P76_SP00109" HPOS="1484" VPOS="3122" WIDTH="15"/>
						<String ID="P76_ST00130" HPOS="1499" VPOS="3076" WIDTH="64" HEIGHT="35" CONTENT="den" WC="0.98" CC="060"/>
						<SP ID="P76_SP00110" HPOS="1563" VPOS="3122" WIDTH="12"/>
						<String ID="P76_ST00131" HPOS="1575" VPOS="3076" WIDTH="347" HEIGHT="49" CONTENT="Hervorbringungen" WC="1.00" CC="6040060600070000"/>
					</TextLine>
					<TextLine ID="P76_TL00022" HPOS="1025" VPOS="3125" WIDTH="895" HEIGHT="53">
						<String ID="P76_ST00132" HPOS="1025" VPOS="3125" WIDTH="55" HEIGHT="34" CONTENT="der" WC="0.96" CC="056"/>
						<SP ID="P76_SP00111" HPOS="1080" VPOS="3159" WIDTH="26"/>
						<String ID="P76_ST00133" HPOS="1106" VPOS="3128" WIDTH="46" HEIGHT="32" CONTENT="XI" WC="1.00" CC="00"/>
						<SP ID="P76_SP00112" HPOS="1152" VPOS="3160" WIDTH="27"/>
						<String ID="P76_ST00134" HPOS="1179" VPOS="3128" WIDTH="63" HEIGHT="33" CONTENT="mit" WC="1.00" CC="000"/>
						<SP ID="P76_SP00113" HPOS="1242" VPOS="3161" WIDTH="24"/>
						<String ID="P76_ST00135" HPOS="1266" VPOS="3140" WIDTH="164" HEIGHT="23" CONTENT="warmem" WC="1.00" CC="000020"/>
						<SP ID="P76_SP00114" HPOS="1430" VPOS="3163" WIDTH="23"/>
						<String ID="P76_ST00136" HPOS="1453" VPOS="3131" WIDTH="153" HEIGHT="33" CONTENT="Interesse" WC="1.00" CC="200040000"/>
						<SP ID="P76_SP00115" HPOS="1606" VPOS="3164" WIDTH="31"/>
						<String ID="P76_ST00137" HPOS="1637" VPOS="3128" WIDTH="101" HEIGHT="50" CONTENT="folgt." WC="0.99" CC="071004"/>
						<SP ID="P76_SP00116" HPOS="1738" VPOS="3178" WIDTH="38"/>
						<String ID="P76_ST00138" HPOS="1776" VPOS="3133" WIDTH="51" HEIGHT="32" CONTENT="Im" WC="0.95" CC="00"/>
						<SP ID="P76_SP00117" HPOS="1827" VPOS="3178" WIDTH="32"/>
						<String ID="P76_ST00139" HPOS="1859" VPOS="3131" WIDTH="46" HEIGHT="34" CONTENT="all" SUBS_TYPE="HypPart1" SUBS_CONTENT="allgemeinen" WC="0.99" CC="001"/>
						<HYP HPOS="1905" VPOS="3131" WIDTH="15" CONTENT="-"/>
					</TextLine>
					<TextLine ID="P76_TL00023" HPOS="1024" VPOS="3179" WIDTH="897" HEIGHT="48">
						<String ID="P76_ST00140" HPOS="1024" VPOS="3180" WIDTH="173" HEIGHT="46" CONTENT="gemeinen" SUBS_TYPE="HypPart2" SUBS_CONTENT="allgemeinen" WC="0.99" CC="05024030"/>
						<SP ID="P76_SP00118" HPOS="1197" VPOS="3226" WIDTH="15"/>
						<String ID="P76_ST00141" HPOS="1212" VPOS="3179" WIDTH="122" HEIGHT="48" CONTENT="jedoch" WC="0.99" CC="500007"/>
						<SP ID="P76_SP00119" HPOS="1334" VPOS="3227" WIDTH="19"/>
						<String ID="P76_ST00142" HPOS="1353" VPOS="3182" WIDTH="58" HEIGHT="33" CONTENT="hat" WC="1.00" CC="000"/>
						<SP ID="P76_SP00120" HPOS="1411" VPOS="3227" WIDTH="18"/>
						<String ID="P76_ST00143" HPOS="1429" VPOS="3182" WIDTH="70" HEIGHT="35" CONTENT="sich" WC="0.98" CC="4410"/>
						<SP ID="P76_SP00121" HPOS="1499" VPOS="3227" WIDTH="19"/>
						<String ID="P76_ST00144" HPOS="1518" VPOS="3183" WIDTH="53" HEIGHT="34" CONTENT="ihr" WC="0.96" CC="406"/>
						<SP ID="P76_SP00122" HPOS="1571" VPOS="3227" WIDTH="18"/>
						<String ID="P76_ST00145" HPOS="1589" VPOS="3183" WIDTH="137" HEIGHT="34" CONTENT="Niveau" WC="0.98" CC="500406"/>
						<SP ID="P76_SP00123" HPOS="1726" VPOS="3227" WIDTH="18"/>
						<String ID="P76_ST00146" HPOS="1744" VPOS="3183" WIDTH="95" HEIGHT="35" CONTENT="nicht" WC="0.99" CC="50300"/>
						<SP ID="P76_SP00124" HPOS="1839" VPOS="3227" WIDTH="17"/>
						<String ID="P76_ST00147" HPOS="1856" VPOS="3184" WIDTH="65" HEIGHT="35" CONTENT="viel" WC="0.98" CC="0045"/>
					</TextLine>
					<TextLine ID="P76_TL00024" HPOS="1025" VPOS="3231" WIDTH="896" HEIGHT="40">
						<String ID="P76_ST00148" HPOS="1025" VPOS="3231" WIDTH="179" HEIGHT="36" CONTENT="verändert." WC="0.99" CC="0667000600"/>
						<SP ID="P76_SP00125" HPOS="1204" VPOS="3267" WIDTH="43"/>
						<String ID="P76_ST00149" HPOS="1247" VPOS="3234" WIDTH="52" HEIGHT="33" CONTENT="Sie" WC="0.98" CC="050"/>
						<SP ID="P76_SP00126" HPOS="1299" VPOS="3267" WIDTH="25"/>
						<String ID="P76_ST00150" HPOS="1324" VPOS="3233" WIDTH="108" HEIGHT="36" CONTENT="haben" WC="0.99" CC="00620"/>
						<SP ID="P76_SP00127" HPOS="1432" VPOS="3269" WIDTH="26"/>
						<String ID="P76_ST00151" HPOS="1458" VPOS="3235" WIDTH="71" HEIGHT="35" CONTENT="sich" WC="0.97" CC="0427"/>
						<SP ID="P76_SP00128" HPOS="1529" VPOS="3270" WIDTH="24"/>
						<String ID="P76_ST00152" HPOS="1553" VPOS="3236" WIDTH="87" HEIGHT="34" CONTENT="nach" WC="1.00" CC="0000"/>
						<SP ID="P76_SP00129" HPOS="1640" VPOS="3270" WIDTH="29"/>
						<String ID="P76_ST00153" HPOS="1669" VPOS="3236" WIDTH="252" HEIGHT="35" CONTENT="verschiedenen" WC="0.99" CC="0554006505050"/>
					</TextLine>
					<TextLine ID="P76_TL00025" HPOS="1025" VPOS="3285" WIDTH="896" HEIGHT="51">
						<String ID="P76_ST00154" HPOS="1025" VPOS="3285" WIDTH="215" HEIGHT="47" CONTENT="Richtungen" WC="1.00" CC="0140050000"/>
						<SP ID="P76_SP00130" HPOS="1240" VPOS="3332" WIDTH="19"/>
						<String ID="P76_ST00155" HPOS="1259" VPOS="3288" WIDTH="274" HEIGHT="48" CONTENT="ausgesprochen," WC="1.00" CC="00000006040004"/>
						<SP ID="P76_SP00131" HPOS="1533" VPOS="3336" WIDTH="21"/>
						<String ID="P76_ST00156" HPOS="1554" VPOS="3288" WIDTH="81" HEIGHT="40" CONTENT="und," WC="0.98" CC="6002"/>
						<SP ID="P76_SP00132" HPOS="1635" VPOS="3336" WIDTH="20"/>
						<String ID="P76_ST00157" HPOS="1655" VPOS="3290" WIDTH="68" HEIGHT="34" CONTENT="wie" WC="0.95" CC="074"/>
						<SP ID="P76_SP00133" HPOS="1723" VPOS="3336" WIDTH="15"/>
						<String ID="P76_ST00158" HPOS="1738" VPOS="3289" WIDTH="81" HEIGHT="36" CONTENT="kurz" WC="0.97" CC="0560"/>
						<SP ID="P76_SP00134" HPOS="1819" VPOS="3336" WIDTH="16"/>
						<String ID="P76_ST00159" HPOS="1835" VPOS="3291" WIDTH="86" HEIGHT="34" CONTENT="auch" WC="0.99" CC="0400"/>
					</TextLine>
					<TextLine ID="P76_TL00026" HPOS="1026" VPOS="3337" WIDTH="894" HEIGHT="53">
						<String ID="P76_ST00160" HPOS="1026" VPOS="3337" WIDTH="56" HEIGHT="35" CONTENT="der" WC="0.97" CC="006"/>
						<SP ID="P76_SP00135" HPOS="1082" VPOS="3372" WIDTH="18"/>
						<String ID="P76_ST00161" HPOS="1100" VPOS="3339" WIDTH="170" HEIGHT="34" CONTENT="Zeitraum" WC="1.00" CC="00206000"/>
						<SP ID="P76_SP00136" HPOS="1270" VPOS="3373" WIDTH="20"/>
						<String ID="P76_ST00162" HPOS="1290" VPOS="3340" WIDTH="54" HEIGHT="40" CONTENT="ist," WC="0.97" CC="2144"/>
						<SP ID="P76_SP00137" HPOS="1344" VPOS="3380" WIDTH="20"/>
						<String ID="P76_ST00163" HPOS="1364" VPOS="3353" WIDTH="33" HEIGHT="21" CONTENT="er" WC="0.54" CC="44"/>
						<SP ID="P76_SP00138" HPOS="1397" VPOS="3380" WIDTH="17"/>
						<String ID="P76_ST00164" HPOS="1414" VPOS="3340" WIDTH="59" HEIGHT="35" CONTENT="hat" WC="1.00" CC="000"/>
						<SP ID="P76_SP00139" HPOS="1473" VPOS="3380" WIDTH="25"/>
						<String ID="P76_ST00165" HPOS="1498" VPOS="3341" WIDTH="89" HEIGHT="35" CONTENT="doch" WC="1.00" CC="0000"/>
						<SP ID="P76_SP00140" HPOS="1587" VPOS="3380" WIDTH="19"/>
						<String ID="P76_ST00166" HPOS="1606" VPOS="3347" WIDTH="137" HEIGHT="43" CONTENT="genügt," WC="0.99" CC="0460000"/>
						<SP ID="P76_SP00141" HPOS="1743" VPOS="3390" WIDTH="28"/>
						<String ID="P76_ST00167" HPOS="1771" VPOS="3356" WIDTH="59" HEIGHT="21" CONTENT="um" WC="0.67" CC="60"/>
						<SP ID="P76_SP00142" HPOS="1830" VPOS="3390" WIDTH="19"/>
						<String ID="P76_ST00168" HPOS="1849" VPOS="3344" WIDTH="71" HEIGHT="33" CONTENT="eine" WC="0.97" CC="5450"/>
					</TextLine>
				</TextBlock>
				<ComposedBlock ID="P76_CB00001" HPOS="1017" VPOS="463" WIDTH="2538" HEIGHT="3410" STYLEREFS="TXT_3 PAR_LEFT" TYPE="Illustration">
					<Shape>
						<Polygon POINTS="1017,463 3555,463 3555,3873 2278,3873 2278,3625 2004,3625 2004,2032 1017,2032"/>
					</Shape>
					<GraphicalElement ID="P76_CB00001_SUB" HPOS="1017" VPOS="463" WIDTH="2538" HEIGHT="3410"/>
				</ComposedBlock>
			</PrintSpace>
		</Page>
	</Layout>
</alto>
