3459 4572
1433 3908 185 41 25

1055 1999 285 81 DEM
1406 1996 594 84 DICHTER

1412 2218 100 30 Greift
1536 2228 58 20 nur
1617 2216 105 32 hinein
1747 2216 57 30 in’s
1828 2217 86 29 volle
1931 2216 282 30 Menschenleben!

1364 2271 59 30 Ein
1444 2271 89 39 jeder
1557 2271 99 37 lebt’s,
1681 2269 88 31 nicht
1792 2269 103 30 vielen
1917 2269 64 30 ist’s
2006 2269 146 36 bekannt,

1367 2325 65 29 und
1455 2334 48 20 wo
1527 2323 72 31 ihr’s
1623 2323 105 39 packt,
1754 2322 40 30 da
1816 2321 64 31 ist’s
1903 2321 195 30 interessant.

1844 2382 148 39 Vorspiel
2015 2393 71 20 zum
2110 2383 104 30 Faust.

833 2533 160 56 Doch
1030 2532 147 71 nicht,
1215 2554 107 31 was
1360 2532 68 53 du
1465 2552 104 32 von
1606 2551 181 33 aussen
1823 2527 195 71 packst,

837 2625 67 53 ob
943 2622 116 55 dich
1098 2621 78 55 ein
1213 2621 161 53 Zufall
1411 2618 251 74 glücklich
1699 2618 142 66 leitet,

834 2712 105 54 und
975 2733 150 31 wenn
1164 2710 107 53 du’s
1309 2709 135 54 noch
1480 2730 60 32 so
1577 2706 174 55 scharf
1776 2705 271 70 umzackst,

835 2801 146 54 krönt
1019 2799 115 54 dich
1172 2819 114 33 zum
1323 2797 180 72 Sieger
1540 2796 106 54 und
1682 2794 306 54 entscheidet
2037 2829 13 4 -

835 2968 155 54 Nein:
1031 2968 67 53 ob
1138 2968 108 52 du’s
1282 2965 87 53 mit
1406 2964 101 53 den
1543 2963 235 53 Wurzeln
1815 2960 181 72 greifst,

835 3055 106 55 und
976 3055 96 54 wie
1111 3057 107 50 du’s
1256 3053 211 53 stimmst
1502 3051 104 54 und
1643 3050 93 54 wie
1774 3049 109 55 du’s
1920 3050 130 55 reifst

834 3145 48 54 in
919 3144 146 55 stiller
1102 3143 154 71 Tage
1294 3142 175 53 stillem
1507 3139 247 70 Werden,

837 3234 67 55 ob
943 3233 110 55 du’s
1089 3253 83 32 zur
1210 3234 175 55 Sonne
1423 3229 231 55 aufwärts
1691 3227 160 66 hebst,

835 3344 181 49 empor
1053 3342 90 33 aus
1180 3318 161 55 seines
1380 3318 233 53 Unwerts
1649 3316 193 69 Trübe,

835 3432 181 50 empor
1053 3430 90 34 aus
1180 3407 160 55 seines
1360 3405 281 71 Werktags
1679 3405 182 68 Dunst,

837 3501 67 55 ob
945 3500 106 53 du’s
1089 3497 85 55 mit
1213 3495 198 54 deinem
1447 3493 88 54 Ich
1573 3492 288 53 durchlebst

835 3589 104 54 und
976 3587 88 54 mit
1099 3585 92 54 der
1229 3581 287 56 Sehnsucht
1553 3581 169 53 deiner
1759 3580 175 70 Liebe,

837 3678 122 54 dem
995 3675 319 55 Gottesatem
1348 3670 141 55 freier
1525 3670 176 53 Kunst.
