3393 4572
1350 3934 186 42 35

247 576 131 50 dürftig
389 577 69 37 und
470 577 196 51 einförmig,
678 579 81 35 weil
775 592 30 22 es
818 579 95 36 nicht
927 581 96 34 mehr
1038 593 114 37 genug
1166 595 68 22 von
1250 582 57 35 der
1316 581 99 36 Welt

246 631 158 35 draussen
432 631 182 37 bereichert
636 632 132 36 wurde.
802 633 65 35 Die
890 634 174 48 Dichtung
1087 635 85 35 löste
1197 635 70 35 sich
1292 635 123 36 zuletzt

245 685 37 34 in
301 685 114 35 dünne
427 684 162 43 Gefühle,
597 687 37 33 in
645 687 98 34 einen
750 687 210 35 ätherischen
966 689 126 34 Hauch
1100 701 68 22 von
1177 690 235 47 Stimmungen

246 736 71 36 auf.
343 738 80 35 Und
441 739 87 35 diese
548 739 281 35 verschwebende
844 741 302 49 Stimmungslyrik
1161 742 252 49 gallertartigen

245 793 145 33 Wesens
409 793 63 33 mit
491 793 96 35 ihren
605 792 170 43 weichen,
790 793 235 36 verhallenden
1041 797 131 40 Tönen,
1193 796 95 34 ihren
1304 794 108 36 kaum

245 843 247 50 angedeuteten
508 845 285 50 Empfindungen,
818 846 54 35 die
897 847 71 35 sich
993 848 37 34 in
1048 847 137 36 kleinen
1205 849 116 35 Zwei-
1339 849 72 35 und

244 898 258 49 Dreistrophern
531 898 204 50 erschöpfte,
770 899 121 36 wollte
919 899 47 36 als
992 900 54 35 die
1071 902 109 48 einzig
1205 901 206 49 berechtigte

244 950 123 48 gelten.
406 952 52 34 Sie
484 951 113 36 eiferte
625 965 108 35 gegen
757 953 74 35 eine
855 953 261 48 geistig-ideelle
1140 955 190 49 Dichtung,
1356 956 54 35 die

243 1004 46 34 sie
309 1004 47 35 als
377 1004 368 50 Gedankendichtung,
766 1006 47 35 als
828 1006 283 48 Reflexionslyrik
1127 1008 283 36 anzuschwärzen

242 1066 130 26 wusste
397 1057 71 35 und
492 1057 120 50 betrog
636 1059 72 35 sich
733 1059 106 35 damit
864 1073 60 21 um
950 1060 54 35 die
1027 1060 200 36 Erkenntnis
1255 1063 72 34 und
1351 1062 57 35 das

242 1111 218 35 Verständnis
476 1110 135 36 tiefsten
625 1115 145 32 Wesens
787 1113 238 35 Goethe’scher
1039 1113 117 49 Lyrik.
1189 1116 219 48 Wenigstens

241 1171 66 26 trat
331 1164 73 34 hier
432 1165 55 33 ein
505 1165 242 49 Umschwung
773 1167 66 34 ein.
876 1167 63 34 Ein
963 1167 162 35 reicherer
1144 1169 264 48 Anschauungs-

241 1216 72 35 und
331 1217 350 49 Yorstellungsinhalt
705 1218 106 48 drang
833 1219 37 35 in
893 1219 53 35 die
970 1221 125 42 Poesie,
1120 1221 72 35 und
1217 1235 104 22 wenn
1349 1223 58 35 das

241 1271 130 33 Wesen
409 1270 58 35 der
504 1271 92 34 alten
633 1270 272 49 Subjektivitäts-
944 1273 70 35 und
1054 1273 235 49 Gefühlslyrik
1326 1284 61 26 not-

240 1323 142 48 wendig
411 1324 90 34 nach
532 1325 110 34 einem
670 1324 265 36 musikalischen
958 1326 182 36 Ausdruck
1171 1328 167 49 verlangt,
1368 1342 37 21 so

239 1376 94 35 wird
361 1377 75 34 eine
460 1377 191 35 schauende
676 1378 70 34 und
771 1378 254 36 beobachtende
1051 1379 355 52 Objektivitätspoesie

239 1437 78 26 stets
337 1430 372 49 malerisch-plastische
728 1432 101 35 Sinne
849 1432 222 42 entwickeln,
1090 1442 80 27 statt
1184 1434 57 35 des
1261 1436 145 34 reinsten

239 1483 174 45 Lyrismus
446 1484 96 34 mehr
575 1484 380 48 episch-dramatischen
984 1486 184 36 Charakter
1201 1489 203 35 annehmen.

239 1536 63 33 Die
323 1536 164 35 Gedichte
506 1538 161 34 wachsen
686 1538 37 34 in
743 1537 57 35 der
819 1539 105 35 Breite
944 1539 70 35 und
1032 1539 37 35 in
1090 1539 55 36 der
1165 1543 112 46 Länge
1297 1555 53 22 an.

343 1748 98 33 Diese
462 1748 286 48 Grossstadtlyrik
773 1750 92 35 hatte
886 1751 35 34 in
939 1751 89 34 ihrer
1047 1752 225 36 ästhetischen
1290 1755 114 34 Natur

236 1800 158 35 manches
415 1802 207 46 gemeinsam
641 1802 63 34 mit
723 1802 78 35 dem
819 1806 137 32 Roman
976 1804 70 35 und
1065 1808 127 32 Drama
1211 1806 54 35 des
1286 1806 99 47 objek-

236 1853 91 34 tiven
346 1853 266 41 Naturalismus,
632 1854 77 35 aber
728 1856 47 34 sie
795 1856 173 35 bewahrte
988 1858 72 34 sich
1075 1858 46 35 als
1137 1858 104 47 Lyrik
1255 1859 148 35 stärkere

235 1905 187 48 subjektive
441 1906 183 37 Elemente.
662 1908 80 35 Und
763 1917 85 26 trotz
867 1909 82 35 aller
963 1909 260 37 Elendsmalerei
1242 1912 95 35 zielte
1356 1914 47 33 sie

234 1972 70 21 von
334 1960 205 34 vornherein
571 1959 67 36 auf
662 1962 75 34 eine
763 1961 283 50 Ueberwindung
1078 1964 57 35 der
1162 1965 241 48 graudüsteren

235 2014 124 46 Angst-
378 2013 73 33 und
470 2013 536 50 Entsetzlichkeitsstimmungen,
1032 2016 56 35 des
1109 2018 292 36 naturalistischen

234 2064 189 43 Kranken-,
451 2065 223 36 Verbrecher-
698 2067 72 35 und
794 2070 443 46 Hungerer-Pessimismus,
1270 2073 35 33 in
1325 2072 77 35 dem

234 2118 53 34 die
307 2131 113 35 grosse
438 2119 362 50 Weltschmerzpoesie
827 2121 56 34 des
909 2123 235 34 neunzehnten
1160 2125 241 44 Jahrhunderts

234 2170 185 49 ausklingt.
474 2174 40 33 In
546 2173 235 48 pathetischen
809 2177 150 32 Worten
989 2181 130 30 ertönte
1147 2175 147 37 vielfach
1327 2179 74 34 eine

231 2224 314 49 jünglingssichere,
562 2227 470 47 optimistisch-idealistische
1053 2230 254 49 Prophezeiung
1332 2244 69 22 von

232 2277 78 35 dem
331 2276 275 38 Glücks-Reiche
627 2279 56 35 der
702 2279 170 42 Zukunft,
894 2281 79 34 dem
992 2282 114 35 Lande
1126 2282 58 35 der
1202 2284 199 41 Schönheit,

233 2330 55 35 des
314 2331 154 35 Friedens
502 2332 73 34 und
601 2332 80 35 aller
706 2332 217 49 Seligkeiten.
969 2334 81 35 Und
1077 2335 106 35 dieser
1205 2336 196 36 Idealismus

232 2384 82 48 ging
340 2385 142 34 zumeist
500 2385 105 35 Hand
629 2386 38 34 in
690 2387 104 34 Hand
822 2388 63 33 mit
904 2387 66 34 den
994 2388 118 35 sozial-
1133 2389 72 35 und
1222 2389 162 46 politisch-

232 2436 275 36 revolutionären
533 2439 198 35 Tendenzen
758 2439 59 35 der
842 2444 226 45 Gegenwart,
1095 2442 108 35 sowie
1231 2444 64 33 mit
1324 2444 77 34 dem

234 2489 376 37 Glaubensbekenntnis
630 2491 56 35 des
708 2494 238 34 Comte’schen
959 2494 244 36 Positivismus.
1237 2497 65 33 Die
1321 2510 60 21 vor-

232 2543 181 35 märzliche
432 2545 115 34 Poesie
568 2543 115 37 feierte
704 2546 73 34 eine
791 2559 86 22 neue
891 2546 269 50 Auferstehung,
1180 2548 73 35 und
1267 2562 32 21 es
1316 2551 83 47 ging

234 2597 89 34 auch
341 2597 140 35 diesmal
499 2598 96 34 nicht
615 2599 89 34 ohne
723 2599 207 42 Leitartikel,
949 2601 309 47 Agitationsreden,
1287 2602 94 35 dekla-

233 2649 204 35 matorische
469 2650 146 36 Phrasen
647 2651 70 35 und
750 2654 313 34 verschwommene
1091 2654 308 48 Allgemeinheiten

235 2702 51 41 ab,
314 2703 95 35 nicht
435 2703 91 35 ohne
550 2705 209 35 verzerrende
778 2705 387 50 Partei-Engherzigkeit
1185 2708 68 34 und
1274 2710 126 33 Partei-

234 2755 248 35 Leidenschaft.
512 2760 67 31 Der
594 2757 103 35 Staub
713 2757 56 36 des
782 2761 104 46 Tages
902 2759 153 35 wirbelte
1070 2759 64 36 auf
1148 2761 71 34 und
1234 2761 165 35 verhüllte

236 2808 52 34 die
309 2809 163 47 geistigen
490 2811 222 35 Fernsichten.
750 2811 89 35 Aber
858 2812 53 34 die
930 2812 172 36 blutlosen
1121 2812 277 44 Abstraktionen,

235 2861 54 34 die
307 2861 110 35 leeren
436 2861 154 49 Begriffe,
611 2863 54 35 die
685 2864 107 35 durch
811 2865 71 35 und
901 2865 109 35 durch
1024 2867 191 48 prosaische
1229 2867 169 35 Rhetorik

236 2914 56 35 der
316 2916 180 47 Dichtung
521 2916 57 34 der
602 2917 159 48 vierziger
784 2918 95 45 Jahre
907 2933 118 21 waren
1055 2919 90 35 doch
1173 2933 38 21 so
1240 2929 62 39 gut
1330 2922 69 34 wie

235 2967 248 36 überwunden.
522 2970 64 34 Die
606 2971 193 34 Grossstadt
824 2971 64 49 gab
916 2971 64 35 den
998 2973 234 47 Hintergrund
1260 2973 40 35 ab
1326 2974 72 35 und

234 3018 150 37 forderte
404 3022 63 34 mit
486 3021 57 35 der
561 3022 91 35 Fülle
672 3023 89 35 ihrer
780 3025 120 40 Bilder,
928 3025 174 35 Gestalten
1122 3026 71 34 und
1212 3027 186 48 Ereignisse

234 3074 64 34 den
317 3074 115 35 reinen
446 3075 160 35 Künstler
624 3076 119 35 heraus
764 3078 69 34 und
848 3078 73 34 eine
941 3078 164 35 sinnliche
1119 3079 188 35 Schauens-
1325 3079 73 35 und

234 3126 324 49 Gestaltungskraft;
594 3128 52 35 die
679 3130 94 34 Stadt
808 3131 62 34 mit
902 3131 88 35 allen
1022 3132 96 34 ihren
1150 3131 228 37 Dekorations-

232 3178 218 50 wirkungen,
462 3182 63 33 mit
535 3182 97 34 ihren
643 3183 219 35 malerischen
871 3185 186 34 Ansichten
1067 3184 70 36 und
1147 3185 249 49 Stimmungen,

233 3232 57 35 das
313 3232 112 36 Leben
450 3233 66 36 auf
535 3235 66 35 den
625 3239 159 38 Strassen,
810 3238 36 34 in
871 3237 66 35 den
956 3239 257 34 Wirtshäusern
1236 3239 71 35 und
1331 3239 66 35 den

234 3284 109 43 Cafes,
360 3287 53 34 die
429 3289 177 48 typischen
620 3290 275 48 Erscheinungen
915 3290 57 35 der
986 3291 200 40 Weltstadt,
1206 3305 63 21 vor
1283 3291 113 36 Allem

231 3340 170 34 natürlich
420 3342 54 33 die
492 3342 273 35 Wandlerinnen
785 3343 58 35 der
857 3344 130 39 Nacht,
1012 3343 146 37 wollten
1178 3345 216 47 portraitiert,

231 3392 199 47 geschildert
445 3394 71 35 und
531 3394 215 36 beschrieben
761 3397 149 35 werden.
937 3397 81 35 Und
1033 3396 107 36 kaum
1154 3399 100 33 Einer
1268 3399 43 33 ist
1325 3411 69 23 von

232 3444 64 36 den
323 3449 162 45 jüngeren
511 3448 181 47 Lyrikern,
721 3450 58 34 der
806 3450 96 34 nicht
930 3450 126 34 diesem
1084 3451 94 34 Geist
1202 3451 193 48 Rechnung

231 3507 156 40 getragen
406 3500 103 35 hätte.
542 3504 95 33 Arno
653 3502 92 35 Holz
764 3502 221 36 entwickelte
1003 3504 38 33 in
1055 3504 127 34 seinem
1201 3505 120 40 „Buch
1337 3504 57 35 der

230 3552 99 33 Zeit“
347 3554 73 33 eine
439 3554 108 35 Reihe
565 3568 70 22 von
654 3558 243 46 Programmen
921 3554 56 37 für
1001 3556 54 35 die
1074 3557 316 49 Grossstadtpoesie.

229 3607 43 32 Er
291 3606 42 33 ist
350 3615 98 26 unter
467 3606 65 36 den
544 3610 168 47 Jüngeren
731 3609 57 34 der
803 3608 212 50 glänzendste
1029 3609 285 49 Versequilibrist,
1335 3610 58 35 der

229 3657 240 48 geschickteste
488 3661 71 34 und
579 3662 231 47 gewandteste
830 3662 312 49 Sprachtechniker,
1162 3663 58 35 der
1234 3664 158 35 Künstler

230 3710 56 35 der
301 3711 235 43 Aussenform,
547 3715 68 35 wie
627 3729 32 20 er
674 3714 86 36 denn
771 3715 89 36 auch
874 3716 113 35 seinen
998 3718 164 46 Ausgang
1173 3717 219 35 unmittelbar

1521 595 70 23 von
1611 582 65 35 den
1695 583 184 34 Virtuosen
1898 583 72 35 und
1989 584 235 42 Formalisten,
2250 586 209 35 namentlich
2483 600 68 22 von
2572 588 118 36 Geibel

1521 635 74 35 und
1620 636 177 47 Herwegh
1825 649 207 34 genommen
2060 638 102 35 hatte.
2217 638 62 35 Ein
2309 640 381 47 spöttisch-ironischer

1520 690 76 46 Zug
1615 689 56 47 lag
1690 701 59 22 um
1770 689 114 34 seinen
1904 690 125 42 Mund,
2049 690 72 35 und
2142 704 33 22 er
2193 691 107 36 besass
2321 693 95 34 mehr
2435 694 165 35 Verstand
2619 695 71 35 und

1519 743 108 39 Witz,
1659 741 46 36 als
1736 744 88 33 Herz
1853 743 72 34 und
1951 742 146 43 Gefühl,
2131 744 65 35 viel
2223 746 367 49 Kompositionstalent
2617 748 73 35 und

1518 795 119 47 wenig
1650 795 316 42 Unmittelbarkeit,
1985 795 218 50 übergoldete
2224 798 75 35 aber
2314 798 58 36 das
2387 800 303 36 Halb-Prosaische

1518 848 106 34 seiner
1631 849 139 34 inneren
1777 849 353 48 Anschauungsweise
2137 852 64 33 mit
2210 851 480 49 demglänzendenSchimmer

1518 901 90 35 einer
1627 902 303 49 phantasievollen,
1951 904 224 47 zwingenden
2194 904 227 37 Bildlichkeit.
2466 910 66 32 Das
2553 910 115 47 Gegen-

1516 953 101 36 stück
1636 968 42 21 zu
1697 955 106 35 seiner
1822 955 178 49 Dichtung
2020 955 106 36 schuf
2139 958 80 34 Karl
2238 957 180 43 Henckell,
2444 960 56 35 der
2519 960 169 37 durchaus

1516 1005 297 44 Gefühlsmensch,
1838 1009 234 48 jugendlicher
2090 1012 238 47 Begeisterung
2347 1012 82 42 voll,
2457 1016 80 32 Don
2558 1014 130 41 Carlos,

1516 1061 57 34 der
1591 1062 212 35 Schwärmer
1822 1062 52 36 ist.
1908 1063 61 35 Ein
1987 1076 70 22 von
2072 1063 66 35 den
2152 1066 217 47 Erregungen
2384 1066 56 35 des
2457 1066 231 49 Augenblicks

1514 1114 244 48 hingerissener
1775 1116 253 48 Improvisator,
2045 1116 78 35 dem
2142 1118 71 33 sich
2229 1127 98 26 unter
2347 1118 56 35 der
2418 1120 103 35 Hand
2540 1120 91 35 Alles
2650 1122 37 33 in

1515 1169 100 33 Verse
1634 1176 155 33 umsetzt,
1808 1169 96 34 rasch
1919 1167 112 51 fertig,
2046 1169 202 43 unkritisch,
2268 1183 41 23 zu
2327 1172 112 48 hastig
2453 1174 48 33 im
2516 1172 169 44 Schaffen,

1514 1219 77 37 aber
1610 1221 71 35 voll
1700 1220 262 36 künstlerischer
1975 1223 306 36 Elementaritäten.
2316 1227 43 32 Er
2378 1225 102 48 greift
2493 1228 89 33 nach
2596 1226 89 36 allen

1514 1272 132 37 Stoffen
1664 1274 73 35 und
1756 1274 287 50 Empfindungen,
2060 1290 33 21 er
2107 1275 199 37 deklamiert
2320 1278 69 35 und
2406 1278 195 37 leitartikelt
2616 1282 70 34 wie

1512 1328 189 48 Herwegh,
1726 1336 124 40 spottet
1879 1328 72 35 und
1979 1330 169 35 satirisiert
2175 1331 70 35 wie
2271 1333 163 46 Beranger
2461 1332 71 35 und
2558 1334 125 41 Giusti,

1513 1380 136 36 entrollt
1664 1382 67 34 wie
1746 1382 151 34 Thomas
1917 1383 107 34 Hood
2044 1383 111 35 Bilder
2174 1383 146 36 sozialen
2335 1385 132 41 Elends,
2485 1387 108 34 weint
2612 1388 71 34 und

1512 1432 96 49 klagt
1627 1447 42 22 an
1688 1435 71 34 und
1850 1435 141 35 flüchtet
2010 1436 129 35 wieder
2158 1450 60 22 aus
2238 1437 77 35 dem
2330 1437 144 36 Treiben
2490 1439 57 36 der
2563 1443 100 32 Gross-

1512 1487 99 41 stadt,
1632 1501 59 21 aus
1711 1488 77 34 dem
1808 1491 98 32 Lärm
1926 1489 58 34 der
2002 1489 399 37 sozialdemokratischen
2420 1493 263 50 Versammlung

1510 1541 37 33 in
1563 1540 54 34 die
1627 1543 115 33 Natur
1754 1542 134 41 hinaus,
1899 1555 60 21 um
1975 1543 46 34 sie
2036 1542 112 49 gleich
2161 1544 278 35 schwärmerisch
2454 1559 43 21 an
2511 1547 69 34 sein
2594 1549 87 33 Herz

1510 1606 45 22 zu
1574 1593 152 36 drücken
1745 1595 70 34 und
1834 1595 37 34 in
1889 1595 157 35 weichen
2064 1597 255 48 Erinnerungen
2339 1611 43 21 an
2401 1598 54 35 die
2470 1599 151 35 Geliebte
2640 1613 41 22 zu

1511 1646 205 50 schwelgen.
1762 1649 64 33 Die
1850 1648 456 50 malerisch-genrebildliche
2327 1651 355 51 Objektivitätspoesie

1510 1699 183 36 Henckells
1712 1701 59 35 hat
1790 1701 157 35 manches
1962 1703 127 40 Wirre,
2104 1705 118 39 Harte,
2237 1705 204 41 Prosaische,
2461 1706 201 35 Knittelvers-

1511 1753 105 47 artige
1636 1767 43 21 an
1698 1755 82 41 sich,
1800 1754 72 35 und
1886 1755 244 42 heimatlicher,
2147 1766 183 26 vertrauter
2344 1759 43 33 ist
2403 1771 33 22 er
2450 1759 108 35 sicher
2572 1760 35 34 in
2623 1760 57 35 der

1510 1806 99 34 Welt
1629 1807 55 34 der
1704 1807 123 35 älteren
1840 1807 116 48 Lyrik,
1975 1809 36 34 in
2026 1810 89 34 einer
2130 1809 98 36 Welt
2243 1810 56 36 der
2314 1811 115 35 reinen
2445 1811 148 36 Gefühle
2608 1814 70 34 und

1509 1858 104 36 leisen
1625 1861 390 49 Gemütsbewegungen,
2029 1876 60 22 wo
2105 1877 34 21 er
2153 1864 71 34 sich
2239 1877 84 35 ganz
2339 1864 75 36 dem
2426 1868 129 32 Genuss
2572 1868 86 33 musi-

1510 1910 166 38 kalischer
1701 1913 206 36 Wohllaute
1937 1914 141 49 ergeben
2101 1915 104 37 kann.
2243 1918 113 34 Dieses
2383 1919 145 34 innerste
2547 1922 131 33 Wesen

1510 1966 107 34 seiner
1631 1969 112 32 Kunst
1757 1967 212 35 widerstrebt
1989 1969 76 34 dem
2081 1969 266 42 Naturalismus,
2362 1984 41 21 zu
2424 1971 78 35 dem
2520 1973 60 34 ihn
2601 1973 77 35 aber

1509 2018 101 36 vieles
1643 2020 128 34 wieder
1796 2021 167 41 hinzieht,
1988 2022 71 34 und
2086 2022 78 36 dem
2192 2037 37 21 so
2259 2025 172 40 mancher,
2457 2038 85 34 ganz
2568 2039 108 35 gegen

1508 2072 73 35 sein
1598 2074 160 44 Können,
1779 2072 109 50 Opfer
1906 2074 219 48 dargebracht
2144 2075 69 36 hat.
2252 2079 43 32 So
2311 2079 153 33 Maurice
2484 2091 70 23 von
2568 2082 108 38 Stern,

1509 2125 54 34 ein
1596 2125 331 48 weltbeglückender
1955 2129 153 47 Marquis
2137 2131 94 33 Posa.
2288 2129 58 36 Als
2375 2131 224 42 Schwärmer,
2628 2133 47 34 als

1509 2176 278 37 Gefühlsidealist
1803 2180 88 34 steht
1907 2193 33 21 er
1955 2181 36 33 in
2002 2181 298 36 Verwandtschaft
2319 2184 64 34 mit
2397 2183 180 44 Henckell,
2598 2186 77 34 aber

1508 2243 34 22 er
1566 2232 42 33 ist
1629 2233 151 47 weniger
1805 2233 170 48 impulsiv,
1995 2234 46 34 als
2062 2234 121 42 dieser,
2211 2235 147 36 sondern
2376 2237 297 43 nachdenklicher,

1507 2284 71 35 und
1601 2285 92 47 neigt
1718 2298 58 22 zur
1803 2286 187 41 Reflexion,
2020 2301 57 21 zur
2105 2288 178 48 Allegorik
2308 2289 72 35 und
2403 2289 271 50 Lehrhaftigkeit

1506 2336 72 35 hin.
1608 2338 95 35 Seine
1718 2341 111 32 Kunst
1843 2340 42 33 ist
1898 2338 187 43 kritischer,
2100 2339 162 50 gefeilter,
2278 2342 244 50 zuverlässiger.
2554 2345 53 34 Sie
2624 2359 34 21 er-

1506 2390 107 35 reicht
1632 2391 36 34 in
1686 2390 218 48 glänzenden,
1924 2391 243 38 farbenfrohen
2185 2395 390 50 Naturschilderungen,
2603 2412 70 21 von

1507 2444 110 33 einem
1636 2444 196 48 Malerauge
1852 2447 200 46 angesehen,
2071 2448 73 34 ihre
2163 2449 144 33 reinsten
2335 2449 71 35 und
2426 2449 247 37 vollendetsten

1505 2496 232 49 Wirkungen.
1784 2499 65 34 Die
1867 2499 36 34 in
1929 2512 136 23 unserer
2083 2501 114 34 Poesie
2222 2502 62 33 seit
2302 2501 151 49 längerer
2473 2504 73 34 Zeit
2565 2503 108 36 durch

1507 2550 150 40 Goethe,
1678 2551 109 34 Heine
1806 2551 73 34 und
1902 2551 55 35 die
1984 2553 226 35 Romantiker
2235 2554 337 50 zurückgedrängten
2596 2557 58 35 Ele-

1505 2611 113 26 mente
1644 2602 245 37 Schiller’scher
1912 2604 104 47 Lyrik
2043 2605 125 37 kamen
2197 2607 54 35 bei
2279 2608 65 35 den
2370 2609 303 48 jüngstdeutschen

1505 2657 137 39 Poeten,
1661 2658 70 33 wie
1751 2656 52 35 bei
1822 2660 95 33 Stern
1936 2672 37 21 so
1994 2660 88 33 auch
2101 2660 54 34 bei
2175 2662 85 33 Otto
2276 2663 109 39 Ernst,
2400 2662 127 36 wieder
2547 2663 126 36 stärker

1504 2721 78 22 zum
1607 2709 234 36 Durchbruch.
1880 2711 138 36 Schwer
2041 2713 70 34 und
2139 2713 189 49 zähflüssig,
2348 2714 65 35 fast
2431 2716 101 34 Walt
2550 2717 98 35 Whit-

1505 2762 151 34 mansch
1684 2763 92 34 rinnt
1804 2763 54 35 die
1884 2765 144 48 Sprache
2048 2768 113 33 Bruno
2182 2766 125 36 Willes
2328 2768 72 34 und
2418 2769 68 34 wie
2506 2771 69 33 sein
2590 2773 81 33 Vers

1504 2815 88 34 nach
1606 2816 102 33 Atem
1727 2829 38 21 so
1782 2817 90 48 ringt
1888 2817 52 35 bei
1955 2818 73 35 ihm
2043 2818 57 36 das
2116 2818 162 38 Gefühls-
2297 2822 63 33 mit
2375 2821 77 35 dem
2467 2822 183 36 Gedanken-

1504 2867 108 42 leben,
1633 2867 57 35 der
1709 2869 234 36 Volksfreund
1962 2872 63 33 mit
2044 2872 78 35 dem
2142 2872 215 37 Volksfeind.

1583 2921 57 35 Bei
1670 2921 88 35 allen
1786 2923 111 34 diesen
1922 2927 137 37 Poeten,
2088 2928 140 33 zumeist
2257 2927 55 34 des
2337 2928 318 37 sozialistisch-revo-

1503 2973 193 36 lutionären
1724 2978 119 45 Lagers
1869 2977 92 48 giebt
1995 2978 57 35 das
2082 2978 147 42 Gefühl,
2258 2980 56 35 das
2342 2981 158 42 Mitleid,
2529 2982 53 34 die
2610 2985 42 33 Be-

1503 3027 192 48 geisterung
1714 3027 63 36 den
1794 3030 198 49 Ausschlag.
2034 3032 102 35 Auch
2154 3033 88 44 John
2256 3035 119 46 Henry
2390 3034 151 48 Mackay
2561 3037 41 34 ist
2617 3038 54 33 ein

1502 3079 139 36 Dichter
1661 3081 55 35 des
1736 3082 163 36 Mitleids.
1938 3084 89 35 Aber
2046 3098 33 21 er
2097 3086 101 35 will’s
2219 3086 95 35 nicht
2334 3090 108 33 Wort
2462 3088 121 36 haben.
2628 3093 43 32 Er

1503 3132 116 36 besitzt
1647 3135 72 33 eine
1747 3135 79 35 tiefe
1855 3136 126 42 Scheu,
2015 3139 89 34 seine
2139 3138 149 37 Gefühle
2322 3139 263 38 blosszustellen.
2627 3145 44 32 Er

1503 3196 161 39 wappnet
1689 3188 72 34 sich
1785 3202 108 35 gegen
1921 3191 59 41 sie,
2010 3204 33 22 er
2069 3192 99 34 sucht
2193 3194 46 33 sie
2259 3206 40 21 zu
2328 3194 203 36 verstecken.
2574 3197 95 33 Seine

1503 3240 114 34 Poesie
1627 3240 59 34 hat
1697 3241 108 35 nichts
1817 3244 199 35 Lärmendes
2028 3245 69 35 und
2109 3244 289 39 Leichtfassliches
2411 3261 42 22 an
2464 3249 82 41 sich,
2559 3250 110 34 nichts

1502 3305 69 21 von
1595 3292 65 36 den
1685 3293 198 49 bequemen,
1907 3297 111 47 jedem
2041 3300 268 35 verständlichen
2328 3302 341 47 Zeitungsgedanken

1500 3345 74 35 und
1594 3347 325 49 Zeitungsgefühlen
1935 3350 55 35 des
2005 3353 116 46 Tages.
2151 3353 52 34 Sie
2221 3352 81 36 hebt
2316 3354 72 35 sich
2408 3356 82 34 weit
2510 3356 81 34 über
2610 3356 57 34 das

1500 3398 181 36 Politische
1697 3414 117 37 empor
1832 3403 73 34 und
1928 3402 84 37 fasst
2032 3404 53 35 die
2104 3406 147 35 sozialen
2270 3406 173 36 Probleme
2464 3408 56 35 der
2539 3410 74 33 Zeit
2631 3410 37 34 in

1500 3451 109 36 ihrem
1627 3453 313 50 Ewigkeitsgehalt.
1974 3458 64 33 Die
2050 3458 232 36 Melancholie
2298 3460 56 35 der
2368 3461 209 35 Einsamkeit
2592 3476 51 21 um-

1500 3505 141 35 schattet
1661 3507 97 35 einen
1785 3509 301 49 philosophischen
2105 3513 106 41 Geist,
2232 3513 58 35 der
2318 3514 163 47 grübelnd
2509 3514 81 35 über
2610 3515 57 35 der

1499 3558 169 49 Erlösung
1682 3559 58 36 der
1754 3563 215 35 Menschheit
1988 3578 69 21 von
2072 3564 109 36 ihrem
2196 3567 121 34 Wahn
2336 3567 72 35 und
2421 3567 107 36 Elend
2544 3568 120 38 brütet.

1498 3612 97 34 Seine
1615 3615 109 33 Kunst
1752 3615 186 36 erschliesst
1965 3618 73 34 sich
2065 3618 96 35 nicht
2188 3618 104 36 leicht
2320 3620 72 35 und
2421 3620 75 36 will
2525 3622 142 47 gesucht

1498 3664 148 38 werden.
1666 3667 82 35 Eine
1759 3668 179 37 Blutwelle
1950 3670 55 35 des
2016 3671 138 36 inneren
2166 3673 255 35 Enthusiasmus
2434 3673 232 36 durchströmt

1497 3719 58 40 sie,
1575 3718 76 36 aber
1671 3719 52 35 die
1742 3722 146 35 Meisten
1912 3725 174 34 verstehen
2112 3738 66 21 nur
2203 3726 65 35 den
2293 3730 155 31 äusseren
2467 3728 180 34 Enthusias-
