3738 4572
2127 3902 187 45 70

1017 564 91 36 wird
1127 564 57 35 der
1210 563 248 37 französischen
1474 565 182 34 Litteratur
1675 564 54 34 des
1751 563 234 48 ausgehenden
2011 576 55 32 19.
2085 562 76 45 Jahr-

1017 617 160 36 hunderts
1193 618 86 35 diese
1287 619 234 46 Bezeichnung
1535 616 56 35 für
1602 616 63 35 alle
1674 616 164 48 Folgezeit
1854 614 162 36 anhaften
2035 614 144 37 bleiben.

1018 673 100 32 Denn
1132 671 105 34 schon
1249 672 42 33 ist
1301 671 195 34 Decadence
1511 671 51 34 ein
1580 669 195 34 litterarisch
1785 668 252 35 konstituierter
2043 665 135 50 Begriff.

1017 724 97 34 Paul
1136 726 198 46 Bourget,
1355 724 56 34 der
1430 722 365 46 romancier-analyste,
1816 722 60 34 hat
1895 721 161 34 inseinen
2072 721 107 33 Essais

1018 776 40 35 de
1080 776 222 49 psychologie
1327 777 72 34 eine
1422 775 182 35 förmliche
1628 774 144 34 Theorie
1799 774 56 34 der
1879 773 195 34 Decadence
2100 771 59 36 auf-

1016 829 131 48 gestellt
1175 830 69 34 und
1270 828 92 48 giebt
1390 828 47 35 als
1472 826 290 37 charakteristisch
1794 825 57 36 für
1879 826 56 34 das
1963 828 130 32 Wesen
2120 825 56 35 des

1016 882 186 35 modernen
1241 882 172 34 Decadent
1457 880 159 49 folgende
1653 880 71 34 drei
1765 879 222 47 Grundzüge:
2030 877 146 48 analyse,

1015 936 217 46 mysticisme,
1253 934 208 47 libertinage.

1098 988 141 34 Danach
1262 988 42 33 ist
1329 987 57 34 der
1411 985 162 36 moderne
1592 983 236 36 Schriftsteller
1856 983 72 35 und
1954 984 141 34 Dichter
2116 997 62 21 vor

1015 1040 113 35 Allem
1153 1038 218 48 Analytiker,
1404 1039 31 35 d.
1456 1040 34 34 h.
1524 1051 34 21 er
1588 1039 94 47 neigt
1715 1050 41 21 zu
1782 1037 227 47 Psychologie
2036 1037 73 34 und
2136 1050 41 21 zu

1015 1092 218 36 raffiniertem
1248 1092 157 35 Studium
1421 1092 71 34 und
1507 1091 121 35 ebenso
1646 1088 199 37 raffinierter
1853 1089 223 48 Schilderung
2089 1091 88 33 auch

1016 1146 56 34 der
1100 1145 304 49 kompliziertesten
1430 1147 153 32 Nerven-
1610 1143 71 35 und
1706 1143 359 47 Seelenstimmungen.
2112 1143 64 34 Die

1013 1198 182 41 Methode,
1221 1198 54 34 die
1293 1200 148 45 Bourget
1460 1197 98 35 selbst
1576 1197 36 34 in
1631 1197 114 34 seinen
1762 1199 183 31 Romanen
1958 1195 128 35 hierbei
2104 1197 54 33 ein-

1013 1251 141 48 schlägt,
1173 1251 43 34 ist
1231 1250 52 35 die
1299 1251 54 34 des
1369 1250 72 35 ihm
1455 1263 38 21 so
1509 1260 116 24 teuren
1640 1248 326 41 „dedoublement“,
1983 1249 57 34 der
2053 1252 123 37 Kunst,

1013 1305 71 34 sich
1100 1303 98 35 selbst
1207 1303 172 35 handelnd
1389 1303 70 35 und
1474 1301 142 36 fühlend
1632 1315 40 21 zu
1684 1301 226 36 beobachten:
1923 1301 142 46 J’aimea
2076 1303 101 33 sentir

1013 1357 118 42 sentir,
1158 1364 73 40 sagt
1251 1356 129 34 Claude
1399 1356 143 35 Larcher
1566 1356 35 34 in
1626 1355 57 35 der
1701 1354 250 48 „Psychologie
1970 1355 41 34 de
2029 1354 147 36 l’amour

1012 1409 197 40 moderne,“
1229 1408 70 36 und
1315 1409 56 34 der
1388 1408 65 35 alte
1468 1411 181 32 Goncourt
1663 1408 59 34 hat
1736 1408 123 34 soeben
1875 1408 53 34 die
1942 1407 156 35 Zukunft
2119 1408 55 34 des

1012 1465 151 32 Romans
1183 1462 46 34 als
1249 1463 37 34 in
1305 1461 104 35 dieser
1427 1461 307 49 psychologischen
1748 1461 176 48 Richtung
1942 1460 132 49 liegend
2094 1475 60 35 pro-

1010 1516 138 48 phezeit.

1089 1571 69 31 Der
1181 1568 249 47 „libertinage“
1449 1567 60 35 hat
1547 1567 56 35 der
1635 1567 187 34 modernen
1846 1568 182 34 Litteratur
2060 1568 113 34 seinen

1011 1620 146 49 Stempel
1176 1619 224 50 aufgedrückt
1419 1618 162 42 insofern,
1603 1620 46 35 als
1671 1633 33 21 er
1722 1633 68 22 von
1809 1620 187 35 Menschen
2016 1622 158 47 gemacht

1011 1674 97 41 wird,
1131 1674 63 41 die,
1213 1687 69 22 von
1302 1673 76 35 dem
1394 1672 241 36 aufreibenden
1653 1673 72 34 und
1737 1672 314 36 ausschweifenden
2061 1673 113 35 Leben

1011 1727 57 34 der
1087 1726 191 35 Grossstadt
1305 1724 187 51 erschöpft,
1520 1727 63 34 mit
1609 1732 157 29 nervöser
1783 1726 143 35 Unruhe
1945 1726 89 35 nach
2053 1727 120 34 immer

1010 1792 110 22 neuen
1130 1779 70 35 und
1211 1780 118 34 immer
1340 1788 293 39 extravaganteren
1641 1780 236 47 Anreizungen
1889 1777 56 36 für
1955 1780 70 33 ihre
2037 1778 119 36 blasier-

1009 1841 56 26 ten
1080 1834 136 33 Nerven
1235 1832 138 37 suchen.
1402 1833 113 34 Daher
1533 1832 104 35 dieser
1652 1831 262 36 überraffinierte
1929 1832 243 35 Sensualismus

1011 1885 71 34 und
1101 1885 53 35 die
1182 1884 175 37 seltsamen
1378 1886 225 47 Verirrungen
1623 1885 57 35 der
1698 1886 177 34 Phantasie
1900 1886 37 33 in
1956 1885 109 36 vielen
2084 1886 89 35 ihrer

1009 1937 267 36 Produktionen.

1089 1991 103 34 Hand
1217 1992 36 33 in
1272 1990 102 36 Hand
1398 1991 136 35 hiermit
1561 1991 80 48 geht
1661 1990 56 36 der
1735 1994 104 46 Hang
1858 2004 78 22 zum
1956 1992 195 35 Geheimnis-

1009 2043 131 43 vollen,
1160 2044 345 41 Transcendentalen,
1525 2043 246 42 Unfassbaren,
1791 2045 230 46 Mystischen,
2042 2044 58 35 der
2119 2044 52 35 oft

1009 2096 54 35 die
1082 2096 287 36 wunderlichsten
1389 2097 245 48 Gestaltungen
1654 2098 180 42 annimmt,
1858 2098 73 34 und
1950 2098 144 34 manche
2114 2111 40 34 ge-

1008 2149 78 35 rade
1112 2149 57 35 der
1193 2150 216 35 modernsten
1429 2151 130 34 Geister
1576 2152 69 33 wie
1665 2150 166 42 Verlaine,
1860 2150 133 35 Villiers
2020 2150 41 35 de
2086 2150 85 35 ITsle

1009 2203 123 42 Adam,
1143 2206 94 31 Leon
1247 2203 87 47 Bloy
1347 2204 36 34 in
1399 2203 64 35 den
1479 2204 118 34 Schoss
1614 2203 56 35 der
1681 2204 123 34 Kirche
1818 2203 267 48 zurückgeführt
2100 2204 70 37 hat.

1087 2257 99 34 Diese
1211 2257 69 34 drei
1299 2257 260 48 Bourget’schen
1578 2259 181 32 Momente
1781 2257 74 34 sind
1876 2257 122 47 jedoch
2016 2270 66 21 nur
2103 2258 54 33 ein-

1007 2308 91 36 zelne
1130 2309 269 35 hervortretende
1428 2309 281 35 Besonderheiten
1741 2310 72 34 und
1842 2309 209 50 keineswegs
2084 2310 89 35 allen

1007 2364 190 33 Vertretern
1216 2363 57 34 der
1288 2363 196 34 Decadence
1500 2363 111 47 gleich
1625 2364 216 47 gemeinsam.
1871 2365 149 46 Bourget
2034 2364 59 34 hat
2108 2363 65 35 den

1009 2414 113 36 Fehler
1136 2415 57 35 der
1202 2415 233 49 Einseitigkeit
1450 2415 185 49 begangen,
1648 2417 90 34 seine
1747 2417 145 34 Theorie
1907 2416 162 48 lediglich
2084 2417 89 34 nach

1007 2468 71 34 sich
1092 2467 100 36 selbst
1206 2469 71 34 und
1292 2469 136 35 Charles
1443 2469 195 35 Baudelaire
1654 2468 193 49 aufgestellt
1865 2469 72 35 und
1957 2469 53 35 die
2029 2469 144 48 übrigen

1008 2521 97 35 dabei
1124 2522 151 48 weniger
1294 2523 47 33 im
1360 2524 100 46 Auge
1479 2522 134 49 gehabt.

1087 2577 99 31 Denn
1210 2588 71 22 was
1307 2575 52 35 die
1378 2575 192 35 Modernen
1595 2588 60 22 vor
1681 2575 101 35 allem
1809 2574 266 36 charakterisiert
2100 2575 71 35 und

1007 2640 133 22 wovon
1163 2630 147 46 Bourget
1337 2629 96 34 nicht
1456 2628 136 48 spricht,
1618 2629 42 33 ist
1686 2629 55 33 ein
1759 2631 104 45 Hang
1887 2641 58 21 zur
1962 2628 148 34 Einkehr
2135 2629 37 34 in

1008 2679 71 35 sich
1108 2679 117 43 selbst,
1253 2682 54 33 ein
1331 2681 202 35 Abwenden
1558 2695 69 21 von
1653 2681 57 35 der
1729 2681 229 42 Aussenwelt,
1985 2680 65 36 auf
2072 2681 100 35 deren

1007 2732 199 48 Eroberung
1220 2733 57 35 der
1291 2734 251 35 Naturalismus
1559 2735 154 47 ausging,
1735 2735 130 35 sodann
1884 2735 56 34 ein
1957 2733 213 37 verfeinertes

1007 2784 246 50 Naturgefühl,
1270 2787 124 47 jedoch
1407 2788 153 47 weniger
1581 2789 53 33 ein
1651 2789 195 33 Betrachten
1862 2787 57 35 der
1931 2789 114 33 Natur
2060 2787 111 41 selbst,

1009 2838 46 34 als
1076 2839 163 35 vielmehr
1258 2840 57 34 der
1329 2841 247 47 Stimmungen,
1592 2841 53 34 die
1664 2841 47 34 sie
1729 2841 35 34 in
1785 2841 57 35 der
1856 2841 89 35 Seele
1965 2839 204 42 hervorruft,

1007 2891 72 35 und
1106 2892 136 34 endlich
1267 2893 73 34 eine
1365 2894 141 47 gewisse
1525 2897 202 45 Ermattung
1751 2894 69 35 und
1842 2894 246 49 Abspannung,
2116 2895 55 33 ein

1008 2944 137 35 Streben
1167 2945 89 34 nach
1275 2945 110 42 Ruhe,
1405 2945 119 36 Flucht
1549 2960 60 22 vor
1629 2946 100 36 allem
1748 2950 141 39 Lauten,
1910 2946 258 43 Declamierten,

1007 3010 62 21 vor
1089 2996 99 35 allem
1206 2998 134 41 Pathos,
1362 2999 70 34 und
1453 2999 73 34 eine
1544 3001 166 47 Neigung
1729 3013 41 21 zu
1789 2999 106 36 feiner
1912 3001 137 33 intimer
2068 3001 83 33 Stim-

1007 3050 268 47 mungsmaierei.

1086 3105 92 32 Vom
1206 3104 70 33 rein
1305 3102 268 37 künstlerischen
1601 3105 214 49 Standpunkt
1844 3119 58 21 aus
1930 3106 42 34 ist
2001 3106 35 33 in
2063 3105 105 35 dieser

1007 3154 214 36 modernsten
1249 3156 181 35 Litteratur
1456 3157 188 49 unleugbar
1674 3159 53 34 ein
1751 3159 198 35 Fortschritt
1976 3158 192 48 gegenüber

1009 3207 57 35 der
1080 3221 232 34 vergangenen
1326 3210 135 47 Epoche
1477 3210 54 35 des
1546 3212 252 34 Naturalismus
1813 3226 41 20 zu
1869 3211 179 36 erkennen.
2081 3212 86 34 Zola

1007 3261 88 47 zeigt
1117 3274 64 21 nur
1200 3261 53 34 die
1279 3262 276 49 physiologische
1574 3265 86 34 Seite
1681 3264 54 35 des
1754 3266 198 34 Menschen.
1999 3267 59 32 Les
2079 3263 87 36 nerfs

1008 3313 93 35 voila
1120 3321 78 26 tout
1216 3313 178 36 Fhomme!
1435 3316 129 35 Welch
1583 3318 54 33 ein
1651 3317 153 36 Abstand
1819 3318 170 35 zwischen
2003 3318 74 35 ihm
2096 3318 71 34 und

1009 3368 158 45 Bourget,
1180 3366 130 35 Villiers
1330 3367 40 34 de
1388 3366 86 36 ITsle
1488 3369 122 41 Adam,
1625 3371 148 34 Anatole
1787 3373 130 40 France,
1935 3373 231 46 Maupassant,

1008 3420 210 45 Huysmans!
1272 3420 57 33 Bei
1355 3420 120 40 ihnen,
1506 3422 133 35 welche
1663 3424 150 34 Feinheit
1842 3424 56 35 der
1924 3424 244 47 Beobachtung

1008 3471 95 35 nicht
1122 3484 63 22 nur
1199 3471 56 35 des
1270 3473 261 41 Nervenlebens,
1547 3475 145 35 sondern
1706 3477 89 34 auch
1809 3476 57 36 der
1881 3476 286 40 Seelenzustände,

1008 3523 35 35 in
1058 3523 97 35 ihren
1167 3525 268 35 nüanciertesten
1449 3527 251 48 Stimmungen!
1715 3529 133 35 welche
1862 3533 111 32 Kunst
1989 3530 56 34 der
2060 3529 90 36 Schil-

1009 3576 129 48 derung
1155 3577 56 35 des
1230 3578 186 34 Menschen
1443 3579 38 34 in
1508 3579 57 35 der
1592 3580 60 35 ihn
1679 3582 236 47 umgebenden
1940 3585 125 38 Natur,
2095 3582 73 35 und

1008 3629 36 34 in
1063 3629 75 35 dem
1152 3629 135 42 Milieu,
1303 3630 108 36 durch
1430 3630 56 36 das
1503 3645 31 21 er
1550 3634 91 47 ewig
1659 3634 72 34 und
1748 3635 48 34 bis
1816 3636 51 34 ins
1882 3635 149 36 Kleinste
2050 3636 118 34 hinein

1007 3681 171 36 bestimmt
1197 3683 102 34 wird!

2366 561 69 34 Mit
2455 560 77 34 dem
2551 564 149 36 Roman,
2726 560 56 35 der
2810 560 64 35 den
2896 560 178 35 breitesten
3093 564 114 33 Raum
3232 562 37 35 in
3294 562 56 37 der
3372 578 50 22 mo-

2288 613 123 34 dernen
2430 611 250 37 französischen
2690 614 176 47 Dichtung
2886 614 191 40 einnimmt,
3096 614 42 34 ist
3158 614 52 35 die
3223 616 102 46 Lyrik
3340 618 107 35 einem

2287 666 156 47 gleichen
2478 665 373 49 Entwicklungsgänge
2888 664 142 50 gefolgt.
3086 666 103 48 Lyrik
3220 667 157 37 bedeutet
3412 671 35 35 in

2286 717 203 36 Frankreich
2513 719 159 48 ungleich
2700 719 96 34 mehr
2824 718 46 35 als
2896 720 37 33 in
2956 719 243 37 Deutschland.
3236 722 63 33 Die
3323 736 104 35 gegen-

2285 772 167 47 wärtigen
2467 773 184 33 Franzosen
2665 772 75 34 sind
2754 771 160 47 lyrischer
2933 771 46 36 als
3000 773 66 34 wir
3085 773 184 47 gestimmt,
3289 776 70 33 und
3375 777 71 34 eine

2286 837 111 35 grosse
2408 823 132 35 Anzahl
2553 828 121 45 junger
2687 824 161 48 lyrischer
2858 824 138 35 Talente
3010 824 177 36 bevölkert
3203 826 54 34 das
3269 828 179 49 Faubourg

2284 879 229 33 Montmartre
2532 877 72 35 und
2623 877 57 35 das
2700 878 164 44 Quartier
2881 878 110 34 Latin.
3047 879 52 33 Sie
3119 879 77 34 aber
3214 880 131 48 neigen,
3366 882 81 35 weit

2285 929 41 35 ab
2346 943 69 23 von
2436 929 99 35 allem
2554 930 266 42 Naturalismus,
2846 943 78 22 zum
2941 931 224 47 Mystischen,
3191 945 78 21 zum
3292 934 136 47 Analyti-

2284 983 119 43 schen;
2418 983 88 35 auch
2521 984 46 34 sie
2581 983 110 35 lieben
2706 996 45 27 es,
2763 984 72 34 sich
2848 983 101 35 selbst
2963 997 40 21 zu
3018 983 202 36 belauschen
3234 986 71 34 und
3321 988 126 34 suchen

2285 1035 54 35 die
2354 1044 160 27 zartesten
2533 1036 71 35 und
2620 1036 218 48 flüchtigsten
2851 1036 349 50 Seelenstimmungen
3219 1038 36 34 in
3269 1042 123 32 Worte
3407 1054 39 21 zu

2283 1087 120 37 fassen.
2423 1090 64 34 Ein
2495 1088 163 49 Abgrund
2670 1097 112 27 trennt
2792 1090 47 34 sie
2848 1103 68 21 von
2927 1089 57 35 der
2993 1091 308 47 vorhergehenden,
3312 1106 136 34 grossen

2284 1141 97 36 Blüte
2399 1141 58 35 der
2472 1141 248 36 französischen
2736 1141 115 48 Lyrik,
2872 1142 65 35 den
2951 1145 120 46 Hugo,
3087 1145 203 42 Lamartine,
3301 1147 144 36 Müsset:

2283 1194 78 35 Alle
2396 1195 92 34 laute
2523 1194 254 42 Leidenschaft,
2821 1195 65 35 alle
2923 1195 250 49 aufdringliche
3210 1197 237 37 Declamation

2284 1248 42 34 ist
2356 1248 103 34 ihnen
2493 1249 238 47 antipathisch.
2787 1251 71 32 Vor
2883 1248 114 35 Allem
3026 1249 53 35 die
3107 1251 205 47 prätentiöse
3331 1253 92 34 Welt-

2284 1301 250 35 schmerz-Pose
2547 1300 219 37 Baudelaire’s
2781 1301 248 43 undMussefs,
3046 1302 54 34 die
3114 1303 54 34 die
3178 1303 98 35 Welt
3291 1317 37 21 so
3348 1304 97 50 lange

2283 1368 38 20 so
2349 1355 196 33 interessant
2573 1353 184 49 gefunden.
2812 1356 100 34 Auch
2940 1355 43 35 ist
3011 1356 54 34 ein
3097 1355 349 48 impressionistischer

2281 1409 76 46 Zug
2376 1406 54 35 bei
2448 1408 106 33 ihnen
2573 1408 94 34 nicht
2686 1421 41 21 zu
2746 1408 201 35 verkennen.
2995 1408 180 35 Zahlreich
3196 1409 74 35 sind
3290 1409 54 35 die
3361 1413 64 32 Poe-

2281 1461 82 41 sien,
2390 1460 54 35 die
2467 1461 110 34 nichts
2602 1461 119 35 weiter
2739 1461 71 35 sein
2829 1461 142 41 wollen,
2998 1461 45 35 als
3072 1461 53 35 die
3144 1462 228 48 Wiedergabe
3391 1465 54 33 des

2281 1512 189 36 Eindrucks
2498 1513 73 35 und
2595 1513 57 35 der
2679 1515 196 47 Stimmung
2900 1515 88 34 eines
3008 1514 220 35 Naturbildes
3257 1516 90 34 ohne
3373 1517 72 47 jede

2281 1566 193 42 Reflexion,
2501 1566 91 35 ohne
2614 1567 97 48 jeden
2731 1561 199 47 Gedanken,
2957 1568 89 34 ohne
3069 1568 109 49 Esprit
3201 1569 50 33 im
3269 1569 101 35 Sinne
3389 1569 57 36 der

2282 1619 91 35 alten
2391 1619 132 35 Schule.

2361 1672 216 50 Ueberhaupt
2595 1672 60 35 hat
2675 1672 53 35 die
2744 1672 154 41 Malerei,
2919 1672 53 36 bei
2988 1673 56 35 der
3058 1674 37 34 in
3109 1672 200 37 Frankreich
3328 1688 37 21 so
3382 1676 64 35 viel

2280 1731 173 42 grösseren
2475 1725 329 49 Wechselwirkung
2827 1725 57 35 der
2909 1728 130 33 Künste
3071 1725 65 36 auf
3154 1728 170 40 einander,
3349 1729 97 34 einen

2281 1778 214 35 erheblichen
2514 1778 144 35 Einfluss
2679 1778 66 35 auf
2759 1779 53 34 die
2831 1780 183 34 Litteratur
3037 1780 71 35 und
3135 1780 52 34 ihr
3206 1781 43 33 ist
3268 1780 177 36 besonders

2281 1832 54 33 ein
2349 1831 58 35 der
2422 1831 185 35 modernen
2618 1831 105 47 Lyrik
2739 1833 130 48 eigenes
2880 1832 152 35 Element
3046 1846 41 21 zu
3103 1832 149 36 danken:
3269 1835 55 34 ein
3338 1834 86 35 wirk-

2279 1884 103 35 liches
2410 1883 235 50 Naturgefühl
2679 1886 37 33 in
2747 1898 136 22 unserm
2911 1885 182 36 deutschen
3123 1887 117 40 Sinne,
3277 1900 43 22 an
3348 1888 98 35 Stelle

2279 1936 125 36 blosser
2422 1938 348 49 Naturanschauung.

2357 1993 40 32 In
2416 1990 58 35 der
2491 1993 125 40 Natur,
2642 1992 67 34 wie
2737 1992 47 34 sie
2802 1990 49 36 bis
2872 1990 105 36 dahin
2996 1992 35 34 in
3052 1991 58 35 der
3128 1991 106 48 Lyrik
3253 1992 192 36 erschienen

2279 2056 84 29 war,
2375 2044 114 35 wehte
2503 2044 93 35 noch
2615 2045 120 34 immer
2750 2044 65 35 viel
2829 2058 69 22 von
2914 2044 56 35 der
2980 2043 185 43 Salonluft,
3176 2045 53 35 die
3245 2059 78 21 man
3337 2046 107 34 schon

2279 2096 57 35 der
2350 2096 208 36 Dichtkunst
2578 2097 57 34 der
2653 2098 137 48 Epoche
2810 2097 55 35 des
2884 2110 138 36 grossen
3036 2097 151 49 Ludwig
3205 2097 240 49 vorgeworfen

2278 2149 103 36 hatte.
2427 2152 88 33 Man
2533 2151 92 34 hatte
2644 2150 55 35 die
2717 2153 116 32 Natur
2852 2163 187 35 sozusagen
3057 2151 121 34 immer
3198 2164 64 21 nur
3290 2164 56 22 aus
3367 2152 77 34 dem

2279 2203 164 41 Zimmer,
2478 2203 122 34 durchs
2629 2206 130 31 Fenster
2786 2204 154 47 gesehen.
2997 2204 53 33 Sie
3078 2217 74 22 war
3179 2204 168 49 gemacht,
3376 2206 69 33 wie

2281 2255 341 42 Landschaftsbilder,
2652 2257 53 34 die
2733 2257 50 34 im
2810 2257 127 34 Atelier
2965 2257 89 34 nach
3082 2257 53 34 ein
3165 2270 80 36 paar
3273 2257 172 35 schnellen

2280 2309 140 35 Studien
2446 2323 57 21 aus
2528 2309 57 35 der
2602 2310 211 47 Erinnerung
2835 2309 127 48 gemalt
2980 2309 155 43 werden;
3163 2310 71 35 und
3260 2324 37 21 so
3324 2311 120 34 wurde

2281 2362 88 34 auch
2382 2363 169 48 späterhin
2566 2363 120 34 immer
2700 2363 63 34 mit
2777 2362 319 48 Allgemeinheiten,
3113 2364 63 33 mit
3186 2362 172 36 Sonnauf-
3373 2364 70 34 und

2280 2419 262 44 -Untergängen,
2563 2416 255 48 plätschernden
2838 2417 143 40 Bächen,
3010 2415 118 36 klaren
3147 2419 95 38 Seen,
3262 2417 163 34 rauschen-

2279 2467 66 35 den
2363 2468 179 41 Wäldern,
2562 2468 130 35 kühlen
2711 2470 137 34 Hainen
2866 2469 188 49 gearbeitet.
3105 2472 142 39 Müsset,
3267 2483 70 21 von
3356 2469 89 35 allen

2279 2519 136 44 älteren,
2431 2520 247 36 französischen
2691 2521 163 48 Lyrikern
2874 2535 62 21 uns
2952 2522 56 35 der
3023 2523 245 34 verwandteste
3283 2523 71 34 und
3370 2536 55 22 ver-

2279 2573 228 42 ständlichste,
2532 2573 79 37 fällt
2638 2588 62 22 uns
2726 2575 152 49 sogleich
2902 2573 66 37 auf
2982 2575 108 35 durch
3109 2575 111 35 diesen
3240 2576 141 48 Mangel
3401 2589 42 21 an

2279 2626 247 49 Naturgefühl,
2552 2629 71 33 sein
2641 2630 87 33 Herz
2747 2629 80 47 geht
2846 2629 56 34 nie
2927 2627 82 36 über
3032 2629 114 34 seinen
3173 2629 138 48 eigenen
3337 2642 106 34 engen

2278 2682 158 33 Rahmen
2458 2681 122 34 hinaus
2608 2681 73 35 und
2707 2681 139 49 spiegelt
2875 2682 70 34 sich
2971 2683 56 33 nie
3055 2683 35 33 in
3124 2681 56 35 der
3205 2681 237 49 umgebenden

2278 2735 125 38 Natur,
2429 2747 71 21 was
2528 2747 61 21 uns
2611 2735 319 48 Goetheerzogenen
2956 2735 64 34 den
3040 2733 173 37 Eindruck
3239 2735 127 40 macht,
3394 2735 45 35 als

2277 2785 91 35 fehle
2392 2786 104 35 dieser
2520 2786 105 48 Lyrik
2651 2787 54 35 die
2730 2787 200 49 eigentliche
2949 2787 101 35 Seele.
3097 2788 101 35 Nach
3224 2787 106 36 dieser
3354 2789 85 33 Seite

2277 2839 61 35 hin
2358 2838 140 36 erkennt
2517 2853 80 21 man
2615 2853 73 23 nun
2708 2841 54 34 die
2782 2841 184 35 modernen
2980 2843 183 33 Franzosen
3182 2842 106 34 kaum
3302 2841 137 35 wieder.

2277 2892 91 35 Alles
2383 2893 287 35 Konventionelle
2684 2893 58 35 der
2756 2893 158 36 früheren
2928 2895 75 33 Zeit
3017 2895 42 33 ist
3074 2893 172 42 verbannt,
3267 2895 45 34 sie
3332 2893 107 35 haben

2277 2944 53 36 die
2341 2945 176 48 Fähigkeit
2531 2945 184 49 gefunden,
2728 2948 54 34 ein
2796 2947 236 35 individuelles
3039 2947 185 35 Naturbild
3239 2961 41 21 zu
3295 2945 146 36 erfassen

2276 2998 73 34 und
2368 3012 31 21 es
2420 3000 37 33 in
2476 3000 91 34 einer
2589 2999 245 36 individuellen
2853 2999 167 48 lyrischen
3039 3001 195 47 Stimmung
3252 3000 168 35 wiederzu-

2277 3051 119 48 geben,
2415 3052 71 35 und
2506 3052 88 35 diese
2612 3052 105 48 Lyrik
2801 3053 46 34 als
2867 3053 115 35 Reflex
2999 3054 136 34 intimer
3154 3053 287 40 Seelenzustände,

2274 3104 133 35 welche
2434 3105 109 35 durch
2571 3106 56 35 das
2651 3106 125 35 Milieu
2803 3106 282 48 hervorgebracht
3112 3106 153 40 werden,
3295 3106 54 34 bei
3376 3119 63 21 uns

2274 3157 110 48 längst
2399 3159 55 34 ein
2469 3159 214 47 Gegenstand
2698 3159 187 49 poetischer
2900 3159 216 47 Darstellung
3211 3160 42 34 ist
3268 3160 36 34 in
3315 3159 105 35 Frank-

2274 3211 92 34 reich
2384 3220 65 25 erst
2469 3212 106 34 durch
2594 3213 53 33 die
2666 3220 118 27 neuste
2803 3211 246 49 Entwicklung
3069 3212 152 48 möglich
3240 3212 198 48 geworden.

2354 3264 59 35 Als
2428 3266 101 33 Vater
2547 3265 71 35 und
2638 3267 277 47 Hauptvertreter
2935 3266 103 34 dieser
3051 3266 176 47 Richtung
3246 3266 89 34 wird
3354 3266 66 33 mei-

2274 3324 87 27 stens
2383 3318 166 35 Charles
2570 3319 244 35 Baudelaire
2834 3318 198 48 angesehen,
3053 3318 125 35 einmal
3194 3318 84 36 weil
3292 3320 148 46 Bourget

2274 3370 90 34 seine
2383 3370 267 37 obenerwähnte
2669 3372 145 35 Theorie
2832 3370 226 49 grösstenteils
3079 3370 65 35 auf
3165 3372 61 34 ihn
3254 3370 185 49 aufgebaut

2274 3423 70 40 hat,
2364 3423 73 34 und
2456 3424 101 40 dann,
2578 3424 83 35 weil
2679 3426 36 33 in
2735 3425 75 35 dem
2829 3426 115 47 Typus
2965 3424 54 35 des
3035 3424 184 41 Decadent,
3239 3424 66 35 den
3323 3427 93 44 Huys-

2274 3488 94 22 mans
2383 3476 36 34 in
2434 3478 124 35 seinem
2573 3480 136 33 Roman
2728 3480 57 40 „A
2799 3477 162 35 rebours“
2981 3476 168 42 schildert,
3165 3478 85 35 viele
3265 3476 156 37 charakte-

2274 3529 150 35 ristische
2451 3532 94 46 Züge
2573 3544 70 21 von
2671 3530 194 35 Baudelaire
2894 3530 151 35 entlehnt
3074 3530 86 40 sind,
3190 3531 115 34 dessen
3333 3540 89 25 extra-

2273 3591 143 38 vagante
2427 3584 219 47 Dichtungen
2658 3584 54 34 ein
2723 3583 206 50 Widerspiel
2939 3584 102 34 seines
3053 3583 123 36 höchst
3191 3584 248 35 excentrischen

2277 3634 200 37 Charakters
2497 3636 73 35 und
2587 3636 127 35 Lebens
2734 3637 84 34 sind.

2353 3688 90 36 Aber
2469 3689 195 35 Baudelaire
2694 3691 96 33 einen
2818 3689 138 35 solchen
2982 3688 89 36 Platz
3100 3690 37 34 in
3166 3689 56 35 der
3241 3690 180 34 Litteratur-
