3724 4572
2132 3891 187 42 66

1091 553 78 33 Dies
1188 553 145 47 geschah
1352 554 60 34 seit
1436 553 75 36 dem
1531 558 143 32 Grossen
1693 555 201 35 Kurfürsten
1910 557 37 33 in
1969 556 205 48 steigendem

1010 607 141 32 Maasse.
1194 609 92 32 Ganz
1299 609 134 46 Europa
1448 607 118 35 wurde
1581 608 37 34 in
1632 607 245 36 Kontribution
1895 617 130 39 gesetzt.
2067 612 107 32 Unter

1011 656 76 36 dem
1111 661 144 32 Grossen
1280 658 199 36 Kurfürsten
1506 660 166 35 herrschte
1696 659 57 35 der
1776 660 231 36 holländische
2030 662 143 34 Einfluss

1010 723 74 28 vor,
1099 711 67 34 wie
1182 710 65 36 dies
1265 710 55 36 der
1334 712 200 48 politischen
1548 712 70 34 und
1628 712 203 36 kulturellen
1840 714 334 48 Vormachtstellung

1012 762 56 35 der
1078 766 197 40 Seestaaten,
1289 766 107 33 sowie
1405 764 64 35 den
1483 765 200 48 politischen
1698 765 68 34 und
1776 766 398 36 verwandtschaftlichen

1011 816 228 48 Beziehungen
1267 816 55 35 der
1349 817 253 35 Hohenzollern
1629 818 184 48 entsprach.
1860 821 66 32 Der
1952 827 81 27 erste
2057 821 116 46 König

1010 882 74 21 war
1110 867 206 37 Eklektiker.
1364 872 50 31 Zu
1442 870 153 35 Holland
1623 879 107 26 traten
1756 870 135 42 Italien,
1926 871 54 35 die
2006 871 147 35 Handels-

1009 922 173 48 emporien
1196 921 55 35 der
1262 924 126 38 Ostsee,
1403 922 53 35 die
1468 922 244 35 süddeutschen
1726 923 229 35 Kulturstädte
1971 924 69 34 und
2049 924 105 35 Frank-

1009 974 101 36 reich.
1148 975 75 33 Sein
1240 973 211 49 Nachfolger
1473 974 137 36 wandte
1634 976 81 40 sich,
1742 976 123 35 soweit
1889 990 33 21 er
1945 978 111 33 seinen
2078 978 96 35 nicht

1009 1027 264 47 gewöhnlichen
1305 1028 183 33 Kunstsinn
1522 1040 40 22 zu
1597 1027 190 48 bethätigen
1820 1037 62 39 gut
1914 1027 97 45 fand,
2047 1030 127 35 wieder

1010 1079 268 35 holländischem
1302 1082 126 32 Wesen
1453 1093 51 27 zu,
1529 1080 163 35 während
1715 1080 166 36 Friedrich
1907 1080 57 37 der
1988 1086 122 32 Grosse
2137 1084 37 34 in

1009 1133 111 34 seinen
1147 1132 149 34 Palästen
1323 1133 67 34 und
1416 1131 349 37 Innendekorationen
1792 1134 219 48 vorwiegend
2039 1134 116 37 franzö-

1009 1185 104 35 sische
1132 1183 184 37 Gedanken
1340 1185 88 35 nach
1447 1185 110 35 Berlin
1581 1186 208 48 verpflanzte,
1814 1188 68 34 wie
1906 1187 67 35 dies
1997 1189 95 34 nicht
2110 1202 64 22 nur

1009 1238 111 34 seinen
1134 1237 229 49 persönlichen
1372 1238 215 48 Neigungen,
1602 1238 143 36 sondern
1760 1241 87 34 auch
1863 1239 56 36 der
1928 1241 246 50 Weltstellung

1010 1289 56 36 der
1084 1289 246 35 französischen
1347 1289 123 36 Kultur
1489 1292 183 48 entsprach.

1090 1345 77 33 Von
1181 1343 73 34 ihm
1269 1342 41 36 ab
1325 1343 40 34 ist
1379 1343 110 35 Berlin
1505 1345 88 33 ohne
1607 1344 159 35 Potsdam
1780 1345 95 35 nicht
1893 1347 96 34 mehr
2002 1347 152 35 verständ-

1009 1395 79 42 lich,
1118 1395 87 35 denn
1228 1396 37 34 in
1290 1395 159 35 Potsdam
1477 1409 106 35 zogen
1610 1410 33 21 er
1670 1397 71 35 und
1767 1398 87 35 seine
1879 1399 214 49 Nachfolger
2120 1401 53 34 die

1008 1447 151 35 fremden
1181 1446 96 36 Ideen
1299 1449 37 34 in
1358 1448 211 37 Reinkultur.
1615 1450 83 35 Hier
1721 1449 118 49 drang,
1866 1451 44 35 als
1935 1453 154 47 England
2115 1467 57 21 am

1008 1500 91 35 Ende
1117 1500 54 35 des
1186 1514 228 35 vergangenen
1425 1501 237 45 Jahrhunderts
1682 1503 52 35 die
1748 1504 124 34 Kultur
1886 1507 149 47 Europas
2055 1519 41 21 zu
2115 1505 38 36 be-

1008 1554 173 34 herrschen
1202 1553 140 48 begann,
1362 1553 56 35 der
1437 1554 167 48 englische
1619 1555 141 36 Einfluss
1779 1557 160 48 siegreich
1955 1572 61 21 vor
2035 1560 64 34 mit
2116 1559 56 35 der

1009 1605 308 37 Ruinenromantik
1340 1606 56 35 der
1419 1606 222 37 Pfaueninsel.
1684 1611 38 32 In
1741 1609 195 49 Babelsberg
1962 1612 63 34 mit
2049 1613 123 34 seinem

1009 1659 190 48 englischen
1221 1658 85 36 Park
1330 1658 68 35 und
1423 1659 76 36 dem
1522 1660 221 36 Landschloss
1771 1663 36 34 in
1830 1663 183 48 englischer
2037 1665 135 35 Gothik

1008 1710 83 37 fand
1114 1711 88 36 diese
1219 1713 103 34 Phase
1346 1712 96 35 ihren
1459 1712 192 37 Abschluss.
1696 1717 67 32 Zur
1788 1715 110 36 selben
1915 1718 73 34 Zeit
2007 1718 93 35 hatte
2119 1717 53 36 die

1007 1764 226 35 romantische
1252 1765 192 49 Stimmung
1467 1768 170 34 verstehen
1659 1768 138 47 gelernt,
1821 1783 72 22 was
1915 1770 115 47 jemals
2055 1771 36 35 in
2115 1771 57 35 der

1007 1817 97 35 Welt
1131 1830 41 22 an
1191 1820 108 33 Kunst
1324 1816 191 49 geschaffen
1537 1833 90 27 war,
1651 1820 72 35 und
1741 1821 167 36 Friedrich
1927 1823 169 35 Wilhelm
2114 1827 56 32 IV.

1009 1870 133 35 machte
1165 1884 58 21 aus
1250 1870 109 35 Berlin
1385 1871 71 34 und
1480 1872 159 35 Potsdam
1666 1874 96 35 einen
1789 1876 185 34 steinernen
1997 1877 94 35 Atlas
2117 1876 56 36 der

1007 1924 308 46 Kunstgeschichte.
1381 1926 185 34 Moscheen
1606 1926 69 35 und
1717 1924 272 40 frühchristliche
2024 1930 149 35 Kirchen

1007 1975 146 49 spiegeln
1171 1976 71 35 sich
1259 1976 37 35 in
1319 1976 64 35 den
1401 1977 210 36 märkischen
1630 1982 97 39 Seen,
1754 1980 276 37 italienisierende
2048 1982 108 36 Palast-

1007 2027 151 36 fassaden
1191 2028 145 36 krönten
1372 2029 54 36 die
1457 2033 117 46 Berge,
1608 2034 268 47 pompejanische
1908 2036 182 34 Häuschen
2122 2049 34 22 er-

1006 2081 108 35 heben
1136 2082 71 34 sich
1226 2083 48 34 im
1293 2083 158 34 Schatten
1470 2083 53 35 des
1543 2084 212 37 märkischen
1773 2086 158 43 Waldes,
1952 2088 221 36 sicilianische

1007 2137 125 33 Gärten
1156 2133 185 50 umfangen
1366 2145 213 27 unvermutet
1602 2138 64 35 den
1684 2139 188 36 Wanderer
1898 2142 118 34 mitten
2042 2142 37 34 in
2091 2156 62 20 nor-

1007 2186 129 36 discher
1158 2187 206 36 Landschaft
1392 2189 70 34 und
1489 2191 160 35 russische
1673 2192 162 49 Kapellen
1858 2199 135 42 grüssen
2014 2208 70 22 von
2110 2194 63 36 den

1005 2239 246 49 Waldhügeln.
1292 2242 116 34 Kaiser
1427 2243 169 35 Wilhelm
1614 2246 25 34 I.
1666 2244 93 36 hatte
1780 2246 36 34 in
1835 2246 195 50 Babelsberg
2049 2248 124 35 seinem

1007 2293 140 48 innigen
1171 2293 233 49 Naturgefühl
1423 2295 181 36 Ausdruck
1628 2297 164 48 gegeben,
1817 2300 124 35 seinem
1959 2300 214 49 Nachfolger

1007 2359 73 22 war
1100 2359 31 21 es
1150 2347 95 35 nicht
1265 2353 175 43 vergönnt,
1461 2349 71 35 sich
1551 2350 35 34 in
1607 2349 56 35 das
1683 2350 403 49 Kulturgeschichtsbuch
2104 2368 70 21 von

1006 2399 159 35 Potsdam
1178 2400 221 48 einzutragen.
1437 2402 115 35 Kaiser
1566 2403 169 35 Wilhelm
1749 2406 41 35 11.
1806 2404 99 36 baute
1919 2405 53 36 die
1981 2410 172 33 Matrosen-

1007 2452 125 34 station
1150 2453 49 34 im
1219 2453 80 35 Stile
1318 2453 56 35 der
1392 2456 257 46 norwegischen
1667 2457 297 36 Holzarchitektur
1983 2473 69 22 um.

1085 2505 113 35 Dieser
1212 2508 87 46 Zug,
1316 2507 230 35 ausländische
1555 2508 129 41 Kräfte,
1701 2510 229 37 ausländische
1940 2512 95 35 Ideen
2051 2514 102 35 heran-

1006 2557 157 35 zuziehen
1178 2558 67 35 und
1266 2559 166 36 dienstbar
1446 2573 41 22 zu
1500 2563 154 40 machen,
1670 2563 42 34 ist
1727 2563 88 35 allen
1835 2565 339 37 ausseritalienischen

1005 2612 136 33 Fürsten
1174 2625 68 21 von
1270 2613 143 48 Spanien
1447 2613 49 35 bis
1525 2615 168 35 Russland
1725 2618 215 46 gemeinsam.
1986 2618 106 36 Selbst
2120 2618 53 37 die

1005 2662 247 37 französischen
1270 2666 134 48 Könige
1431 2667 143 35 machen
1592 2667 97 36 keine
1706 2671 205 35 Ausnahme.
1958 2672 63 35 Die
2040 2675 107 32 Monu-

1005 2716 187 35 mentalität
1211 2717 55 35 der
1280 2718 129 48 Anlage
1428 2732 69 22 von
1510 2721 89 34 Paris
1618 2730 138 26 stammt
1773 2723 95 35 nicht
1887 2737 59 22 aus
1964 2724 56 35 der
2035 2724 119 49 bürger-

1004 2768 113 35 lichen
1139 2770 125 35 Kultur
1291 2771 224 44 Frankreichs,
1545 2774 45 34 sie
1614 2775 45 34 ist
1682 2775 54 34 ein
1759 2775 223 37 italienischer
2008 2778 163 49 Sämling,

1006 2820 56 36 der
1082 2821 62 36 auf
1159 2836 119 22 neuem
1297 2824 114 35 Boden
1437 2839 42 21 zu
1497 2827 185 49 mächtiger
1701 2828 246 50 Entwicklung
1966 2830 207 49 gekommen

1005 2874 53 36 ist.
1099 2877 92 32 Vom
1218 2877 216 35 sechzehnten
1461 2878 49 35 bis
1539 2893 77 21 zum
1645 2881 220 36 achtzehnten
1880 2883 224 45 Jahrhundert
2128 2885 45 34 ist

1006 2926 53 35 die
1085 2927 85 35 Zahl
1194 2928 56 35 der
1273 2930 163 42 Italiener,
1465 2932 241 36 Niederländer
1733 2935 71 34 und
1826 2937 203 41 Deutschen,
2059 2937 53 36 die
2135 2938 37 34 in

1005 2982 110 32 Kunst
1142 2980 72 35 und
1241 2982 163 36 Industrie
1432 2982 55 37 der
1510 2986 125 34 Pariser
1653 2987 245 50 Entwicklung
1924 3003 84 22 neue
2027 2991 146 48 Impulse

1006 3032 162 48 gegeben,
1203 3036 144 47 Legion,
1383 3038 163 34 während
1576 3039 37 34 in
1641 3053 151 22 unserem
1820 3041 231 49 bürgerlichen
2077 3045 77 44 Jahr-

1006 3085 143 36 hundert
1168 3085 53 36 die
1238 3088 199 43 Ausländer,
1458 3089 53 36 die
1528 3092 37 34 in
1584 3093 88 33 Paris
1691 3092 161 43 arbeiten,
1875 3095 96 35 nicht
1991 3095 180 50 bringende

1006 3137 70 35 und
1094 3139 177 48 zeugende,
1291 3142 143 35 sondern
1453 3143 243 50 empfangende
1720 3146 72 34 und
1810 3146 227 38 ausführende
2054 3149 116 36 Kräfte

1006 3203 153 35 gewesen
1178 3192 85 35 sind.

1085 3246 44 32 So
1148 3245 43 33 ist
1209 3245 170 44 Potsdam,
1404 3262 59 21 wo
1484 3248 54 36 die
1556 3251 252 37 Hohenzollern
1834 3252 151 37 schaffen
2002 3253 168 43 konnten,

1007 3295 89 35 ohne
1124 3295 105 37 durch
1256 3299 71 34 eine
1356 3299 229 38 aufstrebende
1612 3304 95 35 Stadt
1734 3306 174 35 behindert
1936 3321 40 21 zu
2004 3309 80 40 sein,
2117 3309 54 34 ein

1007 3349 91 33 noch
1117 3348 140 37 klareres
1273 3352 200 48 Spiegelbild
1492 3354 57 35 der
1564 3356 122 35 Kultur
1705 3358 69 35 und
1794 3359 56 35 der
1864 3361 204 48 Neigungen
2081 3361 87 48 jedes

1007 3400 169 36 einzelnen
1193 3405 194 35 Herrschers
1406 3407 194 46 geworden,
1621 3409 47 34 als
1688 3411 120 35 Berlin.

1086 3453 88 36 Aber
1198 3457 87 33 auch
1308 3457 71 35 hier
1402 3462 89 45 trägt
1512 3460 97 35 selbst
1629 3461 52 36 die
1700 3464 159 35 moderne
1879 3466 212 47 Bürgerstadt
2110 3480 60 22 um

1008 3506 64 34 den
1085 3509 89 32 Kern
1193 3507 54 36 des
1261 3512 227 34 Fürstensitzes
1503 3513 118 35 herum
1637 3514 64 35 den
1714 3517 156 49 Stempel,
1886 3518 65 35 den
1964 3520 46 34 sie
2025 3520 53 34 ihr
2093 3518 57 36 auf-

1007 3558 164 49 gedrückt
1197 3561 120 37 haben.
1364 3565 63 33 Die
1454 3565 198 36 Friedrichs-
1684 3568 70 35 und
1781 3572 287 35 Dorotheenstadt
2095 3573 76 35 sind

1007 3611 190 36 künstliche
1218 3613 154 43 Gebilde,
1397 3615 56 36 das
1477 3617 85 35 lehrt
1585 3620 54 34 ein
1658 3620 95 35 Blick
1778 3622 64 35 auf
1861 3622 52 35 die
1939 3625 232 49 regelmässige

1007 3666 282 48 Strassenanlage,
1320 3668 56 34 das
1400 3683 75 21 war
1493 3684 61 21 vor
1578 3673 85 34 zwei
1684 3674 219 44 Jahrzehnten
1927 3678 93 34 noch
2046 3678 123 36 überall

2281 571 43 22 an
2343 559 64 34 den
2426 558 90 35 alten
2534 559 159 36 Fassaden
2712 574 40 21 zu
2771 560 185 43 erkennen,
2986 562 65 42 die,
3072 576 56 23 aus
3149 563 65 36 den
3232 565 139 36 Mitteln
3389 567 57 36 der

2280 610 223 48 königlichen
2526 612 169 35 Schatulle
2719 612 148 42 bezahlt,
2894 615 68 35 wie
2982 615 387 38 Theaterdekorationen
3394 620 52 35 die

2280 663 161 35 Kahlheit
2481 663 70 35 und
2587 665 237 48 Armseligkeit
2865 666 54 36 des
2961 668 145 40 „Hinter
3143 669 63 35 den
3248 672 174 35 Coulissen
3424 680 22 14 cc

2279 715 191 49 verbargen.

2359 769 81 34 Und
2473 769 69 36 wie
2573 770 34 34 in
2636 771 88 34 Paris
2754 779 62 27 erst
2851 771 53 35 die
2932 772 233 49 Bevölkerung
3201 788 126 23 unseres
3354 778 74 44 Jahr-

2279 821 173 42 hunderts,
2470 824 166 34 vermehrt
2658 823 107 35 durch
2784 825 297 36 Genusssuchende
3109 826 57 35 der
3192 840 127 35 ganzen
3337 830 107 42 Welt,

2281 873 63 35 den
2358 875 213 47 ungeheuren
2585 877 156 33 Rahmen
2754 876 163 36 wirklich
2931 877 152 42 ausfüllt,
3094 880 63 34 mit
3171 880 76 35 dem
3262 880 56 36 der
3332 884 114 47 König

2281 926 55 35 das
2356 927 110 35 Leben
2484 929 101 34 seines
2604 927 110 37 Hofes
2735 930 228 35 umschlossen
2980 931 108 41 hatte,
3112 945 38 22 so
3172 933 59 34 hat
3250 943 62 25 erst
3332 948 114 23 unsere

2280 980 74 34 Zeit
2373 980 53 35 die
2444 981 182 48 grossartig
2644 981 172 49 angelegte
2835 982 83 36 leere
2936 983 200 43 Kleinstadt,
3159 985 53 35 die
3231 987 108 34 Berlin
3356 990 90 33 noch

2280 1041 97 27 unter
2395 1033 167 36 Friedrich
2581 1035 170 35 Wilhelm
2769 1038 56 34 111.
2844 1049 85 29 war,
2949 1038 64 34 mit
3032 1037 77 35 dem
3127 1039 191 48 wogenden
3337 1041 109 35 Leben

2281 1084 53 36 des
2356 1088 212 46 Bürgertums
2588 1086 133 43 erfüllt,
2749 1087 56 37 das
2825 1088 53 36 die
2896 1088 200 38 fürstlichen
3116 1091 144 36 Erbauer
3279 1092 56 35 der
3354 1094 92 35 Stadt

2279 1139 95 35 nicht
2393 1139 110 35 haben
2522 1140 109 35 ahnen
2649 1140 149 37 können.

2358 1350 63 34 Ein
2431 1350 151 35 Element
2596 1351 59 34 hat
2665 1350 111 35 Berlin
2790 1364 69 23 von
2873 1356 28 44 je
2915 1351 140 51 gefehlt,
3068 1353 60 36 das
3143 1355 37 33 in
3192 1355 99 41 Paris,
3302 1355 144 37 London

2279 1403 70 34 und
2373 1404 106 34 Wien
2504 1404 72 35 eine
2600 1404 182 48 gewaltige
2808 1405 99 36 Rolle
2931 1406 115 48 spielte
3070 1406 70 35 und
3166 1408 37 34 in
3226 1410 220 47 grossartigen

2278 1456 251 49 Palastanlagen
2557 1457 111 34 seinen
2691 1456 181 37 Ausdruck
2898 1458 99 36 fand:
3027 1460 54 34 ein
3108 1461 126 34 reicher
3256 1461 187 37 Hochadel.

2358 1511 87 32 Was
2473 1514 92 31 wäre
2588 1510 122 41 Berlin,
2738 1524 101 22 wenn
2869 1525 30 21 es
2928 1512 70 35 sich
3027 1514 60 33 seit
3107 1513 264 46 Jahrhunderten
3399 1515 45 35 als

2278 1561 157 36 deutsche
2449 1562 317 49 Reichshauptstadt
2786 1564 197 35 entwickelt
3001 1566 104 41 hätte,
3125 1580 104 22 wenn
3246 1566 53 36 die
3312 1570 133 34 Fürsten

2278 1615 54 34 des
2352 1615 120 34 Reichs
2491 1616 37 33 in
2547 1615 55 35 der
2621 1616 207 49 Hauptstadt
2846 1630 61 22 um
2927 1617 56 36 das
2999 1619 134 35 Schloss
3153 1619 53 36 des
3226 1620 129 36 Kaisers
3375 1622 70 34 ihre

2277 1667 129 36 Paläste
2425 1669 154 34 errichtet
2597 1669 129 35 hätten!

2357 1722 148 47 Wenige
2522 1721 253 49 Palastanlagen
2797 1723 37 34 in
2853 1722 56 36 der
2927 1723 303 43 Wilhelmstrasse,
3253 1729 78 44 jetzt
3349 1726 98 36 wohl

2276 1773 194 36 sämmtlich
2479 1787 70 23 von
2559 1774 63 35 den
2631 1776 161 34 Familien
2800 1776 88 35 ihrer
2897 1776 145 35 Erbauer
3056 1776 220 50 aufgegeben,
3288 1788 159 27 vertreten

2279 1826 64 36 den
2370 1828 75 48 Typ
2448 1841 48 27 us,
2526 1827 56 35 der
2602 1829 117 41 Wien,
2748 1832 93 31 Rom
2869 1829 70 35 und
2966 1830 146 35 London
3138 1832 92 35 noch
3257 1832 99 35 heute
3384 1832 63 36 den

2278 1893 138 35 grossen
2434 1882 75 46 Zug
2528 1880 293 37 aristokratischen
2840 1882 124 35 Lebens
2983 1883 150 36 verleiht.

2359 1936 66 32 Der
2439 1936 92 32 Fürst
2545 1933 96 36 stand
2654 1935 37 33 in
2700 1935 110 35 Berlin
2824 1949 84 34 ganz
2923 1935 111 36 allein.
3069 1940 42 31 Er
3125 1950 74 22 war
3208 1938 239 45 Jahrhunderte

2278 1985 170 36 hindurch
2467 1987 76 35 Eins
2570 1986 69 36 und
2658 1987 101 36 Alles,
2806 1991 68 32 Der
2893 1990 117 47 wenig
3029 1990 183 47 begüterte,
3232 2004 103 22 wenn
3353 1992 94 35 nicht

2279 2051 90 22 arme
2389 2039 85 35 Adel
2493 2039 55 36 des
2568 2039 127 36 Landes
2714 2041 120 36 wurde
2852 2042 37 34 in
2907 2043 103 34 seiner
3029 2042 103 36 Hand
3151 2043 46 34 als
3218 2043 141 36 Offizier
3378 2044 70 35 und

2279 2094 150 33 Beamter
2447 2105 77 23 zum
2543 2093 121 35 Diener
2683 2093 53 36 des
2757 2096 117 34 Staats.

2359 2303 67 34 Seit
2458 2303 158 47 wenigen
2648 2303 218 45 Jahrzehnten
2989 2304 64 36 alle
3086 2305 245 49 Entwicklung
3366 2308 81 47 geht

2279 2356 95 34 rasch
2461 2356 60 34 hat
2540 2356 71 34 sich
2628 2359 77 44 jetzt
2719 2356 106 36 neben
2842 2358 75 34 ihm
2936 2357 53 35 die
3006 2371 84 22 neue
3103 2359 121 34 Macht
3239 2359 53 35 des
3308 2363 120 45 Bürger-

2279 2416 89 27 tums
2393 2408 155 35 erhoben.
2597 2411 40 33 Es
2661 2410 60 34 hat
2746 2409 53 35 die
2817 2411 140 35 Früchte
2978 2411 336 49 jahrhundertlanger
3333 2414 115 34 Arbeit

2280 2460 54 37 des
2349 2462 251 35 Fürstenhauses
2620 2462 70 35 und
2709 2463 102 35 seiner
2830 2464 294 35 weitschauenden
3142 2464 128 36 Politik
3290 2475 156 38 geerntet.

2359 2517 67 32 Der
2437 2515 115 48 König
2561 2516 42 33 ist
2613 2514 99 36 heute
2721 2516 96 35 nicht
2829 2517 106 40 mehr,
2947 2517 68 35 wie
3025 2531 61 21 vor
3096 2518 108 34 einem
3213 2519 233 44 Jahrhundert,

2279 2566 56 37 der
2354 2568 126 48 einzige
2497 2570 124 46 Träger
2640 2568 56 35 der
2714 2568 135 38 Kultur.

2358 2620 90 35 Aber
2475 2620 58 35 das
2557 2624 197 45 Bürgertum
2778 2623 59 34 hat
2860 2622 92 35 noch
2978 2622 63 35 alle
3060 2623 141 35 Allüren
3223 2624 54 35 des
3303 2627 120 47 Empor-

2278 2672 220 50 kömmlings.
2558 2676 86 33 Man
2677 2674 141 37 braucht
2853 2674 70 36 drei
2957 2677 262 41 Generationen,
3257 2691 60 21 um
3351 2679 96 35 einen

2279 2726 202 36 Gentleman
2499 2740 41 22 zu
2558 2740 170 35 erzeugen,
2748 2737 73 40 sagt
2839 2728 56 35 der
2914 2728 198 49 Engländer.

2357 2780 65 34 Die
2446 2780 205 48 gewaltigen
2670 2782 201 47 Leistungen
2889 2781 124 36 Berlins
3043 2781 64 36 auf
3130 2783 236 41 technischem,
3395 2784 36 35 in-

2278 2831 206 37 dustriellem
2501 2832 72 36 und
2587 2833 356 37 wissenschaftlichem
2959 2834 119 37 Gebiet
3098 2836 155 49 springen
3266 2835 127 36 überall
3411 2838 37 33 in

2279 2885 54 35 die
2356 2887 130 46 Augen.
2529 2885 106 36 Selbst
2658 2887 92 35 Neid
2773 2887 69 35 und
2866 2887 96 36 böser
2985 2888 111 35 Wille
3120 2888 138 37 können
3282 2890 46 35 sie
3352 2890 95 35 nicht

2278 2938 194 37 übersehen.

2358 2992 89 35 Aber
2461 2992 73 35 eine
2547 2991 243 36 Kulturmacht
2807 2994 49 33 im
2870 2994 101 34 Sinne
2990 3007 67 22 von
3072 2995 88 34 Paris
3174 2995 43 34 ist
3230 2994 111 35 Berlin
3354 2996 92 35 noch

2277 3045 96 34 nicht
2384 3045 194 48 geworden.
2608 3046 107 35 Noch
2728 3045 60 36 hat
2802 3060 32 21 es
2849 3045 98 36 keine
2956 3048 180 34 Litteratur
3150 3056 140 39 erzeugt,
3302 3047 53 36 die
3370 3048 76 35 dem

2277 3097 151 36 Ausland
2442 3111 85 22 neue
2542 3099 135 34 Bahnen
2691 3099 178 48 gewiesen,
2881 3101 92 34 noch
2987 3099 81 36 baut
3083 3101 69 34 sich
3168 3102 89 33 seine
3270 3102 92 34 hohe
3377 3100 69 36 und

2276 3151 88 35 seine
2383 3150 195 37 dekorative
2592 3154 110 33 Kunst
2717 3152 199 35 wesentlich
2936 3152 63 36 auf
3009 3156 225 45 Anregungen
3248 3167 69 22 von
3331 3168 116 21 aussen

2277 3203 71 35 und
2362 3217 58 22 aus
2435 3203 159 36 früheren
2607 3205 159 48 Epochen
2782 3204 68 36 auf.
2892 3206 82 34 Eine
2988 3207 230 47 Erscheinung
3232 3207 68 35 wie
3315 3207 131 36 Menzel

2277 3256 87 36 steht
2384 3257 102 35 allein
2504 3258 70 34 und
2592 3259 42 33 ist
2655 3259 88 34 ohne
2762 3257 138 36 tieferen
2918 3259 142 34 Einfluss
3080 3259 182 48 geblieben.

2356 3309 78 36 Alle
2447 3310 204 36 materiellen
2660 3310 308 49 Vorbedingungen
2983 3325 40 21 zu
3037 3325 135 34 grossen
3182 3313 246 35 Kulturleistun-

2276 3375 66 35 gen
2364 3363 75 35 sind
2461 3376 72 22 nun
2552 3364 205 36 vorhanden.
2799 3364 138 35 Talente
2959 3364 92 49 giebt
3070 3379 30 21 es
3119 3366 131 40 immer,
3273 3366 72 35 ihre
3364 3369 62 32 Ent-

2276 3414 181 50 wicklung
2472 3415 75 36 aber
2561 3417 106 47 hängt
2681 3416 40 36 ab
2732 3430 70 23 von
2812 3417 57 35 der
2878 3417 217 49 Umgebung,
3109 3418 36 34 in
3161 3417 56 36 der
3230 3419 46 34 sie
3285 3417 159 37 schaffen.

2357 3469 144 48 Solange
2524 3469 58 35 das
2601 3473 200 45 Bürgertum
2822 3471 73 35 sich
2919 3471 94 35 nicht
3036 3471 37 34 in
3100 3471 64 35 den
3183 3472 105 35 Besitz
3316 3473 129 47 eigener

2276 3521 73 35 und
2372 3521 96 36 tiefer
2487 3523 122 35 Kultur
2633 3522 70 35 und
2727 3522 256 36 künstlerischer
3007 3523 147 49 Bildung
3177 3533 95 33 setzt,
3299 3525 90 35 wird
3413 3539 31 21 es

2277 3574 57 35 das
2354 3574 84 36 Erbe
2463 3574 54 36 des
2536 3578 225 33 Fürstentums
2785 3589 64 21 nur
2872 3577 37 34 in
2934 3577 76 35 dem
3029 3577 209 36 Bruchstück
3258 3577 54 36 des
3333 3580 90 33 Mate-

2276 3627 117 35 riellen
2411 3628 197 36 innehaben.

2357 3683 99 33 Denn
2481 3695 77 21 zum
2572 3682 163 48 Regieren
2757 3682 120 48 gehört
2903 3681 53 36 die
2975 3681 186 50 Fähigkeit,
3187 3683 199 47 Qualitäten
3404 3697 40 22 zu
