3466 4572
1434 3910 190 43 27

1074 1622 156 61 DIE
1284 1621 262 62 FREIE
1602 1618 387 62 BUEHNE

729 1788 132 32 URCH
885 1786 73 33 eine
986 1784 489 48 Oberverwaltungsgerichts“

725 1837 2 50 •
741 1838 247 48 entscheidung
1021 1851 82 22 vom
1139 1851 56 36 14.
1216 1837 98 48 April
1346 1837 42 34 ist
1421 1837 54 34 die

740 1891 148 35 Berliner
925 1891 90 35 Freie
1056 1891 118 34 Bühne
1214 1890 89 35 nach
1347 1889 111 35 sieben-

739 1945 167 47 jährigem
931 1945 124 33 Dasein
1079 1954 99 24 unter
1202 1940 273 38 Polizeiaufsicht

741 1997 132 48 gestellt
902 1997 155 35 worden.
1113 1998 84 34 Wie
1232 1996 88 48 jedes
1350 1993 92 37 offen
1446 2004 15 25 t-

725 2048 1 42 ;
741 2051 87 34 liehe
844 2051 155 39 Theater,
1019 2063 91 21 muss
1133 2051 46 33 sie
1199 2048 114 36 fortan
1333 2049 53 34 die
1407 2062 68 22 von

725 2101 1 37 1
741 2104 51 34 ihr
813 2101 295 37 aufzuführenden
1122 2102 130 35 Werke
1275 2102 57 34 der
1348 2103 129 33 Censur

741 2156 240 36 unterwerfen.
1017 2156 116 34 Damit
1157 2156 90 34 wird
1270 2156 45 33 sie
1339 2154 114 36 zweck-

303 2213 52 35 los
375 2212 70 35 und
466 2211 88 35 steht
582 2225 60 21 vor
666 2211 58 34 der
743 2211 116 46 Frage,
887 2210 173 35 entweder
1087 2209 189 47 einzugehn
1300 2208 81 34 oder
1406 2207 70 34 sich

305 2264 278 36 umzuwandeln.
630 2264 117 34 Durch
773 2264 97 33 einen
889 2261 196 37 Rückblick
1111 2260 65 36 auf
1197 2262 70 34 ihre
1287 2262 171 47 geschicht-

303 2320 88 34 liche
411 2316 249 48 Entwicklung
678 2316 89 36 wird
788 2317 57 33 das
866 2316 226 34 einleuchten.

376 2373 63 33 Die
459 2375 191 43 Anregung
669 2383 40 21 zu
730 2370 89 34 ihrer
838 2369 230 48 Begründung
1093 2369 83 48 ging
1199 2381 69 22 von
1287 2369 89 32 Paris
1405 2380 70 27 aus,

304 2439 59 21 wo
384 2427 88 33 Herr
492 2425 151 34 Antoine
663 2424 64 34 mit
746 2423 127 34 seinem
891 2422 143 35 Theätre
1054 2422 83 35 libre
1162 2423 50 32 ins
1232 2420 111 35 Leben
1369 2429 90 39 getre-

305 2489 57 25 ten
390 2492 74 22 war
489 2478 73 34 und
590 2476 191 49 gegenüber
807 2476 64 34 den
892 2474 296 36 conventioneilen
1209 2474 268 46 Einrichtungen

304 2533 58 34 der
382 2531 157 48 dortigen
555 2531 141 34 Bühnen
715 2539 103 25 etwas
834 2532 128 37 Neues,
978 2531 144 37 Ernstes,
1139 2527 204 48 Lebendiges
1366 2524 109 37 schuf.

303 2588 40 32 In
362 2586 110 34 einem
484 2582 224 37 Kaffeehause
720 2583 125 35 Berlins
865 2596 109 21 sassen
987 2585 139 44 jüngere
1135 2582 323 34 Theaterinteressen-

304 2648 56 26 ten
379 2638 71 35 und
471 2636 192 50 verfolgten
682 2637 36 34 in
737 2637 126 34 Pariser
880 2635 183 46 Journalen
1084 2633 98 49 eifrig
1207 2634 54 34 die
1280 2632 175 35 Wirksam-

304 2691 71 35 keit
398 2692 179 39 Antoines,
598 2690 65 34 den
683 2688 134 50 Kampf
831 2690 56 33 des
907 2692 63 31 Für
988 2688 74 35 und
1073 2688 136 39 Wider,
1230 2690 57 31 der
1306 2699 61 21 um
1387 2686 89 34 seine

305 2745 265 47 Vorstellungen
591 2743 181 35 entbrannt
797 2756 84 22 war.
938 2745 67 31 Der
1024 2741 162 35 Wunsch
1211 2740 85 47 stieg
1315 2738 80 42 auf,
1422 2737 55 36 für

304 2799 112 35 Berlin
435 2811 74 23 was
529 2797 205 35 Aehnliches
759 2810 40 21 zu
819 2793 162 37 schaffen.
1038 2794 166 35 Mancher
1224 2793 104 34 dieser
1346 2794 129 32 Herren

304 2850 169 38 verhoffte
496 2851 67 34 den
590 2850 186 35 deutschen
795 2850 151 34 Antoine
974 2849 37 34 in
1040 2848 72 35 sich
1136 2846 110 36 selbst.
1301 2848 85 32 Man
1413 2843 67 36 rief

304 2906 398 46 Gesinnungsgenossen,
722 2912 99 25 unter
840 2902 109 35 denen
969 2902 89 34 auch
1077 2902 55 33 ich
1153 2900 93 35 mich
1265 2897 135 36 befand.
1437 2900 40 32 In

304 2959 135 47 einigen
453 2972 71 22 von
535 2960 86 32 Otto
633 2956 124 35 Brahm
772 2955 178 48 geleiteten
964 2957 212 44 Beratungen
1195 2951 96 36 reifte
1311 2951 56 35 der
1382 2951 92 35 Plan.

304 3012 102 35 Allen
425 3012 121 34 wurde
568 3010 92 40 klar,
689 3010 72 34 dass
786 3010 75 33 eine
881 3008 144 35 Berliner
1044 3008 90 33 Freie
1154 3006 117 35 Bühne
1296 3004 94 35 nicht
1411 3004 64 34 den

304 3065 107 35 vielen
428 3065 177 47 ständigen
620 3063 167 36 Theatern
804 3061 224 36 Konkurrenz
1044 3060 144 35 machen
1205 3057 108 44 dürfe,
1329 3057 146 35 sondern

304 3119 88 34 diese
406 3119 145 34 Theater
570 3131 40 21 zu
630 3120 162 45 ergänzen
811 3116 98 35 habe.
948 3115 52 34 Sie
1019 3113 98 35 sollte
1138 3114 172 39 eintreten,
1330 3124 60 22 wo
1411 3111 65 33 den

303 3170 342 37 Theaterdirektoren
673 3170 174 35 entweder
871 3169 54 34 die
952 3168 122 34 Macht
1099 3166 82 35 oder
1207 3165 57 35 der
1288 3166 81 33 Mut
1395 3164 80 34 oder

304 3226 54 33 die
377 3228 83 32 Lust
479 3224 104 42 fehlt,
609 3225 54 33 ein
690 3223 201 35 literarisch
910 3220 72 35 und
1006 3219 226 36 künstlerisch
1251 3216 223 36 bedeutendes

305 3277 241 37 Bühnenwerk
567 3275 238 37 aufzuführen.
845 3276 64 35 Die
924 3274 121 35 Macht
1066 3272 56 35 der
1135 3269 340 38 Theaterdirektoren

304 3331 104 35 findet
432 3332 71 34 ihre
524 3334 128 32 Grenze
680 3330 91 35 beim
796 3328 237 51 polizeilichen
1059 3328 145 39 Censor;
1230 3325 58 34 der
1311 3326 82 32 Mut
1419 3323 58 34 der

304 3384 338 35 Theaterdirektoren
663 3384 106 35 findet
793 3384 89 33 seine
902 3384 128 32 Grenze
1054 3379 54 35 bei
1132 3379 58 34 der
1208 3375 268 37 Entrüstbarkeit

305 3438 69 34 und
405 3437 279 50 Zimperlichkeit
713 3434 216 38 öffentlicher
957 3434 212 46 Meinungen
1177 3448 9 28 5
1223 3431 54 35 die
1305 3433 82 31 Lust
1419 3429 58 35 der

304 3490 338 36 Theaterdirektoren
658 3490 106 35 findet
779 3491 72 34 ihre
861 3492 127 33 Grenze
1004 3486 90 35 beim
1109 3498 117 22 sauren
1244 3483 156 37 Gesichte
1420 3482 55 34 des

306 3545 120 47 eignen
444 3546 193 33 Kassierers.

384 3600 106 33 Unter
510 3598 64 35 den
594 3595 211 37 ernsthaften
819 3593 160 41 Stücken,
1000 3593 55 34 die
1075 3590 128 37 damals
1224 3589 107 35 durch
1348 3591 128 32 Censur

304 3650 159 35 verboten
490 3664 139 29 waren,
671 3650 122 35 wurde
826 3662 71 22 von
925 3644 342 51 Theaterpraktikern
1297 3642 178 35 besonders

305 3704 124 48 Fitgers
443 3707 127 32 Drama
585 3707 105 40 „Von
701 3707 120 32 Gottes
833 3701 144 36 Gnaden
982 3707 22 14 cc
1019 3697 156 38 namhaft
1191 3695 167 51 gemacht.
1392 3698 85 32 Man

1583 1783 136 39 meinte,
1735 1781 103 35 dieses
1854 1778 312 38 theaterwirksame
2182 1778 71 35 und
2268 1776 361 50 gesinnungstüchtige
2645 1775 105 36 Stück

1583 1841 147 41 genügte
1750 1834 118 40 schon,
1887 1847 61 22 um
1969 1833 56 34 der
2039 1834 110 33 Freien
2166 1831 127 41 Bühne,
2314 1831 33 36 d.
2362 1832 33 33 h.
2417 1831 89 33 einer
2526 1827 224 37 censurfreien

1583 1889 118 33 Bühne
1720 1888 53 33 ihr
1794 1886 234 36 Daseinsrecht
2047 1899 41 22 zu
2107 1886 143 34 sichern.
2288 1884 81 35 Wir
2392 1883 149 35 nahmen
2566 1882 95 34 nicht
2686 1896 64 21 nur

1584 1941 103 35 dieses
1707 1938 103 37 Stück
1832 1942 35 33 in
1886 1953 99 22 unser
2001 1942 198 45 Programm
2218 1936 71 41 auf,
2311 1937 146 34 sondern
2477 1936 89 35 auch
2585 1935 92 34 noch
2696 1936 53 35 ein

1583 1994 115 35 andres
1715 1993 195 36 verbotenes
1926 1996 137 36 Drama,
2084 1992 113 34 Ibsens
2211 1994 260 45 „Gespenster“.
2509 1992 120 31 Wenn
2644 2002 31 21 es
2691 1989 40 34 da-

1583 2046 84 35 mals
1683 2048 37 33 in
1734 2047 58 34 der
1806 2047 120 34 Macht
1941 2046 56 34 der
2012 2042 340 37 Theaterdirektoren
2368 2043 137 48 gelegen
2521 2042 103 41 hätte,
2639 2042 110 35 Ibsens

1583 2103 249 45 „Gespenster“
1849 2098 239 40 aufzuführen,
2108 2112 37 20 so
2165 2098 117 34 hätten
2296 2095 100 37 wohl
2412 2096 54 34 die
2481 2096 189 46 wenigsten
2685 2095 64 34 den

1583 2156 81 31 Mut
1689 2152 83 35 dazu
1795 2152 141 48 gehabt;
1962 2152 89 34 denn
2076 2150 88 35 diese
2187 2154 249 44 „Gespenster“
2464 2147 196 36 schreckten
2684 2149 65 34 den

1584 2209 124 44 Bürger
1734 2218 58 22 aus
1818 2206 106 33 seiner
1948 2205 116 41 Ruhe;
2091 2204 108 34 durch
2225 2203 54 34 die
2304 2201 248 49 freisinnigsten
2572 2202 159 47 Zeitungs-

1583 2259 120 34 blätter
1716 2259 154 34 rauschte
1886 2259 53 33 ein
1954 2261 342 44 Entrüstungssturm,
2317 2255 58 35 der
2389 2255 77 34 dem
2482 2255 249 48 Censurpolizei-

1583 2312 157 34 beamten
1767 2311 100 35 wohl
1894 2311 154 47 behagen
2077 2310 149 35 mochte.
2270 2310 82 33 Wir
2378 2317 151 26 wussten
2557 2307 68 35 das.
2669 2309 81 33 Wir

1583 2366 118 33 hatten
1712 2368 105 31 Oscar
1827 2364 215 35 Blumenthal
2058 2364 71 34 und
2144 2363 101 34 andre
2256 2364 165 32 Vertreter
2435 2361 57 35 der
2507 2360 242 35 literarischen

1584 2417 307 48 Schamhaftigkeit
1910 2417 148 48 gelesen,
2079 2417 68 34 wie
2167 2417 45 33 sie
2232 2415 82 35 über
2333 2415 66 34 den
2417 2416 135 44 Herzog
2571 2427 72 21 von
2662 2415 66 33 Mei-

1583 2472 138 47 ningen,
1738 2471 63 34 den
1816 2468 445 37 Residenztheaterdirektor
2271 2471 103 32 Anno
2386 2466 170 40 herfielen,
2572 2467 72 33 dass
2660 2467 89 34 diese

1584 2538 110 21 sowas
1722 2522 225 36 aufzuführen
1973 2533 155 37 wagten;
2155 2522 71 34 und
2256 2521 82 35 weil
2365 2521 72 34 sich
2462 2521 35 33 in
2524 2519 78 34 dem
2627 2518 102 36 künst-

1583 2577 121 35 lerisch
1723 2578 145 33 reinsten
1886 2577 71 34 und
1976 2577 181 33 rundesten
2166 2573 130 37 Werke
2316 2575 57 33 der
2389 2573 186 34 modernen
2589 2573 138 34 Bühnen-

1586 2631 166 46 dichtung
1767 2631 54 33 ein
1836 2629 174 49 doppelter
2025 2627 128 37 Zweck
2168 2641 114 21 unsres
2298 2626 268 35 Unternehmens
2583 2625 146 35 sinnbild-

1583 2683 69 35 lich
1661 2683 178 41 darstellte,
1850 2682 118 35 wurde
1979 2691 84 25 trotz
2075 2682 185 40 schweren,
2268 2694 59 21 aus
2338 2688 118 40 gutem
2465 2678 118 36 Grund
2597 2678 152 49 dagegen

1584 2736 174 49 gestellten
1772 2735 180 35 Bedenken
1971 2735 53 35 die
2039 2735 88 34 Freie
2139 2735 116 34 Bühne
2275 2735 63 33 mit
2353 2733 111 34 Ibsens
2477 2735 272 45 „Gespenstern“

1583 2788 155 36 eröffnet.
1777 2789 98 35 Sechs
1888 2789 96 45 Jahre
1999 2792 120 44 später,
2141 2787 45 35 als
2202 2790 248 45 „Gespenster“
2469 2798 69 22 von
2554 2784 57 35 der
2626 2784 123 36 Polizei

1583 2841 63 36 frei
1665 2843 206 48 gesprochen
1891 2855 117 22 waren
2027 2841 69 34 und
2119 2843 108 32 Oscar
2245 2838 217 36 Blumenthal
2488 2839 63 39 sie,
2580 2838 75 34 dem
2675 2839 56 33 Bei-

1584 2896 102 48 spiele
1705 2896 55 34 des
1776 2898 149 44 Herzogs
1946 2907 69 23 von
2030 2894 202 48 Meiningen
2251 2891 155 49 folgend,
2425 2892 37 34 in
2481 2891 126 34 seinem
2628 2892 121 47 eignen

1583 2950 143 34 Theater
1742 2947 178 36 öffentlich
1936 2945 188 42 aufführte,
2139 2945 130 36 konnte
2286 2959 33 21 er
2333 2945 72 35 sich
2420 2944 241 34 schmunzelnd
2676 2944 72 34 und

1583 3002 161 35 witzelnd
1765 3001 113 35 davon
1897 3001 222 47 überzeugen,
2138 3000 73 34 dass
2232 3000 90 34 seine
2342 2996 313 43 „Grossstadtluft“
2674 3011 49 21 we-

1583 3055 143 35 sentlich
1754 3055 123 34 bessere
1897 3052 180 37 Geschäfte
2105 3052 134 35 machte
2263 3052 45 34 als
2330 3055 268 45 „Gespenster“.
2644 3053 105 32 Oscar

1583 3107 230 37 Blumenthals
1834 3108 167 34 Kassierer
2030 3104 150 37 übertraf
2204 3105 103 35 daher
2331 3105 114 34 seinen
2473 3103 159 35 Direktor
2657 3104 92 34 noch

1583 3163 84 34 weit
1686 3163 48 33 im
1752 3160 158 36 Abscheu
1931 3173 107 35 gegen
2057 3159 102 35 dieses
2180 3158 115 35 Stück.
2340 3160 45 32 So
2405 3158 93 34 hätte
2517 3157 211 35 wahrschein-

1583 3215 70 35 lich
1672 3215 106 34 schon
1803 3214 94 43 1889
1922 3213 63 35 den
2000 3211 340 37 Theaterdirektoren
2359 3211 94 34 nicht
2473 3223 65 22 nur
2557 3210 53 34 die
2630 3210 119 34 Macht

1582 3269 72 34 und
1670 3268 57 34 der
1740 3270 92 37 Mut,
1853 3267 146 33 sondern
2014 3266 89 34 auch
2118 3266 53 34 die
2187 3269 81 31 Lust
2284 3263 139 49 gefehlt,
2440 3263 55 35 das
2510 3262 239 37 Meisterwerk

1584 3319 238 37 aufzuführen.
1868 3319 130 35 Mithin
2023 3318 131 35 konnte
2181 3318 53 35 die
2254 3316 421 49 Eröffnungsvorstellung
2702 3315 45 35 als

1584 3372 183 37 dreifaches
1784 3372 153 36 Sinnbild
1953 3373 57 34 der
2024 3373 113 34 Freien
2152 3371 116 35 Bühne
2284 3371 122 48 gelten.
2440 3371 52 33 Sie
2509 3366 160 38 eröffnete
2684 3369 65 34 den

1583 3426 133 50 Kampf
1729 3439 106 35 gegen
1856 3426 68 34 drei
1939 3425 162 35 Flanken;
2122 3438 106 35 gegen
2245 3425 53 34 die
2313 3423 211 49 polizeiliche
2540 3425 187 32 Bevormun-

1584 3481 95 47 dung
1700 3480 55 34 der
1775 3478 244 36 dichterischen
2038 3477 298 49 Zeitproduktion,
2364 3490 106 35 gegen
2491 3476 54 34 die
2564 3476 108 35 Scheu
2695 3476 53 33 des

1584 3532 201 36 Publikums
1825 3546 61 20 vor
1925 3531 260 35 künstlerischer
2218 3530 224 47 Behandlung
2479 3530 167 34 schwerer
2677 3528 71 35 und

1585 3587 128 35 düstrer
1739 3586 175 35 Probleme
1939 3585 55 34 des
2019 3585 185 34 modernen
2224 3584 135 40 Lebens,
2389 3596 107 35 gegen
2520 3582 52 34 die
2598 3582 150 47 niedrige

1585 3639 224 50 Spekulation
1828 3637 65 36 auf
1907 3638 118 35 banale
2044 3635 292 37 Lustbedürfnisse
2357 3636 56 35 der
2432 3638 137 45 Menge.

1664 3694 113 33 Dieses
1804 3690 169 37 dreifache
1992 3691 72 35 Ziel
2089 3704 61 21 vor
2171 3692 139 46 Augen,
2337 3690 82 48 ging
2444 3702 79 21 man
2549 3702 57 21 ans
2625 3687 122 36 Werk.
