3571 4440
1772 242 112 55 288

209 381 94 37 dier.
331 383 257 45 Vieuxtemps
623 380 139 48 spielte
802 383 84 35 sein
913 382 328 40 Viftlin-Concert
1265 385 42 35 in
1335 383 161 46 D-moll,
1541 384 108 36 seine
1679 381 96 39 Airs

207 454 141 37 negres
375 442 48 38 de
450 441 240 38 VArkansas
731 442 81 36 und
853 444 71 35 mit
948 444 64 38 Fr.
1042 445 172 37 Kastner
1241 447 63 35 ein
1331 446 90 34 Duo
1449 446 63 35 für
1539 445 124 35 Piano
1691 444 83 36 und

209 504 159 37 Violine
408 505 96 36 über
542 505 151 35 Motive
734 515 71 26 aus
847 505 173 39 Oberon.
1126 505 238 40 Ausserdem
1390 506 162 36 wurden
1592 507 54 34 im
1676 506 75 37 Cur-

209 566 122 36 hause
360 567 129 47 einige
509 566 348 36 Privat-Concerte
888 567 189 47 gegeben,
1107 567 181 37 darunter
1309 567 82 36 drei
1411 566 362 46 Quartett-Soireen

211 628 66 36 der
306 628 202 37 Gebrüder
541 625 200 47 Müller,
783 626 63 37 die
875 627 83 36 sieb
988 628 135 35 dahier
1150 627 179 37 häuslich
1359 628 316 49 niedergelassen
1703 628 46 35 ha-

209 691 87 38 ben.
325 689 241 38 Interessant
592 700 82 25 war
703 688 62 36 die
793 688 259 49 Mitwirkung
1079 688 68 37 des
1174 688 284 48 jugendlichen
1484 690 290 48 Brüderpaares

209 750 141 38 Willi
376 750 82 37 und
486 750 150 37 Louis
665 750 159 35 Thern
853 759 70 26 aus
943 750 132 45 Pestb,
1103 748 151 37 welche
1273 750 124 37 Duo's
1416 752 62 35 für
1496 752 99 35 zwei
1613 749 161 38 Piano's

209 818 225 43 vortrugen.
484 812 130 37 Schon
642 813 55 34 im
726 811 146 37 letzten
901 811 66 37 der
995 811 392 38 Sinfonie-Concerte
1415 813 67 36 der
1509 814 266 35 verflossenen

211 874 141 37 Saison
379 875 107 36 hatte
515 874 66 36 das
609 874 296 47 Künstlerpaar,
952 872 169 36 welches
1158 873 84 36 sich
1270 874 66 37 bei
1364 875 125 37 dieser
1517 875 259 48 Gelegenheit

209 938 86 36 hier
322 949 89 24 zum
440 941 129 32 ersten
597 936 106 37 Male
732 936 204 46 einführte,
978 948 155 37 grosses
1162 938 200 36 Aufsehen
1394 944 138 43 erregt.
1582 938 90 35 Ihre
1699 938 51 35 Be-

212 999 174 48 deutung
412 999 155 38 besteht
594 999 112 36 nicht
734 998 117 36 allein
881 998 121 45 darin,
1032 998 89 36 dass
1147 999 114 45 jeder
1287 1000 188 37 Einzelne
1504 1002 63 33 ein
1589 1001 186 35 Virtuose

211 1062 72 36 auf
306 1062 87 35 dem
420 1062 126 36 Piano
576 1063 64 43 ist,
669 1061 166 37 sondern
863 1060 299 47 hauptsächlich
1190 1062 40 34 in
1260 1062 87 36 dem
1375 1062 298 38 bezaubernden
1700 1062 51 34 Zu-

209 1123 278 49 sammenspiel
516 1124 145 37 beider.
715 1124 77 35 Die
832 1122 139 37 beiden
1007 1123 154 48 jungen
1189 1124 188 37 Künstler
1405 1125 134 36 stehen
1567 1129 115 31 unter
1709 1124 69 36 der

209 1185 172 47 Leitung
421 1185 106 37 ihres
556 1186 152 46 Vaters,
752 1184 66 36 des
846 1184 223 36 Professors
1105 1185 160 35 Thern
1312 1197 92 24 vom
1434 1185 345 37 Conservatorium

209 1248 43 35 in
279 1247 133 36 Pesth.
459 1248 77 35 Die
564 1247 289 36 Meisterschaft
881 1247 127 35 dieses
1036 1247 167 35 Lehrers
1241 1247 177 36 bewährt
1453 1248 85 35 sich
1568 1248 107 35 nicht
1703 1258 76 24 nur

211 1310 43 35 in
283 1309 67 35 der
377 1309 171 48 Leitung
574 1309 82 36 und
683 1308 251 48 Ausbildung
961 1310 130 35 seiner
1119 1309 144 46 Söhne,
1307 1309 168 36 sondern
1504 1309 101 35 auch
1632 1309 43 34 in
1703 1308 57 35 sei-

211 1383 80 24 nen
320 1371 166 47 eigenen
515 1371 334 47 Compositionen,
891 1371 76 35 wie
996 1369 192 38 ebenfalls
1216 1372 42 34 in
1287 1370 74 36 den
1388 1369 218 37 trefflichen
1634 1370 121 34 Arran-

212 1438 191 43 gements.
1374 1430 134 48 (Südd.
1537 1429 134 50 M.-Z.)

319 1549 184 37 Fräulein
541 1549 184 37 Garthe
767 1561 93 24 vom
886 1548 337 38 hannoverschen
1251 1549 169 36 Theater
1447 1550 51 36 ist
1524 1550 54 35 im
1606 1549 173 37 berliner

215 1612 281 49 Operntheater
534 1611 58 37 als
618 1610 154 38 Fidelio
818 1611 82 36 und
942 1611 58 36 als
1027 1611 247 49 Margarethe
1302 1613 243 47 aufgetreten
1589 1611 81 36 und
1711 1611 68 36 hat

209 1676 89 36 sehr
324 1674 249 37 freundliche
602 1674 223 36 Aufnahme
853 1674 209 48 gefunden.

312 1814 249 47 Ungeachtet
604 1812 68 38 der
710 1815 269 47 ungünstigen
1007 1813 346 38 Zeitverhältnisse
1391 1813 53 36 ist
1484 1813 68 37 der
1579 1815 87 35 Bau
1708 1813 69 37 des

206 1888 129 26 neuen
355 1877 190 36 Theaters
574 1876 42 35 in
644 1876 212 47 Leipzig
882 1876 113 36 nicht
1015 1876 287 36 unterbrochen
1323 1876 172 37 worden.
1523 1877 77 35 Die
1622 1877 130 46 Haupt-

205 1940 105 35 front
337 1940 52 35 ist
414 1938 103 36 nach
546 1937 87 36 dem
660 1936 335 49 Augustusplatze
1021 1937 194 47 gerichtet
1254 1937 84 36 und
1378 1937 123 37 bildet
1543 1937 68 37 der
1652 1948 125 37 ganze

205 2003 86 36 Bau
319 1999 213 51 eigentlich
562 2000 86 35 eine
678 1999 159 47 Gruppe
863 2010 82 25 von
974 1998 82 38 drei
1087 1999 229 46 Gebäuden,
1359 1999 149 37 welche
1550 2011 228 25 zusammen

209 2064 88 35 eine
324 2062 146 36 Fläche
498 2073 78 24 von
605 2057 143 48 51,980
780 2060 260 44 Quadratfuss
1067 2060 217 47 bedecken,
1326 2061 129 36 wobei
1482 2062 93 36 aber
1602 2062 68 35 der
1697 2073 81 25 von

209 2125 89 35 dem
339 2123 307 47 Terrassenbau,
689 2121 75 36 den
807 2121 209 36 Veranden
1056 2133 39 25 u.
1124 2133 32 25 s.
1186 2134 49 26 w.
1287 2123 322 47 eingenommene
1652 2123 125 36 Baum

206 2187 106 37 noch
352 2186 110 36 nicht
501 2184 285 48 mitgerechnet
826 2184 65 37 ist.
946 2183 83 37 Das
1071 2182 146 38 höhere
1257 2183 311 49 Mittelgebäude
1611 2185 52 35 ist
1708 2185 70 37 das

209 2248 238 50 eigentliche
476 2248 181 35 Theater.
712 2246 56 37 Es
795 2245 68 36 hat
891 2243 76 40 160
994 2246 101 35 Fuss
1124 2246 132 36 Breite
1284 2246 81 35 und
1393 2244 77 40 300
1496 2247 101 36 Fuss
1623 2247 156 46 Länge*

206 2313 95 36 Vier
338 2310 228 49 geräumige
595 2307 324 49 Treppenhäuser
959 2306 226 37 vermitteln
1227 2307 74 37 den
1329 2308 183 49 Eingang
1538 2309 42 34 in
1610 2307 62 37 die
1699 2309 52 35 Zu-

207 2375 314 37 schauerräume.
574 2372 83 35 Das
687 2369 251 37 Auditorium
981 2369 124 37 selbst
1143 2372 99 35 fasst
1284 2372 42 34 in
1352 2370 184 49 Parquet,
1581 2372 194 45 Parterre,

205 2435 334 47 Parterre-Logen
569 2432 80 37 und
677 2434 87 35 vier
791 2432 176 49 Rängen,
1011 2444 143 25 wovon
1183 2432 68 37 der
1278 2434 139 34 zweite
1444 2445 75 24 nur
1547 2433 123 38 durch
1696 2431 54 38 Lo-

204 2511 76 36 gen
308 2496 172 50 gebildet
508 2495 109 44 wird,
647 2495 75 35 wie
750 2495 57 35 sie
835 2495 85 35 sich
950 2495 101 36 auch
1079 2495 55 35 im
1163 2500 128 32 ersten
1319 2494 194 48 befinden,
1541 2496 42 35 in
1611 2495 162 37 Summa

206 2558 104 39 2000
338 2560 216 35 Personen.
586 2558 77 35 Die
691 2557 120 36 Form
839 2556 67 36 des
934 2557 380 37 Zuschauerraumes
1341 2559 52 35 ist
1420 2558 61 35 die
1508 2558 42 35 in
1579 2558 67 36 der
1672 2559 78 37 Neu-

206 2625 78 35 zeit
312 2634 62 25 am
403 2622 165 35 meisten
596 2619 201 38 bewährte
827 2621 107 35 eines
962 2619 268 47 Halbkreises,
1271 2622 72 35 mit
1371 2624 277 45 angesetztem,
1691 2622 85 37 sich

205 2686 133 47 wenig
365 2683 324 49 verjüngendem,
733 2682 94 38 aber
867 2683 121 36 tiefen
1030 2683 269 37 Proscenium.
1352 2684 77 35 Die
1458 2684 139 36 Bühne
1639 2684 52 36 ist
1731 2696 44 24 so

209 2749 218 48 geräumig,
471 2746 89 36 dass
599 2745 101 36 auch
742 2755 135 37 grosse
905 2742 275 40 Volksscenen
1208 2744 81 36 und
1316 2744 169 49 Kämpfe
1512 2746 71 34 mit
1611 2746 146 36 zahlrei-

209 2811 116 36 chem
350 2808 212 37 Personale
592 2808 141 36 darauf
756 2808 42 34 in
827 2806 126 37 Scene
981 2810 151 44 gesetzt
1161 2806 157 37 werden
1344 2806 180 46 können;
1568 2808 57 36 sie
1667 2808 112 37 misst

208 2871 106 40 7566
346 2871 272 46 Quadratfuss.
675 2871 77 35 Die
779 2869 336 48 Bühnenöffnung
1154 2869 53 36 ist
1248 2866 48 38 51
1326 2866 102 40 Fuss
1468 2869 101 37 breit
1609 2869 82 37 und
1726 2866 52 41 48

212 2935 103 36 Fuss
342 2933 115 37 hoch.
512 2933 81 35 Der
621 2931 279 36 Bühnenraum
928 2929 123 39 selbst
1085 2930 94 37 aber
1205 2931 53 35 ist
1284 2930 147 36 Behufs
1457 2930 322 48 ungebrochener

211 2997 255 47 Aufziehung
489 2995 66 36 der
579 2996 159 35 Hinter-
759 2993 81 36 und
861 2992 430 37 Zwischen-Gardinen
1319 2993 96 38 über
1439 2990 75 40 100
1536 2994 100 35 Fuss
1662 2993 116 46 hoch,

211 3059 81 36 und
319 3063 115 31 unter
460 3057 83 36 ihm
569 3055 182 39 befinden
778 3055 86 37 sich
891 3052 52 40 86
970 3056 102 34 Fuss
1112 3055 103 35 hohe
1242 3055 152 35 Bäume
1437 3055 63 35 für
1526 3055 228 37 Versenkun-

210 3132 91 37 gen,
329 3120 373 37 Maschinenräume
730 3128 38 25 u.
799 3115 78 48 dgl.

319 3247 43 38 C.
386 3247 53 37 H.
466 3247 163 35 Bitter
656 3245 69 36 hat
751 3244 65 37 bei
843 3244 100 36 Bote
969 3243 82 35 und
1068 3241 110 37 Bock
1199 3243 41 35 in
1259 3242 135 37 Berlin
1427 3243 137 49 „sechs
1590 3243 189 37 deutsche

404 3321 80 25 von
512 3309 41 36 J.
583 3308 38 37 S.
651 3306 132 37 Bach
823 3306 72 36 mit
931 3304 386 49 Clavierbegleitung
1343 3317 79 25 von
1449 3306 176 37 Vincenz
1651 3306 103 36 Lach-

211 3384 72 25 ner
310 3372 332 49 herausgegeben.

319 3491 195 39 Wien.
560 3492 72 37 Als
659 3490 309 38 Helden-Tenor
1004 3491 63 35 für
1096 3489 68 37 das
1191 3490 420 49 Hof-Opern-Theater
1638 3490 135 37 wurde

211 3558 104 36 Herr
355 3555 291 38 Nachbauer
687 3554 176 36 definitiv
905 3554 200 47 engagirt;
1150 3564 42 24 er
1216 3554 84 35 tritt
1324 3554 57 34 im
1409 3553 216 47 Frühjahre
1667 3553 108 35 seine

212 3618 122 37 Stelle
363 3629 62 25 an.
467 3617 102 35 Herr
597 3617 260 45 Ferenczy
885 3614 167 38 verlässt
1079 3614 152 38 sodann
1259 3614 68 38 das
1353 3614 397 48 Hof-Operntheater.

317 3745 104 36 Herr
446 3744 71 35 Dr.
546 3742 113 37 Otto
687 3743 133 36 Bach
847 3755 69 25 aus
943 3742 120 40 Wien
1091 3746 54 37 ist
1166 3744 58 38 als
1247 3742 295 51 Capellmeister
1561 3754 62 26 am
1648 3743 108 36 Stadt-

212 3808 150 35 theater
388 3807 43 35 in
458 3804 214 50 Augsburg
700 3805 179 49 engagirt
907 3806 170 37 worden.

319 3937 85 35 Aus
431 3936 138 36 Wien
608 3934 99 36 wird
736 3934 66 36 der
828 3934 216 37 Bedaction
1074 3935 66 37 der
1167 3935 134 48 Leipz.
1328 3932 106 49 Allg.
1463 3933 101 36 Mus.
1594 3933 86 47 Ztg.
1709 3943 46 37 ge-

211 3998 227 38 schrieben:
484 3998 99 47 „Die
611 3997 231 47 Prüfungen
877 4008 63 25 am
967 3996 180 49 hiesigen
1176 3995 344 39 Conservatorium
1549 3994 66 36 der
1642 3994 134 37 Musik

210 4060 128 37 haben
367 4059 73 36 den
468 4070 152 36 ganzen
648 4057 88 37 Juli
764 4058 207 46 hindurch,
1011 4063 98 32 trotz
1140 4059 66 36 der
1245 4056 225 38 kolossalen
1499 4056 155 37 Wirren
1695 4056 82 36 und

211 4134 161 36 grossen
400 4120 324 49 Beunruhigung,
766 4120 102 37 Statt
907 4120 212 49 gefunden,
1161 4132 43 25 so
1232 4133 34 25 z.
1294 4121 45 34 B.
1369 4131 62 25 am
1458 4118 38 37 4.
1526 4118 87 36 Juli
1640 4118 43 47 (!)
1714 4117 62 36 die

211 4184 176 47 Prüfung
414 4184 41 34 in
484 4183 68 35 der
579 4183 167 35 Theorie
776 4182 121 48 (Prof.
927 4183 192 47 Sechter).
1146 4183 74 34 Ein
1239 4180 156 37 Artikel
1420 4180 97 37 über
1545 4180 106 36 diese
1679 4181 73 36 Pro-

212 4246 214 37 duetionen
453 4246 41 35 in
523 4245 67 37 der
617 4245 145 36 wiener
1061 4256 93 25 vom
1183 4242 35 41 7.
1242 4245 155 46 August
1423 4244 116 46 zeigt,
1566 4242 90 36 dass
1684 4252 91 25 man

211 4310 87 38 hier
339 4311 130 47 wenig
502 4311 99 36 Lust
640 4309 80 47 hat,
764 4308 61 37 die
861 4308 148 49 jetzige
1036 4306 328 50 Ueberlegenheit
1389 4303 386 40 Norddeutschlands

1873 385 100 36 auch
2001 385 42 35 in
2072 385 226 48 Beziehung
2338 387 71 34 auf
2434 387 63 36 die
2523 387 303 37 musicalischen
2855 388 295 38 Lehranstalten
3193 392 220 36 anzuerken-

1872 458 99 33 nen;
2013 446 68 36 das
2108 446 131 48 klingt
2264 447 139 36 immer
2434 449 118 45 noch,
2597 448 58 37 als
2693 448 49 38 ob
2782 450 117 36 Wien
2942 451 61 35 die
3048 456 214 43 gesammte
3306 454 131 35 Kunst

1871 508 210 49 gepachtet
2107 508 119 46 hätte,
2255 508 59 37 als
2343 509 49 36 ob
2422 510 62 37 die
2502 512 133 47 Pflege
2664 512 66 36 der
2758 512 270 36 deutschen
3057 515 132 35 Kunst
3216 527 71 24 vor
3306 515 130 37 Allem

1870 571 44 36 in
1941 571 115 38 Wien
2085 583 50 24 zu
2163 572 135 35 Hause
2326 574 119 47 wäre,
2472 573 186 36 während
2686 574 61 35 die
2776 574 248 37 Thatsachen
3053 575 101 38 doch
3182 578 101 35 auch
3311 578 129 36 hierin

1872 633 269 37 vernehmlich
2180 645 131 37 genug
2352 636 203 46 sprechen.
2613 637 167 47 „„Wien
3045 649 43 25 so
3117 639 123 36 heisst
3267 651 41 25 es
3338 640 96 44 dort,

1875 696 102 47 „„ist
2004 696 61 35 die
2088 696 137 47 Wiege
2250 695 66 37 des
2337 696 226 37 nationalen
2580 697 50 48 (?)
2646 698 453 38 Musiklebens.Und
3117 701 153 35 weiter:
3303 702 107 46 „„Un-

1872 769 85 25 sere
1985 757 183 36 Violinen
2195 758 81 35 und
2296 757 161 37 Piano's
2475 759 185 36 möchten
2687 760 121 36 leicht
2835 762 41 33 in
2905 762 125 34 einem
3052 762 266 49 Wettkampfe
3348 764 88 45 (mit

1870 818 147 45 Berlin,
2046 820 174 47 Leipzig,
2248 820 200 36 München
2477 827 141 29 sammt
2645 821 127 48 Paris)
2815 823 61 35 die
2904 822 111 36 Rolle
3045 823 66 36 des
3139 824 275 48 Zündnadelge-

1872 881 126 36 wehrs
2394 882 32 36 O
2456 894 91 37 arge
2573 883 301 50 Verblendung!
2903 886 110 35 nicht
3040 898 50 23 zu
3118 886 130 45 sehen,
3280 887 87 37 dass
3397 889 42 35 in

1874 941 67 36 der
1968 942 143 49 Kunst,
2149 945 75 34 wie
2251 945 54 34 im
2333 945 159 47 Kriege,
2535 945 66 35 der
2631 945 137 37 Geist
2796 948 253 45 entscheidet,
3095 949 61 35 die
3186 949 255 48 Tüchtigkeit

1874 1004 81 35 und
1984 1004 67 36 der
2080 1006 267 46 Gemeinsinn,
2376 1008 111 35 nicht
2516 1008 66 35 der
2609 1008 216 47 glänzende
2855 1010 154 37 Schein.
3052 1011 113 36 Mehr
3193 1013 73 35 wie
3295 1012 143 36 Schein

1873 1066 52 35 ist
1953 1067 93 36 aber
2075 1067 67 35 der
2168 1079 123 36 ganze
2310 1069 135 34 Prunk
2467 1079 160 26 unseres
2649 1069 363 40 Conservatoriums
3034 1074 72 34 mit
3133 1075 134 35 seinen
3295 1075 124 35 fünfte-

1874 1126 92 38 halb
1994 1128 181 36 Hundert
2203 1129 278 37 oberflächlich
2507 1130 224 47 gebildeten
2752 1132 190 36 Schülern
2965 1134 100 36 doch
3086 1136 129 35 nicht!
3245 1136 50 36 So
3324 1136 117 47 lange

1875 1201 91 24 man
1996 1190 83 37 sich
2109 1190 62 37 bei
2198 1203 74 24 uns
2302 1192 180 36 hierüber
2501 1193 291 48 Täuschungen
2822 1195 79 35 und
2931 1196 67 34 der
3025 1196 103 36 alten
3150 1198 289 48 Ueberhebung

1876 1250 97 37 über
2000 1251 62 35 die
2540 1256 293 48 Bestrebungen
2875 1257 166 48 hingibt,
3079 1258 51 36 ist
3173 1261 129 46 wenig
3339 1261 78 35 Aus-

1876 1313 101 36 sicht
2004 1314 71 35 auf
2097 1315 224 48 Besserung

1983 1462 218 36 Richard
2243 1462 252 48 Wagner's
2759 1464 94 46 geht
2894 1463 229 37 demnächst
3166 1466 41 34 in
3245 1467 116 36 Wien
3401 1468 41 35 in

1877 1523 143 45 Scene;
2067 1523 67 36 der
2163 1524 231 47 Componist
2421 1526 51 34 ist
2501 1524 231 49 eingeladen
2763 1524 171 47 worden,
2973 1525 61 36 die
3065 1526 105 47 Oper
3196 1527 64 36 bei
3288 1528 66 36 der
3384 1540 39 25 er-

1876 1589 85 33 sten
1990 1585 248 49 Aufführung
2269 1599 48 23 zu
2346 1587 199 47 dirigiren.
2601 1587 190 37 Derselbe
2834 1588 76 36 soll
2951 1600 50 24 an
3031 1589 109 36 einer
3166 1601 130 26 neuen
3325 1592 116 49 Oper,

1881 1647 223 47 „Friedrich
2133 1659 77 24 von
2596 1649 187 36 arbeiten.

1982 1782 170 38 Alfred
2180 1783 139 37 Jaell
2345 1784 133 47 bringt
2505 1784 103 36 nach
2636 1785 129 35 seiner
2785 1786 315 49 Verheirathung
3129 1788 64 36 die
3222 1790 198 37 Flitterwo-

1877 1846 114 49 chen,
2033 1846 93 36 oder
2154 1846 74 36 wie
2257 1846 62 37 die
2347 1846 240 36 höflicheren
2615 1846 226 38 Franzosen
2879 1859 133 37 sagen,
3055 1850 75 35 den
3158 1851 282 48 Honigmonat,

1876 1909 41 35 in
1946 1908 67 36 der
2039 1908 178 37 Schweiz
2244 1909 41 35 in
2314 1907 227 37 Interlaken
2573 1921 61 24 zu.

1982 2041 275 40 ljondon*
2307 2044 186 36 Fräulein
2522 2046 226 47 Tietjens
2776 2047 67 36 hat
2869 2048 72 35 mit
2968 2049 156 48 einigen
3153 2051 171 37 anderen
3352 2054 68 36 Mit-

1875 2103 176 48 gliedern
2094 2105 67 35 der
2190 2105 105 47 Oper
2321 2104 241 48 Mapleson's
2606 2107 145 37 diesem
2779 2109 285 37 Unternehmer
3106 2124 50 23 zu
3202 2114 108 36 einer
3337 2116 105 36 Tour

1875 2166 100 37 nach
2004 2166 133 37 Irland
2164 2168 82 35 und
2274 2168 73 35 den
2369 2168 384 37 Fabrik-Districten
2780 2182 80 24 von
2878 2171 181 48 England
3079 2174 85 36 ihre
3184 2175 257 38 Theilnahme

1876 2234 202 44 zugesagt,
2105 2241 68 24 um
2201 2229 85 36 dem
2314 2229 147 38 Herbst
2488 2231 80 34 und
2592 2232 153 35 Winter
2771 2234 110 35 nicht
2909 2234 62 36 die
2990 2236 145 35 Zinsen
3158 2237 105 37 ihres
3285 2238 156 37 Stimm-

1877 2291 173 48 Capitals
2085 2304 49 22 zu
2170 2291 214 36 schenken.
2433 2292 76 36 Am
2540 2291 61 40 15.
2632 2293 34 37 d.
2695 2295 91 36 Mts.
2829 2295 98 36 wird
2970 2295 61 37 die
3074 2297 265 39 Gesellschaft
3379 2301 63 36 ein

1876 2353 169 36 Concert
2078 2353 42 35 in
2148 2353 213 48 Liverpool
2401 2354 126 48 geben
2568 2356 81 35 und
2690 2367 63 24 am
2797 2354 62 40 17.
2890 2358 62 35 die
2980 2358 458 52 Opern-Vorstellungen

1873 2416 43 34 in
1943 2415 149 36 Dublin
2121 2415 209 48 beginnen,
2373 2416 62 36 die
2462 2417 104 36 nach
2595 2418 81 35 drei
2704 2419 179 37 Wochen
2919 2420 42 35 in
2989 2421 224 48 Liverpool,
3258 2424 158 36 Manche-

1874 2482 90 40 ster,
1992 2478 193 36 Bradford
2213 2490 40 24 u.
2282 2492 28 25 s.
2341 2492 48 23 w.
2417 2481 229 47 fortgesetzt
2675 2481 155 37 werden
2859 2481 137 37 sollen.
3037 2483 135 38 Kunst
3199 2485 81 36 und
3306 2486 108 36 Hand-

1874 2539 118 46 werk,
2023 2540 94 36 oder
2144 2540 227 37 Handwerk
2399 2541 68 37 der
2495 2543 187 36 Kunst??

1982 2678 373 48 Berichtigung.
2383 2679 48 35 In
2458 2690 182 25 unserem
2668 2679 191 38 Aufsatze
2885 2682 41 34 in
2949 2682 66 38 Nr.
3039 2679 53 41 34
3118 2682 96 37 über
3242 2683 74 37 den
3337 2685 105 35 Text

1875 2762 51 24 zu
1953 2751 38 36 J.
2022 2750 38 38 S.
2088 2749 169 37 Bach's
2700 2763 38 23 u.
2770 2764 30 27 s.
2829 2764 47 25 w.
2919 2752 129 37 haben
3076 2753 71 35 wir
3176 2753 38 36 S.
3245 2751 77 38 269
3353 2754 88 35 eine

1875 2820 267 48 Bearbeitung
2169 2821 126 37 dieses
2317 2823 155 44 Textes,
2500 2823 151 36 welche
2681 2824 61 36 die
2756 2824 209 48 Leipziger
2979 2823 168 49 Allgem.
3163 2824 279 37 Musicalische

1875 2893 170 46 Zeitung
2072 2893 42 35 in
2143 2893 65 36 Nr.
2236 2890 51 39 21
2316 2893 172 46 brachte,
2519 2894 186 37 erwähnt.
2762 2896 82 34 Der
2871 2896 203 36 Verfasser
3102 2895 127 37 dieser
3255 2895 164 49 gelunge-

1876 2976 77 24 nen
1980 2963 140 37 Arbeit
2145 2964 54 36 ist
2224 2964 102 36 Herr
2353 2965 44 35 F.
2425 2965 183 35 Hüffer
2641 2965 43 35 in
2711 2965 190 46 Münster,
2952 2966 138 36 dessen
3119 2967 150 36 Namen
3299 2967 71 36 wir
3398 2968 42 34 in

1877 3036 68 36 der
1970 3036 46 36 L.
2045 3036 50 38 A.
2123 3037 53 37 M.
2206 3036 44 37 Z.
2277 3036 218 37 übersehen
2524 3037 145 37 hatten.
2908 3037 94 36 Die
3045 3036 294 38 Redaction.

2250 3764 73 52 pte

1874 3826 193 37 erscheint
2097 3826 119 46 jeden
2255 3827 176 47 Samstag
2472 3829 41 33 in
2557 3828 127 35 einem
2726 3839 150 35 ganzen
2910 3828 135 47 Bogen
3089 3827 70 35 mit
3194 3824 249 49 zwanglosen

1876 3878 200 48 Beilagen.
2185 3879 80 34 Der
2285 3879 396 47 Abonnementspreis
2700 3879 152 48 beträgt
2885 3881 63 34 für
2977 3880 66 35 das
3064 3878 192 46 Halbjahr
3284 3875 24 38 2
3323 3877 119 45 Thlr.,

1874 3932 64 35 bei
1966 3931 74 36 den
2061 3931 48 35 K.
2138 3942 146 36 preuss.
2306 3931 319 37 Post-Anstalten
2653 3930 24 38 2
2693 3931 105 36 Thlr.
2823 3932 23 38 5
2865 3932 85 48 Sgr.
3006 3932 99 35 Eine
3133 3929 174 37 einzelne
3326 3930 88 35 Num-

1875 3995 81 24 mer
1983 3981 27 38 4
2037 3983 84 47 Sgr.

1981 4036 129 35 Briefe
2137 4036 81 35 und
2236 4036 285 47 Zusendungen
2555 4035 95 36 aller
2668 4037 72 35 Art
2768 4035 155 37 werden
2951 4039 114 32 unter
3093 4035 66 36 der
3182 4033 170 38 Adresse
3380 4033 64 38 der

1875 4089 55 36 M.
1960 4088 555 49 DuMont-Schauberg'schen
2542 4089 312 48 Buchhandlung
2880 4090 41 33 in
2950 4089 105 36 Köln
3085 4089 168 36 erbeten.

1995 4193 367 37 Verantwortlicher
2390 4193 291 47 Herausgeber:
2712 4193 104 36 Prof.
2849 4191 36 35 L
2888 4217 12 12 ♦
2930 4190 178 47 Bischoff
3131 4192 42 34 in
3201 4190 117 38 Köln.

1952 4247 202 49 Verleger:
2185 4247 56 36 M.
2270 4244 535 50 DuMont-Schauberg'stihz
2832 4244 312 47 Buchhandlung
3172 4245 42 33 in
3242 4243 119 37 Köln.

1909 4301 196 37 Drucker:
2139 4299 53 38 M.
2223 4297 425 48 DuMont-Schauberg
2676 4299 40 35 in
2745 4297 117 47 Köln,
2900 4297 249 37 Breitstrasse
3179 4296 51 39 76
3254 4309 38 24 u.
3323 4296 65 40 78.

1982 3447 90 38 Alle
2094 3448 47 37 in
2163 3448 136 38 dieser
2323 3447 327 50 Musik-Zeitung
2678 3448 294 47 besprochenen
3006 3449 91 37 und
3119 3449 328 50 angekündigten

1875 3500 240 39 Musicalien
2143 3508 68 31 etc.
2245 3502 96 36 sind
2370 3514 52 24 zu
2452 3501 184 37 erhalten
2660 3503 44 36 in
2731 3502 74 35 der
2830 3507 95 31 stets
2947 3502 244 49 vollständig
3213 3504 234 36 assortirten

1874 3553 485 50 Musicalien-Handlung
2376 3555 90 37 und
2480 3554 266 38 Leihanstalt
2765 3567 80 24 von
2862 3554 326 39 BERNHARD
3206 3556 241 37 BREUER

1869 3608 47 37 in
1942 3607 123 45 Köln,
2102 3621 134 31 qrosse
2258 3607 270 38 Budenaasse
2556 3608 80 38 Nr.
2664 3612 39 40 1,
2744 3621 45 23 so
2829 3608 75 36 wie
2943 3608 63 37 bei
3031 3608 42 36 J.
3102 3608 90 37 FR.
3231 3608 216 44 WEBER,

1876 3661 135 38 Höhle
2040 3662 82 37 Nr.
2148 3664 39 34 1.
