2989 4361
135 272 106 43 1208

1293 267 207 36 BRUNO'S
1532 265 217 38 WEEKLY

1018 367 213 59 Frank
1262 364 243 61 Harris'

129 462 130 51 /~)NE
289 464 38 33 of
355 464 99 33 those
483 462 215 43 mysterious
727 461 247 35 coincidences
1003 461 78 33 that
1110 461 144 41 happen
1284 459 35 33 in
1351 458 130 34 almost

232 515 237 41 everybody's
500 513 65 33 life
595 513 133 42 played
761 512 73 33 into
864 523 59 30 my
952 512 118 31 hands
1099 522 45 21 on
1174 510 58 33 the
1263 521 90 29 very
1382 520 98 21 same

129 561 72 41 day
241 560 214 33 Alexander
495 560 212 32 Berkman's
748 557 150 42 weekly,

310 619 20 21 a
363 606 90 33 book
485 606 45 41 by
563 606 121 32 Frank
717 604 134 33 Harris
884 602 192 43 published
1113 606 86 29 1914
1231 602 45 40 by
1310 600 169 34 Mitchell

128 653 189 41 Kennerly
372 653 81 33 The
476 652 113 42 Blast,
614 651 118 33 edited
758 651 44 40 by
825 651 128 31 Emma
978 649 218 33 Goldman's
1221 647 200 33 lieutenant
1446 646 34 33 in

130 701 70 32 San
228 698 192 34 Francisco
446 697 192 34 contained
666 696 35 33 in
727 696 71 33 this
824 696 94 33 issue
944 696 58 32 the
1030 694 157 42 pictures
1213 694 39 32 of
1277 694 58 33 the-

254 745 38 33 of
319 746 58 32 the
407 743 162 43 Chicago
599 743 227 42 Haymarket
853 742 155 41 tragedy
1038 741 70 33 and
1139 753 19 21 a
1188 740 73 34 few
1291 740 122 33 words
1442 738 39 34 of

130 790 274 35 reminiscences
434 790 146 35 written
610 790 46 41 by
686 801 95 20 some
812 787 308 43 contemporaries
1151 787 39 32 of
1219 787 58 33 the
1310 786 170 33 executed

129 849 91 22 men.

174 885 81 32 The
280 883 228 42 Haymarket
532 881 159 34 incident
715 880 28 34 is
767 881 59 33 the
851 892 66 22 one
941 879 63 42 big
1026 891 161 30 memory
1212 878 35 33 in
1272 879 58 32 the
1355 889 126 22 career

129 931 39 33 of
203 929 192 42 Chicago's
430 929 104 33 older
569 927 116 43 police
721 928 147 32 officers.
927 926 111 33 Often
1075 926 95 33 have
1207 926 14 31 I
1259 933 56 24 sat
1351 924 35 32 in
1421 925 59 32 the

129 977 116 33 offices
278 977 38 32 of
350 977 189 31 Hermann
574 973 212 42 Schuettler,
822 972 171 34 assistant
1024 971 98 34 chief
1155 971 38 33 of
1225 971 58 33 the
1318 970 162 42 Chicago

129 1022 132 41 Police,
295 1023 70 32 and
398 1022 96 33 have
527 1020 153 33 listened
713 1027 35 26 to
779 1018 55 34 his
866 1018 167 35 versions
1066 1018 38 33 of
1138 1018 134 32 labor's
1304 1016 176 42 vigorous

129 1077 136 34 protest
292 1067 145 43 against
463 1067 116 42 police
607 1065 250 43 supervision;
886 1065 58 33 the
971 1065 129 32 hatred
1127 1063 39 33 of
1192 1064 59 33 the
1278 1062 203 43 policeman

129 1116 72 32 had
229 1115 87 42 long
341 1126 69 30 ago
436 1112 179 35 vanished
642 1112 96 33 from
763 1112 58 33 the
848 1110 62 42 big
936 1111 104 32 heart
1066 1110 38 33 of
1129 1110 59 33 the
1215 1121 95 21 man.
1360 1110 90 32 Mem-

129 1161 94 34 ories
254 1161 97 33 from
381 1161 58 32 the
470 1159 202 33 battlefield
704 1157 145 35 contain
882 1157 140 42 always
1054 1168 96 22 some
1182 1155 230 34 recollection
1444 1155 38 33 of

128 1208 58 33 the
212 1207 91 34 foe's
328 1207 170 41 bravery.

174 1255 82 33 The
574 1251 115 33 under
722 1250 58 33 the
816 1248 208 43 leadership
1060 1249 39 33 of
1131 1250 128 31 Emma
1295 1248 186 33 Goldman

128 1300 181 34 celebrate
341 1298 277 41 ostentatiously
649 1297 87 34 each
767 1308 88 30 year
885 1296 59 33 the
979 1295 79 33 11th
1091 1296 71 40 day
1193 1295 39 32 of
1263 1295 217 40 November,

129 1345 210 43 eulogizing
362 1345 100 33 those
487 1343 143 35 victims
654 1343 39 33 of
718 1355 19 20 a
762 1350 105 35 great
891 1342 124 40 Ideal;
1043 1343 127 31 Emma
1196 1340 187 33 Goldman
1411 1341 70 32 and

128 1394 65 32 her
225 1392 194 33 adherents
452 1390 72 33 feel
558 1389 247 41 instinctively
835 1389 59 33 the
927 1389 212 32 sacredness
1171 1387 39 33 of
1242 1399 20 21 a
1292 1387 187 40 martyred

129 1438 114 41 saint;
271 1439 61 32 she
356 1437 83 35 who
464 1438 203 32 denounces
692 1443 91 25 state
809 1436 70 31 and
906 1434 166 42 religion,
1098 1432 176 35 tradition
1301 1433 70 32 and
1397 1431 84 34 time

129 1486 160 32 honored
318 1482 221 35 ceremonies
567 1482 106 43 plays
701 1481 129 43 gladly
859 1492 44 21 on
931 1480 71 33 this
1031 1481 72 40 day
1130 1479 88 42 high
1245 1478 171 43 priestess
1446 1485 36 26 at

128 1532 58 33 the
214 1538 196 33 sanctuary
436 1529 37 34 of
501 1529 167 32 innocent
694 1539 80 22 men
800 1528 83 33 who
910 1527 71 32 had
1008 1534 35 25 to
1070 1525 84 43 give
1180 1525 95 34 their
1301 1524 92 35 lives
1419 1525 40 32 be-

129 1578 79 33 fore
235 1578 115 32 better
377 1576 105 33 times
510 1575 156 34 dawned
696 1574 59 32 for
782 1574 58 32 the
867 1572 255 43 workingman
1152 1571 35 33 in
1218 1571 161 42 Chicago
1409 1571 71 32 and

129 1624 235 40 everywhere
391 1622 72 33 else
490 1621 35 33 in
552 1632 65 22 our
645 1620 131 33 Union.

174 1671 69 32 But
271 1670 99 32 there
402 1680 61 21 are
493 1668 120 32 others
642 1667 87 33 than
759 1665 228 42 spectacular
1016 1664 309 33 banner-bearers
1355 1662 38 34 of
1422 1663 58 33 the

129 1716 207 41 self-styled
365 1713 220 35 anarchists:
610 1712 98 42 quiet
732 1724 80 21 men
837 1712 83 33 who
946 1710 73 35 live
1046 1710 36 33 in
1107 1711 149 32 obscure
1282 1710 90 41 flats,
1399 1710 83 33 who

127 1763 102 34 work
257 1762 96 33 from
381 1759 170 43 morning
579 1759 91 33 until
701 1758 103 42 night
832 1757 35 33 in
896 1757 112 42 dingy
1036 1757 223 41 workshops,
1289 1768 80 21 men
1398 1756 83 34 who

128 1810 94 33 have
247 1819 127 31 grown
400 1807 61 33 old
488 1807 70 32 and
584 1805 84 33 kind
696 1806 70 31 and
792 1805 83 32 who
899 1811 77 34 stop
1001 1815 44 21 on
1070 1803 58 33 the
1156 1804 79 32 11th
1259 1803 39 32 of
1323 1804 132 32 Novem-

128 1857 63 31 ber
214 1855 87 33 each
323 1865 88 32 year
434 1853 59 33 for
516 1864 86 22 once
625 1851 93 34 their
742 1850 102 42 daily
866 1850 141 33 routine
1033 1850 70 32 and
1128 1850 86 33 send
1237 1848 94 34 their
1355 1848 128 42 loving

128 1902 171 40 thoughts
327 1900 89 33 back
443 1907 35 26 to
506 1898 94 34 their
626 1897 170 43 youthful
823 1909 108 29 years
958 1896 39 32 of
1024 1895 209 42 passionate
1263 1895 118 33 ideals
1410 1895 70 32 and

128 1949 166 38 dreams;
330 1957 79 22 men
442 1945 83 34 who
558 1945 104 32 knew
694 1945 158 32 Parsons
886 1943 71 32 and
991 1942 126 42 Engel,
1153 1942 70 32 and
1258 1941 118 42 Lingg
1409 1942 71 31 and

129 1994 164 33 Schwab.
345 1992 96 34 Who
473 1992 103 33 knew
605 1991 99 33 these
734 2001 80 21 men
844 1989 165 33 branded
1041 2000 38 21 as
1108 1987 189 34 criminals
1327 1989 45 40 by
1399 1999 62 21 con-

127 2039 251 43 temporaries,
413 2039 100 40 hung
548 2049 38 21 as
621 2036 78 33 foes
734 2036 38 32 of
805 2036 58 33 the
899 2034 326 41 Commonwealth,
1260 2034 83 33 who
1377 2034 104 33 knew

127 2087 97 32 them
246 2093 35 26 to
303 2086 41 32 bo
367 2097 90 29 pure
481 2083 35 33 in
539 2082 94 35 their
657 2083 133 40 hearts,
814 2081 84 33 kind
923 2089 35 25 to
982 2081 212 33 fellowmen
1219 2079 89 35 with
1331 2091 65 22 one
1421 2079 62 42 big

129 2133 82 33 love
242 2132 58 32 for
331 2130 179 43 suffering
537 2130 176 41 wronged
744 2127 200 42 humanity.

172 2179 106 41 They
300 2185 57 26 too
381 2177 71 33 had
476 2177 89 33 been
590 2173 308 44 contemporaries
922 2173 38 33 of
982 2174 58 33 the
1066 2173 228 42 Haymarket
1317 2173 165 41 tragedy.

127 2225 106 42 They
258 2225 72 32 had
358 2235 92 30 gone
476 2230 35 26 to
539 2222 49 33 all
615 2229 102 35 parts
744 2220 38 33 of
808 2221 58 32 the
894 2227 150 34 country
1073 2220 70 32 and
1171 2220 72 31 had
1272 2218 144 34 carried
1444 2227 35 24 to

127 2271 94 34 their
252 2282 80 22 new
363 2269 123 43 places
517 2268 38 33 of
586 2267 204 33 habitation
822 2265 128 43 loving
978 2265 192 34 memories
1200 2265 38 33 of
1268 2265 101 33 those
1399 2276 81 22 men

127 2318 83 34 who
238 2317 73 32 had
339 2317 89 32 been
456 2316 59 33 the
545 2314 161 33 sacrifice
734 2314 139 33 offered
902 2312 59 33 for
988 2313 59 32 the
1076 2311 144 43 coming
1246 2311 39 33 of
1314 2323 20 21 a
1361 2312 116 32 better

128 2375 74 22 era.

174 2411 15 32 I
218 2410 105 33 know
352 2420 65 21 one
445 2419 84 22 man
557 2406 35 33 in
621 2408 90 33 New
739 2406 101 32 York
866 2406 84 34 who
978 2405 104 34 knew
1108 2405 59 33 the
1197 2405 170 33 executed
1395 2415 82 22 men

129 2456 50 33 all
207 2455 214 42 intimately,
448 2454 159 43 perhaps
633 2453 114 33 better
773 2453 88 32 than
890 2452 166 41 anybody
1082 2453 72 31 else
1181 2450 129 42 living.
1360 2452 52 31 As
1438 2451 44 32 he

127 2503 73 32 had
230 2503 89 32 been
349 2500 95 35 their
474 2499 102 43 daily
605 2498 216 43 companion
852 2498 59 33 for
939 2509 108 30 years
1077 2498 126 33 before
1233 2497 95 33 their
1359 2497 121 33 death.

129 2550 55 32 He
212 2548 129 43 speaks
369 2547 38 33 of
433 2547 97 33 them
560 2558 38 21 as
627 2545 39 33 of
692 2545 100 34 those
821 2545 146 33 dearest
995 2544 120 34 loved.

173 2596 15 31 I
214 2596 94 32 have
333 2593 100 34 often
457 2593 114 33 heard
597 2593 92 31 Mrs.
713 2593 158 31 Parsons
895 2591 77 33 talk
996 2590 38 33 of
1057 2591 58 32 the
1141 2589 64 34 life
1232 2590 71 32 and
1328 2589 58 33 the
1412 2589 71 33 last

127 2641 90 42 days
242 2639 38 34 of
302 2640 65 33 her
389 2639 167 33 husband
581 2638 36 33 in
643 2638 202 41 Newberry
868 2637 107 41 Park,
1003 2636 171 42 Chicago,
1202 2636 97 42 right
1323 2635 35 33 in
1383 2635 100 34 front

127 2688 39 33 of
198 2688 58 32 the
290 2686 141 43 portals
466 2685 38 33 of
537 2685 59 34 the
631 2685 203 40 Newberry
868 2683 155 42 Library
1056 2683 111 34 while
1202 2683 65 33 her
1303 2694 63 21 son
1400 2693 79 23 was

128 2732 202 43 exhibiting
356 2733 58 32 the
442 2731 139 42 picture
609 2731 38 32 of
673 2730 55 33 his
755 2730 123 33 father
904 2737 35 26 to
966 2730 58 33 the
1051 2730 142 33 crowds
1221 2729 78 33 that
1325 2729 72 32 had
1426 2740 37 21 as-

127 2779 161 34 sembled
313 2778 155 43 quickly.
515 2777 206 33 Policemen
747 2777 45 33 do
817 2784 61 26 not
903 2775 174 34 interfere
1102 2775 90 35 with
1217 2775 65 33 her
1306 2773 176 43 meetings

129 2827 71 32 and
231 2827 45 32 do
306 2833 59 25 net
396 2836 91 23 even
515 2822 162 44 prohibit
704 2824 65 32 her
798 2822 77 34 sale
906 2822 38 33 of
972 2823 59 32 the
1061 2822 92 33 book
1183 2822 61 33 she
1274 2830 125 32 wrote,
1432 2833 45 20 an

128 2879 150 27 account
300 2871 39 33 of
362 2871 168 33 Parsons'
556 2869 76 34 life.

172 2920 33 31 A
240 2918 84 33 loud
359 2918 71 32 and
463 2916 201 33 boisterous
696 2914 223 35 celebration
953 2914 38 33 of
1022 2913 247 43 professional
1305 2913 177 43 agitators

127 2964 62 34 did
218 2972 62 26 not
306 2963 154 43 impress
487 2974 55 22 me
570 2963 63 32 but
659 2962 59 33 the
748 2960 297 43 unimpassioned
1075 2961 105 33 heart
1207 2968 35 25 to
1271 2961 106 32 heart
1404 2960 77 33 talk

125 3010 90 36 with
241 3011 134 33 dozens
401 3010 38 32 of
464 3020 91 32 men,
583 3008 38 33 of
647 3007 309 43 contemporaries
982 3007 39 33 of
1045 3008 58 32 the
1131 3007 171 33 executed
1330 3006 152 34 strivers

125 3057 59 33 for
207 3055 283 44 workingmen's
515 3055 125 42 rights.
687 3054 63 33 All
776 3055 99 32 these
899 3053 75 34 told
1000 3065 54 22 me
1080 3053 38 33 of
1141 3053 59 34 the
1225 3060 106 35 great
1353 3064 130 30 wrong

125 3104 79 33 that
231 3110 94 27 must
352 3104 95 32 have
476 3102 89 33 been
595 3100 207 34 committed
831 3101 46 41 by
908 3113 19 20 a
955 3100 257 42 prepossessed
1242 3099 172 41 minority
1444 3099 38 33 of

126 3148 262 44 potentialities
417 3156 36 26 to
483 3160 21 22 a
533 3147 174 42 majority
737 3147 36 33 in
805 3146 173 43 Chicago,
1007 3154 36 26 to
1073 3146 45 33 its
1148 3146 176 41 laborers,
1356 3145 36 33 in
1420 3146 60 33 the

125 3208 106 21 name
259 3195 39 34 of
323 3194 147 43 Justice.

169 3243 82 33 The
281 3249 135 26 master
447 3252 68 31 pen
545 3240 39 34 of
614 3240 120 33 Frank
765 3239 134 34 Harris
930 3238 270 35 immortalized
1232 3238 35 33 in
1298 3238 71 34 this
1399 3250 81 22 case

127 3301 40 22 as
198 3288 36 33 in
266 3300 110 30 many
407 3288 103 33 other
541 3287 181 33 instances
753 3287 60 33 the
847 3285 167 35 innocent
1045 3285 145 35 victims
1223 3285 38 33 of
1294 3284 188 43 prejudice

125 3337 71 33 and
221 3335 40 34 of
281 3347 136 31 power.
464 3334 68 34 His
553 3334 92 33 book
952 3334 79 33 that
1053 3344 100 23 came
1176 3340 36 26 to
1234 3344 55 22 me
1314 3344 37 21 so
1374 3344 105 30 many

122 3394 109 32 years
262 3382 95 33 after
388 3381 26 34 it
443 3382 73 32 had
546 3382 89 32 been
664 3380 148 35 written
843 3381 71 32 and
944 3381 46 41 by
1021 3391 20 21 a
1071 3387 148 34 strange
1248 3378 230 34 coincidence

124 3441 45 21 on
203 3429 59 33 the
299 3429 79 33 11th
412 3428 39 33 of
484 3428 219 41 November,
739 3427 142 33 erected
918 3438 46 21 an
999 3426 140 33 eternal
1175 3433 210 26 monument
1418 3425 61 34 for

123 3476 99 33 these
243 3487 81 21 men
344 3475 84 34 who
449 3474 73 34 had
544 3481 35 27 to
602 3473 57 34 die
681 3474 153 33 because
856 3473 83 42 they
962 3472 118 34 aimed
1106 3480 36 26 at
1164 3471 163 43 equality
1350 3483 132 31 among

123 3534 93 29 men,
245 3522 153 33 because
426 3521 83 42 they
536 3520 132 42 fought
696 3519 146 43 against
868 3520 96 33 class
992 3518 219 42 distinction,
1242 3518 146 42 against
1416 3530 43 21 na-

123 3567 115 35 tional
262 3568 141 39 hatred,
428 3568 70 32 and
523 3566 146 43 against
690 3567 58 33 the
771 3565 211 43 greediness
1005 3565 39 33 of
1067 3565 149 34 citizens
1238 3565 83 34 who
1346 3565 134 33 abused

124 3615 60 33 for
212 3614 94 34 their
336 3626 80 22 own
447 3625 176 31 purposes
652 3612 122 42 newly
804 3612 149 35 arrived
983 3612 242 42 immigrants,
1255 3611 160 43 helpless
1446 3611 35 33 in

123 3661 95 33 their
247 3661 80 33 lack
355 3661 39 32 of
421 3660 217 42 knowledge
667 3659 39 33 of
734 3658 164 43 English.
948 3659 106 42 They
1081 3659 72 32 had
1182 3666 36 26 to
1246 3659 42 33 be
1315 3659 59 33 the
1403 3657 57 35 vic-

124 3707 83 34 tims
234 3707 39 34 of
297 3706 70 35 this
393 3719 90 30 very
508 3718 99 22 same
633 3706 142 33 hatred.

172 3754 121 34 Frank
324 3753 135 33 Harris
489 3753 69 33 felt
589 3753 71 33 and
692 3752 92 34 feels
817 3751 141 44 always
988 3751 89 35 with
1108 3750 56 34 his
1195 3751 132 33 almost
1358 3763 104 30 super-

125 3802 136 33 human
296 3800 170 35 intuition
500 3801 124 34 where
659 3799 193 34 innocence
887 3800 141 42 suffers,
1062 3799 107 34 when
1204 3798 74 35 law
1312 3798 29 33 is
1374 3798 109 42 being

125 3847 306 42 misinterpreted,
464 3847 107 35 when
605 3846 167 34 freedom
804 3845 38 34 of
874 3845 100 33 mind
1009 3846 71 32 and
1115 3845 38 33 of
1185 3845 95 42 body
1313 3844 29 34 is
1374 3844 109 43 being

125 3894 183 42 trampled
341 3905 106 31 upon.

172 3942 42 32 In
243 3940 171 42 faraway
443 3939 173 43 England
645 3939 44 34 he
717 3939 74 33 had
821 3939 89 34 read
939 3939 59 33 the
1030 3946 168 26 accounts
1226 3937 39 35 of
1293 3938 59 34 the
1382 3939 76 42 Hay-

125 3988 142 34 market
299 3986 97 43 riots,
428 3986 178 35 distorted
637 3986 46 43 by
714 3997 20 22 a
764 3997 104 32 press
899 3984 85 45 only
1014 3993 59 27 too
1105 3986 114 43 ready
1249 3992 35 28 to
1314 3984 78 44 join
1422 3986 60 33 the

1555 457 101 35 choir
1684 457 38 34 of
1748 458 51 33 th-'
1834 456 149 44 mighty,
2011 457 58 33 the
2098 456 76 34 rich
2202 457 72 32 and
2302 456 59 33 the
2387 454 196 44 powerful.

1600 517 56 32 He
1683 516 124 33 knows
1833 515 81 33 how
1940 522 34 26 to
2002 515 88 33 read
2117 515 162 33 between
2306 513 58 34 the
2392 512 102 34 lines.

1602 574 211 33 Whenever
1834 573 101 33 there
1959 571 28 34 is
2011 583 20 21 a
2056 571 187 42 Golgotha
2267 571 222 33 somewhere
2514 569 35 33 in
2573 569 59 33 the
2656 567 119 35 world
2800 566 109 42 being

1553 620 183 41 prepared
1762 619 55 32 foi
1850 630 20 21 a
1897 630 95 30 man,
2021 618 120 33 Frank
2170 616 133 33 Harris
2329 616 91 35 with
2446 615 56 33 his
2529 615 77 33 soul
2635 614 39 33 of
2702 626 20 21 a
2750 613 153 43 prophet

1556 667 70 32 and
1652 665 54 33 his
1731 665 100 33 heart
1860 664 39 33 of
1926 676 19 22 a
1970 675 85 22 man
2081 663 92 34 feels
2199 663 119 33 called
2345 674 106 31 upon.

1600 724 33 33 It
1669 722 29 33 is
1735 723 43 33 he
1814 722 84 35 who
1934 734 96 30 gave
2067 722 58 33 the
2162 720 119 35 world
2320 720 58 34 the
2416 731 84 21 man
2540 719 259 41 Shakespeare.
2849 718 56 32 He

1555 769 157 42 brought
1738 780 89 22 near
1851 776 35 26 to
1913 780 66 21 our
2005 767 122 34 hearts
2155 767 70 32 and
2252 774 36 26 to
2314 778 66 21 our
2406 766 122 33 homes
2555 777 38 21 so
2620 776 109 30 many
2754 774 81 22 men
2862 763 43 33 he

1555 817 73 33 had
1655 823 81 35 met,
1762 816 122 33 whom
1909 815 58 33 the
1995 814 119 35 world
2142 814 74 32 had
2245 813 151 42 ignored
2427 813 71 32 and
2526 812 73 32 had
2627 811 155 42 granted
2811 810 97 32 them

1555 864 115 32 honor
1698 862 85 43 only
1812 862 96 33 after
1937 861 93 35 lives
2058 860 39 34 of
2126 860 178 42 suffering
2333 860 71 33 and
2434 859 127 34 deaths
2590 858 38 33 of
2656 856 159 43 despair.

1601 922 57 33 He
1800 932 40 22 us
1865 922 115 32 Oscar
2002 919 157 34 Wilde's
2183 917 151 34 Lifea
2359 917 65 33 life
2450 929 38 21 so
2511 916 62 42 big
2595 916 79 33 that
2697 927 85 21 once
2807 926 98 21 more

1557 980 19 21 a
1606 969 116 32 man's
1750 967 102 34 work
1882 966 142 33 seemed
2056 964 249 43 unimportant
2334 964 195 41 compared
2559 962 89 34 with
2677 962 59 33 the
2768 960 65 34 life
2863 961 43 33 he

1553 1015 66 32 has
1651 1013 111 34 lived.

1749 1082 32 32 It
1806 1082 33 32 Is
1864 1082 78 32 Not
1966 1080 118 34 What
2108 1080 70 34 We
2204 1080 60 32 Do
2290 1079 74 32 But
2388 1078 119 33 What
2531 1077 70 35 We
2627 1076 81 34 Are

1600 1140 94 33 This
1719 1149 94 24 must
1837 1140 43 33 be
1905 1139 59 34 the
1991 1138 84 42 only
2100 1136 136 34 maxim
2261 1136 155 43 guiding
2441 1135 121 33 Frank
2589 1133 134 35 Harris
2749 1133 158 42 through

1555 1187 58 33 the
1640 1185 185 43 labyrinth
1851 1185 38 33 of
1916 1185 93 33 lives
2036 1185 71 32 and
2134 1184 122 32 hearts
2283 1183 38 32 of
2347 1194 91 29 men,
2464 1182 121 33 whom
2610 1182 43 32 he
2679 1181 66 32 has
2773 1180 130 33 known

1553 1233 82 33 face
1658 1240 35 26 to
1714 1232 74 33 fact
1821 1232 70 33 and
1915 1230 39 34 of
1976 1231 120 33 others
2118 1230 121 35 whom
2262 1230 43 32 he
2329 1228 219 34 understood
2572 1239 107 30 years
2705 1226 96 34 after
2824 1226 80 41 they

1553 1279 73 33 had
1654 1278 68 34 left
1747 1277 59 34 for
1832 1278 58 34 the
1919 1279 116 31 Great
2061 1276 159 42 Beyond.

1600 1338 50 32 At
1675 1336 58 33 the
1760 1343 85 26 time
1872 1335 38 33 of
1936 1335 58 33 the
2021 1333 86 35 trial
2136 1333 38 33 of
2201 1334 99 32 these
2604 1330 40 34 of
2672 1329 162 42 Chicago
2862 1329 43 33 he

1555 1382 151 34 decided
1734 1390 35 25 to
1797 1394 57 21 see
1880 1380 89 36 with
1997 1380 55 33 his
2079 1392 81 23 own
2188 1392 81 29 eyes
2295 1379 198 34 whenever
2520 1378 42 33 he
2590 1376 106 35 could
2724 1377 95 33 have
2846 1376 59 33 the

1554 1429 145 33 chance.
1736 1429 157 40 Twenty
1917 1439 107 30 years
2051 1427 92 32 later
2169 1426 43 33 he
2239 1425 114 33 found
2379 1424 149 33 himself
2553 1423 35 33 in
2617 1422 172 41 Chicago.
2839 1421 68 34 His

1553 1486 162 30 memory
1744 1474 39 33 cf
1811 1474 59 33 the
1900 1472 119 43 tragic
2048 1474 90 40 days
2167 1484 78 21 was
2275 1471 74 33 still
2381 1471 101 33 fresh
2515 1470 70 33 and
2616 1469 120 33 Frank
2769 1467 134 34 Harris

1552 1528 98 28 went
1680 1520 96 34 after
1806 1521 59 33 the
1894 1519 105 34 facts.

1600 1580 32 32 It
1652 1578 29 33 is
1704 1590 19 21 a
1746 1576 204 35 revelation
1971 1584 35 26 to
2028 1576 152 33 observe
2202 1575 120 33 Frank
2344 1573 135 34 Harris
2502 1586 38 20 as
2561 1574 43 33 he
2627 1572 28 34 is
2677 1572 112 43 going
2812 1571 95 33 after

1553 1625 106 33 facts.
1712 1625 56 33 He
1800 1623 28 33 is
1857 1624 59 32 the
1946 1622 143 34 thinker
2119 1623 83 32 who
2234 1621 28 33 is
2295 1633 19 21 a
2345 1622 89 31 born
2465 1620 141 42 fighter.
2661 1620 56 32 He
2747 1620 67 31 has
2843 1618 60 33 the

1553 1670 79 35 will
1658 1682 125 31 power
1808 1669 39 34 of
1871 1670 58 33 the
1955 1676 180 34 strongest
2162 1669 70 31 and
2258 1668 59 33 the
2344 1667 206 33 endurance
2578 1665 38 33 of
2641 1666 59 32 the
2725 1672 92 26 most
2843 1676 43 30 pa-

1553 1717 89 34 tient
1663 1717 38 33 of
1722 1728 91 22 men.
1857 1716 81 33 The
1959 1715 157 34 fearless
2138 1714 235 42 philosopher
2395 1713 82 34 who
2500 1713 124 33 knows
2646 1712 59 33 the
2728 1710 119 42 origin
2870 1710 38 33 of

1555 1764 49 33 all
1628 1763 122 42 things
1772 1774 76 22 sees
1871 1762 77 33 also
1969 1762 59 33 the
2051 1760 134 42 logical
2209 1761 79 32 end.
2335 1761 55 31 He
2412 1759 117 34 walks
2551 1757 90 35 with
2665 1757 120 33 linked
2811 1768 96 22 arms

1552 1810 89 34 with
1663 1810 58 33 the
1744 1808 200 35 inevitable
1967 1808 71 33 and
2062 1806 128 42 finally
2213 1807 43 32 he
2279 1805 78 35 will
2383 1806 107 33 reach
2513 1805 58 33 the
2594 1804 98 33 truth
2717 1816 39 21 as
2779 1803 130 41 nearly

1555 1869 38 21 as
1623 1855 143 42 earthly
1793 1853 216 35 limitations
2035 1853 79 33 will
2143 1851 142 44 permit.

1891 1900 29 33 is
1948 1912 18 21 a
1995 1908 97 33 story
2119 1900 85 32 such
2232 1910 38 21 as
2296 1910 91 21 none
2416 1898 101 33 other
2543 1909 78 22 was
2648 1909 87 21 ever
2760 1895 146 35 written

1555 1949 108 33 about
1684 1947 196 33 American
1903 1946 65 34 life
1991 1958 38 21 as
2050 1945 26 33 it
2097 1945 39 33 is.
2181 1945 136 33 Should
2339 1945 100 32 there
2462 1956 85 21 ever
2568 1944 42 33 be
2634 1955 19 21 a
2674 1943 92 33 book
2787 1942 120 33 called

1658 1994 197 33 American
2335 1990 28 34 is
2388 1991 71 32 and
2484 1989 78 35 will
2590 1989 138 33 remain
2753 1990 58 33 the
2836 1990 73 39 just

1554 2041 176 33 claimant
1759 2048 34 25 to
1823 2039 71 33 this
1924 2038 78 34 title
2034 2038 129 42 sought
2195 2037 96 34 after
2321 2049 38 21 so
2390 2037 87 42 long
2507 2048 81 22 now
2618 2037 46 41 by
2694 2037 213 40 pretenders

1553 2088 96 32 from
1675 2094 60 26 out
1759 2086 38 33 of
1822 2097 109 30 many
1955 2096 134 30 camps.

1599 2132 107 34 Louis
1731 2131 116 43 Lingg
1873 2132 70 32 and
1970 2130 170 42 Rudolph
2165 2129 220 34 Schnaubelt
2410 2141 61 21 are
2496 2129 58 33 the
2579 2128 98 34 chief
2700 2128 208 33 characters

1553 2180 39 33 of
1615 2180 58 33 the
1696 2179 102 33 book.
1844 2178 92 32 Both
1962 2189 61 21 are
2049 2178 200 32 Germans:
2274 2176 58 33 the
2358 2174 307 43 representatives
2689 2175 39 33 of
2752 2175 58 33 the
2836 2182 71 26 two

1553 2226 176 33 foremost
1750 2232 101 34 types
1874 2224 39 33 of
1938 2225 164 32 German
2125 2234 91 30 men,
2241 2221 293 43 misinterpreted
2558 2222 111 40 today
2694 2232 39 21 as
2756 2220 86 35 well
2870 2232 39 21 as

1553 2279 136 35 twenty
1712 2283 108 30 years
1847 2282 80 30 ago.
1978 2271 44 31 So
2049 2268 129 42 simple
2207 2280 61 22 are
2295 2269 83 40 they
2404 2269 78 32 that
2507 2268 83 41 they
2616 2275 133 25 cannot
2774 2268 41 32 be
2844 2278 43 22 un-

1553 2319 169 32 derstood
1744 2318 43 41 by
1808 2316 94 34 their
1922 2324 59 25 too
2002 2314 239 43 complicated
2263 2313 328 43 contemporaries;
2616 2326 38 21 so
2676 2312 137 35 sincere
2837 2314 70 32 and

1553 2372 79 26 true
1656 2365 79 33 that
1759 2364 83 41 they
1865 2374 97 23 were
1990 2363 70 32 and
2086 2361 123 34 would
2235 2361 43 33 be
2303 2361 108 33 taken
2437 2360 58 33 for
2521 2359 96 43 quite
2642 2360 59 33 the
2727 2367 181 34 contrary.

1601 2410 217 34 Schnaubelt
1851 2408 28 33 is
1908 2409 59 32 the
1999 2407 157 34 idealist.
2208 2408 81 32 The
2319 2407 153 32 doubter
2500 2407 83 33 who
2615 2413 140 35 accepts
2785 2406 102 33 stand-

1555 2458 86 32 ards
1666 2464 52 26 set
1741 2457 45 32 bv
1811 2455 55 33 his
1891 2455 66 33 fell
1973 2465 141 30 .wmen,
2140 2453 83 34 who
2249 2465 84 30 rpes
2359 2452 54 33 his
2437 2465 90 30 very
2553 2464 81 22 own
2659 2464 84 29 way
2767 2453 62 32 but
2856 2452 35 33 al-

1557 2515 98 30 ways
1686 2502 87 33 tries
1804 2509 35 26 to
1871 2501 124 43 please
2028 2500 131 33 others.
2215 2500 57 33 He
2305 2498 28 35 is
2365 2500 229 41 proudbut
2625 2506 61 26 not
2719 2511 38 21 so
2792 2499 115 33 above

1553 2547 343 36 conventionalities
1920 2559 39 21 as
1982 2554 34 26 to
2042 2547 169 32 abandon
2235 2544 354 35 conventionalities.
2635 2545 82 33 The
2742 2544 106 43 spirit
2871 2544 36 33 of

1556 2598 83 31 1848
1668 2594 29 33 is
1725 2594 35 33 in
1786 2593 56 34 his
1868 2594 115 33 heart.
2034 2593 187 32 Educated
2249 2591 35 33 in
2314 2592 218 41 Germany's
2561 2591 247 41 gymnasiums
2837 2603 57 21 an<
2894 2592 13 32 3

1555 2640 224 42 University,
1808 2652 19 21 a
1853 2641 90 31 born
1970 2638 137 42 writer,
2134 2639 43 33 he
2206 2637 142 35 arrives
2376 2637 35 34 in
2437 2637 172 34 America
2639 2638 70 33 and
2737 2649 85 30 goes
2849 2638 58 36 the

1553 2699 85 31 way
1661 2699 38 21 so
1723 2698 107 30 many
1855 2686 200 33 thousands
2081 2685 38 33 of
2142 2685 121 33 others
2287 2692 116 33 went;
2430 2685 84 33 who
2538 2683 169 43 perished
2736 2685 70 31 and
2832 2695 57 22 suc-

1553 2735 145 40 ceeded,
1720 2740 97 27 went
1840 2733 107 33 down
1972 2732 70 32 and
2065 2743 98 22 were
2185 2742 113 23 never
2320 2731 115 32 heard
2458 2730 38 33 of
2519 2742 40 21 or
2581 2731 106 32 made
2710 2729 94 34 their
2827 2742 80 30 way

1556 2781 70 32 and
1653 2780 147 33 became
1825 2779 59 33 the
1911 2777 147 42 shining
2084 2784 94 26 stars
2206 2789 43 21 on
2277 2789 66 21 our
2369 2777 77 33 best
2474 2777 146 41 Sunday
2646 2777 217 33 firmament.

1601 2828 55 31 He
1681 2833 96 27 went
1801 2826 59 33 the
1886 2836 82 30 way
1993 2824 38 33 of
2058 2836 19 20 a
2104 2823 88 34 Carl
2220 2824 144 32 Schurz.

1601 2874 56 32 He
1680 2872 148 34 worked
1853 2870 90 34 with
1966 2870 125 34 shovel
2119 2871 69 31 and
2213 2869 90 42 pick.
2350 2871 56 31 He
2431 2876 71 26 met
2524 2881 81 21 men
2632 2881 38 21 as
2693 2869 84 41 they
2802 2881 106 21 are

1553 2920 44 33 he
1624 2927 70 25 met
1721 2919 59 33 the
1809 2917 76 34 real
1913 2916 216 33 American:
2155 2916 58 33 the
2241 2915 262 42 cosmopolitan
2531 2916 82 33 who
2642 2916 69 33 lost
2737 2916 59 33 the
2825 2927 63 21 nar-

1555 2978 77 22 row
1662 2964 137 42 glories
1830 2963 38 33 of
1899 2963 164 33 national
2098 2963 70 33 and
2201 2962 38 33 of
2270 2961 115 34 racial
2419 2961 103 43 pride
2556 2963 71 31 and
2657 2962 84 34 who
2773 2962 131 41 passed

1557 3013 71 32 into
1654 3012 59 33 the
1740 3010 227 34 blessedness
1994 3009 39 33 of
2060 3009 82 34 love
2170 3008 39 33 of
2235 3020 85 21 man
2348 3009 71 32 and
2447 3008 39 33 of
2511 3009 245 32 brotherhood
2785 3008 38 33 of
2850 3008 59 33 the

1555 3057 181 35 universe.

1600 3104 121 33 Frank
1752 3102 134 35 Harris
1915 3102 92 34 calls
2203 3100 252 44 approaching
2484 3100 172 42 kingdom
2686 3100 39 34 of
2754 3113 80 21 men
2865 3112 44 21 on

1601 3196 220 35 Schnaubclt
1858 3194 29 34 is
1922 3195 59 34 the
2019 3196 164 32 German
2219 3194 83 35 who
2338 3194 67 33 has
2441 3193 182 34 beautiful
2662 3193 175 34 emotions
2874 3193 35 33 in

1555 3244 232 33 abundance:
1818 3241 217 43 neighborly
2067 3241 92 42 love,
2191 3240 147 43 passion
2370 3240 60 33 for
2461 3252 65 22 one
2557 3252 157 30 woman,
2745 3252 141 29 compas-

1555 3289 77 34 sion
1662 3289 59 33 for
1750 3288 224 42 fellowmen,
2007 3287 174 34 ambition
2211 3287 60 33 for
2302 3286 159 34 himself.
2515 3288 33 31 A
2579 3287 150 41 healthy
2758 3286 151 42 egotism

1553 3335 159 43 compels
1733 3335 75 33 him
1828 3342 35 27 to
1886 3335 81 33 seek
1990 3334 96 33 after
2107 3334 174 33 comforts
2304 3334 71 33 and
2399 3333 96 34 after
2517 3334 59 33 the
2599 3334 77 33 best
2697 3332 71 35 this
2790 3332 119 35 world

1553 3394 66 23 can
1646 3381 97 43 give.

1599 3431 69 31 But
1692 3428 181 34 unknown
1897 3435 35 26 to
1955 3426 149 35 himself
2126 3426 128 34 buried
2278 3427 46 41 by
2347 3426 49 33 all
2420 3426 59 33 the
2503 3425 200 43 important
2726 3426 183 40 elements,

1555 3476 57 33 the
1643 3474 236 43 companions
1908 3474 39 33 of
1977 3473 55 33 his
2063 3473 102 42 daily
2195 3472 159 42 striving
2383 3472 59 33 for
2474 3472 143 42 earthly
2646 3473 114 41 goods
2791 3471 29 35 is
2850 3473 59 32 the

1555 3529 105 35 great
1690 3520 274 35 characteristic
1994 3520 38 33 of
2061 3520 59 33 the
2152 3521 183 32 German:
2365 3518 56 34 his
2452 3520 218 32 unbounded
2703 3518 119 34 desire
2851 3518 59 33 for

1555 3568 176 41 freedom,
1767 3566 242 43 indignation,
2046 3565 116 43 rising
2195 3566 198 34 whenever
2428 3565 44 33 he
2508 3577 76 21 sees
2619 3565 102 33 other
2756 3565 154 33 humans

1556 3614 215 41 inhumanly
1793 3614 153 41 treated,
1971 3624 45 22 an
2039 3611 231 44 indignation
2293 3612 79 33 that
2394 3610 89 35 rises
2505 3619 35 26 to
2562 3612 59 33 the
2643 3612 118 33 Furor
2780 3613 110 32 Teuto-

1554 3661 100 34 nicus
1676 3661 30 33 if
1727 3662 42 32 he
1792 3672 76 22 sees
1889 3661 59 33 the
1969 3660 110 33 knout
2100 3671 45 21 on
2168 3659 55 33 his
2245 3659 247 35 fellowman's
2514 3659 87 33 neck
2623 3659 157 42 brought
2803 3659 108 33 down

1554 3709 45 41 by
1627 3720 19 21 a
1673 3706 186 35 merciless
1886 3705 245 36 slavedriver.

1599 3755 81 33 The
1705 3755 165 32 German
1894 3753 29 33 is
1946 3752 154 43 capable
2124 3752 38 34 of
2187 3764 44 21 an
2258 3751 131 35 almost
2413 3751 257 35 unbelievable
2696 3751 214 34 self-denial

1556 3800 29 33 if
1613 3800 26 34 it
1665 3812 125 21 means
1818 3800 58 34 the
1905 3798 250 35 achievement
2183 3798 38 33 of
2251 3810 19 22 a
2297 3798 63 42 big
2386 3798 114 43 thing,
2528 3798 200 42 especially
2755 3797 30 34 if
2813 3797 26 34 it
2865 3799 42 32 be

1557 3859 44 21 an
1631 3848 159 32 abstract
1818 3858 35 21 01
1886 3845 109 42 ideal,
2025 3858 40 20 or
2094 3857 20 21 a
2142 3852 139 36 protest
2308 3844 145 43 against
2480 3844 195 36 otherwise
2705 3845 184 42 unchange-

1556 3893 81 34 able
1665 3896 167 39 accepted
1858 3891 214 35 conditions.

1599 3940 107 34 Then
1737 3939 50 35 all
1819 3939 268 34 achievements
2115 3938 40 34 of
2183 3950 21 22 a
2233 3937 155 35 lifetime
2419 3949 62 22 are
2511 3938 179 34 scattered
2719 3945 35 27 to
2783 3937 128 44 pieces,

1556 3987 225 35 unmourned
1813 3998 41 23 or
1886 3997 91 24 even
2009 3984 204 36 unnoticed.
2267 3983 175 45 Worldly
2471 3984 235 44 possessions,
2737 3984 60 35 the
2829 3984 82 35 love
