3592 4572
1032 503 279 48 Leonhard
1653 504 173 50 Tranh
1531 530 9 10 •
1558 505 104 49 Die
1697 504 217 50 Ursache

2505 502 95 50 475

358 695 327 61 Umsonst«
746 690 139 61 Auf
935 689 89 62 die
1072 691 379 63 Handrücken
1506 696 243 77 tropften
1807 693 483 62 ununterbrochen
2346 693 255 77 langsam

357 784 253 70 Tränen,
658 783 90 61 die
789 793 82 52 sie
912 784 305 61 manchmal
1259 795 98 51 mit
1397 787 98 61 der
1534 789 346 61 Handfläche
1921 787 72 62 ab
1997 788 242 68 wischte,
2282 785 150 63 ohne
2474 787 127 61 hin®

357 878 262 66 Zusehen,

437 973 145 60 »Die
623 971 181 61 Leute
845 995 194 53 sagen,
1089 972 81 60 oft
1209 982 83 51 tät
1294 973 17 22 7
1313 997 27 37 s
1382 999 123 37 was
1547 975 213 72 helfen,
1810 1000 169 37 wenn
2021 1000 131 36 man
2194 975 105 61 sich
2340 999 108 37 vor
2489 975 110 61 den

358 1067 228 76 Wagen
629 1065 100 61 des
771 1065 236 61 Kaisers
1049 1066 200 62 wirft.«

431 1160 85 61 Er
555 1157 363 61 beobachtete
960 1157 83 61 ihr
1084 1159 251 62 Weinen
1386 1161 117 61 und
1543 1179 235 44 wartete
1820 1163 222 71 darauf,
2086 1163 110 60 daß
2237 1163 108 60 sich
2387 1160 214 62 wieder

357 1254 95 61 der
492 1249 256 82 Tropfen
799 1277 117 35 von
960 1251 110 61 den
1112 1253 303 80 Wimpern
1465 1255 146 62 löste
1653 1256 115 61 und
1810 1258 113 70 fiel,
1965 1256 298 61 wunderte
2305 1256 135 72 sich,
2491 1255 110 62 daß

356 1348 113 61 ihre
517 1345 236 63 Stimme
802 1347 139 59 nicht
990 1345 309 78 gebrochen
1349 1347 192 78 klang,
1592 1349 116 61 und
1757 1349 217 73 dachte,
2023 1361 83 50 sie
2147 1350 96 61 hat
2284 1350 105 61 sich
2432 1350 168 60 schon

358 1441 173 61 daran
572 1438 289 80 gewöhnt,
903 1439 276 63 während
1221 1439 99 63 des
1363 1442 283 62 Weinens
1687 1469 75 35 zu
1804 1446 277 76 sprechen,

436 1532 203 62 »Aber
681 1532 98 61 der
812 1533 207 61 Kaiser
1052 1544 70 52 ist
1153 1544 248 52 verreist.
1439 1535 173 62 Ganz
1644 1546 133 52 weit
1810 1547 53 50 in
1898 1537 431 62 Dänemark,..
2366 1538 127 61 Das
2529 1547 70 51 ist

357 1639 70 51 im
468 1627 303 63 Norden,«

427 1721 333 61 Allmählich
818 1720 154 62 hatte
1023 1723 105 59 sich
1179 1731 75 53 im
1303 1724 226 61 Dichter
1580 1724 98 61 der
1727 1725 101 62 das
1879 1726 250 61 Weinen
2186 1724 413 63 verhindernde

355 1817 185 59 Druck
581 1815 235 63 verteilt,

433 1909 221 61 »Einen
696 1909 160 61 Brief
889 1908 111 61 hab
1042 1909 75 60 ich
1160 1908 113 62 ihm
1312 1911 447 77 geschrieben.,.
1801 1912 165 61 Aber
2007 1912 76 62 ob
2124 1913 92 61 ihn
2258 1913 99 61 der
2390 1913 209 61 Kaiser

351 2003 170 78 kriegt
560 2003 162 61 hat?«

428 2098 98 60 Da
567 2097 86 61 fiel
695 2106 119 52 sein
859 2097 232 61 Gesicht
1141 2107 53 52 in
1237 2097 156 62 ihren
1437 2098 195 63 Schoß,
1686 2100 113 61 Die
1848 2100 476 77 angesammelten
2365 2096 231 65 Tränen

351 2190 167 62 vieler
550 2190 163 79 Jahre
752 2190 202 62 kamen
996 2200 56 51 in
1085 2191 169 70 Fluß,
1296 2191 283 78 getrieben
1622 2192 117 61 und
1778 2194 271 76 gestoßen
2089 2217 117 36 von
2248 2192 349 61 brüllendem

353 2285 238 61 Heulen,

427 2379 204 78 Einige
664 2379 164 61 Male
861 2380 158 60 strich
1061 2388 81 52 sie
1175 2379 199 61 schnell
1409 2379 138 61 über
1579 2389 192 51 seinen
1804 2380 350 79 Hinterkopf
2180 2380 116 61 und
2331 2380 132 61 hielt
2495 2405 104 36 so®

355 2473 106 60 fort
501 2472 213 61 wieder
756 2472 109 62 den
907 2472 324 62 zuckenden
1273 2473 227 78 Körper
1542 2473 122 61 fest.

427 2567 133 60 Den
616 2566 203 62 beiden
875 2566 324 79 gegenüber
1255 2565 185 62 lehnte
1499 2565 99 62 der
1646 2567 236 60 Wärter
1940 2591 72 36 an
2070 2567 99 61 der
2218 2567 228 71 Wand,
2506 2567 91 62 die

352 2660 206 61 Hände
601 2684 91 37 am
733 2661 246 70 Rücken,
1023 2660 116 61 und
1180 2660 103 61 sah
1325 2685 75 36 zu
1440 2660 213 61 Boden,

433 2754 207 62 »Ganz
672 2754 128 61 kahl
833 2755 301 76 geschoren
1176 2754 127 61 hast
1344 2753 79 61 du
1465 2753 179 62 dich?«
1691 2770 160 61 sagte
1895 2763 81 52 sie
2017 2754 118 61 und
2177 2755 304 61 streichelte
2524 2765 73 51 im

352 2848 182 62 Kreis.

426 2943 114 61 Mit
565 2953 182 52 einem
772 2944 154 60 Ruck
960 2943 115 61 hob
1109 2966 60 38 er
1202 2942 103 62 das
1336 2942 292 62 verheulte
1663 2942 251 62 Gesicht;
1965 2943 169 61 »Geh
2167 2953 151 68 jetzt,
2354 2944 243 71 Mutter,

351 3036 103 76 geh
496 3038 193 75 jetzt!«
737 3036 142 61 Und
920 3036 167 61 stand
1128 3036 112 59 auf,

432 3131 207 61 »Dann
681 3131 107 77 geh
831 3131 75 60 ich
949 3130 169 71 halt,«
1165 3146 159 61 sagte
1366 3139 82 52 sie
1489 3130 352 61 erschrocken
1885 3130 118 61 und
2042 3130 103 61 sah
2187 3131 93 61 ihn
2323 3156 86 37 an,

431 3224 231 62 »Geh!«
709 3224 184 78 klagte
935 3248 74 37 er.

430 3318 209 78 »Jesus,
682 3319 75 61 ich
800 3318 157 77 geh.«
1005 3316 96 63 Sie
1134 3316 103 61 lief
1260 3316 166 78 gleich
1460 3342 132 35 zum
1625 3318 450 71 Reisesäckchen,
2110 3318 103 61 sah
2247 3319 155 61 ihren
2436 3319 163 62 Sohn

352 3433 69 37 an
463 3412 118 61 und
621 3428 160 62 sagte
822 3410 286 79 ängstlich:
1160 3410 199 60 »Aber
1401 3409 90 61 die
1523 3410 273 60 Pritschen
1839 3410 178 61 sollen
2058 3421 54 67 ja
2152 3436 68 37 so
2262 3412 125 61 hart
2418 3422 174 62 sein,«

353 3506 205 61 öffnete
616 3506 103 61 das
769 3506 275 62 Säckchen
1095 3503 118 61 und
1268 3527 109 54 zog
1426 3513 89 51 ein
1565 3503 227 71 kleines,
1842 3506 211 61 weißes
2102 3506 210 61 Kissen
2370 3506 225 64 heraus,

357 3598 201 79 »Legst
598 3601 129 61 dein
731 3601 16 21 7
789 3600 170 78 Kopf
992 3598 74 61 da
1108 3597 263 62 drauf.,.
1415 3597 86 61 Es
1546 3607 71 52 ist
1656 3621 145 54 ganz
1852 3598 155 61 frisch
2050 3598 420 80 überzogen...
2514 3602 85 61 Ich

351 3692 101 77 geh
494 3695 221 61 schon,«

424 3788 116 62 Mit
581 3790 195 61 letzter
819 3786 235 64 Gewalt
1103 3809 205 55 zwang
1350 3809 60 38 er
1451 3786 133 70 sich,
1625 3785 161 79 ruhig
1828 3785 103 62 das
1973 3788 210 61 Kissen
2224 3812 75 37 zu
2337 3789 259 63 nehmen,

430 3883 209 61 »Dann
698 3883 115 61 halt
870 3882 235 77 adjö..,
1165 3880 141 79 Jetzt
1362 3879 151 62 sterb
1562 3880 75 60 ich
1687 3879 118 61 halt
1853 3880 192 63 auch,«
2097 3882 98 61 Da
2243 3882 227 62 lächelte
2519 3893 82 53 sie

352 3977 352 61 wunderbar.
