3550 4572
1111 457 280 48 Leonßard
1418 458 172 48 Trank
1608 482 9 10 •
1636 459 104 50 Die
1776 457 216 51 Ursache

2580 458 95 49 487

442 652 233 79 jähriger
722 646 281 61 Mädchen
1053 654 99 50 mit
1199 646 249 69 nackten,.
1498 646 473 61 Sonnenbräunen
2023 645 426 79 Oberkörpern,
2491 647 183 60 Knie*

442 744 253 63 röckdhen
737 739 117 61 und
887 736 304 71 Sandalen,
1232 736 193 61 radeln
1459 738 91 60 die
1580 739 165 77 glatte
1778 740 200 61 Straße
2012 739 278 70 hinunter,
2324 748 98 50 mit
2454 739 221 61 lachen*

445 840 105 59 den
583 837 234 67 Backen,
859 831 118 61 und
1015 831 434 61 verschwinden.
1495 833 113 61 Die
1641 834 201 62 Straße
1884 844 69 52 ist
1993 834 129 61 leer.
2167 834 194 60 Leises
2404 831 267 63 silbernes

447 932 205 75 Singen
695 934 197 54 ertönt.

518 1023 84 60 Er
634 1021 221 61 lächelte
897 1018 148 78 selig.
1095 1018 57 60 »I
1193 1033 193 46 streun
1426 1030 110 66 jetz
1578 1044 31 36 e
1650 1021 143 61 bißle
1834 1046 92 36 am
1967 1021 240 62 Wasser
2247 1044 181 38 rum.«

518 1117 120 60 Der
671 1113 274 63 Schließer
984 1129 111 43 trat
1134 1111 214 61 wieder
1388 1121 104 52 ein.
1536 1113 115 61 Mit
1692 1113 110 63 ihm
1845 1125 88 51 ein
1975 1125 230 51 zweiter
2239 1113 294 70 Schließer,
2573 1112 99 62 der

441 1212 249 64 Priester,
732 1206 99 60 der
871 1205 423 70 Staatsanwalt,
1336 1206 135 60 noch
1514 1215 123 52 eine
1678 1207 230 61 Anzahl
1948 1207 331 72 Menschen,
2320 1232 67 36 so
2430 1206 110 62 daß
2582 1206 90 61 die

441 1301 230 64 schmale
711 1299 162 62 Zelle
921 1299 249 79 plötzlich
1212 1299 178 61 voller
1430 1300 245 65 schwarz
1724 1301 334 77 gekleideter
2097 1303 250 59 Männer
2388 1326 133 36 war.
2571 1301 101 61 Bei

443 1397 96 61 der
568 1392 121 63 Tür
720 1393 167 61 stand
918 1392 99 61 der
1056 1403 168 66 junge
1259 1393 565 77 Offizialverteidiger
1856 1404 96 51 mit
1986 1395 248 61 frischem
2271 1394 248 71 Gesicht,
2561 1393 109 62 den

442 1487 341 81 glänzenden
817 1486 277 78 Zylinder
1134 1496 55 50 in
1231 1486 99 62 der
1362 1487 191 63 Hand.

515 1585 119 58 Der
658 1582 224 60 Dichter
906 1580 165 62 stand
1104 1581 118 68 auf,
1255 1581 209 61 machte
1499 1581 109 61 den
1633 1582 437 79 Eingetretenen
2105 1593 121 51 eine
2261 1583 225 61 höfliche
2511 1583 160 61 Ver*

442 1677 277 75 beugung,
769 1673 242 70 lächelte,
1053 1682 128 69 ging
1223 1673 108 60 auf
1364 1682 81 52 sie
1485 1699 94 46 zu,
1622 1676 116 60 und
1778 1679 229 59 streckte
2049 1676 166 61 ihnen
2256 1676 162 61 beide
2459 1675 211 62 Hände

442 1769 222 61 herzlich
705 1792 132 36 zum
879 1766 290 79 Empfang
1209 1766 108 61 hin.

515 1863 110 59 Die
658 1860 273 62 Schließer
972 1859 231 62 drehten
1245 1869 81 51 sie
1367 1861 132 59 nach
1541 1860 188 62 hinten
1763 1861 117 61 und
1919 1861 182 79 legten
2136 1861 89 63 die
2257 1860 411 62 Handschellen

443 1955 187 63 daran.

517 2048 119 61 Der
677 2048 224 61 Dichter
949 2048 105 61 ließ
1105 2071 60 38 es
1216 2048 245 61 lächelnd
1508 2049 324 78 geschehen,
1882 2051 190 78 sprach
2121 2049 368 63 unterdessen
2530 2060 138 52 seit*

440 2152 167 51 wärts
649 2166 131 37 zum
814 2142 405 62 Staatsanwalt
1250 2142 287 79 gewandt:
1583 2143 193 72 »Bitte,
1818 2145 408 77 entschuldigen
2261 2145 95 61 Sie
2388 2169 126 46 nur,
2555 2143 110 63 daß

442 2235 338 63 damals,..«

516 2329 120 61 Der
677 2329 405 62 Staatsanwalt
1122 2331 308 78 verbeugte
1475 2333 105 59 sich
1623 2331 117 61 und
1781 2349 158 61 sagte
1981 2331 286 63 errötend:
2315 2333 242 61 »Bitte?«

522 2423 188 61 »Nein
760 2425 148 60 nein!
958 2424 438 79 Entschuldigen
1438 2425 187 63 Sie...
1660 2425 97 63 Sie
1805 2425 124 63 sind
1978 2427 260 59 natürlich
2286 2427 381 61 vollkommen

442 2516 329 77 unschuldig.
813 2517 126 61 Das
984 2517 209 62 Ganze
1236 2527 70 52 ist
1344 2528 54 68 ja
1439 2519 166 61 nichts
1647 2528 195 52 weiter
1881 2519 81 61 als
2006 2518 407 62 Zeitursache.«

513 2608 84 61 Er
621 2620 137 50 wies
785 2620 98 52 mit
916 2612 477 77 schiefgeneigtem
1420 2612 168 79 Kopf
1613 2612 232 77 fragend
1877 2637 102 36 zur
2003 2608 122 65 Tür
2159 2612 117 61 und
2308 2622 128 67 ging
2467 2637 200 39 voran.

513 2703 186 60 Durch
741 2705 90 61 die
874 2705 227 77 Gänge,
1143 2706 90 61 die
1282 2730 116 37 von
1448 2724 163 43 roten
1654 2706 390 62 Gasflammen
2087 2707 244 60 schwach
2373 2706 295 62 erleuchtet

438 2818 205 39 waren.
695 2796 295 62 Niemand
1038 2800 190 77 sprach
1279 2809 89 52 ein
1410 2800 193 62 Wort,
1652 2799 139 62 Nur
1840 2799 101 61 das
1992 2799 299 77 vielfüßige
2334 2799 333 80 Getrampel

440 2912 118 37 war
598 2889 220 62 hörbar.

513 2982 121 61 Der
681 2983 223 63 Dichter
960 2987 192 61 mußte
1203 2987 89 61 die
1340 2988 216 76 Augen
1613 2987 297 72 schließen,-
1960 2987 261 61 niemand
2279 2987 121 71 sah,
2450 2987 109 63 daß
2610 3012 61 37 er

441 3074 134 63 über
609 3077 87 61 die
729 3077 484 80 Frühlingssonne
1247 3081 174 62 heiter
1461 3081 241 71 lächelte,
1738 3082 90 60 die
1861 3081 109 61 den
2002 3105 216 53 ganzen
2247 3081 430 80 Gefängnishof

438 3168 233 65 erhellte.

511 3262 120 62 Der
671 3265 162 63 kahle
875 3266 654 79 Psychologieprofesser
1570 3267 154 61 strich
1765 3267 107 60 sich
1924 3267 140 60 über
2105 3267 108 61 den
2254 3267 180 79 Kopf,
2482 3269 84 62 als
2607 3293 61 38 er

437 3378 99 38 aus
581 3358 97 62 der
709 3356 122 65 Tür
871 3370 55 51 in
969 3360 108 61 den
1111 3361 134 60 Hof
1278 3377 127 54 trat,
1448 3361 117 60 und
1607 3378 176 44 setzte
1816 3370 192 51 seinen
2042 3361 276 78 Zylinder
2359 3363 116 71 auf,
2519 3363 148 62 denn

437 3469 57 38 es
541 3473 121 39 war
708 3469 147 46 trotz
904 3454 445 62 Sonnenscheins
1400 3453 382 77 morgenkühl.
1835 3453 87 61 Er
1969 3478 122 36 war
2140 3453 100 62 der
2289 3464 213 69 einzige
2550 3481 117 38 von

440 3539 104 64 den
611 3544 478 74 Geschworenen,
1153 3547 101 61 der
1308 3547 107 61 sich
1471 3547 82 61 als
1603 3547 203 77 Zeuge
1863 3547 90 59 für
2009 3548 90 61 die
2146 3548 366 79 Hinrichtung
2566 3573 104 55 ge*

442 3637 200 62 meldet
682 3639 161 63 hatte.

516 3728 300 68 Während
856 3735 100 61 der
990 3733 518 79 Urteilsverlesung
1547 3735 192 62 blickte
1779 3735 101 62 der
1918 3736 226 61 Dichter
2183 3745 339 56 interessiert
2563 3740 103 62 das

436 3817 113 65 Beil
597 3826 107 61 auf
744 3827 127 63 dem
921 3838 56 52 in
1026 3827 99 61 der
1167 3829 195 61 Sonne
1411 3827 307 63 stehenden
1752 3829 166 61 Block
1967 3853 93 48 an,
2111 3830 100 62 der
2258 3840 162 53 einen
2461 3832 207 63 blauen

437 3911 428 84 Schlagschatten
906 3921 160 61 warf.
1110 3921 118 61 Wo
1277 3921 101 61 das
1430 3921 216 78 fünfzig
1684 3921 188 63 Pfund
1922 3924 244 62 schwere
2205 3925 118 62 Beil
2365 3949 91 38 am
2498 3928 172 62 Ende
