3458 4572
1047 527 95 49 522

2071 527 218 48 GCossen

1051 715 357 60 »blondhäutige
1428 716 263 47 Britannia«
1726 730 82 31 zur
1830 711 233 50 Freundin
2096 730 61 29 zu

1050 792 161 50 haben,
1233 792 126 56 <Daß
1378 810 48 31 er
1444 791 113 48 über
1566 791 142 60 Japan
1726 795 44 43 in
1788 789 89 49 den
1893 789 264 49 dümmsten

1047 869 282 49 Pöbeltönen
1352 869 140 54 flötet,
1514 866 214 48 wundert
1760 866 198 55 keinen.)
1990 865 65 49 So
2079 884 77 30 er»

1047 946 131 48 blickt
1218 964 48 29 er
1304 945 119 48 denn
1463 942 221 50 während
1723 942 145 50 dreier
1910 942 249 50 Londoner

1049 1021 127 62 Tage
1207 1020 328 61 hauptsächlich
1557 1020 228 49 viererlei:
1820 1020 90 49 daß
1933 1039 106 30 man
2063 1039 93 29 un»

1047 1100 197 59 geheure
1265 1099 398 59 Anstrengungen
1685 1104 61 41 im
1769 1097 202 50 Werben
1995 1097 161 57 macht,

1046 1176 89 48 daß
1167 1173 213 50 niemand
1412 1175 89 47 sich
1531 1173 249 50 anwerben
1813 1173 109 58 läßt,
1962 1173 90 50 daß
2085 1175 71 47 die

1045 1252 176 60 Belgier
1253 1251 234 49 unbeliebt
1527 1251 97 49 und
1663 1252 139 60 lästig
1831 1251 203 57 werden,
2066 1251 90 49 daß

1046 1346 107 31 man
1183 1328 163 59 Angst
1385 1346 89 31 vor
1515 1328 103 49 dem
1658 1328 230 60 Zeppelin
1929 1327 103 56 hat/
2072 1327 83 50 das

1045 1405 184 49 übliche.
1254 1406 51 47 In
1323 1405 271 49 Frankreich
1613 1405 110 49 aber
1746 1406 141 48 bleibt
1908 1424 49 30 er
1975 1407 179 57 länger:

1044 1482 104 50 weil
1180 1500 50 32 er
1258 1482 73 50 die
1362 1483 136 49 Reise
1531 1488 82 44 mit
1644 1482 104 50 dem
1781 1482 265 61 Vorgefühl
2079 1482 80 48 der

1042 1558 290 61 Abneigung
1381 1577 146 43 gegen
1576 1561 148 48 dieses
1766 1561 132 48 Land
1947 1579 58 30 an
2009 1572 146 37 treten

1042 1637 122 48 kann
1188 1637 64 55 <S,
1277 1638 96 55 80),
1406 1637 95 48 und
1531 1637 106 50 weil
1668 1656 50 31 er
1741 1638 272 49 Frankreich
2044 1655 111 32 ver»

1042 1714 285 61 unglimpfen
1366 1714 131 49 wird.
1539 1716 198 49 Gesetzt
1778 1716 89 48 den
1906 1714 121 59 Fall,
2058 1732 97 32 von

1041 1791 62 48 all
1135 1792 89 47 den
1256 1791 271 49 berichteten
1559 1792 316 49 Einzelheiten
1910 1798 124 42 seien
2067 1791 88 49 alle

1041 1868 154 56 wahr,-
1233 1887 49 31 es
1323 1868 104 61 läge
1460 1869 101 50 also
1594 1869 186 50 Handel
1813 1869 65 55 <S,
1911 1871 74 54 87,
2019 1872 60 47 88
2089 1871 66 53 ff,)

1041 1944 97 49 und
1180 1946 233 48 Gewerbe
1446 1946 65 54 <S.
1540 1947 69 54 182
1609 1947 94 54 ff.)
1743 1963 119 44 ganz
1902 1946 250 57 darnieder,

1042 2022 71 49 die
1155 2022 124 49 Zahl
1320 2023 80 50 der
1432 2022 154 51 Toten
1627 2029 66 44 sei
1732 2024 267 60 ungeheuer
2038 2024 116 61 groß

1041 2099 66 56 <S.
1144 2101 222 60 136/137)
1505 2102 167 48 welche
1721 2102 303 61 Gelegenheit
2072 2121 84 30 zur

1041 2177 266 49 Ehrfurcht!
1403 2196 48 30 es
1470 2178 118 60 gäbe
1605 2184 46 42 in
1661 2178 127 50 Zivil
1806 2197 95 31 von
1917 2179 238 49 Männern

1041 2272 88 30 nur
1138 2255 190 49 Kranke
1345 2255 94 49 und
1449 2255 209 61 Krüppel
1982 2255 65 55 (S.
1750 2257 120 54 121),
1889 2257 73 48 die
1971 2257 184 49 Damen

1039 2349 114 32 vom
1186 2334 151 47 Roten
1370 2333 160 48 Kreuz
1647 2334 168 50 welche
1848 2333 307 61 Gelegenheit

1040 2427 85 32 zur
1145 2410 145 49 Wut!
1395 2410 176 50 trieben
1601 2412 154 61 nichts,
1790 2412 68 48 als
1881 2410 274 63 Sportbettel

1040 2506 61 29 an
1133 2488 88 48 den
1254 2488 331 49 Eisenbahnen
1616 2489 98 48 und
1745 2489 287 50 kümmerten
2065 2489 89 50 sich

1041 2564 118 50 nicht
1180 2583 78 31 um
1281 2565 71 49 die
1374 2565 352 50 Verwundeten
1747 2565 65 56 <S,
1837 2565 179 63 78/81),
2046 2586 108 29 man

1040 2642 314 49 verheimliche
1407 2643 72 48 die
1535 2643 192 49 Anzahl
1781 2644 81 48 der
1917 2645 237 49 Lazarette

1041 2719 64 55 <S.
1121 2720 122 55 162),
1261 2720 72 49 die
1342 2719 160 50 Städte
1520 2720 133 60 lägen
1663 2722 249 61 schmutzig
1921 2723 233 56 <5.93/94)

1040 2796 96 49 und
1155 2802 89 44 wie
1268 2798 172 59 geleert
1459 2817 96 29 von
1580 2799 273 60 Epidemien
1877 2798 63 56 <S,
1961 2799 97 57 83),
2081 2798 73 49 die

1039 2874 262 61 Regierung
1333 2874 120 49 habe
1484 2875 89 48 sich
1608 2880 44 43 in
1675 2875 246 50 Bordeaux
1943 2877 103 48 aufs
2080 2877 72 48 al»

1039 2951 185 50 bernste
1244 2953 291 57 benommen,
1557 2953 118 49 habe
1698 2954 273 61 geschwelgt
1986 2954 66 56 <S.
2071 2955 83 55 97)

1040 3029 96 48 und
1167 3035 67 43 sei
1267 3030 305 50 allenthalben
1606 3030 168 61 gehaßt
1806 3030 95 50 und
1921 3033 231 48 verachtet

1041 3105 66 55 <S,
1139 3106 179 56 98/99),
1360 3108 96 47 und
1494 3125 100 31 was
1635 3106 279 61 dergleichen
1953 3108 201 49 häßliche

1039 3183 138 59 Züge
1210 3183 127 49 mehr
1370 3185 84 47 auf
1482 3184 103 48 dem
1609 3185 214 50 Gesichte
1855 3186 297 47 Frankreichs

1039 3260 283 50 verzeichnet
1347 3266 145 44 seien:
1517 3263 157 48 mußte
1695 3268 75 43 ein
1790 3263 364 61 Unbefangener

1040 3338 117 48 nicht
1177 3339 297 58 ergrimmen?
1498 3344 61 54 ja,
1581 3340 157 48 mußte
1761 3345 73 43 ein
1855 3340 192 48 Mensch
2071 3345 83 43 mit

1039 3415 321 50 menschlichen
1403 3415 234 51 Gefühlen
1685 3418 117 48 nicht
1840 3423 164 54 zornig
2043 3418 109 48 auf»

1037 3494 198 48 schreien
1277 3494 116 48 über
1431 3512 56 30 so
1519 3494 91 49 viel
1643 3495 509 60 Pflichtvergessenheit,

1037 3570 117 48 nicht
1169 3571 85 48 tief
1265 3581 188 38 trauern
1477 3571 113 48 über
1606 3572 174 49 solches
1797 3572 212 60 Unglück
2025 3579 125 43 eines

1036 3665 136 31 wenn
1197 3647 144 50 selbst
1364 3649 326 49 verblendeten
1700 3650 197 56 Volkes,
1921 3650 117 48 nicht
2062 3650 89 49 hell

1039 3724 293 49 aufbrennen
1357 3731 46 43 in
1425 3726 355 62 Bewunderung
1812 3729 74 47 für
1907 3732 73 44 ein
2001 3727 150 50 Män»

1040 3801 199 57 nerheer,
1272 3802 83 50 das
1379 3815 122 37 trotz
1524 3804 59 48 all
1616 3804 103 49 dem
1742 3805 194 48 heldisch
1959 3806 192 60 angreift

1040 3876 95 47 und
1164 3879 170 49 wieder
1357 3881 207 58 angreift,
1596 3880 83 49 das
1703 3881 120 50 ohne
1846 3887 99 44 eine
1967 3881 180 50 Nation

1040 3957 61 43 im
1122 3955 196 57 Rücken,
1351 3956 122 50 ohne
1491 3959 329 59 Wagenparks
1841 3978 97 30 von
1958 3960 192 48 Liebes»

2206 711 167 61 gaben,
2424 712 122 48 ohne
2598 712 222 61 praktisch
2836 737 28 17 *
2881 713 246 50 technische
3177 715 139 49 Aus»

2206 795 211 54 rüstung,
2472 788 120 50 ohne
2646 795 101 43 eine
2801 788 211 51 achtbare
3057 791 260 62 Regierung

2206 866 157 49 diesen
2387 867 188 48 Winter
2606 885 56 30 so
2695 867 308 51 überstanden
3026 868 105 49 hat?
3154 870 161 49 Welch

2206 948 132 43 einen
2393 943 296 61 ungeheuren
2737 944 183 49 Vorrat
2966 946 350 59 unangefaulter

2206 1021 135 48 Kraft
2379 1033 121 37 setzt
2539 1022 137 48 allein
2709 1022 124 49 diese
2864 1023 223 60 Leistung
3118 1027 196 47 voraus!

2205 1097 122 49 Herr
2365 1098 196 61 Jacques
2601 1099 146 49 macht
2787 1099 209 49 innerlich
3037 1099 72 49 die
3147 1099 168 51 Phrase

2205 1174 80 49 der
2309 1174 253 50 Dekadenz
2586 1177 297 48 Frankreichs
2906 1182 99 49 mit,
3036 1176 95 49 und
3153 1195 55 30 so
3233 1177 81 49 be«

2205 1253 146 50 merkt
2375 1271 49 30 er
2448 1253 175 50 überall
2642 1254 65 55 <S.
2722 1254 109 55 168)
2854 1254 83 50 tief
2938 1259 199 44 innerste
3154 1256 160 58 Fäule,

2204 1348 77 31 wo
2314 1331 167 59 gerade
2514 1331 147 48 hinter
2684 1331 60 48 all
2765 1331 104 49 dem
2891 1332 310 57 Verderbten,
3234 1333 80 48 das

2205 1425 50 31 er
2286 1407 218 57 aufzählt,
2539 1407 71 48 die
2636 1408 285 48 unverletzte
2943 1407 225 49 Volkheit
3191 1411 123 48 stark

2205 1484 95 48 und
2322 1484 171 61 tüchtig
2516 1485 235 58 erscheint,
2784 1484 73 51 die
2880 1485 227 49 imstande
3128 1491 75 52 ist,
3235 1492 80 43 mit

2204 1562 61 48 all
2298 1562 104 48 dem
2426 1563 297 48 Verrotteten
2755 1562 147 49 hinter
2934 1563 89 48 sich
3056 1581 60 29 zu
3145 1563 169 48 wider»

2204 1639 176 57 stehen,
2411 1658 60 29 zu
2492 1640 231 60 kämpfen,
2756 1640 298 60 anzugreifen
3087 1639 95 50 und
3205 1658 109 31 aus»

2204 1715 251 50 zudauern.
2491 1717 161 48 Wenn
2694 1734 166 32 unsere
2892 1715 221 50 Soldaten
3146 1734 60 31 an
3239 1717 75 49 der

2205 1793 269 49 Westfront
2506 1794 95 48 dies
2624 1794 120 48 Buch
2778 1813 58 29 zu
2869 1794 126 48 lesen
3027 1793 288 58 bekommen,

2204 1875 66 44 sie
2317 1870 185 50 werden
2552 1872 87 49 den
2680 1873 272 48 Franzosen
3000 1870 112 49 noch
3160 1870 154 50 besser

2205 1948 169 57 achten,
2419 1948 68 49 als
2529 1954 66 43 sie
2634 1967 50 32 es
2726 1948 201 49 ohnehin
2967 1960 111 42 tun,-
3122 1949 191 58 Krieger

2205 2025 156 49 achten
2379 2024 88 50 den
2485 2025 162 59 Feind,
2665 2027 123 48 Herr
2805 2028 194 59 Jacques
3019 2027 107 48 aber
3142 2037 172 38 trauert

2204 2103 132 54 nicht,
2368 2103 111 48 auch
2511 2110 137 42 zürnt
2679 2104 113 50 oder
2813 2104 272 50 bewundert
3114 2123 50 32 er
3186 2104 127 55 nicht,

2204 2180 199 50 sondern
2445 2185 169 45 notiert
2652 2188 83 42 mit
2774 2188 147 43 einem
2962 2183 230 59 Behagen,
3234 2183 77 48 das

2203 2258 264 59 jedermann
2516 2259 325 49 fremdbleiben
2891 2265 152 56 möge,
3092 2261 95 47 und
3234 2264 77 43 mit

2203 2340 125 43 einer
2360 2336 328 60 impassibilite,
2723 2355 79 31 um
2843 2338 72 48 die
2948 2355 108 31 man
3089 2336 78 50 ihn
3198 2336 112 50 nicht

2203 2411 228 60 beneidet,
2471 2414 147 48 kleine
2650 2415 169 60 Dinge,
2858 2433 88 32 vor
2977 2414 137 51 deren
3147 2415 162 48 Klein»

2203 2489 94 49 heit
2318 2490 93 48 ihm
2434 2490 148 50 selber
2606 2491 167 49 einmal
2798 2493 164 58 Angst
2981 2493 116 47 wird
3118 2491 65 55 <S.
3207 2491 102 55 168)

2286 2566 110 50 aber
2429 2585 48 31 er
2500 2568 118 48 sieht
2639 2569 140 48 nichts
2806 2569 254 49 Größeres.
3094 2569 214 54 Warum,

2203 2650 61 43 ist
2302 2645 155 48 früher
2499 2658 162 48 gesagt
2699 2646 206 50 worden.
2954 2646 111 50 Nur
3106 2645 203 50 zweimal

2203 2722 86 47 auf
2305 2722 93 47 212
2413 2721 155 50 Seiten
2590 2722 185 50 erreicht
2792 2742 48 30 er
2857 2742 66 38 es,
2944 2729 148 43 einem
3108 2724 198 59 Augen»

2203 2799 110 49 blick
2331 2800 161 48 Dauer
2516 2819 61 30 zu
2595 2801 145 60 geben
2766 2801 96 50 und
2887 2820 60 29 an
2971 2808 102 54 jene
3088 2801 220 50 Schichten

2203 2895 59 29 zu
2284 2875 184 58 rühren,
2491 2876 72 50 die
2589 2895 48 31 er
2660 2896 89 30 uns
2772 2890 133 37 sonst
2925 2879 203 59 schuldig
3151 2877 154 49 bleibt:

2203 2954 69 48 als
2313 2973 48 30 er
2407 2954 104 49 dem
2552 2955 248 49 deutschen
2840 2956 349 48 Verwundeten
3229 2954 79 48 das

2201 3032 127 49 Herz
2361 3032 163 56 stärkt,
2556 3031 150 51 indem
2739 3051 49 31 er
2821 3032 92 50 ihm
2946 3051 96 31 von
3065 3034 127 49 ferne
3212 3036 96 45 eine

2201 3109 210 48 Melodie
2429 3110 200 60 zupfeift,
2646 3110 105 49 weil
2768 3129 49 30 er
2835 3116 83 43 mit
2933 3110 91 49 ihm
3042 3110 117 49 nicht
3174 3109 134 49 reden

2203 3186 134 57 kann,
2373 3186 148 50 dieses
2554 3187 112 50 Lied
2700 3189 360 57 »Deutschland,
3083 3186 223 52 Deutsch»

2201 3262 110 48 land
2327 3262 113 50 über
2457 3263 160 59 alles«,
2633 3265 84 48 das
2735 3265 71 48 die
2822 3265 304 49 französische
3136 3262 170 50 Wache

2201 3340 117 49 nicht
2340 3341 165 56 kennt,-
2526 3341 96 48 und
2643 3342 69 48 als
2731 3349 44 41 in
2793 3344 144 59 Dijon
2958 3344 74 48 bei
3056 3342 79 48 der
3151 3341 155 48 Messe

2201 3424 73 43 ein
2307 3417 240 50 ekstatisch
2579 3420 245 61 singender
2846 3420 140 49 Greis
3010 3425 46 43 in
3080 3418 79 50 der
3181 3415 125 50 Zeile

2203 3495 95 49 »Et
2330 3495 142 49 libera
2504 3515 87 30 nos
2624 3515 28 30 a
2674 3497 153 48 malo«
2862 3497 71 48 die
2958 3496 167 49 letzten
3150 3492 156 52 beiden

2200 3572 165 51 Worte
2403 3586 169 37 ersetzt
2604 3573 136 50 durch
2775 3592 59 31 »a
2868 3575 296 49 Germanis«.
3197 3572 108 47 Hier

2200 3655 60 44 ist
2299 3651 225 49 beidemal
2557 3651 231 49 Substanz
2829 3652 172 60 gefaßt,
3040 3650 137 49 Liebe
3216 3644 90 51 und

2199 3728 136 59 Haß,-
2355 3730 95 48 und
2471 3749 54 29 so
2548 3730 297 48 substanziell
2866 3730 212 59 verlangt
3099 3745 106 32 man
3227 3725 77 48 das

2200 3822 146 42 ganze
2377 3806 132 48 Buch,

2260 3883 122 47 Man
2413 3901 112 42 sage
2559 3883 131 55 nicht,
2730 3882 124 50 diese
2886 3883 170 50 sauber
3088 3879 216 64 geschrie»

2199 3959 148 50 benen
2370 3959 385 61 Zeitungsstücke
2788 3961 236 48 erlaubten
3055 3959 86 50 den
3163 3956 141 50 Maß»
