3392 4572
1472 564 273 52 Leonhard
1771 557 168 52 Lranh
1953 581 8 9 •
1981 555 100 49 Die
2118 545 214 54 Ursache

796 588 93 52 414

892 800 22 28 »
922 773 143 61 Von
1106 777 147 52 einer
1291 782 120 39 was
1421 759 52 57 ?«

892 863 243 63 »Hure!«

896 959 230 58 »Hören
1167 950 110 66 Sie,
1318 936 273 82 eigentlich
1630 928 195 65 schlafe
1865 924 75 60 ich
1981 927 162 53 schon
2173 939 21 28 «
2966 988 11 21 ,

899 1050 179 61 »Man
1119 1045 201 58 könnte
1360 1032 103 61 sich
1503 1039 54 66 ja
1588 1045 191 55 sagen:
1820 1012 287 67 schließlich
2140 1009 96 60 hat
2269 1003 132 62 auch
2434 1000 88 60 die
2554 998 160 60 Hure
2747 994 231 72 Augen.

818 1145 165 61 sdme
1023 1140 94 57 der
1156 1133 232 60 Diditcr*
2822 1185 11 11 •
2872 1176 26 29 c
2931 1174 28 31 j
3012 1197 10 8 *

908 1234 188 66 »Gott,
1138 1247 127 53 mag
1304 1221 98 59 der
1432 1213 137 63 Kerl
1609 1210 103 61 sich
1754 1213 397 61 meinetwegen
2194 1188 288 65 aushalten
2523 1185 231 63 lassen,«
2794 1185 101 52 net
2927 1185 95 48 der

826 1328 220 62 Doktor
1087 1314 264 80 ärgerlich.
1400 1309 157 60 »Das
1599 1313 67 51 ist
1704 1309 55 67 ja
1798 1295 165 62 nichts
2002 1290 256 61 Neues.«

901 1417 139 62 Und
1073 1413 95 59 der
1197 1407 221 62 Dichter
1450 1402 260 59 flüsterte:
1751 1390 203 60 »Dann
1988 1392 149 53 seien
2169 1388 101 51 wir
2303 1375 139 61 eben
2476 1369 263 62 einander
2762 1376 221 47 wert..
3016 1404 9 12 .

830 1515 117 59 Für
986 1508 107 59 den
1135 1498 311 66 Gesunden
1486 1477 569 76 Menschenverstand
2094 1483 67 51 ist
2201 1472 87 58 die
2328 1468 233 71 Lösung
2602 1459 218 61 einfach.
2870 1459 162 55 Aber

831 1605 91 69 idi,
966 1601 128 59 aber
1135 1604 118 59 wir,
1293 1599 119 59 wir,
1453 1594 100 50 wir
1595 1580 119 69 alle,
1755 1583 100 52 wir
1894 1568 199 64 betteln
2135 1563 134 62 noch
2310 1558 166 61 lieber
2516 1554 87 60 die
2634 1552 162 59 Hure
2829 1569 89 46 an,
2955 1549 79 53 als

833 1698 104 59 den
980 1686 311 66 Gesunden
1329 1667 612 75 Menschenverstand.«
2658 1736 30 39 R
2853 1729 63 25 tt

909 1776 389 70 Automatisch
1339 1771 125 79 griff
1500 1792 57 36 er
1596 1764 133 62 nach
1761 1756 222 66 Mantel
2021 1751 117 62 und
2169 1748 124 60 Hut
2331 1742 117 61 und
2486 1736 202 63 verließ
2721 1733 102 60 das
2853 1731 184 58 Haus.

912 1878 86 61 Es
1039 1896 119 38 war
1200 1891 174 56 gegen
1414 1859 177 66 zwölf
1621 1856 129 61 Uhr
1798 1850 199 62 nachts.
2048 1846 121 59 Der
2208 1831 527 70 Kurfürstendamm
2775 1845 120 39 war
2936 1825 108 56 fast

840 1966 398 68 menschenleer
1277 1959 116 61 und
1432 1949 308 67 unwirklich
1781 1944 105 61 hell
1925 1963 135 39 vom
2101 1935 223 61 Schnee,

918 2063 121 60 Der
1070 2056 221 63 Dichter
1331 2049 100 63 sah
1473 2044 104 63 auf
1610 2043 107 59 den
1747 2037 215 67 Bettler,
2005 2032 114 67 der,
2160 2047 174 57 gegen
2376 2020 86 59 die
2496 2016 413 61 Gartenmauer
2950 2028 99 54 ge*

844 2156 167 69 lehnt,
1051 2160 71 52 im
1166 2147 207 61 Schnee
1412 2140 99 61 saß
1552 2135 115 62 und
1708 2136 240 66 eintönig
1988 2124 89 60 die
2117 2109 471 71 Ziehharmonika
2629 2104 204 78 spielte.

924 2248 113 59 Ein
1088 2239 356 73 überelegant
1491 2226 327 81 gekleidetes
1869 2209 499 72 Straßenmädchen
2416 2202 148 62 warf
2615 2222 86 36 ein
2752 2194 303 61 Geldstuck

849 2352 54 51 in
946 2339 105 60 den
1092 2335 124 60 Hut
1256 2331 96 59 des
1394 2324 244 67 Bettlers,
1680 2319 96 59 der
1816 2323 117 52 sein
1974 2306 149 80 Spiel
2164 2297 318 67 unterbrach
2532 2291 116 62 und
2697 2312 85 37 ein
2825 2291 232 54 anderes

851 2433 137 61 Lied
1027 2453 71 37 zu
1138 2425 204 78 spielen
1381 2420 244 74 begann:

1478 2559 113 59 Die
1630 2549 245 64 Liiiüebe
1916 2555 69 51 ist
2025 2542 101 59 das
2168 2537 281 64 Schönste,

1479 2651 126 59 Das
1647 2645 264 61 Schönste
1953 2635 104 61 auf
2091 2634 96 58 der
2225 2626 172 62 Weit.

937 2808 126 59 Das
1120 2789 496 72 Straßenmädchen
1681 2781 142 62 blieb
1887 2776 192 62 stehen
2142 2770 116 61 und
2321 2761 275 77 schimpfte
2658 2751 228 64 wutend
2941 2770 130 38 zum

866 2898 198 65 Bettler
1103 2888 214 64 zurück,
2270 2951 13 13 ~
2733 2938 15 26 i
2880 2933 23 31 T
2931 2941 10 11 .

952 2982 307 69 »Weshalb
1299 2975 323 66 verhöhnen
1663 2970 94 61 Sie
1797 2967 145 58 denn
1983 2959 122 61 Ihre
2143 2952 378 63 Wohltäterin
2569 2959 100 46 mit
2717 2939 124 59 dem
2882 2931 185 72 Lied,«

873 3087 173 64 fragte
1087 3078 95 60 der
1223 3072 236 62 Dichter,
2876 3118 148 33 u-l

947 3177 121 57 Der
1107 3167 193 64 Blinde
1342 3163 213 60 richtete
1596 3156 88 59 die
1723 3153 179 59 leeren
1944 3138 415 81 Augenhöhlen
2401 3128 231 78 fragend
2673 3149 52 36 in
2767 3124 89 58 die
2895 3124 98 55 Ho
3036 3139 43 37 e.

951 3269 114 59 Ein
1113 3281 171 55 vages
1334 3245 397 81 Glücksgefühl
1779 3239 184 79 ergriff
2005 3237 107 58 den
2161 3231 236 61 Dichter.
2456 3224 156 59 »Das
2663 3217 420 61 Schooooonste

880 3363 101 59 auf
1025 3360 95 59 der
1158 3352 208 68 Welt«,
1417 3368 138 52 sang
1605 3342 88 59 die
1740 3326 482 72 Ziehharmonika,
2272 3319 139 63 Lind
2462 3317 78 58 als
2590 3336 56 37 er
2695 3311 100 58 das
2838 3311 248 71 elegante

881 3452 276 63 Mädchen
1200 3441 272 78 eingeholt
1511 3438 168 64 hatte,
1719 3444 155 60 sagte
1916 3446 79 39 er:
2044 3419 144 68 »Sie,
2230 3438 56 36 er
2328 3421 68 51 ist
2436 3406 198 63 blind.«

960 3546 122 58 Das
1124 3526 598 91 gewohnheitsmäßige
1761 3507 563 82 Anbietungslächeln
2366 3501 235 61 erschien
2643 3495 101 61 auf
2778 3495 173 58 ihrem
2992 3510 100 55 ge*

887 3637 265 70 puderten
1197 3627 238 63 Gesicht.
2611 3692 11 11 .
2683 3681 17 26 *
2731 3689 12 13 .
2822 3678 31 29 f*
3017 3673 37 34 c

974 3727 150 60 »Wir
1164 3723 181 60 haben
1385 3740 104 38 uns
1522 3708 296 83 getäuscht,
1860 3726 57 38 er
1949 3711 69 50 ist
2048 3695 201 70 blind,«
2297 3706 154 61 sagte
2485 3709 57 37 er
2576 3678 356 77 eindringlich.
2983 3678 113 55 »So

900 3836 173 45 etwas
1112 3815 173 61 macht
1326 3812 96 59 der
1461 3807 150 61 nicht.
1652 3803 121 60 Der
1812 3796 194 78 gehört
2046 3801 54 66 ja
2141 3811 72 38 zu
2253 3806 156 39 uns.«

974 3906 268 64 Lächelnd
1272 3906 141 74 legte
1446 3924 57 37 er
1535 3899 81 58 ihr
1649 3895 87 59 die
1766 3890 177 62 Hand
1974 3885 105 61 auf
2104 3883 86 59 die
2225 3876 241 63 Schulter
2499 3869 114 61 und
2646 3867 254 61 scherzte:
2950 3859 150 60 »Der

906 4000 272 63 Gesunde
1223 3985 569 72 Menschenverstand
1828 3981 216 61 brächte
2085 3976 100 58 das
2228 3972 171 73 fertig.
2452 3962 262 64 Glauben
2758 3960 92 57 Sie
2898 3960 199 53 nicht.«
