3525 4572
1029 540 94 52 508

1583 545 133 48 Max
1900 543 9 49 Brocf
1910 566 143 12 ■
2297 541 155 62 Ügcßo
2119 543 141 49 Braß
2261 560 50 32 es
2347 543 115 61 Weg
2493 562 66 31 zu
2594 545 125 49 Gott

1109 729 86 61 Er
1227 729 184 61 wollte
1443 726 374 62 weiterreden,
1851 722 191 80 Tycho
2075 726 133 61 aber
2241 726 220 61 drückte
2493 727 341 77 krampfhaft
2864 738 189 52 seinen
3086 731 164 61 Arm.

1030 820 86 61 Er
1155 821 185 60 wollte
1380 820 165 60 nichts
1585 819 155 60 mehr
1780 818 190 61 hören.
2020 819 149 60 Eine
2218 819 130 61 tiefe
2389 819 152 62 Stille
2591 820 259 61 brauchte
2892 844 58 37 er
2992 846 95 36 um
3129 827 121 69 sich,

1032 923 108 51 wie
1172 914 80 60 als
1284 912 284 61 heilenden
1594 910 332 78 Rückschlag
1959 910 135 61 nach
2127 912 208 61 diesem
2368 913 281 61 tobenden
2674 913 254 62 Wirrsal,
2963 914 59 61 In
3055 918 197 75 großer

1032 1007 319 75 Bewegung
1390 1021 197 44 starrte
1629 1028 59 37 er
1727 1028 103 37 zur
1862 1004 188 61 Decke
2091 1028 214 54 empor,
2343 1015 152 52 seine
2527 1007 212 76 Augen
2772 1008 234 60 wurden
3040 1011 208 63 naß,,.

1035 1098 132 60 »Da
1213 1105 78 53 sei
1332 1096 147 62 Gott
1525 1097 188 78 gelobt
1761 1096 221 61 dafür!«
2036 1097 160 60 brach
2245 1121 59 37 es
2345 1098 247 78 plötzlich
2633 1100 260 77 gewaltig
2933 1125 103 37 aus
3076 1111 176 53 seiner

1028 1190 177 59 Brust
1257 1188 292 79 »Kepler,«
1603 1190 106 59 rief
1752 1213 59 36 er
1859 1190 150 61 dann
2058 1191 117 60 und
2225 1191 227 61 streckte
2500 1192 112 60 ihm
2660 1191 162 62 beide
2870 1194 211 61 Hände
3130 1211 122 45 ent*

1027 1305 197 54 gegen,
1266 1281 287 73 »Freund,
1592 1305 124 38 was
1757 1282 145 60 habe
1944 1282 75 60 ich
2061 1307 95 36 um
2198 1282 179 63 dieses
2410 1284 211 61 Briefes
2653 1285 180 61 willen
2869 1286 166 61 heute
3067 1286 185 64 Nacht

1026 1375 278 76 gelitten!«
1356 1375 140 61 Und
1545 1375 219 78 ruhiger
1812 1375 128 61 fuhr
1981 1399 58 37 er
2079 1376 133 60 nach
2254 1385 150 52 einer
2442 1378 198 77 langen
2683 1379 183 61 Pause
2908 1379 130 62 fort:
3082 1382 170 76 »Jetzt

1026 1468 143 61 weiß
1210 1468 76 60 ich
1328 1491 73 38 es.
1441 1469 102 60 Du
1583 1469 125 60 hast
1747 1469 190 60 diesen
1968 1469 155 61 Brief
2159 1470 214 61 damals
2415 1495 71 36 an
2519 1470 188 63 Ursus
2747 1473 364 76 geschrieben,
3144 1483 107 52 wie

1027 1561 76 59 du
1136 1585 72 35 an
1234 1561 236 62 hundert
1496 1562 206 61 andere
1726 1562 688 77 Dedikationsexemplare
2439 1564 261 78 geschickt
2725 1564 174 61 hast.«
2936 1566 85 59 Er
3045 1590 206 54 verzog

1025 1661 150 52 seine
1224 1661 197 53 immer
1469 1653 137 61 noch
1653 1655 306 59 zitternden
2008 1655 216 77 Lippen
2272 1679 73 37 zu
2396 1663 179 54 einem
2624 1656 329 63 mühsamen
3001 1658 247 63 Lächeln,

1028 1745 343 72 »Natürlich,
1416 1746 99 61 der
1553 1755 165 68 junge
1759 1747 432 78 Privatgelehrte
2240 1771 70 37 an
2362 1749 108 61 den
2522 1749 344 62 kaiserlichen
2908 1751 343 62 Hofmathe*

1025 1839 245 72 matiker,
1312 1840 75 61 da
1426 1841 124 60 sind
1592 1849 176 68 einige
1808 1840 244 61 Phrasen
2095 1841 99 60 der
2234 1841 433 79 Bewunderung
2706 1844 165 61 schon
2914 1868 91 37 am
3045 1845 203 62 Platze!

1025 1931 462 61 Wahrscheinlich
1529 1934 95 60 hat
1665 1957 131 37 man
1839 1934 82 60 dir
1961 1950 246 61 geraten,
2249 1934 114 61 dich
2405 1959 71 36 an
2519 1935 92 61 ihn
2652 1961 73 35 zu
2766 1938 289 61 wenden.«

1106 2027 232 59 »Meine
1378 2027 264 61 Freunde
1683 2027 182 61 haben
1907 2027 106 61 alle
2052 2028 151 60 diese
2243 2028 181 61 Briefe
2466 2028 88 61 für
2593 2031 135 59 mich
2768 2031 360 76 geschrieben.
3170 2032 78 61 Ich

1026 2118 143 61 habe
1202 2127 194 52 immer
1426 2142 104 37 nur
1563 2119 89 60 die
1684 2118 366 64 Unterschrift
2083 2119 317 78 hingesetzt.
2442 2121 81 59 Ich
2556 2121 93 61 bin
2683 2131 88 52 ein
2804 2132 183 69 träger
3019 2124 229 61 Mensch

1023 2220 55 52 in
1120 2212 187 60 diesen
1349 2212 280 78 Dingen.«

1105 2305 221 60 »Deine
1365 2305 295 61 Freunde?
1708 2305 163 61 Auch
1912 2328 73 37 an
2027 2306 133 60 mich
2203 2306 151 61 also?
2403 2305 163 61 Aber
2615 2316 147 61 nein,
2804 2316 146 65 nein,
2989 2309 77 61 ich
3106 2310 142 61 weiß

1022 2406 71 68 ja.
1135 2398 83 59 Ich
1258 2399 93 59 bin
1393 2399 135 59 doch
1568 2399 139 59 nicht
1746 2423 66 37 so
1853 2398 252 62 kleinlich.
2154 2400 119 60 Mir
2321 2408 69 52 ist
2436 2409 56 67 ja
2544 2400 101 61 das
2697 2401 131 61 alles
2870 2424 146 55 ganz
3055 2404 195 77 gleich*

1023 2492 187 77 gültig.
1255 2492 341 60 Dedikation
1630 2493 93 59 hin
1764 2493 117 59 und
1915 2493 113 71 her,
2062 2493 75 59 ich
2171 2493 145 61 weiß
2348 2503 71 66 ja,
2455 2503 109 51 wie
2597 2518 131 37 man
2762 2495 103 60 das
2897 2495 188 61 macht.
3127 2497 120 59 Das

1023 2584 125 59 sind
1180 2584 204 76 Dinge,
1427 2585 88 60 die
1556 2593 73 51 im
1661 2584 328 61 Halbschlaf
2019 2584 318 78 geschehen,
2372 2585 103 61 das
2508 2594 70 54 ist
2610 2587 138 59 nicht
2780 2587 89 61 die
2902 2588 147 61 echte
3081 2589 166 77 große

1025 2676 190 62 Liebe.
1258 2677 174 61 Dann
1474 2677 132 61 aber
1646 2677 127 61 kam
1815 2677 136 61 doch
1991 2701 201 37 unsere
2225 2678 416 73 Freundschaft,
2685 2681 118 61 und
2842 2681 89 61 die
2974 2705 121 37 war
3134 2682 113 60 und

1023 2777 69 54 ist
1139 2770 136 61 doch
1326 2771 129 71 echt,
1506 2794 38 38 o
1592 2780 146 52 mein
1780 2771 308 76 Benjamin,
2137 2771 139 61 nicht
2324 2772 192 61 wahr?
2564 2773 81 60 Ich
2688 2775 144 59 weiß
2874 2798 59 38 es
2973 2784 70 66 ja.
3087 2775 160 61 Alles

1022 2864 255 59 verstehe
1310 2864 77 59 ich
1418 2873 144 67 jetzt.
1595 2864 223 61 Wollen
1844 2873 104 52 wir
1975 2888 105 37 uns
2114 2865 173 60 damit
2312 2866 135 60 noch
2474 2866 190 78 länger
2688 2866 291 62 befassen?
3010 2867 237 63 Keines*

1021 2979 170 54 wegs.
1232 2956 251 78 Erledigt
1523 2966 68 51 ist
1630 2958 102 61 das
1773 2958 117 61 und
1930 2958 78 61 du
2046 2958 108 61 bist
2193 2966 136 64 rein,
2370 2968 146 51 mein
2556 2959 250 70 Freund,
2848 2969 116 52 rein
3005 2970 108 52 wie
3153 2961 90 61 ich.

1022 3048 62 61 O
1125 3057 182 53 meine
1354 3049 245 74 Freude,
1646 3059 179 51 meine
1874 3050 195 78 heilige
2114 3050 226 61 Freude
2390 3074 105 37 nur
2544 3052 256 69 darüber,
2851 3053 109 61 daß
3010 3054 76 60 du
3134 3062 111 52 rein

1021 3140 115 60 und
1176 3142 137 76 groß
1352 3142 107 61 bist
1500 3143 115 60 und
1647 3152 86 51 ein
1769 3142 150 62 edles
1952 3143 174 74 Herz,
2158 3152 146 52 mein
2345 3160 185 44 teurer
2561 3144 224 79 Kepler.
2828 3146 202 61 Dieser
3060 3146 183 61 Ursus

1020 3232 149 72 aber,
1211 3257 116 40 von
1369 3234 127 61 dem
1538 3236 75 59 ich
1646 3243 89 52 nie
1766 3236 177 72 mehr,
1973 3246 89 51 nie
2095 3237 155 60 mehr
2282 3237 168 61 reden
2484 3237 129 72 will,
2648 3238 96 60 der
2777 3238 96 61 hat
2904 3262 101 37 zur
3036 3238 207 61 rechten

1020 3326 132 62 Zeit
1183 3327 196 61 deinen
1407 3327 335 73 harmlosen,
1766 3330 182 76 längst
1972 3353 371 54 vergessenen
2370 3331 157 60 Brief
2541 3354 178 54 gegen
2746 3332 133 60 midi
2906 3334 81 59 als
3011 3327 241 81 Trumpf

1020 3420 309 76 ausspielen
1370 3421 221 71 wollen,
1633 3422 102 60 das
1777 3430 67 52 ist
1884 3445 73 38 es.
2000 3422 86 61 Es
2126 3424 160 59 sollte
2326 3447 68 36 so
2436 3424 292 72 aussehen,
2771 3424 80 61 als
2893 3425 76 60 ob
3002 3425 95 72 du,
3138 3424 104 59 den

1018 3511 77 61 ich
1138 3513 81 59 als
1258 3521 219 53 meinen
1509 3514 232 61 Freund
1771 3515 119 60 und
1923 3515 481 78 Gleichgesinnten
2438 3525 55 51 in
2528 3516 88 61 die
2649 3516 160 61 Welt
2840 3541 273 54 posaune,
3146 3524 97 53 mir

1017 3612 55 52 in
1122 3604 107 61 den
1270 3607 222 59 Rücken
1542 3607 170 62 fielest
1759 3608 117 61 und
1923 3632 75 37 zu
2046 3618 218 51 meinen
2306 3604 357 66 Todfeinden
2713 3610 363 78 übergingest.
3116 3608 126 62 Vor

1017 3707 117 52 vier
1181 3699 218 76 Jahren,
1455 3701 165 71 haha,
1670 3725 105 37 vor
1824 3711 119 52 vier
1998 3703 218 76 Jahren!
2276 3703 125 61 Das
2451 3703 237 72 Datum,
2744 3703 102 61 das
2902 3704 157 60 sollte
3114 3723 126 40 man

1018 3789 324 64 übersehen.
1387 3792 163 72 Nun,
1592 3793 88 61 bei
1721 3803 103 51 mir
1855 3803 68 52 ist
1957 3819 58 38 es
2047 3805 56 67 ja
2136 3796 135 61 auch
2304 3796 289 77 gelungen.
2638 3796 81 59 Ich
2753 3819 121 36 war
2904 3795 334 68 verblendet,

1017 3905 145 53 ganz
1200 3886 336 61 verblendet.
1580 3887 164 60 Aber
1783 3889 96 59 lies
1921 3889 102 60 das
2056 3889 367 60 Kotbüchlein
2466 3911 106 37 nur
2612 3887 164 61 durch
2818 3889 117 59 und
2974 3889 78 60 du
3091 3896 149 51 wirst

1017 3974 189 73 sehen,
1241 3977 73 59 ob
1349 3979 149 59 diese
1524 3979 268 61 Perfidiae
1825 3988 159 52 einen
2018 3980 138 61 nicht
2180 3980 234 60 wirklich
2439 4003 96 37 um
2569 3979 107 61 den
2701 3980 283 61 Verstand
3015 3980 222 76 bringen
