3312 4572
1115 497 281 48 Leonßard
1422 493 170 51 Trank
1613 518 7 9 ■
1639 493 105 50 Die
1780 491 218 50 Llrsacße

2588 489 96 49 439

447 687 148 59 dann
637 688 133 60 noch
812 685 199 61 einmal
1053 696 53 50 in
1148 694 181 51 meine
1369 682 400 69 Heimatstadt,
1820 690 54 53 in
1924 679 101 61 der
2065 679 317 76 Hoffnung,
2425 678 132 59 midi
2606 702 74 37 an

445 781 171 58 vieles
666 804 72 35 zu
788 790 250 49 erinnern
1211 801 71 36 an
1333 776 88 61 die
1471 776 348 59 furchtbaren
1870 774 486 75 Demütigungen,
2407 771 89 59 die
2545 772 134 59 midi

442 881 228 51 ruiniert
717 871 198 61 haben.
966 872 81 60 Idi
1089 871 191 68 hoffte,
1322 870 165 59 ihnen
1529 878 98 51 mit
1677 877 219 51 meinen
1941 864 427 78 Erfahrungen,
2410 873 99 51 mit
2550 864 130 60 dem

444 964 289 61 Verstand
780 975 208 50 meiner
1037 964 205 76 dreißig
1289 962 160 79 Jahre
1499 962 117 61 ihre
1665 961 141 61 böse
1849 961 195 60 Macht
2095 960 141 59 über
2285 958 133 60 mich
2470 957 207 61 endlich

444 1055 234 61 nehmen
719 1082 74 34 zu
833 1058 314 60 können,..
1192 1056 135 60 Alle
1368 1056 309 60 Menschen
1719 1055 200 60 sollten
1961 1052 215 61 wieder
2218 1050 203 62 einmal
2464 1061 53 50 in
2561 1050 118 62 ihre

440 1149 378 61 Heimatstadt
865 1149 423 61 zurückkehren.
1341 1150 125 60 Das
1517 1148 143 61 habe
1711 1150 74 59 ich
1835 1171 171 54 sogar
2054 1157 334 67 geträumt.«
2445 1145 86 60 Er
2573 1146 106 59 he=

441 1259 183 59 wegte
673 1243 89 58 die
802 1242 208 61 Hände
1058 1252 54 49 in
1159 1243 229 76 großem
1430 1243 195 75 Bogen
1667 1265 115 36 von
1833 1242 138 59 links
2013 1242 135 58 nach
2199 1240 200 60 rechts:
2449 1239 226 60 »Einen

440 1356 213 53 ganzen
695 1336 132 75 Zug
866 1334 357 61 Menschen.«

522 1425 196 69 »Nun,
761 1427 116 59 und
925 1427 123 59 sind
1087 1426 171 61 Ihnen
1300 1427 181 60 solche
1523 1426 329 60 Erlebnisse
1894 1426 399 76 eingefallen?«
2347 1426 182 76 fragte
2571 1425 103 61 der

438 1517 395 61 Vorsitzende.

517 1609 183 59 »Mir?
739 1610 252 62 Nein,,,
1033 1620 147 60 nein,
1223 1634 60 37 es
1326 1611 126 60 sind
1493 1620 101 51 mir
1634 1611 161 61 keine
1838 1613 387 76 eingefallen.«

516 1701 171 60 »Wie
729 1703 237 62 denn,,.
1010 1704 170 60 Dann
1221 1704 199 60 sollten
1456 1704 95 61 Sie
1593 1728 107 37 uns
1743 1704 136 61 doch
1921 1706 135 60 aber
2091 1705 101 61 das
2228 1705 136 61 alles
2399 1706 141 60 nicht

436 1792 211 61 zählen.
685 1794 277 60 Weshalb
996 1798 170 57 nur?«

512 1883 120 60 Der
657 1886 221 59 Dichter
910 1888 149 59 warf
1094 1897 159 51 einen
1279 1888 155 60 Hilfe
1460 1889 315 61 suchenden
1809 1891 143 59 Blick
1979 1915 132 37 zum
2144 1892 362 77 Einäugigen
2548 1892 116 70 hin,

433 1974 106 59 auf
573 1976 105 59 den
720 1977 430 62 Vorsitzenden.
1198 1981 188 60 »Weil
1429 1981 100 61 das
1573 2006 67 37 so
1682 1985 214 75 wichtig
1937 1992 85 52 ist.
2068 1985 81 61 So
2192 1986 268 76 wichtig.«

515 2066 194 61 »Aber
748 2079 125 50 nein
915 2070 150 62 doch.
1108 2071 86 60 Es
1235 2072 124 60 sind
1400 2072 171 61 Ihnen
1611 2084 54 66 ja
1705 2074 161 62 keine
1907 2076 379 76 eingefallen.«

508 2157 121 61 Des
672 2161 247 61 Dichters
962 2162 190 61 Mund
1193 2164 145 61 blieb
1380 2168 151 58 offen
1573 2168 210 60 stehen.

511 2249 248 62 »Nun?«

511 2341 146 61 »Die
696 2367 177 52 ganze
906 2347 164 59 Stadt
1109 2358 69 51 ist
1217 2359 102 51 mir
1359 2352 433 76 eingefallen,,,
1828 2354 141 60 Und
2009 2354 74 61 da
2124 2366 71 49 ist
2236 2357 134 59 auch
2415 2366 87 52 ein
2545 2382 74 36 un-

430 2433 299 62 heimlicher
769 2438 301 77 Hohlweg,
1110 2451 87 51 ein
1240 2443 234 61 Mensch
1523 2447 517 63 verschwindet...
2084 2449 61 60 In
2195 2449 128 61 dem
2365 2451 293 77 Hohlweg

426 2527 132 57 muß
591 2536 99 51 mir
724 2546 175 44 etwas
932 2532 366 63 Furchtbares
1339 2537 305 75 geschehen
1677 2549 136 52 sein.
1848 2541 167 60 Aber
2048 2543 73 58 ich
2157 2543 147 60 weiß
2338 2547 140 57 nicht
2510 2569 142 37 was,

426 2615 172 62 Weiß
640 2621 136 58 nicht
816 2645 137 37 was.
1000 2623 268 63 Glauben
1311 2627 95 61 Sie
1448 2639 100 49 mir
1590 2630 149 61 doch.
1783 2632 119 59 Um
1946 2632 206 63 Gottes
2158 2635 249 61 willen!«

501 2709 317 63 Fieberhaft
859 2716 184 60 suchte
1084 2740 59 37 er
1183 2720 130 58 nach
1355 2722 135 59 noch
1527 2731 179 52 einem
1739 2725 258 78 Beispiel,
2039 2728 274 61 während
2354 2729 100 61 der
2486 2730 164 61 Vor*
2650 2762 6 9 1

423 2803 248 60 sitzende
704 2808 103 57 sich
842 2809 137 58 nicht
1013 2833 92 36 um
1148 2810 92 61 ihn
1280 2811 289 64 kümmern
1602 2815 227 71 konnte,
1862 2819 128 60 weil
2025 2843 59 37 er
2119 2820 90 60 die
2234 2820 419 82 Vernehmung

422 2891 98 61 der
560 2893 237 78 Zeugen
837 2898 381 65 vorbereitete.

499 2985 97 61 Da
635 2988 101 60 sah
779 3013 58 36 er
877 2992 101 59 das
1018 2994 176 76 Auge
1236 2996 98 61 des
1371 2998 457 65 Geschworenen
1868 3006 346 76 verlangend
2257 3008 106 60 auf
2397 3011 108 58 sich

419 3078 200 71 richtet,
661 3083 208 60 machte
908 3088 343 60 verzweifelt
1292 3098 160 52 einen
1496 3092 186 62 Schritt
1721 3120 73 36 zu
1837 3095 111 62 ihm
1990 3097 117 62 hin:
2158 3100 119 62 »Es
2321 3102 148 61 kann
2511 3103 139 61 doch

421 3171 132 58 auch
595 3172 383 74 Vorkommen,
1029 3178 108 61 daß
1179 3190 88 49 ein
1310 3182 185 61 Mann
1546 3194 193 53 immer
1790 3190 212 60 wieder
2050 3201 233 52 träumt:
2328 3218 61 37 er
2437 3205 72 51 ist
2557 3206 91 52 ein

418 3261 154 62 Kind
614 3266 115 58 und
771 3269 131 58 muß
944 3271 104 57 sich
1090 3272 347 64 verkriechen
1487 3286 53 50 in
1583 3277 90 61 die
1712 3280 399 74 Zimmerecke,
2156 3309 105 38 aus
2304 3288 196 78 Angst
2539 3314 111 37 vor

416 3364 208 53 seinem
667 3357 201 73 Vater,
910 3361 97 61 der
1048 3363 90 61 ihn
1179 3368 230 73 gräßlich
1453 3370 114 61 und
1607 3375 315 60 verächtlich
1965 3379 234 62 ansieht.
2244 3380 141 63 Und
2427 3407 60 37 es
2531 3384 120 62 hilft

417 3446 109 61 ihm
568 3451 184 70 nichts,
795 3453 108 62 daß
945 3478 60 37 er
1052 3465 71 51 im
1166 3454 248 67 Traume
1456 3473 209 52 seinem
1707 3467 186 62 Vater
1933 3473 210 60 zuruft:
2199 3474 75 60 ich
2317 3474 146 63 habe
2506 3478 140 61 doch

418 3539 205 62 seither
671 3543 90 61 die
808 3547 171 75 große
1020 3548 207 62 Brücke
1275 3576 105 37 aus
1421 3554 571 69 Eisenkonstruktion
2040 3565 311 76 gebaut.,,
2396 3568 252 82 Solange

414 3653 59 37 er
505 3633 129 70 lebt,
662 3634 227 64 fürchtet
913 3641 103 59 sich
1044 3642 98 60 der
1166 3642 291 66 berühmte
1482 3648 426 68 Brückenbauer
1933 3665 73 52 im
2037 3655 239 66 Traume
2300 3685 107 37 vor
2432 3674 214 53 seinem

416 3721 275 68 Vater...
728 3730 149 61 Mich
912 3731 95 62 hat
1042 3735 96 59 der
1164 3736 185 62 Vater
1374 3744 200 58 einmal
1602 3744 89 61 die
1716 3769 179 53 ganze
1921 3749 190 63 Nacht
2144 3755 107 60 auf
2277 3755 110 61 den
2421 3758 223 78 langen,

413 3813 240 66 dunklen
696 3821 173 80 Gang
910 3825 553 82 hinausgesperrt...
1508 3836 73 60 ich
1623 3838 129 62 kam
1792 3864 75 37 zu
1909 3854 127 67 spät
2077 3848 133 59 nach
2244 3849 226 72 Hause,
2514 3855 130 60 weil

412 3909 73 57 ich
527 3915 319 74 zugesehen
888 3916 169 74 hatte,
1099 3930 109 52 wie
1249 3933 89 52 ein
1369 3925 388 67 Ertrunkener
1796 3958 106 38 aus
1945 3937 128 62 dem
2100 3939 247 65 Wasser
2388 3968 255 56 gezogen
