3530 4572
1022 510 93 48 512

1567 510 133 48 Max
1884 510 152 49 Brod•
2104 506 332 63 Wgcßoßrakes
2477 527 68 31 zu
2579 508 127 50 Gott

1023 695 141 61 Und
1204 696 155 68 doch,
1401 694 115 61 und
1557 692 235 63 doch..,
1836 692 98 60 Da
1973 692 129 77 liegt
2142 692 140 61 eben
2316 701 88 52 ein
2438 692 330 63 Geheimnis
2801 695 98 60 der
2930 694 152 61 Welt
3114 718 128 38 ver®

1022 788 230 76 borgen,
1300 795 97 51 mit
1445 786 126 59 dem
1619 785 99 59 der
1766 785 108 60 alte
1914 781 190 80 Tycho
2152 802 146 44 samt
2345 794 191 52 seinen
2587 786 212 77 fünfzig
2837 786 198 78 Jahren
3077 788 166 61 nichts

1025 880 349 75 anzufangen
1422 878 198 61 weiß.«
1674 877 433 62 Gedankenvoll
2155 894 197 45 starrte
2401 902 59 37 er
2508 902 105 38 vor
2660 880 106 60 sich
2817 880 91 59 hin
2960 880 117 60 und
3116 879 127 62 fuhr

1026 990 108 43 erst
1181 972 131 61 nach
1360 972 279 75 längerem
1681 971 426 77 Stillschweigen
2157 972 122 61 fort,
2334 973 122 60 »Es
2505 981 69 52 ist
2613 972 140 61 nicht
2792 973 185 71 schön,
3019 973 109 61 daß
3168 974 77 60 ich

1025 1065 113 59 dich
1178 1086 65 38 so
1285 1063 225 77 dränge.
1545 1063 197 61 Wahr.
1785 1063 143 60 Und
1968 1065 155 69 doch,
2165 1087 168 37 wenn
2375 1065 76 59 ich
2484 1066 137 60 noch
2654 1089 66 37 so
2753 1066 127 61 sehr
2912 1066 331 72 nadidenke,

1023 1156 146 60 kann
1196 1156 75 58 ich
1296 1155 140 59 nicht
1460 1156 454 76 herausbringen,
1939 1180 123 37 was
2086 1157 177 60 daran
2298 1159 276 75 eigentlich
2610 1159 138 59 nicht
2780 1159 166 59 schön
2979 1167 118 51 sein
3129 1159 114 61 soll.

1023 1249 150 61 Was
1205 1247 179 61 denn?
1416 1249 141 61 Und
1588 1249 102 61 das
1715 1249 276 61 Seltsame
2024 1250 179 71 dabei,
2240 1251 108 60 daß
2381 1251 76 59 ich
2483 1274 100 53 gar
2607 1251 84 60 oft
2724 1275 71 36 an
2829 1253 179 59 solche
3032 1251 214 61 Punkte

1022 1355 205 61 gerate,
1261 1364 95 37 wo
1388 1349 146 52 mein
1562 1340 214 62 Gefühl
1809 1350 102 51 mir
1943 1361 148 58 sagt:
2128 1343 140 59 nicht
2298 1352 211 62 weiter,
2542 1344 117 60 und
2690 1368 96 37 wo
2819 1344 248 61 dennoch
3100 1353 145 52 mein

1022 1433 155 61 Herz
1201 1435 393 75 weiterdrängt
1625 1437 116 57 und
1768 1435 96 60 der
1889 1435 291 60 Verstand
2204 1437 148 59 beim
2377 1435 193 63 besten
2597 1437 212 61 Willen
2836 1437 138 61 nicht
2999 1437 246 72 einsieht,

1022 1548 123 37 was
1171 1526 73 59 da
1267 1526 268 61 verboten
1561 1534 116 53 sein
1704 1528 175 60 sollte,
2004 1528 141 61 Gibt
2170 1552 59 36 es
2255 1528 146 61 denn
2429 1545 177 44 etwas
2630 1529 415 63 Natürlicheres
3069 1537 56 52 in
3151 1529 96 61 der

1023 1618 179 73 Welt,
1235 1620 80 59 als
1348 1620 110 61 daß
1491 1621 263 60 Freunde
1788 1621 264 61 einander
2084 1622 305 70 beistehen,
2424 1623 264 60 einander
2720 1632 55 51 in
2809 1623 142 61 ihrer
2984 1623 262 61 ehrlichen

1023 1708 417 80 Überzeugung
1470 1721 337 69 gegenseitig
1837 1736 74 37 zu
1936 1714 176 61 Hülfe
2145 1714 292 61 kommen?
2467 1715 146 61 Nun
2648 1716 133 61 also.
2814 1716 141 60 Und
2987 1717 261 75 verlange

1026 1805 77 58 ich
1147 1820 149 45 etwa
1336 1805 235 61 anderes
1613 1808 137 58 oder
1792 1808 155 59 mehr
1987 1832 116 37 von
2145 1809 113 60 dir?
2307 1809 176 60 Nein.
2527 1809 141 60 Und
2709 1818 68 52 ist
2818 1833 60 37 es
2918 1819 122 51 eine
3079 1811 169 75 große

1025 1896 311 77 schwierige
1376 1898 193 72 Sache,
1610 1923 98 36 um
1757 1899 89 61 die
1895 1900 76 60 ich
2023 1900 114 60 dich
2176 1900 167 61 bitte?
2392 1902 315 60 Gleichfalls
2749 1904 150 58 nicht.
2947 1903 102 59 Du
3096 1912 152 52 wirst

1025 1989 115 60 dich
1188 1990 304 70 hersetzen,
1544 1992 102 61 das
1686 1992 146 61 Buch
1882 1993 258 71 nehmen,
2190 2002 54 52 in
2295 2002 179 52 einem
2522 1994 292 61 Stündlein
2865 1996 382 76 durchgelesen

1026 2081 212 72 haben,-
1270 2083 150 60 dann
1453 2092 223 53 nimmst
1709 2086 78 59 du
1818 2086 198 76 Papier
2048 2087 116 58 und
2188 2082 184 76 Tinte,
2406 2096 54 51 in
2494 2097 144 51 zwei
2669 2097 263 52 weiteren
2959 2088 288 61 Stündlein

1028 2182 69 52 ist
1145 2175 132 61 alles
1327 2176 209 77 fertig.«
1588 2177 141 60 Und
1769 2173 194 82 Tycho
2014 2180 152 58 hatte
2215 2187 53 51 in
2319 2180 98 59 der
2456 2180 382 62 Leidenschaft
2878 2190 179 52 seiner
3095 2181 153 60 Rede

1028 2266 232 61 wirklich
1315 2270 281 75 irgendein
1656 2270 165 71 Buch,
1879 2271 150 60 dann
2086 2271 197 78 Papier
2339 2272 118 60 und
2503 2269 165 64 Tinte
2725 2296 104 39 vor
2885 2274 106 61 sich
3049 2296 201 54 ausge®

1028 2359 213 72 breitet,
1290 2361 221 60 deutete
1567 2370 107 52 wie
1731 2373 86 49 ein
1867 2363 378 78 Schauspieler
2301 2374 88 51 ein
2444 2388 140 55 paar
2630 2365 336 78 Schriftzüge
3022 2390 90 49 an,
3172 2366 78 61 als

1030 2464 186 50 müsse
1258 2477 59 37 er
1355 2455 245 78 Keplern
1643 2457 131 59 alles
1813 2457 84 60 bis
1939 2465 84 52 ins
2063 2458 227 61 kleinste
2330 2460 351 69 vormachen,
2720 2460 118 60 und
2878 2460 219 78 klappte
3137 2484 111 36 nun

1030 2554 97 51 mit
1167 2545 378 79 befriedigtem
1586 2548 232 61 Lächeln
1860 2549 101 61 das
2001 2550 141 60 Heft
2182 2575 88 36 zu.
2314 2550 61 60 In
2415 2561 179 50 seiner
2634 2553 297 61 Phantasie
2970 2576 121 37 war
3129 2576 122 37 we®

1030 2647 245 67 nigstens
1329 2639 89 61 für
1465 2648 160 52 einen
1676 2642 351 76 Augenblick
2076 2643 89 61 die
2213 2644 588 78 Entgegnungsschrift
2848 2646 237 77 Keplers
3142 2662 109 43 tat®

1030 2732 218 60 sächlich
1290 2732 171 78 fertig,
1510 2733 183 63 »Nun
1733 2735 170 61 siehst
1944 2736 131 71 du,«
2117 2752 159 61 sagte
2316 2760 59 37 er
2406 2737 238 78 freudig,
2690 2763 95 36 »es
2827 2747 68 52 ist
2933 2749 56 66 ja
3022 2738 132 61 alles
3185 2761 65 38 so

1031 2825 151 60 leicht
1224 2826 105 60 auf
1361 2827 97 59 der
1489 2826 168 62 Welt.
1700 2827 164 61 Alles
1905 2829 147 77 geht,
2085 2838 109 52 wie
2235 2830 76 60 ich
2353 2854 132 53 gern
2518 2855 74 36 zu
2624 2854 168 55 sagen
2828 2831 192 78 pflege.
3063 2831 188 61 Über®

1031 2916 419 79 flüssigerweise
1506 2943 105 37 nur
1666 2921 225 60 machen
1948 2923 88 59 die
2084 2923 307 61 Menschen
2450 2925 262 60 einander
2761 2925 489 78 Schwierigkeiten,

1030 3034 104 37 aus
1167 3012 392 60 Mißverstand
1592 3013 257 61 hemmen
1882 3022 79 53 sie
1994 3015 282 63 einander.
2311 3017 97 59 Da
2441 3017 130 62 muß
2604 3017 143 61 eben
2781 3025 149 53 einer
2955 3027 97 52 mit
3076 3027 174 52 einem

1031 3103 185 61 klaren
1257 3104 168 79 Kopf
1456 3105 258 61 kommen
1766 3108 117 60 und
1930 3108 133 61 muß
2113 3111 334 76 ungescheut
2495 3111 151 61 diese
2686 3111 129 62 bloß
2857 3112 394 76 eingebildeten

1032 3194 474 80 Schwierigkeiten
1555 3208 383 68 wegräumen,
1996 3201 240 61 förmlich
2293 3226 104 37 nur
2444 3203 336 76 wegblasen,
2952 3205 86 59 Es
3086 3212 68 52 ist
3199 3212 53 66 ja

1031 3290 182 58 wahr:
1256 3291 228 60 schöner
1524 3301 153 51 wäre
1719 3316 59 37 es
1818 3316 282 54 gewesen,
2133 3318 167 36 wenn
2343 3296 76 60 du
2460 3296 114 60 dich
2615 3320 115 37 von
2772 3296 168 61 selbst
2972 3320 73 37 zu
3078 3297 174 60 dieser

1031 3382 378 79 Erwiderung
1441 3386 314 76 angeboten
1789 3386 203 62 hättest
2024 3389 117 59 und
2173 3389 76 59 ich
2283 3413 60 37 es
2375 3412 100 54 gar
2507 3390 139 61 nicht
2678 3399 155 67 nötig
2856 3390 206 77 gehabt
3087 3390 164 69 hätte,

1031 3474 116 61 dich
1194 3499 73 37 zu
1313 3478 171 61 bitten
1534 3479 118 60 und
1699 3503 74 36 zu
1821 3480 260 78 drängen.
2131 3480 146 61 Nun
2329 3483 133 59 aber
2511 3483 125 61 hast
2678 3484 78 60 du
2796 3507 60 37 es
2897 3484 139 60 nicht
3076 3499 175 61 getan.

1031 3568 142 61 Und
1213 3593 121 37 was
1376 3570 127 78 liegt
1543 3572 287 61 schließlich
1873 3574 207 60 daran?
2128 3574 75 61 Ist
2250 3597 61 38 es
2361 3591 148 44 etwa
2549 3584 86 52 ein
2677 3584 89 51 nie
2806 3577 209 59 wieder
3053 3592 199 61 gutzu®

1032 3662 325 62 machendes
1390 3663 286 79 Unglück?
1717 3666 178 71 Nein,
1928 3667 75 60 ich
2038 3668 142 61 weiß
2215 3668 160 70 eben,
2417 3668 109 61 daß
2568 3692 58 38 es
2659 3668 161 61 deine
2852 3668 116 60 Art
2998 3669 139 60 nicht
3168 3676 83 62 ist,

1033 3752 114 61 dich
1190 3756 349 63 anzubieten.
1590 3758 254 61 Deshalb
1884 3760 146 60 habe
2070 3761 77 59 ich
2188 3761 115 59 dich
2343 3761 235 77 gebeten
2627 3762 117 60 und
2790 3762 284 76 gedrängt.
3116 3757 136 63 Und

1033 3855 130 65 jetzt
1202 3856 69 52 ist
1312 3850 87 59 die
1440 3850 173 61 Sache
1656 3852 139 60 eben
1845 3852 137 61 doch
2034 3862 55 51 in
2132 3854 298 77 Ordnung,
2485 3855 163 61 Oder
2889 3878 60 36 es
2997 3852 255 64 vielleicht

1035 3936 186 62 besser
1261 3963 275 54 gewesen,
1581 3944 76 59 du
1698 3944 202 61 hättest
1939 3946 166 60 nichts
2146 3961 193 61 gesagt
2378 3946 117 60 und
2535 3946 77 60 ich
2654 3946 151 60 hätte
2846 3946 167 62 nichts
3044 3959 208 64 gesagt.
