3548 4572
866 493 136 50 Max
1028 494 153 49 Brod
1193 518 9 12 •
1228 493 155 64 Tycßo
1414 498 192 51 Braßes
1790 517 69 31 zu

2471 498 89 49 511

330 694 145 54 seine
514 681 231 76 übrigen
786 680 233 77 Papiere
1059 682 274 76 gerutscht
1371 706 136 39 war.
1548 685 141 62 Von
1738 687 167 60 ihnen
1953 686 321 61 beiderseits
2315 685 245 72 bedeckt,

330 775 325 71 unsichtbar,
694 781 111 54 wie
845 797 299 54 vergessen
1186 775 91 77 lag
1317 785 78 52 sie
1436 786 55 53 in
1524 778 238 80 Keplers
1794 781 168 71 Arm,
2005 780 82 61 als
2120 803 60 37 er
2212 779 349 77 hinausging.

403 869 80 61 So
523 866 143 61 blieb
716 866 147 61 denn
914 874 88 53 ein
1044 866 214 63 Stachel
1306 878 56 52 in
1402 866 226 82 Tychos
1667 874 166 61 Brust
1883 873 216 62 zurück.
2150 872 258 62 Obwohl
2456 874 106 58 sich

330 966 84 59 die
452 960 414 78 Aufregungen
908 959 97 62 der
1045 960 189 63 Nacht
1276 962 82 61 als
1397 966 265 74 grundlos
1704 976 269 53 erwiesen
2024 967 210 71 hatten,
2275 988 124 38 war
2441 973 121 53 eine

330 1058 143 76 Spur
511 1079 116 36 von
669 1053 166 61 ihnen
876 1062 75 52 im
986 1053 218 62 Gefühl
1244 1056 311 77 quälenden
1590 1059 355 64 Mißtrauens
1978 1059 285 74 wirksam,
2306 1061 104 61 das
2444 1084 117 38 von

330 1152 71 60 da
448 1174 70 35 an
558 1143 191 82 Tycho
798 1147 157 61 mehr
1003 1147 119 61 und
1171 1150 154 59 mehr
1375 1152 194 75 ergriff.
1625 1153 244 63 Zweifel
1919 1155 251 62 erfüllten
2221 1155 110 62 ihn.
2382 1155 180 61 Hatte

330 1245 141 60 denn
504 1241 211 78 Kepler
753 1240 316 79 überhaupt
1110 1256 179 47 etwas
1329 1246 395 75 versprochen?
1762 1247 207 74 Lesen,
2006 1258 57 67 ja
2094 1250 152 60 lesen
2279 1247 191 61 wollte
2504 1272 58 36 er

331 1339 85 60 die
462 1335 433 62 Schmähschrift.
953 1335 191 79 Klang
1202 1336 103 61 das
1361 1339 141 61 nicht
1549 1349 108 52 wie
1714 1349 86 53 ein
1850 1343 397 72 Ausweichen,
2303 1350 112 54 wie
2471 1352 89 50 ein

330 1432 194 75 listiger
556 1428 352 62 Vorbehalt?
938 1428 153 62 Was
1122 1452 123 37 war
1277 1429 174 62 damit
1482 1433 321 75 geschehen,
1837 1458 168 38 wenn
2038 1435 211 79 Kepler
2283 1435 104 61 das
2410 1435 150 61 Buch

330 1527 77 58 las
448 1522 115 61 und
603 1522 105 61 sich
749 1531 75 50 im
864 1522 230 77 übrigen
1136 1523 142 61 nicht
1319 1547 104 38 aus
1463 1534 179 53 seiner
1680 1527 162 62 Ruhe
1882 1528 228 79 bringen
2152 1529 235 63 1ieß?...

403 1618 84 60 Er
525 1616 209 61 konnte
776 1640 59 37 es
876 1617 141 60 nicht
1058 1635 293 54 erwarten,
1393 1618 92 61 ihn
1519 1620 467 63 wiederzusehen.
2028 1623 393 78 Nachmittags
2453 1623 106 61 ließ

332 1735 54 38 er
430 1711 92 60 ihn
571 1710 177 61 rufen.
797 1710 142 61 Und
986 1720 110 51 wie
1145 1711 211 77 Kepler
1404 1736 117 37 nun
1577 1722 217 64 eintrat,
1844 1724 97 52 mit
1988 1725 210 52 seinem
2247 1716 312 71 schlanken,

330 1802 272 63 zierlichen
627 1804 377 76 Körperchen,
1030 1811 210 54 seinem
1267 1805 221 61 offenen
1517 1805 242 74 Gesicht,
1786 1815 97 53 mit
1908 1808 98 60 der
2030 1809 529 62 charakteristischen

331 1896 500 78 Handbewegung,
873 1896 89 61 die
1003 1893 195 82 Tycho
1239 1922 67 37 so
1348 1922 73 37 an
1463 1899 113 61 ihm
1616 1900 163 61 liebte
1920 1924 58 37 er
2018 1901 129 61 fuhr
2185 1903 107 59 sich
2333 1903 227 61 manch*

331 1990 104 63 mal
475 1999 97 52 mit
610 1999 144 52 zwei
786 1990 246 78 Fingern
1075 1990 353 63 andrückend
1469 1993 140 61 über
1648 1993 88 61 die
1776 1993 200 72 Stirne,
2019 2003 109 52 wie
2169 2020 95 36 um
2305 1995 106 61 sich
2455 2020 104 38 aus

332 2093 171 52 einem
537 2083 484 79 Selbstvergessen
1064 2084 453 63 aufzuschrecken
1549 2111 98 37 —:
1689 2087 73 60 da
1802 2087 263 62 schwand
2105 2088 195 61 freilich
2333 2084 226 82 Tychos

331 2180 293 76 Argwohn
665 2178 198 71 sofort,
905 2180 117 59 und
1061 2187 118 52 sein
1220 2202 208 55 ganzes
1468 2181 156 61 Herz
1662 2181 267 77 begrüßte
1969 2181 108 62 den
2117 2182 249 61 Freund.
2409 2183 150 61 Eine

331 2271 410 62 beklemmende
773 2272 310 61 Finsternis
1125 2272 175 61 fühlte
1342 2296 58 37 er
1441 2296 104 39 aus
1585 2282 180 53 seiner
1797 2274 161 62 Seele
1990 2275 326 77 Weggehen,
2358 2275 201 61 sobald

332 2366 228 78 Keplers
599 2366 203 69 sanfte,
843 2366 278 60 schwarze
1162 2366 216 78 Augen
1419 2368 93 59 ihn
1555 2368 317 61 anblickten.
1926 2369 117 60 »Ich
2093 2369 148 71 bin,«
2292 2387 159 59 sagte
2500 2393 59 37 er

332 2477 169 44 etwas
541 2469 271 62 verwirrt,
866 2469 124 51 »ein
1038 2469 228 52 zweiter
1305 2460 193 78 König
1539 2460 155 71 Saul,
1745 2462 99 59 der
1891 2470 193 53 immer
2131 2470 189 53 seinen
2363 2463 194 61 David

334 2563 90 52 mit
463 2554 127 63 dem
623 2554 333 79 Saitenspiel
997 2554 261 61 kommen
1299 2556 181 59 lassen
1522 2556 150 69 muß,
1713 2578 101 37 zur
1845 2556 321 77 Linderung
2206 2564 179 53 seiner
2418 2557 139 60 Me*

332 2647 263 62 lancholie.
649 2648 99 61 Ob
798 2650 75 58 ich
924 2648 135 60 auch
1101 2648 202 60 einmal
1343 2650 108 58 den
1493 2647 175 77 Speer
1706 2671 177 53 gegen
1925 2648 114 60 dich
2080 2648 213 61 werfen
2335 2650 222 59 werde?

334 2740 237 64 Nun...
616 2742 138 62 Saul
796 2744 96 59 hat
931 2737 271 65 Tausend
1244 2741 327 77 erschlagen,
1614 2741 194 61 David
1858 2741 132 61 aber
2029 2742 412 60 Zehntausend

334 2834 94 62 das
461 2836 158 61 rufen
652 2845 80 52 sie
764 2845 56 69 ja
853 2836 136 61 auch
1022 2837 168 60 schon
1225 2836 107 60 auf
1364 2836 97 60 der
1494 2835 207 71 Gasse,
1746 2835 136 61 oder
1915 2836 136 60 noch
2089 2835 466 62 Schlimmeres,,,

334 2928 127 62 doch
501 2930 140 61 nicht
680 2930 191 61 davon
914 2929 188 61 wollte
1143 2930 77 60 ich
1262 2929 183 61 reden.
1496 2928 81 61 Ich
1619 2928 188 61 wollte
1847 2928 117 61 dich
2006 2929 211 77 fragen,
2258 2952 171 37 wann
2480 2929 77 60 du

334 3022 80 61 die
453 3024 377 78 Erwiderung
868 3047 178 55 gegen
1089 3024 108 60 den
1238 3023 188 61 Ursus
1465 3023 276 77 beginnen
1783 3023 212 61 willst.«

409 3117 278 72 »Gleich,«
717 3135 333 44 antwortete
1074 3117 211 77 Kepler
1309 3117 328 70 überrascht,
1663 3126 97 51 mit
1792 3125 370 68 ungewissem
2187 3116 367 78 Kopfnicken.

405 3210 227 63 Erfreut
682 3213 222 60 drückte
952 3212 112 60 ihm
1104 3207 196 81 Tycho
1350 3211 87 60 die
1485 3210 195 61 Hand:
1736 3210 118 69 »O,
1897 3210 103 61 das
2039 3217 69 54 ist
2147 3210 156 59 recht.
2361 3210 196 61 Damit

334 3302 266 79 beglückst
640 3306 78 61 du
758 3306 134 60 mich
933 3304 292 78 geradezu.
1267 3304 88 61 Es
1395 3311 69 52 ist
1506 3302 134 61 auch
1673 3302 234 60 wirklich
1948 3311 171 69 nötig,
2154 3302 111 61 daß
2300 3325 59 38 es
2390 3302 167 78 gleich

332 3399 273 72 geschieht,
647 3400 197 78 Schlag
885 3399 103 61 auf
1022 3399 207 76 Schlag.
1278 3398 60 59 In
1388 3396 99 61 der
1534 3395 256 61 nächsten
1832 3396 219 60 Woche
2099 3396 183 60 lassen
2324 3405 104 51 wir
2467 3396 90 60 die

337 3490 318 82 »Apologia
694 3490 283 83 Tychonis
1019 3509 201 46 contra
1261 3492 254 59 Ursum«
1553 3489 253 72 drucken,
1841 3489 140 61 nicht
2013 3489 190 61 wahr?
2244 3489 184 61 Siehst
2461 3490 96 73 du,

334 3583 69 61 ich
450 3587 143 61 habe
641 3588 165 61 schon
858 3597 159 51 einen
1059 3582 145 63 Titel
1253 3584 88 60 für
1390 3584 89 61 die
1520 3583 217 61 Arbeit,
1788 3583 125 60 Das
1954 3583 145 60 habe
2140 3582 76 61 ich
2258 3582 83 61 dir
2382 3582 175 77 abge*

335 3699 265 43 nommen.
642 3681 84 62 Ich
758 3682 113 60 will
904 3679 115 63 dich
1054 3679 134 61 auch
1221 3695 159 44 sonst
1412 3678 140 60 nicht
1585 3676 328 77 überflüssig
1945 3677 295 61 bemühen.
2284 3674 137 63 Nur
2453 3676 104 61 das

334 3767 428 86 Notwendigste
802 3799 154 54 sage,
997 3782 142 52 zwei
1171 3771 374 77 Druckbogen
1586 3771 235 61 würden
1861 3781 381 66 genügen...«
2279 3770 85 61 Er
2405 3770 154 62 hatte

334 3865 97 62 sich
478 3876 52 52 in
580 3870 171 61 Hitze
800 3869 242 80 geredet,
1093 3869 132 59 hielt
1272 3866 107 61 sich
1425 3866 163 61 beide
1635 3865 289 77 Wangen,
1976 3865 87 61 die
2112 3865 240 79 glühten.
2409 3865 148 61 Nun

334 3959 204 62 seufzte
579 3987 73 39 er.
701 3964 122 62 »Es
863 3972 70 53 ist
974 3961 138 63 nicht
1151 3961 186 73 schön,
1379 3960 109 62 daß
1529 3959 76 62 ich
1647 3959 114 61 dich
1803 3983 67 37 so
1911 3959 239 78 dränge,-
2189 3958 78 62 ich
2298 3959 153 61 fühle
2485 3982 74 38 es.
