<?xml version="1.0" encoding="UTF-8"?>
<alto xmlns:xsi="http://www.w3.org/2001/XMLSchema-instance" xmlns="http://www.loc.gov/standards/alto/ns-v2#" xsi:schemaLocation="http://www.loc.gov/standards/alto/ns-v2# http://www.loc.gov/standards/alto/alto-v2.0.xsd" xmlns:xlink="http://www.w3.org/1999/xlink">
	<Description>
		<MeasurementUnit>mm10</MeasurementUnit>
		<sourceImageInformation>
			<fileName>//fileserver7/IN2/Princeton/Batch5/bmtnabi/1859/06/04_01/00000191.tif</fileName>
		</sourceImageInformation>
		<OCRProcessing ID="OCRPROCESSING_1">
			<preProcessingStep>
				<processingSoftware>
					<softwareCreator>CCS Content Conversion Specialists GmbH, Germany</softwareCreator>
					<softwareName>CCS docWORKS</softwareName>
					<softwareVersion>6.6-1.18</softwareVersion>
				</processingSoftware>
			</preProcessingStep>
			<ocrProcessingStep>
				<processingSoftware>
					<softwareCreator>ABBYY (BIT Software), Russia</softwareCreator>
					<softwareName>FineReader</softwareName>
					<softwareVersion>10.0</softwareVersion>
				</processingSoftware>
			</ocrProcessingStep>
		</OCRProcessing>
	</Description>
	<Styles>
		<TextStyle ID="TXT_0" FONTSIZE="18" FONTFAMILY="Times New Roman"/>
		<TextStyle ID="TXT_1" FONTSIZE="16" FONTFAMILY="Times New Roman"/>
		<TextStyle ID="TXT_2" FONTSIZE="17" FONTFAMILY="Times New Roman" FONTSTYLE="italics"/>
		<ParagraphStyle ID="PAR_CENTER" ALIGN="Center"/>
		<ParagraphStyle ID="PAR_BLOCK" ALIGN="Block"/>
		<ParagraphStyle ID="PAR_LEFT" ALIGN="Left"/>
	</Styles>
	<Layout>
		<Page ID="P5" PHYSICAL_IMG_NR="5" HEIGHT="4391" WIDTH="3457" PRINTED_IMG_NR="181" PC="0.939">
			<TopMargin ID="P5_TM00001" HPOS="0" VPOS="0" WIDTH="3457" HEIGHT="236">
				<TextBlock ID="P5_TB00001" HPOS="1675" VPOS="183" WIDTH="97" HEIGHT="50" STYLEREFS="TXT_0 PAR_CENTER">
					<TextLine ID="P5_TL00001" HPOS="1675" VPOS="183" WIDTH="97" HEIGHT="50">
						<String ID="P5_ST00001" HPOS="1675" VPOS="183" WIDTH="97" HEIGHT="50" CONTENT="181" WC="1.00" CC="000"/>
					</TextLine>
				</TextBlock>
			</TopMargin>
			<LeftMargin ID="P5_LM00001" HPOS="0" VPOS="236" WIDTH="188" HEIGHT="3854"/>
			<RightMargin ID="P5_RM00001" HPOS="3247" VPOS="236" WIDTH="210" HEIGHT="3854"/>
			<BottomMargin ID="P5_BM00001" HPOS="0" VPOS="4090" WIDTH="3457" HEIGHT="301"/>
			<PrintSpace ID="P5_PS00001" HPOS="188" VPOS="236" WIDTH="3059" HEIGHT="3854">
				<TextBlock ID="P5_TB00002" HPOS="198" VPOS="318" WIDTH="1493" HEIGHT="669" STYLEREFS="TXT_1 PAR_BLOCK">
					<TextLine ID="P5_TL00002" HPOS="203" VPOS="319" WIDTH="1486" HEIGHT="66">
						<String ID="P5_ST00002" HPOS="203" VPOS="319" WIDTH="252" HEIGHT="57" CONTENT="Geschäfte," WC="0.99" CC="0110708434"/>
						<SP ID="P5_SP00001" HPOS="455" VPOS="376" WIDTH="34"/>
						<String ID="P5_ST00003" HPOS="489" VPOS="319" WIDTH="276" HEIGHT="50" CONTENT="übernimmt" WC="0.99" CC="971650005"/>
						<SP ID="P5_SP00002" HPOS="765" VPOS="376" WIDTH="39"/>
						<String ID="P5_ST00004" HPOS="804" VPOS="319" WIDTH="84" HEIGHT="47" CONTENT="alle" WC="0.99" CC="0400"/>
						<SP ID="P5_SP00003" HPOS="888" VPOS="376" WIDTH="28"/>
						<String ID="P5_ST00005" HPOS="916" VPOS="319" WIDTH="207" HEIGHT="57" CONTENT="Schritte," WC="0.99" CC="006600033"/>
						<SP ID="P5_SP00004" HPOS="1123" VPOS="376" WIDTH="42"/>
						<String ID="P5_ST00006" HPOS="1165" VPOS="319" WIDTH="70" HEIGHT="50" CONTENT="die" WC="0.99" CC="002"/>
						<SP ID="P5_SP00005" HPOS="1235" VPOS="376" WIDTH="28"/>
						<String ID="P5_ST00007" HPOS="1263" VPOS="320" WIDTH="80" HEIGHT="47" CONTENT="auf" WC="0.98" CC="040"/>
						<SP ID="P5_SP00006" HPOS="1343" VPOS="376" WIDTH="22"/>
						<String ID="P5_ST00008" HPOS="1365" VPOS="320" WIDTH="79" HEIGHT="49" CONTENT="der" WC="0.97" CC="033"/>
						<SP ID="P5_SP00007" HPOS="1444" VPOS="376" WIDTH="28"/>
						<String ID="P5_ST00009" HPOS="1472" VPOS="319" WIDTH="217" HEIGHT="66" CONTENT="dornigen" WC="0.99" CC="03640006"/>
					</TextLine>
					<TextLine ID="P5_TL00003" HPOS="200" VPOS="394" WIDTH="1488" HEIGHT="65">
						<String ID="P5_ST00010" HPOS="200" VPOS="394" WIDTH="129" HEIGHT="48" CONTENT="Bahn" WC="0.96" CC="7074"/>
						<SP ID="P5_SP00008" HPOS="329" VPOS="442" WIDTH="28"/>
						<String ID="P5_ST00011" HPOS="357" VPOS="412" WIDTH="99" HEIGHT="30" CONTENT="zum" WC="0.99" CC="200"/>
						<SP ID="P5_SP00009" HPOS="456" VPOS="442" WIDTH="32"/>
						<String ID="P5_ST00012" HPOS="488" VPOS="395" WIDTH="184" HEIGHT="63" CONTENT="Tempel" WC="0.99" CC="000045"/>
						<SP ID="P5_SP00010" HPOS="672" VPOS="458" WIDTH="39"/>
						<String ID="P5_ST00013" HPOS="711" VPOS="394" WIDTH="77" HEIGHT="47" CONTENT="des" WC="0.96" CC="063"/>
						<SP ID="P5_SP00011" HPOS="788" VPOS="458" WIDTH="29"/>
						<String ID="P5_ST00014" HPOS="817" VPOS="394" WIDTH="214" HEIGHT="48" CONTENT="Theaters" WC="0.99" CC="06005400"/>
						<SP ID="P5_SP00012" HPOS="1031" VPOS="458" WIDTH="40"/>
						<String ID="P5_ST00015" HPOS="1071" VPOS="397" WIDTH="165" HEIGHT="62" CONTENT="gethan" WC="0.60" CC="004567"/>
						<SP ID="P5_SP00013" HPOS="1236" VPOS="459" WIDTH="41"/>
						<String ID="P5_ST00016" HPOS="1277" VPOS="397" WIDTH="181" HEIGHT="47" CONTENT="werden" WC="0.99" CC="005050"/>
						<SP ID="P5_SP00014" HPOS="1458" VPOS="459" WIDTH="38"/>
						<String ID="P5_ST00017" HPOS="1496" VPOS="399" WIDTH="192" HEIGHT="46" CONTENT="müssen." WC="0.99" CC="6004030"/>
					</TextLine>
					<TextLine ID="P5_TL00004" HPOS="198" VPOS="469" WIDTH="1493" HEIGHT="65">
						<String ID="P5_ST00018" HPOS="198" VPOS="470" WIDTH="195" HEIGHT="49" CONTENT="Manche" WC="0.98" CC="008345"/>
						<SP ID="P5_SP00015" HPOS="393" VPOS="519" WIDTH="26"/>
						<String ID="P5_ST00019" HPOS="419" VPOS="487" WIDTH="84" HEIGHT="30" CONTENT="von" WC="0.96" CC="704"/>
						<SP ID="P5_SP00016" HPOS="503" VPOS="519" WIDTH="29"/>
						<String ID="P5_ST00020" HPOS="532" VPOS="470" WIDTH="182" HEIGHT="47" CONTENT="solchen" WC="0.99" CC="3106006"/>
						<SP ID="P5_SP00017" HPOS="714" VPOS="519" WIDTH="23"/>
						<String ID="P5_ST00021" HPOS="737" VPOS="469" WIDTH="268" HEIGHT="57" CONTENT="Triumvirn," WC="0.80" CC="0400000554"/>
						<SP ID="P5_SP00018" HPOS="1005" VPOS="526" WIDTH="28"/>
						<String ID="P5_ST00022" HPOS="1033" VPOS="470" WIDTH="137" HEIGHT="47" CONTENT="deren" WC="0.98" CC="06604"/>
						<SP ID="P5_SP00019" HPOS="1170" VPOS="526" WIDTH="25"/>
						<String ID="P5_ST00023" HPOS="1195" VPOS="472" WIDTH="276" HEIGHT="62" CONTENT="Compagnie" WC="0.53" CC="739090731"/>
						<SP ID="P5_SP00020" HPOS="1471" VPOS="534" WIDTH="28"/>
						<String ID="P5_ST00024" HPOS="1499" VPOS="472" WIDTH="62" HEIGHT="47" CONTENT="oft" WC="0.97" CC="304"/>
						<SP ID="P5_SP00021" HPOS="1561" VPOS="534" WIDTH="25"/>
						<String ID="P5_ST00025" HPOS="1586" VPOS="473" WIDTH="105" HEIGHT="46" CONTENT="sehr" WC="0.97" CC="0364"/>
					</TextLine>
					<TextLine ID="P5_TL00005" HPOS="198" VPOS="544" WIDTH="1491" HEIGHT="65">
						<String ID="P5_ST00026" HPOS="198" VPOS="552" WIDTH="108" HEIGHT="57" CONTENT="gute" WC="0.97" CC="0076"/>
						<SP ID="P5_SP00022" HPOS="306" VPOS="609" WIDTH="29"/>
						<String ID="P5_ST00027" HPOS="335" VPOS="546" WIDTH="233" HEIGHT="47" CONTENT="Geschäfte" WC="0.99" CC="015040645"/>
						<SP ID="P5_SP00023" HPOS="568" VPOS="609" WIDTH="44"/>
						<String ID="P5_ST00028" HPOS="612" VPOS="545" WIDTH="164" HEIGHT="55" CONTENT="macht," WC="0.99" CC="000750"/>
						<SP ID="P5_SP00024" HPOS="776" VPOS="609" WIDTH="42"/>
						<String ID="P5_ST00029" HPOS="818" VPOS="544" WIDTH="149" HEIGHT="48" CONTENT="haben" WC="0.97" CC="55702"/>
						<SP ID="P5_SP00025" HPOS="967" VPOS="609" WIDTH="34"/>
						<String ID="P5_ST00030" HPOS="1001" VPOS="546" WIDTH="155" HEIGHT="46" CONTENT="weiter" WC="0.98" CC="050705"/>
						<SP ID="P5_SP00026" HPOS="1156" VPOS="609" WIDTH="39"/>
						<String ID="P5_ST00031" HPOS="1195" VPOS="545" WIDTH="103" HEIGHT="47" CONTENT="kein" WC="0.98" CC="0007"/>
						<SP ID="P5_SP00027" HPOS="1298" VPOS="609" WIDTH="41"/>
						<String ID="P5_ST00032" HPOS="1339" VPOS="546" WIDTH="247" HEIGHT="56" CONTENT="Verdienst," WC="0.99" CC="0058002154"/>
						<SP ID="P5_SP00028" HPOS="1586" VPOS="609" WIDTH="41"/>
						<String ID="P5_ST00033" HPOS="1627" VPOS="548" WIDTH="62" HEIGHT="47" CONTENT="als" WC="0.97" CC="015"/>
					</TextLine>
					<TextLine ID="P5_TL00006" HPOS="198" VPOS="619" WIDTH="1493" HEIGHT="65">
						<String ID="P5_ST00034" HPOS="198" VPOS="619" WIDTH="101" HEIGHT="48" CONTENT="dass" WC="0.90" CC="0021"/>
						<SP ID="P5_SP00029" HPOS="299" VPOS="667" WIDTH="42"/>
						<String ID="P5_ST00035" HPOS="341" VPOS="621" WIDTH="62" HEIGHT="46" CONTENT="sie" WC="0.98" CC="500"/>
						<SP ID="P5_SP00030" HPOS="403" VPOS="667" WIDTH="42"/>
						<String ID="P5_ST00036" HPOS="445" VPOS="620" WIDTH="68" HEIGHT="47" CONTENT="die" WC="0.98" CC="006"/>
						<SP ID="P5_SP00031" HPOS="513" VPOS="667" WIDTH="42"/>
						<String ID="P5_ST00037" HPOS="555" VPOS="620" WIDTH="375" HEIGHT="64" CONTENT="Unterhandlung" WC="0.99" CC="0803065602460"/>
						<SP ID="P5_SP00032" HPOS="930" VPOS="684" WIDTH="39"/>
						<String ID="P5_ST00038" HPOS="969" VPOS="621" WIDTH="217" HEIGHT="47" CONTENT="zwischen" WC="0.99" CC="20005600"/>
						<SP ID="P5_SP00033" HPOS="1186" VPOS="684" WIDTH="47"/>
						<String ID="P5_ST00039" HPOS="1233" VPOS="621" WIDTH="105" HEIGHT="46" CONTENT="zwei" WC="0.97" CC="0840"/>
						<SP ID="P5_SP00034" HPOS="1338" VPOS="684" WIDTH="43"/>
						<String ID="P5_ST00040" HPOS="1381" VPOS="621" WIDTH="310" HEIGHT="49" CONTENT="Mitarbeitern" WC="0.99" CC="002046004046"/>
					</TextLine>
					<TextLine ID="P5_TL00007" HPOS="200" VPOS="694" WIDTH="1489" HEIGHT="65">
						<String ID="P5_ST00041" HPOS="200" VPOS="694" WIDTH="180" HEIGHT="63" CONTENT="geleitet" WC="0.99" CC="91000000"/>
						<SP ID="P5_SP00035" HPOS="380" VPOS="757" WIDTH="39"/>
						<String ID="P5_ST00042" HPOS="419" VPOS="695" WIDTH="93" HEIGHT="47" CONTENT="und" WC="0.92" CC="667"/>
						<SP ID="P5_SP00036" HPOS="512" VPOS="757" WIDTH="41"/>
						<String ID="P5_ST00043" HPOS="553" VPOS="695" WIDTH="70" HEIGHT="47" CONTENT="die" WC="0.99" CC="001"/>
						<SP ID="P5_SP00037" HPOS="623" VPOS="757" WIDTH="29"/>
						<String ID="P5_ST00044" HPOS="652" VPOS="695" WIDTH="293" HEIGHT="64" CONTENT="Verbindung" WC="0.99" CC="0047066070"/>
						<SP ID="P5_SP00038" HPOS="945" VPOS="759" WIDTH="39"/>
						<String ID="P5_ST00045" HPOS="984" VPOS="713" WIDTH="53" HEIGHT="29" CONTENT="zu" WC="0.69" CC="60"/>
						<SP ID="P5_SP00039" HPOS="1037" VPOS="759" WIDTH="29"/>
						<String ID="P5_ST00046" HPOS="1066" VPOS="695" WIDTH="167" HEIGHT="47" CONTENT="Stande" WC="0.98" CC="250502"/>
						<SP ID="P5_SP00040" HPOS="1233" VPOS="759" WIDTH="38"/>
						<String ID="P5_ST00047" HPOS="1271" VPOS="695" WIDTH="218" HEIGHT="62" CONTENT="gebracht" WC="0.99" CC="00639000"/>
						<SP ID="P5_SP00041" HPOS="1489" VPOS="759" WIDTH="36"/>
						<String ID="P5_ST00048" HPOS="1525" VPOS="696" WIDTH="164" HEIGHT="56" CONTENT="haben," WC="0.99" CC="047003"/>
					</TextLine>
					<TextLine ID="P5_TL00008" HPOS="203" VPOS="769" WIDTH="1475" HEIGHT="65">
						<String ID="P5_ST00049" HPOS="203" VPOS="770" WIDTH="80" HEIGHT="46" CONTENT="mit" WC="1.00" CC="000"/>
						<SP ID="P5_SP00042" HPOS="283" VPOS="816" WIDTH="27"/>
						<String ID="P5_ST00050" HPOS="310" VPOS="769" WIDTH="100" HEIGHT="47" CONTENT="dem" WC="0.99" CC="200"/>
						<SP ID="P5_SP00043" HPOS="410" VPOS="816" WIDTH="30"/>
						<String ID="P5_ST00051" HPOS="440" VPOS="770" WIDTH="221" HEIGHT="64" CONTENT="Bedinge:" WC="0.99" CC="74307010"/>
						<SP ID="P5_SP00044" HPOS="661" VPOS="834" WIDTH="49"/>
						<String ID="P5_ST00052" HPOS="710" VPOS="771" WIDTH="100" HEIGHT="55" CONTENT="„Ich" WC="0.98" CC="3400"/>
						<SP ID="P5_SP00045" HPOS="810" VPOS="834" WIDTH="30"/>
						<String ID="P5_ST00053" HPOS="840" VPOS="771" WIDTH="59" HEIGHT="47" CONTENT="sei" WC="0.98" CC="005"/>
						<SP ID="P5_SP00046" HPOS="899" VPOS="834" WIDTH="28"/>
						<String ID="P5_ST00054" HPOS="927" VPOS="771" WIDTH="43" HEIGHT="46" CONTENT="in" WC="0.69" CC="15"/>
						<SP ID="P5_SP00047" HPOS="970" VPOS="834" WIDTH="30"/>
						<String ID="P5_ST00055" HPOS="1000" VPOS="771" WIDTH="169" HEIGHT="46" CONTENT="Eurem" WC="0.98" CC="18340"/>
						<SP ID="P5_SP00048" HPOS="1169" VPOS="834" WIDTH="28"/>
						<String ID="P5_ST00056" HPOS="1197" VPOS="769" WIDTH="158" HEIGHT="48" CONTENT="Bunde" WC="0.97" CC="72290"/>
						<SP ID="P5_SP00049" HPOS="1355" VPOS="834" WIDTH="28"/>
						<String ID="P5_ST00057" HPOS="1383" VPOS="770" WIDTH="79" HEIGHT="47" CONTENT="der" WC="0.98" CC="004"/>
						<SP ID="P5_SP00050" HPOS="1462" VPOS="834" WIDTH="25"/>
						<String ID="P5_ST00058" HPOS="1487" VPOS="771" WIDTH="191" HEIGHT="47" CONTENT='Dritte!"' WC="0.99" CC="74000303"/>
					</TextLine>
					<TextLine ID="P5_TL00009" HPOS="200" VPOS="845" WIDTH="1460" HEIGHT="58">
						<String ID="P5_ST00059" HPOS="200" VPOS="845" WIDTH="94" HEIGHT="48" CONTENT="Das" WC="0.98" CC="600"/>
						<SP ID="P5_SP00051" HPOS="294" VPOS="893" WIDTH="28"/>
						<String ID="P5_ST00060" HPOS="322" VPOS="845" WIDTH="96" HEIGHT="48" CONTENT="sind" WC="0.98" CC="0080"/>
						<SP ID="P5_SP00052" HPOS="418" VPOS="893" WIDTH="29"/>
						<String ID="P5_ST00061" HPOS="447" VPOS="847" WIDTH="189" HEIGHT="56" CONTENT="Makler," WC="0.99" CC="0300050"/>
						<SP ID="P5_SP00053" HPOS="636" VPOS="903" WIDTH="31"/>
						<String ID="P5_ST00062" HPOS="667" VPOS="846" WIDTH="70" HEIGHT="48" CONTENT="die" WC="0.99" CC="020"/>
						<SP ID="P5_SP00054" HPOS="737" VPOS="903" WIDTH="29"/>
						<String ID="P5_ST00063" HPOS="766" VPOS="847" WIDTH="127" HEIGHT="46" CONTENT="mehr" WC="0.98" CC="0055"/>
						<SP ID="P5_SP00055" HPOS="893" VPOS="903" WIDTH="29"/>
						<String ID="P5_ST00064" HPOS="922" VPOS="846" WIDTH="179" HEIGHT="47" CONTENT="Schuhe" WC="0.98" CC="407513"/>
						<SP ID="P5_SP00056" HPOS="1101" VPOS="903" WIDTH="28"/>
						<String ID="P5_ST00065" HPOS="1129" VPOS="846" WIDTH="62" HEIGHT="47" CONTENT="als" WC="0.95" CC="903"/>
						<SP ID="P5_SP00057" HPOS="1191" VPOS="903" WIDTH="28"/>
						<String ID="P5_ST00066" HPOS="1219" VPOS="845" WIDTH="177" HEIGHT="48" CONTENT="Federn" WC="0.99" CC="010206"/>
						<SP ID="P5_SP00058" HPOS="1396" VPOS="903" WIDTH="29"/>
						<String ID="P5_ST00067" HPOS="1425" VPOS="845" WIDTH="235" HEIGHT="49" CONTENT="abnutzen." WC="0.98" CC="076474204"/>
					</TextLine>
					<TextLine ID="P5_TL00010" HPOS="675" VPOS="919" WIDTH="543" HEIGHT="66">
						<String ID="P5_ST00068" HPOS="675" VPOS="920" WIDTH="196" HEIGHT="65" CONTENT="(Schluss" WC="0.81" CC="20060600"/>
						<SP ID="P5_SP00059" HPOS="871" VPOS="985" WIDTH="30"/>
						<String ID="P5_ST00069" HPOS="901" VPOS="921" WIDTH="109" HEIGHT="64" CONTENT="folgt" WC="0.99" CC="70000"/>
						<SP ID="P5_SP00060" HPOS="1010" VPOS="985" WIDTH="29"/>
						<String ID="P5_ST00070" HPOS="1039" VPOS="919" WIDTH="179" HEIGHT="66" CONTENT="später.)" WC="0.98" CC="40065723"/>
					</TextLine>
				</TextBlock>
				<TextBlock ID="P5_TB00003" HPOS="472" VPOS="1158" WIDTH="935" HEIGHT="59" STYLEREFS="TXT_0 PAR_LEFT">
					<TextLine ID="P5_TL00011" HPOS="472" VPOS="1159" WIDTH="934" HEIGHT="58">
						<String ID="P5_ST00071" HPOS="472" VPOS="1161" WIDTH="332" HEIGHT="55" CONTENT="Musicalische" WC="0.99" CC="785043024457"/>
						<SP ID="P5_SP00061" HPOS="804" VPOS="1216" WIDTH="38"/>
						<String ID="P5_ST00072" HPOS="842" VPOS="1159" WIDTH="229" HEIGHT="58" CONTENT="Institute" WC="0.98" CC="570545734"/>
						<SP ID="P5_SP00062" HPOS="1071" VPOS="1217" WIDTH="38"/>
						<String ID="P5_ST00073" HPOS="1109" VPOS="1161" WIDTH="48" HEIGHT="55" CONTENT="in" WC="0.57" CC="17"/>
						<SP ID="P5_SP00063" HPOS="1157" VPOS="1217" WIDTH="36"/>
						<String ID="P5_ST00074" HPOS="1193" VPOS="1159" WIDTH="213" HEIGHT="58" CONTENT="Breslau." WC="0.98" CC="06704273"/>
					</TextLine>
				</TextBlock>
				<TextBlock ID="P5_TB00004" HPOS="188" VPOS="1285" WIDTH="1509" HEIGHT="2805" STYLEREFS="TXT_1 PAR_BLOCK">
					<TextLine ID="P5_TL00012" HPOS="308" VPOS="1286" WIDTH="1380" HEIGHT="66">
						<String ID="P5_ST00075" HPOS="308" VPOS="1287" WIDTH="334" HEIGHT="65" CONTENT="Regelmässige" WC="0.99" CC="655011710000"/>
						<SP ID="P5_SP00064" HPOS="642" VPOS="1352" WIDTH="21"/>
						<String ID="P5_ST00076" HPOS="663" VPOS="1286" WIDTH="588" HEIGHT="49" CONTENT="Abonnements-Concerte" WC="0.71" CC="04761030544070300250"/>
						<SP ID="P5_SP00065" HPOS="1251" VPOS="1352" WIDTH="29"/>
						<String ID="P5_ST00077" HPOS="1280" VPOS="1288" WIDTH="145" HEIGHT="64" CONTENT="geben" WC="0.97" CC="91603"/>
						<SP ID="P5_SP00066" HPOS="1425" VPOS="1352" WIDTH="23"/>
						<String ID="P5_ST00078" HPOS="1448" VPOS="1288" WIDTH="70" HEIGHT="48" CONTENT="die" WC="0.96" CC="163"/>
						<SP ID="P5_SP00067" HPOS="1518" VPOS="1352" WIDTH="24"/>
						<String ID="P5_ST00079" HPOS="1542" VPOS="1289" WIDTH="117" HEIGHT="49" CONTENT="Thea" SUBS_TYPE="HypPart1" SUBS_CONTENT="Theater-Capelle" WC="0.99" CC="0200"/>
						<HYP HPOS="1659" VPOS="1289" WIDTH="29" CONTENT="-"/>
					</TextLine>
					<TextLine ID="P5_TL00013" HPOS="195" VPOS="1362" WIDTH="1494" HEIGHT="67">
						<String ID="P5_ST00080" HPOS="195" VPOS="1362" WIDTH="274" HEIGHT="65" CONTENT="ter-Capelle" SUBS_TYPE="HypPart2" SUBS_CONTENT="Theater-Capelle" WC="0.99" CC="32425160001"/>
						<SP ID="P5_SP00068" HPOS="469" VPOS="1427" WIDTH="37"/>
						<String ID="P5_ST00081" HPOS="506" VPOS="1362" WIDTH="397" HEIGHT="63" CONTENT="(Musik-Director" WC="0.75" CC="202000080505046"/>
						<SP ID="P5_SP00069" HPOS="903" VPOS="1427" WIDTH="37"/>
						<String ID="P5_ST00082" HPOS="940" VPOS="1363" WIDTH="385" HEIGHT="65" CONTENT="Seidelmann)," WC="1.00" CC="300000500470"/>
						<SP ID="P5_SP00070" HPOS="1325" VPOS="1428" WIDTH="42"/>
						<String ID="P5_ST00083" HPOS="1367" VPOS="1364" WIDTH="70" HEIGHT="47" CONTENT="die" WC="1.00" CC="001"/>
						<SP ID="P5_SP00071" HPOS="1437" VPOS="1428" WIDTH="43"/>
						<String ID="P5_ST00084" HPOS="1480" VPOS="1366" WIDTH="209" HEIGHT="63" CONTENT="Capellen" WC="0.99" CC="56000006"/>
					</TextLine>
					<TextLine ID="P5_TL00014" HPOS="198" VPOS="1439" WIDTH="1491" HEIGHT="57">
						<String ID="P5_ST00085" HPOS="198" VPOS="1439" WIDTH="78" HEIGHT="49" CONTENT="des" WC="1.00" CC="000"/>
						<SP ID="P5_SP00072" HPOS="276" VPOS="1488" WIDTH="28"/>
						<String ID="P5_ST00086" HPOS="304" VPOS="1441" WIDTH="151" HEIGHT="47" CONTENT="Herrn" WC="0.99" CC="00602"/>
						<SP ID="P5_SP00073" HPOS="455" VPOS="1488" WIDTH="29"/>
						<String ID="P5_ST00087" HPOS="484" VPOS="1439" WIDTH="206" HEIGHT="57" CONTENT="Schön," WC="0.99" CC="560300"/>
						<SP ID="P5_SP00074" HPOS="690" VPOS="1496" WIDTH="42"/>
						<String ID="P5_ST00088" HPOS="732" VPOS="1439" WIDTH="75" HEIGHT="47" CONTENT="des" WC="1.00" CC="000"/>
						<SP ID="P5_SP00075" HPOS="807" VPOS="1496" WIDTH="42"/>
						<String ID="P5_ST00089" HPOS="849" VPOS="1441" WIDTH="152" HEIGHT="45" CONTENT="Herrn" WC="0.98" CC="10690"/>
						<SP ID="P5_SP00076" HPOS="1001" VPOS="1496" WIDTH="39"/>
						<String ID="P5_ST00090" HPOS="1040" VPOS="1441" WIDTH="168" HEIGHT="55" CONTENT="Bilse," WC="0.68" CC="600542"/>
						<SP ID="P5_SP00077" HPOS="1208" VPOS="1496" WIDTH="41"/>
						<String ID="P5_ST00091" HPOS="1249" VPOS="1441" WIDTH="76" HEIGHT="48" CONTENT="des" WC="0.98" CC="004"/>
						<SP ID="P5_SP00078" HPOS="1325" VPOS="1496" WIDTH="29"/>
						<String ID="P5_ST00092" HPOS="1354" VPOS="1442" WIDTH="151" HEIGHT="47" CONTENT="Herrn" WC="0.98" CC="60352"/>
						<SP ID="P5_SP00079" HPOS="1505" VPOS="1496" WIDTH="28"/>
						<String ID="P5_ST00093" HPOS="1533" VPOS="1443" WIDTH="117" HEIGHT="46" CONTENT="Dam" SUBS_TYPE="HypPart1" SUBS_CONTENT="Damrosch," WC="0.57" CC="664"/>
						<HYP HPOS="1650" VPOS="1443" WIDTH="39" CONTENT="-"/>
					</TextLine>
					<TextLine ID="P5_TL00015" HPOS="195" VPOS="1514" WIDTH="1492" HEIGHT="64">
						<String ID="P5_ST00094" HPOS="195" VPOS="1516" WIDTH="189" HEIGHT="55" CONTENT="rosch," SUBS_TYPE="HypPart2" SUBS_CONTENT="Damrosch," WC="0.69" CC="300070"/>
						<SP ID="P5_SP00080" HPOS="384" VPOS="1571" WIDTH="38"/>
						<String ID="P5_ST00095" HPOS="422" VPOS="1514" WIDTH="76" HEIGHT="47" CONTENT="des" WC="1.00" CC="000"/>
						<SP ID="P5_SP00081" HPOS="498" VPOS="1571" WIDTH="37"/>
						<String ID="P5_ST00096" HPOS="535" VPOS="1516" WIDTH="268" HEIGHT="62" CONTENT="Dirigenten" WC="1.00" CC="6500004000"/>
						<SP ID="P5_SP00082" HPOS="803" VPOS="1578" WIDTH="38"/>
						<String ID="P5_ST00097" HPOS="841" VPOS="1514" WIDTH="79" HEIGHT="48" CONTENT="der" WC="1.00" CC="001"/>
						<SP ID="P5_SP00083" HPOS="920" VPOS="1578" WIDTH="33"/>
						<String ID="P5_ST00098" HPOS="953" VPOS="1516" WIDTH="466" HEIGHT="48" CONTENT="Musik-Gesellschaft" WC="1.00" CC="100010600002200270"/>
						<SP ID="P5_SP00084" HPOS="1419" VPOS="1578" WIDTH="37"/>
						<String ID="P5_ST00099" HPOS="1456" VPOS="1517" WIDTH="206" HEIGHT="57" CONTENT="„Philhar" SUBS_TYPE="HypPart1" SUBS_CONTENT='„Philharmonie".' WC="0.99" CC="35003404"/>
						<HYP HPOS="1662" VPOS="1517" WIDTH="25" CONTENT="-"/>
					</TextLine>
					<TextLine ID="P5_TL00016" HPOS="200" VPOS="1589" WIDTH="1487" HEIGHT="67">
						<String ID="P5_ST00100" HPOS="200" VPOS="1590" WIDTH="199" HEIGHT="49" CONTENT='monie".' SUBS_TYPE="HypPart2" SUBS_CONTENT='„Philharmonie".' WC="0.98" CC="6100564"/>
						<SP ID="P5_SP00085" HPOS="399" VPOS="1639" WIDTH="47"/>
						<String ID="P5_ST00101" HPOS="446" VPOS="1590" WIDTH="126" HEIGHT="47" CONTENT="Viele" WC="0.99" CC="50000"/>
						<SP ID="P5_SP00086" HPOS="572" VPOS="1639" WIDTH="28"/>
						<String ID="P5_ST00102" HPOS="600" VPOS="1607" WIDTH="83" HEIGHT="30" CONTENT="von" WC="0.96" CC="640"/>
						<SP ID="P5_SP00087" HPOS="683" VPOS="1639" WIDTH="28"/>
						<String ID="P5_ST00103" HPOS="711" VPOS="1589" WIDTH="150" HEIGHT="48" CONTENT="diesen" WC="0.99" CC="000105"/>
						<SP ID="P5_SP00088" HPOS="861" VPOS="1639" WIDTH="31"/>
						<String ID="P5_ST00104" HPOS="892" VPOS="1590" WIDTH="247" HEIGHT="49" CONTENT="Concerten" WC="0.85" CC="404000040"/>
						<SP ID="P5_SP00089" HPOS="1139" VPOS="1639" WIDTH="30"/>
						<String ID="P5_ST00105" HPOS="1169" VPOS="1592" WIDTH="96" HEIGHT="48" CONTENT="sind" WC="0.99" CC="1020"/>
						<SP ID="P5_SP00090" HPOS="1265" VPOS="1640" WIDTH="28"/>
						<String ID="P5_ST00106" HPOS="1293" VPOS="1592" WIDTH="112" HEIGHT="48" CONTENT="aber" WC="0.98" CC="0504"/>
						<SP ID="P5_SP00091" HPOS="1405" VPOS="1640" WIDTH="26"/>
						<String ID="P5_ST00107" HPOS="1431" VPOS="1609" WIDTH="87" HEIGHT="31" CONTENT="nur" WC="0.96" CC="504"/>
						<SP ID="P5_SP00092" HPOS="1518" VPOS="1640" WIDTH="28"/>
						<String ID="P5_ST00108" HPOS="1546" VPOS="1594" WIDTH="118" HEIGHT="62" CONTENT="gesel" SUBS_TYPE="HypPart1" SUBS_CONTENT="gesellig" WC="0.99" CC="90000"/>
						<HYP HPOS="1664" VPOS="1594" WIDTH="23" CONTENT="-"/>
					</TextLine>
					<TextLine ID="P5_TL00017" HPOS="192" VPOS="1665" WIDTH="1496" HEIGHT="66">
						<String ID="P5_ST00109" HPOS="192" VPOS="1668" WIDTH="61" HEIGHT="62" CONTENT="lig" SUBS_TYPE="HypPart2" SUBS_CONTENT="gesellig" WC="0.99" CC="100"/>
						<SP ID="P5_SP00093" HPOS="253" VPOS="1730" WIDTH="47"/>
						<String ID="P5_ST00110" HPOS="300" VPOS="1665" WIDTH="309" HEIGHT="49" CONTENT="musicalische" WC="1.00" CC="500000401030"/>
						<SP ID="P5_SP00094" HPOS="609" VPOS="1730" WIDTH="53"/>
						<String ID="P5_ST00111" HPOS="662" VPOS="1667" WIDTH="423" HEIGHT="64" CONTENT="Versammlungen," WC="0.99" CC="50020870269043"/>
						<SP ID="P5_SP00095" HPOS="1085" VPOS="1731" WIDTH="42"/>
						<String ID="P5_ST00112" HPOS="1127" VPOS="1667" WIDTH="71" HEIGHT="49" CONTENT="bei" WC="0.96" CC="704"/>
						<SP ID="P5_SP00096" HPOS="1198" VPOS="1731" WIDTH="42"/>
						<String ID="P5_ST00113" HPOS="1240" VPOS="1667" WIDTH="145" HEIGHT="48" CONTENT="denen" WC="0.99" CC="00207"/>
						<SP ID="P5_SP00097" HPOS="1385" VPOS="1731" WIDTH="39"/>
						<String ID="P5_ST00114" HPOS="1424" VPOS="1686" WIDTH="104" HEIGHT="31" CONTENT="man" WC="0.97" CC="701"/>
						<SP ID="P5_SP00098" HPOS="1528" VPOS="1731" WIDTH="41"/>
						<String ID="P5_ST00115" HPOS="1569" VPOS="1669" WIDTH="119" HEIGHT="48" CONTENT="seine" WC="0.99" CC="00600"/>
					</TextLine>
					<TextLine ID="P5_TL00018" HPOS="196" VPOS="1742" WIDTH="387" HEIGHT="64">
						<String ID="P5_ST00116" HPOS="196" VPOS="1742" WIDTH="186" HEIGHT="64" CONTENT="Cigarre" WC="0.89" CC="5000010"/>
						<SP ID="P5_SP00099" HPOS="382" VPOS="1806" WIDTH="28"/>
						<String ID="P5_ST00117" HPOS="410" VPOS="1742" WIDTH="173" HEIGHT="47" CONTENT="raucht." WC="0.99" CC="3030603"/>
					</TextLine>
					<TextLine ID="P5_TL00019" HPOS="302" VPOS="1818" WIDTH="1383" HEIGHT="65">
						<String ID="P5_ST00118" HPOS="302" VPOS="1818" WIDTH="124" HEIGHT="47" CONTENT="Herr" WC="0.99" CC="4000"/>
						<SP ID="P5_SP00100" HPOS="426" VPOS="1865" WIDTH="28"/>
						<String ID="P5_ST00119" HPOS="454" VPOS="1818" WIDTH="251" HEIGHT="48" CONTENT="Damrosch" WC="0.60" CC="55940005"/>
						<SP ID="P5_SP00101" HPOS="705" VPOS="1866" WIDTH="42"/>
						<String ID="P5_ST00120" HPOS="747" VPOS="1818" WIDTH="116" HEIGHT="48" CONTENT="steht" WC="0.98" CC="00066"/>
						<SP ID="P5_SP00102" HPOS="863" VPOS="1866" WIDTH="36"/>
						<String ID="P5_ST00121" HPOS="899" VPOS="1834" WIDTH="56" HEIGHT="32" CONTENT="an" WC="0.82" CC="12"/>
						<SP ID="P5_SP00103" HPOS="955" VPOS="1866" WIDTH="41"/>
						<String ID="P5_ST00122" HPOS="996" VPOS="1818" WIDTH="80" HEIGHT="48" CONTENT="der" WC="1.00" CC="000"/>
						<SP ID="P5_SP00104" HPOS="1076" VPOS="1866" WIDTH="34"/>
						<String ID="P5_ST00123" HPOS="1110" VPOS="1819" WIDTH="146" HEIGHT="64" CONTENT="Spitze" WC="0.99" CC="200060"/>
						<SP ID="P5_SP00105" HPOS="1256" VPOS="1883" WIDTH="40"/>
						<String ID="P5_ST00124" HPOS="1296" VPOS="1819" WIDTH="80" HEIGHT="47" CONTENT="der" WC="1.00" CC="000"/>
						<SP ID="P5_SP00106" HPOS="1376" VPOS="1883" WIDTH="28"/>
						<String ID="P5_ST00125" HPOS="1404" VPOS="1819" WIDTH="281" HEIGHT="57" CONTENT="Zukünftler," WC="0.82" CC="00000764000"/>
					</TextLine>
					<TextLine ID="P5_TL00020" HPOS="188" VPOS="1893" WIDTH="1497" HEIGHT="64">
						<String ID="P5_ST00126" HPOS="188" VPOS="1893" WIDTH="172" HEIGHT="48" CONTENT="welche" WC="0.99" CC="500050"/>
						<SP ID="P5_SP00107" HPOS="360" VPOS="1941" WIDTH="28"/>
						<String ID="P5_ST00127" HPOS="388" VPOS="1893" WIDTH="69" HEIGHT="48" CONTENT="die" WC="0.98" CC="040"/>
						<SP ID="P5_SP00108" HPOS="457" VPOS="1941" WIDTH="31"/>
						<String ID="P5_ST00128" HPOS="488" VPOS="1894" WIDTH="273" HEIGHT="63" CONTENT="Gegenwart" WC="1.00" CC="400070000"/>
						<SP ID="P5_SP00109" HPOS="761" VPOS="1957" WIDTH="37"/>
						<String ID="P5_ST00129" HPOS="798" VPOS="1894" WIDTH="228" HEIGHT="48" CONTENT="bekehren" WC="0.99" CC="60000504"/>
						<SP ID="P5_SP00110" HPOS="1026" VPOS="1957" WIDTH="37"/>
						<String ID="P5_ST00130" HPOS="1063" VPOS="1895" WIDTH="177" HEIGHT="48" CONTENT="wollen." WC="0.98" CC="0605054"/>
						<SP ID="P5_SP00111" HPOS="1240" VPOS="1957" WIDTH="39"/>
						<String ID="P5_ST00131" HPOS="1279" VPOS="1895" WIDTH="88" HEIGHT="47" CONTENT="Ein" WC="0.97" CC="007"/>
						<SP ID="P5_SP00112" HPOS="1367" VPOS="1957" WIDTH="26"/>
						<String ID="P5_ST00132" HPOS="1393" VPOS="1895" WIDTH="182" HEIGHT="48" CONTENT="Bericht" WC="0.99" CC="5030030"/>
						<SP ID="P5_SP00113" HPOS="1575" VPOS="1957" WIDTH="34"/>
						<String ID="P5_ST00133" HPOS="1609" VPOS="1894" WIDTH="76" HEIGHT="49" CONTENT="des" WC="1.00" CC="000"/>
					</TextLine>
					<TextLine ID="P5_TL00021" HPOS="189" VPOS="1969" WIDTH="1498" HEIGHT="66">
						<String ID="P5_ST00134" HPOS="189" VPOS="1969" WIDTH="82" HEIGHT="47" CONTENT="Dr." WC="0.94" CC="654"/>
						<SP ID="P5_SP00114" HPOS="271" VPOS="2016" WIDTH="31"/>
						<String ID="P5_ST00135" HPOS="302" VPOS="1969" WIDTH="100" HEIGHT="47" CONTENT="Viol" WC="0.68" CC="0065"/>
						<SP ID="P5_SP00115" HPOS="402" VPOS="2016" WIDTH="29"/>
						<String ID="P5_ST00136" HPOS="431" VPOS="1985" WIDTH="78" HEIGHT="31" CONTENT="aus" WC="0.98" CC="400"/>
						<SP ID="P5_SP00116" HPOS="509" VPOS="2016" WIDTH="28"/>
						<String ID="P5_ST00137" HPOS="537" VPOS="1970" WIDTH="187" HEIGHT="47" CONTENT="Breslau" WC="0.99" CC="0404100"/>
						<SP ID="P5_SP00117" HPOS="724" VPOS="2017" WIDTH="37"/>
						<String ID="P5_ST00138" HPOS="761" VPOS="1969" WIDTH="43" HEIGHT="47" CONTENT="in" WC="1.00" CC="00"/>
						<SP ID="P5_SP00118" HPOS="804" VPOS="2017" WIDTH="36"/>
						<String ID="P5_ST00139" HPOS="840" VPOS="1969" WIDTH="85" HEIGHT="48" CONTENT="den" WC="1.00" CC="000"/>
						<SP ID="P5_SP00119" HPOS="925" VPOS="2017" WIDTH="40"/>
						<String ID="P5_ST00140" HPOS="965" VPOS="1970" WIDTH="220" HEIGHT="56" CONTENT="„Wiener" WC="0.99" CC="6000202"/>
						<SP ID="P5_SP00120" HPOS="1185" VPOS="2026" WIDTH="28"/>
						<String ID="P5_ST00141" HPOS="1213" VPOS="1970" WIDTH="335" HEIGHT="48" CONTENT='Recensionen"' WC="0.84" CC="300060223000"/>
						<SP ID="P5_SP00121" HPOS="1548" VPOS="2026" WIDTH="38"/>
						<String ID="P5_ST00142" HPOS="1586" VPOS="1978" WIDTH="101" HEIGHT="57" CONTENT="sagt" WC="0.99" CC="2100"/>
					</TextLine>
					<TextLine ID="P5_TL00022" HPOS="189" VPOS="2044" WIDTH="660" HEIGHT="48">
						<String ID="P5_ST00143" HPOS="189" VPOS="2053" WIDTH="133" HEIGHT="39" CONTENT="unter" WC="0.99" CC="06003"/>
						<SP ID="P5_SP00122" HPOS="322" VPOS="2092" WIDTH="25"/>
						<String ID="P5_ST00144" HPOS="347" VPOS="2044" WIDTH="229" HEIGHT="48" CONTENT="Anderem" WC="0.99" CC="4000400"/>
						<SP ID="P5_SP00123" HPOS="576" VPOS="2092" WIDTH="30"/>
						<String ID="P5_ST00145" HPOS="606" VPOS="2045" WIDTH="114" HEIGHT="47" CONTENT="über" WC="0.98" CC="0205"/>
						<SP ID="P5_SP00124" HPOS="720" VPOS="2092" WIDTH="27"/>
						<String ID="P5_ST00146" HPOS="747" VPOS="2045" WIDTH="102" HEIGHT="47" CONTENT="ihn:" WC="1.00" CC="0000"/>
					</TextLine>
					<TextLine ID="P5_TL00023" HPOS="316" VPOS="2120" WIDTH="1369" HEIGHT="67">
						<String ID="P5_ST00147" HPOS="316" VPOS="2121" WIDTH="77" HEIGHT="55" CONTENT="„In" WC="0.95" CC="607"/>
						<SP ID="P5_SP00125" HPOS="393" VPOS="2176" WIDTH="28"/>
						<String ID="P5_ST00148" HPOS="421" VPOS="2120" WIDTH="86" HEIGHT="47" CONTENT="den" WC="0.99" CC="002"/>
						<SP ID="P5_SP00126" HPOS="507" VPOS="2176" WIDTH="24"/>
						<String ID="P5_ST00149" HPOS="531" VPOS="2121" WIDTH="249" HEIGHT="46" CONTENT="Concerten" WC="0.77" CC="500004307"/>
						<SP ID="P5_SP00127" HPOS="780" VPOS="2176" WIDTH="28"/>
						<String ID="P5_ST00150" HPOS="808" VPOS="2120" WIDTH="80" HEIGHT="47" CONTENT="der" WC="0.99" CC="001"/>
						<SP ID="P5_SP00128" HPOS="888" VPOS="2176" WIDTH="22"/>
						<String ID="P5_ST00151" HPOS="910" VPOS="2121" WIDTH="335" HEIGHT="49" CONTENT="Philharmonie" WC="0.99" CC="360550300060"/>
						<SP ID="P5_SP00129" HPOS="1245" VPOS="2176" WIDTH="23"/>
						<String ID="P5_ST00152" HPOS="1268" VPOS="2123" WIDTH="188" HEIGHT="47" CONTENT="wurden" WC="0.98" CC="703004"/>
						<SP ID="P5_SP00130" HPOS="1456" VPOS="2176" WIDTH="21"/>
						<String ID="P5_ST00153" HPOS="1477" VPOS="2138" WIDTH="182" HEIGHT="49" CONTENT="vorzugs" SUBS_TYPE="HypPart1" SUBS_CONTENT="vorzugsweise" WC="0.98" CC="5047570"/>
						<HYP HPOS="1659" VPOS="2138" WIDTH="26" CONTENT="-"/>
					</TextLine>
					<TextLine ID="P5_TL00024" HPOS="188" VPOS="2195" WIDTH="1499" HEIGHT="66">
						<String ID="P5_ST00154" HPOS="188" VPOS="2196" WIDTH="135" HEIGHT="47" CONTENT="weise" SUBS_TYPE="HypPart2" SUBS_CONTENT="vorzugsweise" WC="0.99" CC="80000"/>
						<SP ID="P5_SP00131" HPOS="323" VPOS="2243" WIDTH="24"/>
						<String ID="P5_ST00155" HPOS="347" VPOS="2195" WIDTH="175" HEIGHT="49" CONTENT="Werke" WC="0.98" CC="35404"/>
						<SP ID="P5_SP00132" HPOS="522" VPOS="2244" WIDTH="23"/>
						<String ID="P5_ST00156" HPOS="545" VPOS="2195" WIDTH="80" HEIGHT="48" CONTENT="der" WC="0.99" CC="003"/>
						<SP ID="P5_SP00133" HPOS="625" VPOS="2244" WIDTH="20"/>
						<String ID="P5_ST00157" HPOS="645" VPOS="2196" WIDTH="423" HEIGHT="50" CONTENT="Neu-Romantiker" WC="0.84" CC="61000024300002"/>
						<SP ID="P5_SP00134" HPOS="1068" VPOS="2246" WIDTH="27"/>
						<String ID="P5_ST00158" HPOS="1095" VPOS="2197" WIDTH="286" HEIGHT="64" CONTENT="aufgeführt;" WC="1.00" CC="00700502060"/>
						<SP ID="P5_SP00135" HPOS="1381" VPOS="2261" WIDTH="28"/>
						<String ID="P5_ST00159" HPOS="1409" VPOS="2197" WIDTH="69" HEIGHT="49" CONTENT="die" WC="1.00" CC="000"/>
						<SP ID="P5_SP00136" HPOS="1478" VPOS="2261" WIDTH="23"/>
						<String ID="P5_ST00160" HPOS="1501" VPOS="2197" WIDTH="186" HEIGHT="50" CONTENT="meisten" WC="1.00" CC="5000000"/>
					</TextLine>
					<TextLine ID="P5_TL00025" HPOS="188" VPOS="2271" WIDTH="1496" HEIGHT="65">
						<String ID="P5_ST00161" HPOS="188" VPOS="2271" WIDTH="375" HEIGHT="65" CONTENT="symphonischen" WC="0.99" CC="6659604000006"/>
						<SP ID="P5_SP00137" HPOS="563" VPOS="2336" WIDTH="39"/>
						<String ID="P5_ST00162" HPOS="602" VPOS="2271" WIDTH="288" HEIGHT="65" CONTENT="Dichtungen" WC="0.99" CC="6504040903"/>
						<SP ID="P5_SP00138" HPOS="890" VPOS="2336" WIDTH="40"/>
						<String ID="P5_ST00163" HPOS="930" VPOS="2272" WIDTH="204" HEIGHT="58" CONTENT="Liszt's," WC="0.81" CC="20040303"/>
						<SP ID="P5_SP00139" HPOS="1134" VPOS="2336" WIDTH="42"/>
						<String ID="P5_ST00164" HPOS="1176" VPOS="2274" WIDTH="287" HEIGHT="47" CONTENT="Ouvertüren" WC="0.99" CC="4100620503"/>
						<SP ID="P5_SP00140" HPOS="1463" VPOS="2336" WIDTH="43"/>
						<String ID="P5_ST00165" HPOS="1506" VPOS="2289" WIDTH="84" HEIGHT="32" CONTENT="von" WC="0.98" CC="032"/>
						<SP ID="P5_SP00141" HPOS="1590" VPOS="2336" WIDTH="36"/>
						<String ID="P5_ST00166" HPOS="1626" VPOS="2275" WIDTH="58" HEIGHT="47" CONTENT="H." WC="0.40" CC="74"/>
					</TextLine>
					<TextLine ID="P5_TL00026" HPOS="189" VPOS="2347" WIDTH="1494" HEIGHT="59">
						<String ID="P5_ST00167" HPOS="189" VPOS="2347" WIDTH="243" HEIGHT="58" CONTENT="Berlioz," WC="0.76" CC="70000263"/>
						<SP ID="P5_SP00142" HPOS="432" VPOS="2405" WIDTH="43"/>
						<String ID="P5_ST00168" HPOS="475" VPOS="2347" WIDTH="97" HEIGHT="47" CONTENT="eine" WC="0.98" CC="2061"/>
						<SP ID="P5_SP00143" HPOS="572" VPOS="2405" WIDTH="29"/>
						<String ID="P5_ST00169" HPOS="601" VPOS="2347" WIDTH="438" HEIGHT="59" CONTENT="Faust-Ouverture," WC="0.75" CC="0000437600451203"/>
						<SP ID="P5_SP00144" HPOS="1039" VPOS="2406" WIDTH="48"/>
						<String ID="P5_ST00170" HPOS="1087" VPOS="2347" WIDTH="70" HEIGHT="49" CONTENT="die" WC="0.99" CC="002"/>
						<SP ID="P5_SP00145" HPOS="1157" VPOS="2406" WIDTH="28"/>
						<String ID="P5_ST00171" HPOS="1185" VPOS="2350" WIDTH="469" HEIGHT="47" CONTENT="Tannhäuser-Ouver" SUBS_TYPE="HypPart1" SUBS_CONTENT="Tannhäuser-Ouverture" WC="0.72" CC="0657400033044000"/>
						<HYP HPOS="1654" VPOS="2350" WIDTH="29" CONTENT="-"/>
					</TextLine>
					<TextLine ID="P5_TL00027" HPOS="188" VPOS="2422" WIDTH="1496" HEIGHT="68">
						<String ID="P5_ST00172" HPOS="188" VPOS="2431" WIDTH="102" HEIGHT="41" CONTENT="ture" SUBS_TYPE="HypPart2" SUBS_CONTENT="Tannhäuser-Ouverture" WC="0.85" CC="0050"/>
						<SP ID="P5_SP00146" HPOS="290" VPOS="2472" WIDTH="30"/>
						<String ID="P5_ST00173" HPOS="320" VPOS="2422" WIDTH="90" HEIGHT="50" CONTENT="und" WC="0.98" CC="040"/>
						<SP ID="P5_SP00147" HPOS="410" VPOS="2472" WIDTH="28"/>
						<String ID="P5_ST00174" HPOS="438" VPOS="2424" WIDTH="167" HEIGHT="47" CONTENT="Stücke" WC="1.00" CC="400000"/>
						<SP ID="P5_SP00148" HPOS="605" VPOS="2472" WIDTH="29"/>
						<String ID="P5_ST00175" HPOS="634" VPOS="2440" WIDTH="80" HEIGHT="32" CONTENT="aus" WC="1.00" CC="000"/>
						<SP ID="P5_SP00149" HPOS="714" VPOS="2472" WIDTH="27"/>
						<String ID="P5_ST00176" HPOS="741" VPOS="2424" WIDTH="261" HEIGHT="64" CONTENT="Lohengrin" WC="0.63" CC="454060407"/>
						<SP ID="P5_SP00150" HPOS="1002" VPOS="2488" WIDTH="28"/>
						<String ID="P5_ST00177" HPOS="1030" VPOS="2441" WIDTH="83" HEIGHT="31" CONTENT="von" WC="0.99" CC="020"/>
						<SP ID="P5_SP00151" HPOS="1113" VPOS="2488" WIDTH="30"/>
						<String ID="P5_ST00178" HPOS="1143" VPOS="2427" WIDTH="54" HEIGHT="46" CONTENT="R." WC="0.48" CC="64"/>
						<SP ID="P5_SP00152" HPOS="1197" VPOS="2488" WIDTH="30"/>
						<String ID="P5_ST00179" HPOS="1227" VPOS="2426" WIDTH="276" HEIGHT="64" CONTENT="Wagner," WC="0.99" CC="0504054"/>
						<SP ID="P5_SP00153" HPOS="1503" VPOS="2490" WIDTH="35"/>
						<String ID="P5_ST00180" HPOS="1538" VPOS="2426" WIDTH="122" HEIGHT="48" CONTENT="Sinfo" SUBS_TYPE="HypPart1" SUBS_CONTENT="Sinfonieen" WC="0.64" CC="50436"/>
						<HYP HPOS="1660" VPOS="2426" WIDTH="24" CONTENT="-"/>
					</TextLine>
					<TextLine ID="P5_TL00028" HPOS="191" VPOS="2500" WIDTH="1493" HEIGHT="58">
						<String ID="P5_ST00181" HPOS="191" VPOS="2501" WIDTH="131" HEIGHT="47" CONTENT="nieen" SUBS_TYPE="HypPart2" SUBS_CONTENT="Sinfonieen" WC="0.76" CC="80003"/>
						<SP ID="P5_SP00154" HPOS="322" VPOS="2548" WIDTH="29"/>
						<String ID="P5_ST00182" HPOS="351" VPOS="2516" WIDTH="84" HEIGHT="32" CONTENT="von" WC="0.95" CC="057"/>
						<SP ID="P5_SP00155" HPOS="435" VPOS="2548" WIDTH="29"/>
						<String ID="P5_ST00183" HPOS="464" VPOS="2501" WIDTH="53" HEIGHT="46" CONTENT="R." WC="0.84" CC="03"/>
						<SP ID="P5_SP00156" HPOS="517" VPOS="2548" WIDTH="31"/>
						<String ID="P5_ST00184" HPOS="548" VPOS="2500" WIDTH="336" HEIGHT="58" CONTENT="Schumann," WC="0.99" CC="506500544"/>
						<SP ID="P5_SP00157" HPOS="884" VPOS="2558" WIDTH="39"/>
						<String ID="P5_ST00185" HPOS="923" VPOS="2500" WIDTH="338" HEIGHT="48" CONTENT="Rubinstein" WC="0.99" CC="0040415007"/>
						<SP ID="P5_SP00158" HPOS="1261" VPOS="2558" WIDTH="28"/>
						<String ID="P5_ST00186" HPOS="1289" VPOS="2519" WIDTH="42" HEIGHT="30" CONTENT="u." WC="0.46" CC="64"/>
						<SP ID="P5_SP00159" HPOS="1331" VPOS="2558" WIDTH="31"/>
						<String ID="P5_ST00187" HPOS="1362" VPOS="2518" WIDTH="31" HEIGHT="31" CONTENT="s." WC="0.91" CC="10"/>
						<SP ID="P5_SP00160" HPOS="1393" VPOS="2558" WIDTH="30"/>
						<String ID="P5_ST00188" HPOS="1423" VPOS="2519" WIDTH="54" HEIGHT="32" CONTENT="w." WC="1.00" CC="00"/>
						<SP ID="P5_SP00161" HPOS="1477" VPOS="2558" WIDTH="48"/>
						<String ID="P5_ST00189" HPOS="1525" VPOS="2501" WIDTH="159" HEIGHT="50" CONTENT="Neben" WC="0.98" CC="43600"/>
					</TextLine>
					<TextLine ID="P5_TL00029" HPOS="188" VPOS="2575" WIDTH="1496" HEIGHT="50">
						<String ID="P5_ST00190" HPOS="188" VPOS="2575" WIDTH="87" HEIGHT="49" CONTENT="den" WC="0.99" CC="002"/>
						<SP ID="P5_SP00162" HPOS="275" VPOS="2624" WIDTH="27"/>
						<String ID="P5_ST00191" HPOS="302" VPOS="2576" WIDTH="258" HEIGHT="47" CONTENT="Sinfonieen" WC="0.58" CC="0068466206"/>
						<SP ID="P5_SP00163" HPOS="560" VPOS="2624" WIDTH="40"/>
						<String ID="P5_ST00192" HPOS="600" VPOS="2592" WIDTH="85" HEIGHT="31" CONTENT="von" WC="0.97" CC="007"/>
						<SP ID="P5_SP00164" HPOS="685" VPOS="2624" WIDTH="28"/>
						<String ID="P5_ST00193" HPOS="713" VPOS="2577" WIDTH="308" HEIGHT="47" CONTENT="Beethoven" WC="0.99" CC="700010602"/>
						<SP ID="P5_SP00165" HPOS="1021" VPOS="2624" WIDTH="42"/>
						<String ID="P5_ST00194" HPOS="1063" VPOS="2577" WIDTH="80" HEIGHT="47" CONTENT="lief" WC="0.99" CC="0005"/>
						<SP ID="P5_SP00166" HPOS="1143" VPOS="2624" WIDTH="24"/>
						<String ID="P5_ST00195" HPOS="1167" VPOS="2577" WIDTH="115" HEIGHT="48" CONTENT="auch" WC="1.00" CC="0000"/>
						<SP ID="P5_SP00167" HPOS="1282" VPOS="2625" WIDTH="22"/>
						<String ID="P5_ST00196" HPOS="1304" VPOS="2578" WIDTH="163" HEIGHT="47" CONTENT="einmal" WC="0.99" CC="004005"/>
						<SP ID="P5_SP00168" HPOS="1467" VPOS="2625" WIDTH="31"/>
						<String ID="P5_ST00197" HPOS="1498" VPOS="2577" WIDTH="73" HEIGHT="47" CONTENT="hin" WC="0.98" CC="400"/>
						<SP ID="P5_SP00169" HPOS="1571" VPOS="2625" WIDTH="24"/>
						<String ID="P5_ST00198" HPOS="1595" VPOS="2578" WIDTH="89" HEIGHT="47" CONTENT="und" WC="0.96" CC="044"/>
					</TextLine>
					<TextLine ID="P5_TL00030" HPOS="191" VPOS="2652" WIDTH="1494" HEIGHT="66">
						<String ID="P5_ST00199" HPOS="191" VPOS="2652" WIDTH="170" HEIGHT="48" CONTENT="wieder" WC="0.99" CC="000007"/>
						<SP ID="P5_SP00170" HPOS="361" VPOS="2700" WIDTH="21"/>
						<String ID="P5_ST00200" HPOS="382" VPOS="2652" WIDTH="309" HEIGHT="48" CONTENT="eineSinfonie" WC="0.78" CC="006020801600"/>
						<SP ID="P5_SP00171" HPOS="691" VPOS="2700" WIDTH="22"/>
						<String ID="P5_ST00201" HPOS="713" VPOS="2652" WIDTH="291" HEIGHT="65" CONTENT="vonHaydn" WC="0.60" CC="00560694"/>
						<SP ID="P5_SP00172" HPOS="1004" VPOS="2717" WIDTH="31"/>
						<String ID="P5_ST00202" HPOS="1035" VPOS="2652" WIDTH="108" HEIGHT="48" CONTENT="oder" WC="0.98" CC="0900"/>
						<SP ID="P5_SP00173" HPOS="1143" VPOS="2717" WIDTH="15"/>
						<String ID="P5_ST00203" HPOS="1158" VPOS="2655" WIDTH="210" HEIGHT="47" CONTENT="Mozart" WC="0.98" CC="355200"/>
						<SP ID="P5_SP00174" HPOS="1368" VPOS="2717" WIDTH="27"/>
						<String ID="P5_ST00204" HPOS="1395" VPOS="2671" WIDTH="99" HEIGHT="31" CONTENT="vom" WC="0.98" CC="004"/>
						<SP ID="P5_SP00175" HPOS="1494" VPOS="2717" WIDTH="24"/>
						<String ID="P5_ST00205" HPOS="1518" VPOS="2655" WIDTH="167" HEIGHT="63" CONTENT="Stapel," WC="0.99" CC="5650010"/>
					</TextLine>
					<TextLine ID="P5_TL00031" HPOS="189" VPOS="2728" WIDTH="1496" HEIGHT="66">
						<String ID="P5_ST00206" HPOS="189" VPOS="2728" WIDTH="116" HEIGHT="49" CONTENT="doch" WC="0.98" CC="0207"/>
						<SP ID="P5_SP00176" HPOS="305" VPOS="2777" WIDTH="30"/>
						<String ID="P5_ST00207" HPOS="335" VPOS="2728" WIDTH="79" HEIGHT="49" CONTENT="mit" WC="0.98" CC="104"/>
						<SP ID="P5_SP00177" HPOS="414" VPOS="2777" WIDTH="22"/>
						<String ID="P5_ST00208" HPOS="436" VPOS="2728" WIDTH="103" HEIGHT="47" CONTENT="sehr" WC="0.98" CC="0314"/>
						<SP ID="P5_SP00178" HPOS="539" VPOS="2777" WIDTH="21"/>
						<String ID="P5_ST00209" HPOS="560" VPOS="2728" WIDTH="407" HEIGHT="49" CONTENT="stiefmütterlicher" WC="1.00" CC="04100008904400003"/>
						<SP ID="P5_SP00179" HPOS="967" VPOS="2777" WIDTH="20"/>
						<String ID="P5_ST00210" HPOS="987" VPOS="2730" WIDTH="298" HEIGHT="64" CONTENT="Behandlung" WC="0.99" CC="7063702780"/>
						<SP ID="P5_SP00180" HPOS="1285" VPOS="2794" WIDTH="22"/>
						<String ID="P5_ST00211" HPOS="1307" VPOS="2730" WIDTH="91" HEIGHT="48" CONTENT="und" WC="0.98" CC="320"/>
						<SP ID="P5_SP00181" HPOS="1398" VPOS="2794" WIDTH="23"/>
						<String ID="P5_ST00212" HPOS="1421" VPOS="2731" WIDTH="117" HEIGHT="47" CONTENT="ohne" WC="0.98" CC="0730"/>
						<SP ID="P5_SP00182" HPOS="1538" VPOS="2794" WIDTH="23"/>
						<String ID="P5_ST00213" HPOS="1561" VPOS="2747" WIDTH="100" HEIGHT="47" CONTENT="gros" SUBS_TYPE="HypPart1" SUBS_CONTENT="grosses" WC="0.97" CC="9440"/>
						<HYP HPOS="1661" VPOS="2747" WIDTH="24" CONTENT="-"/>
					</TextLine>
					<TextLine ID="P5_TL00032" HPOS="188" VPOS="2805" WIDTH="1496" HEIGHT="66">
						<String ID="P5_ST00214" HPOS="188" VPOS="2821" WIDTH="70" HEIGHT="33" CONTENT="ses" SUBS_TYPE="HypPart2" SUBS_CONTENT="grosses" WC="0.98" CC="302"/>
						<SP ID="P5_SP00183" HPOS="258" VPOS="2854" WIDTH="24"/>
						<String ID="P5_ST00215" HPOS="282" VPOS="2805" WIDTH="244" HEIGHT="49" CONTENT="Geräusch." WC="0.99" CC="035603071"/>
						<SP ID="P5_SP00184" HPOS="526" VPOS="2854" WIDTH="29"/>
						<String ID="P5_ST00216" HPOS="555" VPOS="2806" WIDTH="85" HEIGHT="47" CONTENT="Die" WC="0.97" CC="701"/>
						<SP ID="P5_SP00185" HPOS="640" VPOS="2854" WIDTH="29"/>
						<String ID="P5_ST00217" HPOS="669" VPOS="2806" WIDTH="373" HEIGHT="63" CONTENT="symphonischen" WC="0.99" CC="5600508001607"/>
						<SP ID="P5_SP00186" HPOS="1042" VPOS="2869" WIDTH="21"/>
						<String ID="P5_ST00218" HPOS="1063" VPOS="2806" WIDTH="288" HEIGHT="65" CONTENT="Dichtungen" WC="0.99" CC="5002846007"/>
						<SP ID="P5_SP00187" HPOS="1351" VPOS="2871" WIDTH="21"/>
						<String ID="P5_ST00219" HPOS="1372" VPOS="2806" WIDTH="151" HEIGHT="48" CONTENT="Liszt's" WC="0.73" CC="0004607"/>
						<SP ID="P5_SP00188" HPOS="1523" VPOS="2871" WIDTH="25"/>
						<String ID="P5_ST00220" HPOS="1548" VPOS="2807" WIDTH="109" HEIGHT="64" CONTENT="dage" SUBS_TYPE="HypPart1" SUBS_CONTENT="dagegen" WC="1.00" CC="0000"/>
						<HYP HPOS="1657" VPOS="2807" WIDTH="27" CONTENT="-"/>
					</TextLine>
					<TextLine ID="P5_TL00033" HPOS="191" VPOS="2881" WIDTH="1496" HEIGHT="66">
						<String ID="P5_ST00221" HPOS="191" VPOS="2897" WIDTH="86" HEIGHT="50" CONTENT="gen" SUBS_TYPE="HypPart2" SUBS_CONTENT="dagegen" WC="0.94" CC="904"/>
						<SP ID="P5_SP00189" HPOS="277" VPOS="2947" WIDTH="31"/>
						<String ID="P5_ST00222" HPOS="308" VPOS="2881" WIDTH="189" HEIGHT="48" CONTENT="wurden" WC="0.99" CC="006017"/>
						<SP ID="P5_SP00190" HPOS="497" VPOS="2947" WIDTH="28"/>
						<String ID="P5_ST00223" HPOS="525" VPOS="2881" WIDTH="101" HEIGHT="48" CONTENT="dem" WC="0.98" CC="033"/>
						<SP ID="P5_SP00191" HPOS="626" VPOS="2947" WIDTH="30"/>
						<String ID="P5_ST00224" HPOS="656" VPOS="2881" WIDTH="236" HEIGHT="48" CONTENT="Publicum" WC="0.99" CC="06800023"/>
						<SP ID="P5_SP00192" HPOS="892" VPOS="2947" WIDTH="29"/>
						<String ID="P5_ST00225" HPOS="921" VPOS="2882" WIDTH="63" HEIGHT="47" CONTENT="als" WC="0.98" CC="004"/>
						<SP ID="P5_SP00193" HPOS="984" VPOS="2947" WIDTH="30"/>
						<String ID="P5_ST00226" HPOS="1014" VPOS="2883" WIDTH="80" HEIGHT="46" CONTENT="auf" WC="0.93" CC="908"/>
						<SP ID="P5_SP00194" HPOS="1094" VPOS="2947" WIDTH="23"/>
						<String ID="P5_ST00227" HPOS="1117" VPOS="2881" WIDTH="78" HEIGHT="48" CONTENT="der" WC="1.00" CC="001"/>
						<SP ID="P5_SP00195" HPOS="1195" VPOS="2947" WIDTH="23"/>
						<String ID="P5_ST00228" HPOS="1218" VPOS="2883" WIDTH="132" HEIGHT="47" CONTENT="Höhe" WC="0.97" CC="6500"/>
						<SP ID="P5_SP00196" HPOS="1350" VPOS="2947" WIDTH="28"/>
						<String ID="P5_ST00229" HPOS="1378" VPOS="2882" WIDTH="80" HEIGHT="48" CONTENT="der" WC="0.98" CC="006"/>
						<SP ID="P5_SP00197" HPOS="1458" VPOS="2947" WIDTH="20"/>
						<String ID="P5_ST00230" HPOS="1478" VPOS="2883" WIDTH="97" HEIGHT="47" CONTENT="Zeit" WC="0.99" CC="0006"/>
						<SP ID="P5_SP00198" HPOS="1575" VPOS="2947" WIDTH="27"/>
						<String ID="P5_ST00231" HPOS="1602" VPOS="2890" WIDTH="64" HEIGHT="42" CONTENT="ste" SUBS_TYPE="HypPart1" SUBS_CONTENT="stehende" WC="0.98" CC="050"/>
						<HYP HPOS="1666" VPOS="2890" WIDTH="21" CONTENT="-"/>
					</TextLine>
					<TextLine ID="P5_TL00034" HPOS="192" VPOS="2957" WIDTH="1492" HEIGHT="65">
						<String ID="P5_ST00232" HPOS="192" VPOS="2957" WIDTH="146" HEIGHT="48" CONTENT="hende" SUBS_TYPE="HypPart2" SUBS_CONTENT="stehende" WC="0.98" CC="60700"/>
						<SP ID="P5_SP00199" HPOS="338" VPOS="3005" WIDTH="20"/>
						<String ID="P5_ST00233" HPOS="358" VPOS="2957" WIDTH="372" HEIGHT="63" CONTENT="Erscheinungen" WC="0.99" CC="3510000723037"/>
						<SP ID="P5_SP00200" HPOS="730" VPOS="3020" WIDTH="28"/>
						<String ID="P5_ST00234" HPOS="758" VPOS="2958" WIDTH="80" HEIGHT="47" CONTENT="mit" WC="1.00" CC="000"/>
						<SP ID="P5_SP00201" HPOS="838" VPOS="3020" WIDTH="19"/>
						<String ID="P5_ST00235" HPOS="857" VPOS="2958" WIDTH="174" HEIGHT="47" CONTENT="solcher" WC="0.99" CC="3360205"/>
						<SP ID="P5_SP00202" HPOS="1031" VPOS="3020" WIDTH="22"/>
						<String ID="P5_ST00236" HPOS="1053" VPOS="2958" WIDTH="372" HEIGHT="64" CONTENT="Hartnäckigkeit" WC="0.99" CC="70550705000003"/>
						<SP ID="P5_SP00203" HPOS="1425" VPOS="3022" WIDTH="20"/>
						<String ID="P5_ST00237" HPOS="1445" VPOS="2966" WIDTH="111" HEIGHT="40" CONTENT="trotz" WC="0.98" CC="06005"/>
						<SP ID="P5_SP00204" HPOS="1556" VPOS="3022" WIDTH="23"/>
						<String ID="P5_ST00238" HPOS="1579" VPOS="2961" WIDTH="105" HEIGHT="47" CONTENT="alles" WC="0.99" CC="04001"/>
					</TextLine>
					<TextLine ID="P5_TL00035" HPOS="192" VPOS="3033" WIDTH="1495" HEIGHT="66">
						<String ID="P5_ST00239" HPOS="192" VPOS="3033" WIDTH="298" HEIGHT="48" CONTENT="Protestirens" WC="0.71" CC="064500005550"/>
						<SP ID="P5_SP00205" HPOS="490" VPOS="3081" WIDTH="28"/>
						<String ID="P5_ST00240" HPOS="518" VPOS="3034" WIDTH="284" HEIGHT="64" CONTENT="vorgeführt," WC="0.99" CC="63500806003"/>
						<SP ID="P5_SP00206" HPOS="802" VPOS="3098" WIDTH="30"/>
						<String ID="P5_ST00241" HPOS="832" VPOS="3033" WIDTH="99" HEIGHT="48" CONTENT="dass" WC="0.79" CC="0520"/>
						<SP ID="P5_SP00207" HPOS="931" VPOS="3098" WIDTH="28"/>
						<String ID="P5_ST00242" HPOS="959" VPOS="3034" WIDTH="158" HEIGHT="47" CONTENT="zuletzt" WC="0.99" CC="5020560"/>
						<SP ID="P5_SP00208" HPOS="1117" VPOS="3098" WIDTH="27"/>
						<String ID="P5_ST00243" HPOS="1144" VPOS="3033" WIDTH="87" HEIGHT="48" CONTENT="den" WC="1.00" CC="000"/>
						<SP ID="P5_SP00209" HPOS="1231" VPOS="3098" WIDTH="29"/>
						<String ID="P5_ST00244" HPOS="1260" VPOS="3034" WIDTH="127" HEIGHT="49" CONTENT="mehr" WC="0.97" CC="0346"/>
						<SP ID="P5_SP00210" HPOS="1387" VPOS="3098" WIDTH="28"/>
						<String ID="P5_ST00245" HPOS="1415" VPOS="3036" WIDTH="62" HEIGHT="47" CONTENT="als" WC="0.97" CC="044"/>
						<SP ID="P5_SP00211" HPOS="1477" VPOS="3098" WIDTH="31"/>
						<String ID="P5_ST00246" HPOS="1508" VPOS="3040" WIDTH="150" HEIGHT="59" CONTENT="gutmü" SUBS_TYPE="HypPart1" SUBS_CONTENT="gutmüthigen" WC="0.99" CC="00000"/>
						<HYP HPOS="1658" VPOS="3040" WIDTH="29" CONTENT="-"/>
					</TextLine>
					<TextLine ID="P5_TL00036" HPOS="192" VPOS="3108" WIDTH="1495" HEIGHT="67">
						<String ID="P5_ST00247" HPOS="192" VPOS="3109" WIDTH="155" HEIGHT="65" CONTENT="thigen" SUBS_TYPE="HypPart2" SUBS_CONTENT="gutmüthigen" WC="0.66" CC="370027"/>
						<SP ID="P5_SP00212" HPOS="347" VPOS="3174" WIDTH="28"/>
						<String ID="P5_ST00248" HPOS="375" VPOS="3108" WIDTH="93" HEIGHT="48" CONTENT="und" WC="0.96" CC="540"/>
						<SP ID="P5_SP00213" HPOS="468" VPOS="3174" WIDTH="28"/>
						<String ID="P5_ST00249" HPOS="496" VPOS="3109" WIDTH="270" HEIGHT="65" CONTENT="geduldigen" WC="0.99" CC="0031092000"/>
						<SP ID="P5_SP00214" HPOS="766" VPOS="3174" WIDTH="23"/>
						<String ID="P5_ST00250" HPOS="789" VPOS="3111" WIDTH="236" HEIGHT="47" CONTENT="Zuhörern" WC="0.99" CC="00402045"/>
						<SP ID="P5_SP00215" HPOS="1025" VPOS="3174" WIDTH="23"/>
						<String ID="P5_ST00251" HPOS="1048" VPOS="3111" WIDTH="141" HEIGHT="47" CONTENT="nichts" WC="0.99" CC="402000"/>
						<SP ID="P5_SP00216" HPOS="1189" VPOS="3174" WIDTH="23"/>
						<String ID="P5_ST00252" HPOS="1212" VPOS="3111" WIDTH="156" HEIGHT="47" CONTENT="weiter" WC="0.98" CC="400606"/>
						<SP ID="P5_SP00217" HPOS="1368" VPOS="3174" WIDTH="28"/>
						<String ID="P5_ST00253" HPOS="1396" VPOS="3111" WIDTH="135" HEIGHT="64" CONTENT="übrig" WC="0.99" CC="06200"/>
						<SP ID="P5_SP00218" HPOS="1531" VPOS="3175" WIDTH="21"/>
						<String ID="P5_ST00254" HPOS="1552" VPOS="3112" WIDTH="135" HEIGHT="58" CONTENT="blieb," WC="0.99" CC="400044"/>
					</TextLine>
					<TextLine ID="P5_TL00037" HPOS="193" VPOS="3184" WIDTH="1482" HEIGHT="65">
						<String ID="P5_ST00255" HPOS="193" VPOS="3187" WIDTH="62" HEIGHT="47" CONTENT="als" WC="0.97" CC="700"/>
						<SP ID="P5_SP00219" HPOS="255" VPOS="3234" WIDTH="23"/>
						<String ID="P5_ST00256" HPOS="278" VPOS="3184" WIDTH="78" HEIGHT="50" CONTENT="das" WC="0.97" CC="025"/>
						<SP ID="P5_SP00220" HPOS="356" VPOS="3234" WIDTH="23"/>
						<String ID="P5_ST00257" HPOS="379" VPOS="3184" WIDTH="344" HEIGHT="57" CONTENT="Radicalmittel," WC="0.74" CC="71600900051500"/>
						<SP ID="P5_SP00221" HPOS="723" VPOS="3241" WIDTH="30"/>
						<String ID="P5_ST00258" HPOS="753" VPOS="3184" WIDTH="69" HEIGHT="49" CONTENT="die" WC="0.97" CC="043"/>
						<SP ID="P5_SP00222" HPOS="822" VPOS="3241" WIDTH="27"/>
						<String ID="P5_ST00259" HPOS="849" VPOS="3186" WIDTH="217" HEIGHT="48" CONTENT="Concerte" WC="0.56" CC="52754450"/>
						<SP ID="P5_SP00223" HPOS="1066" VPOS="3241" WIDTH="21"/>
						<String ID="P5_ST00260" HPOS="1087" VPOS="3202" WIDTH="84" HEIGHT="47" CONTENT="gar" WC="0.96" CC="830"/>
						<SP ID="P5_SP00224" HPOS="1171" VPOS="3249" WIDTH="20"/>
						<String ID="P5_ST00261" HPOS="1191" VPOS="3186" WIDTH="122" HEIGHT="48" CONTENT="nicht" WC="0.98" CC="20072"/>
						<SP ID="P5_SP00225" HPOS="1313" VPOS="3249" WIDTH="19"/>
						<String ID="P5_ST00262" HPOS="1332" VPOS="3203" WIDTH="54" HEIGHT="31" CONTENT="zu" WC="0.37" CC="75"/>
						<SP ID="P5_SP00226" HPOS="1386" VPOS="3249" WIDTH="21"/>
						<String ID="P5_ST00263" HPOS="1407" VPOS="3186" WIDTH="268" HEIGHT="49" CONTENT='besuchen."' WC="0.99" CC="5001050006"/>
					</TextLine>
					<TextLine ID="P5_TL00038" HPOS="299" VPOS="3260" WIDTH="1390" HEIGHT="68">
						<String ID="P5_ST00264" HPOS="299" VPOS="3260" WIDTH="274" HEIGHT="50" CONTENT="Ausserdem" WC="1.00" CC="007600000"/>
						<SP ID="P5_SP00227" HPOS="573" VPOS="3310" WIDTH="37"/>
						<String ID="P5_ST00265" HPOS="610" VPOS="3262" WIDTH="79" HEIGHT="48" CONTENT="hat" WC="0.98" CC="600"/>
						<SP ID="P5_SP00228" HPOS="689" VPOS="3310" WIDTH="26"/>
						<String ID="P5_ST00266" HPOS="715" VPOS="3263" WIDTH="121" HEIGHT="47" CONTENT="Herr" WC="0.97" CC="8041"/>
						<SP ID="P5_SP00229" HPOS="836" VPOS="3310" WIDTH="28"/>
						<String ID="P5_ST00267" HPOS="864" VPOS="3263" WIDTH="251" HEIGHT="47" CONTENT="Damrosch" WC="0.84" CC="30051020"/>
						<SP ID="P5_SP00230" HPOS="1115" VPOS="3310" WIDTH="37"/>
						<String ID="P5_ST00268" HPOS="1152" VPOS="3263" WIDTH="107" HEIGHT="48" CONTENT="zwei" WC="0.99" CC="5000"/>
						<SP ID="P5_SP00231" HPOS="1259" VPOS="3311" WIDTH="29"/>
						<String ID="P5_ST00269" HPOS="1288" VPOS="3280" WIDTH="152" HEIGHT="48" CONTENT="grosse" WC="0.98" CC="944100"/>
						<SP ID="P5_SP00232" HPOS="1440" VPOS="3328" WIDTH="31"/>
						<String ID="P5_ST00270" HPOS="1471" VPOS="3264" WIDTH="218" HEIGHT="47" CONTENT="Concerte" WC="0.70" CC="60500460"/>
					</TextLine>
					<TextLine ID="P5_TL00039" HPOS="192" VPOS="3337" WIDTH="1499" HEIGHT="50">
						<String ID="P5_ST00271" HPOS="192" VPOS="3339" WIDTH="60" HEIGHT="47" CONTENT="im" WC="1.00" CC="00"/>
						<SP ID="P5_SP00233" HPOS="252" VPOS="3386" WIDTH="29"/>
						<String ID="P5_ST00272" HPOS="281" VPOS="3337" WIDTH="269" HEIGHT="49" CONTENT="Musiksaale" WC="1.00" CC="0000000040"/>
						<SP ID="P5_SP00234" HPOS="550" VPOS="3386" WIDTH="29"/>
						<String ID="P5_ST00273" HPOS="579" VPOS="3337" WIDTH="79" HEIGHT="48" CONTENT="der" WC="0.98" CC="004"/>
						<SP ID="P5_SP00235" HPOS="658" VPOS="3386" WIDTH="27"/>
						<String ID="P5_ST00274" HPOS="685" VPOS="3338" WIDTH="266" HEIGHT="47" CONTENT="Universität" WC="0.99" CC="21000300773"/>
						<SP ID="P5_SP00236" HPOS="951" VPOS="3386" WIDTH="37"/>
						<String ID="P5_ST00275" HPOS="988" VPOS="3339" WIDTH="297" HEIGHT="47" CONTENT="veranstaltet." WC="1.00" CC="0024406602000"/>
						<SP ID="P5_SP00237" HPOS="1285" VPOS="3386" WIDTH="49"/>
						<String ID="P5_ST00276" HPOS="1334" VPOS="3339" WIDTH="51" HEIGHT="47" CONTENT="In" WC="0.78" CC="04"/>
						<SP ID="P5_SP00238" HPOS="1385" VPOS="3386" WIDTH="27"/>
						<String ID="P5_ST00277" HPOS="1412" VPOS="3338" WIDTH="102" HEIGHT="48" CONTENT="dem" WC="0.98" CC="005"/>
						<SP ID="P5_SP00239" HPOS="1514" VPOS="3386" WIDTH="29"/>
						<String ID="P5_ST00278" HPOS="1543" VPOS="3347" WIDTH="148" HEIGHT="40" CONTENT="ersten" WC="0.99" CC="050502"/>
					</TextLine>
					<TextLine ID="P5_TL00040" HPOS="192" VPOS="3414" WIDTH="1497" HEIGHT="65">
						<String ID="P5_ST00279" HPOS="192" VPOS="3414" WIDTH="159" HEIGHT="48" CONTENT="wurde" WC="0.98" CC="90602"/>
						<SP ID="P5_SP00240" HPOS="351" VPOS="3462" WIDTH="29"/>
						<String ID="P5_ST00280" HPOS="380" VPOS="3414" WIDTH="70" HEIGHT="48" CONTENT="die" WC="0.98" CC="500"/>
						<SP ID="P5_SP00241" HPOS="450" VPOS="3462" WIDTH="26"/>
						<String ID="P5_ST00281" HPOS="476" VPOS="3421" WIDTH="167" HEIGHT="41" CONTENT="neunte" WC="0.99" CC="500160"/>
						<SP ID="P5_SP00242" HPOS="643" VPOS="3462" WIDTH="28"/>
						<String ID="P5_ST00282" HPOS="671" VPOS="3414" WIDTH="198" HEIGHT="48" CONTENT="Sinfonie" WC="0.99" CC="10402611"/>
						<SP ID="P5_SP00243" HPOS="869" VPOS="3462" WIDTH="28"/>
						<String ID="P5_ST00283" HPOS="897" VPOS="3431" WIDTH="84" HEIGHT="31" CONTENT="von" WC="0.96" CC="046"/>
						<SP ID="P5_SP00244" HPOS="981" VPOS="3462" WIDTH="28"/>
						<String ID="P5_ST00284" HPOS="1009" VPOS="3415" WIDTH="256" HEIGHT="47" CONTENT="Beethoven" WC="0.99" CC="700463013"/>
						<SP ID="P5_SP00245" HPOS="1265" VPOS="3462" WIDTH="28"/>
						<String ID="P5_ST00285" HPOS="1293" VPOS="3415" WIDTH="282" HEIGHT="64" CONTENT="ausgeführt." WC="0.99" CC="00090502054"/>
						<SP ID="P5_SP00246" HPOS="1575" VPOS="3479" WIDTH="30"/>
						<String ID="P5_ST00286" HPOS="1605" VPOS="3417" WIDTH="84" HEIGHT="47" CONTENT="Die" WC="0.99" CC="300"/>
					</TextLine>
					<TextLine ID="P5_TL00041" HPOS="193" VPOS="3490" WIDTH="1495" HEIGHT="65">
						<String ID="P5_ST00287" HPOS="193" VPOS="3492" WIDTH="267" HEIGHT="63" CONTENT="allgemeine" WC="0.99" CC="4500080070"/>
						<SP ID="P5_SP00247" HPOS="460" VPOS="3555" WIDTH="46"/>
						<String ID="P5_ST00288" HPOS="506" VPOS="3490" WIDTH="290" HEIGHT="65" CONTENT="Bemerkung" WC="0.99" CC="601060060"/>
						<SP ID="P5_SP00248" HPOS="796" VPOS="3555" WIDTH="55"/>
						<String ID="P5_ST00289" HPOS="851" VPOS="3490" WIDTH="76" HEIGHT="49" CONTENT="des" WC="1.00" CC="000"/>
						<SP ID="P5_SP00249" HPOS="927" VPOS="3555" WIDTH="55"/>
						<String ID="P5_ST00290" HPOS="982" VPOS="3498" WIDTH="254" HEIGHT="56" CONTENT="genannten" WC="0.99" CC="008000336"/>
						<SP ID="P5_SP00250" HPOS="1236" VPOS="3555" WIDTH="39"/>
						<String ID="P5_ST00291" HPOS="1275" VPOS="3492" WIDTH="413" HEIGHT="48" CONTENT="Berichterstatters" WC="1.00" CC="70000400503070315"/>
					</TextLine>
					<TextLine ID="P5_TL00042" HPOS="192" VPOS="3567" WIDTH="1497" HEIGHT="64">
						<String ID="P5_ST00292" HPOS="192" VPOS="3568" WIDTH="163" HEIGHT="47" CONTENT="lautet:" WC="1.00" CC="0300020"/>
						<SP ID="P5_SP00251" HPOS="355" VPOS="3615" WIDTH="35"/>
						<String ID="P5_ST00293" HPOS="390" VPOS="3568" WIDTH="86" HEIGHT="54" CONTENT="„Es" WC="0.97" CC="502"/>
						<SP ID="P5_SP00252" HPOS="476" VPOS="3622" WIDTH="23"/>
						<String ID="P5_ST00294" HPOS="499" VPOS="3567" WIDTH="55" HEIGHT="48" CONTENT="ist" WC="0.99" CC="300"/>
						<SP ID="P5_SP00253" HPOS="554" VPOS="3622" WIDTH="24"/>
						<String ID="P5_ST00295" HPOS="578" VPOS="3567" WIDTH="305" HEIGHT="64" CONTENT="unglaublich," WC="1.00" CC="070030600050"/>
						<SP ID="P5_SP00254" HPOS="883" VPOS="3631" WIDTH="18"/>
						<String ID="P5_ST00296" HPOS="901" VPOS="3567" WIDTH="83" HEIGHT="48" CONTENT="wie" WC="1.00" CC="000"/>
						<SP ID="P5_SP00255" HPOS="984" VPOS="3631" WIDTH="22"/>
						<String ID="P5_ST00297" HPOS="1006" VPOS="3567" WIDTH="267" HEIGHT="64" CONTENT="leichtfertig" WC="1.00" CC="600550010000"/>
						<SP ID="P5_SP00256" HPOS="1273" VPOS="3631" WIDTH="20"/>
						<String ID="P5_ST00298" HPOS="1293" VPOS="3583" WIDTH="104" HEIGHT="32" CONTENT="man" WC="0.98" CC="022"/>
						<SP ID="P5_SP00257" HPOS="1397" VPOS="3631" WIDTH="23"/>
						<String ID="P5_ST00299" HPOS="1420" VPOS="3567" WIDTH="269" HEIGHT="63" CONTENT="heutzutage" WC="0.99" CC="3143600403"/>
					</TextLine>
					<TextLine ID="P5_TL00043" HPOS="191" VPOS="3643" WIDTH="1500" HEIGHT="66">
						<String ID="P5_ST00300" HPOS="191" VPOS="3643" WIDTH="82" HEIGHT="48" CONTENT="mit" WC="0.93" CC="964"/>
						<SP ID="P5_SP00258" HPOS="273" VPOS="3691" WIDTH="36"/>
						<String ID="P5_ST00301" HPOS="309" VPOS="3643" WIDTH="81" HEIGHT="48" CONTENT="der" WC="0.98" CC="006"/>
						<SP ID="P5_SP00259" HPOS="390" VPOS="3691" WIDTH="25"/>
						<String ID="P5_ST00302" HPOS="415" VPOS="3644" WIDTH="307" HEIGHT="65" CONTENT="Ausführung" WC="0.99" CC="0000053077"/>
						<SP ID="P5_SP00260" HPOS="722" VPOS="3709" WIDTH="40"/>
						<String ID="P5_ST00303" HPOS="762" VPOS="3661" WIDTH="47" HEIGHT="31" CONTENT="so" WC="1.00" CC="00"/>
						<SP ID="P5_SP00261" HPOS="809" VPOS="3709" WIDTH="40"/>
						<String ID="P5_ST00304" HPOS="849" VPOS="3644" WIDTH="185" HEIGHT="64" CONTENT="riesiger" WC="1.00" CC="20010001"/>
						<SP ID="P5_SP00262" HPOS="1034" VPOS="3709" WIDTH="36"/>
						<String ID="P5_ST00305" HPOS="1070" VPOS="3643" WIDTH="175" HEIGHT="49" CONTENT="Werke" WC="1.00" CC="00000"/>
						<SP ID="P5_SP00263" HPOS="1245" VPOS="3709" WIDTH="39"/>
						<String ID="P5_ST00306" HPOS="1284" VPOS="3643" WIDTH="266" HEIGHT="65" CONTENT="umspringt." WC="0.99" CC="4000316974"/>
						<SP ID="P5_SP00264" HPOS="1550" VPOS="3709" WIDTH="53"/>
						<String ID="P5_ST00307" HPOS="1603" VPOS="3645" WIDTH="88" HEIGHT="47" CONTENT="Die" WC="0.98" CC="400"/>
					</TextLine>
					<TextLine ID="P5_TL00044" HPOS="191" VPOS="3719" WIDTH="1500" HEIGHT="63">
						<String ID="P5_ST00308" HPOS="191" VPOS="3719" WIDTH="156" HEIGHT="48" CONTENT="Kräfte" WC="0.99" CC="104050"/>
						<SP ID="P5_SP00265" HPOS="347" VPOS="3767" WIDTH="28"/>
						<String ID="P5_ST00309" HPOS="375" VPOS="3721" WIDTH="166" HEIGHT="61" CONTENT="mögen" WC="1.00" CC="00003"/>
						<SP ID="P5_SP00266" HPOS="541" VPOS="3782" WIDTH="27"/>
						<String ID="P5_ST00310" HPOS="568" VPOS="3720" WIDTH="118" HEIGHT="47" CONTENT="noch" WC="0.99" CC="0300"/>
						<SP ID="P5_SP00267" HPOS="686" VPOS="3782" WIDTH="28"/>
						<String ID="P5_ST00311" HPOS="714" VPOS="3735" WIDTH="48" HEIGHT="32" CONTENT="so" WC="0.82" CC="03"/>
						<SP ID="P5_SP00268" HPOS="762" VPOS="3782" WIDTH="28"/>
						<String ID="P5_ST00312" HPOS="790" VPOS="3719" WIDTH="207" HEIGHT="48" CONTENT="schwach" WC="0.99" CC="5060003"/>
						<SP ID="P5_SP00269" HPOS="997" VPOS="3782" WIDTH="29"/>
						<String ID="P5_ST00313" HPOS="1026" VPOS="3719" WIDTH="92" HEIGHT="47" CONTENT="und" WC="0.98" CC="040"/>
						<SP ID="P5_SP00270" HPOS="1118" VPOS="3782" WIDTH="39"/>
						<String ID="P5_ST00314" HPOS="1157" VPOS="3719" WIDTH="276" HEIGHT="63" CONTENT="mangelhaft" WC="0.99" CC="6010000460"/>
						<SP ID="P5_SP00271" HPOS="1433" VPOS="3782" WIDTH="38"/>
						<String ID="P5_ST00315" HPOS="1471" VPOS="3720" WIDTH="109" HEIGHT="56" CONTENT="sein," WC="0.99" CC="00050"/>
						<SP ID="P5_SP00272" HPOS="1580" VPOS="3782" WIDTH="39"/>
						<String ID="P5_ST00316" HPOS="1619" VPOS="3719" WIDTH="72" HEIGHT="48" CONTENT="die" WC="0.97" CC="042"/>
					</TextLine>
					<TextLine ID="P5_TL00045" HPOS="189" VPOS="3794" WIDTH="1502" HEIGHT="66">
						<String ID="P5_ST00317" HPOS="189" VPOS="3795" WIDTH="213" HEIGHT="50" CONTENT="Aussicht" WC="1.00" CC="00030030"/>
						<SP ID="P5_SP00273" HPOS="402" VPOS="3845" WIDTH="20"/>
						<String ID="P5_ST00318" HPOS="422" VPOS="3795" WIDTH="82" HEIGHT="47" CONTENT="auf" WC="0.98" CC="006"/>
						<SP ID="P5_SP00274" HPOS="504" VPOS="3845" WIDTH="16"/>
						<String ID="P5_ST00319" HPOS="520" VPOS="3794" WIDTH="128" HEIGHT="48" CONTENT="einen" WC="0.99" CC="00600"/>
						<SP ID="P5_SP00275" HPOS="648" VPOS="3845" WIDTH="21"/>
						<String ID="P5_ST00320" HPOS="669" VPOS="3813" WIDTH="87" HEIGHT="30" CONTENT="nur" WC="0.98" CC="015"/>
						<SP ID="P5_SP00276" HPOS="756" VPOS="3845" WIDTH="21"/>
						<String ID="P5_ST00321" HPOS="777" VPOS="3795" WIDTH="246" HEIGHT="65" CONTENT="irgendwie" WC="0.99" CC="040020900"/>
						<SP ID="P5_SP00277" HPOS="1023" VPOS="3860" WIDTH="21"/>
						<String ID="P5_ST00322" HPOS="1044" VPOS="3795" WIDTH="202" HEIGHT="48" CONTENT="sicheren" WC="0.99" CC="02050605"/>
						<SP ID="P5_SP00278" HPOS="1246" VPOS="3860" WIDTH="23"/>
						<String ID="P5_ST00323" HPOS="1269" VPOS="3795" WIDTH="159" HEIGHT="65" CONTENT="Erfolg" WC="0.97" CC="058619"/>
						<SP ID="P5_SP00279" HPOS="1428" VPOS="3860" WIDTH="20"/>
						<String ID="P5_ST00324" HPOS="1448" VPOS="3812" WIDTH="105" HEIGHT="48" CONTENT="mag" WC="0.96" CC="640"/>
						<SP ID="P5_SP00280" HPOS="1553" VPOS="3860" WIDTH="21"/>
						<String ID="P5_ST00325" HPOS="1574" VPOS="3796" WIDTH="117" HEIGHT="47" CONTENT="noch" WC="0.98" CC="7000"/>
					</TextLine>
					<TextLine ID="P5_TL00046" HPOS="189" VPOS="3870" WIDTH="1508" HEIGHT="66">
						<String ID="P5_ST00326" HPOS="189" VPOS="3889" WIDTH="50" HEIGHT="32" CONTENT="so" WC="0.56" CC="62"/>
						<SP ID="P5_SP00281" HPOS="239" VPOS="3921" WIDTH="37"/>
						<String ID="P5_ST00327" HPOS="276" VPOS="3871" WIDTH="159" HEIGHT="65" CONTENT="gering" WC="0.98" CC="061640"/>
						<SP ID="P5_SP00282" HPOS="435" VPOS="3936" WIDTH="36"/>
						<String ID="P5_ST00328" HPOS="471" VPOS="3870" WIDTH="279" HEIGHT="59" CONTENT="erscheinen," WC="0.99" CC="00304025433"/>
						<SP ID="P5_SP00283" HPOS="750" VPOS="3936" WIDTH="41"/>
						<String ID="P5_ST00329" HPOS="791" VPOS="3889" WIDTH="105" HEIGHT="34" CONTENT="man" WC="0.96" CC="900"/>
						<SP ID="P5_SP00284" HPOS="896" VPOS="3936" WIDTH="36"/>
						<String ID="P5_ST00330" HPOS="932" VPOS="3871" WIDTH="193" HEIGHT="50" CONTENT="arbeitet" WC="0.99" CC="35600050"/>
						<SP ID="P5_SP00285" HPOS="1125" VPOS="3936" WIDTH="28"/>
						<String ID="P5_ST00331" HPOS="1153" VPOS="3871" WIDTH="351" HEIGHT="49" CONTENT="unbekümmert" WC="1.00" CC="61000000040"/>
						<SP ID="P5_SP00286" HPOS="1504" VPOS="3936" WIDTH="28"/>
						<String ID="P5_ST00332" HPOS="1532" VPOS="3871" WIDTH="165" HEIGHT="49" CONTENT="darauf" WC="0.99" CC="021036"/>
					</TextLine>
					<TextLine ID="P5_TL00047" HPOS="191" VPOS="3948" WIDTH="1501" HEIGHT="66">
						<String ID="P5_ST00333" HPOS="191" VPOS="3950" WIDTH="81" HEIGHT="57" CONTENT="los," WC="0.98" CC="5030"/>
						<SP ID="P5_SP00287" HPOS="272" VPOS="4007" WIDTH="42"/>
						<String ID="P5_ST00334" HPOS="314" VPOS="3949" WIDTH="140" HEIGHT="48" CONTENT="damit" WC="0.98" CC="04740"/>
						<SP ID="P5_SP00288" HPOS="454" VPOS="4007" WIDTH="39"/>
						<String ID="P5_ST00335" HPOS="493" VPOS="3948" WIDTH="70" HEIGHT="48" CONTENT="die" WC="1.00" CC="000"/>
						<SP ID="P5_SP00289" HPOS="563" VPOS="4007" WIDTH="37"/>
						<String ID="P5_ST00336" HPOS="600" VPOS="3948" WIDTH="144" HEIGHT="48" CONTENT="Sache" WC="0.98" CC="55060"/>
						<SP ID="P5_SP00290" HPOS="744" VPOS="4007" WIDTH="41"/>
						<String ID="P5_ST00337" HPOS="785" VPOS="3949" WIDTH="326" HEIGHT="65" CONTENT="überhaupt" WC="0.99" CC="051562500"/>
						<SP ID="P5_SP00291" HPOS="1111" VPOS="4014" WIDTH="41"/>
						<String ID="P5_ST00338" HPOS="1152" VPOS="3965" WIDTH="100" HEIGHT="32" CONTENT="nur" WC="0.96" CC="702"/>
						<SP ID="P5_SP00292" HPOS="1252" VPOS="4014" WIDTH="41"/>
						<String ID="P5_ST00339" HPOS="1293" VPOS="3949" WIDTH="253" HEIGHT="63" CONTENT="gemacht" WC="0.99" CC="0030052"/>
						<SP ID="P5_SP00293" HPOS="1546" VPOS="4014" WIDTH="39"/>
						<String ID="P5_ST00340" HPOS="1585" VPOS="3949" WIDTH="107" HEIGHT="48" CONTENT="und" WC="0.98" CC="060"/>
					</TextLine>
					<TextLine ID="P5_TL00048" HPOS="192" VPOS="4024" WIDTH="1158" HEIGHT="66">
						<String ID="P5_ST00341" HPOS="192" VPOS="4025" WIDTH="77" HEIGHT="50" CONTENT="als" WC="0.96" CC="640"/>
						<SP ID="P5_SP00294" HPOS="269" VPOS="4075" WIDTH="36"/>
						<String ID="P5_ST00342" HPOS="305" VPOS="4024" WIDTH="315" HEIGHT="66" CONTENT="geschehen" WC="0.99" CC="520053500"/>
						<SP ID="P5_SP00295" HPOS="620" VPOS="4090" WIDTH="36"/>
						<String ID="P5_ST00343" HPOS="656" VPOS="4024" WIDTH="290" HEIGHT="65" CONTENT="registrirt" WC="0.72" CC="1090006035"/>
						<SP ID="P5_SP00296" HPOS="946" VPOS="4090" WIDTH="33"/>
						<String ID="P5_ST00344" HPOS="979" VPOS="4024" WIDTH="183" HEIGHT="49" CONTENT="werden" WC="1.00" CC="002000"/>
						<SP ID="P5_SP00297" HPOS="1162" VPOS="4090" WIDTH="29"/>
						<String ID="P5_ST00345" HPOS="1191" VPOS="4024" WIDTH="159" HEIGHT="49" CONTENT='kann."' WC="0.98" CC="053506"/>
					</TextLine>
				</TextBlock>
				<TextBlock ID="P5_TB00005" HPOS="1756" VPOS="323" WIDTH="1491" HEIGHT="3757" STYLEREFS="TXT_1 PAR_BLOCK">
					<TextLine ID="P5_TL00049" HPOS="1871" VPOS="323" WIDTH="1361" HEIGHT="57">
						<String ID="P5_ST00346" HPOS="1871" VPOS="323" WIDTH="93" HEIGHT="48" CONTENT="Das" WC="0.96" CC="090"/>
						<SP ID="P5_SP00298" HPOS="1964" VPOS="371" WIDTH="28"/>
						<String ID="P5_ST00347" HPOS="1992" VPOS="326" WIDTH="152" HEIGHT="47" CONTENT="zweite" WC="0.99" CC="602050"/>
						<SP ID="P5_SP00299" HPOS="2144" VPOS="373" WIDTH="29"/>
						<String ID="P5_ST00348" HPOS="2173" VPOS="324" WIDTH="192" HEIGHT="50" CONTENT="Concert" WC="0.62" CC="7240245"/>
						<SP ID="P5_SP00300" HPOS="2365" VPOS="374" WIDTH="25"/>
						<String ID="P5_ST00349" HPOS="2390" VPOS="327" WIDTH="154" HEIGHT="49" CONTENT="wurde" WC="0.99" CC="04300"/>
						<SP ID="P5_SP00301" HPOS="2544" VPOS="376" WIDTH="20"/>
						<String ID="P5_ST00350" HPOS="2564" VPOS="329" WIDTH="44" HEIGHT="47" CONTENT="in" WC="0.42" CC="65"/>
						<SP ID="P5_SP00302" HPOS="2608" VPOS="376" WIDTH="21"/>
						<String ID="P5_ST00351" HPOS="2629" VPOS="328" WIDTH="79" HEIGHT="48" CONTENT="der" WC="0.96" CC="802"/>
						<SP ID="P5_SP00303" HPOS="2708" VPOS="376" WIDTH="21"/>
						<String ID="P5_ST00352" HPOS="2729" VPOS="329" WIDTH="503" HEIGHT="51" CONTENT="Schiesswerder-Halle" WC="1.00" CC="2030000006004064034"/>
					</TextLine>
					<TextLine ID="P5_TL00050" HPOS="1759" VPOS="397" WIDTH="1472" HEIGHT="68">
						<String ID="P5_ST00353" HPOS="1759" VPOS="412" WIDTH="78" HEIGHT="32" CONTENT="vor" WC="0.96" CC="540"/>
						<SP ID="P5_SP00304" HPOS="1837" VPOS="444" WIDTH="39"/>
						<String ID="P5_ST00354" HPOS="1876" VPOS="397" WIDTH="100" HEIGHT="49" CONTENT="dem" WC="0.97" CC="006"/>
						<SP ID="P5_SP00305" HPOS="1976" VPOS="446" WIDTH="37"/>
						<String ID="P5_ST00355" HPOS="2013" VPOS="399" WIDTH="244" HEIGHT="57" CONTENT="Oderthor," WC="0.99" CC="600065540"/>
						<SP ID="P5_SP00306" HPOS="2257" VPOS="456" WIDTH="42"/>
						<String ID="P5_ST00356" HPOS="2299" VPOS="399" WIDTH="68" HEIGHT="50" CONTENT="die" WC="0.96" CC="540"/>
						<SP ID="P5_SP00307" HPOS="2367" VPOS="456" WIDTH="41"/>
						<String ID="P5_ST00357" HPOS="2408" VPOS="402" WIDTH="142" HEIGHT="63" CONTENT="einige" WC="0.99" CC="034000"/>
						<SP ID="P5_SP00308" HPOS="2550" VPOS="465" WIDTH="36"/>
						<String ID="P5_ST00358" HPOS="2586" VPOS="404" WIDTH="206" HEIGHT="47" CONTENT="Tausend" WC="0.99" CC="0432000"/>
						<SP ID="P5_SP00309" HPOS="2792" VPOS="465" WIDTH="39"/>
						<String ID="P5_ST00359" HPOS="2831" VPOS="406" WIDTH="243" HEIGHT="47" CONTENT="Menschen" WC="1.00" CC="00100007"/>
						<SP ID="P5_SP00310" HPOS="3074" VPOS="465" WIDTH="40"/>
						<String ID="P5_ST00360" HPOS="3114" VPOS="406" WIDTH="117" HEIGHT="57" CONTENT="fasst," WC="0.83" CC="331100"/>
					</TextLine>
					<TextLine ID="P5_TL00051" HPOS="1762" VPOS="472" WIDTH="1472" HEIGHT="71">
						<String ID="P5_ST00361" HPOS="1762" VPOS="472" WIDTH="202" HEIGHT="63" CONTENT="gegeben" WC="0.99" CC="0200375"/>
						<SP ID="P5_SP00311" HPOS="1964" VPOS="535" WIDTH="50"/>
						<String ID="P5_ST00362" HPOS="2014" VPOS="492" WIDTH="79" HEIGHT="38" CONTENT="„zu" WC="0.95" CC="155"/>
						<SP ID="P5_SP00312" HPOS="2093" VPOS="535" WIDTH="40"/>
						<String ID="P5_ST00363" HPOS="2133" VPOS="475" WIDTH="153" HEIGHT="47" CONTENT="Ehren" WC="0.99" CC="03004"/>
						<SP ID="P5_SP00313" HPOS="2286" VPOS="535" WIDTH="40"/>
						<String ID="P5_ST00364" HPOS="2326" VPOS="475" WIDTH="92" HEIGHT="47" CONTENT="und" WC="1.00" CC="000"/>
						<SP ID="P5_SP00314" HPOS="2418" VPOS="535" WIDTH="41"/>
						<String ID="P5_ST00365" HPOS="2459" VPOS="483" WIDTH="128" HEIGHT="41" CONTENT="unter" WC="0.98" CC="14025"/>
						<SP ID="P5_SP00315" HPOS="2587" VPOS="535" WIDTH="41"/>
						<String ID="P5_ST00366" HPOS="2628" VPOS="479" WIDTH="175" HEIGHT="62" CONTENT="gütiger" WC="0.97" CC="9850904"/>
						<SP ID="P5_SP00316" HPOS="2803" VPOS="541" WIDTH="25"/>
						<String ID="P5_ST00367" HPOS="2828" VPOS="480" WIDTH="291" HEIGHT="63" CONTENT="Mitwirkung" WC="1.00" CC="0040020420"/>
						<SP ID="P5_SP00317" HPOS="3119" VPOS="543" WIDTH="41"/>
						<String ID="P5_ST00368" HPOS="3160" VPOS="479" WIDTH="74" HEIGHT="48" CONTENT="des" WC="0.99" CC="001"/>
					</TextLine>
					<TextLine ID="P5_TL00052" HPOS="1759" VPOS="549" WIDTH="1475" HEIGHT="66">
						<String ID="P5_ST00369" HPOS="1759" VPOS="549" WIDTH="150" HEIGHT="46" CONTENT="Herrn" WC="0.97" CC="80942"/>
						<SP ID="P5_SP00318" HPOS="1909" VPOS="595" WIDTH="28"/>
						<String ID="P5_ST00370" HPOS="1937" VPOS="550" WIDTH="80" HEIGHT="46" CONTENT="Dr." WC="0.96" CC="163"/>
						<SP ID="P5_SP00319" HPOS="2017" VPOS="596" WIDTH="28"/>
						<String ID="P5_ST00371" HPOS="2045" VPOS="552" WIDTH="173" HEIGHT="45" CONTENT="Franz" WC="0.98" CC="43052"/>
						<SP ID="P5_SP00320" HPOS="2218" VPOS="597" WIDTH="26"/>
						<String ID="P5_ST00372" HPOS="2244" VPOS="550" WIDTH="195" HEIGHT="49" CONTENT='Liszt".' WC="0.79" CC="4000134"/>
						<SP ID="P5_SP00321" HPOS="2439" VPOS="599" WIDTH="29"/>
						<String ID="P5_ST00373" HPOS="2468" VPOS="553" WIDTH="288" HEIGHT="62" CONTENT="Programm:" WC="1.00" CC="450020000"/>
						<SP ID="P5_SP00322" HPOS="2756" VPOS="615" WIDTH="32"/>
						<String ID="P5_ST00374" HPOS="2788" VPOS="555" WIDTH="43" HEIGHT="46" CONTENT="1." WC="0.63" CC="52"/>
						<SP ID="P5_SP00323" HPOS="2831" VPOS="615" WIDTH="36"/>
						<String ID="P5_ST00375" HPOS="2867" VPOS="557" WIDTH="95" HEIGHT="53" CONTENT="„An" WC="0.99" CC="003"/>
						<SP ID="P5_SP00324" HPOS="2962" VPOS="615" WIDTH="23"/>
						<String ID="P5_ST00376" HPOS="2985" VPOS="555" WIDTH="83" HEIGHT="47" CONTENT="die" WC="0.81" CC="000"/>
						<SP ID="P5_SP00325" HPOS="3068" VPOS="615" WIDTH="0"/>
						<String ID="P5_ST00377" HPOS="3068" VPOS="555" WIDTH="133" HEIGHT="47" CONTENT="Küns" SUBS_TYPE="HypPart1" SUBS_CONTENT='Künstler",' WC="0.81" CC="0600"/>
						<HYP HPOS="3201" VPOS="555" WIDTH="33" CONTENT="-"/>
					</TextLine>
					<TextLine ID="P5_TL00053" HPOS="1759" VPOS="621" WIDTH="1476" HEIGHT="69">
						<String ID="P5_ST00378" HPOS="1759" VPOS="621" WIDTH="118" HEIGHT="56" CONTENT='tler",' SUBS_TYPE="HypPart2" SUBS_CONTENT='Künstler",' WC="0.84" CC="003400"/>
						<SP ID="P5_SP00326" HPOS="1877" VPOS="677" WIDTH="40"/>
						<String ID="P5_ST00379" HPOS="1917" VPOS="623" WIDTH="73" HEIGHT="47" CONTENT="für" WC="0.96" CC="900"/>
						<SP ID="P5_SP00327" HPOS="1990" VPOS="677" WIDTH="38"/>
						<String ID="P5_ST00380" HPOS="2028" VPOS="625" WIDTH="360" HEIGHT="65" CONTENT="Männergesang" WC="1.00" CC="005604000020"/>
						<SP ID="P5_SP00328" HPOS="2388" VPOS="690" WIDTH="46"/>
						<String ID="P5_ST00381" HPOS="2434" VPOS="625" WIDTH="91" HEIGHT="47" CONTENT="und" WC="0.97" CC="600"/>
						<SP ID="P5_SP00329" HPOS="2525" VPOS="690" WIDTH="46"/>
						<String ID="P5_ST00382" HPOS="2571" VPOS="627" WIDTH="241" HEIGHT="48" CONTENT="Orchester" WC="0.99" CC="410603010"/>
						<SP ID="P5_SP00330" HPOS="2812" VPOS="690" WIDTH="44"/>
						<String ID="P5_ST00383" HPOS="2856" VPOS="644" WIDTH="83" HEIGHT="32" CONTENT="von" WC="1.00" CC="000"/>
						<SP ID="P5_SP00331" HPOS="2939" VPOS="690" WIDTH="39"/>
						<String ID="P5_ST00384" HPOS="2978" VPOS="632" WIDTH="50" HEIGHT="45" CONTENT="F." WC="0.81" CC="03"/>
						<SP ID="P5_SP00332" HPOS="3028" VPOS="690" WIDTH="43"/>
						<String ID="P5_ST00385" HPOS="3071" VPOS="630" WIDTH="164" HEIGHT="47" CONTENT="Liszt." WC="0.78" CC="030504"/>
					</TextLine>
					<TextLine ID="P5_TL00054" HPOS="1762" VPOS="696" WIDTH="1472" HEIGHT="69">
						<String ID="P5_ST00386" HPOS="1762" VPOS="696" WIDTH="47" HEIGHT="47" CONTENT="2." WC="0.28" CC="94"/>
						<SP ID="P5_SP00333" HPOS="1809" VPOS="743" WIDTH="28"/>
						<String ID="P5_ST00387" HPOS="1837" VPOS="698" WIDTH="365" HEIGHT="49" CONTENT="Violin-Concert" WC="0.74" CC="00032005470065"/>
						<SP ID="P5_SP00334" HPOS="2202" VPOS="747" WIDTH="38"/>
						<String ID="P5_ST00388" HPOS="2240" VPOS="715" WIDTH="84" HEIGHT="32" CONTENT="von" WC="0.95" CC="606"/>
						<SP ID="P5_SP00335" HPOS="2324" VPOS="747" WIDTH="41"/>
						<String ID="P5_ST00389" HPOS="2365" VPOS="701" WIDTH="335" HEIGHT="56" CONTENT="Beethoven," WC="0.99" CC="7020634032"/>
						<SP ID="P5_SP00336" HPOS="2700" VPOS="757" WIDTH="40"/>
						<String ID="P5_ST00390" HPOS="2740" VPOS="703" WIDTH="182" HEIGHT="62" CONTENT="gespielt" WC="0.99" CC="00001054"/>
						<SP ID="P5_SP00337" HPOS="2922" VPOS="765" WIDTH="37"/>
						<String ID="P5_ST00391" HPOS="2959" VPOS="720" WIDTH="84" HEIGHT="31" CONTENT="von" WC="0.98" CC="005"/>
						<SP ID="P5_SP00338" HPOS="3043" VPOS="765" WIDTH="39"/>
						<String ID="P5_ST00392" HPOS="3082" VPOS="707" WIDTH="152" HEIGHT="45" CONTENT="Herrn" WC="0.98" CC="40006"/>
					</TextLine>
					<TextLine ID="P5_TL00055" HPOS="1759" VPOS="773" WIDTH="1476" HEIGHT="68">
						<String ID="P5_ST00393" HPOS="1759" VPOS="773" WIDTH="264" HEIGHT="48" CONTENT="Damrosch." WC="0.65" CC="560320634"/>
						<SP ID="P5_SP00339" HPOS="2023" VPOS="821" WIDTH="43"/>
						<String ID="P5_ST00394" HPOS="2066" VPOS="774" WIDTH="47" HEIGHT="48" CONTENT="3." WC="0.61" CC="61"/>
						<SP ID="P5_SP00340" HPOS="2113" VPOS="822" WIDTH="31"/>
						<String ID="P5_ST00395" HPOS="2144" VPOS="776" WIDTH="137" HEIGHT="46" CONTENT="Tasso" WC="0.84" CC="04003"/>
						<SP ID="P5_SP00341" HPOS="2281" VPOS="822" WIDTH="620"/>
						<String ID="P5_ST00396" HPOS="2901" VPOS="773" WIDTH="95" HEIGHT="64" CONTENT="{Lamento" WC="0.98" CC="80641256" STYLEREFS="TXT_2"/>
						<SP ID="P5_SP00342" HPOS="2996" VPOS="837" WIDTH="1"/>
						<String ID="P5_ST00397" HPOS="2997" VPOS="779" WIDTH="238" HEIGHT="62" CONTENT="symphonische" WC="1.00" CC="004060000060"/>
					</TextLine>
					<TextLine ID="P5_TL00056" HPOS="1759" VPOS="847" WIDTH="1478" HEIGHT="65">
						<String ID="P5_ST00398" HPOS="1759" VPOS="847" WIDTH="226" HEIGHT="65" CONTENT="Dichtung" WC="0.99" CC="00005050"/>
						<SP ID="P5_SP00343" HPOS="1985" VPOS="912" WIDTH="29"/>
						<String ID="P5_ST00399" HPOS="2014" VPOS="865" WIDTH="84" HEIGHT="31" CONTENT="von" WC="0.97" CC="025"/>
						<SP ID="P5_SP00344" HPOS="2098" VPOS="912" WIDTH="28"/>
						<String ID="P5_ST00400" HPOS="2126" VPOS="850" WIDTH="158" HEIGHT="47" CONTENT="Liszt." WC="0.65" CC="051661"/>
						<SP ID="P5_SP00345" HPOS="2284" VPOS="912" WIDTH="31"/>
						<String ID="P5_ST00401" HPOS="2315" VPOS="851" WIDTH="47" HEIGHT="46" CONTENT="4." WC="1.00" CC="00"/>
						<SP ID="P5_SP00346" HPOS="2362" VPOS="912" WIDTH="27"/>
						<String ID="P5_ST00402" HPOS="2389" VPOS="851" WIDTH="85" HEIGHT="46" CONTENT="Die" WC="1.00" CC="000"/>
						<SP ID="P5_SP00347" HPOS="2474" VPOS="912" WIDTH="28"/>
						<String ID="P5_ST00403" HPOS="2502" VPOS="858" WIDTH="164" HEIGHT="40" CONTENT="neunte" WC="0.99" CC="004700"/>
						<SP ID="P5_SP00348" HPOS="2666" VPOS="912" WIDTH="18"/>
						<String ID="P5_ST00404" HPOS="2684" VPOS="853" WIDTH="195" HEIGHT="47" CONTENT="Sinfonie" WC="0.99" CC="10450020"/>
						<SP ID="P5_SP00349" HPOS="2879" VPOS="912" WIDTH="22"/>
						<String ID="P5_ST00405" HPOS="2901" VPOS="869" WIDTH="81" HEIGHT="31" CONTENT="von" WC="0.98" CC="040"/>
						<SP ID="P5_SP00350" HPOS="2982" VPOS="912" WIDTH="27"/>
						<String ID="P5_ST00406" HPOS="3009" VPOS="855" WIDTH="196" HEIGHT="47" CONTENT="Beetho" SUBS_TYPE="HypPart1" SUBS_CONTENT="Beethoven." WC="0.99" CC="700004"/>
						<HYP HPOS="3205" VPOS="855" WIDTH="32" CONTENT="-"/>
					</TextLine>
					<TextLine ID="P5_TL00057" HPOS="1759" VPOS="922" WIDTH="1480" HEIGHT="65">
						<String ID="P5_ST00407" HPOS="1759" VPOS="938" WIDTH="112" HEIGHT="33" CONTENT="ven." SUBS_TYPE="HypPart2" SUBS_CONTENT="Beethoven." WC="0.99" CC="0013"/>
						<SP ID="P5_SP00351" HPOS="1871" VPOS="971" WIDTH="42"/>
						<String ID="P5_ST00408" HPOS="1913" VPOS="922" WIDTH="269" HEIGHT="65" CONTENT="(Natürlich!" WC="0.99" CC="33800201060"/>
						<SP ID="P5_SP00352" HPOS="2182" VPOS="987" WIDTH="36"/>
						<String ID="P5_ST00409" HPOS="2218" VPOS="926" WIDTH="61" HEIGHT="47" CONTENT="sie" WC="0.99" CC="010"/>
						<SP ID="P5_SP00353" HPOS="2279" VPOS="987" WIDTH="39"/>
						<String ID="P5_ST00410" HPOS="2318" VPOS="941" WIDTH="95" HEIGHT="32" CONTENT="war" WC="0.99" CC="003"/>
						<SP ID="P5_SP00354" HPOS="2413" VPOS="987" WIDTH="36"/>
						<String ID="P5_ST00411" HPOS="2449" VPOS="943" WIDTH="120" HEIGHT="31" CONTENT="zwar" WC="0.99" CC="5000"/>
						<SP ID="P5_SP00355" HPOS="2569" VPOS="987" WIDTH="28"/>
						<String ID="P5_ST00412" HPOS="2597" VPOS="926" WIDTH="104" HEIGHT="47" CONTENT="kurz" WC="0.98" CC="0026"/>
						<SP ID="P5_SP00356" HPOS="2701" VPOS="987" WIDTH="28"/>
						<String ID="P5_ST00413" HPOS="2729" VPOS="927" WIDTH="159" HEIGHT="47" CONTENT="vorher" WC="0.99" CC="020602"/>
						<SP ID="P5_SP00357" HPOS="2888" VPOS="987" WIDTH="27"/>
						<String ID="P5_ST00414" HPOS="2915" VPOS="929" WIDTH="136" HEIGHT="47" CONTENT="schon" WC="0.99" CC="00240"/>
						<SP ID="P5_SP00358" HPOS="3051" VPOS="987" WIDTH="28"/>
						<String ID="P5_ST00415" HPOS="3079" VPOS="930" WIDTH="160" HEIGHT="48" CONTENT="einmal" WC="0.99" CC="024340"/>
					</TextLine>
					<TextLine ID="P5_TL00058" HPOS="1760" VPOS="997" WIDTH="1477" HEIGHT="70">
						<String ID="P5_ST00416" HPOS="1760" VPOS="997" WIDTH="174" HEIGHT="63" CONTENT="gehört," WC="0.99" CC="0040060"/>
						<SP ID="P5_SP00359" HPOS="1934" VPOS="1060" WIDTH="30"/>
						<String ID="P5_ST00417" HPOS="1964" VPOS="999" WIDTH="109" HEIGHT="48" CONTENT="aber" WC="0.97" CC="0534"/>
						<SP ID="P5_SP00360" HPOS="2073" VPOS="1060" WIDTH="29"/>
						<String ID="P5_ST00418" HPOS="2102" VPOS="1016" WIDTH="69" HEIGHT="31" CONTENT="wo" WC="0.89" CC="02"/>
						<SP ID="P5_SP00361" HPOS="2171" VPOS="1060" WIDTH="22"/>
						<String ID="P5_ST00419" HPOS="2193" VPOS="1000" WIDTH="44" HEIGHT="47" CONTENT="in" WC="0.75" CC="50"/>
						<SP ID="P5_SP00362" HPOS="2237" VPOS="1060" WIDTH="23"/>
						<String ID="P5_ST00420" HPOS="2260" VPOS="1001" WIDTH="107" HEIGHT="46" CONTENT="aller" WC="0.98" CC="05403"/>
						<SP ID="P5_SP00363" HPOS="2367" VPOS="1060" WIDTH="22"/>
						<String ID="P5_ST00421" HPOS="2389" VPOS="1001" WIDTH="127" HEIGHT="47" CONTENT="Welt" WC="1.00" CC="0000"/>
						<SP ID="P5_SP00364" HPOS="2516" VPOS="1060" WIDTH="19"/>
						<String ID="P5_ST00422" HPOS="2535" VPOS="1001" WIDTH="125" HEIGHT="47" CONTENT="sollte" WC="0.99" CC="000460"/>
						<SP ID="P5_SP00365" HPOS="2660" VPOS="1060" WIDTH="24"/>
						<String ID="P5_ST00423" HPOS="2684" VPOS="1018" WIDTH="104" HEIGHT="30" CONTENT="man" WC="0.97" CC="007"/>
						<SP ID="P5_SP00366" HPOS="2788" VPOS="1060" WIDTH="20"/>
						<String ID="P5_ST00424" HPOS="2808" VPOS="1018" WIDTH="151" HEIGHT="31" CONTENT="ausser" WC="0.99" CC="430003"/>
						<SP ID="P5_SP00367" HPOS="2959" VPOS="1060" WIDTH="26"/>
						<String ID="P5_ST00425" HPOS="2985" VPOS="1004" WIDTH="68" HEIGHT="47" CONTENT="ihr" WC="0.97" CC="224"/>
						<SP ID="P5_SP00368" HPOS="3053" VPOS="1060" WIDTH="27"/>
						<String ID="P5_ST00426" HPOS="3080" VPOS="1004" WIDTH="157" HEIGHT="63" CONTENT="irgend" WC="0.99" CC="030040"/>
					</TextLine>
					<TextLine ID="P5_TL00059" HPOS="1760" VPOS="1072" WIDTH="1476" HEIGHT="70">
						<String ID="P5_ST00427" HPOS="1760" VPOS="1072" WIDTH="70" HEIGHT="47" CONTENT="ein" WC="0.98" CC="005"/>
						<SP ID="P5_SP00369" HPOS="1830" VPOS="1119" WIDTH="28"/>
						<String ID="P5_ST00428" HPOS="1858" VPOS="1074" WIDTH="149" HEIGHT="48" CONTENT="Werk" WC="0.98" CC="0350"/>
						<SP ID="P5_SP00370" HPOS="2007" VPOS="1122" WIDTH="28"/>
						<String ID="P5_ST00429" HPOS="2035" VPOS="1075" WIDTH="292" HEIGHT="57" CONTENT="hernehmen," WC="0.99" CC="3013363004"/>
						<SP ID="P5_SP00371" HPOS="2327" VPOS="1132" WIDTH="29"/>
						<String ID="P5_ST00430" HPOS="2356" VPOS="1075" WIDTH="78" HEIGHT="48" CONTENT="das" WC="1.00" CC="000"/>
						<SP ID="P5_SP00372" HPOS="2434" VPOS="1132" WIDTH="27"/>
						<String ID="P5_ST00431" HPOS="2461" VPOS="1076" WIDTH="168" HEIGHT="64" CONTENT="einiger" WC="0.99" CC="0000904"/>
						<SP ID="P5_SP00373" HPOS="2629" VPOS="1140" WIDTH="27"/>
						<String ID="P5_ST00432" HPOS="2656" VPOS="1077" WIDTH="206" HEIGHT="47" CONTENT="Maassen" WC="0.72" CC="0404207"/>
						<SP ID="P5_SP00374" HPOS="2862" VPOS="1140" WIDTH="25"/>
						<String ID="P5_ST00433" HPOS="2887" VPOS="1077" WIDTH="174" HEIGHT="65" CONTENT="würdig" WC="1.00" CC="003000"/>
						<SP ID="P5_SP00375" HPOS="3061" VPOS="1142" WIDTH="28"/>
						<String ID="P5_ST00434" HPOS="3089" VPOS="1095" WIDTH="118" HEIGHT="47" CONTENT="gewe" SUBS_TYPE="HypPart1" SUBS_CONTENT="gewesen" WC="0.99" CC="0002"/>
						<HYP HPOS="3207" VPOS="1095" WIDTH="29" CONTENT="-"/>
					</TextLine>
					<TextLine ID="P5_TL00060" HPOS="1759" VPOS="1151" WIDTH="1480" HEIGHT="64">
						<String ID="P5_ST00435" HPOS="1759" VPOS="1164" WIDTH="78" HEIGHT="31" CONTENT="sen" SUBS_TYPE="HypPart2" SUBS_CONTENT="gewesen" WC="1.00" CC="000"/>
						<SP ID="P5_SP00376" HPOS="1837" VPOS="1195" WIDTH="25"/>
						<String ID="P5_ST00436" HPOS="1862" VPOS="1154" WIDTH="135" HEIGHT="54" CONTENT="wäre," WC="0.98" CC="07430"/>
						<SP ID="P5_SP00377" HPOS="1997" VPOS="1208" WIDTH="21"/>
						<String ID="P5_ST00437" HPOS="2018" VPOS="1151" WIDTH="145" HEIGHT="48" CONTENT="neben" WC="0.99" CC="00404"/>
						<SP ID="P5_SP00378" HPOS="2163" VPOS="1208" WIDTH="23"/>
						<String ID="P5_ST00438" HPOS="2186" VPOS="1151" WIDTH="79" HEIGHT="48" CONTENT="der" WC="0.99" CC="021"/>
						<SP ID="P5_SP00379" HPOS="2265" VPOS="1208" WIDTH="17"/>
						<String ID="P5_ST00439" HPOS="2282" VPOS="1152" WIDTH="179" HEIGHT="63" CONTENT="Hymne" WC="0.98" CC="60060"/>
						<SP ID="P5_SP00380" HPOS="2461" VPOS="1215" WIDTH="36"/>
						<String ID="P5_ST00440" HPOS="2497" VPOS="1152" WIDTH="99" HEIGHT="55" CONTENT="„An" WC="0.97" CC="213"/>
						<SP ID="P5_SP00381" HPOS="2596" VPOS="1215" WIDTH="27"/>
						<String ID="P5_ST00441" HPOS="2623" VPOS="1151" WIDTH="68" HEIGHT="48" CONTENT="die" WC="0.99" CC="020"/>
						<SP ID="P5_SP00382" HPOS="2691" VPOS="1215" WIDTH="22"/>
						<String ID="P5_ST00442" HPOS="2713" VPOS="1152" WIDTH="237" HEIGHT="47" CONTENT='Künstler"' WC="0.99" CC="306100014"/>
						<SP ID="P5_SP00383" HPOS="2950" VPOS="1215" WIDTH="27"/>
						<String ID="P5_ST00443" HPOS="2977" VPOS="1154" WIDTH="92" HEIGHT="47" CONTENT="und" WC="1.00" CC="000"/>
						<SP ID="P5_SP00384" HPOS="3069" VPOS="1215" WIDTH="24"/>
						<String ID="P5_ST00444" HPOS="3093" VPOS="1155" WIDTH="146" HEIGHT="48" CONTENT="neben" WC="0.98" CC="40600"/>
					</TextLine>
					<TextLine ID="P5_TL00061" HPOS="1760" VPOS="1222" WIDTH="1476" HEIGHT="69">
						<String ID="P5_ST00445" HPOS="1760" VPOS="1222" WIDTH="79" HEIGHT="48" CONTENT="der" WC="0.98" CC="005"/>
						<SP ID="P5_SP00385" HPOS="1839" VPOS="1270" WIDTH="27"/>
						<String ID="P5_ST00446" HPOS="1866" VPOS="1226" WIDTH="359" HEIGHT="48" CONTENT="Tasso-Sinfonie" WC="0.81" CC="00002242370020"/>
						<SP ID="P5_SP00386" HPOS="2225" VPOS="1274" WIDTH="27"/>
						<String ID="P5_ST00447" HPOS="2252" VPOS="1244" WIDTH="55" HEIGHT="29" CONTENT="zu" WC="0.82" CC="03"/>
						<SP ID="P5_SP00387" HPOS="2307" VPOS="1274" WIDTH="25"/>
						<String ID="P5_ST00448" HPOS="2332" VPOS="1226" WIDTH="236" HEIGHT="65" CONTENT="stehen??)" WC="0.99" CC="000407323"/>
						<SP ID="P5_SP00388" HPOS="2568" VPOS="1291" WIDTH="23"/>
						<String ID="P5_ST00449" HPOS="2591" VPOS="1227" WIDTH="348" HEIGHT="47" CONTENT="—Ausserdem" WC="0.99" CC="8002002005"/>
						<SP ID="P5_SP00389" HPOS="2939" VPOS="1291" WIDTH="28"/>
						<String ID="P5_ST00450" HPOS="2967" VPOS="1228" WIDTH="269" HEIGHT="49" CONTENT="verkündete" WC="1.00" CC="0060000040"/>
					</TextLine>
					<TextLine ID="P5_TL00062" HPOS="1759" VPOS="1298" WIDTH="1478" HEIGHT="61">
						<String ID="P5_ST00451" HPOS="1759" VPOS="1298" WIDTH="80" HEIGHT="49" CONTENT="der" WC="0.97" CC="024"/>
						<SP ID="P5_SP00390" HPOS="1839" VPOS="1347" WIDTH="28"/>
						<String ID="P5_ST00452" HPOS="1867" VPOS="1301" WIDTH="335" HEIGHT="58" CONTENT="Concertzettel," WC="0.70" CC="82700006220082"/>
						<SP ID="P5_SP00391" HPOS="2202" VPOS="1359" WIDTH="36"/>
						<String ID="P5_ST00453" HPOS="2238" VPOS="1302" WIDTH="126" HEIGHT="56" CONTENT="„dass" WC="0.89" CC="30200"/>
						<SP ID="P5_SP00392" HPOS="2364" VPOS="1359" WIDTH="21"/>
						<String ID="P5_ST00454" HPOS="2385" VPOS="1302" WIDTH="115" HEIGHT="48" CONTENT="nach" WC="0.99" CC="5000"/>
						<SP ID="P5_SP00393" HPOS="2500" VPOS="1359" WIDTH="22"/>
						<String ID="P5_ST00455" HPOS="2522" VPOS="1302" WIDTH="101" HEIGHT="48" CONTENT="dem" WC="1.00" CC="000"/>
						<SP ID="P5_SP00394" HPOS="2623" VPOS="1359" WIDTH="25"/>
						<String ID="P5_ST00456" HPOS="2648" VPOS="1302" WIDTH="216" HEIGHT="48" CONTENT="Concerte" WC="0.81" CC="51000530"/>
						<SP ID="P5_SP00395" HPOS="2864" VPOS="1359" WIDTH="20"/>
						<String ID="P5_ST00457" HPOS="2884" VPOS="1302" WIDTH="101" HEIGHT="48" CONTENT="dem" WC="0.98" CC="004"/>
						<SP ID="P5_SP00396" HPOS="2985" VPOS="1359" WIDTH="19"/>
						<String ID="P5_ST00458" HPOS="3004" VPOS="1303" WIDTH="233" HEIGHT="50" CONTENT="Publicum" WC="0.99" CC="05040320"/>
					</TextLine>
					<TextLine ID="P5_TL00063" HPOS="1759" VPOS="1376" WIDTH="1480" HEIGHT="66">
						<String ID="P5_ST00459" HPOS="1759" VPOS="1376" WIDTH="79" HEIGHT="47" CONTENT="mit" WC="0.96" CC="720"/>
						<SP ID="P5_SP00397" HPOS="1838" VPOS="1423" WIDTH="27"/>
						<String ID="P5_ST00460" HPOS="1865" VPOS="1376" WIDTH="316" HEIGHT="48" CONTENT="Fackelschein" WC="1.00" CC="000000004003"/>
						<SP ID="P5_SP00398" HPOS="2181" VPOS="1424" WIDTH="40"/>
						<String ID="P5_ST00461" HPOS="2221" VPOS="1378" WIDTH="115" HEIGHT="47" CONTENT="nach" WC="0.98" CC="5300"/>
						<SP ID="P5_SP00399" HPOS="2336" VPOS="1425" WIDTH="28"/>
						<String ID="P5_ST00462" HPOS="2364" VPOS="1380" WIDTH="155" HEIGHT="45" CONTENT="Hause" WC="0.99" CC="00502"/>
						<SP ID="P5_SP00400" HPOS="2519" VPOS="1425" WIDTH="28"/>
						<String ID="P5_ST00463" HPOS="2547" VPOS="1378" WIDTH="252" HEIGHT="64" CONTENT="geleuchtet" WC="1.00" CC="0000104000"/>
						<SP ID="P5_SP00401" HPOS="2799" VPOS="1442" WIDTH="27"/>
						<String ID="P5_ST00464" HPOS="2826" VPOS="1378" WIDTH="180" HEIGHT="49" CONTENT="werden" WC="0.99" CC="003005"/>
						<SP ID="P5_SP00402" HPOS="3006" VPOS="1442" WIDTH="27"/>
						<String ID="P5_ST00465" HPOS="3033" VPOS="1380" WIDTH="206" HEIGHT="48" CONTENT='würde".' WC="0.99" CC="5030040"/>
					</TextLine>
					<TextLine ID="P5_TL00064" HPOS="1866" VPOS="1469" WIDTH="1373" HEIGHT="64">
						<String ID="P5_ST00466" HPOS="1866" VPOS="1469" WIDTH="89" HEIGHT="47" CONTENT="Am" WC="0.94" CC="10"/>
						<SP ID="P5_SP00403" HPOS="1955" VPOS="1516" WIDTH="28"/>
						<String ID="P5_ST00467" HPOS="1983" VPOS="1470" WIDTH="124" HEIGHT="62" CONTENT="Tage" WC="0.99" CC="0500"/>
						<SP ID="P5_SP00404" HPOS="2107" VPOS="1532" WIDTH="40"/>
						<String ID="P5_ST00468" HPOS="2147" VPOS="1469" WIDTH="76" HEIGHT="48" CONTENT="des" WC="1.00" CC="000"/>
						<SP ID="P5_SP00405" HPOS="2223" VPOS="1532" WIDTH="26"/>
						<String ID="P5_ST00469" HPOS="2249" VPOS="1470" WIDTH="220" HEIGHT="63" CONTENT="Einzuges" WC="1.00" CC="02010000"/>
						<SP ID="P5_SP00406" HPOS="2469" VPOS="1533" WIDTH="39"/>
						<String ID="P5_ST00470" HPOS="2508" VPOS="1485" WIDTH="86" HEIGHT="33" CONTENT="von" WC="0.95" CC="805"/>
						<SP ID="P5_SP00407" HPOS="2594" VPOS="1533" WIDTH="26"/>
						<String ID="P5_ST00471" HPOS="2620" VPOS="1471" WIDTH="117" HEIGHT="47" CONTENT="Liszt" WC="0.74" CC="06005"/>
						<SP ID="P5_SP00408" HPOS="2737" VPOS="1533" WIDTH="39"/>
						<String ID="P5_ST00472" HPOS="2776" VPOS="1471" WIDTH="200" HEIGHT="48" CONTENT="erschien" WC="0.99" CC="00403404"/>
						<SP ID="P5_SP00409" HPOS="2976" VPOS="1533" WIDTH="29"/>
						<String ID="P5_ST00473" HPOS="3005" VPOS="1471" WIDTH="95" HEIGHT="48" CONTENT="eine" WC="1.00" CC="0010"/>
						<SP ID="P5_SP00410" HPOS="3100" VPOS="1533" WIDTH="27"/>
						<String ID="P5_ST00474" HPOS="3127" VPOS="1472" WIDTH="84" HEIGHT="49" CONTENT="Bro" SUBS_TYPE="HypPart1" SUBS_CONTENT="Broschüre" WC="0.98" CC="704"/>
						<HYP HPOS="3211" VPOS="1472" WIDTH="28" CONTENT="-"/>
					</TextLine>
					<TextLine ID="P5_TL00065" HPOS="1758" VPOS="1542" WIDTH="1482" HEIGHT="69">
						<String ID="P5_ST00475" HPOS="1758" VPOS="1542" WIDTH="160" HEIGHT="48" CONTENT="schüre" SUBS_TYPE="HypPart2" SUBS_CONTENT="Broschüre" WC="0.99" CC="006040"/>
						<SP ID="P5_SP00411" HPOS="1918" VPOS="1590" WIDTH="25"/>
						<String ID="P5_ST00476" HPOS="1943" VPOS="1560" WIDTH="85" HEIGHT="32" CONTENT="von" WC="1.00" CC="001"/>
						<SP ID="P5_SP00412" HPOS="2028" VPOS="1592" WIDTH="27"/>
						<String ID="P5_ST00477" HPOS="2055" VPOS="1546" WIDTH="58" HEIGHT="47" CONTENT="li." WC="0.95" CC="084"/>
						<SP ID="P5_SP00413" HPOS="2113" VPOS="1593" WIDTH="32"/>
						<String ID="P5_ST00478" HPOS="2145" VPOS="1545" WIDTH="299" HEIGHT="48" CONTENT="Gottwald:" WC="0.99" CC="555000300"/>
						<SP ID="P5_SP00414" HPOS="2444" VPOS="1593" WIDTH="39"/>
						<String ID="P5_ST00479" HPOS="2483" VPOS="1546" WIDTH="111" HEIGHT="56" CONTENT="„Ein" WC="0.96" CC="3656"/>
						<SP ID="P5_SP00415" HPOS="2594" VPOS="1602" WIDTH="22"/>
						<String ID="P5_ST00480" HPOS="2616" VPOS="1545" WIDTH="229" HEIGHT="49" CONTENT="breslauer" WC="0.99" CC="500260302"/>
						<SP ID="P5_SP00416" HPOS="2845" VPOS="1602" WIDTH="19"/>
						<String ID="P5_ST00481" HPOS="2864" VPOS="1547" WIDTH="259" HEIGHT="64" CONTENT="Augenarzt" WC="0.99" CC="050042050"/>
						<SP ID="P5_SP00417" HPOS="3123" VPOS="1611" WIDTH="26"/>
						<String ID="P5_ST00482" HPOS="3149" VPOS="1549" WIDTH="91" HEIGHT="47" CONTENT="und" WC="0.98" CC="500"/>
					</TextLine>
					<TextLine ID="P5_TL00066" HPOS="1758" VPOS="1618" WIDTH="639" HEIGHT="68">
						<String ID="P5_ST00483" HPOS="1758" VPOS="1618" WIDTH="70" HEIGHT="49" CONTENT="die" WC="1.00" CC="000"/>
						<SP ID="P5_SP00418" HPOS="1828" VPOS="1667" WIDTH="28"/>
						<String ID="P5_ST00484" HPOS="1856" VPOS="1635" WIDTH="114" HEIGHT="32" CONTENT="neue" WC="1.00" CC="0001"/>
						<SP ID="P5_SP00419" HPOS="1970" VPOS="1667" WIDTH="27"/>
						<String ID="P5_ST00485" HPOS="1997" VPOS="1621" WIDTH="400" HEIGHT="65" CONTENT='Musikrichtung."' WC="1.00" CC="050004006050003"/>
					</TextLine>
					<TextLine ID="P5_TL00067" HPOS="1870" VPOS="1712" WIDTH="1366" HEIGHT="68">
						<String ID="P5_ST00486" HPOS="1870" VPOS="1714" WIDTH="171" HEIGHT="45" CONTENT="Ferner" WC="0.99" CC="002600"/>
						<SP ID="P5_SP00420" HPOS="2041" VPOS="1759" WIDTH="27"/>
						<String ID="P5_ST00487" HPOS="2068" VPOS="1712" WIDTH="77" HEIGHT="49" CONTENT="hat" WC="0.97" CC="151"/>
						<SP ID="P5_SP00421" HPOS="2145" VPOS="1761" WIDTH="27"/>
						<String ID="P5_ST00488" HPOS="2172" VPOS="1715" WIDTH="119" HEIGHT="47" CONTENT="Herr" WC="0.98" CC="3006"/>
						<SP ID="P5_SP00422" HPOS="2291" VPOS="1762" WIDTH="27"/>
						<String ID="P5_ST00489" HPOS="2318" VPOS="1714" WIDTH="251" HEIGHT="48" CONTENT="Damrosch" WC="0.79" CC="40051006"/>
						<SP ID="P5_SP00423" HPOS="2569" VPOS="1762" WIDTH="31"/>
						<String ID="P5_ST00490" HPOS="2600" VPOS="1712" WIDTH="108" HEIGHT="66" CONTENT="(und" WC="0.98" CC="4060"/>
						<SP ID="P5_SP00424" HPOS="2708" VPOS="1778" WIDTH="25"/>
						<String ID="P5_ST00491" HPOS="2733" VPOS="1730" WIDTH="118" HEIGHT="33" CONTENT="zwar" WC="0.98" CC="3005"/>
						<SP ID="P5_SP00425" HPOS="2851" VPOS="1778" WIDTH="27"/>
						<String ID="P5_ST00492" HPOS="2878" VPOS="1714" WIDTH="44" HEIGHT="48" CONTENT="in" WC="0.61" CC="25"/>
						<SP ID="P5_SP00426" HPOS="2922" VPOS="1778" WIDTH="27"/>
						<String ID="P5_ST00493" HPOS="2949" VPOS="1715" WIDTH="151" HEIGHT="48" CONTENT="letzter" WC="0.99" CC="0305004"/>
						<SP ID="P5_SP00427" HPOS="3100" VPOS="1778" WIDTH="26"/>
						<String ID="P5_ST00494" HPOS="3126" VPOS="1716" WIDTH="110" HEIGHT="64" CONTENT="Zeit)" WC="0.98" CC="00574"/>
					</TextLine>
					<TextLine ID="P5_TL00068" HPOS="1757" VPOS="1787" WIDTH="1480" HEIGHT="68">
						<String ID="P5_ST00495" HPOS="1757" VPOS="1787" WIDTH="97" HEIGHT="49" CONTENT="eine" WC="0.99" CC="0060"/>
						<SP ID="P5_SP00428" HPOS="1854" VPOS="1836" WIDTH="40"/>
						<String ID="P5_ST00496" HPOS="1894" VPOS="1805" WIDTH="160" HEIGHT="39" CONTENT="„neue" WC="0.99" CC="36000"/>
						<SP ID="P5_SP00429" HPOS="2054" VPOS="1844" WIDTH="29"/>
						<String ID="P5_ST00497" HPOS="2083" VPOS="1790" WIDTH="607" HEIGHT="63" CONTENT='Gesangs-Akademie"' WC="1.00" CC="00007002502000004"/>
						<SP ID="P5_SP00430" HPOS="2690" VPOS="1853" WIDTH="41"/>
						<String ID="P5_ST00498" HPOS="2731" VPOS="1790" WIDTH="86" HEIGHT="65" CONTENT="(die" WC="1.00" CC="2000"/>
						<SP ID="P5_SP00431" HPOS="2817" VPOS="1855" WIDTH="28"/>
						<String ID="P5_ST00499" HPOS="2845" VPOS="1790" WIDTH="170" HEIGHT="48" CONTENT="dritte" WC="1.00" CC="040000"/>
						<SP ID="P5_SP00432" HPOS="3015" VPOS="1855" WIDTH="28"/>
						<String ID="P5_ST00500" HPOS="3043" VPOS="1791" WIDTH="43" HEIGHT="47" CONTENT="in" WC="0.72" CC="05"/>
						<SP ID="P5_SP00433" HPOS="3086" VPOS="1855" WIDTH="22"/>
						<String ID="P5_ST00501" HPOS="3108" VPOS="1792" WIDTH="104" HEIGHT="47" CONTENT="Bres" SUBS_TYPE="HypPart1" SUBS_CONTENT="Breslau!)" WC="0.98" CC="5400"/>
						<HYP HPOS="3212" VPOS="1792" WIDTH="25" CONTENT="-"/>
					</TextLine>
					<TextLine ID="P5_TL00069" HPOS="1757" VPOS="1862" WIDTH="1479" HEIGHT="68">
						<String ID="P5_ST00502" HPOS="1757" VPOS="1862" WIDTH="111" HEIGHT="65" CONTENT="lau!)" SUBS_TYPE="HypPart2" SUBS_CONTENT="Breslau!)" WC="0.99" CC="10013"/>
						<SP ID="P5_SP00434" HPOS="1868" VPOS="1927" WIDTH="31"/>
						<String ID="P5_ST00503" HPOS="1899" VPOS="1865" WIDTH="225" HEIGHT="57" CONTENT="errichtet," WC="1.00" CC="0023020001"/>
						<SP ID="P5_SP00435" HPOS="2124" VPOS="1927" WIDTH="38"/>
						<String ID="P5_ST00504" HPOS="2162" VPOS="1863" WIDTH="137" HEIGHT="49" CONTENT="deren" WC="0.99" CC="00500"/>
						<SP ID="P5_SP00436" HPOS="2299" VPOS="1927" WIDTH="27"/>
						<String ID="P5_ST00505" HPOS="2326" VPOS="1865" WIDTH="209" HEIGHT="65" CONTENT="Aufgabe" WC="1.00" CC="0000200"/>
						<SP ID="P5_SP00437" HPOS="2535" VPOS="1930" WIDTH="36"/>
						<String ID="P5_ST00506" HPOS="2571" VPOS="1865" WIDTH="92" HEIGHT="48" CONTENT="sein" WC="1.00" CC="0002"/>
						<SP ID="P5_SP00438" HPOS="2663" VPOS="1930" WIDTH="35"/>
						<String ID="P5_ST00507" HPOS="2698" VPOS="1866" WIDTH="80" HEIGHT="47" CONTENT="soll" WC="0.99" CC="0040"/>
						<SP ID="P5_SP00439" HPOS="2778" VPOS="1930" WIDTH="38"/>
						<String ID="P5_ST00508" HPOS="2816" VPOS="1865" WIDTH="96" HEIGHT="57" CONTENT="„die" WC="0.98" CC="3040"/>
						<SP ID="P5_SP00440" HPOS="2912" VPOS="1930" WIDTH="27"/>
						<String ID="P5_ST00509" HPOS="2939" VPOS="1866" WIDTH="151" HEIGHT="64" CONTENT="Pflege" WC="0.99" CC="000090"/>
						<SP ID="P5_SP00441" HPOS="3090" VPOS="1930" WIDTH="28"/>
						<String ID="P5_ST00510" HPOS="3118" VPOS="1867" WIDTH="89" HEIGHT="47" CONTENT="ech" SUBS_TYPE="HypPart1" SUBS_CONTENT="echter" WC="0.98" CC="006"/>
						<HYP HPOS="3207" VPOS="1867" WIDTH="29" CONTENT="-"/>
					</TextLine>
					<TextLine ID="P5_TL00070" HPOS="1756" VPOS="1941" WIDTH="1478" HEIGHT="49">
						<String ID="P5_ST00511" HPOS="1756" VPOS="1945" WIDTH="82" HEIGHT="42" CONTENT="ter" SUBS_TYPE="HypPart2" SUBS_CONTENT="echter" WC="0.98" CC="004"/>
						<SP ID="P5_SP00442" HPOS="1838" VPOS="1987" WIDTH="33"/>
						<String ID="P5_ST00512" HPOS="1871" VPOS="1941" WIDTH="174" HEIGHT="47" CONTENT="Kunst" WC="0.99" CC="40410"/>
						<SP ID="P5_SP00443" HPOS="2045" VPOS="1988" WIDTH="33"/>
						<String ID="P5_ST00513" HPOS="2078" VPOS="1941" WIDTH="60" HEIGHT="47" CONTENT="im" WC="0.88" CC="02"/>
						<SP ID="P5_SP00444" HPOS="2138" VPOS="1988" WIDTH="30"/>
						<String ID="P5_ST00514" HPOS="2168" VPOS="1941" WIDTH="186" HEIGHT="48" CONTENT="Gebiete" WC="0.99" CC="4536000"/>
						<SP ID="P5_SP00445" HPOS="2354" VPOS="1989" WIDTH="36"/>
						<String ID="P5_ST00515" HPOS="2390" VPOS="1941" WIDTH="79" HEIGHT="48" CONTENT="der" WC="0.98" CC="004"/>
						<SP ID="P5_SP00446" HPOS="2469" VPOS="1989" WIDTH="27"/>
						<String ID="P5_ST00516" HPOS="2496" VPOS="1942" WIDTH="286" HEIGHT="48" CONTENT="Vocalmusik" WC="0.88" CC="0200330200"/>
						<SP ID="P5_SP00447" HPOS="2782" VPOS="1990" WIDTH="107"/>
						<String ID="P5_ST00517" HPOS="2889" VPOS="1942" WIDTH="61" HEIGHT="47" CONTENT="sei" WC="0.98" CC="005"/>
						<SP ID="P5_SP00448" HPOS="2950" VPOS="1990" WIDTH="27"/>
						<String ID="P5_ST00518" HPOS="2977" VPOS="1942" WIDTH="62" HEIGHT="47" CONTENT="sie" WC="1.00" CC="000"/>
						<SP ID="P5_SP00449" HPOS="3039" VPOS="1990" WIDTH="27"/>
						<String ID="P5_ST00519" HPOS="3066" VPOS="1942" WIDTH="80" HEIGHT="48" CONTENT="der" WC="0.98" CC="004"/>
						<SP ID="P5_SP00450" HPOS="3146" VPOS="1990" WIDTH="25"/>
						<String ID="P5_ST00520" HPOS="3171" VPOS="1943" WIDTH="42" HEIGHT="47" CONTENT="äl" SUBS_TYPE="HypPart1" SUBS_CONTENT="ältesten" WC="0.98" CC="31"/>
						<HYP HPOS="3213" VPOS="1943" WIDTH="21" CONTENT="-"/>
					</TextLine>
					<TextLine ID="P5_TL00071" HPOS="1757" VPOS="2016" WIDTH="1482" HEIGHT="66">
						<String ID="P5_ST00521" HPOS="1757" VPOS="2021" WIDTH="141" HEIGHT="42" CONTENT="testen" SUBS_TYPE="HypPart2" SUBS_CONTENT="ältesten" WC="0.99" CC="000006"/>
						<SP ID="P5_SP00451" HPOS="1898" VPOS="2063" WIDTH="14"/>
						<String ID="P5_ST00522" HPOS="1912" VPOS="2016" WIDTH="367" HEIGHT="63" CONTENT="Vergangenheit" WC="0.99" CC="0050039052050"/>
						<SP ID="P5_SP00452" HPOS="2279" VPOS="2079" WIDTH="15"/>
						<String ID="P5_ST00523" HPOS="2294" VPOS="2024" WIDTH="279" HEIGHT="57" CONTENT="entsprossen" WC="0.99" CC="06050330020"/>
						<SP ID="P5_SP00453" HPOS="2573" VPOS="2081" WIDTH="27"/>
						<String ID="P5_ST00524" HPOS="2600" VPOS="2016" WIDTH="108" HEIGHT="49" CONTENT="oder" WC="0.99" CC="0003"/>
						<SP ID="P5_SP00454" HPOS="2708" VPOS="2081" WIDTH="28"/>
						<String ID="P5_ST00525" HPOS="2736" VPOS="2017" WIDTH="79" HEIGHT="47" CONTENT="der" WC="0.99" CC="003"/>
						<SP ID="P5_SP00455" HPOS="2815" VPOS="2081" WIDTH="20"/>
						<String ID="P5_ST00526" HPOS="2835" VPOS="2018" WIDTH="211" HEIGHT="63" CONTENT="jüngsten" WC="1.00" CC="00200020"/>
						<SP ID="P5_SP00456" HPOS="3046" VPOS="2081" WIDTH="17"/>
						<String ID="P5_ST00527" HPOS="3063" VPOS="2017" WIDTH="147" HEIGHT="65" CONTENT="Gegen" SUBS_TYPE="HypPart1" SUBS_CONTENT='Gegenwart."' WC="0.99" CC="10006"/>
						<HYP HPOS="3210" VPOS="2017" WIDTH="29" CONTENT="-"/>
					</TextLine>
					<TextLine ID="P5_TL00072" HPOS="1758" VPOS="2090" WIDTH="1483" HEIGHT="67">
						<String ID="P5_ST00528" HPOS="1758" VPOS="2097" WIDTH="152" HEIGHT="42" CONTENT='wart."' SUBS_TYPE="HypPart2" SUBS_CONTENT='Gegenwart."' WC="0.99" CC="000034"/>
						<SP ID="P5_SP00457" HPOS="1910" VPOS="2139" WIDTH="42"/>
						<String ID="P5_ST00529" HPOS="1952" VPOS="2090" WIDTH="139" HEIGHT="64" CONTENT="(Nun," WC="0.98" CC="35050"/>
						<SP ID="P5_SP00458" HPOS="2091" VPOS="2154" WIDTH="28"/>
						<String ID="P5_ST00530" HPOS="2119" VPOS="2092" WIDTH="78" HEIGHT="47" CONTENT="das" WC="1.00" CC="000"/>
						<SP ID="P5_SP00459" HPOS="2197" VPOS="2154" WIDTH="28"/>
						<String ID="P5_ST00531" HPOS="2225" VPOS="2092" WIDTH="112" HEIGHT="47" CONTENT="wird" WC="0.99" CC="0060"/>
						<SP ID="P5_SP00460" HPOS="2337" VPOS="2154" WIDTH="28"/>
						<String ID="P5_ST00532" HPOS="2365" VPOS="2093" WIDTH="70" HEIGHT="47" CONTENT="ein" WC="0.98" CC="023"/>
						<SP ID="P5_SP00461" HPOS="2435" VPOS="2154" WIDTH="26"/>
						<String ID="P5_ST00533" HPOS="2461" VPOS="2093" WIDTH="186" HEIGHT="47" CONTENT="schönes" WC="0.99" CC="0050600"/>
						<SP ID="P5_SP00462" HPOS="2647" VPOS="2154" WIDTH="25"/>
						<String ID="P5_ST00534" HPOS="2672" VPOS="2095" WIDTH="182" HEIGHT="62" CONTENT="Ragout" WC="0.98" CC="680014"/>
						<SP ID="P5_SP00463" HPOS="2854" VPOS="2157" WIDTH="28"/>
						<String ID="P5_ST00535" HPOS="2882" VPOS="2092" WIDTH="162" HEIGHT="64" CONTENT="geben!" WC="1.00" CC="000030"/>
						<SP ID="P5_SP00464" HPOS="3044" VPOS="2157" WIDTH="38"/>
						<String ID="P5_ST00536" HPOS="3082" VPOS="2093" WIDTH="159" HEIGHT="49" CONTENT="Bach's" WC="0.87" CC="020005"/>
					</TextLine>
					<TextLine ID="P5_TL00073" HPOS="1757" VPOS="2167" WIDTH="1480" HEIGHT="66">
						<String ID="P5_ST00537" HPOS="1757" VPOS="2167" WIDTH="353" HEIGHT="47" CONTENT="Passionsmusik" WC="1.00" CC="4900003004000"/>
						<SP ID="P5_SP00465" HPOS="2110" VPOS="2214" WIDTH="29"/>
						<String ID="P5_ST00538" HPOS="2139" VPOS="2167" WIDTH="91" HEIGHT="48" CONTENT="und" WC="0.97" CC="800"/>
						<SP ID="P5_SP00466" HPOS="2230" VPOS="2215" WIDTH="27"/>
						<String ID="P5_ST00539" HPOS="2257" VPOS="2168" WIDTH="151" HEIGHT="47" CONTENT="Liszt's" WC="0.86" CC="4004000"/>
						<SP ID="P5_SP00467" HPOS="2408" VPOS="2215" WIDTH="28"/>
						<String ID="P5_ST00540" HPOS="2436" VPOS="2185" WIDTH="163" HEIGHT="48" CONTENT="graner" WC="0.99" CC="050004"/>
						<SP ID="P5_SP00468" HPOS="2599" VPOS="2233" WIDTH="26"/>
						<String ID="P5_ST00541" HPOS="2625" VPOS="2168" WIDTH="165" HEIGHT="49" CONTENT="Messe!" WC="1.00" CC="000000"/>
						<SP ID="P5_SP00469" HPOS="2790" VPOS="2233" WIDTH="28"/>
						<String ID="P5_ST00542" HPOS="2818" VPOS="2167" WIDTH="211" HEIGHT="48" CONTENT="Händel's" WC="0.89" CC="40000003"/>
						<SP ID="P5_SP00470" HPOS="3029" VPOS="2233" WIDTH="27"/>
						<String ID="P5_ST00543" HPOS="3056" VPOS="2168" WIDTH="181" HEIGHT="50" CONTENT="Messias" WC="1.00" CC="0003010"/>
					</TextLine>
					<TextLine ID="P5_TL00074" HPOS="1757" VPOS="2241" WIDTH="1478" HEIGHT="66">
						<String ID="P5_ST00544" HPOS="1757" VPOS="2241" WIDTH="91" HEIGHT="47" CONTENT="und" WC="1.00" CC="000"/>
						<SP ID="P5_SP00471" HPOS="1848" VPOS="2288" WIDTH="31"/>
						<String ID="P5_ST00545" HPOS="1879" VPOS="2242" WIDTH="242" HEIGHT="63" CONTENT="Wagner's" WC="0.84" CC="05010005"/>
						<SP ID="P5_SP00472" HPOS="2121" VPOS="2305" WIDTH="28"/>
						<String ID="P5_ST00546" HPOS="2149" VPOS="2243" WIDTH="283" HEIGHT="64" CONTENT="Lohengrin!" WC="0.76" CC="0470505001"/>
						<SP ID="P5_SP00473" HPOS="2432" VPOS="2307" WIDTH="43"/>
						<String ID="P5_ST00547" HPOS="2475" VPOS="2244" WIDTH="130" HEIGHT="47" CONTENT="Doch" WC="0.97" CC="6503"/>
						<SP ID="P5_SP00474" HPOS="2605" VPOS="2307" WIDTH="42"/>
						<String ID="P5_ST00548" HPOS="2647" VPOS="2244" WIDTH="68" HEIGHT="46" CONTENT="ich" WC="0.99" CC="001"/>
						<SP ID="P5_SP00475" HPOS="2715" VPOS="2307" WIDTH="36"/>
						<String ID="P5_ST00549" HPOS="2751" VPOS="2244" WIDTH="89" HEIGHT="46" CONTENT="irre" WC="0.97" CC="6501"/>
						<SP ID="P5_SP00476" HPOS="2840" VPOS="2307" WIDTH="37"/>
						<String ID="P5_ST00550" HPOS="2877" VPOS="2243" WIDTH="137" HEIGHT="47" CONTENT="mich:" WC="0.98" CC="10626"/>
						<SP ID="P5_SP00477" HPOS="3014" VPOS="2307" WIDTH="46"/>
						<String ID="P5_ST00551" HPOS="3060" VPOS="2243" WIDTH="175" HEIGHT="48" CONTENT="Händel" WC="0.99" CC="002006"/>
					</TextLine>
					<TextLine ID="P5_TL00075" HPOS="1757" VPOS="2317" WIDTH="1482" HEIGHT="66">
						<String ID="P5_ST00552" HPOS="1757" VPOS="2317" WIDTH="111" HEIGHT="48" CONTENT="wird" WC="1.00" CC="0000"/>
						<SP ID="P5_SP00478" HPOS="1868" VPOS="2365" WIDTH="27"/>
						<String ID="P5_ST00553" HPOS="1895" VPOS="2318" WIDTH="122" HEIGHT="48" CONTENT="nicht" WC="0.99" CC="20030"/>
						<SP ID="P5_SP00479" HPOS="2017" VPOS="2366" WIDTH="27"/>
						<String ID="P5_ST00554" HPOS="2044" VPOS="2319" WIDTH="161" HEIGHT="47" CONTENT="einmal" WC="0.99" CC="005044"/>
						<SP ID="P5_SP00480" HPOS="2205" VPOS="2366" WIDTH="28"/>
						<String ID="P5_ST00555" HPOS="2233" VPOS="2336" WIDTH="53" HEIGHT="29" CONTENT="zu" WC="0.72" CC="05"/>
						<SP ID="P5_SP00481" HPOS="2286" VPOS="2366" WIDTH="28"/>
						<String ID="P5_ST00556" HPOS="2314" VPOS="2319" WIDTH="80" HEIGHT="47" CONTENT="der" WC="0.99" CC="003"/>
						<SP ID="P5_SP00482" HPOS="2394" VPOS="2366" WIDTH="26"/>
						<String ID="P5_ST00557" HPOS="2420" VPOS="2319" WIDTH="123" HEIGHT="49" CONTENT="Ehre" WC="0.98" CC="1430"/>
						<SP ID="P5_SP00483" HPOS="2543" VPOS="2368" WIDTH="28"/>
						<String ID="P5_ST00558" HPOS="2571" VPOS="2319" WIDTH="80" HEIGHT="47" CONTENT="der" WC="1.00" CC="001"/>
						<SP ID="P5_SP00484" HPOS="2651" VPOS="2368" WIDTH="23"/>
						<String ID="P5_ST00559" HPOS="2674" VPOS="2319" WIDTH="345" HEIGHT="64" CONTENT="Gleichstellung" WC="1.00" CC="10011500030060"/>
						<SP ID="P5_SP00485" HPOS="3019" VPOS="2383" WIDTH="28"/>
						<String ID="P5_ST00560" HPOS="3047" VPOS="2319" WIDTH="79" HEIGHT="49" CONTENT="mit" WC="0.97" CC="610"/>
						<SP ID="P5_SP00486" HPOS="3126" VPOS="2383" WIDTH="26"/>
						<String ID="P5_ST00561" HPOS="3152" VPOS="2319" WIDTH="87" HEIGHT="49" CONTENT="den" WC="0.97" CC="007"/>
					</TextLine>
					<TextLine ID="P5_TL00076" HPOS="1756" VPOS="2394" WIDTH="1480" HEIGHT="65">
						<String ID="P5_ST00562" HPOS="1756" VPOS="2394" WIDTH="185" HEIGHT="47" CONTENT="Heroen" WC="0.99" CC="303002"/>
						<SP ID="P5_SP00487" HPOS="1941" VPOS="2441" WIDTH="18"/>
						<String ID="P5_ST00563" HPOS="1959" VPOS="2394" WIDTH="80" HEIGHT="47" CONTENT="der" WC="0.99" CC="002"/>
						<SP ID="P5_SP00488" HPOS="2039" VPOS="2441" WIDTH="33"/>
						<String ID="P5_ST00564" HPOS="2072" VPOS="2394" WIDTH="232" HEIGHT="65" CONTENT="„jüngsten" WC="0.99" CC="370701505"/>
						<SP ID="P5_SP00489" HPOS="2304" VPOS="2459" WIDTH="22"/>
						<String ID="P5_ST00565" HPOS="2326" VPOS="2396" WIDTH="297" HEIGHT="63" CONTENT='Gegenwart"' WC="0.99" CC="5000500403"/>
						<SP ID="P5_SP00490" HPOS="2623" VPOS="2459" WIDTH="32"/>
						<String ID="P5_ST00566" HPOS="2655" VPOS="2396" WIDTH="255" HEIGHT="63" CONTENT="zugelassen" WC="0.99" CC="5700000008"/>
						<SP ID="P5_SP00491" HPOS="2910" VPOS="2459" WIDTH="23"/>
						<String ID="P5_ST00567" HPOS="2933" VPOS="2394" WIDTH="194" HEIGHT="49" CONTENT="werden." WC="0.99" CC="0050003"/>
						<SP ID="P5_SP00492" HPOS="3127" VPOS="2459" WIDTH="28"/>
						<String ID="P5_ST00568" HPOS="3155" VPOS="2396" WIDTH="81" HEIGHT="47" CONTENT="Bei" WC="0.95" CC="706"/>
					</TextLine>
					<TextLine ID="P5_TL00077" HPOS="1756" VPOS="2468" WIDTH="1483" HEIGHT="67">
						<String ID="P5_ST00569" HPOS="1756" VPOS="2485" WIDTH="48" HEIGHT="31" CONTENT="so" WC="1.00" CC="00"/>
						<SP ID="P5_SP00493" HPOS="1804" VPOS="2516" WIDTH="29"/>
						<String ID="P5_ST00570" HPOS="1833" VPOS="2468" WIDTH="269" HEIGHT="50" CONTENT="bewandten" WC="0.99" CC="600470505"/>
						<SP ID="P5_SP00494" HPOS="2102" VPOS="2518" WIDTH="27"/>
						<String ID="P5_ST00571" HPOS="2129" VPOS="2469" WIDTH="274" HEIGHT="49" CONTENT="Umständen" WC="1.00" CC="100000003"/>
						<SP ID="P5_SP00495" HPOS="2403" VPOS="2518" WIDTH="28"/>
						<String ID="P5_ST00572" HPOS="2431" VPOS="2471" WIDTH="113" HEIGHT="47" CONTENT="wird" WC="0.99" CC="0040"/>
						<SP ID="P5_SP00496" HPOS="2544" VPOS="2518" WIDTH="39"/>
						<String ID="P5_ST00573" HPOS="2583" VPOS="2472" WIDTH="47" HEIGHT="47" CONTENT="C." WC="0.57" CC="61"/>
						<SP ID="P5_SP00497" HPOS="2630" VPOS="2519" WIDTH="28"/>
						<String ID="P5_ST00574" HPOS="2658" VPOS="2469" WIDTH="275" HEIGHT="50" CONTENT="Reinecke" WC="0.99" CC="60530000"/>
						<SP ID="P5_SP00498" HPOS="2933" VPOS="2519" WIDTH="34"/>
						<String ID="P5_ST00575" HPOS="2967" VPOS="2469" WIDTH="272" HEIGHT="66" CONTENT="wahrhaftig" WC="0.98" CC="4962405609"/>
					</TextLine>
					<TextLine ID="P5_TL00078" HPOS="1760" VPOS="2545" WIDTH="1477" HEIGHT="59">
						<String ID="P5_ST00576" HPOS="1760" VPOS="2562" WIDTH="70" HEIGHT="30" CONTENT="am" WC="0.71" CC="31"/>
						<SP ID="P5_SP00499" HPOS="1830" VPOS="2592" WIDTH="32"/>
						<String ID="P5_ST00577" HPOS="1862" VPOS="2545" WIDTH="154" HEIGHT="49" CONTENT="besten" WC="0.99" CC="502000"/>
						<SP ID="P5_SP00500" HPOS="2016" VPOS="2594" WIDTH="28"/>
						<String ID="P5_ST00578" HPOS="2044" VPOS="2547" WIDTH="128" HEIGHT="56" CONTENT="thun," WC="0.80" CC="03230"/>
						<SP ID="P5_SP00501" HPOS="2172" VPOS="2603" WIDTH="39"/>
						<String ID="P5_ST00579" HPOS="2211" VPOS="2547" WIDTH="252" HEIGHT="48" CONTENT="Mosewius'" WC="0.86" CC="020000503"/>
						<SP ID="P5_SP00502" HPOS="2463" VPOS="2603" WIDTH="30"/>
						<String ID="P5_ST00580" HPOS="2493" VPOS="2548" WIDTH="121" HEIGHT="47" CONTENT="Geist" WC="0.99" CC="00006"/>
						<SP ID="P5_SP00503" HPOS="2614" VPOS="2603" WIDTH="32"/>
						<String ID="P5_ST00581" HPOS="2646" VPOS="2565" WIDTH="50" HEIGHT="29" CONTENT="zu" WC="0.57" CC="16"/>
						<SP ID="P5_SP00504" HPOS="2696" VPOS="2603" WIDTH="28"/>
						<String ID="P5_ST00582" HPOS="2724" VPOS="2547" WIDTH="136" HEIGHT="47" CONTENT="Hülfe" WC="0.99" CC="50001"/>
						<SP ID="P5_SP00505" HPOS="2860" VPOS="2603" WIDTH="37"/>
						<String ID="P5_ST00583" HPOS="2897" VPOS="2563" WIDTH="51" HEIGHT="31" CONTENT="zu" WC="0.51" CC="54"/>
						<SP ID="P5_SP00506" HPOS="2948" VPOS="2603" WIDTH="30"/>
						<String ID="P5_ST00584" HPOS="2978" VPOS="2547" WIDTH="144" HEIGHT="57" CONTENT="rufen," WC="0.99" CC="230060"/>
						<SP ID="P5_SP00507" HPOS="3122" VPOS="2604" WIDTH="41"/>
						<String ID="P5_ST00585" HPOS="3163" VPOS="2563" WIDTH="74" HEIGHT="32" CONTENT="um" WC="1.00" CC="00"/>
					</TextLine>
					<TextLine ID="P5_TL00079" HPOS="1758" VPOS="2620" WIDTH="1481" HEIGHT="66">
						<String ID="P5_ST00586" HPOS="1758" VPOS="2620" WIDTH="70" HEIGHT="50" CONTENT="die" WC="1.00" CC="000"/>
						<SP ID="P5_SP00508" HPOS="1828" VPOS="2670" WIDTH="15"/>
						<String ID="P5_ST00587" HPOS="1843" VPOS="2623" WIDTH="174" HEIGHT="47" CONTENT="Larven" WC="0.98" CC="066007"/>
						<SP ID="P5_SP00509" HPOS="2017" VPOS="2670" WIDTH="15"/>
						<String ID="P5_ST00588" HPOS="2032" VPOS="2622" WIDTH="92" HEIGHT="48" CONTENT="und" WC="0.99" CC="300"/>
						<SP ID="P5_SP00510" HPOS="2124" VPOS="2670" WIDTH="16"/>
						<String ID="P5_ST00589" HPOS="2140" VPOS="2623" WIDTH="268" HEIGHT="63" CONTENT="Gespenster" WC="1.00" CC="5000050005"/>
						<SP ID="P5_SP00511" HPOS="2408" VPOS="2686" WIDTH="14"/>
						<String ID="P5_ST00590" HPOS="2422" VPOS="2641" WIDTH="53" HEIGHT="29" CONTENT="zu" WC="0.97" CC="00"/>
						<SP ID="P5_SP00512" HPOS="2475" VPOS="2686" WIDTH="21"/>
						<String ID="P5_ST00591" HPOS="2496" VPOS="2623" WIDTH="192" HEIGHT="57" CONTENT="bannen," WC="0.98" CC="6060071"/>
						<SP ID="P5_SP00513" HPOS="2688" VPOS="2686" WIDTH="17"/>
						<String ID="P5_ST00592" HPOS="2705" VPOS="2622" WIDTH="69" HEIGHT="48" CONTENT="die" WC="0.98" CC="050"/>
						<SP ID="P5_SP00514" HPOS="2774" VPOS="2686" WIDTH="15"/>
						<String ID="P5_ST00593" HPOS="2789" VPOS="2623" WIDTH="76" HEIGHT="47" CONTENT="ihn" WC="0.94" CC="346"/>
						<SP ID="P5_SP00515" HPOS="2865" VPOS="2686" WIDTH="23"/>
						<String ID="P5_ST00594" HPOS="2888" VPOS="2622" WIDTH="351" HEIGHT="64" CONTENT="umschwirren.)" WC="1.00" CC="3000500206004"/>
					</TextLine>
					<TextLine ID="P5_TL00080" HPOS="1868" VPOS="2714" WIDTH="1375" HEIGHT="64">
						<String ID="P5_ST00595" HPOS="1868" VPOS="2714" WIDTH="115" HEIGHT="49" CONTENT="Eine" WC="0.99" CC="0600"/>
						<SP ID="P5_SP00516" HPOS="1983" VPOS="2763" WIDTH="39"/>
						<String ID="P5_ST00596" HPOS="2022" VPOS="2714" WIDTH="196" HEIGHT="49" CONTENT="zweite" WC="0.98" CC="380400"/>
						<SP ID="P5_SP00517" HPOS="2218" VPOS="2763" WIDTH="42"/>
						<String ID="P5_ST00597" HPOS="2260" VPOS="2714" WIDTH="469" HEIGHT="64" CONTENT="Sing-Akademie" WC="0.88" CC="5060300000000"/>
						<SP ID="P5_SP00518" HPOS="2729" VPOS="2778" WIDTH="41"/>
						<String ID="P5_ST00598" HPOS="2770" VPOS="2714" WIDTH="174" HEIGHT="49" CONTENT="besteht" WC="0.99" CC="7000064"/>
						<SP ID="P5_SP00519" HPOS="2944" VPOS="2778" WIDTH="38"/>
						<String ID="P5_ST00599" HPOS="2982" VPOS="2714" WIDTH="136" HEIGHT="49" CONTENT="schon" WC="0.98" CC="00613"/>
						<SP ID="P5_SP00520" HPOS="3118" VPOS="2778" WIDTH="45"/>
						<String ID="P5_ST00600" HPOS="3163" VPOS="2714" WIDTH="80" HEIGHT="50" CONTENT="seit" WC="1.00" CC="0000"/>
					</TextLine>
					<TextLine ID="P5_TL00081" HPOS="1759" VPOS="2791" WIDTH="1482" HEIGHT="64">
						<String ID="P5_ST00601" HPOS="1759" VPOS="2791" WIDTH="238" HEIGHT="48" CONTENT="mehreren" WC="1.00" CC="00050006"/>
						<SP ID="P5_SP00521" HPOS="1997" VPOS="2839" WIDTH="25"/>
						<String ID="P5_ST00602" HPOS="2022" VPOS="2792" WIDTH="173" HEIGHT="47" CONTENT="Jahren" WC="0.98" CC="006907"/>
						<SP ID="P5_SP00522" HPOS="2195" VPOS="2839" WIDTH="26"/>
						<String ID="P5_ST00603" HPOS="2221" VPOS="2798" WIDTH="131" HEIGHT="41" CONTENT="unter" WC="0.99" CC="50004"/>
						<SP ID="P5_SP00523" HPOS="2352" VPOS="2839" WIDTH="27"/>
						<String ID="P5_ST00604" HPOS="2379" VPOS="2791" WIDTH="80" HEIGHT="48" CONTENT="der" WC="0.99" CC="003"/>
						<SP ID="P5_SP00524" HPOS="2459" VPOS="2839" WIDTH="28"/>
						<String ID="P5_ST00605" HPOS="2487" VPOS="2792" WIDTH="217" HEIGHT="63" CONTENT="fleissigen" WC="0.84" CC="0002340004"/>
						<SP ID="P5_SP00525" HPOS="2704" VPOS="2855" WIDTH="22"/>
						<String ID="P5_ST00606" HPOS="2726" VPOS="2792" WIDTH="191" HEIGHT="63" CONTENT="Leitung" WC="0.99" CC="0005210"/>
						<SP ID="P5_SP00526" HPOS="2917" VPOS="2855" WIDTH="27"/>
						<String ID="P5_ST00607" HPOS="2944" VPOS="2791" WIDTH="75" HEIGHT="48" CONTENT="des" WC="1.00" CC="000"/>
						<SP ID="P5_SP00527" HPOS="3019" VPOS="2855" WIDTH="24"/>
						<String ID="P5_ST00608" HPOS="3043" VPOS="2792" WIDTH="170" HEIGHT="63" CONTENT="Gesang" SUBS_TYPE="HypPart1" SUBS_CONTENT="Gesanglehrers" WC="0.99" CC="600020"/>
						<HYP HPOS="3213" VPOS="2792" WIDTH="28" CONTENT="-"/>
					</TextLine>
					<TextLine ID="P5_TL00082" HPOS="1759" VPOS="2866" WIDTH="1484" HEIGHT="66">
						<String ID="P5_ST00609" HPOS="1759" VPOS="2866" WIDTH="169" HEIGHT="48" CONTENT="lehrers" SUBS_TYPE="HypPart2" SUBS_CONTENT="Gesanglehrers" WC="0.99" CC="2064000"/>
						<SP ID="P5_SP00528" HPOS="1928" VPOS="2914" WIDTH="28"/>
						<String ID="P5_ST00610" HPOS="1956" VPOS="2867" WIDTH="151" HEIGHT="47" CONTENT="Herrn" WC="0.98" CC="30360"/>
						<SP ID="P5_SP00529" HPOS="2107" VPOS="2914" WIDTH="28"/>
						<String ID="P5_ST00611" HPOS="2135" VPOS="2867" WIDTH="362" HEIGHT="65" CONTENT="Hirschberg." WC="0.99" CC="03500530203"/>
						<SP ID="P5_SP00530" HPOS="2497" VPOS="2932" WIDTH="28"/>
						<String ID="P5_ST00612" HPOS="2525" VPOS="2867" WIDTH="88" HEIGHT="47" CONTENT="Am" WC="0.67" CC="06"/>
						<SP ID="P5_SP00531" HPOS="2613" VPOS="2932" WIDTH="22"/>
						<String ID="P5_ST00613" HPOS="2635" VPOS="2867" WIDTH="47" HEIGHT="48" CONTENT="2." WC="0.78" CC="04"/>
						<SP ID="P5_SP00532" HPOS="2682" VPOS="2932" WIDTH="23"/>
						<String ID="P5_ST00614" HPOS="2705" VPOS="2867" WIDTH="125" HEIGHT="63" CONTENT="April" WC="0.99" CC="50200"/>
						<SP ID="P5_SP00533" HPOS="2830" VPOS="2932" WIDTH="23"/>
						<String ID="P5_ST00615" HPOS="2853" VPOS="2866" WIDTH="89" HEIGHT="64" CONTENT="gab" WC="0.97" CC="007"/>
						<SP ID="P5_SP00534" HPOS="2942" VPOS="2932" WIDTH="25"/>
						<String ID="P5_ST00616" HPOS="2967" VPOS="2867" WIDTH="61" HEIGHT="47" CONTENT="sie" WC="0.99" CC="200"/>
						<SP ID="P5_SP00535" HPOS="3028" VPOS="2932" WIDTH="27"/>
						<String ID="P5_ST00617" HPOS="3055" VPOS="2867" WIDTH="44" HEIGHT="47" CONTENT="in" WC="1.00" CC="00"/>
						<SP ID="P5_SP00536" HPOS="3099" VPOS="2932" WIDTH="22"/>
						<String ID="P5_ST00618" HPOS="3121" VPOS="2867" WIDTH="122" HEIGHT="47" CONTENT="einer" WC="0.99" CC="00600"/>
					</TextLine>
					<TextLine ID="P5_TL00083" HPOS="1760" VPOS="2942" WIDTH="1176" HEIGHT="64">
						<String ID="P5_ST00619" HPOS="1760" VPOS="2942" WIDTH="282" HEIGHT="48" CONTENT="öffentlichen" WC="0.99" CC="068006500526"/>
						<SP ID="P5_SP00537" HPOS="2042" VPOS="2990" WIDTH="24"/>
						<String ID="P5_ST00620" HPOS="2066" VPOS="2943" WIDTH="183" HEIGHT="63" CONTENT="Sitzung" WC="0.99" CC="0062350"/>
						<SP ID="P5_SP00538" HPOS="2249" VPOS="3006" WIDTH="27"/>
						<String ID="P5_ST00621" HPOS="2276" VPOS="2951" WIDTH="131" HEIGHT="39" CONTENT="unter" WC="0.99" CC="04002"/>
						<SP ID="P5_SP00539" HPOS="2407" VPOS="3006" WIDTH="20"/>
						<String ID="P5_ST00622" HPOS="2427" VPOS="2942" WIDTH="229" HEIGHT="48" CONTENT="Anderem" WC="1.00" CC="4000300"/>
						<SP ID="P5_SP00540" HPOS="2656" VPOS="3006" WIDTH="29"/>
						<String ID="P5_ST00623" HPOS="2685" VPOS="2943" WIDTH="251" HEIGHT="47" CONTENT="Mozart's" WC="0.81" CC="05004004"/>
					</TextLine>
					<TextLine ID="P5_TL00084" HPOS="1759" VPOS="3017" WIDTH="1481" HEIGHT="67">
						<String ID="P5_ST00624" HPOS="1759" VPOS="3034" WIDTH="173" HEIGHT="50" CONTENT="corpus," WC="0.98" CC="0607850" STYLEREFS="TXT_2"/>
						<SP ID="P5_SP00541" HPOS="1932" VPOS="3084" WIDTH="53"/>
						<String ID="P5_ST00625" HPOS="1985" VPOS="3019" WIDTH="183" HEIGHT="47" CONTENT="Lotti's" WC="0.92" CC="0000500"/>
						<SP ID="P5_SP00542" HPOS="2168" VPOS="3084" WIDTH="56"/>
						<String ID="P5_ST00626" HPOS="2224" VPOS="3017" WIDTH="254" HEIGHT="66" CONTENT="Orucifixus" WC="0.49" CC="7956300656" STYLEREFS="TXT_2"/>
						<SP ID="P5_SP00543" HPOS="2478" VPOS="3084" WIDTH="52"/>
						<String ID="P5_ST00627" HPOS="2530" VPOS="3019" WIDTH="91" HEIGHT="47" CONTENT="und" WC="0.98" CC="210"/>
						<SP ID="P5_SP00544" HPOS="2621" VPOS="3084" WIDTH="53"/>
						<String ID="P5_ST00628" HPOS="2674" VPOS="3018" WIDTH="429" HEIGHT="48" CONTENT="Mendelssohn's" WC="0.92" CC="0010002006000"/>
						<SP ID="P5_SP00545" HPOS="3103" VPOS="3084" WIDTH="53"/>
						<String ID="P5_ST00629" HPOS="3156" VPOS="3018" WIDTH="84" HEIGHT="48" CONTENT="42." WC="0.52" CC="094"/>
					</TextLine>
					<TextLine ID="P5_TL00085" HPOS="1759" VPOS="3094" WIDTH="1485" HEIGHT="65">
						<String ID="P5_ST00630" HPOS="1759" VPOS="3095" WIDTH="307" HEIGHT="47" CONTENT="Psalm.—lm" WC="0.99" CC="400303835"/>
						<SP ID="P5_SP00546" HPOS="2066" VPOS="3142" WIDTH="26"/>
						<String ID="P5_ST00631" HPOS="2092" VPOS="3095" WIDTH="194" HEIGHT="47" CONTENT="Theater" WC="0.99" CC="0304003"/>
						<SP ID="P5_SP00547" HPOS="2286" VPOS="3142" WIDTH="28"/>
						<String ID="P5_ST00632" HPOS="2314" VPOS="3095" WIDTH="187" HEIGHT="49" CONTENT="wurden" WC="0.99" CC="053002"/>
						<SP ID="P5_SP00548" HPOS="2501" VPOS="3144" WIDTH="28"/>
						<String ID="P5_ST00633" HPOS="2529" VPOS="3111" WIDTH="71" HEIGHT="31" CONTENT="am" WC="0.50" CC="90"/>
						<SP ID="P5_SP00549" HPOS="2600" VPOS="3144" WIDTH="29"/>
						<String ID="P5_ST00634" HPOS="2629" VPOS="3095" WIDTH="220" HEIGHT="64" CONTENT="Busstage" WC="0.99" CC="50535000"/>
						<SP ID="P5_SP00550" HPOS="2849" VPOS="3159" WIDTH="26"/>
						<String ID="P5_ST00635" HPOS="2875" VPOS="3094" WIDTH="234" HEIGHT="48" CONTENT="Havdn's" WC="0.76" CC="2060700"/>
						<SP ID="P5_SP00551" HPOS="3109" VPOS="3159" WIDTH="26"/>
						<String ID="P5_ST00636" HPOS="3135" VPOS="3094" WIDTH="82" HEIGHT="48" CONTENT="Jah" SUBS_TYPE="HypPart1" SUBS_CONTENT="Jahreszeiten" WC="0.99" CC="023"/>
						<HYP HPOS="3217" VPOS="3094" WIDTH="27" CONTENT="-"/>
					</TextLine>
					<TextLine ID="P5_TL00086" HPOS="1759" VPOS="3170" WIDTH="1445" HEIGHT="64">
						<String ID="P5_ST00637" HPOS="1759" VPOS="3172" WIDTH="211" HEIGHT="48" CONTENT="reszeiten" SUBS_TYPE="HypPart2" SUBS_CONTENT="Jahreszeiten" WC="0.99" CC="400400407"/>
						<SP ID="P5_SP00552" HPOS="1970" VPOS="3220" WIDTH="27"/>
						<String ID="P5_ST00638" HPOS="1997" VPOS="3188" WIDTH="100" HEIGHT="31" CONTENT="zum" WC="0.97" CC="024"/>
						<SP ID="P5_SP00553" HPOS="2097" VPOS="3220" WIDTH="28"/>
						<String ID="P5_ST00639" HPOS="2125" VPOS="3170" WIDTH="178" HEIGHT="49" CONTENT="Benefiz" WC="0.97" CC="6760575"/>
						<SP ID="P5_SP00554" HPOS="2303" VPOS="3220" WIDTH="29"/>
						<String ID="P5_ST00640" HPOS="2332" VPOS="3170" WIDTH="76" HEIGHT="49" CONTENT="des" WC="1.00" CC="000"/>
						<SP ID="P5_SP00555" HPOS="2408" VPOS="3220" WIDTH="28"/>
						<String ID="P5_ST00641" HPOS="2436" VPOS="3172" WIDTH="151" HEIGHT="47" CONTENT="Herrn" WC="0.97" CC="60507"/>
						<SP ID="P5_SP00556" HPOS="2587" VPOS="3220" WIDTH="27"/>
						<String ID="P5_ST00642" HPOS="2614" VPOS="3170" WIDTH="287" HEIGHT="49" CONTENT="Seidelmann" WC="1.00" CC="3000300002"/>
						<SP ID="P5_SP00557" HPOS="2901" VPOS="3220" WIDTH="29"/>
						<String ID="P5_ST00643" HPOS="2930" VPOS="3170" WIDTH="274" HEIGHT="64" CONTENT="aufgeführt." WC="1.00" CC="13000200204"/>
					</TextLine>
					<TextLine ID="P5_TL00087" HPOS="1871" VPOS="3262" WIDTH="1373" HEIGHT="66">
						<String ID="P5_ST00644" HPOS="1871" VPOS="3264" WIDTH="86" HEIGHT="47" CONTENT="Die" WC="0.96" CC="703"/>
						<SP ID="P5_SP00558" HPOS="1957" VPOS="3311" WIDTH="28"/>
						<String ID="P5_ST00645" HPOS="1985" VPOS="3266" WIDTH="88" HEIGHT="47" CONTENT="alte" WC="0.98" CC="0540"/>
						<SP ID="P5_SP00559" HPOS="2073" VPOS="3313" WIDTH="27"/>
						<String ID="P5_ST00646" HPOS="2100" VPOS="3263" WIDTH="472" HEIGHT="65" CONTENT="Sing-Akademie" WC="0.93" CC="0010050000100"/>
						<SP ID="P5_SP00560" HPOS="2572" VPOS="3328" WIDTH="27"/>
						<String ID="P5_ST00647" HPOS="2599" VPOS="3263" WIDTH="54" HEIGHT="48" CONTENT="ist" WC="1.00" CC="000"/>
						<SP ID="P5_SP00561" HPOS="2653" VPOS="3328" WIDTH="27"/>
						<String ID="P5_ST00648" HPOS="2680" VPOS="3263" WIDTH="65" HEIGHT="48" CONTENT="bis" WC="0.97" CC="700"/>
						<SP ID="P5_SP00562" HPOS="2745" VPOS="3328" WIDTH="26"/>
						<String ID="P5_ST00649" HPOS="2771" VPOS="3280" WIDTH="55" HEIGHT="30" CONTENT="zu" WC="0.61" CC="61"/>
						<SP ID="P5_SP00563" HPOS="2826" VPOS="3328" WIDTH="27"/>
						<String ID="P5_ST00650" HPOS="2853" VPOS="3262" WIDTH="81" HEIGHT="48" CONTENT="der" WC="0.99" CC="003"/>
						<SP ID="P5_SP00564" HPOS="2934" VPOS="3328" WIDTH="27"/>
						<String ID="P5_ST00651" HPOS="2961" VPOS="3278" WIDTH="90" HEIGHT="32" CONTENT="nun" WC="0.95" CC="516"/>
						<SP ID="P5_SP00565" HPOS="3051" VPOS="3328" WIDTH="29"/>
						<String ID="P5_ST00652" HPOS="3080" VPOS="3262" WIDTH="141" HEIGHT="63" CONTENT="erfolg" SUBS_TYPE="HypPart1" SUBS_CONTENT="erfolgten" WC="0.98" CC="036510"/>
						<HYP HPOS="3221" VPOS="3262" WIDTH="23" CONTENT="-"/>
					</TextLine>
					<TextLine ID="P5_TL00088" HPOS="1759" VPOS="3338" WIDTH="1484" HEIGHT="51">
						<String ID="P5_ST00653" HPOS="1759" VPOS="3347" WIDTH="75" HEIGHT="42" CONTENT="ten" SUBS_TYPE="HypPart2" SUBS_CONTENT="erfolgten" WC="0.98" CC="014"/>
						<SP ID="P5_SP00566" HPOS="1834" VPOS="3389" WIDTH="27"/>
						<String ID="P5_ST00654" HPOS="1861" VPOS="3340" WIDTH="203" HEIGHT="47" CONTENT="Ankunft" WC="0.99" CC="4402801"/>
						<SP ID="P5_SP00567" HPOS="2064" VPOS="3389" WIDTH="27"/>
						<String ID="P5_ST00655" HPOS="2091" VPOS="3340" WIDTH="118" HEIGHT="47" CONTENT="ihres" WC="0.99" CC="05005"/>
						<SP ID="P5_SP00568" HPOS="2209" VPOS="3389" WIDTH="26"/>
						<String ID="P5_ST00656" HPOS="2235" VPOS="3356" WIDTH="89" HEIGHT="31" CONTENT="neu" WC="0.99" CC="200"/>
						<SP ID="P5_SP00569" HPOS="2324" VPOS="3389" WIDTH="28"/>
						<String ID="P5_ST00657" HPOS="2352" VPOS="3339" WIDTH="245" HEIGHT="48" CONTENT="erwählten" WC="1.00" CC="040000000"/>
						<SP ID="P5_SP00570" HPOS="2597" VPOS="3389" WIDTH="22"/>
						<String ID="P5_ST00658" HPOS="2619" VPOS="3339" WIDTH="227" HEIGHT="48" CONTENT="Directors" WC="0.82" CC="025000430"/>
						<SP ID="P5_SP00571" HPOS="2846" VPOS="3389" WIDTH="21"/>
						<String ID="P5_ST00659" HPOS="2867" VPOS="3339" WIDTH="149" HEIGHT="46" CONTENT="Herrn" WC="0.98" CC="00556"/>
						<SP ID="P5_SP00572" HPOS="3016" VPOS="3389" WIDTH="32"/>
						<String ID="P5_ST00660" HPOS="3048" VPOS="3338" WIDTH="46" HEIGHT="47" CONTENT="C." WC="0.73" CC="50"/>
						<SP ID="P5_SP00573" HPOS="3094" VPOS="3389" WIDTH="29"/>
						<String ID="P5_ST00661" HPOS="3123" VPOS="3338" WIDTH="90" HEIGHT="47" CONTENT="Rei" SUBS_TYPE="HypPart1" SUBS_CONTENT="Reinecke" WC="0.97" CC="306"/>
						<HYP HPOS="3213" VPOS="3338" WIDTH="30" CONTENT="-"/>
					</TextLine>
					<TextLine ID="P5_TL00089" HPOS="1760" VPOS="3412" WIDTH="1484" HEIGHT="67">
						<String ID="P5_ST00662" HPOS="1760" VPOS="3415" WIDTH="167" HEIGHT="49" CONTENT="necke" SUBS_TYPE="HypPart2" SUBS_CONTENT="Reinecke" WC="1.00" CC="10000"/>
						<SP ID="P5_SP00574" HPOS="1927" VPOS="3464" WIDTH="35"/>
						<String ID="P5_ST00663" HPOS="1962" VPOS="3432" WIDTH="84" HEIGHT="32" CONTENT="von" WC="0.99" CC="012"/>
						<SP ID="P5_SP00575" HPOS="2046" VPOS="3464" WIDTH="38"/>
						<String ID="P5_ST00664" HPOS="2084" VPOS="3418" WIDTH="151" HEIGHT="44" CONTENT="Herrn" WC="0.97" CC="60454"/>
						<SP ID="P5_SP00576" HPOS="2235" VPOS="3464" WIDTH="36"/>
						<String ID="P5_ST00665" HPOS="2271" VPOS="3417" WIDTH="83" HEIGHT="45" CONTENT="Dr." WC="0.95" CC="623"/>
						<SP ID="P5_SP00577" HPOS="2354" VPOS="3464" WIDTH="27"/>
						<String ID="P5_ST00666" HPOS="2381" VPOS="3417" WIDTH="168" HEIGHT="47" CONTENT="Baum" WC="0.96" CC="7524"/>
						<SP ID="P5_SP00578" HPOS="2549" VPOS="3464" WIDTH="13"/>
						<String ID="P5_ST00667" HPOS="2562" VPOS="3422" WIDTH="120" HEIGHT="57" CONTENT="gart" WC="0.98" CC="0540"/>
						<SP ID="P5_SP00579" HPOS="2682" VPOS="3479" WIDTH="39"/>
						<String ID="P5_ST00668" HPOS="2721" VPOS="3414" WIDTH="172" HEIGHT="64" CONTENT="dirigirt" WC="0.82" CC="00400045"/>
						<SP ID="P5_SP00580" HPOS="2893" VPOS="3479" WIDTH="37"/>
						<String ID="P5_ST00669" HPOS="2930" VPOS="3412" WIDTH="198" HEIGHT="49" CONTENT="worden." WC="0.99" CC="4300064"/>
						<SP ID="P5_SP00581" HPOS="3128" VPOS="3479" WIDTH="43"/>
						<String ID="P5_ST00670" HPOS="3171" VPOS="3413" WIDTH="73" HEIGHT="48" CONTENT="Sie" WC="0.94" CC="646"/>
					</TextLine>
					<TextLine ID="P5_TL00090" HPOS="1762" VPOS="3489" WIDTH="1481" HEIGHT="65">
						<String ID="P5_ST00671" HPOS="1762" VPOS="3493" WIDTH="76" HEIGHT="48" CONTENT="hat" WC="1.00" CC="000"/>
						<SP ID="P5_SP00582" HPOS="1838" VPOS="3541" WIDTH="27"/>
						<String ID="P5_ST00672" HPOS="1865" VPOS="3492" WIDTH="261" HEIGHT="48" CONTENT="Händel's" WC="0.77" CC="60601300"/>
						<SP ID="P5_SP00583" HPOS="2126" VPOS="3541" WIDTH="26"/>
						<String ID="P5_ST00673" HPOS="2152" VPOS="3493" WIDTH="141" HEIGHT="47" CONTENT="Josua" WC="0.85" CC="30030"/>
						<SP ID="P5_SP00584" HPOS="2293" VPOS="3541" WIDTH="26"/>
						<String ID="P5_ST00674" HPOS="2319" VPOS="3490" WIDTH="92" HEIGHT="49" CONTENT="und" WC="0.96" CC="370"/>
						<SP ID="P5_SP00585" HPOS="2411" VPOS="3541" WIDTH="29"/>
						<String ID="P5_ST00675" HPOS="2440" VPOS="3507" WIDTH="70" HEIGHT="32" CONTENT="am" WC="1.00" CC="00"/>
						<SP ID="P5_SP00586" HPOS="2510" VPOS="3541" WIDTH="25"/>
						<String ID="P5_ST00676" HPOS="2535" VPOS="3490" WIDTH="280" HEIGHT="64" CONTENT="Charfreitag" WC="0.69" CC="65053000560"/>
						<SP ID="P5_SP00587" HPOS="2815" VPOS="3554" WIDTH="22"/>
						<String ID="P5_ST00677" HPOS="2837" VPOS="3489" WIDTH="191" HEIGHT="47" CONTENT="Choräle" WC="0.98" CC="6422901"/>
						<SP ID="P5_SP00588" HPOS="3028" VPOS="3554" WIDTH="21"/>
						<String ID="P5_ST00678" HPOS="3049" VPOS="3504" WIDTH="86" HEIGHT="32" CONTENT="von" WC="0.97" CC="015"/>
						<SP ID="P5_SP00589" HPOS="3135" VPOS="3554" WIDTH="21"/>
						<String ID="P5_ST00679" HPOS="3156" VPOS="3489" WIDTH="58" HEIGHT="47" CONTENT="Ec" SUBS_TYPE="HypPart1" SUBS_CONTENT="Eccard" WC="0.90" CC="00"/>
						<HYP HPOS="3214" VPOS="3489" WIDTH="29" CONTENT="-"/>
					</TextLine>
					<TextLine ID="P5_TL00091" HPOS="1760" VPOS="3564" WIDTH="1486" HEIGHT="52">
						<String ID="P5_ST00680" HPOS="1760" VPOS="3568" WIDTH="107" HEIGHT="48" CONTENT="card" SUBS_TYPE="HypPart2" SUBS_CONTENT="Eccard" WC="0.91" CC="0030"/>
						<SP ID="P5_SP00590" HPOS="1867" VPOS="3616" WIDTH="22"/>
						<String ID="P5_ST00681" HPOS="1889" VPOS="3568" WIDTH="91" HEIGHT="48" CONTENT="und" WC="0.98" CC="600"/>
						<SP ID="P5_SP00591" HPOS="1980" VPOS="3616" WIDTH="22"/>
						<String ID="P5_ST00682" HPOS="2002" VPOS="3568" WIDTH="122" HEIGHT="48" CONTENT="Bach" WC="0.97" CC="5403"/>
						<SP ID="P5_SP00592" HPOS="2124" VPOS="3616" WIDTH="24"/>
						<String ID="P5_ST00683" HPOS="2148" VPOS="3567" WIDTH="90" HEIGHT="48" CONTENT="und" WC="0.98" CC="040"/>
						<SP ID="P5_SP00593" HPOS="2238" VPOS="3616" WIDTH="22"/>
						<String ID="P5_ST00684" HPOS="2260" VPOS="3567" WIDTH="85" HEIGHT="48" CONTENT="den" WC="1.00" CC="000"/>
						<SP ID="P5_SP00594" HPOS="2345" VPOS="3616" WIDTH="20"/>
						<String ID="P5_ST00685" HPOS="2365" VPOS="3568" WIDTH="184" HEIGHT="47" CONTENT="zweiten" WC="0.99" CC="2000503"/>
						<SP ID="P5_SP00595" HPOS="2549" VPOS="3616" WIDTH="24"/>
						<String ID="P5_ST00686" HPOS="2573" VPOS="3565" WIDTH="125" HEIGHT="49" CONTENT="Theil" WC="0.86" CC="04002"/>
						<SP ID="P5_SP00596" HPOS="2698" VPOS="3616" WIDTH="26"/>
						<String ID="P5_ST00687" HPOS="2724" VPOS="3582" WIDTH="84" HEIGHT="32" CONTENT="von" WC="0.95" CC="625"/>
						<SP ID="P5_SP00597" HPOS="2808" VPOS="3616" WIDTH="22"/>
						<String ID="P5_ST00688" HPOS="2830" VPOS="3564" WIDTH="213" HEIGHT="48" CONTENT="Händel's" WC="0.76" CC="29500001"/>
						<SP ID="P5_SP00598" HPOS="3043" VPOS="3616" WIDTH="20"/>
						<String ID="P5_ST00689" HPOS="3063" VPOS="3565" WIDTH="183" HEIGHT="47" CONTENT="Messias" WC="0.99" CC="0010036"/>
					</TextLine>
					<TextLine ID="P5_TL00092" HPOS="1760" VPOS="3640" WIDTH="1485" HEIGHT="69">
						<String ID="P5_ST00690" HPOS="1760" VPOS="3645" WIDTH="277" HEIGHT="64" CONTENT="aufgeführt." WC="0.99" CC="05000706204"/>
						<SP ID="P5_SP00599" HPOS="2037" VPOS="3709" WIDTH="29"/>
						<String ID="P5_ST00691" HPOS="2066" VPOS="3643" WIDTH="272" HEIGHT="49" CONTENT="Ausserdem" WC="0.99" CC="543103002"/>
						<SP ID="P5_SP00600" HPOS="2338" VPOS="3709" WIDTH="29"/>
						<String ID="P5_ST00692" HPOS="2367" VPOS="3643" WIDTH="154" HEIGHT="48" CONTENT="wurde" WC="1.00" CC="02000"/>
						<SP ID="P5_SP00601" HPOS="2521" VPOS="3709" WIDTH="29"/>
						<String ID="P5_ST00693" HPOS="2550" VPOS="3659" WIDTH="70" HEIGHT="32" CONTENT="am" WC="0.78" CC="04"/>
						<SP ID="P5_SP00602" HPOS="2620" VPOS="3709" WIDTH="26"/>
						<String ID="P5_ST00694" HPOS="2646" VPOS="3641" WIDTH="308" HEIGHT="64" CONTENT="Charfreitage" WC="0.74" CC="430364004400"/>
						<SP ID="P5_SP00603" HPOS="2954" VPOS="3709" WIDTH="27"/>
						<String ID="P5_ST00695" HPOS="2981" VPOS="3641" WIDTH="46" HEIGHT="47" CONTENT="in" WC="0.54" CC="09"/>
						<SP ID="P5_SP00604" HPOS="3027" VPOS="3709" WIDTH="28"/>
						<String ID="P5_ST00696" HPOS="3055" VPOS="3640" WIDTH="78" HEIGHT="48" CONTENT="der" WC="0.99" CC="003"/>
						<SP ID="P5_SP00605" HPOS="3133" VPOS="3709" WIDTH="21"/>
						<String ID="P5_ST00697" HPOS="3154" VPOS="3641" WIDTH="69" HEIGHT="47" CONTENT="Eli" SUBS_TYPE="HypPart1" SUBS_CONTENT="Elisabeth-Kirche" WC="1.00" CC="001"/>
						<HYP HPOS="3223" VPOS="3641" WIDTH="22" CONTENT="-"/>
					</TextLine>
					<TextLine ID="P5_TL00093" HPOS="1760" VPOS="3715" WIDTH="1484" HEIGHT="60">
						<String ID="P5_ST00698" HPOS="1760" VPOS="3720" WIDTH="351" HEIGHT="50" CONTENT="sabeth-Kirche" SUBS_TYPE="HypPart2" SUBS_CONTENT="Elisabeth-Kirche" WC="1.00" CC="1500000345000"/>
						<SP ID="P5_SP00606" HPOS="2111" VPOS="3770" WIDTH="39"/>
						<String ID="P5_ST00699" HPOS="2150" VPOS="3721" WIDTH="121" HEIGHT="54" CONTENT="„Der" WC="0.98" CC="3204"/>
						<SP ID="P5_SP00607" HPOS="2271" VPOS="3775" WIDTH="22"/>
						<String ID="P5_ST00700" HPOS="2293" VPOS="3718" WIDTH="97" HEIGHT="49" CONTENT="Tod" WC="0.98" CC="040"/>
						<SP ID="P5_SP00608" HPOS="2390" VPOS="3775" WIDTH="19"/>
						<String ID="P5_ST00701" HPOS="2409" VPOS="3720" WIDTH="132" HEIGHT="46" CONTENT='Jesu"' WC="0.99" CC="00054"/>
						<SP ID="P5_SP00609" HPOS="2541" VPOS="3775" WIDTH="40"/>
						<String ID="P5_ST00702" HPOS="2581" VPOS="3734" WIDTH="84" HEIGHT="31" CONTENT="von" WC="0.96" CC="036"/>
						<SP ID="P5_SP00610" HPOS="2665" VPOS="3775" WIDTH="29"/>
						<String ID="P5_ST00703" HPOS="2694" VPOS="3718" WIDTH="189" HEIGHT="47" CONTENT="Graun" WC="0.98" CC="44330"/>
						<SP ID="P5_SP00611" HPOS="2883" VPOS="3775" WIDTH="28"/>
						<String ID="P5_ST00704" HPOS="2911" VPOS="3715" WIDTH="93" HEIGHT="50" CONTENT="und" WC="0.96" CC="460"/>
						<SP ID="P5_SP00612" HPOS="3004" VPOS="3775" WIDTH="28"/>
						<String ID="P5_ST00705" HPOS="3032" VPOS="3733" WIDTH="72" HEIGHT="32" CONTENT="am" WC="0.71" CC="13"/>
						<SP ID="P5_SP00613" HPOS="3104" VPOS="3775" WIDTH="28"/>
						<String ID="P5_ST00706" HPOS="3132" VPOS="3716" WIDTH="84" HEIGHT="47" CONTENT="Vor" SUBS_TYPE="HypPart1" SUBS_CONTENT="Vorabende" WC="0.98" CC="042"/>
						<HYP HPOS="3216" VPOS="3716" WIDTH="28" CONTENT="-"/>
					</TextLine>
					<TextLine ID="P5_TL00094" HPOS="1762" VPOS="3791" WIDTH="1481" HEIGHT="69">
						<String ID="P5_ST00707" HPOS="1762" VPOS="3795" WIDTH="174" HEIGHT="51" CONTENT="abende" SUBS_TYPE="HypPart2" SUBS_CONTENT="Vorabende" WC="1.00" CC="000100"/>
						<SP ID="P5_SP00614" HPOS="1936" VPOS="3846" WIDTH="28"/>
						<String ID="P5_ST00708" HPOS="1964" VPOS="3795" WIDTH="238" HEIGHT="65" CONTENT="Haydn's" WC="0.79" CC="3000603"/>
						<SP ID="P5_SP00615" HPOS="2202" VPOS="3860" WIDTH="40"/>
						<String ID="P5_ST00709" HPOS="2242" VPOS="3794" WIDTH="311" HEIGHT="65" CONTENT='„Schöpfung"' WC="0.99" CC="16260070304"/>
						<SP ID="P5_SP00616" HPOS="2553" VPOS="3860" WIDTH="42"/>
						<String ID="P5_ST00710" HPOS="2595" VPOS="3800" WIDTH="131" HEIGHT="41" CONTENT="unter" WC="0.97" CC="66006"/>
						<SP ID="P5_SP00617" HPOS="2726" VPOS="3860" WIDTH="26"/>
						<String ID="P5_ST00711" HPOS="2752" VPOS="3794" WIDTH="195" HEIGHT="65" CONTENT="Leitung" WC="1.00" CC="0000220"/>
						<SP ID="P5_SP00618" HPOS="2947" VPOS="3860" WIDTH="28"/>
						<String ID="P5_ST00712" HPOS="2975" VPOS="3791" WIDTH="76" HEIGHT="49" CONTENT="des" WC="1.00" CC="000"/>
						<SP ID="P5_SP00619" HPOS="3051" VPOS="3860" WIDTH="26"/>
						<String ID="P5_ST00713" HPOS="3077" VPOS="3791" WIDTH="166" HEIGHT="49" CONTENT="Musik-" WC="0.85" CC="004004"/>
					</TextLine>
					<TextLine ID="P5_TL00095" HPOS="1760" VPOS="3870" WIDTH="1048" HEIGHT="65">
						<String ID="P5_ST00714" HPOS="1760" VPOS="3874" WIDTH="230" HEIGHT="48" CONTENT="Directors" WC="0.80" CC="501005500"/>
						<SP ID="P5_SP00620" HPOS="1990" VPOS="3922" WIDTH="27"/>
						<String ID="P5_ST00715" HPOS="2017" VPOS="3874" WIDTH="152" HEIGHT="46" CONTENT="Herrn" WC="0.98" CC="50340"/>
						<SP ID="P5_SP00621" HPOS="2169" VPOS="3922" WIDTH="28"/>
						<String ID="P5_ST00716" HPOS="2197" VPOS="3873" WIDTH="55" HEIGHT="47" CONTENT="A." WC="0.77" CC="04"/>
						<SP ID="P5_SP00622" HPOS="2252" VPOS="3922" WIDTH="29"/>
						<String ID="P5_ST00717" HPOS="2281" VPOS="3870" WIDTH="278" HEIGHT="48" CONTENT="Schnabel" WC="0.99" CC="10040505"/>
						<SP ID="P5_SP00623" HPOS="2559" VPOS="3922" WIDTH="29"/>
						<String ID="P5_ST00718" HPOS="2588" VPOS="3870" WIDTH="220" HEIGHT="65" CONTENT="gegeben." WC="0.98" CC="91903044"/>
					</TextLine>
					<TextLine ID="P5_TL00096" HPOS="1862" VPOS="3941" WIDTH="1378" HEIGHT="55">
						<String ID="P5_ST00719" HPOS="1862" VPOS="3949" WIDTH="191" HEIGHT="47" CONTENT="Endlich" WC="0.99" CC="1600200"/>
						<SP ID="P5_SP00624" HPOS="2053" VPOS="3996" WIDTH="27"/>
						<String ID="P5_ST00720" HPOS="2080" VPOS="3948" WIDTH="97" HEIGHT="47" CONTENT="sind" WC="1.00" CC="0010"/>
						<SP ID="P5_SP00625" HPOS="2177" VPOS="3996" WIDTH="27"/>
						<String ID="P5_ST00721" HPOS="2204" VPOS="3946" WIDTH="115" HEIGHT="50" CONTENT="noch" WC="0.97" CC="6206"/>
						<SP ID="P5_SP00626" HPOS="2319" VPOS="3996" WIDTH="28"/>
						<String ID="P5_ST00722" HPOS="2347" VPOS="3948" WIDTH="153" HEIGHT="47" CONTENT="Herrn" WC="0.98" CC="50034"/>
						<SP ID="P5_SP00627" HPOS="2500" VPOS="3996" WIDTH="28"/>
						<String ID="P5_ST00723" HPOS="2528" VPOS="3946" WIDTH="341" HEIGHT="49" CONTENT="Damrosch's" WC="0.83" CC="4001400105"/>
						<SP ID="P5_SP00628" HPOS="2869" VPOS="3996" WIDTH="28"/>
						<String ID="P5_ST00724" HPOS="2897" VPOS="3944" WIDTH="187" HEIGHT="48" CONTENT="sieben" WC="0.99" CC="030006"/>
						<SP ID="P5_SP00629" HPOS="3084" VPOS="3996" WIDTH="38"/>
						<String ID="P5_ST00725" HPOS="3122" VPOS="3941" WIDTH="89" HEIGHT="47" CONTENT="Soi" SUBS_TYPE="HypPart1" SUBS_CONTENT="Soireen" WC="0.96" CC="526"/>
						<HYP HPOS="3211" VPOS="3941" WIDTH="29" CONTENT="-"/>
					</TextLine>
					<TextLine ID="P5_TL00097" HPOS="1763" VPOS="4017" WIDTH="1478" HEIGHT="63">
						<String ID="P5_ST00726" HPOS="1763" VPOS="4042" WIDTH="127" HEIGHT="31" CONTENT="reen" SUBS_TYPE="HypPart2" SUBS_CONTENT="Soireen" WC="1.00" CC="2000"/>
						<SP ID="P5_SP00630" HPOS="1890" VPOS="4073" WIDTH="27"/>
						<String ID="P5_ST00727" HPOS="1917" VPOS="4025" WIDTH="76" HEIGHT="48" CONTENT="für" WC="0.96" CC="305"/>
						<SP ID="P5_SP00631" HPOS="1993" VPOS="4073" WIDTH="20"/>
						<String ID="P5_ST00728" HPOS="2013" VPOS="4022" WIDTH="367" HEIGHT="50" CONTENT="Kammermusik" WC="0.99" CC="06770522600"/>
						<SP ID="P5_SP00632" HPOS="2380" VPOS="4073" WIDTH="27"/>
						<String ID="P5_ST00729" HPOS="2407" VPOS="4039" WIDTH="53" HEIGHT="32" CONTENT="zu" WC="0.55" CC="53"/>
						<SP ID="P5_SP00633" HPOS="2460" VPOS="4073" WIDTH="29"/>
						<String ID="P5_ST00730" HPOS="2489" VPOS="4022" WIDTH="259" HEIGHT="58" CONTENT="erwähnen," WC="0.99" CC="050056003"/>
						<SP ID="P5_SP00634" HPOS="2748" VPOS="4080" WIDTH="28"/>
						<String ID="P5_ST00731" HPOS="2776" VPOS="4020" WIDTH="89" HEIGHT="49" CONTENT="und" WC="0.98" CC="040"/>
						<SP ID="P5_SP00635" HPOS="2865" VPOS="4080" WIDTH="23"/>
						<String ID="P5_ST00732" HPOS="2888" VPOS="4019" WIDTH="76" HEIGHT="48" CONTENT="das" WC="0.99" CC="020"/>
						<SP ID="P5_SP00636" HPOS="2964" VPOS="4080" WIDTH="30"/>
						<String ID="P5_ST00733" HPOS="2994" VPOS="4017" WIDTH="247" HEIGHT="54" CONTENT="Theater," WC="0.99" CC="05002044"/>
					</TextLine>
				</TextBlock>
			</PrintSpace>
		</Page>
	</Layout>
</alto>
