<?xml version="1.0" encoding="UTF-8"?>
<alto xmlns:xsi="http://www.w3.org/2001/XMLSchema-instance" xmlns="http://www.loc.gov/standards/alto/ns-v2#" xsi:schemaLocation="http://www.loc.gov/standards/alto/ns-v2# http://www.loc.gov/standards/alto/v2/alto-2-0.xsd" xmlns:xlink="http://www.w3.org/1999/xlink">
	<Description>
		<MeasurementUnit>mm10</MeasurementUnit>
		<sourceImageInformation>
			<fileName>./bmtnabr_1918-10_01_0030.jp2</fileName>
		</sourceImageInformation>
		<OCRProcessing ID="OCRPROCESSING_1">
			<preProcessingStep>
				<processingSoftware>
					<softwareCreator>CCS Content Conversion Specialists GmbH, Germany</softwareCreator>
					<softwareName>CCS docWorks</softwareName>
					<softwareVersion>6.8-1.27</softwareVersion>
				</processingSoftware>
			</preProcessingStep>
			<ocrProcessingStep>
				<processingSoftware>
					<softwareCreator>ABBYY (BIT Software), Russia</softwareCreator>
					<softwareName>FineReader</softwareName>
					<softwareVersion>11.0</softwareVersion>
				</processingSoftware>
			</ocrProcessingStep>
			<postProcessingStep>
				<processingSoftware>
					<softwareCreator>CCS Content Conversion Specialists GmbH, Germany</softwareCreator>
					<softwareName>CCS docWorks</softwareName>
					<softwareVersion>6.8-1.27</softwareVersion>
					<applicationDescription>docWorks: Text modified manually, or automatically replaced</applicationDescription>
				</processingSoftware>
			</postProcessingStep>
		</OCRProcessing>
	</Description>
	<Styles>
		<TextStyle ID="TXT_0" FONTSIZE="18" FONTFAMILY="Times New Roman" FONTSTYLE="bold italics"/>
		<TextStyle ID="TXT_1" FONTSIZE="11" FONTFAMILY="Times New Roman"/>
		<TextStyle ID="TXT_2" FONTSIZE="27" FONTFAMILY="Times New Roman"/>
		<TextStyle ID="TXT_3" FONTSIZE="20" FONTFAMILY="Times New Roman"/>
		<TextStyle ID="TXT_4" FONTSIZE="15" FONTFAMILY="Times New Roman" FONTSTYLE="bold"/>
		<ParagraphStyle ID="PAR_RIGHT" ALIGN="Right"/>
		<ParagraphStyle ID="PAR_LEFT" ALIGN="Left"/>
	</Styles>
	<Layout>
		<Page ID="P30" PHYSICAL_IMG_NR="30" HEIGHT="4572" WIDTH="3188" PRINTED_IMG_NR="26" PC="0.945">
			<TopMargin ID="P30_TM00001" HPOS="0" VPOS="0" WIDTH="3188" HEIGHT="491">
				<TextBlock ID="P30_TB00001" HPOS="1222" VPOS="415" WIDTH="1035" HEIGHT="62" STYLEREFS="TXT_0 PAR_RIGHT">
					<TextLine ID="P30_TL00001" HPOS="1222" VPOS="415" WIDTH="1035" HEIGHT="62">
						<String ID="P30_ST00001" HPOS="1222" VPOS="423" WIDTH="278" HEIGHT="54" CONTENT="Ferruccio" WC="0.65" CC="263551500"/>
						<SP ID="P30_SP00001" HPOS="1500" VPOS="477" WIDTH="29"/>
						<String ID="P30_ST00002" HPOS="1529" VPOS="420" WIDTH="208" HEIGHT="53" CONTENT="Busoni" WC="0.68" CC="260054"/>
						<SP ID="P30_SP00002" HPOS="1737" VPOS="477" WIDTH="50"/>
						<String ID="P30_ST00003" HPOS="1787" VPOS="438" WIDTH="21" HEIGHT="23" CONTENT="♦" WC="0.67" CC="3" STYLEREFS="TXT_1"/>
						<SP ID="P30_SP00003" HPOS="1808" VPOS="477" WIDTH="54"/>
						<String ID="P30_ST00004" HPOS="1862" VPOS="416" WIDTH="200" HEIGHT="52" CONTENT="Doktor" WC="0.98" CC="500507"/>
						<SP ID="P30_SP00004" HPOS="2062" VPOS="477" WIDTH="27"/>
						<String ID="P30_ST00005" HPOS="2089" VPOS="415" WIDTH="168" HEIGHT="51" CONTENT="Faust" WC="0.97" CC="06905"/>
					</TextLine>
				</TextBlock>
				<TextBlock ID="P30_TB00002" HPOS="625" VPOS="429" WIDTH="79" HEIGHT="59" STYLEREFS="TXT_2 PAR_LEFT">
					<TextLine ID="P30_TL00002" HPOS="625" VPOS="429" WIDTH="79" HEIGHT="59">
						<String ID="P30_ST00006" HPOS="625" VPOS="429" WIDTH="79" HEIGHT="59" CONTENT="26" WC="1.00" CC="00"/>
					</TextLine>
				</TextBlock>
			</TopMargin>
			<LeftMargin ID="P30_LM00001" HPOS="0" VPOS="491" WIDTH="625" HEIGHT="3463"/>
			<RightMargin ID="P30_RM00001" HPOS="2911" VPOS="491" WIDTH="277" HEIGHT="3463"/>
			<BottomMargin ID="P30_BM00001" HPOS="0" VPOS="3954" WIDTH="3188" HEIGHT="618"/>
			<PrintSpace ID="P30_PS00001" HPOS="625" VPOS="491" WIDTH="2286" HEIGHT="3463">
				<TextBlock ID="P30_TB00003" HPOS="625" VPOS="620" WIDTH="2286" HEIGHT="3334" STYLEREFS="TXT_3 PAR_LEFT">
					<TextLine ID="P30_TL00003" HPOS="626" VPOS="621" WIDTH="2109" HEIGHT="82">
						<String ID="P30_ST00007" HPOS="626" VPOS="646" WIDTH="127" HEIGHT="57" CONTENT="■dich" WC="0.96" CC="38807"/>
						<SP ID="P30_SP00005" HPOS="753" VPOS="703" WIDTH="42"/>
						<String ID="P30_ST00008" HPOS="795" VPOS="669" WIDTH="66" HEIGHT="33" CONTENT="zu" WC="0.92" CC="10"/>
						<SP ID="P30_SP00006" HPOS="861" VPOS="703" WIDTH="40"/>
						<String ID="P30_ST00009" HPOS="901" VPOS="642" WIDTH="178" HEIGHT="58" CONTENT="lehren" WC="0.98" CC="507460"/>
						<SP ID="P30_SP00007" HPOS="1079" VPOS="703" WIDTH="150"/>
						<String ID="P30_ST00010" HPOS="1229" VPOS="661" WIDTH="104" HEIGHT="35" CONTENT="war" WC="1.00" CC="000"/>
						<SP ID="P30_SP00008" HPOS="1333" VPOS="703" WIDTH="41"/>
						<String ID="P30_ST00011" HPOS="1374" VPOS="637" WIDTH="100" HEIGHT="57" CONTENT="mir" WC="0.95" CC="570"/>
						<SP ID="P30_SP00009" HPOS="1474" VPOS="703" WIDTH="41"/>
						<String ID="P30_ST00012" HPOS="1515" VPOS="635" WIDTH="254" HEIGHT="66" CONTENT="Sendung" WC="0.99" CC="0046005"/>
						<SP ID="P30_SP00010" HPOS="1769" VPOS="703" WIDTH="145"/>
						<String ID="P30_ST00013" HPOS="1914" VPOS="627" WIDTH="339" HEIGHT="61" CONTENT="Unerkannte" WC="1.00" CC="4002400000"/>
						<SP ID="P30_SP00011" HPOS="2253" VPOS="703" WIDTH="141"/>
						<String ID="P30_ST00014" HPOS="2394" VPOS="621" WIDTH="341" HEIGHT="59" CONTENT="Unerreichte" WC="1.00" CC="30000060700"/>
						<SP ID="P30_SP00012" HPOS="2735" VPOS="703" WIDTH="0"/>
					</TextLine>
					<TextLine ID="P30_TL00004" HPOS="631" VPOS="698" WIDTH="2106" HEIGHT="84">
						<String ID="P30_ST00015" HPOS="631" VPOS="721" WIDTH="303" HEIGHT="61" CONTENT="Unerfüllte" WC="1.00" CC="0004404300"/>
						<SP ID="P30_SP00013" HPOS="934" VPOS="782" WIDTH="155"/>
						<String ID="P30_ST00016" HPOS="1089" VPOS="719" WIDTH="115" HEIGHT="57" CONTENT="tritt" WC="0.99" CC="00600"/>
						<SP ID="P30_SP00014" HPOS="1204" VPOS="782" WIDTH="40"/>
						<String ID="P30_ST00017" HPOS="1244" VPOS="716" WIDTH="214" HEIGHT="57" CONTENT="hervor!" WC="0.99" CC="0031065"/>
						<SP ID="P30_SP00015" HPOS="1458" VPOS="782" WIDTH="157"/>
						<String ID="P30_ST00018" HPOS="1615" VPOS="711" WIDTH="123" HEIGHT="58" CONTENT="Was" WC="0.98" CC="400"/>
						<SP ID="P30_SP00016" HPOS="1738" VPOS="782" WIDTH="52"/>
						<String ID="P30_ST00019" HPOS="1790" VPOS="707" WIDTH="87" HEIGHT="60" CONTENT="ich" WC="0.99" CC="100"/>
						<SP ID="P30_SP00017" HPOS="1877" VPOS="782" WIDTH="42"/>
						<String ID="P30_ST00020" HPOS="1919" VPOS="706" WIDTH="185" HEIGHT="58" CONTENT="sehnte" WC="1.00" CC="000400"/>
						<SP ID="P30_SP00018" HPOS="2104" VPOS="782" WIDTH="158"/>
						<String ID="P30_ST00021" HPOS="2262" VPOS="726" WIDTH="101" HEIGHT="34" CONTENT="was" WC="0.99" CC="300"/>
						<SP ID="P30_SP00019" HPOS="2363" VPOS="782" WIDTH="41"/>
						<String ID="P30_ST00022" HPOS="2404" VPOS="701" WIDTH="86" HEIGHT="58" CONTENT="ich" WC="0.98" CC="500"/>
						<SP ID="P30_SP00020" HPOS="2490" VPOS="782" WIDTH="43"/>
						<String ID="P30_ST00023" HPOS="2533" VPOS="698" WIDTH="204" HEIGHT="59" CONTENT="wähnte" WC="1.00" CC="000100"/>
					</TextLine>
					<TextLine ID="P30_TL00005" HPOS="633" VPOS="790" WIDTH="1072" HEIGHT="68">
						<String ID="P30_ST00024" HPOS="633" VPOS="800" WIDTH="259" HEIGHT="58" CONTENT="höchsten" WC="0.99" CC="92000000"/>
						<SP ID="P30_SP00021" HPOS="892" VPOS="858" WIDTH="44"/>
						<String ID="P30_ST00025" HPOS="936" VPOS="795" WIDTH="288" HEIGHT="59" CONTENT="Wunsches" WC="0.99" CC="90500000"/>
						<SP ID="P30_SP00022" HPOS="1224" VPOS="858" WIDTH="152"/>
						<String ID="P30_ST00026" HPOS="1376" VPOS="790" WIDTH="329" HEIGHT="59" CONTENT="Rätselform." WC="0.99" CC="00000550063"/>
					</TextLine>
					<TextLine ID="P30_TL00006" HPOS="712" VPOS="854" WIDTH="2141" HEIGHT="77">
						<String ID="P30_ST00027" HPOS="712" VPOS="875" WIDTH="100" HEIGHT="56" CONTENT="(Ein" WC="0.97" CC="0066" STYLEREFS="TXT_4"/>
						<SP ID="P30_SP00023" HPOS="812" VPOS="931" WIDTH="49"/>
						<String ID="P30_ST00028" HPOS="861" VPOS="874" WIDTH="285" HEIGHT="45" CONTENT="vollkommen" WC="0.99" CC="0036500003" STYLEREFS="TXT_4"/>
						<SP ID="P30_SP00024" HPOS="1146" VPOS="931" WIDTH="50"/>
						<String ID="P30_ST00029" HPOS="1196" VPOS="868" WIDTH="196" HEIGHT="51" CONTENT="schönes," WC="0.99" CC="00740004" STYLEREFS="TXT_4"/>
						<SP ID="P30_SP00025" HPOS="1392" VPOS="931" WIDTH="49"/>
						<String ID="P30_ST00030" HPOS="1441" VPOS="868" WIDTH="150" HEIGHT="55" CONTENT="junges" WC="0.99" CC="700000" STYLEREFS="TXT_4"/>
						<SP ID="P30_SP00026" HPOS="1591" VPOS="931" WIDTH="33"/>
						<String ID="P30_ST00031" HPOS="1624" VPOS="862" WIDTH="140" HEIGHT="51" CONTENT="Weib," WC="0.98" CC="00663" STYLEREFS="TXT_4"/>
						<SP ID="P30_SP00027" HPOS="1764" VPOS="931" WIDTH="49"/>
						<String ID="P30_ST00032" HPOS="1813" VPOS="863" WIDTH="45" HEIGHT="45" CONTENT="in" WC="0.69" CC="60" STYLEREFS="TXT_4"/>
						<SP ID="P30_SP00028" HPOS="1858" VPOS="931" WIDTH="48"/>
						<String ID="P30_ST00033" HPOS="1906" VPOS="857" WIDTH="367" HEIGHT="56" CONTENT="durchsichtigem" WC="0.99" CC="91007070737400" STYLEREFS="TXT_4"/>
						<SP ID="P30_SP00029" HPOS="2273" VPOS="931" WIDTH="50"/>
						<String ID="P30_ST00034" HPOS="2323" VPOS="854" WIDTH="204" HEIGHT="51" CONTENT="Schleier," WC="0.99" CC="007007000" STYLEREFS="TXT_4"/>
						<SP ID="P30_SP00030" HPOS="2527" VPOS="931" WIDTH="46"/>
						<String ID="P30_ST00035" HPOS="2573" VPOS="871" WIDTH="61" HEIGHT="27" CONTENT="im" WC="0.69" CC="60" STYLEREFS="TXT_4"/>
						<SP ID="P30_SP00031" HPOS="2634" VPOS="931" WIDTH="39"/>
						<String ID="P30_ST00036" HPOS="2673" VPOS="854" WIDTH="180" HEIGHT="51" CONTENT="übrigen" WC="0.99" CC="0006040" STYLEREFS="TXT_4"/>
					</TextLine>
					<TextLine ID="P30_TL00007" HPOS="640" VPOS="932" WIDTH="2152" HEIGHT="74">
						<String ID="P30_ST00037" HPOS="640" VPOS="938" WIDTH="141" HEIGHT="50" CONTENT="nackt," WC="0.99" CC="000540" STYLEREFS="TXT_4"/>
						<SP ID="P30_SP00032" HPOS="781" VPOS="988" WIDTH="34"/>
						<String ID="P30_ST00038" HPOS="815" VPOS="937" WIDTH="113" HEIGHT="46" CONTENT="steht" WC="0.99" CC="00070" STYLEREFS="TXT_4"/>
						<SP ID="P30_SP00033" HPOS="928" VPOS="988" WIDTH="34"/>
						<String ID="P30_ST00039" HPOS="962" VPOS="932" WIDTH="331" HEIGHT="60" CONTENT="unbeweglich.)" WC="1.00" CC="0060110040700" STYLEREFS="TXT_4"/>
						<SP ID="P30_SP00034" HPOS="1293" VPOS="992" WIDTH="995"/>
						<String ID="P30_ST00040" HPOS="2288" VPOS="978" WIDTH="13" HEIGHT="28" CONTENT="," WC="0.59" CC="4" STYLEREFS="TXT_4"/>
						<SP ID="P30_SP00035" HPOS="2301" VPOS="1006" WIDTH="62"/>
						<String ID="P30_ST00041" HPOS="2363" VPOS="979" WIDTH="14" HEIGHT="23" CONTENT="," WC="0.58" CC="4" STYLEREFS="TXT_4"/>
						<SP ID="P30_SP00036" HPOS="2377" VPOS="1006" WIDTH="52"/>
						<String ID="P30_ST00042" HPOS="2429" VPOS="978" WIDTH="15" HEIGHT="9" CONTENT="." WC="0.55" CC="4" STYLEREFS="TXT_4"/>
						<SP ID="P30_SP00037" HPOS="2444" VPOS="1006" WIDTH="295"/>
						<String ID="P30_ST00043" HPOS="2739" VPOS="973" WIDTH="53" HEIGHT="33" CONTENT="M" STYLE="subscript" WC="0.06" CC="9" STYLEREFS="TXT_4"/>
					</TextLine>
					<TextLine ID="P30_TL00008" HPOS="719" VPOS="988" WIDTH="2139" HEIGHT="68">
						<String ID="P30_ST00044" HPOS="719" VPOS="1001" WIDTH="231" HEIGHT="55" CONTENT="Faust:" WC="1.00" CC="100003"/>
						<SP ID="P30_SP00038" HPOS="950" VPOS="1056" WIDTH="44"/>
						<String ID="P30_ST00045" HPOS="994" VPOS="997" WIDTH="93" HEIGHT="58" CONTENT="Ich" WC="0.99" CC="100"/>
						<SP ID="P30_SP00039" HPOS="1087" VPOS="1056" WIDTH="40"/>
						<String ID="P30_ST00046" HPOS="1127" VPOS="994" WIDTH="192" HEIGHT="59" CONTENT="schaue" WC="1.00" CC="400000"/>
						<SP ID="P30_SP00040" HPOS="1319" VPOS="1056" WIDTH="41"/>
						<String ID="P30_ST00047" HPOS="1360" VPOS="992" WIDTH="148" HEIGHT="59" CONTENT="dich!" WC="0.98" CC="96000"/>
						<SP ID="P30_SP00041" HPOS="1508" VPOS="1056" WIDTH="44"/>
						<String ID="P30_ST00048" HPOS="1552" VPOS="989" WIDTH="127" HEIGHT="60" CONTENT="Und" WC="0.98" CC="330"/>
						<SP ID="P30_SP00042" HPOS="1679" VPOS="1056" WIDTH="40"/>
						<String ID="P30_ST00049" HPOS="1719" VPOS="1009" WIDTH="111" HEIGHT="35" CONTENT="nun" WC="0.98" CC="041"/>
						<SP ID="P30_SP00043" HPOS="1830" VPOS="1056" WIDTH="43"/>
						<String ID="P30_ST00050" HPOS="1873" VPOS="988" WIDTH="140" HEIGHT="53" CONTENT="werd" WC="0.70" CC="0055"/>
						<SP ID="P30_SP00044" HPOS="2013" VPOS="1056" WIDTH="61"/>
						<String ID="P30_ST00051" HPOS="2074" VPOS="988" WIDTH="83" HEIGHT="51" CONTENT="ich" WC="0.99" CC="102"/>
						<SP ID="P30_SP00045" HPOS="2157" VPOS="1056" WIDTH="42"/>
						<String ID="P30_ST00052" HPOS="2199" VPOS="988" WIDTH="122" HEIGHT="49" CONTENT="dich" WC="0.98" CC="4600"/>
						<SP ID="P30_SP00046" HPOS="2321" VPOS="1056" WIDTH="42"/>
						<String ID="P30_ST00053" HPOS="2363" VPOS="988" WIDTH="193" HEIGHT="48" CONTENT="halten." WC="0.99" CC="2060054"/>
						<SP ID="P30_SP00047" HPOS="2556" VPOS="1056" WIDTH="184"/>
						<String ID="P30_ST00054" HPOS="2740" VPOS="988" WIDTH="118" HEIGHT="42" CONTENT="INur" WC="0.66" CC="7600"/>
					</TextLine>
					<TextLine ID="P30_TL00009" HPOS="638" VPOS="1051" WIDTH="2220" HEIGHT="89">
						<String ID="P30_ST00055" HPOS="638" VPOS="1077" WIDTH="163" HEIGHT="58" CONTENT="Faust" WC="0.98" CC="77000"/>
						<SP ID="P30_SP00048" HPOS="801" VPOS="1135" WIDTH="53"/>
						<String ID="P30_ST00056" HPOS="854" VPOS="1074" WIDTH="247" HEIGHT="59" CONTENT="berührte" WC="0.98" CC="77600707"/>
						<SP ID="P30_SP00049" HPOS="1101" VPOS="1135" WIDTH="51"/>
						<String ID="P30_ST00057" HPOS="1152" VPOS="1096" WIDTH="71" HEIGHT="44" CONTENT="je." WC="0.94" CC="574"/>
						<SP ID="P30_SP00050" HPOS="1223" VPOS="1140" WIDTH="29"/>
						<String ID="P30_ST00058" HPOS="1252" VPOS="1072" WIDTH="94" HEIGHT="57" CONTENT="das" WC="0.98" CC="060"/>
						<SP ID="P30_SP00051" HPOS="1346" VPOS="1140" WIDTH="56"/>
						<String ID="P30_ST00059" HPOS="1402" VPOS="1068" WIDTH="159" HEIGHT="58" CONTENT="Ideal." WC="0.97" CC="307653"/>
						<SP ID="P30_SP00052" HPOS="1561" VPOS="1140" WIDTH="55"/>
						<String ID="P30_ST00060" HPOS="1616" VPOS="1064" WIDTH="216" HEIGHT="56" CONTENT="—Du" WC="0.91" CC="870"/>
						<SP ID="P30_SP00053" HPOS="1832" VPOS="1140" WIDTH="40"/>
						<String ID="P30_ST00061" HPOS="1872" VPOS="1060" WIDTH="212" HEIGHT="57" CONTENT="weichst" WC="0.99" CC="0750000"/>
						<SP ID="P30_SP00054" HPOS="2084" VPOS="1140" WIDTH="157"/>
						<String ID="P30_ST00062" HPOS="2241" VPOS="1070" WIDTH="258" HEIGHT="44" CONTENT="entrinnst" WC="0.98" CC="640777700"/>
						<SP ID="P30_SP00055" HPOS="2499" VPOS="1140" WIDTH="173"/>
						<String ID="P30_ST00063" HPOS="2672" VPOS="1051" WIDTH="186" HEIGHT="57" CONTENT="kannst" WC="0.98" CC="476600"/>
					</TextLine>
					<TextLine ID="P30_TL00010" HPOS="641" VPOS="1128" WIDTH="2215" HEIGHT="91">
						<String ID="P30_ST00064" HPOS="641" VPOS="1157" WIDTH="74" HEIGHT="56" CONTENT="du" WC="1.00" CC="00"/>
						<SP ID="P30_SP00056" HPOS="715" VPOS="1213" WIDTH="29"/>
						<String ID="P30_ST00065" HPOS="744" VPOS="1154" WIDTH="121" HEIGHT="57" CONTENT="dich" WC="0.99" CC="0600"/>
						<SP ID="P30_SP00057" HPOS="865" VPOS="1213" WIDTH="27"/>
						<String ID="P30_ST00066" HPOS="892" VPOS="1150" WIDTH="398" HEIGHT="69" CONTENT="vielgestalten?" WC="1.00" CC="06045000000047"/>
						<SP ID="P30_SP00058" HPOS="1290" VPOS="1219" WIDTH="133"/>
						<String ID="P30_ST00067" HPOS="1423" VPOS="1145" WIDTH="91" HEIGHT="59" CONTENT="Ich" WC="0.99" CC="200"/>
						<SP ID="P30_SP00059" HPOS="1514" VPOS="1219" WIDTH="26"/>
						<String ID="P30_ST00068" HPOS="1540" VPOS="1143" WIDTH="161" HEIGHT="70" CONTENT="greife" WC="0.99" CC="010660"/>
						<SP ID="P30_SP00060" HPOS="1701" VPOS="1219" WIDTH="26"/>
						<String ID="P30_ST00069" HPOS="1727" VPOS="1140" WIDTH="123" HEIGHT="59" CONTENT="dich" WC="0.99" CC="0200"/>
						<SP ID="P30_SP00061" HPOS="1850" VPOS="1219" WIDTH="128"/>
						<String ID="P30_ST00070" HPOS="1978" VPOS="1136" WIDTH="112" HEIGHT="58" CONTENT="und" WC="1.00" CC="000"/>
						<SP ID="P30_SP00062" HPOS="2090" VPOS="1219" WIDTH="27"/>
						<String ID="P30_ST00071" HPOS="2117" VPOS="1135" WIDTH="193" HEIGHT="57" CONTENT="wieder" WC="0.99" CC="060003"/>
						<SP ID="P30_SP00063" HPOS="2310" VPOS="1219" WIDTH="25"/>
						<String ID="P30_ST00072" HPOS="2335" VPOS="1131" WIDTH="148" HEIGHT="59" CONTENT="nicht" WC="0.98" CC="37004"/>
						<SP ID="P30_SP00064" HPOS="2483" VPOS="1219" WIDTH="129"/>
						<String ID="P30_ST00073" HPOS="2612" VPOS="1154" WIDTH="32" HEIGHT="32" CONTENT="o" WC="1.00" CC="0"/>
						<SP ID="P30_SP00065" HPOS="2644" VPOS="1219" WIDTH="51"/>
						<String ID="P30_ST00074" HPOS="2695" VPOS="1128" WIDTH="161" HEIGHT="67" CONTENT="Qual!" WC="0.99" CC="00022"/>
					</TextLine>
					<TextLine ID="P30_TL00011" HPOS="642" VPOS="1206" WIDTH="2218" HEIGHT="80">
						<String ID="P30_ST00075" HPOS="642" VPOS="1232" WIDTH="150" HEIGHT="54" CONTENT="(Faust" WC="0.99" CC="006104" STYLEREFS="TXT_4"/>
						<SP ID="P30_SP00066" HPOS="792" VPOS="1286" WIDTH="41"/>
						<String ID="P30_ST00076" HPOS="833" VPOS="1229" WIDTH="148" HEIGHT="47" CONTENT="nähert" WC="0.99" CC="117040" STYLEREFS="TXT_4"/>
						<SP ID="P30_SP00067" HPOS="981" VPOS="1286" WIDTH="42"/>
						<String ID="P30_ST00077" HPOS="1023" VPOS="1227" WIDTH="93" HEIGHT="47" CONTENT="sich" WC="0.97" CC="0606" STYLEREFS="TXT_4"/>
						<SP ID="P30_SP00068" HPOS="1116" VPOS="1286" WIDTH="39"/>
						<String ID="P30_ST00078" HPOS="1155" VPOS="1225" WIDTH="77" HEIGHT="46" CONTENT="der" WC="0.96" CC="702" STYLEREFS="TXT_4"/>
						<SP ID="P30_SP00069" HPOS="1232" VPOS="1286" WIDTH="33"/>
						<String ID="P30_ST00079" HPOS="1265" VPOS="1223" WIDTH="184" HEIGHT="48" CONTENT="Gestalt." WC="1.00" CC="00001000" STYLEREFS="TXT_4"/>
						<SP ID="P30_SP00070" HPOS="1449" VPOS="1286" WIDTH="56"/>
						<String ID="P30_ST00080" HPOS="1505" VPOS="1222" WIDTH="69" HEIGHT="45" CONTENT="Sie" WC="0.98" CC="060" STYLEREFS="TXT_4"/>
						<SP ID="P30_SP00071" HPOS="1574" VPOS="1286" WIDTH="34"/>
						<String ID="P30_ST00081" HPOS="1608" VPOS="1218" WIDTH="227" HEIGHT="48" CONTENT="entweicht" WC="0.99" CC="060906070" STYLEREFS="TXT_4"/>
						<SP ID="P30_SP00072" HPOS="1835" VPOS="1286" WIDTH="32"/>
						<String ID="P30_ST00082" HPOS="1867" VPOS="1214" WIDTH="92" HEIGHT="47" CONTENT="und" WC="1.00" CC="000" STYLEREFS="TXT_4"/>
						<SP ID="P30_SP00073" HPOS="1959" VPOS="1286" WIDTH="32"/>
						<String ID="P30_ST00083" HPOS="1991" VPOS="1213" WIDTH="136" HEIGHT="50" CONTENT="führt," WC="0.99" CC="407003" STYLEREFS="TXT_4"/>
						<SP ID="P30_SP00074" HPOS="2127" VPOS="1286" WIDTH="38"/>
						<String ID="P30_ST00084" HPOS="2165" VPOS="1211" WIDTH="165" HEIGHT="46" CONTENT="solches" WC="0.99" CC="0060700" STYLEREFS="TXT_4"/>
						<SP ID="P30_SP00075" HPOS="2330" VPOS="1286" WIDTH="33"/>
						<String ID="P30_ST00085" HPOS="2363" VPOS="1206" WIDTH="328" HEIGHT="50" CONTENT="wiederholend," WC="1.00" CC="0700077020000" STYLEREFS="TXT_4"/>
						<SP ID="P30_SP00076" HPOS="2691" VPOS="1286" WIDTH="44"/>
						<String ID="P30_ST00086" HPOS="2735" VPOS="1222" WIDTH="125" HEIGHT="27" CONTENT="einen" WC="0.99" CC="03020" STYLEREFS="TXT_4"/>
					</TextLine>
					<TextLine ID="P30_TL00012" HPOS="644" VPOS="1270" WIDTH="2216" HEIGHT="80">
						<String ID="P30_ST00087" HPOS="644" VPOS="1310" WIDTH="274" HEIGHT="40" CONTENT="gemessenen" WC="1.00" CC="7000031000" STYLEREFS="TXT_4"/>
						<SP ID="P30_SP00077" HPOS="918" VPOS="1350" WIDTH="34"/>
						<String ID="P30_ST00088" HPOS="952" VPOS="1289" WIDTH="123" HEIGHT="47" CONTENT="Tanz" WC="0.97" CC="1705" STYLEREFS="TXT_4"/>
						<SP ID="P30_SP00078" HPOS="1075" VPOS="1350" WIDTH="44"/>
						<String ID="P30_ST00089" HPOS="1119" VPOS="1308" WIDTH="91" HEIGHT="27" CONTENT="aus." WC="1.00" CC="0200" STYLEREFS="TXT_4"/>
						<SP ID="P30_SP00079" HPOS="1210" VPOS="1350" WIDTH="67"/>
						<String ID="P30_ST00090" HPOS="1277" VPOS="1286" WIDTH="131" HEIGHT="47" CONTENT="Faust" WC="0.99" CC="00600" STYLEREFS="TXT_4"/>
						<SP ID="P30_SP00080" HPOS="1408" VPOS="1350" WIDTH="41"/>
						<String ID="P30_ST00091" HPOS="1449" VPOS="1282" WIDTH="120" HEIGHT="56" CONTENT="folgt," WC="0.98" CC="700612" STYLEREFS="TXT_4"/>
						<SP ID="P30_SP00081" HPOS="1569" VPOS="1350" WIDTH="47"/>
						<String ID="P30_ST00092" HPOS="1616" VPOS="1281" WIDTH="111" HEIGHT="47" CONTENT="nach" WC="0.98" CC="0007" STYLEREFS="TXT_4"/>
						<SP ID="P30_SP00082" HPOS="1727" VPOS="1350" WIDTH="33"/>
						<String ID="P30_ST00093" HPOS="1760" VPOS="1279" WIDTH="121" HEIGHT="47" CONTENT="ihren" WC="0.97" CC="67500" STYLEREFS="TXT_4"/>
						<SP ID="P30_SP00083" HPOS="1881" VPOS="1350" WIDTH="35"/>
						<String ID="P30_ST00094" HPOS="1916" VPOS="1276" WIDTH="311" HEIGHT="55" CONTENT="Bewegungen." WC="1.00" CC="00000001514" STYLEREFS="TXT_4"/>
						<SP ID="P30_SP00084" HPOS="2227" VPOS="1350" WIDTH="65"/>
						<String ID="P30_ST00095" HPOS="2292" VPOS="1272" WIDTH="76" HEIGHT="46" CONTENT="Als" WC="1.00" CC="010" STYLEREFS="TXT_4"/>
						<SP ID="P30_SP00085" HPOS="2368" VPOS="1350" WIDTH="33"/>
						<String ID="P30_ST00096" HPOS="2401" VPOS="1289" WIDTH="45" HEIGHT="28" CONTENT="er" WC="1.00" CC="00" STYLEREFS="TXT_4"/>
						<SP ID="P30_SP00086" HPOS="2446" VPOS="1350" WIDTH="31"/>
						<String ID="P30_ST00097" HPOS="2477" VPOS="1289" WIDTH="61" HEIGHT="26" CONTENT="sie" WC="0.98" CC="050" STYLEREFS="TXT_4"/>
						<SP ID="P30_SP00087" HPOS="2538" VPOS="1350" WIDTH="49"/>
						<String ID="P30_ST00098" HPOS="2587" VPOS="1270" WIDTH="188" HEIGHT="47" CONTENT="endlich," WC="0.99" CC="03076033" STYLEREFS="TXT_4"/>
						<SP ID="P30_SP00088" HPOS="2775" VPOS="1350" WIDTH="31"/>
						<String ID="P30_ST00099" HPOS="2806" VPOS="1284" WIDTH="54" HEIGHT="28" CONTENT="zu" WC="0.62" CC="24" STYLEREFS="TXT_4"/>
					</TextLine>
					<TextLine ID="P30_TL00013" HPOS="645" VPOS="1335" WIDTH="2219" HEIGHT="76">
						<String ID="P30_ST00100" HPOS="645" VPOS="1362" WIDTH="142" HEIGHT="47" CONTENT="halten" WC="0.98" CC="765040" STYLEREFS="TXT_4"/>
						<SP ID="P30_SP00089" HPOS="787" VPOS="1409" WIDTH="33"/>
						<String ID="P30_ST00101" HPOS="820" VPOS="1360" WIDTH="159" HEIGHT="51" CONTENT="wähnt," WC="0.99" CC="607000" STYLEREFS="TXT_4"/>
						<SP ID="P30_SP00090" HPOS="979" VPOS="1411" WIDTH="33"/>
						<String ID="P30_ST00102" HPOS="1012" VPOS="1357" WIDTH="192" HEIGHT="49" CONTENT="zerfließt" WC="0.99" CC="663006000" STYLEREFS="TXT_4"/>
						<SP ID="P30_SP00091" HPOS="1204" VPOS="1411" WIDTH="21"/>
						<String ID="P30_ST00103" HPOS="1225" VPOS="1356" WIDTH="70" HEIGHT="47" CONTENT="die" WC="0.96" CC="073" STYLEREFS="TXT_4"/>
						<SP ID="P30_SP00092" HPOS="1295" VPOS="1411" WIDTH="18"/>
						<String ID="P30_ST00104" HPOS="1313" VPOS="1354" WIDTH="168" HEIGHT="48" CONTENT="Gestalt" WC="1.00" CC="0000000" STYLEREFS="TXT_4"/>
						<SP ID="P30_SP00093" HPOS="1481" VPOS="1411" WIDTH="15"/>
						<String ID="P30_ST00105" HPOS="1496" VPOS="1354" WIDTH="44" HEIGHT="45" CONTENT="in" WC="0.80" CC="30" STYLEREFS="TXT_4"/>
						<SP ID="P30_SP00094" HPOS="1540" VPOS="1411" WIDTH="19"/>
						<String ID="P30_ST00106" HPOS="1559" VPOS="1351" WIDTH="193" HEIGHT="60" CONTENT="Nichts.)" WC="0.99" CC="06070000" STYLEREFS="TXT_4"/>
						<SP ID="P30_SP00095" HPOS="1752" VPOS="1411" WIDTH="26"/>
						<String ID="P30_ST00107" HPOS="1778" VPOS="1338" WIDTH="222" HEIGHT="60" CONTENT="Endlich" WC="0.98" CC="5406500"/>
						<SP ID="P30_SP00096" HPOS="2000" VPOS="1411" WIDTH="27"/>
						<String ID="P30_ST00108" HPOS="2027" VPOS="1361" WIDTH="149" HEIGHT="33" CONTENT="—ZU" WC="0.91" CC="800"/>
						<SP ID="P30_SP00097" HPOS="2176" VPOS="1411" WIDTH="21"/>
						<String ID="P30_ST00109" HPOS="2197" VPOS="1337" WIDTH="186" HEIGHT="56" CONTENT="mir!.." WC="0.99" CC="050034"/>
						<SP ID="P30_SP00098" HPOS="2383" VPOS="1411" WIDTH="22"/>
						<String ID="P30_ST00110" HPOS="2405" VPOS="1380" WIDTH="11" HEIGHT="12" CONTENT="." WC="0.64" CC="3"/>
						<SP ID="P30_SP00099" HPOS="2416" VPOS="1411" WIDTH="37"/>
						<String ID="P30_ST00111" HPOS="2453" VPOS="1335" WIDTH="134" HEIGHT="62" CONTENT="Ach," WC="0.99" CC="0003"/>
						<SP ID="P30_SP00100" HPOS="2587" VPOS="1411" WIDTH="21"/>
						<String ID="P30_ST00112" HPOS="2608" VPOS="1335" WIDTH="256" HEIGHT="53" CONTENT="abermals" WC="0.99" CC="41000070"/>
					</TextLine>
					<TextLine ID="P30_TL00014" HPOS="647" VPOS="1406" WIDTH="2218" HEIGHT="92">
						<String ID="P30_ST00113" HPOS="647" VPOS="1435" WIDTH="271" HEIGHT="63" CONTENT="betrogen." WC="0.98" CC="670057674"/>
						<SP ID="P30_SP00101" HPOS="918" VPOS="1498" WIDTH="195"/>
						<String ID="P30_ST00114" HPOS="1113" VPOS="1423" WIDTH="430" HEIGHT="61" CONTENT="Entschwunden" WC="0.99" CC="100007007077"/>
						<SP ID="P30_SP00102" HPOS="1543" VPOS="1498" WIDTH="54"/>
						<String ID="P30_ST00115" HPOS="1597" VPOS="1445" WIDTH="108" HEIGHT="33" CONTENT="nun" WC="0.97" CC="017"/>
						<SP ID="P30_SP00103" HPOS="1705" VPOS="1498" WIDTH="55"/>
						<String ID="P30_ST00116" HPOS="1760" VPOS="1418" WIDTH="85" HEIGHT="58" CONTENT="für" WC="0.95" CC="607"/>
						<SP ID="P30_SP00104" HPOS="1845" VPOS="1498" WIDTH="52"/>
						<String ID="P30_ST00117" HPOS="1897" VPOS="1420" WIDTH="212" HEIGHT="53" CONTENT="immer!" WC="0.98" CC="400675"/>
						<SP ID="P30_SP00105" HPOS="2109" VPOS="1498" WIDTH="43"/>
						<String ID="P30_ST00118" HPOS="2152" VPOS="1420" WIDTH="190" HEIGHT="59" CONTENT="(Pause.)" WC="1.00" CC="30020030" STYLEREFS="TXT_4"/>
						<SP ID="P30_SP00106" HPOS="2342" VPOS="1498" WIDTH="39"/>
						<String ID="P30_ST00119" HPOS="2381" VPOS="1411" WIDTH="112" HEIGHT="57" CONTENT="Der" WC="0.92" CC="677"/>
						<SP ID="P30_SP00107" HPOS="2493" VPOS="1498" WIDTH="40"/>
						<String ID="P30_ST00120" HPOS="2533" VPOS="1406" WIDTH="226" HEIGHT="59" CONTENT="Mensch" WC="0.98" CC="167010"/>
						<SP ID="P30_SP00108" HPOS="2759" VPOS="1498" WIDTH="40"/>
						<String ID="P30_ST00121" HPOS="2799" VPOS="1406" WIDTH="66" HEIGHT="54" CONTENT="ist" WC="0.98" CC="600"/>
					</TextLine>
					<TextLine ID="P30_TL00015" HPOS="642" VPOS="1484" WIDTH="2224" HEIGHT="84">
						<String ID="P30_ST00122" HPOS="642" VPOS="1511" WIDTH="127" HEIGHT="57" CONTENT="dem" WC="0.97" CC="800"/>
						<SP ID="P30_SP00109" HPOS="769" VPOS="1568" WIDTH="41"/>
						<String ID="P30_ST00123" HPOS="810" VPOS="1505" WIDTH="419" HEIGHT="61" CONTENT="Vollkomm’nen" WC="0.82" CC="002502008200"/>
						<SP ID="P30_SP00110" HPOS="1229" VPOS="1568" WIDTH="41"/>
						<String ID="P30_ST00124" HPOS="1270" VPOS="1502" WIDTH="144" HEIGHT="57" CONTENT="nicht" WC="0.98" CC="56000"/>
						<SP ID="P30_SP00111" HPOS="1414" VPOS="1568" WIDTH="41"/>
						<String ID="P30_ST00125" HPOS="1455" VPOS="1498" WIDTH="323" HEIGHT="70" CONTENT="gewachsen." WC="1.00" CC="0000000043"/>
						<SP ID="P30_SP00112" HPOS="1778" VPOS="1568" WIDTH="155"/>
						<String ID="P30_ST00126" HPOS="1933" VPOS="1492" WIDTH="71" HEIGHT="57" CONTENT="Er" WC="0.71" CC="05"/>
						<SP ID="P30_SP00113" HPOS="2004" VPOS="1568" WIDTH="54"/>
						<String ID="P30_ST00127" HPOS="2058" VPOS="1491" WIDTH="172" HEIGHT="57" CONTENT="strebe" WC="0.98" CC="807070"/>
						<SP ID="P30_SP00114" HPOS="2230" VPOS="1568" WIDTH="53"/>
						<String ID="P30_ST00128" HPOS="2283" VPOS="1491" WIDTH="141" HEIGHT="56" CONTENT="denn" WC="0.99" CC="0042"/>
						<SP ID="P30_SP00115" HPOS="2424" VPOS="1568" WIDTH="55"/>
						<String ID="P30_ST00129" HPOS="2479" VPOS="1486" WIDTH="132" HEIGHT="57" CONTENT="nach" WC="0.99" CC="0006"/>
						<SP ID="P30_SP00116" HPOS="2611" VPOS="1568" WIDTH="57"/>
						<String ID="P30_ST00130" HPOS="2668" VPOS="1484" WIDTH="198" HEIGHT="56" CONTENT="seinem" WC="0.99" CC="006300"/>
					</TextLine>
					<TextLine ID="P30_TL00016" HPOS="649" VPOS="1559" WIDTH="2218" HEIGHT="97">
						<String ID="P30_ST00131" HPOS="649" VPOS="1590" WIDTH="186" HEIGHT="66" CONTENT="eignen" WC="0.99" CC="040004"/>
						<SP ID="P30_SP00117" HPOS="835" VPOS="1656" WIDTH="56"/>
						<String ID="P30_ST00132" HPOS="891" VPOS="1582" WIDTH="164" HEIGHT="59" CONTENT="Maße" WC="1.00" CC="0000"/>
						<SP ID="P30_SP00118" HPOS="1055" VPOS="1656" WIDTH="180"/>
						<String ID="P30_ST00133" HPOS="1235" VPOS="1580" WIDTH="112" HEIGHT="58" CONTENT="und" WC="1.00" CC="000"/>
						<SP ID="P30_SP00119" HPOS="1347" VPOS="1656" WIDTH="50"/>
						<String ID="P30_ST00134" HPOS="1397" VPOS="1592" WIDTH="172" HEIGHT="42" CONTENT="streue" WC="1.00" CC="030200"/>
						<SP ID="P30_SP00120" HPOS="1569" VPOS="1656" WIDTH="42"/>
						<String ID="P30_ST00135" HPOS="1611" VPOS="1576" WIDTH="169" HEIGHT="57" CONTENT="Gutes" WC="1.00" CC="00000"/>
						<SP ID="P30_SP00121" HPOS="1780" VPOS="1656" WIDTH="56"/>
						<String ID="P30_ST00136" HPOS="1836" VPOS="1595" WIDTH="112" HEIGHT="39" CONTENT="aus," WC="0.99" CC="0004"/>
						<SP ID="P30_SP00122" HPOS="1948" VPOS="1656" WIDTH="54"/>
						<String ID="P30_ST00137" HPOS="2002" VPOS="1568" WIDTH="140" HEIGHT="57" CONTENT="wie’s" WC="0.70" CC="06080"/>
						<SP ID="P30_SP00123" HPOS="2142" VPOS="1656" WIDTH="40"/>
						<String ID="P30_ST00138" HPOS="2182" VPOS="1568" WIDTH="111" HEIGHT="56" CONTENT="ihm" WC="0.98" CC="500"/>
						<SP ID="P30_SP00124" HPOS="2293" VPOS="1656" WIDTH="54"/>
						<String ID="P30_ST00139" HPOS="2347" VPOS="1564" WIDTH="249" HEIGHT="69" CONTENT="gegeben." WC="0.99" CC="00007034"/>
						<SP ID="P30_SP00125" HPOS="2596" VPOS="1656" WIDTH="161"/>
						<String ID="P30_ST00140" HPOS="2757" VPOS="1559" WIDTH="110" HEIGHT="61" CONTENT="Ich." WC="0.97" CC="5073"/>
					</TextLine>
					<TextLine ID="P30_TL00017" HPOS="651" VPOS="1637" WIDTH="2218" HEIGHT="90">
						<String ID="P30_ST00141" HPOS="651" VPOS="1666" WIDTH="179" HEIGHT="57" CONTENT="weiser" WC="0.99" CC="007000"/>
						<SP ID="P30_SP00126" HPOS="830" VPOS="1723" WIDTH="37"/>
						<String ID="P30_ST00142" HPOS="867" VPOS="1662" WIDTH="159" HEIGHT="65" CONTENT="Narr," WC="1.00" CC="00002"/>
						<SP ID="P30_SP00127" HPOS="1026" VPOS="1727" WIDTH="54"/>
						<String ID="P30_ST00143" HPOS="1080" VPOS="1660" WIDTH="87" HEIGHT="58" CONTENT="ich" WC="0.97" CC="700"/>
						<SP ID="P30_SP00128" HPOS="1167" VPOS="1727" WIDTH="49"/>
						<String ID="P30_ST00144" HPOS="1216" VPOS="1658" WIDTH="238" HEIGHT="61" CONTENT="Säumer," WC="0.99" CC="2020023"/>
						<SP ID="P30_SP00129" HPOS="1454" VPOS="1727" WIDTH="54"/>
						<String ID="P30_ST00145" HPOS="1508" VPOS="1655" WIDTH="84" HEIGHT="58" CONTENT="ich" WC="0.98" CC="500"/>
						<SP ID="P30_SP00130" HPOS="1592" VPOS="1727" WIDTH="42"/>
						<String ID="P30_ST00146" HPOS="1634" VPOS="1647" WIDTH="426" HEIGHT="63" CONTENT="Verschwender," WC="1.00" CC="0020000340104"/>
						<SP ID="P30_SP00131" HPOS="2060" VPOS="1727" WIDTH="184"/>
						<String ID="P30_ST00147" HPOS="2244" VPOS="1643" WIDTH="171" HEIGHT="59" CONTENT="nichts" WC="1.00" CC="040000"/>
						<SP ID="P30_SP00132" HPOS="2415" VPOS="1727" WIDTH="41"/>
						<String ID="P30_ST00148" HPOS="2456" VPOS="1643" WIDTH="67" HEIGHT="55" CONTENT="ist" WC="0.97" CC="600"/>
						<SP ID="P30_SP00133" HPOS="2523" VPOS="1727" WIDTH="42"/>
						<String ID="P30_ST00149" HPOS="2565" VPOS="1655" WIDTH="152" HEIGHT="54" CONTENT="getan" WC="0.99" CC="00003"/>
						<SP ID="P30_SP00134" HPOS="2717" VPOS="1727" WIDTH="42"/>
						<String ID="P30_ST00150" HPOS="2759" VPOS="1637" WIDTH="110" HEIGHT="57" CONTENT="und" WC="1.00" CC="000"/>
					</TextLine>
					<TextLine ID="P30_TL00018" HPOS="651" VPOS="1714" WIDTH="2220" HEIGHT="90">
						<String ID="P30_ST00151" HPOS="651" VPOS="1742" WIDTH="142" HEIGHT="57" CONTENT="Alles" WC="0.99" CC="04400"/>
						<SP ID="P30_SP00135" HPOS="793" VPOS="1799" WIDTH="53"/>
						<String ID="P30_ST00152" HPOS="846" VPOS="1764" WIDTH="64" HEIGHT="33" CONTENT="zu" WC="1.00" CC="00"/>
						<SP ID="P30_SP00136" HPOS="910" VPOS="1799" WIDTH="56"/>
						<String ID="P30_ST00153" HPOS="966" VPOS="1738" WIDTH="286" HEIGHT="66" CONTENT="beginnen:" WC="0.99" CC="600600034"/>
						<SP ID="P30_SP00137" HPOS="1252" VPOS="1804" WIDTH="183"/>
						<String ID="P30_ST00154" HPOS="1435" VPOS="1732" WIDTH="94" HEIGHT="57" CONTENT="der" WC="1.00" CC="000"/>
						<SP ID="P30_SP00138" HPOS="1529" VPOS="1804" WIDTH="42"/>
						<String ID="P30_ST00155" HPOS="1571" VPOS="1728" WIDTH="255" HEIGHT="60" CONTENT="Kindheit" WC="0.99" CC="56407040"/>
						<SP ID="P30_SP00139" HPOS="1826" VPOS="1804" WIDTH="51"/>
						<String ID="P30_ST00156" HPOS="1877" VPOS="1722" WIDTH="132" HEIGHT="61" CONTENT="fühl*" WC="0.97" CC="60642"/>
						<SP ID="P30_SP00140" HPOS="2009" VPOS="1804" WIDTH="57"/>
						<String ID="P30_ST00157" HPOS="2066" VPOS="1723" WIDTH="85" HEIGHT="57" CONTENT="ich" WC="0.98" CC="500"/>
						<SP ID="P30_SP00141" HPOS="2151" VPOS="1804" WIDTH="41"/>
						<String ID="P30_ST00158" HPOS="2192" VPOS="1723" WIDTH="191" HEIGHT="56" CONTENT="wieder" WC="0.99" CC="060005"/>
						<SP ID="P30_SP00142" HPOS="2383" VPOS="1804" WIDTH="40"/>
						<String ID="P30_ST00159" HPOS="2423" VPOS="1718" WIDTH="138" HEIGHT="57" CONTENT="mich" WC="0.99" CC="0600"/>
						<SP ID="P30_SP00143" HPOS="2561" VPOS="1804" WIDTH="42"/>
						<String ID="P30_ST00160" HPOS="2603" VPOS="1714" WIDTH="268" HEIGHT="70" CONTENT="genähert." WC="0.99" CC="703000624"/>
					</TextLine>
					<TextLine ID="P30_TL00019" HPOS="654" VPOS="1790" WIDTH="2217" HEIGHT="96">
						<String ID="P30_ST00161" HPOS="654" VPOS="1826" WIDTH="192" HEIGHT="60" CONTENT="(Pause.)" WC="1.00" CC="00000030" STYLEREFS="TXT_4"/>
						<SP ID="P30_SP00144" HPOS="846" VPOS="1886" WIDTH="44"/>
						<String ID="P30_ST00162" HPOS="890" VPOS="1816" WIDTH="232" HEIGHT="57" CONTENT="Weithin" WC="0.99" CC="0050040"/>
						<SP ID="P30_SP00145" HPOS="1122" VPOS="1886" WIDTH="42"/>
						<String ID="P30_ST00163" HPOS="1164" VPOS="1812" WIDTH="183" HEIGHT="57" CONTENT="schaut" WC="1.00" CC="000040"/>
						<SP ID="P30_SP00146" HPOS="1347" VPOS="1886" WIDTH="37"/>
						<String ID="P30_ST00164" HPOS="1384" VPOS="1834" WIDTH="94" HEIGHT="33" CONTENT="aus" WC="1.00" CC="000"/>
						<SP ID="P30_SP00147" HPOS="1478" VPOS="1886" WIDTH="42"/>
						<String ID="P30_ST00165" HPOS="1520" VPOS="1808" WIDTH="136" HEIGHT="56" CONTENT="mein" WC="0.96" CC="8053"/>
						<SP ID="P30_SP00148" HPOS="1656" VPOS="1886" WIDTH="40"/>
						<String ID="P30_ST00166" HPOS="1696" VPOS="1804" WIDTH="172" HEIGHT="60" CONTENT="Blick:" WC="1.00" CC="000000"/>
						<SP ID="P30_SP00149" HPOS="1868" VPOS="1886" WIDTH="40"/>
						<String ID="P30_ST00167" HPOS="1908" VPOS="1803" WIDTH="186" HEIGHT="69" CONTENT="junges" WC="0.99" CC="700000"/>
						<SP ID="P30_SP00150" HPOS="2094" VPOS="1886" WIDTH="42"/>
						<String ID="P30_ST00168" HPOS="2136" VPOS="1799" WIDTH="256" HEIGHT="64" CONTENT="Gelände," WC="1.00" CC="00500003"/>
						<SP ID="P30_SP00151" HPOS="2392" VPOS="1886" WIDTH="155"/>
						<String ID="P30_ST00169" HPOS="2547" VPOS="1796" WIDTH="121" HEIGHT="55" CONTENT="dort" WC="0.99" CC="0040"/>
						<SP ID="P30_SP00152" HPOS="2668" VPOS="1886" WIDTH="37"/>
						<String ID="P30_ST00170" HPOS="2705" VPOS="1790" WIDTH="133" HEIGHT="59" CONTENT="unbe" SUBS_TYPE="HypPart1" SUBS_CONTENT="unbebaute" WC="0.97" CC="4470"/>
						<HYP HPOS="2838" VPOS="1790" WIDTH="33" CONTENT="-"/>
					</TextLine>
					<TextLine ID="P30_TL00020" HPOS="654" VPOS="1868" WIDTH="2218" HEIGHT="93">
						<String ID="P30_ST00171" HPOS="654" VPOS="1897" WIDTH="160" HEIGHT="57" CONTENT="baute" SUBS_TYPE="HypPart2" SUBS_CONTENT="unbebaute" WC="0.98" CC="70230"/>
						<SP ID="P30_SP00153" HPOS="814" VPOS="1954" WIDTH="48"/>
						<String ID="P30_ST00172" HPOS="862" VPOS="1893" WIDTH="192" HEIGHT="68" CONTENT="Hügel," WC="0.99" CC="000052"/>
						<SP ID="P30_SP00154" HPOS="1054" VPOS="1961" WIDTH="53"/>
						<String ID="P30_ST00173" HPOS="1107" VPOS="1891" WIDTH="85" HEIGHT="56" CONTENT="die" WC="0.98" CC="060"/>
						<SP ID="P30_SP00155" HPOS="1192" VPOS="1961" WIDTH="52"/>
						<String ID="P30_ST00174" HPOS="1244" VPOS="1886" WIDTH="402" HEIGHT="63" CONTENT="anschwellend," WC="1.00" CC="0100700550003"/>
						<SP ID="P30_SP00156" HPOS="1646" VPOS="1961" WIDTH="170"/>
						<String ID="P30_ST00175" HPOS="1816" VPOS="1905" WIDTH="65" HEIGHT="32" CONTENT="z;u" WC="0.64" CC="730"/>
						<SP ID="P30_SP00157" HPOS="1881" VPOS="1961" WIDTH="52"/>
						<String ID="P30_ST00176" HPOS="1933" VPOS="1900" WIDTH="191" HEIGHT="34" CONTENT="neuem" WC="0.99" CC="30500"/>
						<SP ID="P30_SP00158" HPOS="2124" VPOS="1961" WIDTH="47"/>
						<String ID="P30_ST00177" HPOS="2171" VPOS="1876" WIDTH="240" HEIGHT="66" CONTENT="Aufstieg" WC="0.99" CC="01600500"/>
						<SP ID="P30_SP00159" HPOS="2411" VPOS="1961" WIDTH="59"/>
						<String ID="P30_ST00178" HPOS="2470" VPOS="1872" WIDTH="211" HEIGHT="58" CONTENT="führen." WC="0.99" CC="7000003"/>
						<SP ID="P30_SP00160" HPOS="2681" VPOS="1961" WIDTH="78"/>
						<String ID="P30_ST00179" HPOS="2759" VPOS="1868" WIDTH="113" HEIGHT="58" CONTENT="Wie" WC="0.98" CC="040"/>
					</TextLine>
					<TextLine ID="P30_TL00021" HPOS="656" VPOS="1964" WIDTH="920" HEIGHT="68">
						<String ID="P30_ST00180" HPOS="656" VPOS="1972" WIDTH="320" HEIGHT="60" CONTENT="verheißend" WC="1.00" CC="0140060000"/>
						<SP ID="P30_SP00161" HPOS="976" VPOS="2032" WIDTH="41"/>
						<String ID="P30_ST00181" HPOS="1017" VPOS="1968" WIDTH="187" HEIGHT="59" CONTENT="lächelt" WC="0.99" CC="6000050"/>
						<SP ID="P30_SP00162" HPOS="1204" VPOS="2032" WIDTH="40"/>
						<String ID="P30_ST00182" HPOS="1244" VPOS="1967" WIDTH="92" HEIGHT="56" CONTENT="das" WC="1.00" CC="000"/>
						<SP ID="P30_SP00163" HPOS="1336" VPOS="2032" WIDTH="42"/>
						<String ID="P30_ST00183" HPOS="1378" VPOS="1964" WIDTH="198" HEIGHT="56" CONTENT="Leben." WC="0.98" CC="707003"/>
					</TextLine>
					<TextLine ID="P30_TL00022" HPOS="734" VPOS="2027" WIDTH="1867" HEIGHT="77">
						<String ID="P30_ST00184" HPOS="734" VPOS="2050" WIDTH="95" HEIGHT="54" CONTENT="(Als" WC="0.98" CC="2050" STYLEREFS="TXT_4"/>
						<SP ID="P30_SP00164" HPOS="829" VPOS="2104" WIDTH="32"/>
						<String ID="P30_ST00185" HPOS="861" VPOS="2066" WIDTH="44" HEIGHT="28" CONTENT="er" WC="1.00" CC="00" STYLEREFS="TXT_4"/>
						<SP ID="P30_SP00165" HPOS="905" VPOS="2104" WIDTH="31"/>
						<String ID="P30_ST00186" HPOS="936" VPOS="2046" WIDTH="92" HEIGHT="47" CONTENT="sich" WC="0.97" CC="0607" STYLEREFS="TXT_4"/>
						<SP ID="P30_SP00166" HPOS="1028" VPOS="2104" WIDTH="32"/>
						<String ID="P30_ST00187" HPOS="1060" VPOS="2042" WIDTH="221" HEIGHT="51" CONTENT="umblidct," WC="0.63" CC="006267702" STYLEREFS="TXT_4"/>
						<SP ID="P30_SP00167" HPOS="1281" VPOS="2104" WIDTH="34"/>
						<String ID="P30_ST00188" HPOS="1315" VPOS="2041" WIDTH="186" HEIGHT="57" CONTENT="gewahrt" WC="0.99" CC="0002730" STYLEREFS="TXT_4"/>
						<SP ID="P30_SP00168" HPOS="1501" VPOS="2104" WIDTH="33"/>
						<String ID="P30_ST00189" HPOS="1534" VPOS="2056" WIDTH="58" HEIGHT="33" CONTENT="er," WC="1.00" CC="000" STYLEREFS="TXT_4"/>
						<SP ID="P30_SP00169" HPOS="1592" VPOS="2104" WIDTH="36"/>
						<String ID="P30_ST00190" HPOS="1628" VPOS="2033" WIDTH="292" HEIGHT="51" CONTENT="schemenhaft" WC="0.99" CC="00700047174" STYLEREFS="TXT_4"/>
						<SP ID="P30_SP00170" HPOS="1920" VPOS="2104" WIDTH="32"/>
						<String ID="P30_ST00191" HPOS="1952" VPOS="2034" WIDTH="228" HEIGHT="49" CONTENT="Umrissen," WC="0.99" CC="002760400" STYLEREFS="TXT_4"/>
						<SP ID="P30_SP00171" HPOS="2180" VPOS="2104" WIDTH="33"/>
						<String ID="P30_ST00192" HPOS="2213" VPOS="2030" WIDTH="93" HEIGHT="46" CONTENT="drei" WC="0.99" CC="0006" STYLEREFS="TXT_4"/>
						<SP ID="P30_SP00172" HPOS="2306" VPOS="2104" WIDTH="33"/>
						<String ID="P30_ST00193" HPOS="2339" VPOS="2027" WIDTH="262" HEIGHT="59" CONTENT="Gestalten.)" WC="1.00" CC="00001604500" STYLEREFS="TXT_4"/>
					</TextLine>
					<TextLine ID="P30_TL00023" HPOS="738" VPOS="2086" WIDTH="2138" HEIGHT="87">
						<String ID="P30_ST00194" HPOS="738" VPOS="2111" WIDTH="212" HEIGHT="57" CONTENT="Faust" WC="0.98" CC="56000" STYLEREFS="TXT_4"/>
						<SP ID="P30_SP00173" HPOS="950" VPOS="2168" WIDTH="31"/>
						<String ID="P30_ST00195" HPOS="981" VPOS="2113" WIDTH="88" HEIGHT="56" CONTENT="(für" WC="0.98" CC="0703" STYLEREFS="TXT_4"/>
						<SP ID="P30_SP00174" HPOS="1069" VPOS="2169" WIDTH="23"/>
						<String ID="P30_ST00196" HPOS="1092" VPOS="2113" WIDTH="133" HEIGHT="60" CONTENT="sich):" WC="0.98" CC="664600" STYLEREFS="TXT_4"/>
						<SP ID="P30_SP00175" HPOS="1225" VPOS="2173" WIDTH="41"/>
						<String ID="P30_ST00197" HPOS="1266" VPOS="2103" WIDTH="146" HEIGHT="57" CONTENT="Naht" WC="0.98" CC="3060"/>
						<SP ID="P30_SP00176" HPOS="1412" VPOS="2173" WIDTH="49"/>
						<String ID="P30_ST00198" HPOS="1461" VPOS="2103" WIDTH="94" HEIGHT="57" CONTENT="das" WC="1.00" CC="000"/>
						<SP ID="P30_SP00177" HPOS="1555" VPOS="2173" WIDTH="54"/>
						<String ID="P30_ST00199" HPOS="1609" VPOS="2097" WIDTH="366" HEIGHT="68" CONTENT="Verhängnis?" WC="0.99" CC="00000050609"/>
						<SP ID="P30_SP00178" HPOS="1975" VPOS="2173" WIDTH="48"/>
						<String ID="P30_ST00200" HPOS="2023" VPOS="2100" WIDTH="127" HEIGHT="61" CONTENT="(laut)" WC="0.99" CC="260020" STYLEREFS="TXT_4"/>
						<SP ID="P30_SP00179" HPOS="2150" VPOS="2173" WIDTH="46"/>
						<String ID="P30_ST00201" HPOS="2196" VPOS="2090" WIDTH="158" HEIGHT="60" CONTENT="Wollt" WC="0.98" CC="02570"/>
						<SP ID="P30_SP00180" HPOS="2354" VPOS="2173" WIDTH="54"/>
						<String ID="P30_ST00202" HPOS="2408" VPOS="2089" WIDTH="82" HEIGHT="57" CONTENT="ihr" WC="0.98" CC="400"/>
						<SP ID="P30_SP00181" HPOS="2490" VPOS="2173" WIDTH="51"/>
						<String ID="P30_ST00203" HPOS="2541" VPOS="2086" WIDTH="135" HEIGHT="59" CONTENT="euch" WC="1.00" CC="0000"/>
						<SP ID="P30_SP00182" HPOS="2676" VPOS="2173" WIDTH="54"/>
						<String ID="P30_ST00204" HPOS="2730" VPOS="2086" WIDTH="146" HEIGHT="55" CONTENT="nicht" WC="0.99" CC="06000"/>
					</TextLine>
					<TextLine ID="P30_TL00024" HPOS="658" VPOS="2193" WIDTH="252" HEIGHT="53">
						<String ID="P30_ST00205" HPOS="658" VPOS="2193" WIDTH="252" HEIGHT="53" CONTENT="nennen?" WC="1.00" CC="7000010"/>
					</TextLine>
					<TextLine ID="P30_TL00025" HPOS="740" VPOS="2253" WIDTH="1108" HEIGHT="70">
						<String ID="P30_ST00206" HPOS="740" VPOS="2265" WIDTH="128" HEIGHT="58" CONTENT="Die" WC="0.97" CC="060"/>
						<SP ID="P30_SP00183" HPOS="868" VPOS="2323" WIDTH="41"/>
						<String ID="P30_ST00207" HPOS="909" VPOS="2263" WIDTH="196" HEIGHT="57" CONTENT="Drei:" WC="0.99" CC="01070"/>
						<SP ID="P30_SP00184" HPOS="1105" VPOS="2323" WIDTH="43"/>
						<String ID="P30_ST00208" HPOS="1148" VPOS="2259" WIDTH="296" HEIGHT="57" CONTENT="Studenten" WC="1.00" CC="400005001"/>
						<SP ID="P30_SP00185" HPOS="1444" VPOS="2323" WIDTH="39"/>
						<String ID="P30_ST00209" HPOS="1483" VPOS="2279" WIDTH="94" HEIGHT="33" CONTENT="aus" WC="0.99" CC="010"/>
						<SP ID="P30_SP00186" HPOS="1577" VPOS="2323" WIDTH="43"/>
						<String ID="P30_ST00210" HPOS="1620" VPOS="2253" WIDTH="228" HEIGHT="58" CONTENT="Krakau." WC="0.99" CC="4100003"/>
					</TextLine>
					<TextLine ID="P30_TL00026" HPOS="741" VPOS="2320" WIDTH="1797" HEIGHT="80">
						<String ID="P30_ST00211" HPOS="741" VPOS="2343" WIDTH="245" HEIGHT="57" CONTENT="Faust:" WC="1.00" CC="000000"/>
						<SP ID="P30_SP00187" HPOS="986" VPOS="2400" WIDTH="44"/>
						<String ID="P30_ST00212" HPOS="1030" VPOS="2339" WIDTH="89" HEIGHT="56" CONTENT="Ihr" WC="0.97" CC="403"/>
						<SP ID="P30_SP00188" HPOS="1119" VPOS="2400" WIDTH="39"/>
						<String ID="P30_ST00213" HPOS="1158" VPOS="2335" WIDTH="178" HEIGHT="57" CONTENT="seid’s." WC="0.77" CC="0060801"/>
						<SP ID="P30_SP00189" HPOS="1336" VPOS="2400" WIDTH="43"/>
						<String ID="P30_ST00214" HPOS="1379" VPOS="2334" WIDTH="127" HEIGHT="56" CONTENT="Und" WC="1.00" CC="000"/>
						<SP ID="P30_SP00190" HPOS="1506" VPOS="2400" WIDTH="33"/>
						<String ID="P30_ST00215" HPOS="1539" VPOS="2331" WIDTH="222" HEIGHT="58" CONTENT="welcher" WC="1.00" CC="0030002"/>
						<SP ID="P30_SP00191" HPOS="1761" VPOS="2400" WIDTH="38"/>
						<String ID="P30_ST00216" HPOS="1799" VPOS="2330" WIDTH="68" HEIGHT="56" CONTENT="ist" WC="0.97" CC="600"/>
						<SP ID="P30_SP00192" HPOS="1867" VPOS="2400" WIDTH="39"/>
						<String ID="P30_ST00217" HPOS="1906" VPOS="2328" WIDTH="159" HEIGHT="57" CONTENT="heute" WC="1.00" CC="00000"/>
						<SP ID="P30_SP00193" HPOS="2065" VPOS="2400" WIDTH="38"/>
						<String ID="P30_ST00218" HPOS="2103" VPOS="2345" WIDTH="123" HEIGHT="37" CONTENT="euer" WC="0.99" CC="0101"/>
						<SP ID="P30_SP00194" HPOS="2226" VPOS="2400" WIDTH="41"/>
						<String ID="P30_ST00219" HPOS="2267" VPOS="2320" WIDTH="271" HEIGHT="60" CONTENT="Wunsch?" WC="1.00" CC="0005000"/>
					</TextLine>
					<TextLine ID="P30_TL00027" HPOS="741" VPOS="2408" WIDTH="1154" HEIGHT="68">
						<String ID="P30_ST00220" HPOS="741" VPOS="2419" WIDTH="275" HEIGHT="57" CONTENT="Erster:" WC="1.00" CC="0002000"/>
						<SP ID="P30_SP00195" HPOS="1016" VPOS="2476" WIDTH="42"/>
						<String ID="P30_ST00221" HPOS="1058" VPOS="2415" WIDTH="109" HEIGHT="57" CONTENT="Das" WC="1.00" CC="000"/>
						<SP ID="P30_SP00196" HPOS="1167" VPOS="2476" WIDTH="42"/>
						<String ID="P30_ST00222" HPOS="1209" VPOS="2411" WIDTH="147" HEIGHT="59" CONTENT="Buch" WC="1.00" CC="0000"/>
						<SP ID="P30_SP00197" HPOS="1356" VPOS="2476" WIDTH="43"/>
						<String ID="P30_ST00223" HPOS="1399" VPOS="2408" WIDTH="496" HEIGHT="61" CONTENT="zurückzufordern." WC="1.00" CC="0000000064500043"/>
					</TextLine>
					<TextLine ID="P30_TL00028" HPOS="744" VPOS="2486" WIDTH="827" HEIGHT="68">
						<String ID="P30_ST00224" HPOS="744" VPOS="2497" WIDTH="312" HEIGHT="57" CONTENT="Zweiter" WC="0.99" CC="0003006"/>
						<SP ID="P30_SP00198" HPOS="1056" VPOS="2554" WIDTH="13"/>
						<String ID="P30_ST00225" HPOS="1069" VPOS="2517" WIDTH="11" HEIGHT="32" CONTENT=":" WC="1.00" CC="0"/>
						<SP ID="P30_SP00199" HPOS="1080" VPOS="2554" WIDTH="44"/>
						<String ID="P30_ST00226" HPOS="1124" VPOS="2492" WIDTH="119" HEIGHT="55" CONTENT="Den" WC="0.98" CC="006"/>
						<SP ID="P30_SP00200" HPOS="1243" VPOS="2554" WIDTH="42"/>
						<String ID="P30_ST00227" HPOS="1285" VPOS="2486" WIDTH="286" HEIGHT="66" CONTENT="Schlüssel." WC="0.99" CC="0706000043"/>
					</TextLine>
					<TextLine ID="P30_TL00029" HPOS="745" VPOS="2563" WIDTH="955" HEIGHT="67">
						<String ID="P30_ST00228" HPOS="745" VPOS="2575" WIDTH="309" HEIGHT="55" CONTENT="Dritter:" WC="0.99" CC="02502050"/>
						<SP ID="P30_SP00201" HPOS="1054" VPOS="2630" WIDTH="40"/>
						<String ID="P30_ST00229" HPOS="1094" VPOS="2569" WIDTH="110" HEIGHT="56" CONTENT="Mir" WC="0.97" CC="061"/>
						<SP ID="P30_SP00202" HPOS="1204" VPOS="2630" WIDTH="39"/>
						<String ID="P30_ST00230" HPOS="1243" VPOS="2568" WIDTH="86" HEIGHT="56" CONTENT="die" WC="0.98" CC="050"/>
						<SP ID="P30_SP00203" HPOS="1329" VPOS="2630" WIDTH="40"/>
						<String ID="P30_ST00231" HPOS="1369" VPOS="2563" WIDTH="331" HEIGHT="61" CONTENT="Briefschaft." WC="0.99" CC="307074000734"/>
					</TextLine>
					<TextLine ID="P30_TL00030" HPOS="749" VPOS="2632" WIDTH="1605" HEIGHT="78">
						<String ID="P30_ST00232" HPOS="749" VPOS="2652" WIDTH="246" HEIGHT="55" CONTENT="Faust:" WC="1.00" CC="000000"/>
						<SP ID="P30_SP00204" HPOS="995" VPOS="2707" WIDTH="44"/>
						<String ID="P30_ST00233" HPOS="1039" VPOS="2646" WIDTH="87" HEIGHT="58" CONTENT="Ihr" WC="1.00" CC="000"/>
						<SP ID="P30_SP00205" HPOS="1126" VPOS="2707" WIDTH="38"/>
						<String ID="P30_ST00234" HPOS="1164" VPOS="2645" WIDTH="201" HEIGHT="57" CONTENT="fordert" WC="0.99" CC="7250000"/>
						<SP ID="P30_SP00206" HPOS="1365" VPOS="2707" WIDTH="41"/>
						<String ID="P30_ST00235" HPOS="1406" VPOS="2640" WIDTH="318" HEIGHT="70" CONTENT="vergeblich." WC="0.99" CC="00000765003"/>
						<SP ID="P30_SP00207" HPOS="1724" VPOS="2710" WIDTH="44"/>
						<String ID="P30_ST00236" HPOS="1768" VPOS="2638" WIDTH="88" HEIGHT="58" CONTENT="Ich" WC="0.99" CC="300"/>
						<SP ID="P30_SP00208" HPOS="1856" VPOS="2710" WIDTH="42"/>
						<String ID="P30_ST00237" HPOS="1898" VPOS="2634" WIDTH="323" HEIGHT="59" CONTENT="vernichtete" WC="1.00" CC="00006000000"/>
						<SP ID="P30_SP00209" HPOS="2221" VPOS="2710" WIDTH="41"/>
						<String ID="P30_ST00238" HPOS="2262" VPOS="2632" WIDTH="92" HEIGHT="56" CONTENT="sie." WC="0.97" CC="3604"/>
					</TextLine>
					<TextLine ID="P30_TL00031" HPOS="749" VPOS="2701" WIDTH="2137" HEIGHT="89">
						<String ID="P30_ST00239" HPOS="749" VPOS="2729" WIDTH="127" HEIGHT="55" CONTENT="Die" WC="0.96" CC="056"/>
						<SP ID="P30_SP00210" HPOS="876" VPOS="2784" WIDTH="42"/>
						<String ID="P30_ST00240" HPOS="918" VPOS="2726" WIDTH="171" HEIGHT="55" CONTENT="Drei" WC="0.96" CC="4735"/>
						<SP ID="P30_SP00211" HPOS="1089" VPOS="2784" WIDTH="44"/>
						<String ID="P30_ST00241" HPOS="1133" VPOS="2730" WIDTH="144" HEIGHT="60" CONTENT="(starr)" WC="0.99" CC="3000351" STYLEREFS="TXT_4"/>
						<String ID="P30_ST00242" HPOS="1290" VPOS="2746" WIDTH="13" HEIGHT="31" CONTENT=":" WC="0.54" CC="4"/>
						<SP ID="P30_SP00212" HPOS="1303" VPOS="2790" WIDTH="43"/>
						<String ID="P30_ST00243" HPOS="1346" VPOS="2720" WIDTH="174" HEIGHT="64" CONTENT="Faust," WC="0.99" CC="500004"/>
						<SP ID="P30_SP00213" HPOS="1520" VPOS="2790" WIDTH="35"/>
						<String ID="P30_ST00244" HPOS="1555" VPOS="2720" WIDTH="155" HEIGHT="56" CONTENT="deine" WC="0.97" CC="05636"/>
						<SP ID="P30_SP00214" HPOS="1710" VPOS="2790" WIDTH="44"/>
						<String ID="P30_ST00245" HPOS="1754" VPOS="2716" WIDTH="133" HEIGHT="56" CONTENT="Frist" WC="0.98" CC="27600"/>
						<SP ID="P30_SP00215" HPOS="1887" VPOS="2790" WIDTH="42"/>
						<String ID="P30_ST00246" HPOS="1929" VPOS="2729" WIDTH="70" HEIGHT="42" CONTENT="ist" WC="0.95" CC="706"/>
						<SP ID="P30_SP00216" HPOS="1999" VPOS="2790" WIDTH="39"/>
						<String ID="P30_ST00247" HPOS="2038" VPOS="2737" WIDTH="111" HEIGHT="31" CONTENT="um." WC="0.99" CC="101"/>
						<SP ID="P30_SP00217" HPOS="2149" VPOS="2790" WIDTH="58"/>
						<String ID="P30_ST00248" HPOS="2207" VPOS="2710" WIDTH="80" HEIGHT="57" CONTENT="Zu" WC="0.51" CC="90"/>
						<SP ID="P30_SP00218" HPOS="2287" VPOS="2790" WIDTH="42"/>
						<String ID="P30_ST00249" HPOS="2329" VPOS="2709" WIDTH="168" HEIGHT="57" CONTENT="dieser" WC="0.98" CC="047067"/>
						<SP ID="P30_SP00219" HPOS="2497" VPOS="2790" WIDTH="45"/>
						<String ID="P30_ST00250" HPOS="2542" VPOS="2701" WIDTH="344" HEIGHT="60" CONTENT="Mitternacht" WC="0.99" CC="07004764000"/>
					</TextLine>
					<TextLine ID="P30_TL00032" HPOS="668" VPOS="2804" WIDTH="2201" HEIGHT="76">
						<String ID="P30_ST00251" HPOS="668" VPOS="2808" WIDTH="109" HEIGHT="56" CONTENT="bist" WC="0.97" CC="7601"/>
						<SP ID="P30_SP00220" HPOS="777" VPOS="2864" WIDTH="41"/>
						<String ID="P30_ST00252" HPOS="818" VPOS="2804" WIDTH="73" HEIGHT="57" CONTENT="du" WC="1.00" CC="00"/>
						<SP ID="P30_SP00221" HPOS="891" VPOS="2864" WIDTH="41"/>
						<String ID="P30_ST00253" HPOS="932" VPOS="2820" WIDTH="308" HEIGHT="49" CONTENT="vergangen." WC="1.00" CC="0000020254"/>
						<SP ID="P30_SP00222" HPOS="1240" VPOS="2869" WIDTH="835"/>
						<String ID="P30_ST00254" HPOS="2075" VPOS="2867" WIDTH="11" HEIGHT="12" CONTENT="." WC="0.55" CC="4"/>
						<SP ID="P30_SP00223" HPOS="2086" VPOS="2879" WIDTH="651"/>
						<String ID="P30_ST00255" HPOS="2737" VPOS="2855" WIDTH="38" HEIGHT="25" CONTENT="~" WC="0.40" CC="7"/>
						<SP ID="P30_SP00224" HPOS="2775" VPOS="2880" WIDTH="33"/>
						<String ID="P30_ST00256" HPOS="2808" VPOS="2855" WIDTH="11" HEIGHT="11" CONTENT="." WC="0.62" CC="3"/>
						<SP ID="P30_SP00225" HPOS="2819" VPOS="2880" WIDTH="37"/>
						<String ID="P30_ST00257" HPOS="2856" VPOS="2853" WIDTH="13" HEIGHT="25" CONTENT="," WC="0.62" CC="3"/>
					</TextLine>
					<TextLine ID="P30_TL00033" HPOS="752" VPOS="2867" WIDTH="2137" HEIGHT="78">
						<String ID="P30_ST00258" HPOS="752" VPOS="2883" WIDTH="212" HEIGHT="57" CONTENT="Faust" WC="1.00" CC="00000"/>
						<SP ID="P30_SP00226" HPOS="964" VPOS="2940" WIDTH="26"/>
						<String ID="P30_ST00259" HPOS="990" VPOS="2885" WIDTH="258" HEIGHT="60" CONTENT="(aufrecht):" WC="0.99" CC="10077007000" STYLEREFS="TXT_4"/>
						<SP ID="P30_SP00227" HPOS="1248" VPOS="2945" WIDTH="45"/>
						<String ID="P30_ST00260" HPOS="1293" VPOS="2875" WIDTH="87" HEIGHT="57" CONTENT="Ihr" WC="0.95" CC="371"/>
						<SP ID="P30_SP00228" HPOS="1380" VPOS="2945" WIDTH="40"/>
						<String ID="P30_ST00261" HPOS="1420" VPOS="2874" WIDTH="165" HEIGHT="56" CONTENT="meint" WC="0.99" CC="01600"/>
						<SP ID="P30_SP00229" HPOS="1585" VPOS="2945" WIDTH="31"/>
						<String ID="P30_ST00262" HPOS="1616" VPOS="2870" WIDTH="280" HEIGHT="58" CONTENT="vielmehr:" WC="1.00" CC="060500000"/>
						<SP ID="P30_SP00230" HPOS="1896" VPOS="2945" WIDTH="42"/>
						<String ID="P30_ST00263" HPOS="1938" VPOS="2892" WIDTH="64" HEIGHT="33" CONTENT="zu" WC="1.00" CC="00"/>
						<SP ID="P30_SP00231" HPOS="2002" VPOS="2945" WIDTH="33"/>
						<String ID="P30_ST00264" HPOS="2035" VPOS="2867" WIDTH="169" HEIGHT="56" CONTENT="dieser" WC="0.98" CC="076006"/>
						<SP ID="P30_SP00232" HPOS="2204" VPOS="2945" WIDTH="33"/>
						<String ID="P30_ST00265" HPOS="2237" VPOS="2867" WIDTH="345" HEIGHT="52" CONTENT="Mitternacht" WC="1.00" CC="06000000030"/>
						<SP ID="P30_SP00233" HPOS="2582" VPOS="2945" WIDTH="33"/>
						<String ID="P30_ST00266" HPOS="2615" VPOS="2867" WIDTH="139" HEIGHT="47" CONTENT="werd" WC="0.90" CC="0003"/>
						<SP ID="P30_SP00234" HPOS="2754" VPOS="2945" WIDTH="52"/>
						<String ID="P30_ST00267" HPOS="2806" VPOS="2867" WIDTH="83" HEIGHT="46" CONTENT="ich" WC="0.96" CC="702"/>
					</TextLine>
					<TextLine ID="P30_TL00034" HPOS="673" VPOS="2935" WIDTH="2220" HEIGHT="82">
						<String ID="P30_ST00268" HPOS="673" VPOS="2959" WIDTH="297" HEIGHT="58" CONTENT="vollenden." WC="1.00" CC="0055020002"/>
						<SP ID="P30_SP00235" HPOS="970" VPOS="3017" WIDTH="156"/>
						<String ID="P30_ST00269" HPOS="1126" VPOS="2953" WIDTH="155" HEIGHT="57" CONTENT="Doch" WC="1.00" CC="0200"/>
						<SP ID="P30_SP00236" HPOS="1281" VPOS="3017" WIDTH="29"/>
						<String ID="P30_ST00270" HPOS="1310" VPOS="2953" WIDTH="178" HEIGHT="55" CONTENT="hierzu" WC="0.99" CC="010500"/>
						<SP ID="P30_SP00237" HPOS="1488" VPOS="3017" WIDTH="39"/>
						<String ID="P30_ST00271" HPOS="1527" VPOS="2947" WIDTH="185" HEIGHT="60" CONTENT="bedarf" WC="0.99" CC="700007"/>
						<SP ID="P30_SP00238" HPOS="1712" VPOS="3017" WIDTH="31"/>
						<String ID="P30_ST00272" HPOS="1743" VPOS="2947" WIDTH="87" HEIGHT="58" CONTENT="ich" WC="0.95" CC="607"/>
						<SP ID="P30_SP00239" HPOS="1830" VPOS="3017" WIDTH="33"/>
						<String ID="P30_ST00273" HPOS="1863" VPOS="2945" WIDTH="165" HEIGHT="58" CONTENT="Eurer" WC="0.98" CC="24400"/>
						<SP ID="P30_SP00240" HPOS="2028" VPOS="3017" WIDTH="39"/>
						<String ID="P30_ST00274" HPOS="2067" VPOS="2942" WIDTH="163" HEIGHT="58" CONTENT="nicht." WC="0.99" CC="020033"/>
						<SP ID="P30_SP00241" HPOS="2230" VPOS="3017" WIDTH="133"/>
						<String ID="P30_ST00275" HPOS="2363" VPOS="2937" WIDTH="87" HEIGHT="59" CONTENT="Ihr" WC="0.98" CC="400"/>
						<SP ID="P30_SP00242" HPOS="2450" VPOS="3017" WIDTH="27"/>
						<String ID="P30_ST00276" HPOS="2477" VPOS="2937" WIDTH="113" HEIGHT="56" CONTENT="seid" WC="0.97" CC="6060"/>
						<SP ID="P30_SP00243" HPOS="2590" VPOS="3017" WIDTH="26"/>
						<String ID="P30_ST00277" HPOS="2616" VPOS="2935" WIDTH="277" HEIGHT="56" CONTENT="entlassen." WC="0.99" CC="0306002023"/>
					</TextLine>
					<TextLine ID="P30_TL00035" HPOS="753" VPOS="3010" WIDTH="2141" HEIGHT="81">
						<String ID="P30_ST00278" HPOS="753" VPOS="3035" WIDTH="105" HEIGHT="56" CONTENT="(Mit" WC="0.98" CC="2060" STYLEREFS="TXT_4"/>
						<SP ID="P30_SP00244" HPOS="858" VPOS="3091" WIDTH="50"/>
						<String ID="P30_ST00279" HPOS="908" VPOS="3026" WIDTH="677" HEIGHT="59" CONTENT="weltmännisch-gebieterischer" WC="1.00" CC="000550006006400740203700700" STYLEREFS="TXT_4"/>
						<SP ID="P30_SP00245" HPOS="1585" VPOS="3091" WIDTH="45"/>
						<String ID="P30_ST00280" HPOS="1630" VPOS="3024" WIDTH="200" HEIGHT="47" CONTENT="Gebärde" WC="1.00" CC="0070000" STYLEREFS="TXT_4"/>
						<SP ID="P30_SP00246" HPOS="1830" VPOS="3091" WIDTH="48"/>
						<String ID="P30_ST00281" HPOS="1878" VPOS="3024" WIDTH="119" HEIGHT="45" CONTENT="weist" WC="0.99" CC="00500" STYLEREFS="TXT_4"/>
						<SP ID="P30_SP00247" HPOS="1997" VPOS="3091" WIDTH="33"/>
						<String ID="P30_ST00282" HPOS="2030" VPOS="3039" WIDTH="44" HEIGHT="28" CONTENT="er" WC="0.65" CC="07" STYLEREFS="TXT_4"/>
						<SP ID="P30_SP00248" HPOS="2074" VPOS="3091" WIDTH="34"/>
						<String ID="P30_ST00283" HPOS="2108" VPOS="3020" WIDTH="70" HEIGHT="46" CONTENT="die" WC="0.97" CC="060" STYLEREFS="TXT_4"/>
						<SP ID="P30_SP00249" HPOS="2178" VPOS="3091" WIDTH="31"/>
						<String ID="P30_ST00284" HPOS="2209" VPOS="3019" WIDTH="107" HEIGHT="45" CONTENT="Drei" WC="0.97" CC="0606" STYLEREFS="TXT_4"/>
						<SP ID="P30_SP00250" HPOS="2316" VPOS="3091" WIDTH="33"/>
						<String ID="P30_ST00285" HPOS="2349" VPOS="3016" WIDTH="169" HEIGHT="48" CONTENT="hinaus," WC="0.99" CC="7700010" STYLEREFS="TXT_4"/>
						<SP ID="P30_SP00251" HPOS="2518" VPOS="3091" WIDTH="47"/>
						<String ID="P30_ST00286" HPOS="2565" VPOS="3012" WIDTH="71" HEIGHT="46" CONTENT="die" WC="0.98" CC="060" STYLEREFS="TXT_4"/>
						<SP ID="P30_SP00252" HPOS="2636" VPOS="3091" WIDTH="33"/>
						<String ID="P30_ST00287" HPOS="2669" VPOS="3013" WIDTH="43" HEIGHT="45" CONTENT="in" WC="0.41" CC="64" STYLEREFS="TXT_4"/>
						<SP ID="P30_SP00253" HPOS="2712" VPOS="3091" WIDTH="35"/>
						<String ID="P30_ST00288" HPOS="2747" VPOS="3010" WIDTH="147" HEIGHT="44" CONTENT="Dunst" WC="1.00" CC="00000" STYLEREFS="TXT_4"/>
					</TextLine>
					<TextLine ID="P30_TL00036" HPOS="672" VPOS="3098" WIDTH="2192" HEIGHT="63">
						<String ID="P30_ST00289" HPOS="672" VPOS="3098" WIDTH="250" HEIGHT="59" CONTENT="aufgehen.)" WC="0.99" CC="5667360042" STYLEREFS="TXT_4"/>
						<SP ID="P30_SP00254" HPOS="922" VPOS="3157" WIDTH="881"/>
						<String ID="P30_ST00290" HPOS="1803" VPOS="3149" WIDTH="10" HEIGHT="10" CONTENT="#" STYLE="subscript" WC="0.24" CC="7" STYLEREFS="TXT_4"/>
						<SP ID="P30_SP00255" HPOS="1813" VPOS="3159" WIDTH="512"/>
						<String ID="P30_ST00291" HPOS="2325" VPOS="3139" WIDTH="13" HEIGHT="22" CONTENT="i" WC="0.26" CC="7" STYLEREFS="TXT_4"/>
						<SP ID="P30_SP00256" HPOS="2338" VPOS="3161" WIDTH="190"/>
						<String ID="P30_ST00292" HPOS="2528" VPOS="3138" WIDTH="10" HEIGHT="10" CONTENT="•" WC="0.72" CC="2" STYLEREFS="TXT_4"/>
						<SP ID="P30_SP00257" HPOS="2538" VPOS="3161" WIDTH="150"/>
						<String ID="P30_ST00293" HPOS="2688" VPOS="3133" WIDTH="66" HEIGHT="28" CONTENT="al" WC="0.28" CC="67" STYLEREFS="TXT_4"/>
						<SP ID="P30_SP00258" HPOS="2754" VPOS="3161" WIDTH="84"/>
						<String ID="P30_ST00294" HPOS="2838" VPOS="3132" WIDTH="26" HEIGHT="29" CONTENT="J" WC="0.52" CC="4" STYLEREFS="TXT_4"/>
					</TextLine>
					<TextLine ID="P30_TL00037" HPOS="755" VPOS="3142" WIDTH="2140" HEIGHT="77">
						<String ID="P30_ST00295" HPOS="755" VPOS="3160" WIDTH="242" HEIGHT="57" CONTENT="Faust:" WC="1.00" CC="002010"/>
						<SP ID="P30_SP00259" HPOS="997" VPOS="3217" WIDTH="58"/>
						<String ID="P30_ST00296" HPOS="1055" VPOS="3154" WIDTH="117" HEIGHT="58" CONTENT="Frei" WC="0.98" CC="0017"/>
						<SP ID="P30_SP00260" HPOS="1172" VPOS="3217" WIDTH="42"/>
						<String ID="P30_ST00297" HPOS="1214" VPOS="3153" WIDTH="124" HEIGHT="66" CONTENT="liegt" WC="0.98" CC="56000"/>
						<SP ID="P30_SP00261" HPOS="1338" VPOS="3219" WIDTH="46"/>
						<String ID="P30_ST00298" HPOS="1384" VPOS="3151" WIDTH="93" HEIGHT="57" CONTENT="der" WC="0.98" CC="004"/>
						<SP ID="P30_SP00262" HPOS="1477" VPOS="3219" WIDTH="43"/>
						<String ID="P30_ST00299" HPOS="1520" VPOS="3148" WIDTH="146" HEIGHT="69" CONTENT="Weg." WC="0.99" CC="0004"/>
						<SP ID="P30_SP00263" HPOS="1666" VPOS="3219" WIDTH="67"/>
						<String ID="P30_ST00300" HPOS="1733" VPOS="3146" WIDTH="389" HEIGHT="62" CONTENT="Willkommen," WC="1.00" CC="07050000412"/>
						<SP ID="P30_SP00264" HPOS="2122" VPOS="3219" WIDTH="187"/>
						<String ID="P30_ST00301" HPOS="2309" VPOS="3142" WIDTH="72" HEIGHT="54" CONTENT="du" WC="1.00" CC="00"/>
						<SP ID="P30_SP00265" HPOS="2381" VPOS="3219" WIDTH="58"/>
						<String ID="P30_ST00302" HPOS="2439" VPOS="3160" WIDTH="198" HEIGHT="34" CONTENT="meines" WC="0.99" CC="004073"/>
						<SP ID="P30_SP00266" HPOS="2637" VPOS="3219" WIDTH="41"/>
						<String ID="P30_ST00303" HPOS="2678" VPOS="3142" WIDTH="217" HEIGHT="48" CONTENT="Abends" WC="1.00" CC="200300"/>
					</TextLine>
					<TextLine ID="P30_TL00038" HPOS="672" VPOS="3236" WIDTH="402" HEIGHT="66">
						<String ID="P30_ST00304" HPOS="672" VPOS="3238" WIDTH="189" HEIGHT="57" CONTENT="letzter" WC="0.99" CC="7000001"/>
						<SP ID="P30_SP00267" HPOS="861" VPOS="3295" WIDTH="42"/>
						<String ID="P30_ST00305" HPOS="903" VPOS="3236" WIDTH="171" HEIGHT="66" CONTENT="Gang." WC="0.99" CC="00403"/>
					</TextLine>
					<TextLine ID="P30_TL00039" HPOS="1665" VPOS="3300" WIDTH="255" HEIGHT="60">
						<String ID="P30_ST00306" HPOS="1665" VPOS="3300" WIDTH="255" HEIGHT="60" CONTENT="(Vorhang.)" WC="0.99" CC="0000754003" STYLEREFS="TXT_4"/>
					</TextLine>
					<TextLine ID="P30_TL00040" HPOS="1567" VPOS="3467" WIDTH="457" HEIGHT="51">
						<String ID="P30_ST00307" HPOS="1567" VPOS="3467" WIDTH="265" HEIGHT="51" CONTENT="LETZTES" WC="1.00" CC="2010000" STYLEREFS="TXT_4"/>
						<SP ID="P30_SP00268" HPOS="1832" VPOS="3518" WIDTH="35"/>
						<String ID="P30_ST00308" HPOS="1867" VPOS="3468" WIDTH="157" HEIGHT="47" CONTENT="BILD." WC="0.99" CC="03004" STYLEREFS="TXT_4"/>
					</TextLine>
					<TextLine ID="P30_TL00041" HPOS="680" VPOS="3549" WIDTH="2223" HEIGHT="83">
						<String ID="P30_ST00309" HPOS="680" VPOS="3575" WIDTH="296" HEIGHT="57" CONTENT="(Verschneite" WC="1.00" CC="000000720700" STYLEREFS="TXT_4"/>
						<SP ID="P30_SP00269" HPOS="976" VPOS="3632" WIDTH="42"/>
						<String ID="P30_ST00310" HPOS="1018" VPOS="3570" WIDTH="154" HEIGHT="49" CONTENT="Straße" WC="1.00" CC="004000" STYLEREFS="TXT_4"/>
						<SP ID="P30_SP00270" HPOS="1172" VPOS="3632" WIDTH="30"/>
						<String ID="P30_ST00311" HPOS="1202" VPOS="3570" WIDTH="47" HEIGHT="45" CONTENT="in" WC="0.65" CC="60" STYLEREFS="TXT_4"/>
						<SP ID="P30_SP00271" HPOS="1249" VPOS="3632" WIDTH="36"/>
						<String ID="P30_ST00312" HPOS="1285" VPOS="3565" WIDTH="283" HEIGHT="56" CONTENT="Wittenberg." WC="0.99" CC="56000060004" STYLEREFS="TXT_4"/>
						<SP ID="P30_SP00272" HPOS="1568" VPOS="3632" WIDTH="46"/>
						<String ID="P30_ST00313" HPOS="1614" VPOS="3562" WIDTH="131" HEIGHT="48" CONTENT="Links" WC="0.99" CC="07000" STYLEREFS="TXT_4"/>
						<SP ID="P30_SP00273" HPOS="1745" VPOS="3632" WIDTH="40"/>
						<String ID="P30_ST00314" HPOS="1785" VPOS="3565" WIDTH="117" HEIGHT="44" CONTENT="einer" WC="0.98" CC="07006" STYLEREFS="TXT_4"/>
						<SP ID="P30_SP00274" HPOS="1902" VPOS="3632" WIDTH="41"/>
						<String ID="P30_ST00315" HPOS="1943" VPOS="3562" WIDTH="77" HEIGHT="46" CONTENT="der" WC="1.00" CC="000" STYLEREFS="TXT_4"/>
						<SP ID="P30_SP00275" HPOS="2020" VPOS="3632" WIDTH="40"/>
						<String ID="P30_ST00316" HPOS="2060" VPOS="3557" WIDTH="219" HEIGHT="57" CONTENT="Eingänge" WC="1.00" CC="00004000" STYLEREFS="TXT_4"/>
						<SP ID="P30_SP00276" HPOS="2279" VPOS="3632" WIDTH="40"/>
						<String ID="P30_ST00317" HPOS="2319" VPOS="3574" WIDTH="99" HEIGHT="27" CONTENT="zum" WC="0.96" CC="540" STYLEREFS="TXT_4"/>
						<SP ID="P30_SP00277" HPOS="2418" VPOS="3632" WIDTH="33"/>
						<String ID="P30_ST00318" HPOS="2451" VPOS="3552" WIDTH="217" HEIGHT="47" CONTENT="Münster." WC="1.00" CC="00002024" STYLEREFS="TXT_4"/>
						<SP ID="P30_SP00278" HPOS="2668" VPOS="3632" WIDTH="44"/>
						<String ID="P30_ST00319" HPOS="2712" VPOS="3551" WIDTH="91" HEIGHT="47" CONTENT="Um" WC="0.96" CC="00" STYLEREFS="TXT_4"/>
						<SP ID="P30_SP00279" HPOS="2803" VPOS="3632" WIDTH="31"/>
						<String ID="P30_ST00320" HPOS="2834" VPOS="3549" WIDTH="69" HEIGHT="46" CONTENT="die" WC="0.98" CC="050" STYLEREFS="TXT_4"/>
					</TextLine>
					<TextLine ID="P30_TL00042" HPOS="683" VPOS="3618" WIDTH="2222" HEIGHT="77">
						<String ID="P30_ST00321" HPOS="683" VPOS="3646" WIDTH="127" HEIGHT="49" CONTENT="Ecke," WC="1.00" CC="00002" STYLEREFS="TXT_4"/>
						<SP ID="P30_SP00280" HPOS="810" VPOS="3695" WIDTH="34"/>
						<String ID="P30_ST00322" HPOS="844" VPOS="3664" WIDTH="54" HEIGHT="26" CONTENT="an" WC="0.89" CC="02" STYLEREFS="TXT_4"/>
						<SP ID="P30_SP00281" HPOS="898" VPOS="3695" WIDTH="33"/>
						<String ID="P30_ST00323" HPOS="931" VPOS="3642" WIDTH="76" HEIGHT="46" CONTENT="der" WC="1.00" CC="000" STYLEREFS="TXT_4"/>
						<SP ID="P30_SP00282" HPOS="1007" VPOS="3695" WIDTH="32"/>
						<String ID="P30_ST00324" HPOS="1039" VPOS="3638" WIDTH="241" HEIGHT="50" CONTENT="nämlichen" WC="0.99" CC="000260704" STYLEREFS="TXT_4"/>
						<SP ID="P30_SP00283" HPOS="1280" VPOS="3695" WIDTH="34"/>
						<String ID="P30_ST00325" HPOS="1314" VPOS="3636" WIDTH="170" HEIGHT="51" CONTENT="Mauer," WC="0.99" CC="000052" STYLEREFS="TXT_4"/>
						<SP ID="P30_SP00284" HPOS="1484" VPOS="3695" WIDTH="33"/>
						<String ID="P30_ST00326" HPOS="1517" VPOS="3636" WIDTH="69" HEIGHT="44" CONTENT="ein" WC="0.97" CC="070" STYLEREFS="TXT_4"/>
						<SP ID="P30_SP00285" HPOS="1586" VPOS="3695" WIDTH="33"/>
						<String ID="P30_ST00327" HPOS="1619" VPOS="3632" WIDTH="314" HEIGHT="56" CONTENT="lebensgrosses" WC="1.00" CC="2060000300000" STYLEREFS="TXT_4"/>
						<SP ID="P30_SP00286" HPOS="1933" VPOS="3695" WIDTH="34"/>
						<String ID="P30_ST00328" HPOS="1967" VPOS="3627" WIDTH="197" HEIGHT="48" CONTENT="Kruzifix" WC="0.98" CC="45007662" STYLEREFS="TXT_4"/>
						<SP ID="P30_SP00287" HPOS="2164" VPOS="3695" WIDTH="33"/>
						<String ID="P30_ST00329" HPOS="2197" VPOS="3628" WIDTH="76" HEIGHT="43" CONTENT="mit" WC="0.98" CC="060" STYLEREFS="TXT_4"/>
						<SP ID="P30_SP00288" HPOS="2273" VPOS="3695" WIDTH="32"/>
						<String ID="P30_ST00330" HPOS="2305" VPOS="3622" WIDTH="227" HEIGHT="49" CONTENT="Kniestufe" WC="0.99" CC="007000470" STYLEREFS="TXT_4"/>
						<SP ID="P30_SP00289" HPOS="2532" VPOS="3695" WIDTH="32"/>
						<String ID="P30_ST00331" HPOS="2564" VPOS="3622" WIDTH="145" HEIGHT="46" CONTENT="davor." WC="0.99" CC="000074" STYLEREFS="TXT_4"/>
						<SP ID="P30_SP00290" HPOS="2709" VPOS="3695" WIDTH="52"/>
						<String ID="P30_ST00332" HPOS="2761" VPOS="3618" WIDTH="57" HEIGHT="46" CONTENT="Es" WC="0.98" CC="00" STYLEREFS="TXT_4"/>
						<SP ID="P30_SP00291" HPOS="2818" VPOS="3695" WIDTH="33"/>
						<String ID="P30_ST00333" HPOS="2851" VPOS="3621" WIDTH="54" HEIGHT="44" CONTENT="ist" WC="0.99" CC="300" STYLEREFS="TXT_4"/>
					</TextLine>
					<TextLine ID="P30_TL00043" HPOS="748" VPOS="3688" WIDTH="2096" HEIGHT="72">
						<String ID="P30_ST00334" HPOS="748" VPOS="3715" WIDTH="156" HEIGHT="45" CONTENT="Nacht." WC="0.99" CC="303700" STYLEREFS="TXT_4"/>
						<SP ID="P30_SP00292" HPOS="904" VPOS="3760" WIDTH="44"/>
						<String ID="P30_ST00335" HPOS="948" VPOS="3711" WIDTH="108" HEIGHT="47" CONTENT="Man" WC="0.97" CC="007" STYLEREFS="TXT_4"/>
						<SP ID="P30_SP00293" HPOS="1056" VPOS="3760" WIDTH="36"/>
						<String ID="P30_ST00336" HPOS="1092" VPOS="3711" WIDTH="95" HEIGHT="45" CONTENT="hört" WC="0.98" CC="7200" STYLEREFS="TXT_4"/>
						<SP ID="P30_SP00294" HPOS="1187" VPOS="3760" WIDTH="34"/>
						<String ID="P30_ST00337" HPOS="1221" VPOS="3711" WIDTH="44" HEIGHT="44" CONTENT="in" WC="0.45" CC="64" STYLEREFS="TXT_4"/>
						<SP ID="P30_SP00295" HPOS="1265" VPOS="3760" WIDTH="33"/>
						<String ID="P30_ST00338" HPOS="1298" VPOS="3708" WIDTH="76" HEIGHT="45" CONTENT="der" WC="1.00" CC="000" STYLEREFS="TXT_4"/>
						<SP ID="P30_SP00296" HPOS="1374" VPOS="3760" WIDTH="32"/>
						<String ID="P30_ST00339" HPOS="1406" VPOS="3703" WIDTH="271" HEIGHT="55" CONTENT="Entfernung" WC="0.99" CC="1007000407" STYLEREFS="TXT_4"/>
						<SP ID="P30_SP00297" HPOS="1677" VPOS="3760" WIDTH="32"/>
						<String ID="P30_ST00340" HPOS="1709" VPOS="3702" WIDTH="75" HEIGHT="47" CONTENT="das" WC="0.99" CC="002" STYLEREFS="TXT_4"/>
						<SP ID="P30_SP00298" HPOS="1784" VPOS="3760" WIDTH="33"/>
						<String ID="P30_ST00341" HPOS="1817" VPOS="3701" WIDTH="123" HEIGHT="47" CONTENT="Horn" WC="1.00" CC="0010" STYLEREFS="TXT_4"/>
						<SP ID="P30_SP00299" HPOS="1940" VPOS="3760" WIDTH="32"/>
						<String ID="P30_ST00342" HPOS="1972" VPOS="3699" WIDTH="75" HEIGHT="46" CONTENT="des" WC="1.00" CC="000" STYLEREFS="TXT_4"/>
						<SP ID="P30_SP00300" HPOS="2047" VPOS="3760" WIDTH="33"/>
						<String ID="P30_ST00343" HPOS="2080" VPOS="3695" WIDTH="364" HEIGHT="47" CONTENT="Nachtwächters." WC="0.99" CC="00070900720703" STYLEREFS="TXT_4"/>
						<SP ID="P30_SP00301" HPOS="2444" VPOS="3760" WIDTH="45"/>
						<String ID="P30_ST00344" HPOS="2489" VPOS="3690" WIDTH="155" HEIGHT="47" CONTENT="Gleich" WC="0.98" CC="060606" STYLEREFS="TXT_4"/>
						<SP ID="P30_SP00302" HPOS="2644" VPOS="3760" WIDTH="32"/>
						<String ID="P30_ST00345" HPOS="2676" VPOS="3688" WIDTH="168" HEIGHT="58" CONTENT="darauf)" WC="0.98" CC="0641370" STYLEREFS="TXT_4"/>
					</TextLine>
					<TextLine ID="P30_TL00044" HPOS="765" VPOS="3781" WIDTH="2142" HEIGHT="83">
						<String ID="P30_ST00346" HPOS="765" VPOS="3808" WIDTH="135" HEIGHT="56" CONTENT="Des" WC="0.99" CC="100"/>
						<SP ID="P30_SP00303" HPOS="900" VPOS="3864" WIDTH="28"/>
						<String ID="P30_ST00347" HPOS="928" VPOS="3802" WIDTH="577" HEIGHT="61" CONTENT="Nachtwächters" WC="1.00" CC="0007000070030"/>
						<SP ID="P30_SP00304" HPOS="1505" VPOS="3864" WIDTH="30"/>
						<String ID="P30_ST00348" HPOS="1535" VPOS="3797" WIDTH="173" HEIGHT="57" CONTENT="Stirn" WC="0.97" CC="00688"/>
						<SP ID="P30_SP00305" HPOS="1708" VPOS="3864" WIDTH="20"/>
						<String ID="P30_ST00349" HPOS="1728" VPOS="3819" WIDTH="120" HEIGHT="33" CONTENT="me:" WC="1.00" CC="000"/>
						<SP ID="P30_SP00306" HPOS="1848" VPOS="3864" WIDTH="34"/>
						<String ID="P30_ST00350" HPOS="1882" VPOS="3793" WIDTH="87" HEIGHT="57" CONTENT="Ihr" WC="0.96" CC="406"/>
						<SP ID="P30_SP00307" HPOS="1969" VPOS="3864" WIDTH="28"/>
						<String ID="P30_ST00351" HPOS="1997" VPOS="3791" WIDTH="226" HEIGHT="57" CONTENT="Männer" WC="0.99" CC="004402"/>
						<SP ID="P30_SP00308" HPOS="2223" VPOS="3864" WIDTH="27"/>
						<String ID="P30_ST00352" HPOS="2250" VPOS="3789" WIDTH="112" HEIGHT="58" CONTENT="und" WC="0.99" CC="030"/>
						<SP ID="P30_SP00309" HPOS="2362" VPOS="3864" WIDTH="29"/>
						<String ID="P30_ST00353" HPOS="2391" VPOS="3786" WIDTH="221" HEIGHT="64" CONTENT="Frauen," WC="0.99" CC="5301050"/>
						<SP ID="P30_SP00310" HPOS="2612" VPOS="3864" WIDTH="28"/>
						<String ID="P30_ST00354" HPOS="2640" VPOS="3783" WIDTH="107" HEIGHT="57" CONTENT="laßt" WC="1.00" CC="1000"/>
						<SP ID="P30_SP00311" HPOS="2747" VPOS="3864" WIDTH="28"/>
						<String ID="P30_ST00355" HPOS="2775" VPOS="3781" WIDTH="132" HEIGHT="58" CONTENT="euch" WC="1.00" CC="0000"/>
					</TextLine>
					<TextLine ID="P30_TL00045" HPOS="688" VPOS="3859" WIDTH="2223" HEIGHT="94">
						<String ID="P30_ST00356" HPOS="688" VPOS="3910" WIDTH="173" HEIGHT="43" CONTENT="sagen," WC="0.99" CC="208001"/>
						<SP ID="P30_SP00312" HPOS="861" VPOS="3953" WIDTH="122"/>
						<String ID="P30_ST00357" HPOS="983" VPOS="3883" WIDTH="85" HEIGHT="56" CONTENT="die" WC="0.98" CC="060"/>
						<SP ID="P30_SP00313" HPOS="1068" VPOS="3953" WIDTH="34"/>
						<String ID="P30_ST00358" HPOS="1102" VPOS="3880" WIDTH="202" HEIGHT="58" CONTENT="Glocke" WC="1.00" CC="032000"/>
						<SP ID="P30_SP00314" HPOS="1304" VPOS="3953" WIDTH="33"/>
						<String ID="P30_ST00359" HPOS="1337" VPOS="3878" WIDTH="86" HEIGHT="56" CONTENT="hat" WC="1.00" CC="000"/>
						<SP ID="P30_SP00315" HPOS="1423" VPOS="3953" WIDTH="35"/>
						<String ID="P30_ST00360" HPOS="1458" VPOS="3876" WIDTH="132" HEIGHT="57" CONTENT="zehn" WC="0.98" CC="3005"/>
						<SP ID="P30_SP00316" HPOS="1590" VPOS="3953" WIDTH="29"/>
						<String ID="P30_ST00361" HPOS="1619" VPOS="3873" WIDTH="305" HEIGHT="69" CONTENT="geschlagen" WC="1.00" CC="0000000000"/>
						<SP ID="P30_SP00317" HPOS="1924" VPOS="3953" WIDTH="109"/>
						<String ID="P30_ST00362" HPOS="2033" VPOS="3868" WIDTH="150" HEIGHT="57" CONTENT="Zehn" WC="0.98" CC="0304"/>
						<SP ID="P30_SP00318" HPOS="2183" VPOS="3953" WIDTH="33"/>
						<String ID="P30_ST00363" HPOS="2216" VPOS="3866" WIDTH="325" HEIGHT="68" CONTENT="geschlagen." WC="1.00" CC="00000500203"/>
						<SP ID="P30_SP00319" HPOS="2541" VPOS="3953" WIDTH="131"/>
						<String ID="P30_ST00364" HPOS="2672" VPOS="3859" WIDTH="239" HEIGHT="59" CONTENT="Bewahrt" WC="1.00" CC="0000000"/>
					</TextLine>
				</TextBlock>
			</PrintSpace>
		</Page>
	</Layout>
</alto>
