3119 4572
888 454 194 68 Alfred
1117 456 343 70 Wolfenstein
1509 477 22 31 ♦
1584 460 138 61 Über
1750 474 136 53 allen
1917 479 244 56 Zaubern

2550 491 72 68 35

414 660 177 59 wohin
645 686 58 35 er
759 680 117 44 trat.
950 665 254 71 Zugleich
1254 670 117 64 kam
1425 675 86 59 ein
1567 680 419 69 unaufhörliches
2032 693 218 64 Zischen
2403 706 91 58 auf
2537 708 86 59 die

416 747 336 53 brennenden
795 747 203 55 Fliesen
1041 747 92 58 des
1173 749 229 69 Bodens,
1442 769 84 41 rot
1582 780 102 35 von
1742 764 379 66 unsichtbarem
2161 774 178 69 Feuer,
2395 780 84 61 fiel
2530 785 93 58 der

411 823 155 53 Frost
604 823 94 56 der
739 823 259 68 Tropfen.
1051 825 71 59 Es
1153 828 239 71 dampfte
1430 830 165 69 nicht,
1635 858 102 36 nur
1770 843 86 56 ein
1884 843 320 66 Lichthauch
2245 856 173 61 schien
2453 861 168 61 davon

409 917 66 35 zu
531 919 147 36 einer
718 901 204 56 Gestalt
978 924 320 46 zusammen,
1348 907 87 58 die
1488 909 168 59 durch
1712 914 101 59 den
1856 917 166 63 Raum
2075 927 305 71 schlingerte
2418 940 109 55 und
2568 942 50 56 in

411 983 300 51 wütendem
754 983 203 66 Kampf
995 983 110 56 sich
1155 985 87 56 die
1295 1001 229 45 steinern
1567 995 363 61 vortretenden
1968 1001 175 60 Zähne
2197 1031 99 38 von
2352 1013 134 59 oben
2540 1018 81 59 ins

411 1059 142 51 Herz
574 1059 205 63 schlug.
818 1059 86 56 An
934 1059 425 61 horizontweiten
1381 1067 234 58 Wänden
1635 1069 209 71 entlang
1869 1089 213 49 starrten
2103 1087 96 53 wie
2217 1110 89 35 aus
2334 1089 284 69 bauchigen

406 1138 178 48 Zellen
619 1138 178 50 herein
833 1138 226 56 zahllose
1089 1138 183 58 nackte
1300 1140 297 64 Gesichter.
1630 1145 120 61 Ihre
1780 1148 325 66 furchtbaren
2141 1158 173 64 Kinne
2362 1188 99 39 von
2486 1168 99 61 Vor-

406 1209 206 66 hängen
647 1209 394 68 abgeschnitten
1094 1239 257 46 sprangen
1387 1219 116 58 hart
1536 1224 51 56 in
1628 1224 104 58 den
1773 1227 119 58 Saal
1930 1252 109 36 vor.
2105 1237 237 61 Darüber
2380 1244 238 61 wuchsen

407 1292 167 61 blutig
629 1292 315 55 kokosdicke
986 1292 250 67 Münder,
1293 1297 247 60 während
1593 1301 110 57 ihre
1744 1302 211 61 Stirnen
2007 1311 94 57 tief
2147 1316 50 55 in
2243 1317 99 58 den
2375 1320 242 70 Vorhang

403 1362 418 62 zurückwichen.
863 1366 270 62 Zwischen
1161 1373 104 57 den
1296 1373 317 70 Kinnriffen,
1649 1380 85 57 die
1769 1382 110 57 sich
1913 1386 179 58 mitten
2122 1392 69 55 im
2219 1394 117 58 Saal
2363 1396 252 71 kreuzten,

404 1441 233 67 bewegte
676 1443 109 57 sich
830 1446 90 56 auf
959 1447 122 57 dem
1122 1449 183 59 Boden
1347 1477 83 32 ein
1472 1455 414 62 schaumweißes
1929 1462 164 69 Lager
2107 1489 12 33 :

479 1516 180 59 Davor
692 1522 153 56 stand
885 1523 93 57 der
1009 1523 227 61 Andere.
1292 1528 110 60 Der
1435 1529 163 61 breite
1630 1533 207 61 Foliant
1877 1542 164 55 seines
2074 1541 249 74 Rumpfes
2356 1552 262 59 verdeckte

398 1617 56 34 es
496 1596 308 69 finstergrün

677 1696 57 35 er
775 1676 253 59 flüsterte:
1071 1681 185 58 Nimm
1296 1682 141 61 Platz

677 1776 56 33 er
775 1754 178 69 gellte:
995 1759 111 56 und
1148 1759 111 59 sieh
1303 1766 198 56 meiner
1542 1766 135 58 Lust
1716 1773 119 55 zu!!

477 1827 166 58 Franz
672 1829 122 59 fuhr
821 1856 305 37 zusammen
1156 1861 100 34 —:
1284 1837 273 62 Zwischen
1588 1846 122 57 dem
1738 1846 273 62 krummen
2040 1851 331 73 knorpeligen
2401 1861 217 60 Dreieck

395 1905 94 56 der
531 1905 160 59 Beine
732 1910 90 56 sah
864 1933 55 35 er
958 1912 121 57 dort
1115 1914 85 57 ein
1241 1917 152 68 Auge
1429 1921 273 67 erglänzen
1862 1942 172 43 zarten
2074 1931 148 59 Blick
2357 1938 108 58 und
2497 1940 122 67 jetzt

395 1997 97 42 mit
548 1984 316 60 rührendem
906 1989 297 60 Schimmer
1256 1997 153 54 einen
1462 1998 220 59 nackten
1724 2001 132 59 Leib
2012 2006 174 61 Herab
2241 2029 238 52 regneten
2534 2018 84 56 die

393 2068 197 57 Blicke,
631 2068 86 51 die
758 2068 276 66 Vorhänge
1075 2068 172 58 hoben
1294 2073 111 57 sich
1453 2076 102 66 geil
1607 2078 213 67 gebläht
1874 2104 92 35 vor
2017 2084 99 58 den
2159 2088 262 60 Gestalten
2478 2096 137 66 rings

517 2214 146 32 \wt
709 2166 62 32 eD
814 2142 179 59 heran.
1048 2145 112 60 Der
1192 2148 210 58 Andere
1435 2156 121 54 wies
1598 2158 96 55 mit
1734 2161 249 66 grinsend
2022 2163 278 66 geöffneter
2331 2167 155 60 Hand
2525 2172 90 57 auf

390 2220 92 51 das
521 2220 164 61 Weib,
719 2220 111 56 und
872 2223 177 56 indem
1089 2247 56 33 er
1184 2227 400 68 umherblickte,
1626 2234 98 57 wie
1764 2238 52 53 in
1860 2237 92 58 der
1985 2238 192 71 Menge
2214 2247 140 56 einer
2387 2246 192 59 Zauber-

393 2297 156 61 bude,
604 2297 168 66 flogen
827 2321 141 35 seine
1009 2299 214 61 Kleider
1265 2328 101 33 von
1418 2307 109 58 ihm
1567 2309 86 59 ab.
1714 2312 156 58 Seine
1909 2316 330 62 scheußliche
2277 2321 333 73 Entblößung

388 2385 166 51 zeigte
593 2373 91 57 auf
724 2374 165 58 Franz
943 2379 110 56 und
1109 2382 72 54 im
1226 2382 184 58 Kreise
1462 2385 422 64 herumdrehend
1937 2393 91 59 auf
2078 2397 84 57 die
2214 2399 395 68 aufgerichteten

390 2448 226 58 Männer
755 2453 76 56 als
863 2454 143 57 reihe
1035 2479 58 33 er
1126 2457 166 59 Franz
1329 2478 155 42 unter
1513 2468 75 53 sie
1618 2469 85 55 ein
1957 2474 111 58 und
2100 2474 101 59 ließ
2233 2477 108 57 sich
2384 2479 224 69 langsam

388 2532 440 55 niederknickend
883 2532 91 58 auf
1028 2534 85 57 die
1169 2535 264 70 Liegende
1490 2540 161 61 hinab
1808 2548 124 57 Sein
1992 2549 216 61 Gesicht
2261 2554 121 59 aber
2435 2558 171 57 schien

388 2606 166 54 durch
597 2628 179 36 seinen
821 2608 150 70 Kopf
1009 2612 195 59 zurück
1260 2618 111 56 und
1429 2620 178 56 stierte
1663 2625 99 55 mit
1816 2627 345 67 züngelndem
2201 2629 206 61 Munde
2446 2633 160 61 Franz

384 2681 132 56 nach
561 2685 96 54 wie
698 2707 94 35 vor
832 2710 84 33 an.

466 2759 126 58 Und
616 2759 165 60 Franz
803 2764 53 56 in
882 2764 384 70 beginnendem
1287 2770 180 60 Banne
1490 2774 90 59 sah
1614 2778 87 56 die
1720 2777 325 63 Zuschauer:
2082 2784 110 59 Wie
2214 2802 150 43 unter
2385 2788 188 58 Winter-

381 2858 204 35 sonnen
626 2838 192 68 hingen
861 2866 92 33 aus
995 2844 147 57 ihren
1184 2846 290 60 sinkenden
1517 2852 197 59 Lefzen
1748 2855 292 71 Eiszapfen,
2082 2862 112 57 ihre
2225 2863 219 70 Lippen,
2481 2869 120 55 zwei

381 2935 55 35 in
471 2916 192 57 Nichts
705 2918 111 57 sich
849 2920 330 60 aufhebende
1211 2925 392 71 Fragezeichen,
1637 2932 196 59 küßten
1868 2938 112 57 sich
2011 2938 156 60 selbst
2199 2944 95 54 mit
2324 2946 276 55 einsamem

384 2994 146 63 Kuß,
572 3018 66 33 zu
690 3019 171 34 einem
902 2998 655 76 Schlangenparagraphen
1601 3012 396 69 verschlungen.
2055 3017 234 66 Gläsern,
2332 3019 116 57 blau
2488 3023 108 56 und

379 3069 105 56 leer
527 3070 131 57 blies
699 3073 112 57 sich
854 3098 91 34 um
987 3076 147 59 ihren
1179 3079 148 70 Kopf
1366 3083 115 58 eine
1515 3084 173 70 Kugel
1729 3089 105 66 auf,
1877 3093 108 56 und
2026 3095 93 55 wie
2155 3097 74 54 sie
2266 3095 119 58 alles
2420 3095 175 59 Leben

379 3168 139 46 rings
563 3150 51 55 in
654 3150 111 57 sich
808 3151 193 70 abfing,
1043 3155 232 60 erschien
1327 3159 125 68 jetzt
1509 3165 53 55 in
1620 3165 165 57 ihrem
1838 3167 166 59 kalten
2045 3170 206 69 Spiegel
2305 3173 91 56 der
2449 3174 148 57 dicke

376 3234 167 56 grüne
583 3225 220 71 Rumpf,
846 3230 94 57 der
978 3233 111 57 sich
1133 3257 99 35 von
1275 3235 310 64 flatternden
1628 3244 207 57 Nerven
1879 3269 94 35 wie
2011 3248 362 67 aufgeblättert
2412 3253 52 54 in
2505 3254 91 56 das

377 3300 168 68 Lager
586 3304 284 62 hinabließ.
929 3307 125 59 Und
1090 3310 168 58 Franz
1289 3314 173 58 fühlte
1495 3319 86 57 die
1613 3321 334 66 grauenhafte
1979 3323 202 59 Gewalt
2210 3325 92 57 der
2331 3329 260 56 einsamen

375 3380 415 61 unfruchtbaren
817 3385 507 75 eisfeuerspeienden
1345 3394 188 58 steifen
1555 3396 401 73 Anschwellung
1983 3424 153 45 rings,
2158 3403 98 57 den
2277 3404 284 69 schweigen-

374 3456 100 57 den
510 3456 143 60 Chor
692 3461 93 57 der
819 3461 148 67 Lust,
1001 3466 86 57 die
1124 3466 181 70 Gipfel
1339 3471 95 57 der
1465 3473 188 59 letzten
1689 3476 228 59 kahlsten
1950 3478 366 70 Lieblosigkeit
2455 3484 136 57 noch

372 3535 240 58 liebloser
670 3539 72 56 als
799 3541 147 59 nicht
1002 3542 196 60 lieben:
1254 3546 94 57 der
1388 3549 164 59 Liebe
1606 3554 222 57 Zusehen
1985 3555 125 59 Und
2163 3581 56 33 er
2272 3558 169 59 fühlte
2496 3561 96 59 mit

371 3610 189 58 letzten
604 3612 236 70 Funken,
884 3641 103 36 wer
1028 3621 90 59 das
1160 3645 226 47 vermag,
1430 3628 66 57 ist
1528 3631 94 56 der
1655 3630 161 58 Liebe
1848 3631 84 57 für
1962 3635 131 65 ewig
2120 3635 243 57 entrückt
2502 3638 89 58 hat

370 3687 86 59 die
496 3691 402 62 schneidendste
940 3697 179 66 Waffe,
1162 3699 89 58 hat
1292 3725 103 35 nur
1437 3705 219 69 Waffen,
1697 3723 142 43 sonst
1893 3709 185 67 nichts,
2135 3711 109 57 und
2302 3711 134 61 kann
2495 3719 96 56 mit

369 3765 91 57 der
493 3768 137 59 Welt
671 3772 239 66 machen,
950 3798 102 35 was
1094 3798 54 35 er
1189 3779 104 57 will

445 3846 133 66 Jetzt
611 3849 183 58 mußte
825 3852 94 57 der
958 3854 151 57 letzte
1143 3855 165 60 weiße
1338 3859 240 61 Abstand
1611 3885 119 36 vom
1763 3861 163 70 Lager
1955 3864 268 59 erlöschen
2365 3868 81 59 Da
2478 3871 109 58 sich

365 3921 302 62 schüttelnd
696 3926 107 58 hob
830 3951 57 35 er
906 3931 141 56 seine
1067 3931 161 58 Arme
1246 3958 203 47 empor,
1471 3939 184 67 packte
1675 3940 91 58 das
1786 3940 216 60 Eislicht
2117 3945 110 57 und
2255 3944 334 62 schmetterte
