3188 4572
1133 434 187 70 Alfred
1359 434 339 68 Wolfenstein
1748 448 21 25 *■
1823 426 139 60 Über
1994 431 140 53 allen
2168 431 244 53 Zaubern

657 437 74 56 32

660 653 169 66 waltig
865 652 92 56 wie
990 652 87 57 die
1110 651 144 55 Basis
1287 649 91 57 auf
1409 649 118 57 dem
1567 648 180 67 Gipfel
1784 647 311 57 balancierte
2127 647 109 56 und
2265 644 258 56 flüsterte:
2565 633 146 67 Über
2742 642 132 57 allen

661 729 259 56 Gesetzen
953 729 68 56 ist
1056 727 120 57 Ruh

738 807 181 63 Franz,
966 804 272 69 ärgerlich,
1291 803 103 58 daß
1444 826 54 35 er
1543 804 186 55 immer
1776 802 191 56 wieder
2015 799 233 65 versank,
2295 799 151 57 stand
2490 797 90 58 auf
2621 798 109 56 und
2766 799 109 55 sein

659 883 159 58 Stuhl
851 883 120 57 fuhr
1014 882 160 67 heftig
1209 884 77 55 ins
1319 880 231 58 Zimmer
1582 877 193 59 zurück
1813 880 97 55 wie
1943 880 85 54 ein
2065 877 240 56 Horcher
2352 898 84 33 am
2471 873 406 58 Schlüsselloch.

659 960 110 58 Aus
814 962 123 56 dem
974 960 217 56 Fenster
1238 959 53 56 in
1334 959 87 57 die
1470 959 362 65 Dämmerung
1884 954 229 69 gelehnt,
2162 954 168 56 fühlte
2373 976 56 34 er
2461 953 91 57 das
2587 952 147 55 Haus
2775 973 100 33 von

659 1038 333 57 dröhnender
1018 1037 154 58 Stadt
1191 1038 263 62 erzittern,
1483 1037 89 56 das
1600 1034 213 57 Pflaster
1840 1030 296 59 schwankte
2162 1029 257 57 zwischen
2444 1026 433 59 unterirdischem

661 1115 186 58 Rollen
882 1115 112 56 und
1031 1114 229 57 schwarz
1296 1113 315 58 sichtbarem
1647 1110 330 60 Gewimmel.
2016 1109 143 57 Aber
2194 1109 116 55 eine
2343 1107 202 57 scharfe
2570 1105 188 59 Straße
2792 1104 88 57 für

663 1193 113 57 sich
812 1194 155 56 baute
1006 1190 262 59 krachend
1301 1192 93 55 der
1422 1189 387 57 Autoomnibus
1837 1185 280 66 hindurch,
2154 1208 129 45 ganz
2311 1184 97 57 frei
2436 1184 146 56 tobte
2607 1184 86 58 die
2724 1181 155 58 Kraft

660 1273 92 54 des
785 1269 359 69 gigantischen
1182 1269 227 57 Kastens
1458 1267 157 57 heran
1663 1268 110 56 und
1822 1265 161 56 Franz
2024 1263 91 58 sah
2152 1263 358 57 bewundernd
2546 1261 102 56 den
2686 1259 191 57 kühlen

663 1347 205 57 Lenker
918 1345 335 59 vorbeiziehn
1395 1344 116 57 Von
1562 1345 92 55 der
1701 1344 228 56 anderen
1980 1340 142 57 Seite
2170 1339 235 57 erschien
2439 1340 83 54 ein
2557 1338 219 57 anderer
2806 1338 73 54 im

663 1424 237 65 Donner,
934 1427 97 53 mit
1061 1423 390 68 regungslosem
1479 1418 395 61 Statuenumriß
1902 1418 335 57 entschwand
2264 1437 56 35 er
2340 1415 90 59 auf
2449 1416 199 55 seinem
2667 1415 187 55 zittern-

661 1503 104 56 den
798 1503 131 57 Sitz.
970 1503 74 57 So
1078 1500 301 59 herrschten
1413 1503 74 53 sie
1517 1499 167 56 durch
1718 1499 85 56 die
1836 1498 172 63 Stadt,
2042 1495 112 57 ihre
2187 1494 152 56 Linie
2369 1493 266 66 durchzog
2667 1493 96 55 wie
2795 1491 85 55 ein

663 1579 241 58 Stahltau
950 1579 80 56 ihr
1074 1576 382 60 klammerndes
1502 1574 147 68 Auge
1694 1576 110 55 und
1850 1573 104 57 ließ
1987 1571 310 57 unbeirrbar
2336 1570 73 56 im
2441 1568 296 58 Schlucken
2770 1568 111 57 und

663 1658 195 67 Speien
901 1655 136 57 ihres
1072 1655 301 57 rennenden
1407 1654 203 57 Hauses
1642 1653 85 58 die
1761 1651 327 57 Riesenstadt
2118 1649 111 57 sich
2260 1648 250 57 abrollen.

744 1734 110 57 Das
876 1755 107 36 war
1013 1734 88 56 die
1120 1733 155 57 Stadt
1305 1733 92 55 der
1426 1730 221 64 Gewalt,
1670 1730 85 57 die
1776 1726 656 66 menschenschlingenden
2457 1724 201 57 Türme
2687 1722 196 58 besetzt

665 1813 98 56 mit
796 1810 276 65 Gesetzen,
1106 1810 91 56 das
1232 1832 102 34 war
1361 1809 86 56 die
1468 1809 170 63 Stadt,
1661 1809 52 54 in
1736 1808 85 55 die
1842 1829 55 33 er
1917 1805 136 57 noch
2076 1804 145 57 nicht
2240 1802 389 68 eingedrungen
2651 1823 105 34 war
2784 1830 21 9 -
2805 1823 76 32 —:

666 1888 116 57 Wie
829 1888 173 55 wollte
1046 1908 57 34 er
1146 1886 67 56 da
1260 1886 85 56 die
1378 1884 222 58 Gesetze
1647 1884 325 66 bewältigen,
2005 1881 140 56 ihres
2184 1882 295 55 steinernen
2514 1876 229 70 Körpers
2777 1876 71 57 Ur-

664 1970 331 62 zeugungen!
1050 1962 206 65 Seelen,
1309 1961 358 69 aufgemauert
1718 1961 96 56 wie
1864 1960 166 66 Berge
2081 1982 101 31 von
2237 1956 251 64 Leichen,
2538 1954 311 57 Automaten-

665 2042 239 69 häupter,
938 2041 596 62 Schienennervennetz,
1569 2037 263 68 Ordnung
1863 2037 131 56 über
2027 2035 276 66 Ordnung,
2336 2034 93 55 das
2463 2055 105 34 war
2615 2032 87 56 die
2749 2045 136 42 erste

666 2120 213 67 Treppe
899 2117 377 69 gegenseitiger
1298 2115 322 58 Herrschaft.
1643 2114 201 57 Hinauf
1845 2128 251 53 getreten,
2115 2134 106 34 wer
2242 2110 421 57 weiterkommen
2686 2107 199 57 wollte!

743 2196 71 56 Er
844 2195 125 57 aber
1002 2194 285 57 versteckte
1320 2192 111 58 sich
1464 2192 136 58 noch
1634 2195 203 53 immer.
1878 2190 70 57 Er
1980 2210 102 37 war
2114 2189 87 57 die
2234 2187 171 56 kleine
2437 2186 170 58 Stadt.
2649 2185 58 56 In
2734 2183 149 58 ihren

666 2272 299 59 kindlichen
1014 2272 275 58 Umrissen
1336 2270 160 57 zirkte
1545 2269 111 57 sich
1696 2269 110 57 sein
1841 2267 153 57 Geist
2023 2266 84 56 ab.
2170 2265 246 70 Idyllisch
2448 2263 95 56 wie
2579 2261 271 58 Fachwerk-

668 2350 321 57 häuserchen
1040 2349 200 57 reihten
1294 2347 110 57 sich
1456 2349 85 55 die
1595 2346 242 58 Schritte.
1895 2345 68 57 Es
2015 2343 214 68 verging
2281 2345 109 54 sein
2424 2340 220 58 Gesicht
2696 2342 52 55 in
2781 2341 104 55 den

668 2426 236 66 Massen,
937 2430 95 53 wie
1066 2450 152 33 wenn
1248 2426 210 66 jemand
1491 2425 137 56 klein
1661 2448 94 33 aus
1787 2423 120 56 dem
1943 2420 466 59 Kasernenfenster
2439 2417 136 57 sieht
2618 2418 112 56 und
2762 2417 124 57 alles

665 2505 238 63 erblickt,
925 2504 136 57 doch
1083 2504 146 57 nicht
1248 2501 220 58 erblickt
1489 2502 148 56 wird.
1665 2500 111 58 Der
1797 2500 334 67 grenzenlose
2151 2497 170 64 Wille,
2345 2497 99 56 mit
2465 2497 122 56 dem
2604 2516 56 34 er
2682 2493 204 57 hierher

668 2582 134 64 kam,
838 2604 103 34 war
979 2580 359 67 grenzenloser
1371 2578 169 58 Nebel
1581 2577 129 57 über
1743 2576 205 58 Wiesen
1981 2576 110 56 und
2126 2573 238 58 Feldern.
2408 2572 82 57 Da
2531 2572 269 56 bestaunte
2832 2591 56 34 er

668 2661 87 56 die
788 2657 282 59 Nacktheit
1102 2658 94 55 der
1228 2656 207 58 Gewalt
1468 2657 108 56 und
1610 2653 304 60 schmückte
1958 2656 74 53 sie
2063 2651 139 58 doch
2242 2652 185 55 immer
2472 2652 96 53 mit
2598 2648 288 57 Schleiern.

670 2737 156 59 Dann
862 2736 189 56 wieder
1084 2736 215 56 breitete
1331 2756 56 33 er
1418 2733 214 56 wütend
1663 2733 85 56 die
1779 2732 159 56 Brust
1968 2755 93 32 aus
2201 2727 142 58 Aber
2382 2727 84 56 die
2502 2726 256 57 Kindheit
2792 2727 96 55 wie

669 2816 84 55 ein
788 2811 407 68 kleingezackter
1226 2812 154 56 Stern
1422 2811 136 66 legte
1587 2834 66 33 an
1685 2811 85 56 die
1804 2808 328 66 Wölbungen
2174 2807 126 55 aller
2330 2806 156 54 Pläne
2518 2803 81 57 ihr
2632 2802 132 57 Maß
2804 2826 82 32 an.

749 2891 248 57 Zerstöre
1028 2890 98 55 sie!
1160 2911 103 33 war
1296 2890 110 54 sein
1435 2887 250 57 Gedanke
1710 2888 124 68 jetzt
1861 2888 185 54 immer
2155 2882 190 57 Mache
2366 2883 85 56 die
2477 2879 411 69 Vergangenheit

670 2992 65 33 zu
768 2970 171 54 einem
974 2965 190 64 Zufall,
1199 2965 177 57 wirble
1421 2963 185 59 hinaus
1653 2965 54 55 in
1752 2965 85 54 die
1884 2961 127 58 Luft
2058 2961 111 57 und
2208 2958 252 57 schüttele
2489 2958 85 64 ab,
2610 2981 100 33 was
2744 2956 145 57 nicht

669 3070 122 32 zum
825 3043 332 59 wurzellosen
1193 3041 131 67 Flug
1357 3041 202 67 gehört!
2728 3041 3 67 ■

748 3122 68 57 Er
866 3121 127 58 warf
1037 3119 112 58 sich
1197 3122 54 53 in
1296 3119 101 55 den
1444 3117 156 58 Stuhl
1649 3118 110 56 und
1792 3116 91 57 sah
1915 3114 133 59 nach
2080 3117 121 55 dem
2234 3123 198 57 grünen
2466 3111 147 57 Buch
2648 3109 240 59 hinüber.

670 3199 71 58 Er
787 3213 121 53 trug
955 3199 100 56 den
1101 3196 159 58 Stuhl
1306 3219 83 33 am
1437 3193 174 59 Gesäß
1658 3194 187 56 wieder
1891 3217 120 32 zum
2043 3191 182 58 Tisch.
2292 3191 169 55 Müde
2491 3199 190 46 stützte
2717 3210 56 34 er
2804 3188 86 55 die

671 3276 244 58 Schläfen
970 3278 51 54 in
1066 3276 87 56 die
1186 3273 188 57 Hände
1406 3273 111 56 und
1552 3271 191 57 blickte
1776 3271 176 63 hinab,
1987 3295 79 31 wo
2099 3271 93 54 das
2223 3267 149 58 Buch
2406 3267 233 67 langsam
2672 3268 95 53 wie
2797 3288 61 32 zu-

669 3354 225 58 fallende
928 3353 159 57 Lider
1119 3351 133 58 weiß
1286 3351 192 55 wurde.

750 3432 69 56 Es
852 3453 104 35 war
988 3431 105 55 still
1345 3427 80 57 bis
1458 3448 54 33 er
1543 3426 246 68 plötzlich
1812 3448 98 33 von
1935 3424 112 56 fern
2074 3424 212 56 Klavier
2306 3422 194 67 spielen
2523 3420 164 64 hörte,
2710 3418 180 57 kühles

673 3509 211 68 Spielen
1025 3508 82 55 ein
1140 3527 160 36 neuer
1334 3503 244 57 Nachbar
1719 3503 102 56 Die
1869 3502 194 56 oberen
2113 3499 151 57 Töne
2305 3502 191 63 stiegen
2533 3499 54 55 in
2620 3497 270 56 rasendem

675 3586 137 57 Lauf
858 3584 134 57 nach
1033 3586 171 66 jedem
1248 3582 199 58 Sinken
1494 3579 159 57 höher
1809 3578 265 69 begruben
2117 3579 95 55 mit
2244 3577 278 56 tanzender
2554 3574 222 57 Stimme
2806 3573 85 56 die

674 3664 227 56 schwere
933 3660 184 58 Arbeit
1149 3662 93 56 der
1272 3658 235 58 Baßtöne
1647 3657 183 67 griffen
1864 3660 185 54 immer
2081 3658 174 55 weiter
2288 3677 101 33 von
2422 3653 157 56 ihnen
2626 3652 105 55 fort
2763 3650 128 56 über

675 3742 83 56 die
791 3739 194 59 Tasten
1021 3738 183 57 hinaus
1238 3740 52 53 in
1323 3734 377 69 eisigschönem
1736 3733 423 66 Flammenklang
2192 3734 95 53 wie
2319 3729 89 58 auf
2437 3729 188 57 höhere
2655 3728 237 57 Klaviere

674 3819 130 56 über
945 3815 110 59 und
1088 3815 183 68 griffen
1306 3813 243 58 dennoch
1582 3815 186 54 immer
1798 3812 161 55 näher
2100 3810 79 56 bis
2212 3813 52 53 in
2295 3809 166 57 ihrem
2488 3807 264 66 Schwung
2780 3807 112 54 eine

675 3897 224 56 Stimme
929 3897 178 53 weiter
1139 3892 211 67 sprach:
