3189 4572
733 420 142 52 Rene
907 414 269 58 Schickele
1219 436 22 23 ♦
1284 416 108 52 Die
1421 415 234 53 schönste
1686 415 219 53 Stimme
1936 417 63 51 in
2032 416 323 55 Frankreich

2617 413 33 59 7

532 620 84 70 Es
650 620 107 74 hat
792 620 135 71 vier
960 618 189 85 Jahre
1179 647 80 40 an
1285 615 322 71 Männern
1642 614 259 82 gefehlt.
1952 615 184 72 Ihren
2170 616 172 71 Platz
2375 618 274 69 nahmen

438 712 247 72 Frauen
720 714 127 69 ein.
914 710 252 80 Suares,
1204 710 134 70 hier
1373 705 330 74 kreischen
1736 708 90 70 sie
1855 709 119 69 wie
2005 709 100 69 ein
2138 708 221 73 Pfaffe.

536 823 92 70 Im
671 820 265 73 Verlauf
983 821 113 70 der
1153 816 443 73 rhetorischen
1647 814 357 86 Ereignisse
2060 816 200 71 lassen
2311 817 127 79 Sie,
2490 818 160 69 nach

437 915 289 79 Trotzki,
762 915 127 70 den
909 911 608 83 „Caliban-Lenin“
1555 908 187 70 mehr
1757 907 413 81 bemitleidet,
2206 908 90 70 als
2312 908 126 70 daß
2456 935 66 43 er
2540 908 111 73 ihn

439 1007 213 82 haßte,
706 1006 303 70 Coriolan
1059 1004 136 72 und
1244 1004 264 71 Danton
1559 1000 112 71 auf
1672 1019 230 52 treten.
1982 1000 125 71 Die
2162 1000 322 85 begegnen
2538 1000 116 70 der

438 1100 496 84 Allgemeinheit
952 1100 118 71 der
1085 1095 502 90 proletarischen
1606 1094 306 70 Diktatur
1928 1095 116 67 mit
2061 1093 590 85 Allgemeinheiten,

440 1197 118 70 wie
584 1195 114 72 der
725 1194 230 84 Frage:
981 1193 310 81 „Warum
1314 1190 231 71 sollten
1572 1188 105 70 die
1694 1188 207 70 Läuse
1926 1187 182 69 keine
2128 1185 206 71 Ideale
2358 1187 295 73 haben?“

440 1287 304 72 Coriolan
786 1287 132 72 ruft
965 1316 146 41 aus:
1154 1284 182 80 „Das
1369 1282 134 72 Beil
1555 1281 159 69 über
1747 1279 127 71 den
1907 1278 272 71 Pöbel!“
2248 1278 154 72 Und
2448 1308 207 55 genug

440 1382 115 71 des
591 1380 284 72 Geredes
910 1410 125 42 von
1077 1381 114 71 der
1224 1376 316 71 Kindheit
1588 1376 176 70 eines
1797 1371 268 72 Volkes:
2115 1371 169 81 „Die
2316 1372 343 70 Schwäche

440 1475 117 70 der
593 1475 247 71 Kinder
890 1474 215 69 macht
1150 1471 92 70 sie
1289 1469 428 71 liebenswert.
1780 1466 240 70 Hätten
2070 1466 91 69 sie
2192 1463 106 70 die
2331 1463 204 79 Kraft,
2571 1465 89 68 sie

440 1582 211 57 wären
688 1566 551 84 Ungeheuer...“
1310 1560 333 81 Kerenski,
1679 1560 114 71 der
1826 1557 260 73 erklärt:
2137 1556 156 80 „Ich
2343 1555 126 71 will
2517 1556 142 70 kein

443 1663 215 70 Marat
691 1662 207 78 sein“,
932 1658 202 72 erhält
1168 1686 126 43 von
1322 1655 264 70 Danton
1613 1681 113 43 zur
1748 1653 326 71 Antwort:
2100 1649 170 85 „Sag
2297 1648 213 80 lieber,
2538 1648 125 71 daß

443 1756 91 69 du
581 1756 106 69 ein
713 1752 449 84 Schwächling
1196 1750 151 72 bist.
1406 1748 111 71 Du
1543 1749 175 69 wirst
1750 1747 150 69 dich
1933 1744 198 72 selbst
2164 1744 66 70 in
2255 1742 219 71 deiner
2499 1738 123 73 Bad-

442 1877 229 41 wanne
694 1844 364 74 ersäufen.“
1105 1841 265 73 Worauf
1389 1838 536 81 KerenskiT„lch
1953 1837 164 71 habe
2142 1837 102 68 ein
2270 1853 182 68 gutes
2476 1834 187 79 Herz,

443 1941 140 72 und
616 1942 102 70 ich
750 1940 113 71 bin
899 1938 265 73 krank.“

539 2049 87 71 So
652 2048 138 72 und
818 2048 177 72 nicht
1021 2045 227 71 anders
1276 2045 206 70 lassen
1511 2041 462 71 Kraftnaturen
1995 2040 118 70 seit
2140 2039 133 71 vier
2297 2036 231 85 Jahren
2561 2035 107 70 die

445 2142 427 81 „Pazifisten“
908 2139 218 71 reden.

541 2250 82 72 Fs
656 2264 164 57 wäre
853 2250 103 69 ein
983 2246 287 72 Wunder
1294 2272 307 56 gewesen,
1629 2271 187 41 wenn
1844 2241 176 70 nicht
2047 2241 67 67 in
2140 2238 240 70 diesem
2405 2234 217 84 Augen-

445 2344 172 71 blick
635 2345 101 68 ein
759 2340 277 72 General
1054 2340 113 71 der
1185 2337 473 73 französischen
1680 2332 381 74 Revolution
2081 2361 126 41 von
2228 2330 114 72 der
2353 2327 267 71 Zimmer-

444 2438 202 71 decke
687 2435 520 84 herabgestiegen
1240 2445 185 57 wäre.
1477 2430 85 70 Er
1593 2430 169 70 zieht
1803 2427 123 70 den
1962 2424 211 81 Säbel,
2207 2424 136 69 und
2375 2422 114 70 wir
2522 2420 145 72 sind

447 2533 232 68 mitten
738 2530 67 69 in
863 2531 113 70 der
1026 2525 334 85 Legende:
1412 2523 156 81 „Du
1618 2524 235 70 hattest
1905 2519 402 80 Kornilow“,
2364 2516 303 73 schnauzt

449 2624 300 70 Danton:

543 2731 106 66 „Er
677 2731 142 56 hätte
845 2730 84 55 ein
960 2726 185 59 Hoche
1173 2727 109 56 sein
1310 2725 228 64 können,
1567 2744 56 34 er
1654 2722 143 57 hätte
1827 2719 142 65 dich,
2005 2716 274 67 Kerenski,
2311 2728 217 55 gerettet
2559 2712 109 58 und

449 2810 266 57 Russland
749 2808 98 58 mit
877 2807 117 57 dir.
1023 2850 49 13 ..
1111 2803 143 59 Aber
1286 2803 90 64 du,
1409 2803 96 56 der
1535 2801 74 57 du
1649 2799 101 58 alle
1780 2797 240 58 Verräter
2058 2796 325 67 begnadigst,
2424 2792 90 56 ihn
2557 2791 112 55 hast

450 2887 75 59 du
566 2910 122 34 zum
722 2885 155 57 Tode
929 2882 289 58 verurteilt.
1273 2879 91 58 Du
1412 2877 246 58 könntest
1710 2876 149 58 nicht
1911 2874 91 58 das
2053 2873 123 57 Blut
2227 2872 141 54 eines
2419 2868 248 66 räudigen

453 2963 225 60 Huhnes
711 2984 321 45 vergiessen;
1082 2959 125 58 aber
1238 2959 74 56 du
1345 2954 251 60 schrickst
1640 2953 149 59 nicht
1835 2953 162 57 davor
2041 2948 210 65 zurück,
2297 2970 169 33 einem
2500 2942 167 58 Mann

450 3043 105 57 den
580 3041 147 68 Kopf
753 3038 355 59 abschneiden
1139 3061 66 33 zu
1232 3036 186 63 lassen,
1447 3057 153 33 wenn
1630 3033 173 57 dieser
1832 3028 149 70 Kopf
2006 3024 445 61 hunderttausend
2477 3023 192 56 andere

453 3136 130 42 wert
611 3121 82 56 ist.
726 3117 119 58 Alle
866 3114 399 68 Schwächlinge
1285 3113 119 56 sind
1426 3109 286 66 Heuchler,
1732 3108 99 57 alle
1851 3104 395 65 Schwächlinge
2267 3102 116 57 sind
2406 3099 264 67 Lügner.“

546 3229 138 71 Seit
712 3229 133 70 vier
862 3226 231 85 Jahren
1111 3224 136 83 gibt
1265 3252 171 50 man,
1459 3222 66 70 in
1544 3219 281 72 hundert
1841 3217 389 79 Fassungen,
2250 3212 104 69 die
2371 3206 301 84 Legende

452 3354 138 49 aus,
626 3321 128 72 daß
778 3321 116 70 wir
931 3319 331 84 irgendein
1290 3314 395 72 Glanzstück
1722 3342 112 40 aus
1859 3310 112 70 der
1996 3304 387 73 Geschichte
2406 3300 228 71 wieder-

454 3415 215 73 holen.
734 3412 321 73 Blutende
1089 3410 426 85 Gespenster!
1558 3408 137 72 Wir
1728 3401 319 75 brauchen
2082 3399 177 71 nicht
2298 3393 234 73 einmal
2566 3393 110 69 die

456 3508 195 73 Hand
663 3507 513 79 auszustrecken,
1188 3534 111 41 um
1315 3503 105 70 die
1435 3499 199 74 reifen
1648 3498 273 72 Früchte
1934 3520 259 44 unserer
2206 3487 467 74 idealistischen

454 3602 367 83 Erziehung
845 3631 82 40 zu
953 3598 322 87 pflücken.
1303 3594 336 88 („Warum
1666 3591 227 72 sollten
1914 3588 102 70 die
2037 3586 203 69 Läuse
2265 3582 186 70 keine
2469 3578 209 74 Ideale

457 3695 343 89 haben?“)
852 3692 112 71 Sie
1009 3686 451 77 zertrommeln
1502 3687 108 71 die
1646 3682 233 89 Köpfe,
1930 3680 166 69 ohne
2145 3674 127 74 daß
2319 3672 175 71 diese
2538 3671 139 71 sich

457 3789 289 77 rührten,
785 3786 99 70 bis
917 3803 189 53 unter
1138 3784 105 70 die
1268 3780 188 80 Erde,
1494 3780 68 70 in
1595 3779 105 69 die
1732 3776 90 71 sie
1853 3774 134 71 sich
2014 3768 432 74 verkriechen.
2493 3763 188 83 „Alle

458 3879 493 82 Schwächlinge
972 3879 149 71 sind
1148 3874 343 80 Heuchler,
1519 3871 121 71 alle
1665 3865 477 81 Schwächlinge
2166 3860 149 72 sind
2340 3860 259 82 Lügner
2665 3887 16 41 :
