2672 4015
683 348 151 48 THE
865 353 49 45 P
919 355 159 53 RES
1083 357 100 47 HA
1193 358 102 55 RE
1297 360 145 47 PEA
1450 360 100 53 RE
1551 361 45 46 A
1605 361 57 46 N
1692 361 268 48 STAGE.

2362 378 90 44 155

186 453 56 43 of
275 453 94 42 the
406 454 285 53 speeches,
725 458 213 47 tirades
975 467 105 41 and
1135 467 321 56 soliloquies
1511 471 178 43 which
1747 472 68 42 he
1869 472 102 42 had
2025 473 139 42 been
2220 477 152 40 wont
2425 477 58 41 to

181 541 214 44 deliver
430 542 55 41 in
523 545 127 40 that
684 547 117 42 role
839 561 144 42 upon
1040 556 96 43 the
1188 560 191 52 stage:
1435 562 56 41 in
1543 561 108 43 1611
1705 562 113 42 two
1873 561 243 52 pastoral
2171 562 33 23 44
2229 561 177 45 favole

184 635 33 23 44
247 631 55 44 L'
324 634 309 50 Ingannata
670 636 334 56 Proserpina
1096 650 105 41 and
1254 651 33 21 44
1314 649 342 48 L'Altarezza
1704 654 53 40 di
1808 654 220 42 Narciso
2138 653 106 43 and
2281 654 53 40 in
2372 653 114 44 1618

191 724 94 42 the
318 724 36 19 44
385 722 419 52 Ragionamenti
840 729 285 48 fantastici
1149 739 144 49 posti
1319 741 54 40 in
1398 738 178 45 forma
1600 743 52 42 di
1676 741 243 53 dlaloghi
1942 744 467 51 rappresentativi

185 813 142 41 Four
362 824 161 41 years
559 811 331 50 afterwards
926 821 66 44 he
1025 827 289 48 published
1350 830 96 42 the
1481 833 199 42 second
1715 835 126 50 part
1874 832 55 44 of
1961 834 96 42 the
2098 835 34 23 44
2159 833 244 43 Bravure

184 905 104 42 and
329 903 124 44 died
495 907 51 39 in
585 907 231 44 Mantua
851 922 68 32 on
956 912 216 56 August
1205 929 85 42 20,
1326 921 142 52 1624.

379 993 282 55 referring
696 998 57 41 to
791 999 82 42 his
908 1012 122 32 own
1068 1004 265 54 principal
1381 1009 117 44 role
1554 1011 266 44 Andreini
1873 1015 190 43 writes
2118 1026 57 30 as
2230 1013 250 56 follows:

252 1086 145 40 Most
432 1087 255 49 gracious
724 1091 245 51 readers,
1002 1093 165 42 while
1202 1096 17 40 1
1256 1097 167 43 dwelt
1455 1101 55 41 In
1547 1102 94 41 the
1688 1100 214 45 famous
1953 1105 276 54 Company
2276 1105 57 42 of
2380 1106 99 42 the

183 1178 30 22 44
255 1176 204 42 Comici
495 1176 201 52 Gelosi,
727 1180 211 52 (whose
971 1180 146 44 fame
1152 1185 111 42 will
1300 1197 168 33 never
1500 1200 90 32 see
1625 1192 73 41 its
1741 1191 108 43 last
1902 1194 200 54 night),
2156 1196 43 41 it
2255 1195 220 52 pleased

258 1277 83 30 me
377 1267 58 41 to
472 1271 292 48 represent
804 1270 54 40 in
914 1271 97 41 the
1064 1272 152 55 plays
1268 1276 97 42 the
1421 1281 126 48 part
1600 1280 55 42 of
1702 1293 30 30 a
1779 1285 196 50 proud,
2022 1286 295 42 ambitious
2371 1286 105 42 and

188 1357 33 25 44
259 1357 273 52 bragging
564 1357 224 58 soldier,
824 1359 206 54 calling
1065 1364 196 52 myself
1294 1366 230 51 Capitan
1573 1370 273 51 Spavento
1897 1373 66 40 da
2011 1373 115 42 Vail
2166 1373 51 43 d'
2240 1374 239 46 Inferno.

189 1449 34 23 44
263 1449 116 39 And
418 1459 59 30 so
513 1450 161 41 much
711 1450 90 42 did
837 1451 17 41 I
891 1450 215 53 delight
1139 1454 55 42 in
1229 1455 112 42 this
1374 1456 126 42 that
1533 1458 17 42 I
1586 1458 100 43 left
1721 1458 77 43 off
1829 1460 185 54 acting
2067 1474 88 41 my
2208 1464 268 52 principal

195 1539 33 19 44
264 1540 127 47 part
425 1539 178 42 which
660 1552 111 30 was
825 1540 127 42 that
1006 1539 54 44 of
1112 1543 97 42 the
1265 1545 369 45 Innamorato.
1684 1548 118 42 And
1856 1549 230 43 because
2122 1553 16 41 I
2173 1552 214 43 desired
2422 1554 57 41 to

183 1629 38 24 44
256 1628 272 43 maintain
567 1642 88 41 my
691 1632 285 51 standing,
1011 1634 104 41 and
1155 1636 98 40 not
1290 1634 114 43 lose
1454 1638 124 41 that
1627 1638 142 42 fame
1817 1639 177 42 which
2032 1642 15 39 I
2084 1641 100 42 had
2221 1643 255 51 acquired

183 1721 30 20 44
251 1719 54 40 in
343 1719 160 41 those
538 1717 217 46 famous
790 1721 185 53 times,
1012 1722 16 42 I
1065 1724 234 42 devoted
1337 1724 194 55 myself
1563 1728 133 41 with
1733 1730 159 40 much
1928 1732 351 42 earnestness
2303 1733 59 41 to
2385 1733 95 44 the

180 1808 33 26 44
249 1810 166 52 study
451 1807 54 43 of
541 1810 94 41 the
669 1811 128 51 part
832 1808 54 45 of
919 1812 97 42 the
1050 1812 272 46 aforesaid
1359 1816 232 52 Captain
1628 1816 180 53 alone,
1840 1829 60 31 so
1933 1830 58 32 as
2015 1821 57 39 to
2096 1820 202 42 render
2330 1820 66 52 it,
2419 1831 57 32 so

183 1901 31 19 44
251 1897 88 45 far
373 1911 59 31 as
467 1900 88 52 lay
590 1901 55 41 in
683 1912 88 42 my
805 1914 206 40 power,
1046 1904 116 41 rich
1202 1906 107 41 and
1343 1905 122 43 well
1500 1907 259 42 adorned.
1795 1937 32 22 ~

283 1992 69 41 As
385 1989 90 44 for
508 1991 96 42 the
654 1989 216 45 famous
920 2003 268 41 company
1241 1992 55 44 of
1346 1995 33 22 44
1409 1995 18 41 I
1463 1994 178 44 Gelosi
1775 1997 67 41 he
1896 1997 275 44 describes
2226 1999 43 40 it
2323 1997 149 51 thus,

178 2080 254 51 showing
466 2080 44 41 it
542 2080 60 42 to
639 2080 138 43 have
813 2081 139 43 been
988 2083 54 40 in
1078 2084 160 40 truth
1274 2095 29 31 a
1336 2085 34 23 44
1394 2085 120 41 star
1547 2094 262 43 company
1900 2085 251 51 working
2185 2095 144 42 upon
2375 2085 96 41 the

178 2171 158 51 stage
372 2170 137 41 with
545 2170 95 41 the
677 2170 270 55 harmony
981 2170 56 43 of
1069 2183 31 30 a
1133 2171 374 44 well-trained
1549 2174 304 43 orchestra.

274 2262 34 23 44
344 2259 175 43 These
555 2260 194 42 united
787 2262 315 43 comedians
1138 2264 193 40 named
1388 2262 334 43 themselves
1774 2264 95 41 the
1919 2264 34 24 44
1977 2264 202 42 Comici
2216 2262 178 44 Gelosi

174 2348 39 27 44
246 2351 108 40 and
393 2351 105 40 had
534 2361 59 31 as
627 2349 199 52 ensign
865 2362 28 30 a
926 2348 298 46 two-faced
1260 2353 171 41 Janus
1464 2352 133 40 with
1623 2363 30 31 a
1677 2353 176 41 motto
1877 2353 178 42 which
2081 2352 116 43 said
2234 2356 35 21 44
2293 2353 183 52 Virtu,

178 2442 34 20 44
247 2439 164 44 Fama
447 2442 63 41 ed
551 2442 185 42 Honor
771 2452 66 31 ne
871 2439 86 44 fer
990 2439 172 54 gelosi
1332 2442 142 41 Such
1510 2443 310 51 companies
1853 2453 92 31 are
1981 2453 70 31 no
2085 2441 192 53 longer
2307 2443 59 42 to
2409 2445 65 40 be

175 2531 38 24 44
242 2530 198 50 found,
470 2531 214 51 though
722 2530 79 43 let
833 2531 114 42 this
983 2531 64 42 be
1084 2531 337 42 understood
1456 2542 59 31 as
1549 2532 113 41 said
1698 2531 133 43 with
1868 2530 70 43 all
1991 2530 137 53 good
2176 2530 208 53 feeling
2417 2532 54 42 in

171 2621 36 22 44
245 2621 197 53 regard
480 2622 57 40 to
571 2620 159 42 those
767 2621 165 51 today
966 2619 140 43 alive
1127 2630 14 39 ;
1195 2620 105 40 and
1336 2617 39 43 if
1408 2630 60 32 so
1503 2620 65 42 be
1616 2620 124 42 that
1790 2620 134 42 such
1976 2630 93 32 are
2117 2619 192 49 found,
2343 2620 129 52 they

171 2712 36 23 44
244 2721 92 32 are
373 2709 316 52 companies
724 2710 179 42 which
941 2710 134 42 have
1110 2707 128 54 only
1271 2709 159 42 three
1465 2719 61 32 or
1559 2706 126 45 four
1715 2707 116 42 fine
1867 2709 337 50 characters,
2237 2709 106 40 and
2377 2707 95 42 the

176 2804 33 23 44
245 2801 190 44 others
471 2812 94 30 are
600 2798 58 44 of
691 2800 95 42 the
838 2799 249 43 smallest
1140 2798 177 49 value,
1373 2799 105 40 and
1528 2800 66 41 do
1649 2799 100 42 not
1797 2799 331 52 correspond
2185 2798 134 41 with
2376 2798 96 41 the

175 2894 36 23 44
245 2890 305 55 principals
585 2902 59 31 as
679 2890 92 42 did
807 2889 73 43 ail
917 2889 94 43 the
1046 2890 155 51 parts
1235 2886 55 45 of
1337 2889 126 42 that
1507 2888 216 42 famous
1766 2898 286 42 company,
2100 2888 176 42 which
2328 2895 144 32 were

175 2987 36 23 44
245 2983 71 43 ail
354 2980 349 45 remarkable
725 3002 14 32 j
774 2982 55 40 in
865 2978 114 44 fact
1013 2982 43 39 it
1079 2991 112 31 was
1216 2979 132 42 such
1371 2979 125 42 that
1519 2979 44 41 it
1582 2979 85 41 set
1690 2978 95 41 the
1811 2978 261 41 standard
2096 2974 88 45 for
2203 2977 271 42 dramatic

174 3077 31 24 44
245 3076 107 49 art,
390 3073 212 52 beyond
639 3071 181 43 which
860 3082 67 31 no
962 3071 228 42 modern
1227 3080 265 41 company
1525 3067 55 43 of
1611 3068 311 42 comedians
1957 3077 98 32 can
2091 3077 144 38 pass.
2408 3074 64 37 &

571 3205 795 51 FLAMINIO
1465 3205 597 51 SCALA.

181 3342 362 93 pLAMINIO
578 3341 233 46 SCALA.
948 3340 125 43 Was
1127 3340 138 41 born
1319 3337 169 42 about
1541 3346 124 40 1559
1714 3334 55 44 of
1817 3346 31 31 a
1897 3332 160 45 noble
2107 3332 210 56 family,
2373 3335 100 42 but

263 3435 106 43 few
406 3435 234 43 definite
672 3433 144 43 facts
851 3441 62 32 or
946 3430 155 41 dates
1135 3426 55 43 of
1224 3426 85 42 his
1342 3425 153 53 early
1528 3425 91 43 life
1667 3436 94 32 are
1811 3421 336 55 obtainable,
2180 3434 127 33 save
2348 3424 125 42 that

173 3528 67 42 he
291 3538 111 33 was
452 3539 30 31 a
532 3525 115 45 fine
697 3525 156 41 actor
904 3521 56 41 in
1011 3520 95 42 the
1140 3516 116 45 role
1289 3515 56 45 of
1375 3518 95 42 the
1506 3518 30 21 44
1567 3518 347 40 Innamorato
2408 3519 65 37 /
