2672 3957
168 310 1527 89 SHAKESPEARE'S
1829 323 573 71 PLAYS

170 433 130 87 by
384 432 470 71 Gordon
923 432 411 88 Craig.

179 606 183 42 I-low
398 609 45 40 is
480 609 43 40 it
556 607 126 44 that
717 611 96 41 the
858 615 342 51 manuscript
1254 615 54 43 of
1356 616 428 55 Shakespeare's
1840 619 216 53 Plays...
2109 630 130 32 over
2284 620 177 53 thirty

279 696 211 55 plays...
527 699 98 42 has
660 709 172 33 never
866 703 138 40 been
1044 701 169 46 found
1235 706 27 41 ?
1314 708 130 42 How
1493 710 45 41 is
1591 710 43 41 it
1681 712 126 40 that
1856 710 101 42 not
2004 720 32 31 a
2084 719 136 41 page
2269 706 56 45 of
2377 710 83 42 his

174 774 344 52 manuscript
551 774 98 42 has
683 775 140 42 been
857 774 173 43 found
1054 778 24 40 ?
1112 779 130 42 How
1277 783 46 40 is
1357 783 45 40 it
1435 784 123 41 that
1611 785 96 42 the
1759 784 340 51 manuscript
2147 784 97 42 has
2295 794 169 32 never

172 863 233 42 reached
442 874 63 32 us
541 861 56 45 of
630 875 30 31 a
693 864 175 53 single
903 865 123 55 play
1060 870 99 40 out
1192 868 55 43 of
1280 872 95 40 the
1408 873 178 52 thirty
1622 875 101 41 odd
1759 874 151 55 plays
1930 874 27 42 ?
2000 875 48 41 It
2096 873 178 43 would
2328 874 132 42 have

176 955 137 41 been
350 966 29 30 a
414 952 114 45 fine
562 955 151 52 sight
745 957 59 42 to
837 968 150 32 see...
1020 958 114 42 this
1168 963 344 50 manuscript
1544 963 53 42 of
1630 966 176 41 which
1844 967 109 40 Ben
1989 967 207 42 Jonson
2230 963 129 44 tells
2396 976 61 30 us

172 1044 130 42 that
335 1047 102 40 not
470 1058 30 29 a
534 1046 113 43 line
682 1058 111 32 was
829 1047 234 44 blotted.
1163 1056 66 35 &
2149 1065 64 34 &
2395 1065 66 35 &

174 1142 64 36 ■£*
274 1137 70 42 So
379 1138 224 43 curious
637 1148 29 32 a
701 1138 297 43 document
1031 1138 193 43 should
1263 1140 136 43 have
1436 1142 136 42 been
1623 1147 312 47 preserved.
1983 1147 133 42 Who
2166 1146 289 52 destroyed

174 1226 91 42 it?
301 1227 136 42 Who
471 1226 135 44 took
640 1239 123 31 care
799 1230 125 40 that
961 1231 97 39 not
1080 1240 30 30 a
1133 1228 176 54 single
1343 1241 134 42 page
1502 1230 55 43 of
1582 1235 338 51 manuscript
1938 1236 192 42 should
2159 1237 61 41 be
2245 1236 212 41 handed

174 1317 157 41 down
367 1316 89 43 for
490 1329 63 32 us
586 1321 60 41 to
679 1331 93 31 see
791 1320 24 42 ?
910 1330 60 36 j0
1159 1328 1305 41 •&&&&&&

275 1406 126 42 Was
435 1408 47 40 it
515 1409 295 52 destroyed
848 1411 66 51 by
947 1409 379 52 Shakespeare
1354 1411 25 41 ?
1413 1410 117 43 And
1566 1410 42 43 if
1638 1424 79 38 so,
1751 1414 122 51 why
1907 1425 108 31 was
2051 1415 65 41 he
2150 1427 58 30 so
2253 1411 205 46 careful

174 1499 58 39 to
269 1496 225 53 destroy
527 1498 98 40 the
661 1500 345 51 manuscript
1037 1500 159 42 when
1232 1500 96 41 the
1362 1500 150 54 plays
1547 1512 144 31 were
1727 1502 218 53 already
1977 1504 215 50 printed
2213 1503 27 43 ?

277 1589 17 41 I
332 1588 210 43 believe
575 1589 128 42 that
736 1590 45 41 it
814 1601 112 31 was
959 1592 290 50 destroyed
1286 1592 68 50 by
1387 1590 392 54 Shakespeare,
1803 1594 103 40 and
1931 1590 87 45 for
2041 1604 29 31 a
2094 1604 128 44 very
2243 1594 221 42 natural

176 1687 198 32 reason
410 1677 179 42 which
625 1688 82 32 we
740 1678 139 42 shall
914 1689 150 32 come
1098 1681 59 40 to
1207 1678 143 43 later
1399 1691 89 37 on,
1538 1681 104 40 and
1696 1682 229 40 because
1981 1682 65 40 he
2095 1693 109 31 was
2254 1693 29 29 a
2333 1693 131 41 very

180 1768 205 42 human
424 1769 182 51 being,
639 1771 105 40 and
783 1781 150 32 more
967 1768 56 43 of
1058 1782 29 31 a
1121 1769 230 54 literary
1388 1781 123 32 man
1549 1772 132 41 than
1718 1782 67 33 an
1821 1773 173 41 actor.
2155 1781 63 33 &

274 1860 161 52 Many
468 1858 193 54 people
698 1860 135 43 have
867 1858 102 45 felt
1000 1861 129 42 that
1160 1861 167 42 there
1362 1862 45 41 is
1441 1872 31 31 a
1506 1863 244 51 mystery
1783 1862 169 41 about
1992 1862 94 42 the
2137 1861 325 51 authorship

178 1946 54 44 of
294 1949 97 41 the
439 1949 450 54 Shakespearean
942 1951 244 52 Dramas,
1237 1952 104 41 and
1394 1950 42 43 if
1496 1961 148 32 some
1691 1950 104 43 few
1844 1951 115 42 find
2010 1951 340 43 satisfaction
2406 1952 55 40 in

176 2036 235 55 shifting
444 2040 97 42 the
576 2040 330 52 authorship
941 2037 139 45 from
1117 2051 103 32 one
1256 2039 298 43 individual
1609 2041 57 40 to
1717 2041 232 42 another
1996 2039 321 49 individual,
2366 2040 95 41 the

179 2140 160 44 many
374 2142 93 31 are
504 2133 99 40 not
635 2143 59 30 so
729 2130 247 45 satisfied
999 2143 14 38 ;
1047 2134 125 50 and,
1197 2130 41 45 if
1261 2131 268 54 anything
1562 2131 259 42 continue
1858 2133 56 39 to
1947 2142 144 31 seem
2114 2129 352 53 mysterious,

178 2222 44 42 it
256 2223 46 41 is
336 2222 98 42 the
468 2220 195 52 simple
696 2219 114 45 fact
842 2222 127 40 that
999 2222 94 42 the
1126 2220 178 42 whole
1338 2222 174 42 series
1548 2219 56 43 of
1637 2220 225 42 Dramas
1912 2220 45 42 is
2005 2220 312 51 something
2370 2220 94 40 too

179 2309 231 45 colossal
445 2311 88 43 for
566 2322 103 30 one
705 2322 123 30 man
862 2314 60 40 to
959 2311 135 44 have
1130 2311 240 43 created.
1404 2312 101 40 Yet
1536 2312 135 49 they
1704 2312 202 40 cannot
1938 2308 120 43 well
2094 2319 89 32 see
2210 2311 119 40 how
2356 2311 110 39 two

179 2412 63 33 or
275 2402 160 42 three
470 2402 232 42 authors
736 2401 158 43 could
928 2402 75 42 sit
1033 2411 133 43 year
1199 2398 144 45 after
1374 2411 133 43 year
1538 2401 279 52 together,
1849 2399 103 42 and
1987 2397 203 53 affably
2213 2408 251 40 compose

178 2493 158 42 these
368 2492 316 50 turbulent,
719 2490 294 53 rollicking
1046 2491 273 43 wonders.

280 2584 18 41 I
335 2582 199 43 hazard
572 2592 31 31 a
635 2591 164 42 guess
832 2580 176 43 which
1044 2580 45 42 Is
1122 2590 59 32 as
1232 2580 158 42 much
1442 2591 31 29 a
1520 2590 160 41 guess
1728 2590 59 30 as
1831 2578 70 42 all
1950 2578 96 42 the
2155 2577 256 43 evidence

180 2674 244 51 brought
454 2671 265 54 together
752 2671 54 41 in
862 2670 150 52 large
1060 2669 248 44 volumes
1359 2670 169 42 about
1573 2669 398 50 Shakespeare.
2022 2670 16 39 I
2088 2667 204 44 believe
2343 2669 123 39 that

175 2766 160 41 there
372 2765 44 42 is
452 2775 30 31 a
518 2763 244 52 mystery
795 2763 170 40 about
999 2761 94 41 the
1127 2760 329 50 authorship
1491 2756 54 45 of
1592 2759 96 42 the
1737 2758 169 53 plays,
1958 2759 98 40 but
2107 2759 96 39 not
2253 2768 29 29 a
2333 2766 131 41 very

181 2857 135 49 deep
352 2865 137 40 one;
524 2854 106 42 and
665 2853 127 42 that
821 2850 87 43 for
940 2850 114 43 this
1087 2860 197 32 reason
1319 2850 45 41 it
1398 2850 95 41 has
1528 2848 195 43 eluded
1754 2849 158 42 those
1936 2858 223 42 sappers
2184 2846 119 41 who
2330 2846 135 41 have

178 2944 194 52 passed
410 2944 46 41 it
489 2942 165 43 while
688 2940 240 52 delving.
964 2939 15 42 1
1013 2939 254 42 consider
1299 2938 95 41 the
1430 2938 242 51 mystery
1707 2938 57 41 to
1813 2938 64 41 be
1911 2948 28 29 a
1973 2935 182 45 subtle
2206 2946 120 40 one,
2363 2935 101 41 but

176 3036 99 42 not
311 3033 114 43 half
457 3045 60 31 so
551 3032 184 43 subtle
771 3042 58 31 as
862 3031 94 42 the
993 3028 256 53 Donellys
1303 3028 104 41 and
1448 3028 187 42 others
1686 3027 177 42 would
1910 3028 136 42 have
2096 3037 63 32 us
2208 3036 256 42 suppose.

176 3131 65 35 &
275 3125 59 40 In
372 3135 89 42 my
508 3122 223 51 opinion
783 3119 97 42 the
929 3119 225 40 Dramas
1205 3126 145 32 were
1402 3116 220 42 created
1674 3117 67 51 by
1789 3114 372 51 Shakespeare
2215 3116 54 39 in
2323 3112 142 43 close

174 3213 405 44 collaboration
613 3210 136 42 with
785 3210 94 40 the
914 3210 259 49 Manager
1207 3205 55 43 of
1295 3206 93 40 the
1423 3205 233 41 Theatre
1693 3206 102 40 and
1831 3205 132 40 with
1999 3205 94 40 the
2141 3205 180 39 actors
2345 3212 13 40 ;
2408 3202 57 42 in

175 3305 131 52 fact,
340 3305 136 42 with
512 3299 325 54 practically
860 3299 95 41 the
990 3296 176 43 whole
1200 3295 54 43 of
1289 3296 95 42 the
1420 3305 264 43 company
1707 3295 120 43 who
1854 3293 278 51 invented,
2165 3293 299 51 produced,

178 3396 105 41 and
320 3394 160 43 acted
517 3391 151 42 them
691 3399 14 41 ;
740 3389 104 42 and
880 3389 18 40 I
934 3386 209 43 believe
1176 3386 124 41 that
1333 3396 29 31 a
1394 3384 228 53 glimpse
1656 3385 57 41 at
1746 3385 94 41 the
1892 3385 339 49 manuscript
2281 3381 53 43 of
2372 3382 94 41 the

179 3484 160 52 Plays
395 3480 181 46 would
612 3478 184 47 reveal
830 3489 31 32 a
896 3488 143 33 mass
1074 3475 55 43 of
1163 3474 353 49 corrections,
1550 3473 275 43 additions
1853 3504 11 21 ,
1896 3474 103 40 and
2046 3474 122 40 cuts
2218 3471 155 42 made
2409 3471 56 42 in
