2639 4006
692 387 151 47 THE
873 385 211 52 PRE-S
1092 384 97 47 HA
1199 381 290 54 KESPEA
1501 380 98 52 RE
1599 380 114 47 AN
1741 380 268 47 STAGE.

237 390 93 53 158

239 500 212 43 remain
487 498 56 41 in
579 497 154 42 Paris
767 496 87 42 till
890 496 83 40 his
1007 494 219 50 return,
1263 492 99 42 but
1396 489 303 44 Martinelli
1726 501 70 32 on
1820 494 236 40 account
2080 492 55 43 of
2159 494 81 45 his
2262 502 244 57 advanced

250 601 121 41 age,
394 588 166 44 asked
595 591 59 39 to
690 587 65 42 be
789 583 230 45 allowed
1056 585 58 39 to
1150 582 194 43 retire.
1378 582 71 42 As
1485 582 68 42 he
1589 592 113 32 was
1736 580 221 45 refused
1995 583 66 42 he
2097 585 277 52 dispensed
2397 604 111 45 with

242 679 328 52 permission
606 677 105 41 and
747 674 270 41 returned
1053 674 58 40 to
1147 671 160 57 Italy,
1343 670 147 44 after
1524 672 163 42 much
1724 672 311 52 opposition
2070 671 143 46 from
2249 677 79 45 his
2379 688 99 49 Com-

238 781 162 41 pany,
435 768 196 52 taking
668 778 70 39 up
774 765 85 43 his
893 764 288 43 residence
1217 766 58 41 at
1310 765 250 43 Mantua.
1595 764 107 42 But
1736 765 55 41 in
1849 762 245 46 carnival
2147 765 118 53 1623
2314 771 61 45 he
2418 790 92 40 was

239 872 136 30 once
410 869 152 32 more
596 858 187 50 acting
817 858 57 40 at
910 856 200 44 Venice
1144 855 138 43 with
1317 856 97 42 the
1505 855 201 50 Pedeli,
1796 856 105 41 and
1937 855 56 41 in
2028 855 129 53 July
2190 868 265 43 expressed
2486 887 22 32 a

236 949 136 42 wish
409 952 59 38 to
503 958 269 41 reappear
805 948 56 42 in
899 947 226 43 France.
2459 973 49 33 &

339 1042 77 39 He
451 1041 122 40 died
610 1039 56 42 in
704 1038 123 53 1630
863 1039 134 52 aged
1033 1039 171 42 about
1237 1041 235 52 seventy
1504 1037 132 53 five,
2459 1065 49 33 0

386 1182 836 54 DRUSIANO
1326 1182 1066 54 MARTINELLI.

696 1314 431 49 MARTINELLI.
1315 1315 136 43 Who
1518 1314 113 44 also
1697 1315 157 42 acted
1908 1325 59 32 as
2031 1312 340 56 Arlecchlno,
2418 1336 93 35 was

341 1408 228 42 brother
603 1404 56 44 of
691 1405 276 52 Tristano,
1002 1405 106 42 and
1144 1416 111 31 was
1349 1406 348 52 capocomico
1790 1404 57 43 In
1884 1404 245 54 England
2182 1406 53 42 in
2286 1409 137 53 1572;
2467 1418 41 42 in

239 1498 126 51 1568
396 1499 98 41 the
531 1500 111 40 two
677 1508 146 32 were
857 1496 265 53 together
1155 1496 57 42 In
1246 1498 189 51 Spain,
1471 1496 185 53 while,
1708 1494 42 44 if
1804 1496 99 42 not
1957 1496 262 53 director,
2275 1499 236 52 Druslano

236 1601 111 31 was
384 1592 56 40 at
474 1589 70 42 all
583 1592 196 39 events
814 1589 306 42 conductor
1153 1589 107 42 and
1298 1599 266 41 manager
1598 1587 56 43 of
1702 1588 97 42 the
1849 1598 271 42 company
2168 1588 173 44 which
2387 1601 125 40 went

235 1683 60 42 to
333 1682 151 42 Paris
520 1682 54 41 in
612 1681 141 43 1600.
979 1688 66 36 jS?
2460 1698 51 36 &

339 1775 75 40 He
449 1785 111 30 was
596 1773 239 52 perhaps
870 1782 151 32 more
1057 1772 408 53 distinguished
1500 1782 59 32 as
1594 1784 31 30 a
1659 1781 265 42 manager
1971 1772 139 41 than
2160 1784 59 30 as
2268 1785 64 30 an
2366 1778 142 55 actor,

236 1861 89 43 for
361 1862 66 42 he
464 1864 45 41 is
544 1861 153 43 often
732 1860 254 44 referred
1020 1862 61 41 to
1115 1872 60 32 as
1287 1862 231 43 brother
1553 1860 55 44 of
1641 1860 326 44 Arlecchino
2097 1862 177 43 which
2328 1865 180 53 implies

238 1952 128 44 that
399 1952 255 44 Tristano
690 1951 136 45 took
860 1952 337 52 precedence
1218 1965 14 39 ;
1288 1954 67 42 he
1406 1954 46 42 is
1501 1951 117 43 also
1666 1951 210 52 spoken
1933 1952 56 44 of
2036 1965 58 34 as
2206 1955 230 46 husband
2467 1960 41 43 of

235 2045 120 42 Mad
363 2055 83 31 am
455 2055 29 30 a
517 2043 281 53 Angelica.

235 2134 155 34 Further
415 2133 237 41 Biographical
680 2132 102 34 Notes
807 2133 35 32 of
868 2133 57 33 the
950 2132 374 43 Pre-Shakespeareao
1350 2135 116 33 actors
1484 2134 76 34 will
1579 2143 132 32 appear
1727 2135 34 33 in
1781 2135 125 33 future
1924 2136 166 34 numbers
2114 2135 35 34 of
2459 2141 49 36 Ed.
