2672 3992
663 385 147 47 THE
811 386 40 46 P
853 385 160 54 RE-S
1016 385 102 47 HA
1126 380 290 58 KESPEA
1424 378 99 56 RE
1523 377 46 48 A
1575 377 60 47 N
1663 373 266 50 STAGE.

2372 382 84 45 151

266 494 118 44 And
419 505 145 40 now,
597 493 146 44 after
775 494 71 43 all
880 494 116 43 this
1029 493 133 53 fact,
1194 493 89 43 for
1315 504 30 32 a
1378 489 148 44 little
1557 483 383 57 supposition:
2144 487 65 36 &
2394 486 64 36 &

164 594 66 37 &
263 585 46 43 if
343 585 294 49 Rlccoboni
671 584 245 53 thought
948 595 59 32 as
1043 585 69 42 he
1146 584 90 43 did
1272 583 171 43 about
1489 580 95 42 the
1639 585 250 35 measure
1943 570 56 46 of
2049 570 251 51 training
2354 566 104 43 and

164 675 186 46 talent
381 673 259 53 required
673 672 88 44 for
792 672 304 44 successful
1129 673 188 52 acting
1352 670 53 45 of
1437 665 331 56 improvised
1823 663 227 52 comedy
2105 659 151 42 what
2310 656 149 42 must

169 766 289 49 Andrefni,
493 774 59 34 so
586 764 160 42 much
783 763 203 43 earlier
1018 764 134 41 than
1189 762 314 52 Riccoboni,
1533 759 106 43 and
1664 759 57 41 at
1763 767 60 32 so
1849 753 159 44 much
2031 750 147 44 finer
2201 761 31 30 a
2255 745 209 54 period,

173 857 138 43 have
343 856 248 52 thought
610 853 27 43 ?
1413 858 63 36 &
1659 854 63 37 &
1907 853 63 36 &
2153 847 65 37 &

174 957 66 36 &
273 947 115 42 You
426 956 123 43 may
581 956 96 43 say
709 945 128 42 that
868 955 106 43 you
1010 954 99 31 can
1143 951 235 43 suppose
1401 940 146 41 that.
1568 940 111 41 You
1706 947 128 41 can;
1870 936 104 42 and
1998 933 95 43 the
2117 927 346 56 supposition

176 1040 151 42 must
360 1035 214 46 control
610 1048 138 41 your
781 1035 320 54 judgement
1133 1044 60 31 as
1225 1034 59 40 to
1316 1032 98 42 the
1447 1028 213 55 quality
1695 1026 55 44 of
1781 1027 95 42 the
1909 1027 154 51 stage
2086 1021 153 44 work
2265 1023 56 40 at
2343 1017 125 43 that

177 1126 214 55 period.
426 1125 119 44 And
581 1125 39 43 if
651 1136 106 44 you
793 1126 132 41 bear
959 1125 56 41 in
1051 1122 148 44 mind
1241 1121 142 48 that,
1437 1120 246 41 whereas
1739 1114 288 49 Riccoboni
2082 1111 141 43 lived
2258 1121 30 29 a
2321 1106 146 44 little

177 1219 146 43 later
357 1218 104 43 and
499 1219 55 41 in
592 1229 29 31 a
654 1216 190 54 period
880 1214 54 43 of
967 1215 185 51 decay,
1187 1213 104 42 and
1327 1210 262 43 Flaminio
1623 1205 154 44 Scala
1809 1206 103 41 and
1947 1202 262 44 Andreini
2243 1208 142 33 were
2411 1196 56 42 In

178 1312 98 42 the
310 1309 112 43 late
478 1307 385 49 Renaissance,
912 1303 196 44 Beolco
1157 1312 111 31 was
1317 1298 102 44 full
1452 1298 56 43 In
1543 1298 97 42 the
1695 1296 121 42 best
1872 1293 183 53 period
2114 1289 54 44 of
2219 1291 95 40 the
2371 1289 99 44 Re=

183 1401 310 47 naissance,
525 1407 107 42 you
667 1394 112 43 will
817 1404 151 32 come
1005 1401 195 33 nearer
1230 1388 244 51 forming
1507 1397 30 32 a
1570 1387 114 50 just
1707 1384 255 41 estimate
1988 1379 53 43 of
2064 1380 94 42 the
2185 1380 285 50 greatness

184 1489 56 44 of
272 1487 158 43 these
466 1484 154 55 early
653 1488 186 40 actors
872 1482 54 43 of
958 1483 96 41 the
1089 1479 195 44 Italian
1320 1479 178 50 stage.
1917 1479 65 36 &
2162 1477 65 35 4?
2407 1473 66 36 &

291 1577 104 43 For
449 1586 100 32 can
601 1586 105 42 you
765 1582 234 43 suppose
1051 1571 125 40 that
1227 1567 160 43 when
1443 1566 94 42 the
1590 1572 148 33 wave
1788 1559 55 44 of
1896 1558 205 43 revival
2145 1568 149 31 came
2343 1564 133 33 over

188 1669 330 55 everything
553 1666 44 42 it
630 1663 228 44 avoided
894 1661 97 43 the
1024 1660 221 42 theatre
1265 1656 27 42 ?
1325 1656 279 42 Nonsense
1625 1653 14 41 I
1682 1660 65 35 &
1918 1655 65 35 &
2164 1655 64 35 &
2410 1650 63 35 &

290 1759 110 43 Can
435 1768 106 42 you
578 1752 174 55 really
785 1761 235 41 suppose
1054 1747 126 43 that
1203 1746 156 42 these
1386 1743 239 53 players,
1655 1738 88 45 for
1764 1738 94 42 the
1881 1736 322 53 enjoyment
2225 1732 54 42 of
2302 1732 175 41 whom

191 1849 223 53 princes
445 1844 228 44 entered
712 1844 118 40 into
865 1836 320 55 diplomatic
1218 1831 416 56 negociatlons;
1665 1830 122 40 who
1838 1827 88 42 sat
1974 1826 57 41 at
2068 1824 95 40 the
2214 1820 178 43 tables
2426 1817 53 43 of

193 1938 218 56 royalty
442 1937 106 41 and
583 1943 146 34 were
765 1929 274 46 ennobled
1076 1929 69 52 by
1178 1934 282 42 emperors
1493 1921 105 42 and
1634 1920 100 41 had
1769 1916 150 43 their
1969 1912 249 44 children
2272 1909 121 43 held
2422 1909 60 40 at

188 2032 97 42 the
318 2028 126 43 font
478 2028 68 52 by
579 2024 163 52 kings
778 2022 106 43 and
920 2028 209 44 queens
1151 2027 14 38 ;
1198 2017 185 40 whose
1418 2009 237 46 arrivals
1688 2018 146 32 were
1869 2001 316 46 celebrated
2222 2000 68 51 by
2321 1999 129 39 tour-

192 2121 277 48 naments,
501 2117 125 42 who
662 2123 146 33 were
844 2107 344 56 banquetted
1235 2107 68 51 by
1357 2099 274 46 cardinals
1684 2098 106 42 and
1846 2104 141 41 sung
2040 2093 67 49 by
2162 2091 180 49 poets,
2374 2085 108 43 and

196 2207 414 52 accompanied,
642 2215 58 31 as
734 2212 112 32 was
880 2197 230 44 Isabella
1143 2193 287 50 Andreini,
1463 2188 134 44 with
1635 2185 136 45 civic
1802 2185 246 41 honours
2078 2180 60 41 to
2169 2179 97 41 the
2299 2183 185 46 grave,

195 2309 147 34 were
376 2304 231 45 persons
642 2290 56 44 of
732 2301 68 31 no
836 2286 235 44 account
1090 2285 27 41 ?
1151 2283 71 42 Or
1255 2292 99 32 can
1388 2290 108 43 you
1531 2286 235 42 suppose
1800 2273 124 42 that
1969 2279 145 39 men,
2161 2278 59 31 so
2275 2262 209 53 swiftly

196 2386 325 53 responsive
554 2385 58 40 to
648 2378 251 45 outward
935 2372 310 46 influences
1277 2371 127 41 that
1435 2378 70 32 no
1540 2365 251 43 incident
1823 2372 110 32 was
1975 2362 94 39 too
2125 2354 159 45 small
2336 2353 142 43 from

197 2478 183 44 which
414 2478 60 39 to
507 2471 196 46 snatch
738 2480 69 31 an
844 2465 351 52 Inspiration,
1217 2460 211 43 around
1462 2456 177 43 which
1674 2456 57 41 to
1767 2461 184 34 weave
1975 2461 31 29 a
2029 2445 252 45 brilliant
2312 2443 175 43 tissue

202 2566 56 46 of
300 2565 187 55 gaiety
521 2561 105 44 and
663 2559 225 43 wisdom
925 2555 105 42 and
1065 2552 115 49 wit,
1214 2547 155 45 could
1407 2549 65 42 be
1513 2544 333 52 impervious
1886 2541 60 39 to
1989 2537 95 43 the
2126 2533 362 45 tremendous

202 2654 311 48 influences
546 2650 180 42 which
760 2655 147 33 were
943 2645 57 41 at
1032 2639 153 44 work
1220 2639 54 42 in
1310 2638 124 40 that
1467 2631 250 52 amazing
1749 2630 234 48 century
2030 2626 54 41 in
2134 2622 176 44 which
2361 2621 130 52 they

207 2747 144 43 lived
367 2744 26 43 ?
456 2749 65 37 ?
700 2748 65 34 &

207 2845 63 36 &
305 2833 268 46 Consider
606 2831 151 42 what
789 2837 112 32 was
935 2824 93 42 the
1063 2819 96 45 life
1193 2820 54 41 in
1283 2817 158 42 those
1476 2815 130 51 days
1640 2812 55 40 in
1731 2809 278 48 Florence,
2034 2803 219 48 Milano,
2279 2801 218 49 Venice,

207 2930 262 47 Mantua;
506 2921 255 44 consider
793 2917 96 42 the
925 2913 161 54 great
1118 2909 193 42 artists
1363 2906 123 40 who
1540 2911 144 33 were
1738 2899 92 42 the
1884 2894 239 43 familiar
2175 2890 210 52 figures
2439 2897 56 33 in

210 3019 161 43 those
407 3012 183 51 cities,
623 3010 94 42 the
751 3006 157 53 great
931 3000 184 45 works
1140 2996 149 54 dally
1312 2993 217 50 coming
1562 2991 119 40 into
1715 2987 197 51 being;
1945 2984 95 42 the
2073 2980 239 44 creative
2345 2975 151 44 force

211 3107 179 45 which
425 3115 113 33 was
571 3097 356 56 everywhere
962 3090 238 50 striving
1236 3083 252 56 upwards
1522 3081 105 43 and
1663 3076 282 44 outwards
1978 3083 58 32 as
2067 3072 96 42 the
2216 3080 96 39 sap
2365 3066 132 43 stirs

211 3195 247 53 through
492 3194 98 42 the
625 3187 164 45 heart
821 3181 56 46 of
908 3194 31 32 a
971 3180 177 43 forest
1180 3177 56 40 in
1272 3172 223 52 spring;
1528 3168 125 51 and,
1702 3163 348 50 considering
2097 3158 71 43 all
2216 3157 134 51 this,
2399 3165 98 31 can

210 3298 107 44 you
351 3293 240 44 suppose
625 3278 128 43 that
785 3275 97 43 the
916 3273 202 44 actors,
1151 3261 335 48 themselves
1519 3257 174 49 often,
1728 3266 58 32 as
1818 3264 80 33 we
1952 3252 137 41 have
2143 3248 96 44 the
2294 3247 121 41 best
2449 3242 55 45 of

214 3375 180 55 proof,
427 3383 125 33 men
588 3368 55 44 of
675 3365 219 45 culture
927 3360 106 43 and
1071 3355 276 52 learning,
1377 3350 269 55 spending
1678 3346 150 42 their
1861 3342 136 44 lives
2031 3342 55 40 in
2121 3348 220 41 passing
2361 3335 141 43 from

214 3477 105 34 one
351 3467 61 41 to
447 3461 239 44 another
719 3453 57 46 of
807 3454 160 43 these
1000 3452 159 52 great
1192 3445 194 45 Italian
1423 3440 188 45 courts
1668 3448 62 32 or
1782 3430 332 58 journeying
2164 3430 60 42 to
2280 3426 226 51 France,

214 3555 189 54 Spain,
427 3549 227 51 Poland,
677 3546 107 43 and
808 3552 136 36 even
969 3542 60 42 to
1054 3535 267 55 England,
1343 3529 283 46 remained
1653 3524 313 46 untouched
1992 3523 68 53 by
2081 3520 96 43 the
2200 3515 306 45 influences
