2674 3866
971 410 47 47 A
1054 400 346 56 HISTORY
1432 397 101 48 OF
1562 388 374 55 PUPPETS.

248 436 95 45 132

357 532 108 43 But
496 528 127 55 why
655 537 67 43 go
755 519 295 52 searching
1080 510 247 55 through
1362 505 173 47 books
1558 505 56 42 in
1639 499 235 56 Spanish
1898 496 280 46 Libraries
2202 492 84 44 for
2310 492 242 47 evidence

255 621 56 44 of
343 622 97 42 the
477 616 318 54 popularity
826 608 58 46 of
915 603 367 48 marionettes
1300 599 28 45 ?
1359 598 167 46 What
1558 595 188 43 better
1778 588 308 53 testimony
2119 581 162 47 could
2315 593 81 33 we
2429 583 125 47 have

254 715 136 42 than
426 710 126 43 that
585 705 56 45 of
673 705 98 43 the
802 699 160 55 great
995 693 305 47 Cervantes
1333 691 55 41 in
1426 688 88 43 his
1571 688 33 19 44
1630 682 313 45 Verdadera
1992 678 233 43 historia
2273 673 103 42 deli
2419 685 111 41 inge-

251 812 173 45 gnoso
467 795 221 53 hidalgo
713 793 117 42 Don
854 788 221 54 Quijote
1101 786 66 42 de
1194 782 53 44 la
1268 779 233 46 Mancha
1520 777 27 44 ?
1634 774 139 46 Who
1807 772 99 43 has
1928 769 287 54 forgotten
2240 765 95 42 the
2358 764 201 56 twenty

255 892 150 45 sixth
435 890 204 51 chaper
673 882 56 46 of
760 882 97 44 the
891 879 202 45 second
1127 876 131 55 part
1290 875 34 25 44
1352 873 181 42 donde
1566 880 58 33 se
1657 866 262 54 prosigue
1943 862 53 43 la
2018 861 249 54 graciosa
2302 858 257 43 aventura

258 981 88 45 del
381 983 241 42 titerero
734 972 125 45 who
894 972 56 42 in
983 970 99 43 the
1115 975 269 47 presence
1418 962 56 45 of
1506 961 98 43 the
1638 961 34 23 44
1696 956 185 44 Trista
2202 948 108 45 and
2347 945 53 44 of
2423 957 136 36 some

260 1072 57 45 of
360 1072 85 43 his
494 1066 232 50 friends,
758 1074 138 45 gave
947 1073 32 32 a
1026 1054 455 58 representation
1530 1050 56 44 of
1633 1051 32 21 4<
1694 1050 178 42 Senor
1907 1046 118 42 Don
2062 1039 250 47 Gaiferos
2345 1050 33 42 y
2411 1037 63 42 de
2505 1050 52 32 su

259 1174 204 44 esposa
496 1159 336 46 Melisendra
942 1154 98 42 the
1074 1149 254 56 pathetic
1360 1146 155 54 parts
1549 1141 56 46 of
1638 1140 180 45 which
1853 1140 35 22 44
1915 1138 183 43 andan
2133 1145 68 32 en
2237 1133 136 41 boca
2408 1130 61 41 de
2493 1129 67 44 las

264 1257 198 53 gentes
494 1263 34 42 y
562 1252 66 42 de
663 1248 86 45 los
783 1244 332 46 muchachos
1148 1251 103 43 por
1282 1248 121 34 esas
1439 1234 166 45 calles
1679 1232 26 43 ?
1737 1232 71 41 So
1842 1226 124 47 well
2004 1225 89 43 did
2129 1224 97 42 the
2277 1221 253 41 marionet-

254 1350 100 43 tes
390 1342 242 56 perform
666 1341 153 43 their
852 1338 178 52 parts,
1060 1345 61 33 so
1154 1329 220 56 perfect
1403 1338 114 33 was
1550 1326 97 41 the
1696 1322 226 44 illusion
1975 1314 279 57 produced
2305 1313 70 51 by
2420 1310 143 43 those

265 1435 255 47 movable
556 1431 147 46 little
738 1428 229 56 figures,
1000 1437 61 33 so
1096 1422 117 46 real
1247 1421 91 43 did
1374 1420 96 43 the
1506 1416 152 45 clash
1691 1412 57 46 of
1780 1422 150 34 arms
1978 1409 106 45 and
2135 1407 99 43 the
2283 1400 280 53 onslaught

266 1529 225 54 against
523 1535 138 43 poor
696 1524 117 42 Don
862 1516 251 47 Gaiferos
1168 1522 203 46 appear
1418 1512 59 41 to
1530 1511 85 48 be,
1665 1506 128 43 that
1841 1505 98 40 the
1990 1500 214 43 valiant
2239 1497 30 22 44
2301 1491 217 56 Hidalgo

266 1620 193 52 forgot
494 1615 316 55 altogether
843 1611 126 45 that
1000 1609 49 42 It
1080 1616 111 35 was
1227 1601 207 56 merely
1464 1599 221 49 fiction,
1719 1595 131 53 and,
1881 1592 200 52 taking
2110 1590 100 42 the
2260 1586 206 43 matter
2497 1595 46 33 se-

271 1709 232 55 riously,
537 1717 126 33 rose
697 1707 58 40 to
791 1701 85 45 his
906 1699 121 44 feet
1059 1698 109 43 and
1202 1695 206 43 rushed
1444 1693 59 41 to
1538 1690 97 43 the
1670 1688 87 43 aid
1794 1684 56 45 of
1882 1685 99 42 the
2037 1677 296 57 oppressed
2368 1677 37 23 44
2430 1685 111 33 cava-

275 1803 139 43 liero
529 1795 252 54 drawing
815 1793 85 43 his
934 1789 181 46 sword
1150 1787 107 44 and
1291 1784 224 51 raining
1549 1779 172 44 blows
1755 1788 147 43 upon
1936 1775 98 43 the
2060 1771 180 45 crowd
2269 1766 55 46 of
2348 1764 220 45 Moorish

277 1891 302 52 burattini,
612 1886 268 52 maiming
913 1883 133 51 this,
1080 1881 106 43 and
1223 1875 306 51 wounding
1561 1873 128 42 that
1722 1881 126 40 one,
1882 1869 105 42 and
2025 1861 196 54 finally
2255 1858 314 50 flourishing

274 1985 86 44 his
395 1981 179 46 sword
611 1981 57 41 in
701 1977 136 45 such
875 1983 202 42 away,
1108 1969 129 44 that
1271 1966 42 44 if
1346 1966 211 43 master
1581 1962 174 44 Pedro
1780 1959 104 43 had
1909 1959 99 41 not
2025 1949 351 53 fortunately
2400 1945 169 45 moved

274 2077 86 42 his
395 2074 138 43 head
569 2072 58 42 in
661 2070 158 51 time,
854 2066 68 43 he
956 2061 182 47 would
1176 2061 137 42 have
1346 2055 135 54 split
1514 2056 45 40 it
1591 2065 60 31 as
1685 2051 217 53 though
1938 2049 47 42 it
2018 2047 108 43 had
2163 2046 139 43 been
2339 2039 152 43 made
2530 2034 40 45 of

278 2168 35 24 44
341 2164 353 52 marciapane
2488 2114 82 90 -U
