2674 4000
545 760 940 80 EDITORIAL
1605 760 569 70 NOTES.

198 945 106 47 Mr
331 945 218 54 POEL,
571 945 198 48 PAST
786 943 169 49 AND
970 942 368 56 PRESENT.

487 1036 47 45 is
569 1039 83 42 Mr
689 1036 238 46 William
985 1036 127 45 Poel
1168 1036 170 53 going

341 1128 61 43 to
438 1128 66 43 be
538 1130 299 50 presented
887 1130 135 42 with
1074 1129 126 43 that
1248 1139 59 33 re-

199 1214 142 55 plica
377 1215 54 45 of
487 1218 96 43 the
638 1218 169 44 Globe
863 1218 240 44 Theatre
1153 1218 180 43 which

199 1309 151 43 since
387 1308 133 43 time
557 1307 368 44 immemorial
964 1308 96 43 has
1085 1309 139 41 been
1251 1307 83 43 his

199 1401 69 52 by
289 1399 200 54 rights,
509 1401 105 42 and
635 1399 179 45 which
834 1398 197 45 should
1052 1401 65 42 be
1136 1401 102 50 put
1263 1411 70 42 up

198 1492 54 41 in
289 1501 151 33 some
477 1491 139 52 park
641 1492 55 42 in
723 1492 243 48 London,
991 1492 106 41 and
1126 1490 93 44 the
1245 1491 87 42 old

200 1581 155 55 plays
389 1584 143 41 done
567 1584 55 41 in
657 1582 97 43 the
778 1581 88 43 old
892 1592 148 45 ways
1063 1582 222 43 therein
1308 1581 26 43 ?

207 1683 66 35 0
308 1674 241 43 William
586 1674 127 43 Poel
736 1674 88 43 for
845 1685 162 45 years
1030 1674 301 44 advocated

199 1765 96 41 the
330 1765 198 42 return
563 1765 60 43 to
659 1765 95 42 the
805 1764 363 44 Elizabethan
1218 1764 87 42 tra-

205 1855 198 45 dition.
425 1853 66 45 Of
524 1867 194 31 course
740 1867 253 43 younger
1016 1868 124 30 men
1165 1858 169 52 today

205 1944 192 54 seeing
421 1945 85 42 his
530 1944 143 43 later
694 1944 158 43 work
873 1944 112 43 will
1009 1944 165 43 think
1207 1947 127 42 that

203 2036 68 42 he
306 2037 266 52 preceded
612 2037 111 42 this
759 2047 121 32 new
915 2039 315 41 movement
1272 2041 59 40 to

195 2123 184 45 which
402 2125 609 54 Craig,Stanislawsky,
1028 2127 305 47 Reinhardt

196 2216 107 42 and
339 2216 214 43 several
593 2217 190 42 others
809 2217 135 43 have
969 2217 161 52 given
1158 2217 173 52 birth,

196 2309 110 42 and
345 2309 124 42 that
504 2307 67 44 he
607 2310 54 41 in
698 2307 86 45 his
815 2309 175 52 youth
1026 2320 112 31 was
1164 2310 168 52 doing

200 2401 117 52 just
350 2410 60 32 as
445 2400 68 42 he
546 2399 47 43 is
646 2410 142 42 now,
838 2400 249 42 whereas
1139 2400 113 43 this
1285 2401 47 42 is

195 2504 33 29 a
264 2490 172 54 slight
472 2489 236 44 mistake
731 2500 14 41 ;
782 2490 240 45 William
1075 2489 125 44 Poel
1234 2492 97 43 the

196 2580 383 55 archeologist
610 2580 56 45 of
698 2583 95 42 the
828 2583 157 51 stage
1018 2594 111 31 was
1186 2582 142 43 until

199 2673 155 54 quite
391 2671 250 54 recently
689 2672 235 53 nothing
972 2674 101 41 but
1124 2685 68 30 an
1243 2685 60 30 ar-

198 2763 331 54 cheologist,
563 2765 106 42 and
704 2776 31 31 a
768 2775 133 43 very
924 2766 139 52 good
1089 2776 104 33 one
1218 2767 115 42 too.

202 2864 64 35 0
321 2855 75 42 He
454 2855 224 43 revived
727 2855 98 42 the
878 2855 451 54 Shakespearean

198 2946 211 50 drama,
476 2956 103 32 one
637 2944 178 54 might
868 2944 202 44 almost
1117 2956 98 44 say
1267 2946 65 42 he

202 3036 341 52 reproduced
579 3036 63 51 it,
676 3048 58 32 as
770 3036 44 44 it
848 3048 110 32 was
994 3039 58 41 at
1075 3038 96 42 the
1195 3038 137 43 time

198 3124 56 46 of
285 3125 398 52 Shakespeare.
765 3134 568 38 000

199 3224 63 37 0
298 3215 268 45 Sticklers
600 3215 89 44 for
723 3228 265 45 accuracy
1022 3218 55 42 in
1103 3218 196 42 archeo-

200 3308 127 55 logy
363 3308 178 54 might
575 3309 176 44 blame
788 3311 112 42 him
934 3307 89 46 for
1066 3309 267 53 omitting

202 3411 105 33 one
344 3398 54 45 of
450 3401 97 43 the
603 3402 128 42 nost
787 3402 307 52 important
1150 3403 186 52 items,

204 3487 240 56 namely,
481 3491 96 42 the
632 3492 188 51 acting
873 3489 56 45 of
980 3491 98 43 the
1131 3491 198 45 female

1388 945 147 44 roles
1569 946 70 55 by
1684 957 144 42 men,
1883 947 102 42 but
2039 947 134 50 this,
2225 946 86 46 for
2361 962 138 37 some

1386 1045 200 33 reason
1621 1035 183 43 which
1840 1037 84 42 Mr
1959 1035 128 44 Poel
2112 1036 97 45 has
2244 1049 28 32 a
2303 1041 197 52 perfect

1385 1126 154 51 right
1572 1128 58 41 to
1671 1126 211 52 decide,
1936 1126 68 43 he
2060 1126 90 42 did
2207 1131 96 40 not
2352 1131 148 49 think

1381 1215 73 45 fit
1487 1219 58 41 to
1582 1216 210 45 revive.
1826 1215 147 55 Still,
2009 1216 68 44 he
2113 1219 246 43 restored
2409 1225 86 45 the

1385 1308 88 43 old
1510 1308 218 53 picture
1762 1318 135 42 very
1929 1305 148 55 well,
2128 1308 104 42 and
2286 1309 64 43 he
2397 1324 101 36 was

1385 1398 227 55 making
1637 1398 382 45 considerable
2044 1410 256 41 progress
2324 1402 52 43 in
2400 1404 100 46 this

1384 1487 239 56 especial
1659 1487 114 44 line
1825 1487 55 46 of
1930 1488 85 43 his
2068 1488 159 43 when
2277 1488 71 45 all
2395 1492 49 43 of
2474 1507 25 32 a

1622 1562 10 10 4

1383 1582 213 42 sudden
1634 1582 105 42 and
1780 1581 243 43 without
2046 1591 108 43 any
2174 1582 246 55 warning
2442 1586 57 45 he

1384 1674 255 42 becomes
1673 1681 107 33 one
1814 1670 56 43 of
1902 1670 98 43 the
2039 1669 280 45 followers
2343 1671 51 43 of
2415 1674 83 44 the

1383 1774 120 32 new
1562 1763 340 52 movement,
1967 1760 261 55 bringing
2278 1763 58 43 to
2388 1764 110 44 that

1384 1865 123 33 new
1540 1854 316 42 movement
1889 1851 99 45 the
2037 1849 114 46 fine
2203 1850 85 45 old
2341 1853 132 47 Eliza-

1381 1945 209 44 bethan
1635 1943 192 43 touch.
1953 1949 545 41 000

1384 2045 66 35 0
1482 2036 136 43 Who
1652 2033 112 43 will
1821 2034 143 55 deny
2018 2034 128 44 that
2194 2034 159 45 there
2400 2047 98 34 was

1381 2125 130 44 sack
1546 2126 106 42 and
1690 2136 204 43 canary
1927 2126 56 42 in
2019 2125 98 43 the
2213 2123 219 56 Taming
2453 2125 46 45 of

1379 2217 99 43 the
1511 2216 193 43 Shrew
1799 2227 60 33 as
1893 2217 281 52 produced
2221 2219 143 53 by...,
2411 2220 87 43 but

1381 2307 132 42 here
1550 2318 83 31 we
1668 2318 154 31 come
1858 2307 59 42 to
1944 2319 30 30 a
2000 2306 211 45 broken
2236 2311 262 42 sentence.

1384 2399 137 44 Who
1722 2408 37 34 was
1760 2400 66 41 it
1827 2399 273 52 produced
2154 2399 114 54 by?
2315 2401 115 44 Was
2461 2401 38 42 it

1380 2492 281 53 produced
1691 2493 69 52 by
1784 2493 85 40 Mr
1896 2492 217 54 Harvey
2138 2493 104 42 and
2269 2493 80 42 Mr
2367 2490 129 54 Poel,

1381 2593 63 32 or
1468 2593 111 32 was
1604 2580 48 45 It
1675 2583 279 51 produced
1983 2583 69 52 by
2076 2583 85 42 Mr
2179 2580 124 45 Poel
2325 2580 173 45 alone?

1381 2673 178 43 Never
1593 2674 140 42 have
1770 2685 81 31 we
1900 2685 132 31 seen
2085 2674 270 54 anything
2401 2671 95 44 like

1381 2763 126 45 that
1540 2763 144 45 from
1712 2766 85 42 Mr
1821 2765 180 44 Pod's
2028 2766 142 42 hand
2199 2762 181 46 before
2402 2763 93 44 and

1380 2865 136 44 very
1550 2854 150 44 little
1752 2854 55 45 of
1856 2856 129 43 that
2037 2856 288 43 character
2371 2851 123 44 from

1381 2944 84 44 Mr
1502 2946 282 55 Harvey's.
1952 2954 64 37 0
2204 2954 64 35 0
2441 2950 55 37 0

1380 3044 66 37 0
1484 3038 48 42 It
1568 3039 217 42 seemed
1822 3040 61 41 to
1920 3049 63 33 us
2009 3040 58 42 to
2094 3040 65 42 be
2184 3036 70 45 all
2289 3033 206 48 Barker.

1384 3135 66 37 0
1484 3128 130 43 Now
1634 3139 276 43 everyone
1931 3128 193 44 knows
2142 3130 150 42 what
2310 3124 186 47 Barker

1384 3219 63 45 is.
1474 3219 151 45 Then
1656 3222 123 53 why
1803 3223 103 43 not
1929 3231 292 34 announce
2312 3215 154 55 produ-

1383 3311 96 42 ced
1516 3312 56 41 in
1606 3312 98 43 the
1741 3322 235 33 manner
2009 3311 54 44 of
2103 3312 82 43 Mr

1383 3400 346 57 Everything
1764 3402 182 45 would
2001 3403 137 44 have
2188 3402 132 43 then
2371 3398 122 42 been

1384 3494 156 51 quite
1577 3494 169 44 clear.
1952 3502 66 37 0
2173 3500 6 8 '
2202 3500 62 37 0
2439 3492 55 38 0
