2885 4286
329 392 386 94 THE
834 400 841 107 MOSHER
1797 413 703 94 BOOKS.

327 673 25 23 r
394 672 12 22 ,
416 678 82 41 HE
528 678 191 50 special
753 678 220 52 literary
1004 682 155 40 value
1183 683 51 41 of
1257 696 85 40 my
1363 689 212 47 general
1605 692 282 52 Catalogue
1912 697 89 41 has
2025 698 149 49 given
2199 700 42 38 it
2263 710 28 29 a
2315 701 191 49 unique

424 782 229 52 position
686 782 56 41 In
772 783 94 41 the
898 782 164 42 world
1096 782 53 43 of
1181 785 376 56 book-making
1587 790 83 42 for
1700 792 347 46 book-lovers.
2445 808 59 34 &

325 895 61 34 &
420 886 151 42 From
602 895 127 42 year
758 885 57 39 to
847 893 126 42 year
1002 885 152 39 these
1187 885 311 52 Catalogues
1533 890 127 41 have
1694 894 128 39 been
1871 894 172 42 issued
2092 898 125 39 with
2254 899 92 39 the
2376 899 131 42 view
2526 922 9 7 •

327 988 53 43 of
411 987 214 49 making
656 985 214 47 known,
902 994 55 32 as
992 995 66 30 no
1093 985 154 41 other
1281 984 135 43 form
1451 987 54 41 of
1534 990 324 54 advertising
1902 995 151 40 could
2103 995 150 44 make
2300 998 207 50 known,

327 1088 106 42 The
465 1087 210 42 Mosher
707 1084 169 42 Books
909 1086 100 39 and
1044 1084 143 41 what
1218 1086 125 49 they
1375 1091 273 45 represent
1680 1092 52 39 in
1768 1093 301 49 up-to-date
2108 1097 286 43 bookcraft.
2427 1098 79 41 All

327 1187 228 52 possible
587 1186 151 42 value
772 1186 93 41 has
898 1186 132 39 been
1062 1187 96 47 put
1190 1186 112 41 into
1333 1187 151 42 these
1520 1190 159 42 books
1713 1192 64 50 by
1806 1192 142 42 their
1977 1195 297 48 publisher;
2305 1208 56 30 so
2391 1199 120 40 that

329 1289 185 51 to-day
560 1288 127 50 they
720 1296 90 31 are
857 1288 92 39 the
996 1286 119 51 only
1152 1286 136 51 style
1319 1288 52 40 of
1402 1290 226 48 genuine
1664 1290 314 45 hand-made
2012 1304 157 39 paper
2199 1298 225 40 editions
2456 1300 55 38 at

330 1388 220 52 popular
580 1388 172 51 prices
785 1388 50 39 in
871 1388 258 42 America.
1279 1397 62 33 &
2448 1407 61 33 &

331 1497 63 36 &
423 1491 132 39 Sent
584 1488 227 42 without
843 1490 191 49 charge
1067 1490 54 39 to
1156 1487 67 43 all
1270 1488 118 42 who
1436 1500 90 30 are
1573 1492 290 42 interested
1897 1495 52 39 in
1982 1496 174 40 choice
2198 1496 225 43 editions
2457 1500 55 38 at

334 1592 269 40 moderate
636 1590 191 49 prices.

347 1822 421 69 THOMAS
839 1822 92 69 B.
999 1822 455 76 MOSHER,
1523 1822 576 87 PORTLAND,
2165 1825 325 66 MAINE

513 2464 666 99 POETRY
1331 2466 331 89 AND
1809 2464 574 99 DRAMA

512 2681 167 90 *~pHE
709 2679 229 42 founder
970 2679 99 40 and
1103 2678 122 40 first
1256 2679 170 40 editor
1449 2674 51 43 of
1528 2674 111 45 The
1672 2674 220 55 Poetry
1919 2672 233 51 Review
2177 2674 120 49 begs
2330 2675 54 38 to

595 2768 117 50 give
760 2766 174 41 notice
981 2766 119 39 that
1147 2766 63 39 he
1244 2765 43 39 is
1322 2775 116 29 now
1486 2763 202 49 issuing
1720 2773 28 29 a
1780 2759 268 52 quarterly
2088 2758 299 51 periodical,

508 2855 168 40 under
722 2854 90 40 the
860 2853 121 40 title
1030 2851 246 44 POETRY
1325 2851 128 41 AND
1503 2848 241 47 DRAMA,
1776 2858 65 29 on
1876 2847 90 39 the
1997 2855 141 31 same
2171 2844 129 41 lines
2332 2854 54 29 as

513 2939 113 44 The
660 2937 221 56 Poetry
908 2935 236 52 Review
1180 2937 191 49 during
1404 2946 128 39 1912,
1564 2935 99 40 and
1698 2934 126 41 with
1860 2941 151 39 many
2044 2928 52 42 of
2127 2931 88 38 the
2247 2939 140 29 same

509 3026 379 41 contributors,
1623 3027 61 33 &
1857 3026 60 32 &
2090 3022 60 34 &
2323 3022 59 31 &

510 3121 61 34 &
602 3112 105 41 The
738 3111 123 42 first
894 3113 100 39 and
1028 3112 189 39 second
1244 3109 246 41 numbers
1524 3104 51 43 of
1606 3102 219 56 Poetry
1838 3100 116 44 and
1984 3100 212 43 Drama
2220 3110 87 30 are
2334 3101 55 37 at

512 3200 217 50 present
763 3200 50 38 in
848 3196 332 42 circulation,
2329 3193 59 33 &

513 3292 60 33 &
606 3282 219 57 Poetry
853 3280 121 45 and
1002 3281 214 44 Drama
1241 3283 41 39 is
1305 3282 90 39 the
1420 3277 414 51 representative
1858 3284 160 40 organ
2044 3272 51 41 of
2117 3273 93 40 the
2231 3281 160 42 youn-

513 3381 93 40 ger
639 3372 300 40 movement
971 3371 52 38 in
1059 3368 210 50 English
2391 3368 374 53 &

609 3460 45 39 It
686 3460 41 40 is
764 3457 275 50 published
1087 3457 56 38 at
1189 3464 59 38 35
1298 3450 320 42 Devonshire
1665 3448 193 44 Street,
1906 3443 283 42 Theobalds
2237 3443 154 46 Road,

518 3549 234 47 London,
784 3547 77 39 W.
894 3544 73 49 C.,
1001 3553 64 30 on
1100 3541 175 41 March
1315 3539 133 48 15th,
1470 3539 135 40 June
1639 3535 134 47 15th,
1804 3532 308 50 September
2145 3528 114 47 15th
2293 3528 97 39 and

519 3634 283 41 December
849 3631 134 46 15th.
1016 3628 104 40 The
1159 3628 139 48 price
1332 3626 51 40 of
1416 3637 28 27 a
1477 3622 167 51 single
1693 3631 125 38 copy
1851 3619 43 40 is
1926 3628 73 30 2s.
2032 3617 81 40 6d.
2147 3617 111 37 net-
2288 3614 103 39 The

519 3718 193 42 annual
748 3717 351 48 subscription
1134 3715 43 39 Is
1212 3724 97 30 10s.
1333 3711 82 42 6d.
1437 3711 120 50 post
1578 3708 110 41 free
1719 3709 55 38 to
1809 3705 65 40 all
1908 3703 282 41 countries.
2214 3700 179 49 Copies

520 3815 88 30 are
642 3801 308 53 procurable
984 3802 100 39 and
1119 3798 380 48 subscriptions
1524 3806 113 39 may
1661 3795 60 38 be
1744 3790 288 51 purchased
2065 3785 226 50 through
2326 3783 67 40 all

523 3889 326 43 Booksellers
883 3888 99 40 and
1018 3885 353 49 Newsagents.
