2672 4153
819 342 148 48 THE
998 342 52 47 P
1051 329 675 65 RE-SHAKESPEARE
1728 329 113 47 AN
1868 329 270 48 STAGE.

264 362 91 44 140

265 458 146 52 1574.

565 453 129 56 July
729 453 75 52 18,
839 449 32 46 I
903 446 219 49 Gelosi
1154 458 69 42 go
1258 447 60 42 to
1354 442 200 44 Venice
1590 439 108 42 and
1732 437 227 54 Milano,
2011 438 159 52 (with
2222 434 212 51 Glulio
2549 468 17 14 -

567 541 225 61 squat/,
828 540 174 45 called
1115 532 298 57 Magnlfico
1562 529 73 45 At
1682 529 202 45 Venice
1936 528 135 53 they
2119 524 242 55 perform
2395 531 170 50 before

570 639 187 48 Henry
791 632 85 43 III.
913 628 56 45 of
1003 628 210 44 France
1246 625 123 44 who
1404 625 47 42 is
1507 622 169 43 bored
1735 622 67 53 by
1851 621 98 43 the
1997 620 35 25 44
2055 617 298 55 Signorlna
2462 618 102 51 ViU

570 722 163 50 tor/a
778 721 60 46 V.
882 715 256 51 Pi/sini.

571 818 187 52 Queen
796 811 285 46 Elizabeth
1117 810 242 43 bestows
1394 819 31 30 a
1458 804 153 54 royal
1647 802 207 45 license
1907 813 69 33 on
2025 799 214 59 James
2272 797 293 66 Burbage,

567 900 237 57 Robert
847 899 254 56 Wilson,
1133 896 168 61 John
1337 894 254 55 Perkin,
1624 891 168 61 John
1827 890 290 48 Lantram
2151 891 107 44 and
2307 888 252 54 William

569 992 242 61 Jonson
848 996 57 40 to
940 989 246 55 perform
1220 990 56 42 in
1313 1001 30 30 a
1398 988 237 42 Theatre
1693 984 176 43 under
1917 983 97 43 the
2067 992 162 33 name
2282 979 55 44 of
2389 983 31 21 44
2446 983 120 48 Lord

571 1083 328 48 Leicester's
931 1083 268 45 Servants
1312 1076 235 55 Robert
1590 1073 233 48 Wilson
1865 1077 47 40 is
1966 1073 283 44 described
2302 1083 60 34 as
2409 1072 154 54 gifted

570 1177 138 45 with
805 1187 32 32 a
871 1173 187 56 quick,
1091 1172 256 52 delicate,
1383 1169 239 51 refined,
1653 1164 341 54 extemporal
2029 1166 99 43 wit
2222 1164 69 54 by
2324 1163 146 43 Stow
2516 1166 47 45 in

576 1270 85 43 his
696 1270 37 24 44
758 1265 323 47 Chronicles

573 1356 261 50 Alberto
887 1355 276 48 Ganassa
1216 1357 164 42 visits
1432 1354 211 43 Madrid
1696 1350 89 46 for
1837 1351 99 43 the
1983 1349 133 43 first
2163 1347 157 50 time*
2367 1343 198 59 playing

575 1450 205 56 mostly
813 1450 57 43 In
909 1449 367 44 Pantomime.
1310 1446 50 44 Is
1394 1443 173 44 called
1606 1443 231 43 Alberto
1892 1437 202 46 Naselli
2145 1436 137 45 alias
2333 1436 232 46 Ganassa.

274 1543 144 53 1575.

573 1542 175 45 Takes
781 1543 127 52 part
941 1540 57 44 In
1036 1540 211 52 Corpus
1284 1537 207 44 Christ!
1524 1533 223 47 festival
1783 1534 58 42 at
1872 1530 204 46 Seville
2110 1529 108 43 and
2254 1528 57 43 In
2347 1530 34 23 44
2401 1526 163 45 Corral

578 1636 67 41 de
680 1634 117 42 Don
832 1633 144 44 Juan
1072 1632 61 42 at
1164 1629 259 43 Theatre.
1458 1627 110 43 The
1624 1624 225 55 English
1905 1620 372 45 Ambassador
2325 1619 147 52 gives
2513 1631 55 31 an

578 1726 236 42 account
847 1722 56 44 of
936 1723 85 42 his
1056 1731 268 43 company
1357 1719 58 42 in
1455 1730 31 30 a
1520 1716 263 53 despatch
1820 1716 129 42 sent
1978 1713 63 42 to
2070 1712 189 52 Queen
2296 1708 270 46 Elizabeth.

576 1813 169 60 John
781 1812 283 47 Marston
1100 1813 45 44 is
1181 1813 162 42 born.

578 1904 261 48 Alberto
876 1902 274 49 Ganassa
1185 1915 172 41 opens
1390 1915 31 30 a
1454 1901 226 44 theatre
1723 1898 56 42 in
1815 1895 190 45 Corral
2042 1896 67 42 de
2146 1893 52 44 la
2224 1892 257 45 Pacheca.

579 1996 32 47 /
644 1995 218 48 Gelosi
890 1998 135 44 visit
1056 1995 224 53 Milano,
1314 1995 264 43 Florence
1614 1992 107 44 and
1773 1991 231 50 Vienna,
2058 1982 306 60 Pasquate
2469 1980 95 48 Ma-

496 2123 38 19 0\

573 2085 248 62 gnifico
917 2088 47 42 is
998 2088 137 42 with
1169 2086 176 44 them.
1381 2080 229 52 Rodolfo
1644 2083 42 42 11
1722 2080 278 53 reigning.

277 2179 241 55 I575-80.

585 2175 339 50 Cervantes
960 2180 44 41 is
1039 2189 31 32 a
1103 2177 150 44 slave
1289 2177 54 42 in
1380 2174 234 53 Algiers,
1647 2172 281 54 (consider
1978 2169 97 43 the
2121 2166 232 54 bearing
2391 2164 55 46 of
2474 2165 92 43 this

584 2283 70 32 on
689 2272 98 42 the
821 2271 201 43 Morris
1058 2268 226 55 Dance).

278 2363 143 54 I576.

575 2361 33 45 /
641 2359 219 50 Gelosi
887 2362 138 43 visit
1058 2361 233 43 Ferrara
1326 2359 58 44 at
1420 2356 254 45 Carnival
1717 2356 160 42 time.

588 2452 320 48 Giovanni
937 2448 283 51 Pelesini
1248 2452 48 43 Is
1331 2452 56 42 in
1422 2451 205 42 winter
1660 2450 58 42 at
1773 2445 279 53 Florence,
2089 2443 145 52 Pisa,
2269 2443 191 42 Lucca.
2488 2438 77 43 Not

583 2546 231 45 allowed
848 2547 60 42 to
943 2542 244 56 perform
1223 2545 59 42 at
1307 2542 125 44 Pisa
1458 2542 233 42 because
1716 2536 54 46 of
1792 2535 254 45 scandals
2070 2535 174 43 about
2265 2532 96 45 the
2386 2536 175 38 women

584 2636 56 45 of
673 2638 85 43 his
793 2648 284 43 company.

584 2727 170 47 Hans
787 2725 188 49 Sachs
1011 2728 136 51 dies,
1180 2727 135 53 aged
1361 2724 55 44 81
1450 2734 182 43 years.

651 2819 120 46 The
811 2817 257 48 Theatre
1163 2819 48 42 is
1256 2817 160 44 built.
1475 2815 145 44 First
1669 2813 237 44 Theatre
1962 2809 211 53 opened
2226 2808 57 40 in
2334 2800 231 57 England.

588 2912 131 44 Cost
753 2913 57 43 L.
842 2922 251 42 700.0.0.,
1129 2908 161 53 equal
1345 2909 59 41 to
1460 2906 174 43 about
1666 2906 57 41 L.
1756 2912 268 42 5000.0.0.
2070 2898 190 55 today.
2307 2892 257 55 Burbage

588 3015 131 42 pere
754 3015 31 33 a
818 3002 184 55 joiner
1036 3005 69 50 by
1136 3002 186 42 trade.
1357 2998 210 43 Patron
1599 2997 100 42 the
1735 2993 124 46 Earl
1896 2992 56 44 of
1986 2991 306 45 Leicester.

589 3095 149 43 First
772 3094 218 45 Edition
1111 3090 218 44 Hamlet
1444 3088 191 55 played
1695 3087 153 51 here,
1897 3081 239 54 1576=98.
2185 3078 131 45 This
2364 3086 115 43 may
2522 3073 44 38 be

589 3188 271 53 regarded
898 3196 59 32 as
989 3186 99 42 the
1129 3184 152 43 birth
1315 3193 135 43 year
1484 3180 55 43 of
1572 3180 97 42 the
1705 3176 226 53 English
1970 3176 222 41 Drama.

288 3282 138 50 1577.

585 3276 26 46 1
646 3275 219 48 Gelosi
893 3279 135 42 with
1064 3274 179 47 Scala
1276 3287 67 41 go
1378 3276 59 41 to
1474 3271 148 46 Blois
1655 3270 88 43 for
1778 3270 188 52 Henry
2014 3268 91 52 111,
2154 3266 249 49 January
2451 3251 120 53 35th.

590 3370 150 56 They
773 3382 95 32 are
893 3369 115 45 also
1036 3370 57 42 at
1120 3367 156 44 Paris
1300 3368 55 41 in
1381 3367 100 43 the
1507 3363 120 44 Hall
1652 3360 56 46 of
1732 3360 150 45 Petit
1901 3360 278 49 Bourbon,
2199 3358 117 53 (see
2335 3341 236 55 Moliere).

594 3462 434 48 Remonstrance
1061 3458 144 44 from
1241 3458 204 53 priests
1481 3457 105 42 and
1614 3453 357 55 magistrates
1992 3452 61 40 to
2076 3449 98 43 the
2199 3447 135 52 king
2353 3444 56 42 at
2434 3440 136 43 every

590 3551 405 54 performance.
1050 3549 113 45 The
1219 3546 145 47 chief
1416 3547 305 44 attraction
1776 3546 47 42 is
1877 3537 350 63 Magnifico
2282 3522 286 68 Pasquath
