2674 3866
930 312 413 54 EDITORIAL
1372 309 269 48 NOTES-

2377 310 89 50 183

191 413 375 55 BRAVO,

197 505 157 43 The
404 503 284 54 following
741 505 46 42 is
840 505 141 45 from
1037 520 30 31 a
1121 510 190 42 recent

287 595 233 42 number
552 592 56 44 of
638 594 95 42 the
766 592 258 52 Referee
1058 599 106 41 and
1199 609 111 32 was

194 682 292 44 contained
541 684 55 41 in
633 694 29 32 a
696 684 182 41 notice
914 683 54 43 of
1001 696 31 30 a
1065 683 245 46 farewell

194 771 273 45 luncheon
522 772 169 54 lately
743 774 159 51 given
952 774 59 41 to
1044 774 84 42 Mr
1161 772 55 44 P.
1251 776 59 45 R.

196 861 215 43 Benson
445 863 255 52 previous
732 862 60 42 to
846 862 83 42 his
975 862 209 52 setting
1234 861 77 43 off

195 960 70 33 on
299 961 32 32 a
364 951 277 44 Canadian
676 952 103 42 and
815 950 287 43 American
1147 951 162 41 tour:

194 1047 66 36 &
293 1041 35 25 44
354 1042 19 41 1
408 1045 149 41 must
590 1041 213 45 confess
835 1041 126 43 that
1014 1051 103 32 one
1150 1040 162 52 thing

196 1130 33 23 44
253 1130 283 53 surprised
572 1141 83 33 me
689 1133 58 41 at
778 1131 96 42 the
925 1130 212 42 Benson
1189 1127 92 42 lun-

194 1220 34 23 -44
254 1220 253 43 cheon....
540 1220 281 51 surprised
856 1229 84 32 me
976 1229 133 32 even
1161 1228 149 32 more

195 1309 33 22 44
253 1309 136 42 than
425 1309 94 42 the
573 1308 203 44 silence
831 1308 55 43 of
935 1308 88 43 Sir
1077 1307 235 41 Herbert

194 1399 33 23 44
253 1398 156 44 Tree.
444 1398 171 44 There
648 1411 112 30 was

195 1482 95 48 No
324 1484 281 47 Mention
641 1483 73 47 of
736 1483 104 47 Sir
867 1483 212 58 Henry
1098 1482 214 58 Irving

442 1538 33 31 A
783 1562 126 10 ....

254 1574 56 44 in
346 1587 105 43 any
486 1576 53 43 of
571 1576 95 43 the
700 1577 316 51 speeches...
1052 1576 98 42 not
1174 1585 135 31 even

195 1666 34 22 44
254 1668 56 40 In
346 1667 102 41 Mr.
482 1665 282 44 Benson's.
798 1666 107 42 Nor
939 1666 136 42 have
1126 1666 16 39 I
1199 1665 112 40 met

195 1756 34 23 44
253 1755 136 42 with
425 1766 104 42 any
587 1754 234 43 allusion
872 1757 58 40 to
978 1754 124 41 that
1155 1755 156 51 great

194 1845 33 20 44
251 1844 228 52 pioneer
511 1845 105 41 and
652 1844 217 42 reviver
909 1840 54 46 of
985 1842 95 44 the
1107 1841 204 54 Higher

194 1933 34 21 44
253 1933 200 42 Drama
501 1930 57 43 in
609 1943 104 42 any
762 1929 55 44 of
864 1931 95 42 the
1011 1942 296 31 numerous

191 2020 33 23 44
251 2018 313 44 references
596 2023 59 39 to
693 2020 100 42 Mr.
827 2020 212 42 Benson
1085 2020 104 41 and
1226 2020 83 41 his

187 2109 36 22 44
251 2109 296 51 departure
580 2108 86 43 for
719 2109 96 42 the
863 2110 200 41 States.
1114 2109 99 41 Yet
1265 2109 45 40 it

190 2198 37 23 44
252 2207 112 32 was
397 2198 134 42 with
564 2198 129 52 (and
715 2196 167 54 from)
917 2198 181 51 Irving
1131 2198 58 41 at
1212 2197 95 40 the

187 2286 32 24 44
248 2286 234 52 Lyceum
553 2286 126 42 that
732 2287 102 42 Mr.
896 2286 212 42 Benson
1180 2283 130 43 first

191 2375 33 20 44
251 2373 221 43 learned
508 2375 121 41 how
682 2376 59 40 to
790 2376 238 49 produce
1076 2372 201 44 Shakes-

191 2462 32 23 -44
251 2472 161 42 peare
437 2462 151 54 plays
613 2463 104 42 and
743 2463 120 41 how
887 2465 57 39 to
962 2463 148 41 train
1131 2463 179 41 actors

251 2550 86 43 for
369 2551 127 43 that
530 2551 161 43 noble
723 2550 170 43 work.
929 2550 115 43 And
1081 2549 40 43 if
1155 2551 154 42 there

252 2650 112 33 was
397 2651 128 32 ever
573 2651 31 31 a
652 2641 221 51 greater
919 2641 157 41 tutor
1110 2641 54 40 in
1199 2640 111 42 this

195 2731 33 23 44
253 2730 196 52 regard
483 2730 136 42 than
646 2730 181 51 Henry
860 2729 183 51 Irving
1076 2729 18 41 I
1130 2726 177 44 would

195 2820 34 24 44
254 2819 110 42 like
397 2820 59 41 to
492 2819 133 42 have
660 2819 82 41 his
778 2828 156 30 name
982 2819 127 41 sent
1141 2817 76 50 in,
1253 2815 57 42 in

194 2909 31 24 44
254 2908 163 42 order
449 2908 126 41 that
605 2907 94 42 the
732 2902 257 54 Referee
1024 2917 121 41 may
1176 2907 102 49 pub-

196 2996 33 24 -44
254 2994 105 42 lish
395 2996 44 40 it
470 2994 106 42 and
611 2993 141 42 hand
804 2993 47 41 it
900 2994 156 40 down
1093 2994 56 40 to
1189 3003 92 40 pos-

194 3086 35 21 -44
252 3085 192 50 terity.

293 3171 48 41 It
374 3171 166 41 needs
592 3181 30 31 a
675 3168 145 44 little
877 3180 148 32 more
1079 3167 54 45 of
1185 3168 118 44 this

195 3259 162 50 spirit
390 3259 54 40 in
478 3257 95 42 the
605 3257 220 42 theatre
870 3259 308 50 nowadays.
1244 3266 63 36 £?

195 3355 65 36 &
293 3345 109 43 The
435 3347 171 41 worst
649 3344 55 44 of
747 3342 559 46 Stratford-on-Avon

191 3446 51 45 js
276 3435 125 42 that
434 3434 45 42 it
512 3434 108 43 will
657 3435 65 42 be
771 3445 59 32 so
878 3431 182 47 local.

1357 428 63 35 £>
1439 415 45 47 A
1536 414 217 48 NEW
1794 412 344 49 SCENIC
2184 411 283 55 ART.&

1357 505 68 46 'T
1425 505 12 20 y
1442 505 76 47 he
1541 505 150 47 New
1715 504 157 48 York
1895 503 311 48 Dramatic
2231 501 240 49 Mirror

1444 597 187 44 thrills
1663 597 132 41 with
1831 595 110 43 this
1977 605 144 32 news
2157 594 166 42 about
2366 604 102 31 our

1358 687 85 43 old
1476 685 181 46 friend
1695 689 151 51 Hugo
1880 683 342 52 Rumbold....
2256 684 76 42 Do
2355 694 104 42 you

1358 774 178 54 know,
1554 787 81 32 we
1662 777 100 42 had
1784 776 199 43 almost
1999 774 115 44 said
2139 783 100 33 our
2246 782 221 48 young

1356 863 180 43 friend
1557 866 26 40 ?

1456 952 114 48 Apd
1607 955 66 40 do
1705 965 105 42 you
1845 953 160 44 know
2038 953 125 42 that
2185 953 95 42 the
2314 948 152 47 Dra=

1356 1039 184 45 matic
1571 1040 240 48 Mirror
1847 1045 187 42 writes
2082 1045 124 41 that
2253 1044 130 40 here
2419 1041 45 42 is

1358 1140 31 31 a
1422 1130 33 24 44
1480 1141 118 31 new
1631 1133 178 41 scenic
1841 1133 164 41 artist
2035 1133 141 49 who,
2200 1133 43 41 it
2267 1133 45 40 is
2330 1130 138 52 said,

1357 1218 33 24 44
1423 1216 110 44 will
1568 1218 396 47 revolutionize
2017 1221 154 51 stage
2223 1219 237 53 settings

1358 1305 33 24 44
1425 1307 106 40 and
1585 1307 307 43 mechanics
2030 1310 33 24 44
2090 1310 91 41 His
2234 1309 122 43 idea
2408 1310 56 41 in

1357 1395 35 25 44
1427 1395 250 51 painting
1723 1407 227 42 scenery
1999 1398 45 41 is
2091 1399 57 41 to
2198 1399 64 41 do
2316 1409 148 41 away

1359 1483 31 22 44
1427 1484 133 41 with
1597 1484 93 42 the
1726 1496 93 30 use
1853 1483 54 43 of
1938 1484 173 54 wings
2153 1487 104 42 and
2298 1488 161 41 other

1358 1574 33 21 44
1427 1574 373 42 cumbersome
1834 1574 103 41 and
1973 1577 286 48 expensive
2312 1577 152 51 stage

1357 1663 33 21 44
1425 1662 436 52 paraphernalia.
1925 1663 107 42 The
2097 1675 117 30 new
2278 1666 88 41 art
2419 1666 45 41 is

1357 1756 34 22 44
1425 1754 282 41 described
1743 1764 57 31 as
1836 1751 290 55 strikingly
2149 1752 243 43 realistic

1452 1841 117 43 And
1606 1841 68 43 all
1710 1842 112 42 this
1845 1842 236 42 without
2106 1844 198 51 having
2328 1854 136 41 gone

1356 1934 58 41 to
1469 1931 184 45 school
1707 1933 323 52 anywhere!
2208 1933 99 52 Oh,
2356 1943 106 43 you

1357 2020 244 52 naughty
1634 2020 100 52 boy
1758 2020 43 42 !!
1911 2028 64 35 &
2400 2028 64 34 &

1362 2105 168 46 TWO
1599 2105 219 54 MORE
1892 2105 185 47 NEW
2140 2104 328 52 GERMAN

1362 2194 146 47 THE
1508 2194 46 47 A
1566 2194 214 54 TRES:
1867 2194 356 54 DRESDEN
2298 2193 165 46 AND

1357 2284 335 52 BREMEN.
1913 2296 65 35 &
2157 2295 63 35 &
2401 2295 65 35 &

1564 2376 241 52 January
1836 2386 81 32 we
1950 2375 282 52 published
2269 2387 29 31 a
2333 2377 130 41 note

1447 2461 140 43 from
1622 2474 102 30 one
1758 2461 53 43 of
1853 2474 102 33 our
2003 2463 463 51 correspondents

1356 2551 250 51 pointing
1639 2551 96 41 out
1768 2551 141 50 that,
1941 2551 164 43 whiie
2138 2554 110 39 two
2300 2555 163 49 great

1357 2641 113 41 rich
1507 2640 153 42 cities
1695 2639 105 43 like
1836 2640 279 52 Liverpool
2154 2643 103 40 and
2307 2643 117 40 Man-

1357 2728 214 43 chester
1604 2739 141 31 were
1780 2739 57 32 so
1871 2730 159 52 tardy
2055 2730 104 41 and
2184 2730 275 51 apathetic

1356 2815 54 42 in
1444 2815 206 52 raising
1684 2827 192 43 money
1926 2815 86 43 for
2063 2818 95 42 the
2209 2815 250 54 building

1358 2907 103 39 and
1512 2904 380 43 maintenance
1941 2904 53 43 of
2046 2907 267 49 theatres,
2365 2905 97 42 the

1357 2996 147 39 town
1559 2992 53 42 of
1667 2992 213 44 Lubeck
1932 2992 55 42 in
2043 2994 344 52 Germany,...
2427 3005 31 30 a

1357 3082 145 39 town
1522 3081 131 42 with
1673 3092 29 31 a
1719 3079 316 54 population
2054 3081 236 52 scarcely
2311 3092 151 32 more

1357 3170 120 39 that
1511 3168 358 42 one-seventh
1904 3170 121 40 that
2058 3167 53 43 of
2162 3168 301 54 Liverpool,

1357 3257 101 42 had
1486 3259 298 50 responded
1809 3257 237 43 without
2063 3257 270 52 difficulty
2355 3260 57 40 to
2434 3271 30 29 a

1356 3345 100 43 call
1483 3346 137 42 from
1645 3346 73 43 its
1740 3346 376 55 Municipality
2138 3346 86 43 for
2245 3358 213 41 150,000

1356 3435 209 51 pounds
1618 3436 56 41 to
1730 3435 148 43 build
1932 3436 71 42 its
2060 3446 119 32 new
2234 3436 220 42 theatre
