2189 3840
134 272 77 35 422

950 273 51 26 LA
1035 274 255 26 FARANDOLE

898 430 76 40 La
1003 429 311 41 Farandole

187 553 62 40 La
268 553 244 48 farandole,
536 554 99 39 telle
658 552 157 52 qu'elle
854 567 44 26 se
921 555 202 50 pratique
1166 567 53 25 en
1242 553 225 39 Provence
1504 563 39 30 et
1565 554 98 50 plus
1698 553 399 51 particulièrement

131 621 110 39 dans
261 621 38 39 le
319 634 107 38 pays
446 621 186 47 d'Arles,
654 620 68 41 n'a
748 620 134 52 qu'un
915 621 186 39 lointain
1126 629 179 43 rapport
1340 633 101 26 avec
1464 620 38 39 la
1536 621 136 39 danse
1695 633 85 37 que
1811 620 86 39 l'on
1921 626 175 34 connaît

129 692 355 36 communément
506 701 103 26 sous
633 702 46 25 ce
701 701 118 26 nom.
840 687 55 41 Ni
919 701 168 26 comme
1110 696 296 39 mouvement,
1432 690 43 37 ni
1499 701 170 26 comme
1691 687 151 47 allure,
1863 689 41 37 ni
1926 701 171 26 comme

130 769 93 37 pas,
244 757 41 37 ni
309 769 79 37 par
407 760 267 47 conséquent
697 769 170 26 comme
887 757 220 49 musique,
1132 755 82 38 elle
1246 768 53 25 ne
1340 754 240 40 ressemble
1603 769 52 25 au
1680 758 207 36 monôme
1908 755 189 40 accéléré

128 824 74 49 qui
215 823 37 38 la
273 822 218 51 remplace
514 821 363 40 habituellement
899 827 20 33 à
944 823 38 37 la
1005 828 127 33 scène
1155 835 54 26 ou
1233 835 53 26 en
1307 819 59 41 fin
1385 822 52 38 de
1455 822 229 50 quadrille,
1710 822 109 38 dans
1843 822 60 39 les
1927 823 164 38 salons.

200 889 87 39 Pas
305 889 99 51 plus
418 887 189 42 Gounod
625 890 111 38 dans
753 889 186 38 Mireille
951 901 82 39 que
1047 887 121 40 Bizet
1187 889 109 38 dans
1313 887 25 40 Y
1341 888 249 39 Artésienne
1599 902 54 27 ne
1671 902 46 26 se
1735 897 97 31 sont
1846 887 247 42 conformés

128 960 21 35 à
173 957 38 38 la
236 969 174 27 mesure
432 966 40 29 et
493 960 21 35 à
545 957 38 38 la
607 957 188 38 cadence
818 969 84 37 que
936 964 273 42 comportent
1232 955 62 39 les
1316 955 234 40 véritables
1570 969 79 37 pas
1672 956 52 39 de
1757 961 216 34 caractère
1994 969 75 26 con-

125 1025 183 38 stituant
331 1023 38 39 la
390 1022 241 41 farandole.

178 1089 64 40 La
261 1089 228 40 farandole
513 1090 109 39 n'est
644 1091 155 49 jamais
823 1094 21 33 à
870 1093 82 45 2/4,
986 1091 110 37 mais
1133 1093 21 34 à
1178 1090 83 48 6/8.
1295 1089 95 39 Elle
1423 1103 44 25 se
1491 1090 98 50 joue
1629 1089 164 52 allegro
1816 1091 214 38 moderato
2051 1100 41 29 et

125 1170 88 26 non
232 1157 139 39 vivace
378 1187 10 19 ,
414 1170 45 26 se
480 1157 139 39 divise
634 1170 53 25 en
705 1159 99 48 cinq
825 1154 164 52 figures
1025 1160 255 47 composées
1300 1157 195 39 chacune
1518 1157 51 39 de
1587 1169 78 38 pas
1688 1156 239 51 différents,
1954 1159 114 38 inter-

122 1237 183 38 rompus
327 1228 270 35 eux-mêmes
619 1237 79 38 par
720 1224 75 39 des
816 1232 141 43 temps
978 1224 51 39 de
1054 1237 145 37 repos,
1222 1224 194 50 pendant
1436 1224 191 50 lesquels
1645 1224 61 39 les
1738 1225 212 39 danseurs
1970 1239 90 25 mar-

122 1291 127 38 chent
272 1304 52 25 en
345 1291 200 49 cadence,
566 1291 38 38 la
625 1293 205 48 musique
853 1293 273 38 continuant.
1153 1290 55 39 Ils
1232 1300 170 29 entrent
1421 1291 223 39 d'ailleurs
1674 1305 52 25 en
1746 1297 126 34 scène
1895 1305 52 26 en
1971 1306 88 25 mar-

121 1358 131 39 chant
268 1366 40 31 et
332 1359 233 38 terminent
581 1371 53 26 en
656 1358 186 39 saluant.
865 1357 186 41 Chacun
1082 1359 53 38 de
1154 1371 70 26 ces
1247 1371 78 37 pas
1348 1371 46 26 se
1431 1371 207 38 compose
1660 1359 293 39 d'entrechats
1976 1368 39 30 et
2035 1360 53 39 de

120 1424 178 40 chassés
333 1428 313 37 extrêmement
684 1425 273 51 compliqués
985 1434 40 31 et
1045 1427 74 48 qui
1153 1427 188 37 seraient
1364 1425 129 39 d'une
1528 1427 225 38 exécution
1783 1425 261 52 impossible
2065 1431 21 34 à

123 1505 85 26 une
229 1492 136 39 allure
383 1492 150 51 rapide
546 1503 8 37 ;
579 1490 134 50 enfin,
737 1492 61 39 les
818 1491 101 40 bras
933 1500 41 31 et
994 1492 61 39 les
1075 1493 144 38 mains
1237 1492 148 50 jouent
1406 1496 270 35 eux-mêmes
1691 1506 56 25 un
1766 1493 105 46 rôle,
1891 1493 192 50 pendant

122 1559 62 39 les
209 1571 126 39 repos
355 1566 56 32 où
433 1559 53 39 ils
512 1572 45 26 se
578 1559 231 39 balancent
832 1573 53 26 en
910 1574 57 25 un
990 1561 203 47 gracieux
1212 1561 284 37 va-et-vient.

174 1625 66 40 Au
259 1635 126 38 reste,
406 1628 111 37 voici
542 1627 37 38 le
602 1627 131 38 détail
757 1627 75 39 des
856 1625 165 51 figures
1047 1635 40 30 et
1110 1627 77 39 des
1206 1639 79 38 pas
1310 1639 7 25 :

163 1728 9 19 i
181 1721 23 15 re
223 1715 114 42 figure
354 1717 76 31 :La
452 1716 182 33 farandole
654 1717 152 32 s'élance
828 1726 42 23 en
894 1716 138 42 zigzag,
1057 1719 50 29 les
1129 1719 171 30 danseurs
1336 1719 204 38 s'avançant
1573 1728 59 20 sur
1664 1719 31 29 le
1719 1728 62 28 pas
1816 1717 207 39 particulier
2043 1717 41 32 de

115 1772 90 24 cette
224 1765 108 32 danse

157 1824 15 20 2
179 1820 11 14 e
212 1813 59 42 fig.
298 1815 134 30 Retour
450 1824 40 22 en
512 1814 98 41 ligne
634 1815 125 31 droite.

156 1873 16 31 3
179 1867 13 16 e
214 1862 59 41 fig.
301 1863 47 31 La
369 1862 182 32 farandole
571 1870 115 32 repart
703 1865 57 29 :le
778 1872 145 23 meneur
939 1870 32 25 et
991 1874 36 21 sa
1040 1863 173 32 cavalière
1227 1863 74 31 font
1316 1863 198 39 volte-face,
1540 1868 202 27 entraînant
1764 1867 48 28 les
1830 1863 173 32 danseurs
2021 1864 62 39 qui

114 1918 142 32 passent
282 1922 82 20 sous
388 1914 48 28 les
463 1912 78 31 bras
564 1912 60 31 des
644 1912 89 31 deux
752 1912 181 39 premiers.

155 1973 19 27 4
179 1966 11 15 e
212 1959 60 42 fig.
299 1959 205 33 Semblable
519 1962 16 29 à
557 1962 30 30 la
606 1960 174 40 première
804 1963 53 29 :la
874 1963 142 29 marche
1033 1971 39 21 en
1096 1960 127 41 zigzag
1240 1962 54 30 n'a
1320 1961 68 31 lieu
1414 1962 80 38 qu'à
1515 1964 31 28 la
1568 1965 69 27 tête
1653 1961 43 31 de
1717 1964 32 31 la
1771 1961 139 31 chaîne.
1948 1962 135 32 Retour

111 2010 190 38 parallèle.

159 2067 13 31 5
179 2063 11 15 e
207 2056 58 42 fig.
289 2056 139 33 Nouvel
446 2058 78 31 élan
543 2067 7 22 :
573 2060 31 29 le
623 2067 157 28 meneur,
797 2058 92 31 suivi
903 2058 59 32 des
980 2066 128 29 autres,
1135 2068 103 29 passe
1261 2069 83 20 sous
1368 2061 47 28 les
1439 2058 80 31 bras
1538 2060 93 30 levés
1653 2069 42 20 en
1719 2065 211 26 retournant
1948 2069 60 21 sur
2021 2069 54 21 ses

108 2116 75 29 pas.

150 2155 19 30 6
173 2161 11 15 e
200 2154 65 41 fig.
299 2154 206 33 Semblable
527 2157 17 29 à
577 2158 31 29 la
626 2156 183 39 première.
831 2156 84 31 Puis
948 2158 32 29 la
1002 2156 126 31 chaîne
1151 2156 60 29 des
1231 2155 171 31 danseurs
1426 2156 110 31 décrit
1558 2165 68 21 une
1647 2155 142 40 spirale.
1808 2156 160 37 Ensuite,
1996 2164 57 23 tou-

108 2204 97 39 jours
226 2212 42 22 en
295 2203 161 31 dansant,
481 2205 31 29 le
534 2213 147 21 meneur
705 2211 32 23 et
761 2213 37 21 sa
821 2203 173 32 cavalière
1013 2213 36 21 se
1089 2210 223 29 retournent,
1347 2206 30 28 la
1401 2203 132 40 spirale
1566 2213 37 21 se
1629 2211 132 32 rompt,
1795 2206 48 29 les
1867 2208 145 36 couples
2039 2214 38 22 se

106 2251 166 39 séparent
295 2258 32 25 et
366 2251 189 32 terminent
570 2262 63 29 par
652 2263 44 20 un
732 2251 176 42 rigaudon
934 2253 157 40 général.

159 2355 148 52 Quant
342 2371 55 26 au
435 2371 185 26 canevas
655 2359 183 39 musical
873 2368 178 41 partout
1074 2361 172 49 adopté,
1277 2360 28 38 il
1329 2369 101 41 peut
1471 2364 89 35 être
1601 2366 249 45 représenté
1881 2376 80 37 par
2001 2371 65 32 cet

99 2424 202 51 exemple
328 2439 7 24 :
