2189 3840
507 259 51 25 LA
589 256 197 33 MUSIQUE
821 257 51 26 EN
909 257 157 34 ITALIE,
1102 256 58 25 DU
1196 256 69 25 XIV
1270 247 15 16 e
1316 255 54 26 AU
1407 256 104 25 XVIII
1517 247 14 16 e
1562 248 149 35 SIÈCLE

103 251 79 44 436

105 351 145 46 doute,
276 350 28 39 il
327 349 71 52 n'y
421 363 21 26 a
466 354 135 45 guère
623 350 53 39 de
699 351 176 39 nations
901 353 21 36 à
948 351 74 49 qui
1059 346 95 42 l'art
1191 349 130 39 doive
1358 349 101 51 plus
1497 349 96 52 qu'à
1631 349 156 41 l'ltalie
1809 362 8 34 ;
1859 357 40 32 et
1934 350 38 51 je
2008 347 87 42 n'ai

106 422 134 43 cessé,
267 430 112 38 pour
394 431 69 25 ma
490 426 111 43 part,
626 418 53 40 de
699 418 38 40 le
771 417 215 52 rappeler,
1010 426 143 31 toutes
1181 417 61 40 les
1271 415 85 42 fois
1377 431 85 37 que
1485 418 37 51 je
1555 416 71 41 l'ai
1656 431 58 38 pu
1765 415 116 41 Mais
1913 417 30 40 il
1969 415 72 53 n'y
2076 430 21 26 a

105 499 168 26 aucune
294 486 149 39 raison
462 499 111 37 pour
595 485 214 40 attribuer
833 490 99 35 àun
954 485 176 51 peuple,
1166 489 19 34 à
1224 483 255 41 l'exclusion
1509 486 75 39 des
1606 494 163 36 autres,
1795 498 87 27 une
1905 493 117 32 sorte
2044 485 53 40 de

104 555 269 50 suprématie
398 555 231 50 artistique
649 551 105 54 qu'il
777 552 69 42 n'a
867 567 93 38 pas.
979 553 51 54 Je
1050 555 87 38 sais
1153 562 97 42 trop
1276 566 84 39 que
1381 553 102 40 c'est
1499 553 243 41 l'habitude
1764 553 78 40 des
1859 553 238 40 historiens

105 622 52 39 de
178 629 143 32 toutes
345 621 61 40 les
429 622 177 39 nations
629 632 7 28 :
661 622 28 39 il
716 619 110 43 n'est
848 628 136 43 guère
1003 621 230 40 d'histoire
1252 621 54 40 de
1325 621 40 39 la
1395 622 221 51 musique,
1642 621 132 40 écrite
1796 634 54 27 en
1877 619 140 49 Italie,
2042 634 54 27 en

105 687 281 52 Allemagne,
411 702 55 27 en
488 687 278 52 Angleterre,
789 703 56 27 ou
866 703 53 27 en
947 689 183 48 France,
1157 695 56 34 où
1242 697 109 32 cette
1375 690 206 50 question
1616 689 54 40 de
1704 690 308 49 prééminence
2041 701 56 27 ne

104 757 84 39 soit
213 756 204 40 tranchée
442 768 104 28 avec
577 756 40 40 la
641 760 144 36 même
820 760 145 37 sûreté
1000 755 351 52 imperturbable
1389 769 53 26 en
1483 755 153 41 faveur
1676 755 54 40 de
1760 753 170 48 l'ltalie,
1955 767 58 28 ou
2044 755 53 40 de

103 823 310 50 l'Allemagne,
440 836 55 28 ou
518 824 53 40 de
588 822 307 53 l'Angleterre,
922 838 55 26 ou
1002 824 53 40 de
1078 824 39 39 la
1141 823 167 41 France
1334 835 8 36 ;
1364 832 40 31 et
1427 824 29 39 il
1476 824 71 51 n'y
1570 838 21 26 a
1617 836 79 39 pas
1729 822 230 53 beaucoup
1998 822 99 52 plus

102 891 52 39 de
180 894 173 38 raisons
373 891 112 41 dans
506 907 59 25 un
588 906 72 26 cas
685 906 84 38 que
792 893 110 39 dans
923 892 168 40 l'autre.
1120 891 113 41 Rien
1256 892 53 40 de
1329 892 99 51 plus
1450 894 103 37 vain
1576 905 85 39 que
1680 899 65 32 cet
1767 891 326 49 exclusivisme,

102 963 74 49 qui
200 959 78 41 fait
301 969 85 31 tort
420 975 81 25 aux
525 961 98 51 plus
644 960 140 41 beaux
805 969 198 40 travaux,
1026 974 53 26 en
1100 962 279 38 rétrécissant
1416 959 93 41 leur
1544 960 158 51 champ
1746 958 347 49 d'observation,

101 1036 40 31 et
164 1042 53 26 en
259 1028 201 41 faussant
492 1028 310 50 l'intelligence
822 1029 77 39 des
920 1036 179 32 savants
1132 1028 61 40 les
1217 1028 99 51 plus
1341 1029 347 39 consciencieux.
1711 1026 96 42 Aux
1833 1027 179 41 Italiens
2042 1040 54 27 en

100 1096 268 50 particulier,
395 1097 37 51 je
453 1109 70 27 me
545 1098 254 50 permettrai
835 1096 53 39 de
911 1096 202 51 rappeler
1132 1096 38 40 le
1210 1104 91 32 mot
1340 1096 52 39 de
1431 1109 44 26 ce
1496 1096 141 49 grand
1676 1094 172 52 Italien,
1885 1094 207 52 Mazzini,

104 1163 291 51 proclamant,
417 1163 28 40 il
468 1178 26 37 y
520 1178 20 25 a
565 1164 99 51 plus
688 1164 52 39 de
772 1165 238 50 cinquante
1035 1177 94 33 ans,
1154 1177 19 24 «
1196 1178 58 37 qu
1273 1164 28 39 il
1325 1162 72 52 n'y
1429 1177 21 26 a
1483 1163 100 52 plus
1605 1165 44 39 ni
1673 1163 341 51 hommes-rois,
2045 1165 44 38 ni

100 1231 315 51 peuples-rois,
454 1245 84 37 que
574 1231 11 40 1
605 1233 215 39 initiative
850 1231 110 40 n'est
998 1245 79 38 pas
1116 1232 111 40 dans
1265 1245 86 26 une
1389 1232 121 39 seule
1553 1245 110 37 race,
1690 1230 160 53 qu'elle
1883 1240 66 31 est
1979 1231 113 40 dans

100 1307 142 32 toutes
281 1299 62 40 les
385 1312 135 36 races,
564 1308 41 31 et
641 1313 84 38 que
766 1300 39 39 le
827 1304 185 47 progrès
1055 1299 184 40 humain
1276 1308 64 31 est
1379 1299 181 40 l'œuvre
1605 1300 53 39 de
1701 1299 116 40 leurs
1859 1312 233 28 communs

99 1366 149 41 efforts
271 1380 18 23 »
313 1365 74 54 (i).
422 1366 62 41 Le
517 1376 142 42 temps
682 1367 109 40 n'est
812 1367 113 52 plus,
953 1374 55 33 où
1029 1367 87 40 l'on
1139 1367 148 40 faisait
1311 1368 122 39 dater
1457 1367 40 40 la
1518 1369 207 50 musique
1749 1367 52 40 de
1824 1367 267 50 Palestrina.

100 1435 31 41 Il
154 1435 110 40 n'est
286 1435 100 52 plus
421 1450 59 25 un
513 1435 92 40 seul
630 1437 214 39 musicien
883 1437 169 38 sérieux
1087 1449 52 26 en
1175 1435 180 52 Europe
1379 1437 73 50 qui
1477 1449 53 26 ne
1560 1436 146 51 sache,
1743 1440 21 35 à
1788 1440 193 47 présent,
2008 1449 85 38 que

99 1503 269 45 Palestrina,
393 1503 88 40 loin
506 1501 134 42 d'être
662 1518 59 26 un
746 1512 393 38 commencement,
1165 1511 65 32 est
1251 1504 38 40 le
1314 1512 136 31 terme
1472 1503 130 40 d'une
1621 1504 165 49 longue
1808 1512 40 31 et
1870 1504 224 49 glorieuse

99 1572 242 45 évolution,
368 1573 73 49 qui
463 1572 110 39 n'est
596 1584 78 39 pas
704 1580 284 43 proprement
1022 1571 211 40 italienne
1258 1583 6 26 :
1294 1580 92 31 tant
1410 1569 90 42 s'en
1537 1571 105 41 faut.
1679 1571 185 41 Chacun
1899 1573 98 46 sait,
2037 1585 55 26 ou

100 1639 91 40 doit
212 1641 146 37 savoir
383 1644 21 34 à
429 1644 176 47 présent
648 1652 84 39 que
756 1638 95 40 l'art
894 1638 375 41 franco-flamand
1308 1653 21 26 a
1355 1644 134 45 régné
1523 1652 75 27 sur
1635 1640 11 38 l
1665 1638 192 53 Europe,
1896 1640 196 51 pendant

101 1715 92 31 tout
216 1706 38 40 le
277 1722 51 23 xv
332 1711 14 17 e
368 1715 40 31 et
432 1720 86 27 une
547 1709 140 49 partie
722 1707 52 39 de
809 1722 90 24 xvic
934 1708 146 43 siècle,
1123 1708 105 50 qu'il
1264 1708 219 40 dominait
1515 1711 21 35 à
1579 1706 157 51 Rome,
1769 1721 54 26 au
1862 1715 142 43 temps
2038 1708 54 39 de

98 1773 121 41 Léon
239 1774 35 40 X
288 1790 8 32 ;
310 1783 40 31 et
368 1775 38 39 le
420 1774 123 41 Livre
560 1775 69 38 des
650 1773 156 40 Messes
819 1776 52 38 de
888 1774 195 51 Brumel,
1104 1776 53 38 de
1171 1776 39 39 la
1231 1775 111 49 Rue,
1355 1784 80 32 etc.
1450 1774 75 51 (2),
1539 1774 200 52 publiées
1756 1789 79 38 par
1850 1774 63 40 M.
1940 1774 151 53 Henry

98 1840 176 53 Expert,
297 1852 64 30 est
384 1843 38 39 là
455 1856 112 38 pour
589 1852 195 31 montrer
807 1843 37 39 la
871 1842 193 40 fausseté
1085 1843 77 39 des
1182 1845 180 38 anciens
1382 1844 114 39 lieux
1521 1856 248 34 communs,
1795 1844 174 50 d'après
2004 1844 66 40 les-

99 1909 124 51 quels
246 1917 63 31 cet
333 1918 65 31 art
420 1915 72 34 eût
514 1914 66 36 été
608 1924 58 26 un
690 1918 64 32 art
776 1910 199 51 primitif,
1003 1910 237 50 archaïque
1263 1918 39 32 et
1326 1909 206 48 barbare,
1574 1916 56 34 où
1654 1908 155 43 l'ltalie
1831 1910 256 41 introduisit

99 1977 37 39 la
163 1976 158 40 beauté
342 1986 41 31 et
406 1977 39 39 la
467 1979 70 38 vie
556 1988 7 26 :
586 1990 53 26 en
664 1977 163 41 réalité,
854 1991 45 25 ce
922 1986 100 30 sont
1055 1977 38 39 là
1115 1978 75 38 des
1225 1976 353 51 chefs-d'œuvre,
1603 1976 131 42 d'une
1770 1977 160 41 beauté
1970 1979 119 39 aussi

98 2044 184 52 parfaite
303 2058 83 38 que
410 2058 106 27 ceux
539 2045 52 39 de
610 2044 203 52 l'époque
836 2045 361 51 palestrinienne,
1229 2054 40 31 et
1292 2045 131 40 d'une
1444 2047 70 38 vie
1534 2044 102 41 bien
1673 2045 99 51 plus
1813 2044 111 41 libre
1944 2059 9 35 ;
1978 2059 113 27 vous

99 2125 125 27 aurez
248 2112 52 40 de
323 2112 39 40 la
387 2113 128 51 peine
537 2116 21 35 à
583 2120 176 33 trouver
781 2112 111 40 dans
913 2120 93 32 tout
1030 2112 95 40 l'art
1145 2113 150 40 italien
1314 2113 59 40 du
1393 2127 89 25 xvie
1499 2112 130 41 siècle
1652 2112 282 52 l'équivalent
1973 2113 54 40 de
2049 2113 40 40 la

95 2178 181 52 fougue,
301 2179 53 41 de
377 2179 305 41 l'exubérance
701 2189 41 32 et
765 2180 52 40 de
842 2180 39 39 la
906 2179 160 41 beauté
1085 2178 185 41 raffinée
1293 2180 76 39 des
1391 2180 270 53 Jannequin,
1683 2180 77 41 des
1782 2180 205 54 Josquin,
2012 2181 77 40 des

98 2246 173 42 Roland
295 2247 54 42 de
370 2246 186 49 Lassus,
580 2247 76 41 des
683 2246 225 53 Costeley,
934 2261 57 27 ou
1014 2248 76 40 des
1114 2247 172 42 Claude
1303 2248 38 40 le
1363 2248 153 53 Jeune.
1653 2247 121 41 Dans
1811 2248 39 40 la
1883 2251 207 49 musique

95 2316 354 46 instrumentale,
471 2314 293 52 l'Angleterre
799 2321 150 45 règne,
972 2316 83 39 àla
1080 2314 61 41 fin
1164 2317 58 39 du
1263 2331 69 24 xvi
1335 2320 17 18 e
1385 2317 130 39 siècle
1547 2325 40 32 et
1621 2329 54 27 au
1711 2326 380 32 commencement

95 2383 57 40 du
174 2397 87 26 xvii
266 2388 15 17 e
305 2397 9 35 ;
340 2392 41 32 et
403 2383 63 40 les
487 2383 178 40 Italiens
688 2392 100 32 sont
821 2384 102 41 bien
956 2384 91 41 loin
1069 2384 59 41 du
1149 2384 193 48 charme,
1366 2385 53 39 de
1442 2385 39 39 la
1502 2383 207 42 fantaisie
1732 2393 41 32 et
1795 2385 54 40 de
1870 2385 40 40 la
1934 2383 155 43 liberté

94 2450 102 41 d'un
221 2451 133 52 Byrd,
380 2451 105 40 d'un
518 2451 116 54 John
671 2451 116 51 Bull,
815 2465 55 27 ou
907 2453 103 39 d'un
1050 2450 200 43 Orlando
1282 2450 220 43 Gibbons.
1598 2450 134 42 Enfin
1755 2453 39 40 le
1815 2466 93 27 xvn
1912 2457 15 18 e
1960 2453 130 41 siècle

96 2518 220 40 allemand
342 2533 21 25 a
388 2519 111 40 dans
532 2519 38 40 la
594 2519 273 52 polyphonie
901 2520 151 40 vocale
1075 2528 40 32 et
1149 2520 340 40 instrumentale
1525 2533 87 27 une
1650 2522 235 50 puissance
1924 2529 41 33 et
2000 2535 87 28 une

95 2586 242 51 plénitude,
361 2586 108 41 dont
502 2586 155 42 l'ltalie
680 2588 267 52 n'approche
970 2602 79 38 pas
1071 2588 53 40 de
1158 2587 101 41 bien
1298 2589 106 39 loin.
1448 2587 227 53 Pourquoi
1708 2588 114 41 donc
1850 2602 47 27 se
1927 2588 162 42 fermer

95 2654 63 40 les
178 2654 190 51 oreilles,
394 2655 54 41 de
466 2656 114 51 parti
603 2658 107 49 pris,
737 2660 22 36 à
781 2669 69 27 ces
873 2658 158 38 vérités
1054 2657 240 50 évidentes,
1328 2665 40 32 et
1393 2654 217 54 qu'est-ce
1631 2670 86 38 que
1755 2657 40 40 la
1831 2658 142 50 gloire
2004 2660 64 39 ita-

95 2721 145 41 lienne
269 2736 21 26 a
315 2726 21 36 à
359 2736 173 37 gagner
557 2727 22 36 à
603 2736 70 28 ces
706 2726 235 48 négations
967 2738 55 26 ou
1055 2738 70 26 ces
1149 2723 160 48 oublis,
1349 2724 107 40 dont
1493 2738 143 27 aucun
1657 2726 216 40 musicien
1906 2727 181 40 instruit

95 2802 53 27 ne
170 2791 166 39 saurait
356 2790 101 52 plus
480 2794 90 37 être
592 2791 115 51 dupe
723 2795 16 36 ?
764 2789 79 42 S'il
866 2801 62 31 est
963 2793 91 39 vrai
1076 2805 84 38 que
1182 2790 120 41 Bach
1326 2800 41 32 et
1391 2791 183 41 Haendel
1593 2805 46 27 se
1656 2800 100 32 sont
1779 2795 176 38 nourris
1974 2793 112 41 d'art

93 2857 152 40 italien
341 2858 60 49 (et
424 2858 39 52 je
486 2856 71 42 l'ai
580 2858 63 40 dit
664 2867 40 32 et
727 2863 147 48 répété
895 2861 273 46 moi-même,
1196 2863 21 35 à
1243 2861 191 39 maintes
1456 2861 208 50 reprises,
1689 2860 53 40 de
1761 2864 143 37 même
1927 2874 85 39 que
2048 2859 37 53 je

94 2925 86 40 n'ai
203 2926 156 51 jamais
379 2926 133 40 laissé
531 2940 156 38 passer
708 2940 86 27 une
815 2929 205 39 occasion
1043 2928 52 40 de
1115 2937 198 32 montrer
1335 2941 46 27 ce
1404 2941 85 39 que
1513 2936 98 32 tous
1633 2927 61 41 les
1715 2930 242 39 musiciens
1977 2929 87 40 alle-

93 2994 175 47 mands,
293 2993 171 52 jusqu'à
489 2992 143 43 Gluck
655 3003 40 32 et
710 2994 187 49 Mozart,
923 2995 178 41 doivent
1126 3010 81 26 aux
1229 2995 197 53 Italiens)
1521 2995 122 41 est-il
1667 2998 165 50 permis
1853 2996 53 41 de
1929 2996 157 42 laisser

93 3062 139 38 croire
274 3074 84 38 que
396 3074 70 27 ces
507 3065 153 47 génies
700 3064 415 51 encyclopédiques,
1179 3078 69 26 ces
1280 3066 226 49 puissants
1537 3068 221 37 créateurs
1801 3066 284 51 procédaient

92 3127 131 40 d'une
246 3128 119 40 école
387 3132 246 48 étrangère,
657 3138 42 33 et
721 3131 129 51 qu'ils
874 3145 54 26 ne
960 3134 248 39 trouvaient
1242 3145 78 39 pas
1355 3133 101 39 chez
1499 3145 97 35 eux,
1635 3141 160 32 autour
1831 3131 143 53 d'eux,
2008 3133 77 42 des

93 3197 221 49 exemples
333 3200 141 46 égaux
494 3205 41 32 et
558 3201 253 48 supérieurs
833 3203 20 35 à
878 3213 105 26 ceux
1000 3199 52 41 de
1072 3199 154 42 l'ltalie
1245 3204 15 35 ?
1279 3198 138 53 Quels
1441 3213 129 28 noms
1595 3199 155 42 l'ltalie
1765 3201 59 40 du
1843 3216 70 25 xvi
1918 3206 16 17 e
1956 3202 129 40 siècle

93 3263 213 51 peut-elle
347 3276 243 39 comparer,
631 3266 156 51 depuis
824 3267 37 40 la
904 3277 113 31 mort
1058 3268 53 40 de
1139 3267 303 51 Frescobaldi,
1483 3272 22 36 à
1543 3266 179 51 Schutz,
1758 3273 21 35 à
1805 3268 211 49 Kuhnau,
2061 3274 22 36 à

134 3447 50 42 (1)
212 3448 43 32 G.
280 3448 163 37 Mazzini,
471 3448 215 33 L'initiative
711 3451 307 32 révolutionnaire.
1045 3453 103 43 1835.

136 3496 46 42 (2)
203 3496 102 33 Liber
326 3498 199 42 quindecim
547 3499 194 30 missarum
758 3500 187 32 electarum
968 3513 74 30 quœ
1054 3507 63 37 fier
1147 3504 312 32 excellentissimos
1490 3503 152 32 musicos
1682 3505 200 43 composites
1907 3505 169 42 fuerunt.

93 3548 122 36 Rome,
242 3548 105 41 1516.
371 3547 65 33 Ces
469 3557 37 33 15
534 3558 131 24 messes
684 3557 81 25 sont
782 3557 117 25 toutes
916 3551 42 31 de
979 3551 144 32 maîtres
1146 3552 173 33 flamands
1338 3562 32 23 et
1395 3554 164 39 français.
