2189 3840
95 248 80 46 448

885 255 143 27 NOTRE
1064 255 236 27 CONCOURS

94 359 145 31 toutes
355 362 56 27 ou
437 362 190 39 presque
661 358 145 31 toutes
906 350 277 48 témoignent
1217 348 132 40 d'une
1381 352 114 45 gêne
1531 349 144 39 réelle.
1713 347 62 40 Le
1808 348 110 51 style
1953 362 53 26 en
2036 359 64 30 est

96 426 186 32 souvent
318 416 102 41 bien
452 417 100 51 plus
585 418 313 40 instrumental
936 430 84 39 que
1055 416 142 48 vocal,
1240 431 55 25 au
1333 416 143 51 grand
1501 416 238 40 détriment
1778 416 53 39 de
1869 416 36 39 la
1937 416 164 41 facilité

96 486 290 39 d'exécution.
423 484 235 41 D'inutiles
694 486 259 40 recherches
975 500 27 37 y
1032 487 211 37 viennent
1275 484 168 52 parfois
1467 484 223 41 obscurcir
1713 484 39 39 la
1783 489 176 46 pensée,
2003 493 96 43 trop

96 562 188 32 souvent
304 552 136 41 faible
463 561 40 32 et
527 566 104 26 sans
662 554 195 40 couleur.
898 553 63 40 Le
985 554 386 51 développement,
1410 553 172 49 malgré
1605 554 61 39 les
1704 550 190 42 artifices
1919 552 62 40 les
2003 554 100 50 plus

96 623 255 49 ingénieux,
377 635 55 26 ne
455 621 189 53 procède
663 636 80 38 pas
764 623 202 51 toujours
987 635 104 26 avec
1114 623 177 38 aisance
1333 621 32 40 II
1383 629 65 31 est
1470 621 160 40 visible
1651 634 85 40 que
1759 620 63 40 les
1846 622 256 46 musiciens,

99 705 19 25 a
148 692 75 51 qui
248 691 11 39 l
280 694 133 48 opéra
458 690 214 40 moderne
694 704 55 26 ne
787 690 167 41 fournit
994 690 101 52 plus
1129 688 235 42 l'occasion
1400 689 53 40 de
1484 689 176 40 chœurs
1696 689 194 40 formant
1913 704 57 25 un
2008 698 94 31 tout

98 759 209 52 complet,
334 757 62 53 s'y
420 767 206 32 trouvent
654 773 60 26 un
738 773 83 38 peu
845 759 219 52 dépaysés
1089 759 77 39 dès
1187 758 130 51 qu'ils
1340 771 55 26 ne
1419 771 45 26 se
1489 758 206 40 satisfont
1717 759 125 50 point
1865 758 53 39 de
1941 757 39 40 la
2009 758 70 39 vul-

96 829 146 48 garité
266 835 245 32 monotone
547 827 77 40 des
648 826 124 41 effets
796 828 53 39 de
881 840 190 39 presque
1096 835 98 32 tous
1225 826 62 39 les
1321 839 19 24 «
1366 839 235 27 morceaux
1635 825 244 52 d'orphéon
1904 839 36 24 ».
1982 824 120 51 Ceci,

98 910 52 25 au
171 896 142 49 grand
335 896 237 39 détriment
588 895 53 40 de
665 893 111 42 l'art.

155 963 30 40 Il
206 963 94 41 faut
323 964 114 40 donc
457 968 177 48 espérer
738 973 40 30 et
802 964 39 38 la
874 962 142 42 Revue
1039 962 200 40 musicale
1260 963 63 52 s'y
1345 962 242 52 emploiera
1629 963 52 39 de
1705 971 119 31 toute
1845 975 45 26 sa
1912 961 118 41 force

97 1030 335 54 qu'aboutiront
457 1032 62 40 les
540 1031 151 41 efforts
715 1036 141 36 tentés
875 1045 115 38 pour
1011 1030 171 41 infuser
1204 1044 86 27 une
1312 1032 69 38 vie
1410 1030 205 40 nouvelle
1654 1036 22 34 à
1701 1031 38 39 la
1765 1032 208 50 musique
1996 1031 80 40 cho-

99 1101 105 47 rale,
228 1114 114 38 pour
364 1114 54 26 en
442 1100 110 40 faire
572 1105 143 35 naître
750 1100 39 40 le
812 1105 109 45 goût
955 1101 144 51 parmi
1124 1100 38 39 la
1187 1100 205 50 jeunesse
1425 1100 77 39 des
1538 1098 359 41 établissements
1929 1099 175 51 publics

101 1169 310 39 d'instruction
434 1176 41 32 et
510 1182 113 38 pour
643 1173 120 35 créer
785 1176 177 43 partout
992 1168 77 40 des
1102 1169 186 38 sociétés
1312 1169 220 38 sérieuses
1554 1176 40 31 et
1628 1167 339 40 musicalement
2000 1168 83 39 diri-

96 1241 119 45 gées.
240 1236 96 41 Une
355 1236 85 40 fois
468 1241 178 35 assurés
670 1236 54 40 de
745 1236 114 40 bons
879 1241 257 35 exécutants
1174 1244 41 32 et
1238 1237 104 39 d'un
1373 1235 150 52 public
1549 1236 266 50 intelligent,
1842 1236 62 40 les
1927 1237 176 39 artistes

99 1305 281 40 reviendront
402 1307 89 38 vite
512 1309 21 34 à
563 1319 58 25 un
645 1318 136 37 genre
805 1306 119 39 aussi
950 1305 187 47 naturel,
1166 1306 120 39 aussi
1310 1304 249 52 populaire,
1585 1312 40 31 et
1658 1306 75 50 qui
1758 1318 20 25 a
1813 1309 174 47 compté
2010 1313 92 31 tant

101 1373 52 40 de
174 1372 360 41 chefs-d'œuvre.

153 1441 121 40 Pour
298 1441 299 52 aujourd'hui,
623 1455 54 26 en
701 1442 290 40 renouvelant
1014 1455 81 27 nos
1118 1443 358 38 remerciements
1495 1446 21 35 à
1538 1440 61 40 M.
1622 1440 156 41 Daniel
1803 1440 162 50 Osiris,
1989 1454 114 27 nous

98 1508 220 41 félicitons
343 1523 82 26 nos
444 1510 113 39 deux
581 1510 209 47 lauréats,
830 1510 62 39 les
916 1511 101 50 cinq
1040 1511 326 50 compositeurs
1396 1511 75 49 qui
1510 1517 75 32 ont
1608 1512 155 37 mérité
1792 1523 87 26 une
1901 1512 199 38 mention

99 1582 86 35 très
209 1576 265 49 honorable,
500 1586 41 31 et
574 1590 114 27 nous
707 1577 63 40 les
794 1578 169 51 prions,
999 1590 113 39 pour
1135 1581 189 36 surcroît
1343 1577 54 39 de
1421 1577 252 50 régularité,
1698 1577 54 40 de
1771 1590 114 27 nous
1908 1590 195 39 envoyer

101 1648 273 36 eux-mêmes
395 1645 62 39 les
474 1658 128 27 noms
623 1645 351 52 correspondant
1008 1660 82 25 aux
1119 1646 190 38 devises.
1334 1644 125 42 Nous
1481 1645 61 39 les
1563 1644 260 53 publierons
1843 1645 111 40 dans
1975 1654 127 31 notre

98 1714 212 50 prochain
343 1718 184 36 numéro
563 1727 104 27 avec
699 1714 63 39 les
783 1715 324 50 compositions
1129 1717 289 37 couronnées.

1349 1800 64 40 LA
1448 1800 158 41 REVUE
1637 1814 236 27 MUSICALE.

153 1912 126 40 Voici
302 1914 277 38 maintenant
602 1912 62 40 les
688 1914 144 50 pièces
855 1921 204 31 retenues
1085 1924 7 26 :

152 1980 71 40 En
239 1981 218 38 attendant
472 1980 154 39 mieux.
717 1980 315 52 Composition
1052 1979 84 41 fort
1147 1980 250 47 estimable,
1420 1981 24 39 d
1464 1994 86 26 une
1566 1983 186 37 écriture
1771 1990 206 34 correcte,
1987 1983 113 37 mais

98 2047 104 41 d'un
222 2048 112 52 style
356 2063 59 25 un
433 2062 84 38 peu
538 2057 137 31 terne.
701 2047 86 41 Les
811 2050 280 50 oppositions
1112 2058 122 31 entre
1249 2049 39 39 le
1307 2051 192 49 premier
1521 2058 40 30 et
1585 2049 38 39 le
1647 2050 161 38 second
1839 2049 172 51 couplet
2041 2050 57 38 du

98 2125 113 31 texte
228 2117 122 39 n'ont
369 2130 79 38 pas
472 2121 67 35 été
571 2117 204 39 rendues.
812 2116 117 41 Tout
949 2125 65 31 est
1034 2119 106 38 écrit
1162 2117 105 40 d'un
1305 2121 145 35 même
1474 2118 174 51 rythme
1670 2126 40 30 et
1742 2118 113 38 dans
1891 2118 39 38 le
1952 2121 147 35 même

98 2187 253 38 sentiment.
378 2183 230 53 Quelques
631 2184 263 50 gaucheries
914 2185 53 39 de
988 2185 258 40 réalisation
1264 2185 111 39 dans
1399 2185 39 39 le
1460 2185 374 40 divertissement.
1869 2184 135 41 Enfin
2037 2185 63 40 les

97 2253 120 40 idées
235 2253 238 40 musicales
490 2262 100 31 sont
614 2267 104 26 sans
741 2253 129 40 relief
885 2252 215 46 suffisant,
1119 2252 103 41 sauf
1237 2257 222 48 peut-être
1479 2253 39 40 le
1538 2255 190 50 premier
1743 2254 146 39 thème
1914 2266 19 25 «
1961 2253 137 44 Vivat,

96 2321 113 40 vivat
241 2333 19 25 »
286 2333 121 27 assez
431 2319 103 41 bien
553 2334 131 27 venu.
710 2319 120 41 Elles
854 2330 100 31 sont
971 2323 120 38 aussi
1115 2330 96 42 trop
1236 2325 243 46 écourtées,
1505 2330 40 31 et
1566 2336 143 25 aucun
1731 2322 370 51 développement

96 2388 111 41 n'est
238 2392 144 37 même
404 2390 217 51 esquissé.
649 2388 61 40 La
735 2391 122 49 pièce
879 2393 142 48 paraît
1046 2390 112 38 ainsi
1181 2398 258 31 monotone-

152 2456 119 53 Ai-je
292 2457 143 38 mieux
454 2457 134 39 réussi
606 2461 15 35 ?
723 2455 210 54 Quoique
956 2459 146 38 mieux
1121 2471 143 26 venue
1286 2466 41 31 et
1364 2457 100 52 plus
1488 2459 229 45 musicale,
1744 2467 109 31 cette
1871 2460 120 50 pièce
2011 2463 60 35 mé-

98 2526 80 38 rite
202 2528 22 35 à
244 2537 85 39 peu
353 2530 100 46 près
474 2525 62 39 les
560 2528 167 37 mêmes
750 2526 210 50 critiques
1001 2539 84 38 que
1109 2525 39 40 la
1179 2525 278 52 précédente.
1495 2525 214 40 L'auteur
1732 2540 20 25 a
1791 2528 146 38 mieux
1960 2527 140 39 rendu

98 2593 38 40 le
160 2606 101 27 sens
283 2593 77 39 des
381 2593 175 51 paroles
579 2601 40 32 et
642 2597 80 36 usé
754 2598 21 34 à
799 2606 165 39 propos
987 2593 53 40 de
1057 2593 198 52 rythmes
1286 2593 100 52 plus
1406 2595 160 38 variés.
1592 2593 86 40 Les
1707 2594 393 52 développements

98 2669 164 32 restent
281 2674 157 27 encore
461 2660 275 42 insuffisants
759 2669 42 32 et
821 2660 180 41 l'entrée
1019 2660 165 51 fuguée
1203 2662 59 39 du
1286 2662 362 40 divertissement
1681 2662 252 52 syllabique
1956 2662 83 40 Tra
2060 2663 40 39 la

97 2730 72 39 1a..
183 2760 7 8 .
216 2738 64 32 est
303 2728 149 41 faible.
474 2728 85 41 Ces
580 2730 111 40 deux
715 2731 319 50 compositions
1058 2739 100 31 sont
1181 2744 176 34 encore,
1378 2735 22 35 à
1419 2744 83 38 peu
1520 2730 53 40 de
1590 2730 133 40 chose
1742 2737 100 45 près
1858 2732 57 40 du
1935 2733 163 48 moins,

98 2799 52 39 de
173 2798 38 40 la
233 2812 19 24 «
270 2800 207 50 musique
500 2796 244 54 d'orphéon
768 2811 19 24 »
811 2803 87 35 très
922 2798 262 40 honorable.

151 2866 145 40 Lutter
314 2875 111 45 pour
445 2866 184 40 vaincre.
748 2866 63 40 Ce
830 2867 154 40 chœur
1016 2880 47 26 se
1088 2871 205 48 présente
1319 2872 315 48 accompagné,
1662 2867 102 41 bien
1786 2882 85 38 que
1895 2868 178 41 l'accom-

98 2944 271 42 pagnement
390 2935 71 52 n'y
484 2937 85 38 soit
602 2936 92 39 rien
717 2935 52 40 de
813 2935 99 52 plus
950 2949 84 38 que
1067 2935 38 39 la
1130 2938 316 50 transcription
1490 2951 53 24 au
1568 2937 133 51 piano
1725 2937 78 39 des
1831 2939 114 38 voix.
1978 2936 123 41 Cette

98 3003 84 40 fois
206 3003 62 40 les
291 3003 137 50 idées,
454 3003 324 40 suffisamment
800 3005 187 43 variées,
1012 3012 319 32 correctement
1355 3009 271 47 présentées,
1653 3014 99 31 sont
1773 3005 293 52 développées
2090 3021 8 33 ;

99 3072 216 51 peut-être
338 3074 142 37 même
503 3087 60 24 un
583 3085 85 38 peu
692 3080 114 43 trop,
828 3086 74 25 car
921 3073 38 38 le
979 3085 208 27 morceau
1210 3082 65 31 est
1304 3073 102 40 bien
1430 3073 106 50 long
1561 3086 101 27 sans
1681 3087 85 38 que
1789 3074 189 40 l'intérêt
1997 3088 78 38 pro-

101 3153 152 36 gresse
273 3142 7 36 !
304 3138 441 42 Malheureusement
778 3153 69 27 ces
870 3141 120 39 idées
1011 3149 75 32 ont
1119 3154 83 38 peu
1223 3141 53 40 de
1311 3140 139 48 relief,
1470 3150 40 31 et
1534 3142 216 39 l'écriture
1787 3151 64 31 est
1875 3142 102 40 bien
2015 3156 84 39 peu

100 3207 348 52 polyphonique.
475 3207 70 40 Un
569 3208 110 51 style
698 3208 100 51 plus
837 3210 194 49 intrigué
1063 3214 73 35 eût
1156 3214 67 34 été
1260 3218 209 43 pourtant
1500 3212 253 38 nécessaire
1784 3224 53 26 en
1870 3225 86 25 une
1980 3212 120 50 pièce

99 3276 166 40 d'aussi
298 3275 195 49 grandes
531 3275 293 41 dimensions.
849 3276 63 40 La
950 3278 190 39 seconde
1162 3280 142 49 partie
1324 3287 190 37 surtout,
1552 3285 56 33 où
1632 3276 200 54 s'expose
1855 3294 58 25 un
1954 3280 146 39 thème

99 3357 124 27 assez
243 3342 221 53 expressif
484 3356 19 24 «
526 3342 111 41 Vers
661 3344 39 39 la
722 3354 245 41 montagne
991 3359 56 27 ou
1069 3360 100 26 vers
1193 3347 37 39 la
1249 3346 132 52 plage
1405 3360 18 24 »
1451 3362 21 24 a
1493 3346 224 40 d'inutiles
1737 3349 274 51 répétitions.
2038 3347 62 40 Le

87 3414 166 54 fugato
277 3412 57 39 du
359 3411 356 40 divertissement
731 3421 65 31 est
815 3426 83 38 peu
915 3414 111 40 dans
1050 3414 38 40 le
1109 3415 111 51 style
1243 3413 106 53 qu'il
1364 3414 208 41 faudrait.
1593 3413 133 42 Enfin
1749 3429 56 26 on
1829 3425 103 43 peut
1952 3418 122 49 signa-

99 3483 62 39 ler
184 3480 215 53 quelques
422 3478 143 41 fautes
588 3480 53 39 de
664 3481 208 50 prosodie
895 3494 122 27 assez
1054 3482 290 52 choquantes.
1371 3483 265 52 Cependant
1658 3497 47 26 ce
1729 3485 173 42 travail,
1929 3485 170 50 malgré

99 3563 70 26 ses
188 3547 346 53 imperfections,
559 3550 223 47 témoigne
805 3547 105 41 d'un
933 3548 127 41 effort
1084 3552 186 38 sérieux.
