2189 3840
629 249 51 25 LA
712 249 203 26 CHANSON
951 249 248 26 POPULAIRE
1233 249 52 25 EN
1321 248 229 26 BRETAGNE

2001 248 76 36 433

91 340 63 40 lés
178 340 39 40 la
242 342 210 40 monnaie
470 341 76 40 des
585 342 152 40 «deux
766 341 129 41 Yann
916 354 37 26 ».
990 340 47 42 Si
1064 342 36 38 la
1142 341 201 39 chanson
1385 341 233 51 populaire
1650 340 217 42 bretonne
1900 340 68 41 n'a
2004 354 78 38 pas

88 408 344 52 complètement
455 410 168 49 émigré
647 410 53 40 de
724 410 38 40 la
789 410 123 52 place
935 408 231 53 publique,
1185 408 85 40 elle
1294 406 71 54 n'y
1387 417 172 43 compte
1592 410 100 50 plus
1732 415 153 45 guère,
1911 423 53 26 en
1988 418 93 30 tout

89 490 90 36 cas,
205 491 86 38 que
310 478 54 40 de
380 477 85 42 fort
486 477 245 42 médiocres
756 482 346 47 représentants.

1062 675 57 40 IV

148 809 134 41 Aussi
306 810 103 42 bien
432 810 179 42 n'est-ce
633 825 80 38 pas
734 812 38 38 là
792 812 104 51 qu'il
919 810 93 42 faut
1035 812 210 40 chercher
1281 824 69 27 ses
1373 812 155 40 dévots
1552 812 62 40 les
1635 814 99 50 plus
1759 812 154 42 fidèles
1944 816 44 38 ni
2012 828 69 26 ses

91 880 264 50 interprètes
378 880 63 40 les
463 880 99 52 plus
579 882 236 38 autorisés.
839 878 86 42 Les
948 882 120 37 vrais
1091 880 293 51 dépositaires
1408 880 52 40 de
1500 881 38 39 la
1562 883 152 49 poésie
1736 890 42 32 et
1804 883 53 39 de
1880 882 39 40 la
1944 884 114 38 musi-

94 960 99 38 que,
217 960 173 28 comme
406 949 52 39 de
480 956 119 32 toute
619 946 247 42 l'ancienne
889 948 211 41 tradition
1125 948 234 47 bretonne,
1384 962 46 26 ce
1451 957 100 31 sont
1568 949 62 40 les
1648 948 201 49 femmes,
1869 948 217 54 j'entends

92 1014 63 40 les
186 1014 188 42 femmes
397 1030 104 27 sans
524 1016 184 51 culture,
729 1031 85 38 que
847 1016 233 40 l'humilité
1108 1017 53 39 de
1185 1017 95 39 leur
1303 1017 229 40 condition
1569 1031 114 26 voue
1718 1022 20 34 à
1763 1018 76 39 des
1863 1017 224 51 besognes

93 1085 223 49 précaires
339 1097 57 28 ou
435 1085 195 40 serviles.
655 1085 148 40 Telles
839 1085 62 40 les
924 1083 114 42 filles
1061 1085 54 40 de
1134 1084 153 49 ferme,
1324 1085 61 40 les
1408 1099 306 27 ramasseuses
1749 1086 53 39 de
1824 1087 176 47 varech,
2025 1087 63 40 les

94 1149 197 52 fileuses,
309 1153 63 41 les
397 1155 271 40 couturières
684 1158 22 35 à
731 1154 38 39 la
791 1155 197 51 journée,
1011 1155 61 40 les
1093 1154 219 51 pèlerines
1334 1168 80 38 par
1435 1157 301 47 procuration.
1761 1153 117 43 C'est
1917 1164 173 32 surtout

94 1219 54 40 de
165 1220 281 43 leurbouche
463 1221 231 54 queLuzel
713 1237 21 26 a
755 1223 195 40 recueilli
971 1236 46 26 sa
1035 1224 197 39 moisson
1253 1224 224 50 poétique,
1496 1231 40 32 et
1554 1223 533 53 Bourgault-Ducoudray

96 1301 45 27 sa
164 1290 202 40 moisson
383 1290 229 41 musicale.

153 1357 138 41 Ames
314 1358 265 41 délicieuses
602 1368 41 32 et
663 1364 263 45 surannées,
953 1360 141 38 riches
1110 1360 58 39 du
1190 1365 141 34 trésor
1350 1360 52 39 de
1426 1373 164 36 songes
1620 1360 53 39 de
1714 1369 120 31 toute
1857 1374 86 26 une
1966 1360 121 40 race!

96 1424 68 42 En
190 1428 337 51 présenterai-je
550 1429 53 37 ici
625 1428 367 51 quelques-unes,
1015 1428 54 38 de
1092 1428 132 39 celles
1248 1441 85 37 que
1357 1428 70 51 j'ai
1451 1428 182 38 hantées
1655 1442 51 25 au
1738 1437 143 42 temps
1903 1430 164 50 précisé-

96 1501 120 32 ment
233 1500 56 34 où
310 1495 38 51 je
372 1495 244 40 travaillais
637 1508 104 28 sous
762 1496 63 39 les
845 1497 202 49 auspices
1072 1496 54 38 de
1166 1494 135 41 Luzel
1326 1500 21 34 à
1385 1496 242 50 compléter
1668 1496 38 38 le
1727 1496 159 39 recueil
1911 1496 76 40 des
2008 1496 54 38 So-

96 1576 43 24 nt
146 1576 52 24 on
218 1565 16 36 ?
254 1561 141 50 Voici,
414 1578 80 36 par
510 1564 215 51 exemple,
749 1564 39 40 la
809 1577 139 27 veuve
971 1563 189 47 Penlite,
1181 1564 53 38 de
1255 1562 212 41 Kerbors.
1496 1562 97 41 Elle
1616 1576 148 36 gagne
1787 1563 303 51 péniblement

96 1642 46 26 sa
165 1631 70 39 vie
256 1634 21 34 à
299 1631 155 39 corder
491 1631 76 40 des
590 1636 186 47 étoupes
806 1645 104 26 avec
947 1631 238 52 lesquelles
1224 1631 83 40 elle
1345 1630 206 52 fabrique
1583 1631 76 39 des
1682 1631 178 39 mèches
1895 1645 112 37 pour
2030 1631 62 39 les

96 1698 257 40 chandelles
376 1699 54 40 de
454 1701 143 38 résine
620 1700 107 40 dont
748 1713 45 26 se
817 1708 174 31 servent
1034 1699 61 40 les
1119 1713 209 39 paysans.
1370 1698 121 41 C'est
1525 1712 88 26 une
1632 1698 242 41 chanteuse
1894 1701 196 38 émérite.

98 1765 95 40 Aux
215 1767 179 40 veillées
418 1767 183 48 d'hiver,
627 1768 63 39 les
707 1781 110 37 gens
838 1768 251 39 d'alentour
1109 1781 46 26 se
1178 1768 197 40 donnent
1414 1767 298 40 rendez-vous
1752 1767 101 39 chez
1877 1767 82 40 elle
1981 1781 112 38 pour

98 1833 257 42 l'entendre.
384 1849 18 23 «
422 1835 61 40 Ce
499 1834 112 41 n'est
634 1849 80 39 pas
738 1850 84 37 que
839 1838 8 50 j
871 1838 65 37 aie
960 1836 39 39 le
1016 1849 121 26 cœur
1159 1837 90 49 gai,
1266 1835 251 40 Monsieur:
1545 1836 38 51 je
1607 1848 55 26 ne
1689 1837 92 38 suis
1801 1834 161 52 qu'une
1985 1850 81 37 pau-

97 1916 151 27 vresse
289 1912 40 31 et
353 1917 105 27 mon
481 1906 112 37 mari
616 1913 66 31 est
722 1913 115 32 mort
859 1919 53 25 en
936 1917 108 26 mer.
1074 1903 132 48 Mais,
1244 1905 53 39 de
1335 1904 198 49 chanter,
1569 1903 91 40 cela
1697 1901 78 42 fait
1813 1908 193 47 paraître
2029 1904 62 40 les

98 1972 121 51 jours
243 1972 146 39 moins
404 1972 131 51 longs
552 1980 40 32 et
612 1972 39 40 la
675 1973 200 39 destinée
899 1974 145 38 moins
1066 1974 242 38 mauvaise.
1338 1985 19 23 »
1399 1971 125 41 Cette
1546 1979 137 40 autre,
1718 1971 39 39 la
1782 1970 162 41 femme
1966 1971 122 50 Mao,

98 2039 52 40 de
167 2039 280 51 Pleudaniel,
474 2055 21 25 a
527 2054 159 26 encore
710 2054 81 26 son
814 2043 128 45 mari,
964 2042 75 50 qui
1063 2049 66 31 est
1150 2041 281 40 cordonnier.
1458 2039 97 41 Elle
1593 2039 129 40 l'aide
1744 2039 113 40 dans
1899 2053 81 27 son
2003 2045 88 35 état

98 2120 54 26 en
176 2108 248 40 ravaudant
449 2109 63 39 les
534 2109 171 39 vieilles
722 2110 285 39 chaussures.
1035 2108 110 41 Fine
1167 2117 41 31 et
1231 2121 230 36 nerveuse,
1491 2116 94 31 tout
1606 2106 122 42 vibre
1749 2120 53 26 en
1825 2108 83 39 elle
1941 2108 149 51 quand

99 2175 85 39 elle
207 2176 158 40 chante
388 2190 7 25 :
421 2176 84 40 elle
525 2191 20 25 a
568 2178 77 38 des
667 2185 149 42 gestes
837 2179 75 50 qui
933 2178 185 38 miment
1138 2176 449 40 merveilleusement.
1608 2175 151 39 Parmi
1784 2176 62 39 les
1869 2176 223 40 chansons

101 2244 160 50 qu'elle
282 2257 70 27 me
372 2244 113 40 dicta
510 2243 181 51 figurait
712 2245 40 39 la
769 2260 77 24 son
870 2246 130 38 d'une
1021 2242 156 42 fileuse
1194 2258 47 26 se
1263 2246 213 50 peignant
1501 2247 21 36 à
1551 2242 195 41 l'avance
1782 2257 44 25 sa
1853 2242 174 49 félicité,
2054 2244 39 39 le

100 2312 99 51 jour
216 2319 56 33 où
299 2325 82 27 son
401 2310 69 42 fils
492 2314 134 39 serait
640 2317 162 48 prêtre.
826 2310 159 42 C'était
1009 2313 39 39 la
1089 2310 155 42 fileuse
1267 2313 256 39 elle-même
1562 2315 73 47 qui
1675 2312 9 38 1
1706 2313 117 38 avait
1848 2324 18 24 «
1895 2313 132 38 rimée
2052 2324 38 36 »,

99 2380 218 50 paraît-il,
338 2394 55 26 au
416 2380 118 41 bruit
556 2381 53 39 de
633 2394 80 27 son
738 2389 139 36 rouet,
903 2394 54 26 en
997 2390 226 30 caressant
1260 2393 80 27 son
1374 2384 98 36 rêve
1501 2380 53 39 de
1583 2385 119 34 mère
1740 2378 229 41 bretonne.
1997 2378 96 41 Elle

101 2446 233 54 s'appelait
353 2447 132 42 Nann
502 2447 164 49 Boënz,
693 2449 53 40 de
761 2447 315 42 Lézardrieux.
1103 2450 238 47 Françoise
1362 2447 119 50 Mao,
1508 2449 75 49 qui
1604 2446 148 41 l'avait
1787 2461 188 35 connue,
2002 2456 91 31 tout

100 2514 166 50 enfant,
284 2517 118 39 avait
427 2525 152 31 retenu
603 2515 129 42 d'elle
753 2526 109 31 cette
901 2526 150 31 courte
1074 2527 40 31 et
1155 2519 183 50 exquise
1379 2517 357 50 improvisation.
1782 2515 121 40 Pour
1942 2529 70 26 me
2053 2515 37 39 la

101 2585 199 47 chanter,
325 2585 83 39 elle
443 2586 176 48 imitait,
646 2585 53 40 de
720 2585 38 40 la
782 2588 84 38 tête
889 2594 40 31 et
967 2587 54 38 de
1064 2587 38 39 la
1140 2587 136 45 main,
1315 2585 216 40 l'attitude
1548 2584 53 39 de
1637 2583 37 40 la
1707 2583 146 40 vieille
1883 2581 131 42 Nann
2023 2616 7 16 ,
2056 2592 40 31 et

103 2653 300 51 reproduisait
423 2653 207 52 jusqu'au
654 2654 332 40 chevrotement
1009 2654 105 40 flûté
1131 2654 53 39 de
1217 2667 46 26 sa
1288 2654 114 39 voix.
1427 2650 128 42 Cette
1575 2660 138 38 autre,
1735 2650 104 41 Lise
1856 2651 162 49 Bellec,
2041 2653 54 38 de

100 2720 290 48 Port-Blanc,
414 2730 65 31 est
500 2723 248 39 couturière
774 2726 21 35 à
820 2722 38 39 la
884 2722 181 51 journée
1084 2722 113 40 dans
1230 2722 39 39 la
1294 2722 214 43 semaine,
1534 2729 41 31 et
1598 2720 272 39 marchande
1889 2720 53 39 de
1967 2719 128 40 fruits

101 2801 56 27 ou
180 2789 53 39 de
252 2792 206 47 gâteaux,
484 2790 162 40 devant
670 2789 177 41 l'entrée
870 2790 56 39 du
964 2791 237 48 cimetière,
1244 2789 37 39 le
1323 2788 251 40 dimanche.
1603 2786 58 41 Sa
1693 2789 214 38 mémoire
1939 2795 65 32 est
2036 2802 59 25 un

103 2857 177 40 monde.
301 2856 97 41 Elle
414 2857 158 41 chante
591 2871 172 27 comme
787 2872 57 26 on
867 2859 109 50 prie,
1018 2858 63 40 les
1105 2870 113 39 yeux
1241 2856 189 47 baissés,
1456 2856 63 39 les
1542 2857 144 38 mains
1710 2855 175 51 jointes,
1923 2863 40 31 et
1991 2855 104 39 d'un

103 2934 149 32 accent
272 2926 116 40 doux
404 2935 41 31 et
465 2931 107 47 posé
596 2928 74 50 qui
696 2941 19 24 a
743 2927 191 51 quelque
973 2926 134 40 chose
1142 2926 53 39 de
1231 2924 282 52 séraphique.
1560 2922 126 40 Cette
1716 2931 175 31 autre...
1931 2922 115 40 Mais
2067 2923 29 39 il

103 2992 191 42 faudrait
311 2995 77 39 des
412 3008 136 37 pages
568 3008 113 38 pour
699 2999 236 35 énumérer
954 2994 247 40 seulement
1225 2993 63 39 les
1311 3005 144 27 noms.
1482 2990 423 41 Contentons-nous
1926 2991 53 39 de
2003 2991 93 40 dire

104 3061 131 53 qu'ils
256 3062 215 52 pâlissent
491 3071 98 32 tous
607 3067 21 35 à
649 3065 95 37 côté
763 3063 53 40 de
846 3063 111 40 celui
978 3062 52 40 de
1052 3061 276 51 Marguerite
1347 3060 222 52 Philippe,
1615 3060 100 50 plus
1738 3063 360 37 communément

104 3130 212 50 désignée
347 3145 81 37 par
450 3144 79 27 son
552 3130 231 41 diminutif
797 3131 54 40 de
872 3129 155 42 Godic.

160 3197 63 41 Le
243 3212 110 39 pays
369 3199 53 40 de
445 3198 234 50 Pluzunet,
702 3206 57 33 où
800 3199 84 40 elle
907 3197 168 47 habite,
1120 3212 21 25 a
1185 3201 67 36 été
1275 3197 257 51 longtemps
1567 3196 39 40 le
1641 3204 147 32 centre
1811 3199 218 49 peut-être
2061 3195 38 40 le

105 3267 100 51 plus
230 3267 105 40 actif
352 3267 54 40 de
429 3267 38 39 la
492 3268 171 40 culture
693 3269 309 38 armoricaine.
1030 3266 63 39 De
1133 3265 182 52 simples
1345 3264 279 48 laboureurs,
1649 3278 171 27 comme
1844 3263 171 41 Claude
2037 3263 62 40 Le

106 3333 161 52 Bihan,
293 3335 77 41 des
390 3334 222 42 fourniers
642 3336 53 39 de
719 3336 178 49 village,
938 3347 173 28 comme
1137 3333 110 55 Jean
1282 3332 61 42 Le
1365 3332 234 52 Ménager,
1641 3333 76 40 des
1749 3345 186 40 propres
1959 3336 21 35 à
2005 3340 93 32 tout

106 3416 54 27 ne
183 3406 271 38 réussissant
474 3408 21 35 à
517 3406 110 49 rien,
646 3416 173 28 comme
850 3411 65 32 cet
951 3401 192 52 original
1166 3402 54 40 de
1254 3400 164 53 Lestic,
1454 3416 27 37 y
1508 3403 307 39 consacraient
1838 3401 112 52 jadis
1983 3400 117 40 leurs

108 3473 164 38 soirées
296 3476 19 35 à
340 3475 235 38 transcrire
604 3471 132 41 d'une
757 3472 150 52 plume
931 3472 153 51 pieuse
1112 3470 62 40 les
1192 3472 268 39 manuscrits
1477 3470 53 40 de
1550 3483 82 27 nos
1651 3474 230 47 mystères,
1907 3476 40 32 et
1983 3467 117 41 leurs

109 3542 174 38 saisons
306 3541 52 39 de
382 3540 218 52 chômage
625 3545 22 35 à
673 3541 62 40 les
756 3544 291 48 représenter.
1068 3537 88 43 Nul
1174 3541 158 39 terroir
1354 3539 112 41 n'est
1482 3538 100 52 plus
1608 3536 154 42 fécond
1786 3550 53 28 en
1871 3536 227 51 légendes,
