2189 3840
499 268 51 27 LA
582 269 197 35 MUSIQUE
813 273 52 24 EN
901 271 158 34 ITALIE,
1094 274 59 26 DU
1186 273 90 27 Xive
1307 275 55 26 AU
1395 273 105 28 XVIII
1507 270 14 16 e
1554 269 153 34 SIÈCLE

2025 272 78 44 435

110 357 223 40 chansons
358 357 243 53 françaises
713 371 42 31 et
793 376 89 27 non
914 378 81 38 pas
1035 365 61 40 les
1136 367 269 47 meilleures,
1449 368 124 40 hélas
1592 372 6 36 !
1644 370 97 41 Une
1776 384 243 39 pauvresse
2054 372 52 39 de

110 424 179 49 Puault,
317 430 22 34 à
364 430 76 48 qui
465 441 106 27 mon
610 434 103 45 père
750 431 257 41 demandait
1044 433 52 40 de
1120 433 199 51 chanter,
1360 435 60 40 lui
1443 438 205 50 répondit
1670 452 54 27 en
1743 441 294 50 improvisant
2060 453 46 27 ce

108 496 208 48 quatrain
343 506 8 27 :

853 602 132 33 Siouaz
997 604 5 31 !
1026 616 56 21 ma
1104 605 121 33 lienou

844 652 59 32 'Zo
923 657 32 28 êt
979 654 43 31 da
1046 654 262 41 liboudennou,

846 703 52 32 Ha
922 714 54 22 ma
999 706 301 32 c'hanaouennou

846 754 49 30 Da
916 753 270 33 huanadennou
1207 757 5 29 !

162 882 19 23 «
208 868 136 42 Hélas
364 874 6 36 !
398 884 94 28 mes
524 872 155 49 langes
712 870 91 42 s'en
843 882 100 30 sont
979 873 107 39 allés
1125 887 53 25 en
1220 875 221 49 guenilles
1475 884 41 30 et
1557 889 92 26 mes
1679 876 346 40 chansonnettes
2048 889 55 27 en

104 938 200 51 soupirs!
331 951 19 24 »
390 938 63 41 Le
477 948 141 43 temps
661 941 112 39 n'est
795 945 220 47 peut-être
1039 955 79 38 pas
1143 943 35 38 si
1199 942 177 50 éloigné
1412 950 56 33 où
1500 956 70 27 ces
1611 957 97 26 vers
1751 945 351 50 mélancoliques

103 1015 149 31 seront
274 1007 274 51 applicables
583 1012 21 35 à
623 1017 121 31 toute
765 1008 38 40 la
840 1007 224 52 Bretagne
1087 1009 274 41 d'autrefois.
1399 1011 30 39 Il
1454 1012 190 51 importe
1668 1012 114 40 donc
1805 1014 53 38 de
1881 1012 222 40 recueillir

102 1087 54 26 au
183 1075 100 51 plus
303 1077 89 39 vite
411 1077 62 39 les
493 1080 229 48 suprêmes
756 1087 173 30 accents
950 1077 130 41 d'une
1106 1092 96 27 race
1223 1080 108 39 dont
1356 1079 158 41 Renan
1551 1094 20 25 a
1613 1094 57 37 pu
1693 1080 94 40 dire
1820 1094 101 37 que,
1950 1093 19 23 «
1990 1081 111 39 dans

101 1143 39 38 le
162 1144 144 48 grand
331 1155 175 31 concert
540 1146 52 39 de
632 1146 184 52 l'espèce
842 1147 228 47 humaine,
1106 1161 171 27 aucune
1300 1147 169 41 famille
1493 1148 173 51 n'égala
1710 1149 169 40 celle-ci
1906 1163 113 37 pour
2039 1150 61 38 les

101 1223 104 28 sons
228 1217 259 48 pénétrants
520 1216 75 49 qui
626 1223 106 31 vont
757 1229 52 25 au
831 1228 121 27 cœur
977 1228 37 26 ».

1448 1303 212 41 ANATOLE
1700 1303 64 41 LE
1796 1304 134 40 BRAZ.

319 1570 80 42 La
421 1571 266 52 musique
726 1582 71 30 en
832 1571 180 50 Italie,
1050 1571 78 41 du
1150 1572 152 41 XIVe
1333 1583 70 30 au
1446 1573 191 41 XVIII
1641 1579 15 16 e
1688 1572 183 51 siècle,

664 1682 183 39 D'APRÈS
882 1695 87 27 UNE
1001 1694 295 28 PUBLICATION
1329 1682 218 40 RÉCENTE.

151 1802 63 41 M.
238 1802 134 52 Luigi
396 1802 178 48 Torchi,
598 1803 108 40 dont
726 1816 113 27 nous
868 1816 138 26 avons
1035 1816 54 26 eu
1112 1803 97 51 déjà
1233 1801 236 41 l'occasion
1498 1802 52 40 de
1570 1802 196 50 signaler
1787 1817 82 25 aux
1909 1802 186 40 lecteurs

99 1872 52 39 de
173 1880 109 32 cette
319 1870 151 42 Revue
506 1871 38 40 le
578 1870 312 52 remarquable
913 1871 108 39 livre
1052 1884 74 27 sur
1157 1871 40 39 la
1217 1869 196 54 Musique
1435 1870 319 39 instrumentale
1785 1885 49 23 en
1851 1870 136 45 Italie,
2014 1886 81 23 aux

94 1938 112 40 XVI
207 1944 14 17 e
229 1971 8 16 ,
258 1938 152 40 XVIh
430 1945 35 34 et
486 1938 153 40 XVIII
642 1947 14 17 e
677 1939 144 39 siècles
827 1971 9 15 ,
861 1954 22 24 a
903 1941 234 49 entrepris,
1160 1939 157 51 depuis
1339 1940 185 38 environ
1541 1938 72 40 dix
1625 1952 96 36 ans,
1735 1952 85 26 une
1836 1952 150 26 œuvre
2002 1952 61 26 mo-

93 2008 274 46 numentale,
393 2012 235 36 consacrée
650 2011 21 35 à
692 2008 40 39 la
756 2007 142 50 gloire
918 2008 53 39 de
994 2008 38 39 la
1058 2009 208 49 musique
1282 2008 224 38 italienne.
1523 2005 125 42 Cette
1671 2020 166 33 œuvre,
1855 2006 201 41 intitulée
2083 2023 6 24 :

92 2075 133 39 ïArte
266 2075 201 39 musicale
501 2075 45 39 in
569 2075 124 39 Itaha
700 2106 9 18 ,
734 2084 66 31 est
825 2089 85 26 une
942 2088 18 24 «
986 2074 277 53 publication
1295 2074 227 40 nationale
1557 2074 76 40 des
1656 2075 100 51 plus
1795 2075 297 51 importantes

92 2157 174 26 œuvres
304 2143 251 46 italiennes,
581 2144 58 39 du
673 2157 70 26 xiv
748 2148 15 17 e
786 2157 53 26 au
872 2158 106 24 xvm
983 2148 15 16 e
1034 2144 144 48 siècle,
1204 2145 207 37 extraites
1434 2143 76 39 des
1535 2143 266 39 manuscrits
1835 2144 179 38 anciens
2051 2152 40 31 et

89 2212 78 39 des
191 2212 193 40 éditions
408 2213 261 50 primitives,
703 2213 253 38 transcrites
991 2224 54 27 en
1077 2213 202 38 notation
1315 2211 227 46 moderne,
1584 2213 134 36 mises
1761 2224 54 26 en
1856 2211 228 50 partition,

91 2279 307 40 harmonisées
418 2288 40 31 et
482 2283 212 36 annotées
713 2278 77 52 (1).
819 2293 18 23 »
860 2279 117 51 Cinq
1011 2279 203 40 volumes
1237 2287 75 32 ont
1334 2279 96 50 déjà
1456 2292 124 37 paru.
1602 2277 126 41 Cette
1751 2276 114 41 belle
1892 2277 172 52 publica-

91 2349 109 45 tion,
223 2348 142 39 éditée
390 2360 102 27 avec
515 2345 240 51 l'élégance
777 2356 41 30 et
842 2347 37 38 la
914 2347 133 40 clarté
1070 2346 267 41 habituelles
1358 2361 82 24 aux
1461 2347 192 38 éditions
1677 2345 196 47 Ricordi,
1905 2345 78 40 fait
2008 2350 20 35 à
2050 2346 38 39 la

89 2414 86 41 fois
198 2415 235 41 l'honneur
455 2415 57 40 du
532 2424 155 31 savant
708 2416 75 49 qui
800 2415 11 39 l
833 2429 21 25 a
873 2416 258 50 entreprise,
1157 2423 40 32 et
1220 2415 54 39 de
1294 2415 39 38 la
1359 2416 175 38 maison
1552 2415 75 50 qui
1645 2412 54 41 l'a
1726 2413 224 40 accueillie
1994 2413 97 40 Elle

88 2492 65 31 est
171 2484 38 39 le
227 2483 105 40 fruit
350 2483 103 40 d'un
477 2484 141 49 grand
641 2496 158 27 amour
820 2496 113 38 pour
955 2483 38 39 la
1020 2484 140 51 patrie
1183 2483 211 39 italienne
1417 2490 41 31 et
1480 2495 114 38 pour
1616 2495 82 26 son
1722 2489 66 32 art
1813 2480 273 41 d'autrefois.

91 2550 70 41 On
181 2565 55 26 ne
256 2553 170 38 saurait
449 2560 96 43 trop
569 2551 123 40 louer
715 2559 109 31 cette
848 2552 116 51 piété
987 2552 74 51 qui
1091 2549 196 41 s'efforce
1311 2550 53 40 de
1393 2550 202 51 rappeler
1618 2554 20 34 à
1674 2547 153 42 l'ltalie
1858 2549 228 47 moderne,

88 2628 96 43 trop
208 2621 277 39 insouciante
508 2628 41 31 et
572 2618 246 49 oublieuse,
846 2620 62 39 les
927 2618 341 40 chefs-d'œuvre
1291 2618 52 40 de
1367 2631 80 27 son
1464 2622 145 47 passé.

144 2687 188 53 Chaque
351 2688 174 52 peuple,
552 2701 52 26 en
629 2687 254 40 travaillant
903 2691 21 35 à
947 2692 212 34 accroître
1182 2700 55 26 ou
1261 2691 21 34 à
1303 2700 234 26 conserver
1557 2700 47 26 sa
1628 2686 239 49 grandeur,
1888 2685 200 39 travaille

87 2769 112 38 pour
219 2757 260 40 l'humanité
504 2764 91 32 tout
619 2757 180 47 entière,
823 2756 107 39 dont
952 2756 29 38 il
1006 2764 240 40 augmente
1270 2756 110 37 ainsi
1409 2755 37 38 le
1480 2758 140 35 trésor
1655 2754 52 38 de
1743 2757 162 47 pensée
1950 2752 68 40 En
2041 2766 46 27 ce

87 2837 117 33 sens,
229 2825 29 39 il
282 2832 64 32 est
369 2824 102 40 bien
494 2826 92 38 vrai
609 2837 84 39 que
729 2839 17 19 «
783 2824 38 39 la
859 2825 99 39 voix
981 2824 52 39 de
1065 2821 153 41 l'ltalie
1251 2832 65 30 est
1349 2822 107 39 celle
1477 2822 59 40 du
1568 2821 163 39 monde
1766 2834 37 31 »,
1839 2834 172 27 comme
2048 2821 37 39 le

87 2891 61 40 dit
171 2891 60 40 M.
258 2891 162 41 Torchi
473 2891 31 40 II
527 2893 205 39 convient
757 2890 209 41 toutefois
1000 2891 42 39 Je
1066 2904 53 26 ne
1152 2903 79 39 pas
1258 2895 210 45 exagérer
1488 2905 6 32 ;
1531 2898 40 30 et
1596 2892 215 47 peut-être
1834 2887 59 39 M.
1921 2887 163 41 Torchi

86 2960 115 40 est-il
224 2964 201 37 entraîné
449 2974 59 26 un
531 2973 83 38 peu
640 2960 89 39 loin
753 2974 80 37 par
856 2971 81 28 son
960 2959 295 51 patriotisme,
1278 2955 200 54 lorsqu'il
1502 2959 104 37 écrit
1637 2969 85 38 que
1757 2969 18 23 «
1810 2956 39 39 la
1874 2957 211 50 musique

84 3029 210 40 italienne
314 3043 18 25 a
360 3029 225 49 engendré
609 3028 39 39 la
672 3030 208 49 musique
905 3027 52 40 de
981 3036 99 31 tous
1101 3027 61 38 les
1183 3034 146 31 autres
1353 3025 183 52 peuples
1552 3022 224 53 d'Europe
1809 3036 18 24 »
1855 3021 73 53 (2).
1967 3021 117 42 Sans

129 3176 50 41 (1)
205 3175 106 42 Luigi
334 3175 144 32 Torchi.
506 3175 128 32 UArte
656 3173 169 32 musicale
847 3173 37 30 in
910 3169 242 41 ltalia(XlV
1171 3178 28 22 s.
1223 3169 33 30 al
1279 3168 158 39 XVIII).

226 3225 24 32 I.
278 3225 112 31 Secoli
414 3224 99 39 XIV,
534 3224 86 37 XV,
646 3222 92 33 XVI
756 3234 7 21 :
789 3220 272 43 Compositions
1096 3220 139 32 sacrées
1263 3226 33 24 et
1320 3218 166 40 profanes
1506 3218 18 30 à
1545 3216 181 41 plusieurs
1747 3215 99 32 voix.

206 3274 40 33 11.
272 3274 92 31 XVI
381 3285 66 20 sec.
473 3285 7 20 :
510 3274 172 40 Compos.
706 3272 140 33 sacrées
862 3279 34 25 et
919 3271 168 41 profanes
1105 3271 18 30 à
1145 3268 180 41 plusieurs
1350 3267 94 32 voix.

188 3325 56 31 111.
274 3324 73 32 Sec.
365 3322 103 38 XVI,
490 3323 122 38 XVII,
628 3322 129 32 XVIII
780 3332 6 22 :
822 3321 170 40 Compos.
1016 3330 92 29 pour
1127 3328 113 31 orgue
1260 3328 44 22 ou
1324 3316 166 33 cembalo.

188 3373 59 32 IV.
274 3373 76 32 Sec.
374 3372 111 31 XP7/
509 3382 7 23 :
538 3372 174 41 Compos.
741 3374 19 29 à
781 3370 179 42 plusieurs
986 3369 93 32 voix.
1106 3367 135 33 Sonate
1263 3370 18 29 à
1316 3366 179 42 plusieurs
1522 3365 247 33 instruments.

208 3424 41 31 V.
274 3423 62 31 Sec
372 3422 110 31 XVII
503 3434 7 19 :
532 3421 169 41 Compos.
723 3422 18 31 à
764 3431 71 21 une
857 3427 33 25 et
910 3418 181 42 plusieurs
1112 3417 92 33 voix.

128 3465 46 42 (2)
197 3466 231 33 Exactement
445 3475 7 22 :
475 3476 16 19 «
511 3465 48 33 La
580 3464 168 41 musique
771 3464 275 31 instrumentale
1072 3460 186 38 italienne,
1279 3469 137 23 comme
1433 3461 88 30 celle
1541 3459 42 31 de
1604 3465 78 25 tout
1702 3464 101 26 autre
1821 3466 125 32 genre,
1968 3464 52 24 est
2046 3458 30 30 la

84 3516 223 40 génératrice
332 3515 44 32 de
398 3518 32 29 la
452 3514 166 42 musique
637 3514 278 32 instrumentale
936 3511 189 41 artistique
1164 3510 42 32 de
1238 3517 79 25 tous
1357 3512 50 30 les
1428 3516 118 25 autres
1568 3509 149 38 peuples
1735 3506 20 31 d
1771 3505 154 40 Europe.
1949 3515 15 21 »
1981 3504 78 43 (Pré-

84 3566 74 32 face
176 3567 45 32 du
242 3575 94 24 tome
354 3566 79 41 III.)
