2291 3883
134 238 83 39 490

755 242 146 29 COURS
935 243 60 27 DU
1030 237 201 35 COLLÈGE
1265 245 56 26 DE
1355 246 170 26 FRANCE

137 336 43 47 3°
202 329 25 43 Y
231 332 195 42 Histoire
449 334 48 39 de
522 330 24 42 F
551 332 223 44 harmonie
796 349 54 25 au
868 349 146 37 moyen
1040 339 82 50 âge
1128 368 9 16 ,
1169 335 120 53 1852,
1317 339 75 50 qui
1416 339 194 40 contient
1630 339 100 52 plus
1754 340 52 40 de
1834 352 48 39 50
1904 341 163 51 pièces,
2087 339 59 40 du

138 416 39 26 ix
181 406 15 17 e
229 417 54 25 au
306 417 68 25 xiv
381 407 14 17 e
418 403 156 47 siècle;
611 417 25 36 4
638 407 18 17 0
687 402 112 41 l'Art
821 403 280 54 harmonique
1122 419 86 26 aux
1229 404 90 41 XII
1319 414 15 19 e
1357 412 36 33 et
1414 405 111 40 XIII
1526 412 13 17 e
1574 407 145 40 siècles
1745 408 158 53 (1865).
1936 407 124 42 Dans
2103 421 45 28 ce

137 470 177 41 dernier
336 471 173 51 travail,
544 469 188 43 l'auteur
764 473 147 40 étudie
936 482 98 32 tous
1059 474 62 40 les
1144 487 162 38 genres
1329 475 53 40 de
1411 478 297 49 composition
1732 477 173 53 lyrique
1930 478 138 40 usités
2093 492 54 26 au

136 553 163 39 moyen
323 543 82 48 âge
424 551 8 37 ;
468 541 28 39 il
526 539 78 42 fait
629 539 279 55 l'historique
941 543 53 40 de
1026 543 95 40 leur
1157 545 189 48 origine,
1373 544 182 52 analyse
1593 545 116 41 leurs
1750 546 179 50 formes,
1968 556 177 32 montre

137 609 117 40 leurs
277 610 215 51 premiers
518 616 202 45 progrès,
736 619 40 31 et
800 611 146 41 donne
965 625 85 27 une
1073 612 99 40 liste
1190 613 76 40 des
1286 614 193 47 artistes,
1500 616 325 50 compositeurs
1839 624 40 32 et
1901 622 244 35 trouvères.

136 675 134 42 Enfin
306 677 28 40 il
358 678 179 52 produit
579 692 42 38 51
668 682 324 50 compositions
1025 685 20 36 à
1071 682 129 45 deux,
1228 683 107 39 trois
1368 691 41 32 et
1442 692 156 43 quatre
1621 686 180 50 parties,
1824 683 187 42 d'abord
2034 685 113 40 dans

137 746 38 40 la
218 748 202 40 notation
459 748 218 50 originale
719 748 93 53 (105
847 764 45 38 p.
909 753 24 47 \
953 751 100 51 puis
1094 764 54 27 en
1193 753 202 38 notation
1433 752 234 48 moderne;
1707 767 15 37 5
1733 759 13 16 0
1788 752 267 56 Scriptorum
2100 755 48 38 de

136 814 158 40 musica
319 816 130 39 medii
466 816 81 41 œvi
586 831 111 26 nova
725 817 127 40 sériés
892 834 23 23 a
953 817 253 42 Gerbertina
1241 819 136 40 altéra
1411 818 274 55 (1864-1876,
1720 821 145 51 Paris,
1892 821 185 42 Durand
2108 831 42 32 et

135 883 405 42 Pedone-LaurieL
566 900 24 36 4
612 886 87 40 vol.
739 901 65 36 gr.
830 885 153 55 in-40),
1009 887 235 42 collection
1270 898 293 43 comprenant
1602 890 100 53 plus
1746 891 53 40 de
1835 894 52 37 80
1914 893 153 38 traités
2091 891 58 40 du

136 966 161 39 moyen
332 956 82 48 âge
437 967 74 27 sur
534 954 38 40 la
598 957 223 51 musique,
848 964 40 32 et
924 955 163 42 faisant
1124 958 113 39 suite
1263 962 21 35 à
1328 958 108 40 celle
1458 972 85 39 que
1569 959 38 39 le
1641 960 150 51 prince
1822 958 116 42 abbé
1961 958 190 42 Gerbert

139 1023 116 40 avait
292 1022 181 53 publiée
506 1037 53 27 en
605 1028 104 50 1784
735 1023 368 54 (Saint-Blasien,
1148 1040 17 37 3
1209 1026 136 52 vol.);
1381 1026 45 40 6°
1463 1027 39 41 la
1527 1027 280 53 publication
1830 1029 221 50 intégrale
2074 1028 76 41 des

139 1091 185 40 Œuvres
346 1089 186 43 d'Adam
557 1093 48 39 de
629 1092 40 40 la
695 1093 129 39 Halle
849 1092 160 53 (Paris,
1042 1093 137 53 1872).
1216 1095 121 41 Pour
1369 1109 47 27 ce
1456 1096 177 40 dernier
1657 1097 175 48 travail,
1868 1098 54 40 de
1959 1096 164 42 Cousse-

139 1160 155 40 maker
315 1161 103 39 s'est
443 1162 114 39 servi
588 1162 372 52 principalement
984 1164 56 39 du
1067 1165 244 39 manuscrit
1331 1165 54 39 de
1409 1165 39 40 la
1473 1164 196 42 Vallière
1692 1165 53 40 de
1770 1166 39 40 la
1832 1165 318 54 Bibliothèque

138 1229 225 41 nationale
403 1228 135 54 (ainsi
578 1230 186 51 désigné
803 1231 58 40 du
896 1245 102 27 nom
1038 1232 53 40 de
1132 1246 82 27 son
1251 1235 191 50 premier
1491 1247 279 39 possesseur,
1813 1237 74 50 qui
1919 1237 136 40 vivait
2095 1250 54 26 au

136 1313 106 25 xvin
247 1303 14 17 e
285 1298 165 52 siècle),
477 1301 130 46 mais,
642 1313 56 26 en
733 1304 145 36 même
899 1308 160 45 temps,
1085 1301 29 40 il
1139 1316 22 25 a
1195 1303 149 40 étudié
1378 1311 100 32 tous
1502 1303 64 40 les
1592 1306 272 39 manuscrits
1887 1312 41 33 et
1947 1306 203 39 examiné

138 1367 63 40 les
223 1369 241 38 variantes.
494 1366 71 42 On
587 1377 154 32 trouve
765 1369 40 40 là
829 1369 63 40 les
915 1369 225 42 chansons
1174 1369 205 50 d'Adam,
1406 1372 63 40 les
1505 1373 98 52 jeux
1627 1374 157 51 partis,
1818 1373 63 40 les
1905 1374 242 49 rondeaux,

138 1435 63 40 les
239 1444 178 38 motets,
457 1436 63 41 les
553 1437 113 52 jeux,
692 1440 143 50 parmi
859 1439 196 52 lesquels
1096 1439 38 40 le
1167 1440 68 52 jeu
1260 1439 172 42 célèbre
1455 1441 53 40 de
1529 1440 144 40 Robin
1698 1447 36 33 et
1756 1442 50 39 de
1843 1441 177 41 Marion
2027 1473 10 20 ,
2064 1456 86 38 que

139 1505 88 40 l'on
253 1513 191 42 reporte,
471 1505 125 41 selon
620 1515 121 32 toute
764 1506 372 49 vraisemblance,
1172 1513 20 35 à
1229 1508 40 41 la
1303 1510 100 40 date
1427 1510 53 40 de
1508 1523 117 39 1275.
1659 1510 48 54 Je
1745 1509 87 55 m'y
1856 1513 209 39 arrêterai
2089 1525 59 25 un

139 1575 184 39 instant.

194 1641 116 41 Tout
334 1642 38 40 le
395 1642 164 40 monde
583 1649 179 34 connaît
786 1644 37 40 le
849 1646 126 50 sujet.
1005 1645 177 41 Marion
1212 1656 66 30 est
1308 1659 86 27 une
1418 1646 184 51 bergère
1661 1646 138 41 Passe
1839 1662 58 25 un
1940 1650 210 48 seigneur

141 1715 72 51 qui
233 1713 38 40 la
299 1727 249 39 remarque,
575 1713 37 40 la
640 1715 193 40 courtise
850 1725 40 30 et
914 1724 102 31 veut
1033 1716 39 39 la
1099 1715 189 40 séduire.
1313 1714 62 42 La
1395 1716 186 51 bergère
1607 1716 147 41 refuse
1783 1728 6 28 :
1820 1717 149 41 Robin
1987 1717 161 47 l'aime,

139 1781 102 42 c'est
264 1782 60 40 lui
347 1783 77 50 qui
449 1780 153 42 l'aura.
627 1781 62 41 Le
713 1785 226 48 seigneur,
964 1783 268 52 découragé,
1259 1783 75 42 bat
1354 1798 55 27 en
1433 1787 192 38 retraite.
1654 1786 157 40 Arrive
1836 1785 165 48 Robin,
2030 1791 21 35 à
2077 1788 74 51 qui

142 1849 177 42 Marion
339 1860 128 31 conte
491 1849 259 42 l'aventure.
772 1851 69 42 On
861 1853 137 52 prend
1016 1853 76 40 des
1112 1854 282 51 précautions
1416 1868 113 38 pour
1549 1868 44 26 se
1611 1853 227 48 défendre,
1859 1859 21 35 à
1896 1854 254 50 l'occasion,

139 1928 150 31 contre
315 1934 56 26 un
401 1929 149 31 retour
570 1920 194 40 offensif.
791 1919 63 41 Le
879 1923 212 49 seigneur
1113 1924 181 42 revient,
1326 1921 75 41 bat
1426 1922 152 41 Robin
1615 1926 75 49 qui
1711 1933 64 31 est
1796 1938 60 26 un
1892 1924 194 52 poltron,
2113 1933 41 32 et

139 1989 154 39 enlève
317 1988 38 40 la
382 1988 211 52 bergère;
628 1991 113 38 mais
772 1990 170 40 celle-ci
967 1999 194 44 proteste
1201 2005 103 27 avec
1339 2000 91 32 tant
1460 1990 207 42 d'ardeur
1691 2001 40 32 et
1754 1993 53 39 de
1831 1994 206 39 sincérité
2067 2007 87 38 que

140 2057 38 40 le
203 2062 276 48 conquérant
503 2072 188 27 renonce
717 2063 19 35 à
764 2073 45 27 sa
834 2063 234 48 conquête.
1092 2059 117 41 Tout
1233 2074 44 26 se
1299 2062 187 38 termine
1507 2075 80 37 par
1616 2076 57 25 un
1698 2060 165 41 double
1888 2063 201 49 mariage
2112 2072 40 30 et

140 2126 77 40 des
236 2127 176 40 danses.
437 2126 125 41 Cette
584 2129 134 50 petite
741 2129 137 51 pièce,
907 2131 76 49 qui
1009 2130 116 38 avait
1150 2133 68 35 été
1240 2133 254 47 composée,
1522 2132 204 44 croit-on,
1754 2143 112 38 pour
1886 2130 37 40 la
1959 2144 105 26 cour
2099 2136 53 34 de

139 2194 169 53 Naples
329 2202 56 34 où
406 2195 38 40 le
468 2205 143 31 comte
635 2195 191 54 d'Anjou
848 2199 117 38 avait
989 2202 255 47 transporté
1268 2197 63 40 les
1353 2197 242 41 habitudes
1622 2197 260 52 françaises,
1909 2200 143 39 aurait
2074 2199 75 49 dû,

141 2264 323 52 logiquement,
492 2274 181 31 tourner
699 2269 21 36 à
743 2266 38 39 la
807 2265 237 42 confusion
1068 2267 57 40 du
1152 2268 210 48 seigneur
1385 2275 40 32 et
1451 2270 19 36 à
1497 2267 37 40 la
1569 2265 303 52 glorification
1904 2268 58 39 du
1997 2267 152 40 vilain.

142 2331 121 42 C'est
287 2333 39 40 le
349 2335 219 39 contraire
593 2336 75 51 qui
694 2336 157 39 arrive.
878 2334 63 41 Le
962 2335 139 41 vilain
1129 2345 64 31 est
1216 2335 123 41 battu
1380 2345 41 31 et
1457 2335 78 41 fait
1560 2350 122 26 assez
1711 2338 123 38 triste
1856 2334 158 53 figure,
2043 2339 111 38 dans

142 2401 38 40 la
205 2401 202 41 dernière
432 2408 128 35 scène
587 2415 7 27 :
621 2402 177 42 iMarion
823 2404 59 40 lui
908 2404 212 52 reproche
1145 2418 48 27 sa
1215 2405 211 41 mollesse
1449 2413 41 33 et
1512 2418 46 28 sa
1583 2406 249 40 couardise.

197 2468 68 41 En
294 2473 121 44 1822,
452 2470 59 40 M.
553 2470 316 54 Mommerqué
892 2472 155 53 publia
1068 2474 39 40 le
1132 2482 114 32 texte
1284 2474 212 40 littéraire
1519 2474 53 40 de
1595 2488 47 26 ce
1677 2475 70 51 jeu
1778 2488 113 39 pour
1914 2474 39 41 la
1980 2472 176 43 Société

142 2538 77 40 des
243 2537 289 53 bibliophiles
553 2555 8 33 ;
590 2540 198 40 l'édition
826 2541 164 40 n'avait
1024 2555 85 38 que
1145 2556 50 36 30
1233 2543 310 51 exemplaires,
1576 2545 113 37 mais
1714 2542 64 41 fut
1798 2543 255 52 reproduite
2075 2557 81 38 par

144 2606 38 40 le
212 2611 160 45 même,
414 2622 104 26 avec
556 2609 39 39 la
632 2608 326 41 collaboration
982 2610 53 39 de
1058 2609 61 40 M.
1143 2610 275 53 Francisque
1440 2609 181 49 Michel,
1648 2611 112 40 dans
1785 2625 82 26 son
1896 2611 180 40 Théâtre
2098 2613 57 38 du

144 2689 148 38 moyen
313 2674 85 54 âge
419 2676 146 52 (1840)

198 2743 61 41 M.
286 2744 260 42 Weckerlin
583 2746 155 41 voulut
781 2745 108 42 faire
913 2761 113 38 pour
1045 2747 63 40 les
1142 2749 241 39 musiciens
1406 2761 47 28 ce
1476 2762 86 38 que
1587 2747 65 42 M.
1684 2747 315 54 Mommerqué
2039 2751 116 39 avait

141 2812 77 42 fait
241 2826 112 39 pour
390 2814 63 40 les
477 2813 289 54 bibliophiles
790 2827 8 37 ;
824 2816 29 39 il
877 2824 73 32 eut
981 2830 178 26 recours
1198 2831 55 26 au
1278 2818 245 40 manuscrit
1546 2817 40 40 la
1611 2816 195 43 Vallière
1832 2834 8 33 ;
1864 2818 27 40 il
1925 2832 55 26 en
2004 2818 150 41 donna

141 2896 57 27 un
232 2884 225 50 spécimen
498 2893 40 31 et
578 2898 86 26 une
687 2884 266 41 traduction.
981 2884 122 41 Dans
1127 2898 70 28 ses
1239 2885 144 40 Echos
1419 2887 56 38 du
1516 2892 132 49 temps
1680 2890 123 50 passé
1842 2886 160 53 (1853),
2045 2889 83 38 mis-

137 2950 220 41 cellanées
381 2952 372 53 archéologiques
786 2954 178 40 dédiées
1002 2969 54 25 au
1099 2957 152 50 prince
1290 2955 53 41 de
1377 2956 39 39 la
1454 2954 253 50 Moskowa,
1740 2956 29 40 il
1809 2957 184 40 insérait
2037 2957 113 39 deux

142 3020 145 50 pièces
322 3020 53 39 de
407 3020 146 40 Robin
589 3027 37 33 et
661 3020 175 42 Manon
859 3034 7 24 :
894 3023 39 40 la
957 3023 203 40 chanson
1195 3023 147 40 Robin
1365 3023 185 49 m'aime,
1577 3023 143 40 Robin
1759 3040 79 24 ma
1847 3056 8 17 ,
1881 3034 41 31 et
1939 3025 39 40 le
2001 3025 154 40 rondel

146 3086 74 49 J'ai
245 3102 151 25 encore
429 3103 58 25 un
510 3090 55 38 tel
578 3090 101 53 pâté
701 3091 125 49 (avec
858 3105 86 27 une
976 3105 177 28 mesure
1178 3096 21 35 à
1227 3092 70 51 6/8
1319 3095 75 49 qui
1418 3101 65 32 est
1508 3093 291 47 contestable,
1828 3097 21 36 à
1874 3107 131 26 cause
2030 3095 52 39 de
2108 3107 44 26 sa

141 3157 195 40 division
360 3155 207 51 binaire).
594 3156 72 42 On
708 3173 115 26 nous
846 3160 62 39 dit
930 3171 7 28 :
979 3174 19 25 «
1024 3160 168 41 Toutes
1233 3161 63 39 les
1334 3163 145 49 pièces
1519 3162 54 39 de
1595 3170 111 31 cette
1738 3161 200 40 ébauche
1973 3161 181 53 d'opéra

145 3227 206 50 comique
392 3234 101 32 sont
516 3228 155 38 écrites
695 3240 54 27 en
772 3229 46 47 fa
847 3229 187 52 majeur.
1065 3229 110 40 »En
1199 3243 189 33 somme,
1423 3243 47 26 ce
1509 3239 101 30 sont
1653 3230 76 39 des
1767 3238 100 32 tons
1921 3230 53 40 de
2012 3230 119 53 plain-

144 3294 132 41 chant
298 3298 274 48 transposés.
597 3293 205 54 Lorsque
823 3297 39 39 la
888 3297 193 40 mélodie
1103 3298 189 39 montait
1317 3298 240 40 au-dessus
1582 3298 53 40 de
1656 3298 11 40 1
1685 3304 59 41 ut,
1771 3298 39 40 le
1831 3298 38 40 si
1900 3301 106 39 était
2026 3305 130 36 censé

148 3364 126 40 attiré
294 3377 79 38 par
391 3361 74 42 l'ut
487 3371 42 32 et
543 3365 152 39 restait
718 3364 181 40 bécarre
924 3380 9 33 ;
958 3366 180 52 lorsque
1170 3366 39 40 la
1232 3366 191 41 mélodie
1455 3381 55 26 ne
1534 3368 225 51 dépassait
1781 3382 79 38 pas
1882 3368 40 41 la
1946 3369 208 51 cordez*/,

146 3430 263 43 l'attraction
445 3431 209 41 semblait
692 3438 280 47 représentée
1004 3448 80 38 par
1119 3435 38 40 le
1173 3436 62 47 fa,
1262 3444 56 41 et,
1344 3449 114 39 pour
1480 3437 137 40 éviter
1633 3451 60 26 un
1718 3438 133 39 triton
1875 3436 11 54 (
1891 3438 114 52 fa-si
2023 3436 17 37 S
2063 3439 12 49 )
2099 3452 56 27 on

149 3500 254 42 bémolisait
444 3501 38 41 le
500 3500 56 42 si.
602 3499 295 55 Quelquefois
921 3502 59 40 M.
1004 3504 53 39 de
1080 3502 334 43 Coussemaker
1437 3514 155 32 trouve
1612 3521 58 24 un
1690 3506 83 46 fat
1791 3538 9 14 ,
1822 3515 41 31 et
1887 3520 46 27 se
1958 3507 104 41 hâte
2104 3508 52 40 de

149 3569 94 40 dire
270 3585 6 25 :
306 3583 19 24 «
351 3570 127 41 Cette
515 3571 122 52 pièce
666 3580 65 31 est
769 3572 131 39 écrite
941 3571 112 41 dans
1092 3571 39 42 le
1162 3581 75 32 ton
1259 3573 54 40 de
1334 3575 67 39 sol
1421 3575 186 52 majeur.
1635 3588 20 24 »
1679 3574 31 41 Il
1728 3590 26 38 y
1775 3590 22 25 a
1817 3589 161 28 encore
1998 3577 39 40 là
2070 3591 86 26 une
