2291 3883
939 265 415 30 CORRESPONDANCE

2062 268 86 41 479

143 355 257 42 conclusion
425 357 246 51 reposerait
695 369 76 28 sur
793 370 61 27 un
874 370 135 38 grave
1032 366 41 33 et
1098 360 181 52 antique
1303 359 287 42 malentendu
1612 361 77 50 (1).
1711 359 62 42 Le
1798 369 182 45 rapport
2003 368 120 47 repré-

144 428 121 37 senté
304 437 80 39 par
405 437 87 27 une
515 433 104 32 note
638 427 122 38 varie
802 439 105 28 avec
939 427 39 40 la
1018 429 182 51 tonique
1240 428 59 40 du
1335 437 213 40 moment,
1573 444 73 26 car
1668 439 110 32 cette
1810 439 105 32 note
1938 431 69 40 n'a
2035 445 115 39 pour

146 494 111 40 ainsi
280 493 94 40 dire
397 506 80 39 pas
499 493 54 41 de
587 492 303 53 signification
913 509 80 39 par
1014 496 275 49 elle-même,
1327 498 114 40 mais
1482 498 247 42 seulement
1750 514 83 38 par
1857 508 181 44 rapport
2064 505 21 36 à
2110 501 40 40 la

144 562 105 40 base
271 565 19 36 à
317 561 193 53 laquelle
541 576 56 26 on
633 563 40 39 la
700 576 208 40 compare
931 563 290 52 (c'est-à-dire
1244 579 55 27 en
1320 575 134 43 ayant
1491 568 136 49 égard
1653 581 55 27 au
1741 576 75 33 ton
1857 569 112 40 dans
2004 569 146 52 lequel

146 644 54 28 on
224 643 136 39 pense
383 630 10 40 1
414 632 211 40 entendre
647 642 9 37 ;
678 630 105 43 c'est
807 634 113 40 ainsi
945 647 85 39 que
1053 634 56 40 tel
1131 634 174 48 accord,
1328 635 210 40 excellent
1562 649 53 28 en
1639 635 60 40 mi
1702 668 8 15 ,
1734 639 202 49 pourrait
1958 643 192 47 paraître

144 698 260 42 incohérent
424 702 35 38 si
484 714 57 26 on
558 701 40 39 le
620 703 288 51 transportait
931 701 325 53 brusquement
1275 703 113 41 dans
1411 717 87 27 une
1520 705 235 40 harmonie
1778 719 56 27 en
1856 704 83 54 do).
1963 705 64 42 Or
2047 707 102 42 c'est

145 768 245 41 seulement
424 769 112 40 dans
553 769 39 40 le
616 778 76 33 ton
715 770 54 41 de
802 769 62 42 mi
895 784 85 39 que
999 771 63 40 les
1086 780 126 33 notes
1235 771 59 41 mi
1315 781 42 32 et
1390 771 39 41 si
1453 778 304 47 représentent
1781 776 367 51 respectivement

145 836 63 41 les
231 845 205 44 rapports
457 838 183 53 simples
678 838 60 53 1/1
766 848 41 32 et
833 839 90 53 3/2;
945 840 112 41 dans
1075 839 192 42 d'autres
1291 849 115 40 tons,
1432 841 107 41 elles
1561 851 194 43 peuvent
1776 845 322 51 correspondre
2125 849 22 36 à

146 905 76 40 des
245 903 212 44 fractions
478 907 101 52 plus
601 908 252 53 complexes
878 919 7 37 ;
911 922 54 27 en
988 909 53 40 do
1065 921 78 41 par
1166 910 214 52 exemple,
1418 910 106 40 elles
1563 910 269 42 deviennent
1863 912 71 51 5/4
1959 921 40 32 et
2031 913 115 51 15/8,

143 973 178 42 valeurs
341 975 302 42 évidemment
666 978 147 40 moins
835 978 181 52 simples
1036 977 60 53 (2)
1113 990 8 38 ;
1143 978 64 41 les
1227 987 205 44 rapports
1455 979 53 41 de
1532 979 39 40 la
1596 992 175 28 mesure
1794 994 20 37 7
1834 994 54 27 ne
1913 989 100 33 sont
2028 982 115 40 donc

190 1105 49 43 (1)
261 1105 93 34 C'est
379 1106 239 41 précisément
640 1118 40 23 ce
703 1109 230 33 malentendu
954 1110 63 42 qui
1055 1110 95 34 avait
1185 1110 152 34 conduit
1363 1114 50 30 les
1439 1111 147 33 anciens
1607 1112 216 34 théoriciens
1845 1112 19 33 à
1886 1114 193 34 conseiller
2100 1117 50 31 les

144 1156 112 33 suites
277 1156 43 33 de
345 1156 147 42 quintes
510 1160 198 40 analogues
728 1161 17 30 à
769 1162 89 30 celle
886 1159 62 42 qui
973 1171 138 31 occupe
1148 1163 33 31 la
1204 1163 158 40 majeure
1398 1161 115 41 partie
1533 1163 43 32 de
1602 1161 188 42 l'exemple
1806 1166 170 38 proposé.
2002 1164 57 33 On
2082 1165 69 33 sait

144 1216 71 32 que
234 1216 58 23 ces
311 1206 145 42 quintes
483 1215 82 26 sont
588 1208 232 43 aujourd'hui
844 1210 263 33 formellement
1127 1210 209 42 interdites;
1362 1211 87 33 c'est
1468 1214 33 30 là
1527 1222 70 23 une
1620 1220 95 25 sorte
1747 1213 43 33 de
1828 1213 162 33 réaction
2027 1222 124 26 contre

145 1256 118 33 l'abus
285 1256 69 33 fort
378 1256 203 41 déplaisant
605 1258 62 41 qui
691 1269 43 22 en
755 1259 96 33 avait
873 1261 54 32 été
962 1260 77 38 fait,
1070 1260 89 33 mais
1191 1261 24 31 il
1238 1269 51 24 est
1313 1261 102 32 facile
1439 1262 42 33 de
1501 1267 228 28 reconnaître
1755 1262 134 43 {Essai,
1916 1276 35 29 p.
1969 1265 86 42 452)
2079 1276 71 31 que

144 1309 32 29 la
197 1309 98 40 règle
319 1309 167 36 actuelle,
512 1307 29 32 si
558 1310 67 30 elle
650 1316 52 25 est
741 1309 117 33 moins
896 1310 226 33 malfaisante
1156 1321 70 31 que
1256 1310 212 42 l'ancienne,
1492 1311 91 34 n'est
1602 1323 64 30 pas
1687 1313 192 41 beaucoup
1899 1316 81 38 plus
2008 1314 141 35 fondée.

144 1356 50 32 En
219 1356 138 39 réalité,
379 1356 61 33 des
457 1357 139 32 raisons
621 1359 235 33 nombreuses
876 1368 32 24 et
932 1359 188 33 distinctes
1154 1371 90 22 nous
1268 1361 212 40 empêchent
1507 1370 167 31 souvent,
1708 1363 122 41 quand
1854 1375 91 21 nous
1967 1364 180 39 écrivons,

148 1406 228 41 d'employer
395 1406 61 32 des
478 1406 144 42 quintes
642 1408 43 31 de
708 1408 106 40 suite,
843 1409 88 32 mais
958 1409 23 31 il
1011 1409 153 33 n'existe
1195 1420 63 30 pas
1277 1410 43 32 de
1339 1410 121 33 raison
1480 1410 144 33 d'ordre
1644 1413 148 41 général
1816 1411 226 42 s'opposant,
2066 1417 83 38 quel

144 1465 71 32 que
239 1455 69 33 soit
333 1458 31 30 le
384 1467 70 28 cas,
498 1458 18 30 à
536 1455 160 42 l'emploi
732 1458 42 32 de
817 1469 58 22 ces
898 1458 144 42 quintes
1063 1468 7 30 ;
1097 1459 95 32 aussi
1217 1459 136 32 n'est-il
1377 1470 63 30 pas
1472 1470 77 23 rare
1573 1460 149 42 qu'elles
1744 1461 117 33 soient
1896 1463 254 40 parfaitement

146 1505 192 42 légitimes,
362 1513 33 25 et
416 1505 83 33 c'est
521 1507 182 42 pourquoi
726 1510 50 30 les
809 1512 145 29 maîtres
977 1510 49 31 les
1061 1509 199 40 emploient
1301 1509 148 40 parfois,
1487 1512 139 40 malgré
1660 1513 33 30 la
1734 1512 277 42 pseudo-règle.
2050 1513 100 32 Vous

148 1559 262 34 reconnaîtrez,
434 1557 31 41 je
489 1566 123 31 pense,
649 1568 71 31 que
755 1561 33 29 le
820 1570 58 21 cas
915 1559 211 40 particulier
1148 1559 122 32 étudié
1293 1559 88 32 dans
1404 1562 31 30 la
1458 1561 167 39 présente
1644 1563 104 30 lettre
1772 1561 98 33 vient
1893 1564 17 30 à
1934 1561 136 43 l'appui
2089 1563 62 32 des

143 1605 292 33 considérations
453 1607 189 41 générales
666 1610 172 38 exposées
856 1609 89 32 dans
967 1611 31 31 le
1021 1618 156 33 passage
1202 1608 137 42 précité
1358 1609 42 32 de
1420 1608 149 33 l'Essai.

186 1656 49 42 (2)
256 1656 24 31 Il
301 1662 53 26 est
377 1655 104 33 facile
501 1656 43 33 de
565 1656 143 34 vérifier
731 1668 85 32 que,
833 1662 100 29 selon
956 1662 32 29 le
1005 1666 62 25 ton
1088 1659 88 32 dans
1201 1661 119 39 lequel
1341 1669 45 22 on
1411 1662 49 30 les
1482 1660 204 38 considère,
1710 1664 51 29 les
1778 1669 102 26 notes
1907 1662 83 33 mit
1996 1669 10 27 t
2026 1663 32 32 si
2080 1671 63 24 ont

143 1705 90 33 bien
257 1708 49 30 les
331 1708 142 30 valeurs
496 1706 191 43 indiquées
710 1708 90 32 dans
819 1711 31 31 le
874 1716 92 25 texte
986 1709 195 40 précédent
1199 1719 44 22 ou
1268 1709 89 32 dans
1380 1712 31 29 le
1438 1711 142 31 tableau
1608 1710 218 34 ci-dessous.

190 2946 91 31 Avec
305 2948 31 29 le
353 2943 175 42 diapason
553 2942 153 42 français
746 2942 45 42 {la
826 2967 42 3 ~
903 2941 100 45 435),
1032 2944 31 31 le
1087 2944 40 30 do
1150 2943 47 32 du
1238 2942 122 34 milieu
1397 2944 47 32 du
1470 2944 134 33 clavier
1637 2944 63 33 fait
1738 2944 63 32 261
1845 2945 206 33 vibrations
2085 2956 62 30 par

144 2994 155 33 seconde
324 3005 6 28 ;
352 3004 91 30 pour
464 2996 32 30 le
515 2994 50 30 mi
586 3000 33 26 et
642 2995 32 30 le
695 2993 31 30 si
741 2992 111 33 situés
870 2992 202 39 au-dessus,
1096 2994 49 31 les
1169 2991 210 43 fréquences
1402 3000 82 26 sont
1520 2993 303 41 respectivement
1847 2995 131 43 326,25
2008 3002 32 26 et
2063 2996 84 42 489,

146 3054 82 34 375.
254 3046 113 37 Donc,
391 3055 93 30 pour
502 3043 119 33 savoir
642 3054 64 29 par
729 3045 162 38 exemple
909 3052 39 23 ce
976 3051 71 32 que
1082 3043 207 40 représente
1312 3044 49 31 mi
1385 3041 98 43 (326,
1509 3044 58 43 25)
1592 3044 89 32 dans
1707 3047 33 30 le
1766 3052 61 25 ton
1850 3045 43 33 de
1917 3046 41 30 do
1981 3045 119 42 (261),
2125 3045 22 32 il

144 3093 98 34 suffit
268 3094 42 31 de
347 3094 133 33 former
519 3096 31 29 le
578 3099 149 35 rapport
769 3092 219 43 326,25/261
1012 3104 8 25 ;
1054 3094 120 39 lequel
1204 3102 36 22 se
1263 3092 118 33 réduit
1411 3094 19 31 à
1461 3095 58 40 5/4
1556 3093 137 41 (quand
1729 3104 45 22 on
1813 3094 115 34 divise
1964 3105 55 23 ses
2054 3095 92 33 deux

147 3152 131 25 termes
301 3155 63 29 par
386 3146 32 29 le
438 3143 138 32 facteur
595 3153 169 22 commun
785 3142 59 42 65,
865 3141 75 43 25);
965 3153 46 21 on
1046 3141 180 33 établirait
1265 3142 43 32 de
1332 3146 115 29 même
1479 3145 50 30 les
1553 3146 141 29 valeurs
1718 3143 61 33 des
1802 3144 87 33 trois
1912 3152 119 26 autres
2053 3144 76 34 frac-

147 3195 95 31 tions
261 3194 161 32 données
441 3193 88 33 dans
550 3195 31 30 le
600 3193 145 32 tableau
769 3191 209 42 précédent.

189 3244 38 39 Je
254 3244 90 32 tiens
380 3246 18 30 à
432 3243 88 33 faire
541 3252 209 32 remarquer
789 3252 71 31 que
886 3252 57 22 ces
980 3252 87 32 gros
1107 3243 170 32 nombres
1309 3245 204 38 complexes
1557 3253 44 22 ne
1630 3252 82 24 sont
1734 3243 89 33 cités
1858 3243 47 33 ici
1947 3254 71 32 que
2055 3256 92 29 pour

147 3301 195 33 permettre
382 3294 44 31 de
466 3293 176 40 procéder
678 3295 18 30 à
736 3301 69 23 une
838 3299 97 24 sorte
972 3292 43 31 de
1051 3290 226 34 vérification
1319 3292 200 33 matérielle
1538 3305 7 25 ;
1588 3293 43 32 ils
1678 3292 310 35 n'interviennent
2018 3294 127 41 jamais

148 3344 89 32 dans
264 3346 32 29 la
329 3342 139 33 théorie
487 3343 43 32 de
548 3345 32 29 la
602 3351 243 30 consonance,
873 3349 33 25 et
929 3342 33 41 je
985 3341 67 33 n'ai
1076 3352 63 30 pas
1172 3342 46 32 dû
1247 3344 49 30 les
1331 3341 89 33 citer
1442 3353 72 22 une
1536 3346 99 29 seule
1658 3343 67 32 fois
1743 3354 42 21 au
1810 3355 106 20 cours
1943 3344 42 32 de
2008 3344 133 31 l'Essai

147 3405 63 19 sur
227 3394 33 30 la
282 3404 158 31 gamme.
478 3393 27 32 C
520 3400 52 26 est
613 3392 107 41 qu'en
753 3391 82 33 effet
870 3401 58 22 ces
966 3392 180 39 nombres,
1183 3391 179 33 variables
1386 3403 85 22 avec
1512 3395 32 30 le
1578 3393 175 40 diapason
1789 3393 144 41 adopté,
1968 3403 43 22 ne
2051 3404 92 22 nous

148 3443 163 33 donnent
333 3454 63 30 pas
417 3454 64 29 par
506 3445 218 30 eux-mêmes
759 3443 33 30 la
823 3440 184 33 sensation
1042 3441 181 32 intervalle
1229 3466 8 13 ,
1272 3442 88 33 mais
1398 3442 201 33 seulement
1622 3454 64 29 par
1712 3445 94 30 leurs
1828 3451 167 33 rapports
2015 3452 6 31 ;
2049 3443 95 33 ainsi

148 3495 40 30 do
227 3501 33 25 et
284 3494 50 29 mi
362 3492 80 42 (261
476 3500 33 25 et
535 3491 83 39 326,
643 3490 70 43 25),
736 3491 28 32 si
796 3501 46 22 on
875 3493 50 29 les
952 3491 128 41 réglait
1106 3502 65 30 par
1202 3495 163 38 exemple
1400 3502 43 23 au
1483 3492 177 41 diapason
1691 3493 181 32 allemand
1912 3493 46 35 {la
1976 3505 42 17 =
2039 3493 101 42 440),

148 3542 271 34 deviendraient
456 3542 301 42 respectivement
781 3541 65 41 264
884 3548 34 25 et
941 3552 91 33 330;
1058 3541 88 33 mais
1181 3544 77 30 leur
1296 3549 149 34 rapport
1469 3544 80 31 n'en
1573 3542 164 34 resterait
1759 3553 63 30 pas
1843 3542 116 34 moins
1982 3542 163 42 toujours

149 3595 81 39 égal
254 3596 17 30 à
296 3591 79 42 5/4,
398 3603 73 28 car,
496 3595 137 39 malgré
650 3595 30 29 le
703 3595 243 38 changement
977 3591 42 32 de
1042 3591 190 42 diapason,
1257 3591 23 33 il
1303 3592 230 33 subsisterait
1555 3602 70 24 une
1658 3593 234 33 coïncidence
1929 3592 217 42 périodique
