2644 4125
612 450 56 43 86

1064 452 76 40 LA.
1172 450 382 52 CHRONIQUE
1586 449 316 43 MUSICALE

608 599 97 41 becs
710 633 8 19 ,
744 598 116 42 hélas
879 602 7 38 !
912 608 95 46 trop
1030 599 231 41 demandés
1283 614 74 26 sur
1377 600 38 40 le
1436 599 189 53 marché,
1649 612 85 42 que
1755 598 59 41 les
1848 597 317 56 compositions
2201 597 144 42 artisti-

611 680 122 40 ques.
760 666 142 41 Faites
922 666 167 41 décider
1109 667 51 40 de
1185 666 96 42 leur
1300 667 149 41 valeur
1471 675 41 32 et
1532 667 52 40 de
1615 666 95 41 leur
1733 665 261 57 impression
2011 679 79 42 par
2113 679 63 27 un
2206 666 159 40 comité

612 741 262 53 compétent,
896 747 41 34 et
959 740 264 54 prélevez-en
1246 740 59 41 les
1328 740 124 41 fonds
1474 754 73 27 sur
1567 740 39 41 la
1631 753 166 28 somme
1825 739 297 42 considérable
2152 739 212 51 destinée,

614 813 168 55 chaque
803 814 152 50 année,
980 828 85 26 aux
1086 814 197 54 copistes,
1307 821 186 33 souvent
1514 828 99 26 sans
1634 814 152 52 talent,
1802 814 73 40 des
1891 813 334 41 chefs-d'œuvre
2248 813 50 41 de
2321 813 40 41 la

1750 868 14 10 m

616 887 216 54 peinture.
857 887 172 53 (Voilà,
1053 895 151 45 certes,
1227 900 87 27 une
1336 887 93 40 idée
1458 887 77 54 qui
1570 887 240 42 mériterait
1832 888 50 40 de
1912 887 103 42 faire
2041 901 77 27 son
2144 885 219 55 chemin.)

621 960 73 51 Et,
732 960 291 52 maintenant,
1055 972 113 41 pour
1199 960 134 40 lutter
1361 968 146 32 contre
1543 960 340 42 l'acharnement
1912 962 71 40 des
2013 960 347 49 cafés-concerts,

616 1045 264 41 encouragez
915 1033 40 40 la
985 1032 188 41 création
1202 1032 51 40 de
1291 1032 176 41 sociétés
1512 1033 191 41 chorales
1738 1042 41 32 et
1815 1035 53 40 de
1898 1042 191 33 concerts
2116 1033 248 56 populaires

611 1105 218 41 vraiment
850 1105 151 53 dignes
1020 1105 51 40 de
1092 1118 46 27 ce
1159 1118 101 27 nom
1276 1118 10 40 ;
1308 1105 170 40 donnez
1492 1108 23 37 à
1537 1118 67 27 ces
1620 1106 343 42 établissements
1981 1108 73 40 des
2070 1108 160 54 primes
2247 1108 96 38 d'en-

613 1185 323 46 couragement,
974 1182 23 35 à
1028 1179 40 39 la
1099 1178 159 54 charge
1285 1178 164 40 d'avoir
1477 1178 73 40 des
1573 1179 97 54 prix
1702 1179 185 42 d'entrée
1924 1181 60 40 les
2008 1181 98 54 plus
2141 1181 221 42 minimes.

612 1250 399 41 Affranchissez-les
1042 1250 72 40 des
1140 1250 137 41 droits
1314 1251 77 53 qui
1415 1253 59 39 les
1495 1253 194 52 grèvent,
1726 1256 23 36 à
1778 1253 40 40 la
1851 1254 223 40 condition
2100 1254 51 40 de
2174 1267 54 27 ne
2258 1254 105 41 faire

608 1323 206 40 entendre
835 1337 84 40 que
950 1323 52 41 de
1025 1323 130 41 belles
1176 1332 41 33 et
1247 1324 138 42 saines
1408 1338 186 29 œuvres.
1621 1326 82 41 Par
1732 1334 121 33 votre
1876 1327 187 54 énergie,
2087 1327 274 42 débarrassez

609 1395 40 41 la
681 1409 76 27 rue
778 1396 52 41 de
860 1405 97 33 tous
987 1396 59 41 les
1081 1397 282 56 bastringues
1367 1430 11 19 ,
1412 1399 59 41 les
1499 1400 255 56 orchestres,
1787 1400 59 41 les
1873 1402 212 49 tréteaux,
2121 1400 61 41 les
2209 1401 127 41 hurle-

614 1477 142 33 ments
781 1479 41 32 et
854 1470 58 40 les
946 1470 185 54 hoquets
1163 1472 135 54 qu'on
1330 1486 29 40 y
1381 1473 158 41 entend
1556 1489 10 35 ;
1605 1474 191 55 balayez,
1833 1474 135 51 enfin,
1992 1475 60 41 les
2079 1475 191 41 maisons
2309 1475 52 42 de

613 1542 284 54 prostitution
920 1544 211 41 musicale
1152 1546 107 40 dont
1284 1545 122 41 Paris
1425 1559 190 41 regorge.
1646 1563 17 22 »
1697 1548 128 41 Voilà
1860 1549 59 40 les
1950 1549 167 54 paroles
2143 1549 105 41 d'un
2272 1550 91 39 vrai

613 1625 41 33 et
675 1617 190 40 honnête
890 1618 231 49 musicien,
1155 1626 40 33 et
1228 1632 110 27 nous
1375 1633 53 27 ne
1455 1621 199 40 saurions
1681 1628 95 47 trop
1806 1622 180 41 féliciter
2014 1631 123 32 notre
2170 1626 194 38 confrère

612 1689 166 40 d'avoir
799 1690 204 54 exprimé,
1018 1704 101 27 avec
1142 1699 96 33 tant
1258 1693 50 39 de
1328 1694 159 39 netteté
1505 1703 40 30 et
1565 1693 51 41 de
1638 1695 266 48 conviction,
1923 1696 58 40 les
2003 1696 114 40 idées
2150 1710 84 40 que
2255 1710 111 30 nous

609 1775 132 28 avons
764 1765 276 39 nous-même
1062 1764 233 42 défendues
1317 1766 33 40 si
1373 1776 186 31 souvent
1579 1767 109 40 dans
1710 1782 45 27 ce
1771 1768 192 53 journal.

664 1835 281 42 Maintenant
984 1851 84 40 que
1103 1837 40 42 la
1176 1839 239 54 profession
1451 1840 51 40 de
1533 1840 58 41 foi
1623 1841 51 40 de
1703 1842 189 42 l'auteur
1932 1856 111 28 nous
2079 1851 62 35 est
2176 1857 189 43 connue,

607 1908 139 54 jetons
769 1923 60 27 un
851 1909 146 55 rapide
1018 1924 111 42 coup
1151 1912 208 42 d'œilsur
1378 1914 39 40 le
1439 1915 161 40 nouvel
1621 1928 190 41 ouvrage
1832 1916 108 55 qu'il
1961 1931 111 28 nous
2096 1919 211 54 présente.

668 1982 58 41 Le
764 1983 186 55 premier
973 1985 177 41 volume
1185 1987 146 40 réunit
1362 1987 59 40 les
1459 1997 192 46 comptes
1680 1989 161 42 rendus
1874 1990 71 41 des
1972 2006 171 28 œuvres
2171 1993 195 55 lyriques

610 2058 290 52 représentées
929 2058 155 54 depuis
1105 2060 112 40 deux
1239 2074 76 27 ans
1338 2068 40 34 et
1399 2075 107 27 ceux
1528 2062 50 41 de
1601 2063 212 56 quelques
1835 2063 335 45 chefs-d'œuvre
2192 2068 131 40 remis
2344 2072 23 38 à

608 2129 40 40 la
671 2132 124 39 scène
816 2143 57 27 ou
895 2132 197 40 exécutés
1120 2132 108 41 dans
1258 2133 60 41 les
1347 2143 209 45 concerts,
1580 2135 111 42 ainsi
1725 2150 86 42 que
1838 2137 72 42 des
1939 2140 318 55 appréciations
2291 2155 75 27 sur

607 2203 320 55 quelques-uns
959 2205 71 40 des
1060 2208 178 39 maîtres
1271 2209 367 54 contemporains.
1669 2209 81 42 Ces
1784 2225 128 41 pages
1947 2221 98 33 sont
2074 2214 82 41 fort
2188 2214 157 42 intéres-

609 2284 141 34 santes
776 2290 7 27 :
810 2277 98 41 elles
930 2277 263 45 renferment
1213 2280 71 41 des
1307 2295 177 44 aperçus
1506 2283 236 55 ingénieux
1762 2293 42 33 et
1829 2286 74 41 des
1924 2287 211 56 critiques
2155 2289 76 54 qui
2254 2303 112 27 nous

609 2350 239 55 paraissent
880 2352 199 53 toujours
1102 2353 189 51 fondées,
1317 2356 102 41 sauf
1435 2370 53 27 en
1517 2371 47 27 ce
1597 2358 77 54 qui
1702 2372 212 29 concerne
1934 2359 197 56 Wagner
2155 2371 41 32 et
2225 2362 113 42 Schu-

609 2437 150 38 mann,
783 2427 120 51 après
936 2425 187 56 lesquels
1149 2428 64 40 M.
1232 2427 50 42 de
1312 2428 223 43 Charnacé
1566 2445 53 27 ne
1655 2445 111 29 cesse
1798 2433 51 41 de
1871 2434 243 41 s'acharner
2143 2449 103 28 avec
2278 2450 86 27 une

609 2496 241 41 acrimonie
872 2505 41 33 et
936 2512 85 27 une
1045 2500 189 54 passion,
1258 2501 77 55 qui
1355 2502 178 43 nuisent
1551 2505 159 54 parfois
1731 2509 23 38 à
1775 2506 39 41 la
1838 2507 213 43 rectitude
2073 2509 51 41 de
2147 2522 77 28 son
2244 2509 96 55 juge-

607 2580 134 32 ment.

663 2644 59 41 Le
755 2647 157 40 second
932 2647 176 42 volume
1142 2656 62 34 est
1235 2653 201 39 consacré
1468 2661 96 33 tout
1594 2655 139 40 entier
1753 2658 23 38 à
1802 2656 41 40 la
1872 2656 247 42 traduction
2152 2658 52 40 de
2239 2660 101 52 quel-

604 2731 106 41 ques
739 2719 236 55 fragments
993 2722 74 41 des
1092 2736 170 28 œuvres
1286 2724 205 56 critiques
1517 2727 51 41 de
1584 2728 197 54 Wagner
1794 2729 318 54 (Gesammelte
2133 2731 231 57 Schriften

606 2792 90 40 und
714 2793 285 57 dichtungen)
1011 2829 8 9 .
1049 2796 81 41 Ces
1158 2797 235 54 fragments
1427 2810 99 33 sont
1550 2801 59 41 les
1641 2803 198 41 suivants
1866 2816 9 30 :
1907 2819 12 25 i
1929 2810 14 17 e
1964 2806 94 40 Sur
2088 2806 45 41 la
2166 2808 200 54 musique

606 2867 266 42 allemande.
967 2883 22 27 2
997 2877 16 21 0
1033 2872 95 39 Sur
1150 2872 15 39 l
1181 2881 239 34 cuverture
1425 2907 9 10 .
1537 2877 39 40 3°
1601 2877 68 42 De
1693 2877 45 41 la
1764 2878 221 42 direction
2010 2880 55 40 de
2089 2881 273 45 Vorchestre.

605 2954 101 40 4
708 2947 14 16 0
738 2941 192 55 L'opéra
955 2951 41 33 et
1015 2946 40 38 le
1075 2945 155 41 drame
1255 2946 34 55 (i
1301 2953 27 17 re
1345 2949 170 54 partie).
1531 2950 49 40 Je
1602 2950 86 41 n'ai
1708 2965 74 41 pas
1803 2952 147 40 besoin
1971 2953 53 41 de
2042 2954 106 41 faire
2167 2956 198 40 ressortir

604 3013 303 56 l'importance
936 3017 50 40 de
1018 3025 108 35 cette
1156 3020 251 42 traduction
1442 3023 77 53 qui
1548 3032 232 45 permettra
1815 3039 55 27 au
1897 3027 151 54 public
2076 3029 52 40 de
2156 3042 43 28 se
2236 3029 103 41 fami-

606 3087 165 41 liariser
807 3103 100 27 avec
947 3091 73 40 des
1055 3100 183 33 travaux
1274 3094 288 56 d'esthétique
1595 3098 212 41 musicale
1847 3102 316 41 extrêmement
2198 3117 138 28 remar-

600 3162 181 52 quables
811 3171 42 33 et
889 3164 78 54 qui
1004 3164 64 42 lui
1097 3166 161 42 étaient
1291 3168 218 42 inconnus
1544 3170 222 55 jusqu'ici.
1799 3172 73 42 On
1904 3175 118 54 parle
2050 3177 236 42 volontiers
2312 3179 52 41 de

604 3232 194 55 Wagner
815 3244 41 33 et
877 3237 50 40 de
950 3252 77 27 son
1050 3243 203 52 système,
1283 3243 128 55 mais,
1434 3244 140 54 parmi
1598 3253 98 33 tous
1725 3259 67 28 ces
1820 3248 212 42 aimables
2065 3250 295 54 discoureurs,

604 3307 76 52 qui
710 3309 167 42 foulent
898 3325 85 27 aux
1006 3312 118 55 pieds
1146 3328 57 27 ou
1236 3316 76 55 qui
1334 3318 191 41 exaltent
1559 3318 235 55 jusqu'aux
1827 3336 107 28 nues
1957 3324 37 40 le
2024 3340 22 23 «
2070 3325 208 55 prophète
2310 3328 51 39 de

603 3380 39 39 la
675 3382 201 55 musique
909 3385 51 41 de
985 3387 197 56 l'avenir,
1207 3406 18 22 »
1251 3392 199 42 combien
1479 3407 83 41 peu
1595 3395 280 44 connaissent
1895 3399 221 42 vraiment
2142 3400 60 41 les
2229 3415 103 40 ques-

603 3461 15 33 t
641 3466 81 27 ons
744 3457 130 52 qu'ils
896 3460 232 42 tranchent
1148 3476 103 29 avec
1274 3479 85 28 une
1387 3467 33 40 si
1449 3467 254 44 charmante
1727 3469 314 45 désinvolture.
2078 3474 280 43 Malheureu-
