2644 4125
1195 392 78 41 LA
1305 386 389 52 CHRONIQUE
1726 384 321 43 MUSICALE

734 392 56 42 62

735 557 144 33 sautât
893 548 109 42 dans
1020 548 343 51 l'embarcation,
1379 561 87 27 aux
1487 543 312 44 acclamations
1819 543 51 40 de
1889 541 40 42 la
1952 541 117 42 foule
2091 548 40 33 et
2148 541 86 54 prît
2255 553 45 27 ce
2321 538 178 57 jour-là,

736 623 106 54 quoi
865 623 111 55 qu'il
999 637 52 27 en
1074 625 90 52 eût,
1187 636 43 27 sa
1247 630 96 48 part
1363 622 50 40 de
1433 621 40 41 la
1495 619 248 58 popularité
1766 618 50 40 de
1834 618 39 40 la
1895 616 236 42 Malibran.

791 719 39 38 A
862 717 173 49 Venise,
1070 717 108 40 dans
1206 717 40 40 la
1280 714 303 43 Sonnambula
1592 746 9 21 ,
1627 713 38 41 le
1703 713 139 48 ténor,
1882 710 155 55 chargé
2064 712 60 38 du
2164 707 91 41 rôle
2276 706 221 52 d'Llvino,

735 799 62 31 est
823 790 100 41 saisi
950 791 106 40 d'un
1094 790 305 41 tremblement
1421 801 9 29 :
1458 788 30 40 il
1528 801 53 27 ne
1605 794 102 47 peut
1743 785 183 41 chanter
1957 785 26 40 Y
1988 783 64 42 air
2078 802 7 23 :
2117 783 94 41 Son
2232 781 160 56 geloso
2428 781 73 40 del

735 863 158 52 Zefiro
916 870 184 35 errante
1107 896 7 9 .
1143 863 139 40 Marie
1307 861 157 42 chante
1485 861 58 40 les
1566 860 113 40 deux
1702 858 161 55 parties
1884 866 40 32 et
1947 857 78 41 fait
2047 870 59 27 un
2123 855 66 41 air
2204 856 59 40 du
2285 853 105 42 duo.

790 955 244 42 Continuer
1061 960 23 36 à
1107 955 162 40 décrire
1294 953 222 42 l'émotion
1546 952 156 54 qu'elle
1724 964 223 42 provoque
1983 955 24 35 à
2034 949 160 41 Venise
2228 946 273 42 deviendrait

733 1028 247 42 fastidieux.
1006 1028 229 40 Affluence
1252 1026 281 53 torrentielle,
1554 1038 263 37 couronnes,
1842 1023 148 49 fleurs,
2016 1021 166 42 feuilles
2210 1021 92 41 d'or
2324 1028 42 33 et
2387 1021 88 40 d'ar-

734 1111 119 44 gent,
894 1102 220 41 colombes
1153 1101 163 40 lâchées
1352 1100 108 40 dans
1499 1100 38 40 la
1574 1098 118 51 salle,
1735 1096 283 56 députations
2058 1096 52 40 de
2142 1096 41 40 la
2222 1094 277 56 population,

733 1184 96 32 tout
852 1188 202 28 consacra
1081 1183 108 33 cette
1212 1173 199 55 dynastie
1434 1173 50 39 de
1503 1170 373 43 l'enthousiasme.
1910 1170 115 40 Mais
2060 1180 109 31 cette
2193 1169 200 41 médaille
2425 1178 74 32 eut

734 1262 61 26 un
825 1256 196 33 moment
1044 1261 59 27 un
1128 1261 156 26 revers.
1310 1246 74 40 Un
1411 1245 101 53 soir,
1612 1245 141 40 c'était
1777 1258 156 27 encore
1961 1247 123 52 après
2115 1258 87 26 une
2230 1244 246 54 représenta-

733 1320 94 42 tion
856 1321 50 41 de
926 1321 41 41 la
992 1321 309 41 Sonnambula
1311 1354 9 20 ,
1338 1324 23 37 à
1384 1320 39 40 la
1458 1319 111 41 suite
1588 1319 105 41 d'un
1715 1319 52 41 de
1788 1332 63 27 ses
1874 1318 243 56 triomphes
2138 1323 58 36 où
2220 1317 38 41 le
2281 1317 136 41 délire
2438 1317 59 42 du

733 1395 147 55 public
919 1395 104 42 était
1053 1395 91 42 seul
1174 1409 56 28 au
1263 1395 159 40 niveau
1467 1395 73 40 des
1576 1393 288 56 inspirations
1905 1392 233 42 fiévreuses
2179 1391 54 42 de
2277 1392 40 42 la
2347 1400 126 34 canta-

733 1470 120 53 trice,
967 1479 185 46 prenant
1191 1470 95 41 l'air
1324 1474 99 37 àsa
1458 1469 177 53 fenêtre,
1668 1468 76 42 elle
1787 1468 65 41 vit
1888 1482 87 27 une
2008 1468 167 55 barque
2206 1467 292 56 s'approcher.

736 1545 60 40 Le
823 1543 226 54 gondolier
1078 1544 169 41 s'arrête
1278 1557 55 27 au
1357 1543 98 54 pied
1476 1543 59 40 du
1560 1543 155 41 balcon
1744 1552 41 32 et
1808 1543 158 42 chante
1988 1556 88 28 une
2098 1540 255 55 barcarolle,
2389 1541 109 42 dont

737 1618 59 40 les
813 1618 166 54 paroles
1001 1618 161 40 étaient
1184 1617 262 41 insultantes
1472 1631 110 39 pour
1608 1617 154 41 Marie.
1791 1618 265 55 Répondant
2078 1632 75 26 sur
2175 1618 38 40 le
2236 1618 144 40 même
2403 1626 92 46 ton,

733 1705 102 27 avec
877 1700 109 32 cette
1023 1691 99 41 vive
1143 1691 156 41 facilité
1327 1690 381 55 d'improvisation
1742 1691 78 54 qui
1860 1691 63 41 lui
1957 1691 144 41 faisait
2134 1691 135 40 écrire
2291 1704 54 27 en
2379 1691 98 54 quel-

738 1780 106 40 ques
865 1766 189 40 minutes
1075 1766 40 40 la
1136 1766 127 40 veille
1286 1779 85 27 une
1392 1766 219 54 gracieuse
1639 1780 205 28 romance
1867 1781 111 41 pour
2006 1781 78 27 son
2109 1766 106 54 ami,
2239 1766 37 41 le
2300 1767 200 54 marquis

731 1839 51 41 de
809 1839 216 55 Louvois,
1066 1839 80 42 elle
1178 1839 161 56 riposte
1361 1854 77 41 par
1459 1840 39 41 le
1521 1841 141 40 même
1703 1842 185 40 nombre
1929 1841 51 41 de
2010 1841 224 55 couplets,
2266 1840 178 54 lançant
2477 1845 23 37 à

730 1913 172 55 chaque
924 1914 178 55 strophe
1124 1914 72 41 des
1212 1914 139 55 pièces
1365 1914 52 41 de
1439 1914 209 41 monnaie
1667 1915 156 55 qu'elle
1842 1915 276 56 enveloppait
2139 1915 111 41 dans
2268 1915 60 40 du
2352 1914 149 56 papier

730 1987 262 55 enflammé,
1017 1988 86 41 afin
1130 2002 100 40 que,
1255 2002 75 27 sur
1352 1989 41 41 la
1415 1989 177 53 lagune,
1617 1989 38 41 le
1677 1989 215 43 chanteur
1916 1992 80 53 pût
2022 1990 61 40 les
2114 1998 227 32 retrouver
2366 1998 41 32 et
2441 1989 59 41 les

733 2074 226 31 ramasser.

790 2149 271 42 L'insulteur
1095 2162 192 29 ramassa
1329 2149 195 56 l'argent,
1566 2164 43 28 se
1642 2159 98 45 tut,
1780 2159 199 35 remonta
2015 2151 108 43 dans
2161 2164 45 29 sa
2257 2152 164 55 barque
2456 2159 39 35 et

732 2222 220 55 s'éloigna.

783 2309 65 41 De
866 2309 173 51 Venise,
1064 2311 80 41 elle
1166 2324 42 28 se
1244 2312 141 41 rendit
1412 2317 23 37 à
1461 2312 217 53 Londres,
1713 2313 51 41 de
1791 2312 210 54 Londres,
2036 2313 81 43 elle
2147 2314 145 42 revint
2321 2320 24 37 à
2377 2312 85 44 Luc-

730 2397 130 42 ques,
895 2385 51 39 de
981 2385 220 54 Lucques,
1225 2390 23 36 à
1290 2385 161 54 Milan,
1494 2400 89 27 non
1606 2401 99 27 sans
1745 2387 249 52 difficultés,
2095 2400 71 30 car
2203 2390 75 40 des
2309 2390 186 40 cordons

729 2457 226 43 sanitaires
986 2459 160 40 étaient
1172 2460 138 40 tracés
1331 2473 54 28 en
1413 2460 137 43 Italie.
1589 2462 60 40 Le
1675 2462 173 41 choléra
1871 2470 135 47 ayant
2028 2463 135 42 éclaté
2194 2468 23 37 à

732 2533 78 40 elle
847 2532 81 42 dut
949 2546 142 42 passer
1110 2546 76 43 par
1206 2533 73 42 des
1301 2543 281 47 montagnes,
1605 2541 57 36 où
1704 2550 60 28 un
1789 2537 146 55 guide,
1971 2540 152 40 monté
2154 2553 77 27 sur
2253 2553 63 27 un
2349 2540 151 41 cheval

1006 2608 150 41 tomba
1192 2615 41 34 et
1254 2622 42 27 se
1321 2609 148 43 blessa.
1507 2610 95 42 Elle
1623 2611 39 41 le
1684 2625 138 42 pansa
1855 2611 264 55 elle-même,
2157 2614 65 41 lui
2252 2614 148 41 donna
2422 2627 78 28 son

729 2681 149 41 cheval
900 2690 40 33 et
957 2681 89 56 prit
1075 2682 200 42 l'animal
1297 2683 303 56 indomptable
1631 2686 159 54 qu'elle
1814 2695 71 33 sut
1907 2686 227 43 conduire.
2165 2688 137 42 Hélas
2321 2693 9 38 !
2354 2689 144 41 c'était

729 2769 44 27 sa
790 2755 193 42 dernière
1004 2756 285 55 imprudence
1312 2757 214 43 heureuse
1547 2764 7 37 !

783 2845 39 38 A
846 2843 160 53 Milan,
1025 2858 235 28 nouveaux
1279 2845 170 43 délires.
1474 2847 95 41 Elle
1591 2861 29 42 y
1637 2849 94 41 crée
1747 2849 40 41 la
1808 2848 159 42 Maria
1990 2848 204 43 Stuarda
2204 2883 8 19 ,
2239 2848 129 44 écrite
2389 2861 111 45 pour

728 2917 78 41 elle
834 2930 77 43 par
934 2915 242 47 Donizetti.
1216 2919 183 57 L'opéra
1435 2921 184 56 réussit;
1643 2923 111 41 mais
1787 2924 73 41 des
1891 2924 219 41 allusions
2137 2925 241 56 politiques
2401 2934 96 47 trop

727 2991 246 55 soulignées
994 3007 75 41 par
1088 2993 190 42 l'actrice
1300 2994 39 41 le
1355 2994 131 43 firent
1508 2998 251 54 suspendre.
1787 2998 118 41 C'est
1926 3003 23 36 à
1980 2999 144 41 Milan
2154 3013 87 42 que
2276 2999 219 44 l'enthou-

925 3067 77 55 qui
1025 3081 54 27 ne
1101 3067 63 42 lui
1190 3069 143 42 faisait
1350 3069 150 43 défaut
1520 3072 122 41 nulle
1794 3073 172 55 prenait
1987 3087 113 42 pour
2121 3075 82 41 elle
2222 3075 40 41 le
2283 3079 216 39 caractère

728 3144 23 37 à
773 3141 40 41 la
837 3140 80 42 fois
939 3142 38 40 le
990 3142 98 56 plus
1108 3142 65 42 vif
1187 3152 40 33 et
1242 3144 37 40 le
1298 3144 97 55 plus
1418 3145 221 46 raisonné.
1664 3147 72 42 On
1753 3149 139 54 parait
1914 3151 23 38 à
1957 3148 211 50 l'avance,
2186 3150 110 41 dans
2317 3151 41 41 la
2378 3151 119 54 salles

727 3213 59 42 les
808 3215 115 54 loges
959 3217 50 40 de
1040 3216 254 55 guirlandes
1322 3227 40 34 et
1398 3220 218 56 bouquets
1646 3222 93 55 qui,
1773 3237 56 27 au
1852 3233 200 32 moment
2083 3228 57 37 où
2166 3224 188 43 l'actrice
2377 3239 122 42 repa-

960 3294 122 51 après
1114 3292 38 40 la
1192 3293 360 55 représentation,
1591 3296 248 42 tombaient
1861 3300 23 39 à
1919 3312 63 27 ses
2005 3298 137 56 pieds.
2173 3299 82 43 Ces
2291 3300 133 41 fleurs
2458 3299 39 41 la

730 3363 337 52 poursuivaient
1100 3380 73 27 sur
1201 3382 45 26 sa
1268 3377 143 46 route,
1435 3383 87 28 une
1544 3370 80 42 lois
1646 3371 38 41 le
1705 3372 208 55 spectacle
1936 3372 98 52 fini,
2065 3373 109 42 dans
2199 3375 38 41 la
2262 3375 103 41 ville
2388 3375 86 41 illu-

730 3435 143 43 minée
893 3445 40 34 et
953 3443 59 37 où
1042 3442 266 43 retentissait
1329 3444 42 42 la
1394 3445 208 55 musique
1630 3446 219 44 militaire.
1879 3448 62 42 La
1964 3450 158 42 société
2152 3450 40 42 la
2228 3450 269 42 recherchait
