2644 4125
1236 477 78 40 LA
1345 472 384 51 CHRONIQUE
1763 469 317 43 MUSICALE

773 475 60 44 60

772 630 24 37 à
821 627 84 40 San
926 625 139 51 Carlo,
1093 626 57 40 les
1167 625 190 40 abonnés
1374 623 50 41 de
1439 630 109 34 cette
1568 622 162 55 grande
1751 622 123 41 scène
1898 620 62 41 lui
1983 618 233 56 gardèrent
2238 628 212 29 rancune.
2472 616 51 42 Sa

776 700 207 55 première
1000 700 164 40 rentrée
1180 712 40 26 se
1238 697 216 55 produisit
1471 711 60 27 un
1547 696 95 54 jour
1655 696 52 41 de
1720 696 111 54 gala,
1847 703 55 44 et,
1919 708 110 41 pour
2052 691 202 56 conjurer
2270 691 38 40 le
2330 690 196 41 mauvais

774 781 87 33 sort
877 773 106 41 dont
1004 785 42 28 se
1060 773 288 54 préoccupent
1362 770 59 40 les
1442 769 296 54 Napolitains,
1762 769 81 40 elle
1862 781 51 27 ne
1932 766 100 54 joua
2051 780 77 42 pas
2145 765 37 41 le
2199 763 221 42 troisième
2439 771 87 33 acte

775 848 26 38 d
806 846 162 41 'Otello
985 846 92 53 qui,
1102 858 99 27 avec
1222 845 96 52 elle,
1339 841 283 55 transportait
1643 842 37 39 le
1702 842 99 54 plus
1822 842 40 39 la
1885 841 119 41 salle.
2030 839 74 42 On
2124 837 159 42 s'irrita
2305 837 51 40 de
2378 836 39 40 la
2432 837 94 40 voir

776 933 42 26 se
838 920 157 53 grimer
1018 918 107 40 dans
1158 916 199 41 Fidalma
1385 915 88 40 dll
1493 914 301 42 Matrimonio
1801 945 8 9 .
1841 912 151 53 Enfin,
2027 920 99 32 tous
2159 912 57 39 les
2239 910 150 54 opéras
2411 922 86 27 com-

776 994 122 53 posés
919 1006 109 41 pour
1049 991 77 41 elle
1147 990 161 41 durant
1336 1003 62 26 ses
1420 989 222 40 différents
1664 987 160 54 séjours
1844 986 111 41 dans
1976 986 41 40 la
2039 984 185 54 capitale
2244 998 7 26 :
2279 985 28 39 Y
2311 983 147 52 Irène,
2476 985 49 40 de

778 1065 148 41 Pacini
962 1065 134 54 (dans
1127 1071 67 33 cet
1216 1063 152 54 opéra,
1392 1062 78 40 elle
1497 1061 158 40 chanta
1692 1074 60 27 un
1779 1060 90 40 duo
1900 1072 101 27 avec
2032 1072 44 27 sa
2097 1058 130 54 jeune
2260 1070 116 28 sœur
2413 1057 85 41 Pau-

774 1139 100 50 line,
900 1138 77 54 qui
1001 1138 156 53 depuis
1177 1136 145 40 devait
1343 1135 242 40 maintenir
1604 1138 23 36 à
1664 1134 41 41 la
1729 1135 140 39 même
1889 1133 188 42 hauteur
2105 1146 46 26 ce
2175 1132 139 54 grand
2350 1145 103 27 nom
2477 1133 49 41 de

780 1211 186 51 Garcia),
985 1212 65 38 La
1068 1210 164 53 Figlia
1255 1210 74 40 del
1348 1210 115 39 Aria
1470 1241 10 16 ,
1504 1208 51 40 de
1577 1207 174 53 Coccia,
1778 1206 230 51 ïAmélia,
2034 1207 51 40 de
2107 1206 146 54 Rossi,
2269 1207 256 41 tombèrent.

777 1283 75 52 Là,
879 1297 61 27 un
962 1283 272 54 enfantillage
1256 1283 106 40 delà
1387 1283 219 40 Malibran
1627 1281 228 42 contribua
1871 1295 154 26 encore
2042 1284 24 37 à
2087 1288 338 47 compromettre
2448 1295 76 27 son

772 1358 168 49 succès;
978 1357 106 42 dans
1110 1356 221 50 VAmélia,
1354 1356 77 42 elle
1456 1357 158 41 voulut
1639 1356 156 41 danser
1825 1356 39 41 la
1898 1355 238 42 mazourka
2170 1362 41 34 et
2241 1355 80 41 elle
2351 1354 175 42 dansait

773 1431 104 43 mal.

827 1504 328 42 Enthousiastes
1178 1505 50 41 de
1252 1505 175 54 Bellini,
1451 1505 59 41 les
1533 1504 280 55 Napolitains
1848 1517 42 28 se
1927 1504 298 55 choquèrent,
2250 1511 41 33 et
2314 1504 211 54 peut-être

774 1577 301 41 n'avaient-ils
1097 1592 74 40 pas
1194 1587 97 31 tout
1314 1583 24 35 à
1361 1578 76 40 fait
1463 1587 100 42 tort,
1585 1577 251 41 d'entendre
1860 1578 39 40 la
1924 1578 221 40 Malibran
2171 1577 230 41 intercaler
2421 1577 106 40 dans

773 1651 59 40 les
853 1652 150 53 opéras
1023 1651 52 40 de
1096 1665 45 26 ce
1160 1655 124 50 poète
1304 1651 175 54 lyrique
1500 1652 72 39 des
1593 1651 86 40 airs
1700 1651 51 40 de
1780 1651 278 40 Mercadante
2095 1658 41 33 et
2159 1651 51 40 de
2243 1651 174 51 Vaccaï,
2450 1651 76 54 qui

772 1723 202 41 faisaient
997 1724 146 40 briller
1160 1738 44 26 sa
1219 1724 115 41 voix.
1356 1725 57 39 Ils
1435 1738 54 26 ne
1508 1724 323 54 pardonnèrent
1853 1737 74 41 pas
1947 1731 174 34 surtout
2137 1725 135 53 qu'on
2290 1725 97 40 leur
2405 1737 92 27 mon-

772 1798 83 38 trât
875 1796 106 40 dans
996 1798 31 36 I
1042 1797 227 53 Capuletti
1284 1796 39 41 la
1340 1810 156 41 pompe
1513 1796 183 41 funèbre
1716 1797 104 40 d'un
1844 1804 305 34 enterrement.
2170 1798 60 40 Le
2249 1796 278 43 froissement

771 1869 71 40 des
862 1869 114 40 idées
1006 1869 263 55 religieuses,
1292 1870 40 41 la
1354 1884 107 41 peur
1482 1870 59 41 du
1572 1871 165 41 cattivo
1766 1872 200 54 augurio
1989 1871 48 41 fit
2059 1871 157 41 éclater
2237 1871 39 41 le
2299 1871 150 55 public
2472 1885 52 26 en

771 1956 246 28 murmures
1039 1951 40 33 et
1098 1957 53 27 en
1174 1944 122 54 signe
1317 1944 338 55 d'improbation
1680 1945 96 54 plus
1797 1944 97 52 vifs,
1918 1944 76 55 qui
2015 1945 335 54 n'épargnèrent
2390 1959 75 40 pas
2487 1945 38 41 la

771 2017 162 52 grande
955 2018 156 39 actrice
1132 2018 263 41 elle-même.

828 2092 165 54 Malgré
1014 2099 112 44 tout,
1148 2092 40 41 la
1211 2092 217 41 Malibran
1453 2095 116 39 avait
1594 2092 81 41 fini
1708 2107 75 41 par
1805 2093 218 56 dompter,
2050 2108 76 41 par
2167 2095 223 41 entraîner
2425 2108 100 27 avec

771 2165 78 40 elle
873 2166 37 40 le
932 2165 150 55 public
1101 2165 103 41 rétif
1222 2180 10 37 ;
1257 2166 125 53 mais,
1400 2171 23 35 à
1446 2167 40 39 la
1516 2166 127 41 veille
1663 2167 52 40 de
1736 2170 189 52 paraître
1945 2168 109 41 dans
2085 2182 61 26 un
2168 2170 130 53 opéra
2323 2182 201 28 nouveau

770 2238 52 40 de
847 2239 165 51 Pacini,
1040 2239 45 40 Il
1120 2239 232 41 Colonelle*
1366 2273 10 20 ,
1399 2253 63 27 ses
1491 2243 145 38 succès
1673 2241 145 40 furent
1846 2243 159 40 arrêtés
2028 2256 77 41 par
2126 2256 87 27 une
2248 2242 168 41 fatalité
2437 2242 65 41 for-

771 2311 126 41 tuite.
927 2311 35 40 Il
983 2313 204 40 semblait
1208 2313 104 41 écrit
1333 2326 84 41 que
1437 2313 59 40 les
1518 2313 196 41 chevaux
1735 2314 201 41 devaient
1957 2314 200 52 toujours
2180 2316 86 40 être
2290 2316 190 40 funestes
2501 2320 23 36 à

772 2384 140 41 Marie
933 2389 8 37 !
970 2386 58 39 Le
1049 2385 231 41 dimanche
1300 2400 98 40 gras
1419 2386 51 40 de
1500 2387 127 53 1835,
1651 2387 79 41 elle
1754 2388 126 41 allait
1900 2389 125 40 dîner
2043 2389 104 40 chez
2168 2389 41 40 la
2228 2390 223 54 marquise
2475 2390 49 39 de

772 2457 224 55 Lagrange
1019 2471 10 38 ;
1054 2473 45 26 sa
1124 2459 169 40 calèche
1314 2460 136 54 légère
1471 2460 116 42 avait
1604 2461 52 40 de
1674 2461 38 41 la
1735 2462 127 54 peine
1882 2466 23 36 à
1929 2462 147 41 fendre
2097 2463 40 40 la
2163 2463 130 41 foule.
2322 2463 75 41 Un
2420 2476 102 42 porc

769 2532 133 52 qu'on
924 2532 119 41 allait
1072 2533 174 53 égorger
1268 2533 226 55 s'échappa
1518 2534 72 40 des
1613 2535 144 40 mains
1787 2535 52 41 de
1861 2549 63 28 ses
1964 2537 264 52 bourreaux,
2265 2546 126 32 sauta
2430 2551 69 42 par-

766 2605 147 40 dessus
933 2605 39 40 la
993 2605 178 42 flamme
1189 2606 60 41 du
1271 2607 163 40 bûcher
1454 2612 57 35 où
1534 2608 89 40 l'on
1646 2608 124 41 allait
1791 2608 38 41 le
1847 2608 118 55 jeter,
1990 2619 42 32 et
2056 2610 162 55 effrayé
2250 2626 78 40 par
2350 2612 60 40 les
2435 2612 84 40 cris

766 2678 226 40 furibonds
1010 2678 73 41 des
1114 2679 208 55 pêcheurs
1343 2692 40 29 ei
1404 2681 72 39 des
1515 2682 231 52 lazzaroni,
1773 2683 97 40 vint
1904 2697 43 26 se
1976 2697 97 28 ruer
2099 2685 107 40 dans
2230 2687 58 39 les
2326 2685 118 55 pieds
2474 2685 50 41 de

764 2751 211 54 l'attelage
995 2751 51 40 de
1068 2753 40 40 la
1129 2752 171 41 voiture
1321 2753 50 40 de
1392 2754 40 40 la
1446 2755 161 53 grande
1622 2756 166 41 artiste.
1811 2757 148 41 Moins
1978 2758 213 54 effrayant
2206 2772 87 41 que
2314 2760 36 40 le
2373 2774 119 27 mons-

765 2833 63 31 tre
849 2825 59 40 du
931 2824 104 41 récit
1056 2825 52 40 de
1129 2826 289 53 Théramène,
1441 2841 44 27 ce
1507 2829 188 54 sanglier
1715 2831 197 52 vulgaire
1934 2831 131 40 faillit
2087 2833 205 53 produire
2317 2848 63 26 un
2404 2833 115 41 aussi

766 2897 174 41 terrible
962 2899 193 40 résultat.
1184 2899 79 40 Les
1287 2915 17 22 «
1329 2900 213 41 coursiers
1562 2918 19 20 »
1605 2902 167 54 prirent
1795 2904 38 40 le
1867 2918 119 26 mors
2008 2919 85 27 aux
2115 2906 147 53 dents,
2288 2908 37 40 la
2348 2908 171 41 voiture

766 2972 64 40 fut
851 2972 218 52 culbutée,
1089 2972 139 40 Marie
1250 2981 74 31 eut
1336 2973 38 40 le
1395 2974 136 41 coude
1549 2984 40 31 et
1609 2975 37 40 le
1665 2977 178 53 poignet
1859 2977 154 42 foulés.
2037 2979 74 41 Un
2128 2981 195 41 médecin
2342 2981 181 54 français

764 3045 77 54 qui
865 3058 41 27 se
936 3053 153 33 trouva
1112 3046 55 51 là,
1191 3046 58 40 les
1265 3046 63 41 lui
1352 3055 148 42 remet,
1526 3055 41 33 et
1588 3049 194 54 pendant
1804 3051 273 55 l'opération,
2101 3057 85 37 très
2208 3055 312 53 douloureuse,

764 3118 78 40 elle
872 3119 186 56 répétait
1094 3133 56 27 au
1182 3120 179 42 docteur
1385 3134 9 29 :
1422 3137 17 21 «
1463 3122 184 42 Surtout
1680 3137 54 27 ne
1754 3124 109 41 dites
1884 3139 75 41 pas
1989 3130 23 38 à
2042 3127 181 43 Charles
2256 3130 202 41 combien
2482 3131 39 51 je

762 3192 171 41 souffre.
958 3209 22 22 »

820 3265 59 40 Le
899 3265 246 43 lendemain
1167 3268 51 40 de
1240 3268 242 54 l'accident,
1507 3270 38 42 le
1568 3272 96 42 bras
1697 3273 232 42 maintenu
1955 3289 75 41 par
2053 3290 61 27 un
2138 3278 198 54 appareil
2357 3279 52 41 de
2432 3279 63 41 fer-

764 3337 139 53 blanc,
927 3339 80 41 elle
1040 3349 73 33 eut
1149 3342 39 40 le
1222 3356 185 41 courage
1446 3345 262 43 surhumain
1731 3348 52 40 de
1816 3348 181 42 chanter
2021 3350 104 56 Ine\
2148 3351 56 41 de
2237 3353 180 44 Castro.
2464 3353 56 40 Le

762 3410 97 40 bras
880 3412 80 39 dut
980 3415 335 42 naturellement
1337 3431 53 27 ne
1412 3418 99 55 plus
1531 3419 124 41 obéir
1674 3424 23 37 à
1720 3422 41 41 la
1797 3421 210 43 fiévreuse
2028 3424 180 42 activité
2228 3426 51 41 de
2310 3427 205 43 l'actrice,

759 3492 41 31 et
834 3484 209 55 quelques
1077 3487 117 52 jours
1214 3492 136 52 après,
1385 3491 200 43 utilisant
1605 3493 172 56 jusqu'à
1819 3509 63 28 ses
1923 3497 264 43 souffrances
2218 3514 56 28 au
2312 3501 132 54 profit
2469 3501 50 39 de
