2644 4125
892 448 302 41 FESTIVAL
1228 446 345 42 D'AVIGNON

2054 450 55 44 65

345 588 49 38 de
416 591 132 40 G.-F.
584 595 165 48 Imbert,
769 594 171 37 chantée
961 597 22 33 à
1006 593 156 37 l'Hôtel
1181 593 48 36 de
1252 592 107 37 Ville
1387 604 71 37 par
1482 591 58 38 les
1565 591 132 38 élèves
1719 593 55 36 du
1801 595 315 38 Conservatoire

345 651 233 52 d'Avignon
600 667 95 25 sous
717 656 36 36 la
775 655 202 37 direction
997 655 48 36 de
1070 655 57 37 M.
1153 654 123 39 G.-F.
1308 655 167 37 Imbert.

397 715 180 38 Concert
599 729 67 24 sur
688 716 37 37 la
750 716 111 49 place
884 716 49 37 de
960 716 231 49 l'Horloge,
1216 728 71 37 par
1308 716 36 37 la
1366 717 189 50 musique
1578 718 70 37 des
1669 718 285 49 pontonniers.

398 784 162 37 Grande
584 784 163 37 retraite
769 797 79 24 aux
880 784 232 37 flambeaux
1136 784 273 47 (Pécoulado),
1435 798 70 37 par
1537 786 58 38 les
1620 786 210 50 musiques
1853 786 266 50 municipales

346 852 40 30 et
408 846 53 36 du
487 846 199 47 régiment
708 846 69 36 des
796 845 283 50 pontonniers.

398 906 225 37 Dimanche
652 921 42 34 19
710 906 146 51 juillet,
881 905 21 39 à
921 907 91 37 huit
1034 908 148 38 heures
1202 909 55 37 du
1288 909 145 47 matin,
1458 923 130 25 messe
1611 909 224 39 solennelle
1859 922 69 25 sur
1949 909 37 37 la
2008 909 111 50 place

344 967 53 36 du
425 967 128 37 Palais
577 968 70 36 des
675 970 150 47 Papes;
849 969 265 38 bénédiction
1147 971 70 37 des
1247 972 307 49 récompenses.
1588 972 246 50 L'Orphéon
1857 980 39 29 et
1922 972 57 37 les
1999 971 98 38 musi-

343 1040 101 36 ques
466 1028 212 38 militaires
701 1039 279 29 concourront
1007 1035 22 33 à
1059 1040 105 29 cette
1185 1033 203 38 solennité
1409 1038 21 33 à
1452 1034 177 49 laquelle
1649 1034 242 38 assisteront
1916 1033 58 38 les
2001 1041 96 30 auto-

343 1090 111 48 rités,
478 1090 58 37 les
556 1092 205 37 membres
781 1093 54 36 du
857 1092 103 51 jury,
984 1093 58 37 les
1070 1094 191 50 délégués
1277 1096 69 38 des
1369 1096 172 38 sociétés
1561 1104 201 40 savantes,
1783 1104 80 30 etc.

392 1152 35 36 A
440 1160 143 42 quatre
602 1154 147 37 heures
765 1156 48 35 de
830 1155 281 50 l'après-midi,
1129 1158 152 49 grande
1298 1160 209 37 cavalcade
1522 1159 230 50 historique
1765 1160 48 36 de
1830 1158 289 47 bienfaisance,

345 1215 285 48 représentant
649 1216 38 37 la
707 1217 163 38 marche
891 1218 246 50 triomphale
1160 1221 48 36 de
1233 1221 237 50 Pétrarque,
1491 1222 126 37 allant
1647 1221 180 39 recevoir
1851 1222 36 37 la
1910 1233 211 26 couronne

340 1289 53 24 au
417 1277 202 49 Capitole.

397 1339 56 37 Le
473 1339 96 44 soir,
590 1343 21 34 à
630 1341 100 36 neuf
747 1340 162 51 heures,
935 1354 50 26 au
1015 1343 171 49 théâtre,
1211 1346 327 47 représentation
1558 1346 48 38 de
1628 1346 105 49 gala,
1755 1358 49 25 en
1830 1346 219 38 l'honneur
2070 1346 49 37 de

345 1400 221 50 Pétrarque
590 1416 69 35 par
680 1402 202 51 plusieurs
903 1405 214 38 célébrités
1138 1406 268 50 parisiennes.

393 1463 116 36 Fêtes
536 1464 233 49 populaires
792 1473 40 30 et
854 1466 294 51 réjouissances
1171 1468 219 50 publiques
1411 1472 21 34 à
1453 1470 36 36 la
1512 1478 115 41 porte
1650 1472 48 36 de
1720 1471 166 39 l'Oulle.
1919 1490 7 7 •

395 1524 209 51 Eclairage
628 1526 221 50 électrique
872 1528 48 37 de
943 1528 195 49 l'antique
1165 1530 132 37 Palais
1318 1531 71 37 des
1415 1532 142 49 Papes.

395 1585 283 39 Illumination
698 1588 48 38 de
766 1589 184 38 l'avenue
968 1591 48 37 de
1037 1591 36 37 la
1096 1591 104 37 Gare
1220 1600 39 28 et
1281 1592 48 37 de
1352 1591 38 38 la
1411 1593 111 49 place
1542 1594 48 36 de
1611 1594 231 50 l'Horloge.

395 1648 146 47 Lundi,
566 1661 48 25 20
635 1648 145 51 juillet,
804 1649 22 39 à
847 1651 91 38 huit
966 1652 147 38 heures
1141 1653 54 37 du
1227 1653 142 50 matin,
1392 1656 128 48 grand
1554 1668 201 26 concours
1784 1656 259 50 d'orphéons,
2070 1657 47 38 de

341 1710 211 49 musiques
570 1711 24 36 d
610 1711 229 50 harmonie,
863 1713 49 37 de
932 1713 176 38 fanfares
1129 1724 39 28 et
1192 1715 48 38 de
1260 1717 273 38 tambourins.

393 1773 67 37 Un
482 1773 129 49 grand
646 1775 174 37 nombre
848 1775 48 37 de
915 1776 212 38 médailles
1159 1778 99 47 d'or,
1289 1779 196 49 d'argent,
1515 1781 185 46 vermeil,
1728 1781 167 50 bronze,
1927 1793 88 26 sera
2039 1781 60 37 dis-

339 1834 150 38 tribué.

391 1896 35 36 A
454 1905 144 40 quatre
627 1898 148 38 heures
809 1899 49 37 de
891 1900 280 50 l'après-midi,
1202 1900 94 50 jeux
1323 1901 161 39 floraux
1505 1916 70 25 sur
1604 1903 37 38 la
1668 1903 114 50 place
1809 1905 55 36 du
1896 1903 129 39 Palais
2046 1904 70 37 des

344 1957 141 50 Papes,
517 1972 201 26 concours
739 1960 221 39 littéraires
988 1962 71 37 des
1080 1964 99 36 fêtes
1202 1964 48 36 de
1276 1964 237 50 Pétrarque.

395 2022 76 36 Des
491 2021 90 49 prix
604 2030 38 29 et
661 2023 207 38 mentions
889 2025 225 36 consistant
1131 2037 49 24 en
1197 2025 129 48 objets
1348 2026 115 49 d'art,
1485 2026 138 49 fleurs,
1642 2039 248 36 couronnes,
1910 2029 209 37 médailles

339 2082 101 49 d'or,
478 2083 184 49 vermeil,
705 2093 143 41 argent
887 2093 39 29 et
967 2087 151 36 bronze
1159 2095 141 29 seront
1341 2087 218 38 décernées
1601 2101 76 25 aux
1718 2089 233 38 meilleures
1985 2091 134 48 pièces

340 2145 207 38 adressées
581 2157 52 25 au
670 2158 201 27 concours
901 2148 48 36 de
978 2147 158 50 poésies
1173 2149 276 52 provençales,
1486 2150 231 49 italiennes,
1750 2151 220 51 françaises
2004 2160 39 28 et
2069 2164 50 24 au

339 2218 204 26 concours
588 2206 245 52 historique,
872 2216 144 31 ouvert
1050 2221 50 25 en
1143 2209 223 39 l'honneur
1416 2212 55 35 du
1511 2212 233 49 cinquième
1791 2212 234 38 centenaire
2070 2214 48 36 de

345 2269 236 50 Pétrarque.

388 2331 35 37 A
442 2341 144 40 quatre
609 2331 162 52 heures,
790 2345 166 27 courses
978 2335 49 37 de
1051 2343 198 30 taureaux
1277 2339 22 35 à
1329 2337 11 37 1
1358 2337 51 38 île
1431 2337 48 38 de
1514 2337 271 38 Barthelasse.
1809 2338 144 38 Joûtes
1986 2350 69 25 sur
2084 2338 36 37 le

342 2392 159 39 Rhône.

389 2456 36 37 A
447 2456 38 37 la
505 2457 134 37 même
656 2457 142 49 heure,
822 2458 233 40 farandoles
1081 2469 7 29 :
1116 2462 269 53 Provençaux
1408 2470 39 30 et
1472 2463 273 54 Provençales
1773 2470 271 42 parcourront
2063 2461 58 39 les

340 2517 135 38 divers
491 2518 205 49 quartiers
713 2519 48 37 de
785 2519 37 38 la
843 2520 110 38 ville.

391 2580 37 35 A
450 2580 100 36 neuf
568 2580 161 47 heures,
755 2582 151 48 grande
922 2583 78 37 fête
1020 2584 48 37 de
1091 2585 91 37 nuit
1200 2597 70 25 sur
1291 2585 37 36 le
1355 2585 164 39 Rhône.

395 2641 211 38 Gondoles
627 2642 272 49 vénitiennes,
925 2642 75 47 jets
1025 2646 49 36 de
1103 2646 174 38 lumière
1311 2647 238 50 électrique,
1571 2647 292 50 réjouissances
1885 2647 234 51 publiques,

341 2700 308 39 illuminations
665 2703 48 36 de
735 2703 36 36 la
790 2712 117 40 porte
937 2705 48 36 de
1007 2705 153 38 FOulle
1184 2715 39 28 et
1245 2707 48 37 de
1317 2707 37 37 la
1375 2708 114 49 place
1511 2708 48 37 de
1583 2708 232 51 l'Horloge.

397 2806 76 37 Les
501 2804 143 51 jeunes
672 2819 99 37 gens
792 2808 48 37 de
863 2808 37 38 la
920 2808 97 38 ville
1044 2809 233 51 d'Avignon
1305 2811 252 49 organisent,
1581 2825 94 25 avec
1704 2814 36 35 le
1764 2825 205 26 concours
2001 2814 48 36 de
2086 2813 35 36 la

346 2867 297 50 municipalité,
665 2881 81 25 une
768 2871 174 48 superbe
964 2871 209 37 cavalcade
1200 2872 230 49 historique
1452 2886 50 24 au
1532 2874 125 49 profit
1684 2874 70 38 des
1774 2886 187 38 pauvres,
1984 2875 115 48 repré-

344 2938 166 30 sentant
529 2931 35 37 le
583 2933 162 48 cortège
766 2932 55 37 du
844 2941 333 30 couronnement
1197 2934 49 39 de
1272 2935 222 50 Pétrarque
1515 2938 23 35 à
1562 2937 143 48 Rome,
1729 2948 51 26 en
1801 2936 80 38 Fan
1909 2936 111 48 1341.

576 3569 52 44 V.

1829 3585 19 39 5
