3510 4455
1729 117 95 55 106

159 269 55 33 zu
249 252 253 51 stehenden
527 254 230 51 Manieren
784 260 272 52 entarteten,
1089 255 170 52 damals
1291 256 123 61 aber,
1442 258 63 52 als
1538 258 63 52 sie
1631 277 89 33 neu

159 353 173 39 waren,
377 335 117 52 eben
529 355 50 33 so
611 339 187 65 originel
830 338 63 49 als
925 338 255 66 glanzreich
1225 343 91 48 und
1349 341 160 51 immer
1540 343 156 49 einneh-

160 419 136 49 mend
329 421 92 49 und
456 421 191 49 fesselnd
680 438 169 33 waren.
882 423 160 50 Wenn
1076 423 246 52 Cherubini
1355 425 79 50 der
1463 425 150 50 Musik
1646 426 79 50 des

160 504 320 48 neunzehnten
511 504 338 51 Jahrhunderts
883 505 88 51 den
1002 515 154 42 ersten
1189 509 197 50 Anstoss
1419 508 104 67 gab,
1565 525 51 34 so
1647 527 52 48 ge-

160 588 183 48 staltete
372 586 177 49 Rossini
583 588 61 48 sie
676 605 76 32 um
786 586 113 54 oder
929 598 109 60 trug
1070 592 275 66 wenigstens
1378 612 54 30 zu
1465 593 120 49 ihrer
1617 593 73 49 Um-

160 669 262 66 gestaltung
455 669 127 48 mehr
615 672 65 48 als
705 670 132 68 jeder
863 674 185 50 Andere
1081 674 84 50 bei.
1198 675 88 50 Die
1317 675 292 69 Abrundung
1642 677 63 49 sei-

159 768 83 33 ner
271 750 213 60 Melodie,
531 753 70 51 die
631 755 301 60 Modulation,
978 758 69 48 die
1077 759 89 48 Art
1212 758 81 51 der
1325 759 287 69 Begleitung,
1658 760 70 51 die

158 837 479 69 Zusammensetzung
668 840 78 49 des
779 842 291 57 Orchesters,
1101 843 126 50 Alles
1255 861 95 32 war
1380 861 86 32 neu
1500 844 43 50 in
1574 846 154 49 seinen

158 919 178 65 Opern.
404 919 130 51 Aber
581 941 86 32 von
712 923 147 57 allem,
916 942 94 32 was
1056 927 179 48 Rossini
1280 945 89 31 neu
1415 927 313 67 aufgebracht,

158 1002 181 48 machte
371 1002 147 52 nichts
550 1023 51 32 so
634 1006 79 49 viel
741 1007 160 57 Glück,
932 1007 64 49 als
1028 1008 71 50 die
1117 1009 310 68 Anwendung
1457 1009 81 50 der
1569 1011 130 68 rhyth-

158 1084 203 52 mischen
386 1087 176 51 Effecte
591 1089 80 49 auf
698 1089 85 50 den
809 1091 198 66 Gesang.
1039 1092 85 48 Die
1150 1091 174 50 älteren
1349 1093 188 51 Meister
1569 1094 156 50 hatten

159 1167 126 53 diese
315 1188 55 31 zu
403 1172 107 49 sehr
541 1173 352 67 vernachlässigt
926 1174 92 50 und
1051 1176 62 48 sie
1143 1176 83 48 auf
1250 1176 70 49 die
1339 1177 274 51 Tanzmusik
1645 1178 53 51 be-

159 1252 232 52 schränkt.
424 1254 162 68 Haydn
620 1256 92 49 und
736 1257 179 50 Mozart
945 1257 154 66 fingen
1131 1276 71 41 an,
1235 1258 65 51 sie
1331 1260 43 49 in
1407 1261 70 48 die
1509 1262 216 50 Menuets

157 1336 125 49 ihrer
314 1336 258 52 Sinfonieen
604 1340 90 48 und
720 1340 248 58 Quartette
996 1341 310 60 einzuführen,
1336 1343 93 50 und
1461 1345 263 49 Beethoven

278 1401 5 12 <
779 1401 4 13 -
793 1401 2 13 •
809 1401 2 13 :
1087 1409 6 5 .

160 1417 90 69 gab
292 1420 134 49 ihnen
468 1420 99 50 eine
611 1422 108 50 weit
764 1422 344 52 bedeutendere
1138 1426 322 67 Ausdehnung
1490 1428 44 50 in
1567 1428 154 50 seinen

159 1501 255 52 Scherzo's.
463 1503 86 50 Die
591 1503 253 63 Cabaletta,
888 1507 316 68 Zeitgenossin
1247 1510 79 49 des
1368 1511 215 60 Scherzo,
1628 1530 97 32 war

159 1583 165 51 dessen
357 1586 295 63 Gegenstück
694 1588 44 51 in
781 1590 80 49 der
893 1591 320 58 Vocalmusik;
1259 1610 48 33 es
1349 1610 97 33 war
1475 1595 114 49 nach
1621 1595 101 51 dem

158 1676 188 43 ernsten
390 1671 179 69 Tempo
624 1672 101 51 eine
781 1675 174 66 feurige
1000 1676 251 66 Explosion
1297 1694 85 33 von
1429 1679 296 67 syllabischen

158 1752 153 50 Noten
343 1754 81 48 auf
447 1755 70 49 ein
559 1755 186 51 frisches
775 1757 156 60 Motiv,
973 1759 80 49 mit
1085 1760 231 66 Passagen
1359 1760 94 51 und
1484 1761 215 51 Coloratu-

159 1851 85 35 ren
275 1836 207 60 verziert,
515 1836 68 51 bei
616 1837 163 52 dessen
811 1840 247 67 Erklingen
1090 1841 81 50 der
1193 1842 209 51 Zuhörer
1432 1862 87 33 von
1551 1845 174 50 seinem

159 1919 126 49 Sitze
315 1920 169 67 aufflog
531 1922 94 50 und
672 1922 79 51 das
790 1924 80 49 auf
910 1924 81 49 der
1020 1925 144 51 Stelle
1208 1926 92 49 sich
1343 1926 42 50 in
1418 1928 153 49 seinen
1603 1929 128 67 Kopf

162 2001 268 61 einnistete;
478 2004 117 51 denn
626 2005 177 51 keinem
835 2008 250 49 Menschen
1118 2009 136 49 fehlte
1286 2027 45 33 es
1357 2010 162 66 jemals
1548 2029 56 33 an
1636 2011 59 52 Ge-

158 2086 247 59 dächtniss,
440 2089 70 48 ein
541 2090 328 51 Rossini'sches
902 2093 141 48 Motiv
1076 2110 53 32 zu
1165 2093 225 52 behalten.

294 2170 129 57 „Der
454 2173 190 49 Meister
676 2192 94 31 war
805 2174 122 49 nicht
958 2174 122 51 bloss
1113 2176 70 50 ein
1214 2178 201 66 genialer
1443 2178 283 70 Componist,

157 2269 50 32 er
239 2269 98 33 war
376 2255 116 48 auch
535 2255 71 51 ein
649 2258 404 66 ausgezeichneter
1084 2259 350 67 Gesanglehrer.
1491 2263 64 48 Er
1601 2264 124 50 hatte

158 2335 85 50 den
276 2337 336 53 Mechanismus
656 2339 80 51 der
767 2342 334 50 menschlichen
1136 2344 190 48 Stimme
1359 2345 235 65 gründlich
1626 2354 74 42 stu-

158 2418 105 58 dirt,
309 2437 48 32 er
402 2420 166 51 kannte
611 2423 70 49 die
712 2425 166 47 Stärke
911 2427 89 47 und
1033 2427 253 49 Schwäche
1310 2427 128 67 jedes
1470 2429 254 66 Registers,

159 2503 80 48 das
273 2503 155 49 wahre
454 2505 218 59 Medium,
717 2507 182 49 worauf
936 2508 256 51 ihre-Töne
1236 2510 163 50 immer
1438 2512 284 52 hinarbeiten

160 2588 200 56 müssen,
389 2585 69 50 die
485 2588 205 67 Gattung
712 2607 86 32 von
819 2591 215 66 Figuren,
1067 2593 173 48 welche
1272 2594 68 47 für
1364 2593 130 67 jedes
1512 2596 212 66 Register

158 2686 73 32 am
264 2671 300 66 passendsten
595 2672 70 56 ist.
725 2674 63 49 Er
822 2683 185 50 wusste,
1056 2684 134 41 unter
1222 2677 207 52 welchen
1461 2678 232 69 Bedingun-

158 2768 89 49 gen
281 2752 69 48 die
384 2753 222 51 höchsten
653 2756 90 49 und
788 2757 179 49 tiefsten
997 2758 150 50 Noten
1188 2759 80 50 mit
1298 2761 301 66 Leichtigkeit
1628 2763 92 50 und

160 2834 212 50 wirksam
404 2837 334 67 angeschlagen
771 2841 187 49 werden
990 2842 196 57 können,
1230 2843 90 50 und
1353 2853 133 40 unter
1518 2846 203 49 welchen

158 2918 199 50 anderen
391 2919 65 50 sie
488 2922 130 57 rauh,
658 2923 238 50 schreiend
939 2925 91 49 und
1072 2925 42 49 in
1157 2926 80 48 der
1279 2926 153 51 reinen
1462 2928 259 51 Intonation

157 3002 309 51 schwankend
501 3006 202 54 werden,
748 3007 154 50 mithin
946 3016 185 58 gewagt
1171 3010 92 49 und
1307 3011 187 66 peinlich
1536 3012 68 48 für
1636 3013 85 50 den

157 3087 190 65 Sänger.
408 3087 88 50 Die
539 3090 306 49 Rossini'sche
877 3091 147 49 Musik
1070 3092 54 48 ist
1166 3110 85 32 von
1297 3093 131 59 allen,
1471 3095 70 49 die
1565 3096 47 66 je
1642 3114 52 48 ge-

157 3168 252 60 schrieben,
458 3171 69 48 die
573 3172 258 66 günstigste
873 3173 67 49 lür
982 3175 70 48 die
1084 3175 190 49 Stimme
1312 3176 41 48 in
1386 3177 334 51 musicalischer

159 3251 89 49 und
282 3252 68 50 die
379 3255 325 66 zuträglichste
743 3257 41 47 in
818 3257 261 68 physischer
1110 3260 277 67 Beziehung.
1447 3261 85 50 Um
1565 3264 62 48 sie
1661 3281 55 31 zu

158 3335 173 64 singen,
362 3354 123 32 muss
517 3355 103 32 man
656 3339 169 49 freilich
846 3341 178 65 Sänger
1054 3341 110 58 sein,
1195 3342 78 49 das
1306 3344 56 48 ist
1392 3344 186 66 richtig;
1609 3345 111 49 aber

157 3417 55 49 ist
244 3435 103 33 man
380 3419 93 58 das,
518 3438 50 33 so
612 3422 55 49 ist
700 3422 64 50 sie
798 3422 68 50 die
899 3422 271 68 sangbarste
1203 3443 83 31 von
1321 3427 130 58 allen,
1499 3430 221 65 ungefähr

158 3500 86 48 wie
275 3501 69 48 die
374 3502 490 54 Instrumentalsachen
892 3524 85 32 von
1005 3507 235 50 Bernhard
1268 3509 252 66 Romberg,
1552 3513 168 64 Spohr,

159 3584 55 49 de
259 3584 155 49 Beriot
459 3586 90 48 und
596 3589 213 49 Hummel
869 3590 70 50 die
995 3590 298 67 spielbarsten
1339 3593 70 48 für
1454 3594 265 59 Violoncell,

159 3666 175 50 Violine
365 3669 90 48 und
491 3669 174 51 Ciavier
695 3671 69 49 für
794 3673 250 68 diejenigen
1077 3674 115 58 sind,
1225 3675 69 48 die
1320 3676 265 60 Violoncell,
1612 3679 79 49 Vio-

159 3750 88 48 line
287 3750 90 50 und
413 3750 173 51 Ciavier
618 3753 167 67 spielen
817 3755 198 52 können.
1049 3758 107 49 Wir
1188 3756 145 50 haben
1368 3759 215 66 gesehen,
1614 3761 103 50 dass

158 3835 179 64 Sänger
369 3850 80 32 aus
482 3834 80 49 der
598 3836 334 52 Rossini'schen
966 3840 181 57 Schule,
1181 3841 84 49 wie
1297 3841 70 49 die
1399 3844 189 66 Sontag,
1620 3845 64 49 Ru-

153 3915 110 59 bini,
295 3916 281 60 Tamburini,
618 3920 226 50 Lablache
874 3941 43 30 u.
949 3941 34 31 s.
1019 3942 53 32 w.
1120 3923 74 52 35
1231 3925 66 50 bis
1331 3925 75 51 40
1440 3927 139 49 Jahre
1612 3928 103 66 lang

151 4001 74 49 auf
259 4000 80 50 der
364 4001 158 49 Bühne
550 4003 226 65 glänzten,
808 4004 118 50 ohne
958 4005 101 51 dass
1091 4008 131 49 ihnen
1240 4009 193 50 Jemand
1467 4009 87 51 den
1583 4012 134 66 Rang

150 4084 178 66 streitig
360 4085 193 50 machte.
609 4088 103 48 Nun
760 4088 252 66 vergleiche
1056 4107 100 33 man
1199 4093 122 49 diese
1355 4092 240 52 fabelhafte
1627 4095 56 50 Le-

1825 258 258 53 bensdauer
2122 261 80 51 mit
2234 263 102 50 dem
2370 264 509 52 Durchschnitts-Aller
2923 266 80 50 der
3037 268 202 70 jetzigen
3271 273 86 51 Sän-

1825 362 96 48 ger,
1952 344 174 51 welche
2158 346 123 51 nicht
2312 348 128 50 einen
2472 350 193 68 Morgen
2698 349 118 67 lang,
2859 350 86 50 wie
2978 351 69 49 die
3078 353 170 59 Rosen,
3279 374 80 33 son-

1825 429 110 48 dern
1968 429 97 49 fünf
2092 429 66 51 bis
2186 432 131 50 sechs
2333 433 140 51 Jahre
2502 435 106 66 lang
2637 434 85 50 wie
2752 434 70 51 die
2845 434 351 69 Courierpferde
3227 439 158 51 leben!

1823 513 157 48 Nichts
2013 514 290 53 natürlicher.
2363 517 180 50 Rossini
2576 518 90 49 und
2699 519 122 50 seine
2851 520 275 66 Vorgänger
3154 522 42 48 in
3229 523 156 51 Italien

1825 595 90 50 und
1947 597 115 48 auch
2096 598 178 49 Mozart
2308 600 264 68 verlangten
2604 618 85 33 von
2722 602 85 49 den
2840 604 208 64 Sängern
3085 603 71 49 die
3187 604 198 68 Uebung

1825 680 89 49 und
1948 680 87 50 den
2068 682 242 50 Gebrauch
2343 683 80 49 der
2448 686 238 57 Stimmen,
2717 687 70 49 die
2817 687 215 66 heutigen
3056 686 329 68 Componisten

1824 764 184 50 fordern
2041 764 69 50 ihr
2140 766 160 68 Opfer.
2354 768 250 52 Wundern
2636 769 81 50 wir
2749 787 85 33 uns
2864 771 97 49 also
2989 769 138 59 nicht,
3160 771 102 50 dass
3296 772 88 51 den

1824 847 248 49 Gehältern
2119 848 80 50 der
2242 858 151 41 ersten
2440 853 178 65 Sänger
2672 853 99 48 eine
2815 853 104 50 Null
2964 853 130 48 mehr
3147 862 238 57 zugesetzt

1824 931 189 50 worden
2054 932 70 51 ist.
2182 933 178 50 Früher
2401 934 196 51 liehen
2641 937 71 48 die
2742 937 178 49 Damen
2952 937 92 49 und
3074 937 183 51 Herren
3287 938 98 50 ihre

1824 1014 239 59 Stimmen,
2103 1016 116 67 jetzt
2265 1017 325 51 verkaufen
2637 1020 62 48 sie
2731 1021 63 48 sie
2826 1021 91 48 und
2951 1020 148 67 geben
3131 1021 80 49 das
3241 1022 112 48 Kost-

1824 1094 169 60 barste,
2025 1098 71 50 die
2128 1101 299 58 Gesundheit,
2459 1101 206 52 obenein.
2697 1103 95 50 Das
2822 1103 56 50 ist
2909 1103 144 59 mehr,
3084 1105 65 49 als
3182 1103 80 51 der
3291 1103 60 52 Un-

1821 1181 225 49 terschied
2093 1183 225 50 zwischen
2349 1185 163 49 Zinsen
2554 1185 94 50 und
2691 1186 202 68 Capital;
2938 1187 212 51 desshalb
3197 1188 187 51 werden

1821 1265 79 49 das
2119 1266 245 60 Vibrando,
2726 1270 238 58 Tremolando,
2965 1271 148 70 (Heulen),

1834 1350 136 48 tando
2002 1350 268 66 (Meckern),
2818 1352 276 60 Distonando,
3095 1356 99 51 ferner
3238 1357 80 50 das
3361 1376 23 31 c

1820 1431 81 47 mit
1942 1431 81 50 der
2056 1432 139 50 Brust
2229 1450 43 31 u.
2305 1450 33 33 s.
2371 1451 58 33 w.
2477 1436 117 50 zehn
2624 1437 90 50 Mal
2751 1437 189 51 theurer
2970 1437 193 63 bezahlt,
3202 1440 66 51 als
3300 1440 81 51 der

1819 1514 131 49 echte
1980 1515 184 67 Gesang
2194 1515 42 49 in
2267 1516 209 51 früherer
2503 1520 112 51 Zeit.

1955 1599 179 57 »Allein
2177 1600 70 48 die
2279 1601 327 67 Auffrischung
2651 1604 81 49 der
2763 1605 199 51 Melodie
3003 1610 203 64 genügte
3235 1608 145 58 nicht;

1820 1680 78 49 das
1932 1682 253 50 Orchester
2227 1682 149 51 durlte
2417 1685 122 50 nicht
2570 1686 148 50 hinter
2749 1688 82 49 der
2860 1705 150 33 neuen
3042 1690 337 51 französischen

1819 1764 110 67 (und
1962 1765 268 67 deutschen)
2262 1768 167 49 Schule
2472 1769 42 49 in
2545 1770 158 66 Bezug
2746 1773 83 48 auf
2862 1773 174 49 Anzahl
3081 1773 82 49 der
3202 1775 152 48 Instru-

1819 1855 156 42 mente
2008 1849 92 49 und
2129 1849 80 49 auf
2233 1850 367 67 Klangwirkung
2632 1854 366 52 zurückbleiben.
3031 1856 180 50 Rossini
3243 1856 137 50 nahm

1819 1930 79 50 das
1929 1931 301 51 Mozart'sche
2262 1934 252 49 Orchester
2561 1936 90 50 und
2693 1936 125 68 fügte
2859 1939 71 50 die
2968 1939 231 51 türkische
3229 1942 151 49 Musik

1818 2014 150 58 hinzu,
1999 2016 68 49 die
2092 2015 114 68 jetzt
2234 2034 139 32 unser
2403 2019 216 65 tägliches
2644 2020 121 50 Brod
2789 2022 252 66 geworden
3071 2023 71 61 ist,
3174 2024 71 50 die
3269 2024 112 51 aber

1818 2098 179 49 Mozart
2041 2117 87 30 nur
2172 2100 70 50 ein
2288 2100 194 68 einziges
2526 2103 92 49 Mal
2661 2103 281 67 angebracht
2986 2105 141 61 hatte,
3173 2124 76 35 um
3291 2108 89 49 den

1819 2180 269 51 schroffsten
2121 2183 255 66 Gegensatz
2409 2185 224 50 zwischen
2662 2188 145 49 einem
2840 2188 161 51 echten
3032 2190 200 59 Türken,
3265 2192 42 48 d.
3334 2192 42 49 h.

1818 2264 146 50 einem
2011 2267 317 49 verdummten
2376 2269 89 48 und
2514 2269 298 68 blutgierigen
2858 2272 249 59 Barbaren,
3151 2276 93 49 und
3291 2276 86 49 den

1820 2347 461 53 Christenmenschen
2314 2350 42 50 in
2388 2352 80 48 der
2487 2353 127 66 Oper
2646 2373 53 31 zu
2732 2354 287 52 bezeichnen.
3052 2358 64 48 Er
3146 2375 95 31 war
3272 2359 107 49 weit

1819 2430 145 50 davon
1995 2432 214 58 entfernt,
2251 2434 78 49 das
2375 2434 304 54 herzliche
2723 2438 551 53 Einverständniss
3321 2460 54 30 zu

1818 2514 164 57 ahnen,
2027 2516 198 49 welches
2271 2518 198 50 dereinst
2515 2519 223 51 zwischen
2784 2522 87 49 den
2915 2523 311 51 Landsleuten
3272 2526 78 48 Bel-

1819 2602 192 44 monte's
2042 2599 92 50 und
2167 2601 199 49 Osmin's
2398 2602 219 51 erblühen
2882 2607 180 65 (Dieser
3093 2607 260 67 patriotisch-

1819 2681 310 49 musicalische
2158 2683 126 50 Witz
2316 2683 57 50 ist
2406 2683 236 70 köstlich!)

1955 2766 107 56 „Ich
2110 2766 181 49 möchte
2337 2768 177 50 Rossini
2559 2770 70 48 die
2675 2771 63 49 oft
2784 2772 240 50 verkehrte
3065 2773 311 56 Anwendung

3348 2817 27 24 ©

1820 2846 80 49 der
1929 2848 261 50 türkischen
2222 2851 149 48 Musik
2403 2852 121 50 nicht
2552 2870 82 48 arg
2665 2871 103 33 zum
2802 2857 221 48 Vorwurf
3048 2857 204 50 machen.
3293 2858 83 49 Die

1816 2930 277 67 Beziehung,
2153 2931 69 49 die
2277 2933 113 49 nach
2436 2935 104 49 dem
2586 2936 287 51 Grundsatze
2917 2940 81 48 der
3042 2940 333 49 dramatischen

1819 3013 243 49 Wahrheit
2092 3015 113 49 auch
2238 3015 41 49 in
2316 3016 78 49 der
2423 3018 418 69 Instrumentirung
2881 3022 78 49 auf
2985 3022 86 50 den
3103 3024 119 48 Text
3254 3025 122 49 Statt

1818 3096 151 48 finden
2006 3097 96 56 soll,
2149 3097 117 51 kann
2310 3100 84 48 den
2429 3100 327 68 Componisten
2798 3105 123 48 nicht
2971 3106 105 48 sehr
3117 3106 256 59 kümmern,

1815 3196 132 32 wenn
1982 3180 69 49 die
2082 3181 254 51 Melodieen
2366 3184 140 49 selbst
2539 3185 128 49 keine
2698 3187 263 68 Beziehung
2991 3191 78 47 auf
3100 3190 70 48 die
3205 3191 170 48 Worte

1814 3262 79 50 des
1922 3265 161 47 Textes
2114 3265 160 49 haben.
2307 3267 96 47 Auf
2430 3267 122 50 diese
2583 3269 374 67 psychologische
2976 3272 399 50 Verwandtschaft

1814 3346 273 50 verzichtete
2119 3350 176 48 Rossini
2331 3368 84 31 von
2449 3353 157 48 Hause
2637 3370 108 41 aus;
2788 3355 143 50 nichts
2963 3355 64 51 als
3061 3356 312 51 musicalische

1814 3430 303 50 Rücksichten
2149 3431 183 51 leiteten
2364 3433 73 49 ihn
2476 3433 67 49 bei
2576 3435 145 50 seiner
2754 3436 298 68 Verbindung
3083 3439 80 49 des
3196 3439 147 51 Orche-

1813 3523 116 38 sters
1975 3515 78 47 mit
2098 3515 101 48 dem
2229 3516 235 66 Gesänge;
2511 3516 121 51 diese
2674 3537 152 33 waren
2868 3520 71 50 die
2980 3521 143 66 einzig
3151 3523 221 67 richtigen

1813 3596 111 47 nach
1957 3596 171 50 seinem
2159 3599 179 66 System
2383 3600 89 48 und
2503 3600 69 50 die
2604 3600 363 67 begreiflichsten
3006 3604 70 48 für
3121 3605 68 48 die
3221 3607 151 48 Masse

1813 3679 80 48 der
1909 3680 222 50 Zuhörer.
2166 3683 92 47 Der
2284 3683 137 49 Glanz
2454 3685 89 49 und
2576 3685 79 49 das
2844 3685 80 50 der
2954 3688 272 49 melodische
3248 3689 124 57 Reiz,

1813 3761 78 50 das
1924 3761 206 50 zierliche
2158 3764 90 50 und
2282 3770 181 46 unstäte
2491 3768 192 58 Wesen,
2717 3769 127 57 kurz,
2874 3770 122 60 alles,
3029 3788 94 33 was
3154 3772 70 48 die
3253 3773 89 48 Ros-

1813 3845 236 50 sini'schen
2084 3847 447 53 Vocal-Ensemble's
2563 3850 354 60 charakterisirt,
2973 3854 162 50 kamen
3166 3854 115 50 auch
3314 3854 57 48 im

1813 3929 252 48 Orchester
2098 3930 168 51 wieder
2296 3952 102 30 zum
2421 3934 267 50 Vorschein.
2719 3935 84 50 Die
2835 3937 91 49 Soli
2961 3938 80 47 der
3066 3938 278 50 Blasinstru-

1813 4019 152 42 mente
1998 4013 321 70 verdoppelten
2354 4017 108 56 sich,
2509 4017 355 68 Verbindungen
2907 4037 87 32 von
3025 4021 345 66 Klangmitteln,

1813 4094 69 50 die
1914 4112 101 33 man
2048 4098 113 50 noch
2194 4099 122 50 nicht
2346 4099 213 51 versucht
2585 4099 138 61 hatte,
2755 4102 352 49 schmeichelten
3131 4104 100 49 dem
3253 4104 115 58 Ohr;
