3170 4358
290 440 311 57 rEK
679 438 60 55 H
818 437 61 55 N
959 429 47 63 É

2645 3813 151 57 165

293 618 175 41 thèmes
517 616 75 50 (ce
632 617 73 48 qui
745 616 225 38 constitue
1009 630 88 24 une
1137 612 259 42 réalisation
1436 613 24 39 à

294 678 192 53 laquelle
508 696 113 28 nous
642 680 165 38 rêvons
827 676 161 51 depuis
1010 676 81 44 des
1110 676 192 50 années)
1333 692 96 26 mon-

296 753 66 32 tre
393 741 105 42 bien
531 740 40 41 la
606 750 214 31 tournure
853 737 288 51 synthétique
1173 736 61 43 du
1268 746 194 40 concept

296 802 311 43 architectural
640 804 58 41 de
726 800 61 42 M.
824 799 61 42 Le
913 798 260 43 Corbusier,

364 876 61 41 M.
453 875 61 42 Le
536 874 244 41 Corbusier
803 892 25 25 a
850 875 126 43 situé,
1002 873 160 51 depuis
1186 871 274 52 longtemps,

298 939 39 40 la
371 940 220 48 question,
623 952 74 26 sur
728 952 58 24 un
816 934 108 52 plan
953 933 354 45 véritablement
1337 936 100 39 révo-

298 1000 249 41 lutionaire,
591 1014 82 34 par
712 1009 189 38 rapport
938 1013 88 24 aux
1063 1014 13 23 \
1093 999 172 38 mutines
1301 995 135 42 acadé-

298 1064 193 47 miques;
531 1061 26 41 il
595 1059 206 50 s'appuie
838 1075 74 24 sur
950 1058 80 44 des
1067 1068 217 41 concepts
1321 1060 119 41 inves-

299 1123 86 42 tifs,
418 1126 57 36 où
505 1122 40 41 la
574 1120 221 51 physique
825 1123 243 39 intervient
1095 1132 44 31 et
1167 1137 71 23 sur
1267 1119 61 43 les
1356 1117 81 52 phé-

299 1186 219 39 nomènes
550 1185 327 47 économiques
905 1181 113 42 dont
1046 1181 41 42 la
1114 1179 259 44 réalisation
1401 1190 66 32 est

299 1244 376 43 inévitablement
733 1261 8 24 :
794 1242 401 43 industrialisation
1248 1242 59 42 du
1356 1242 88 42 bâti-

299 1317 137 33 ment,
486 1304 402 45 standardisation,
938 1312 232 42 montage,
1222 1312 242 42 transport,

298 1379 97 32 e'jc.,
425 1379 82 33 etc.
531 1395 68 5 -—-

366 1454 248 54 L'enquête
643 1454 58 42 de
728 1456 61 42 M.
823 1456 102 41 Géo
952 1453 191 43 Charles
1164 1471 51 27 se
1237 1454 230 42 terminait

298 1535 81 34 par
413 1519 218 51 quelques
667 1519 212 49 opinions
912 1516 58 43 de
1004 1518 115 44 MM.
1155 1518 167 49 Perret,
1355 1517 84 42 Sau-

298 1599 116 32 vage
447 1597 42 31 et
520 1580 94 45 Mail
620 1580 10 42 1
637 1582 258 43 et~Stevenls
926 1598 73 25 sur
1030 1580 42 42 la
1102 1581 80 42 Loi
1215 1580 248 43 Loucheur.

1609 600 474 86 ÉCHOS
2201 613 154 71 ET

1609 709 1170 75 INFORMATIONS

1679 915 389 44 STUTTGART.
2116 915 104 44 LES
2264 914 258 44 GRANDS
2566 915 173 43 MAGA-

1612 979 125 42 SINS
1760 979 349 53 SCHOCKEN,
2133 981 280 39 récemment
2437 979 241 42 construits
2704 994 80 35 par

1615 1042 275 42 l'architecte
1941 1042 121 50 Dipl.
2116 1042 90 52 Ing.
2258 1042 132 43 Erich
2436 1040 344 46 Mendelssohiv

1614 1114 240 42 marquent
1878 1121 86 26 une
1990 1110 133 45 étape
2147 1108 280 47 importante
2450 1105 115 41 dans
2591 1105 41 41 la
2655 1117 108 29 conis-

1613 1171 193 38 truction
1853 1173 26 39 à
1926 1176 201 35 ossature
2173 1168 276 51 miétallique.
2493 1167 290 50 L'imposant

1614 1230 165 43 édifice
1801 1248 56 24 ne
1875 1240 246 42 comporte
2140 1247 81 34 pas
2244 1232 148 40 moins
2417 1230 61 42 de
2499 1230 179 43 43.000
2703 1246 47 25 m
2773 1262 9 17 3,

1616 1294 145 42 8.350
1800 1311 46 25 m
1870 1327 8 14 2,
1920 1292 114 44 dont
2074 1294 141 44 5.800
2254 1303 104 33 sont
2394 1293 168 43 utilisés
2599 1310 84 34 par
2721 1292 62 41 les

1611 1359 194 40 services
1836 1356 57 43 de
1921 1365 137 35 vente
2084 1366 300 44 proprement
2415 1355 101 44 dits.

1685 1586 180 44 LYON.
1908 1586 82 44 LA
2028 1587 288 52 CLINIQUE
2354 1587 315 44 DENTAIRE
2710 1588 75 51 qui

1617 1651 123 40 vient
1794 1648 146 44 d'être
1994 1649 165 44 édifiée
2213 1667 115 34 pour
2382 1649 293 44 l'Université
2727 1649 59 42 de

1617 1712 141 52 Lyon,
1796 1722 65 32 est
1897 1714 193 41 l'œuvre
2126 1712 58 42 de
2218 1713 277 43 l'architecte
2528 1714 63 43 M.
2628 1714 158 42 Roux-

1616 1776 136 50 Spitz.
1787 1777 63 44 Le
1875 1776 225 42 bâtiment
2125 1792 50 28 se
2198 1780 213 49 présente
2440 1783 255 35 nettement
2722 1778 42 40 vi-

1615 1839 113 43 sible
1750 1856 60 25 en
1834 1856 84 25 son
1945 1850 201 32 ossature
2173 1838 58 44 de
2255 1839 157 51 béton,
2439 1854 115 28 avec
2578 1838 182 51 remplis-

1617 1918 106 36 sage
1757 1901 59 41 de
1845 1901 184 52 briques
2059 1905 161 49 jaunes
2250 1919 107 24 sous
2386 1902 177 51 chaque
2596 1903 186 42 fenêtre.

1618 1964 223 49 Celles-ci,
1871 1963 59 43 de
1954 1973 153 33 vastes
2131 1963 295 49 dimensions,
2452 1973 105 33 sont
2579 1968 210 38 montées

1617 2044 73 26 sur
1723 2028 170 44 châssis
1925 2027 300 52 métalliquqs.

1686 2090 63 42 Le
1781 2090 123 52 plan,,
1940 2093 334 42 extrêmeimienft
2306 2091 107 42 clair
2448 2100 45 33 et
2522 2090 178 51 simple,
2739 2106 48 27 se

1618 2171 232 34 compose,
1869 2169 118 38 pour
2011 2155 40 42 le
2071 2156 198 50 premier
2288 2158 132 48 étage
2527 2154 59 42 de
2610 2155 42 42 la
2672 2153 87 42 den-

1618 2220 167 40 tisterie
1827 2217 84 52 (25
1949 2215 262 54 fauteuils),
2246 2215 83 46 des
2361 2219 150 48 pièces
2545 2216 59 42 de
2638 2215 124 43 radio-

1614 2281 204 52 graphie,
1851 2280 193 51 clinique
2079 2278 58 43 de
2170 2281 233 51 prothèse,,
2429 2279 114 42 salle
2573 2279 83 42 des
2686 2279 77 43 fan-

1617 2347 158 45 tômes,
1813 2352 44 32 et
1890 2345 153 51 pièces
2075 2342 61 42 de
2166 2342 169 43 conseil
2367 2351 46 33 et
2448 2341 203 46 d'étude.

1684 2406 133 42 Cette
1846 2406 195 50 clinique
2067 2416 67 33 est
2159 2404 96 44 ditie
2279 2404 42 42 la
2347 2408 151 41 mieux
2524 2408 192 48 équipée
2744 2415 42 32 et

1616 2470 42 43 la
1690 2469 100 50 plus
1820 2467 380 54 judicieusement
2232 2485 173 36 conçue
2439 2467 61 43 du
2533 2471 247 39 continent.

1689 2690 347 49 WALLASEY
2094 2689 490 53 (ANGLETERRE).
2641 2708 23 27 «
2719 2689 72 44 LE

1620 2754 224 52 JARDIN
1879 2755 89 42 AU
2002 2754 169 44 BORD
2206 2754 79 43 DE
2319 2754 81 43 LA
2434 2754 132 43 MER
2603 2771 40 33 »,
2676 2755 113 41 ainsi

1618 2833 101 25 sera
1766 2815 214 55 qualifiée
2025 2817 44 46 la,
2112 2816 108 44 ville
2265 2816 58 42 de
2368 2815 243 54 Wallasey,
2659 2818 132 49 après

1622 2879 274 44 l'exécujtion
1940 2878 80 46 des
2059 2884 178 47 proje's
2276 2879 402 52 d'aménagement
2723 2894 46 27 ur-

1620 2942 108 43 bain
1755 2942 59 42 de
1837 2959 51 27 ce
1911 2952 154 34 centre
2088 2942 233 43 balnéaire
2348 2959 225 26 nouveau.
2601 2941 162 43 L'urba-

1624 3007 115 39 niste
1775 3005 52 43 R.
1867 3004 156 49 Bruce,
2062 3004 208 42 membre
2306 3003 59 43 de
2399 3003 211 45 l'lnstitut
2644 3003 147 51 Royal

1622 3068 80 44 des
1730 3069 284 43 Architectes
2040 3070 318 50 Britanniques
2401 3079 65 32 est
2488 3067 195 44 l'auteur
2711 3066 82 43 des

1623 3132 133 50 plans
1798 3134 74 50 qui
1912 3141 107 33 sont
2061 3131 209 51 adoptés.
2318 3131 55 44 Ils
2416 3140 293 41 comportent
2751 3130 42 42 la

1622 3197 308 41 construction
1963 3194 59 43 de
2051 3194 122 44 deux
2201 3198 144 49 jetées
2374 3192 324 54 promenades,
2733 3210 58 24 un

1623 3258 152 42 bassin
1816 3258 57 42 de
1916 3260 219 44 natation,
2178 3274 61 24 un
2279 3258 220 51 parkway
2539 3261 57 39 où
2638 3266 154 34 seront

1622 3323 143 49 érigés
1790 3322 68 43 îles
1884 3319 171 52 grands
2079 3319 151 45 hôtels
2255 3329 44 33 et
2325 3321 248 42 bâtiments
2603 3318 59 43 de
2690 3321 81 40 rési-

1622 3382 158 51 dence,
1809 3383 126 42 enfin
1960 3400 61 25 un
2048 3391 155 35 centre
2227 3384 290 41 commercial
2546 3394 43 30 e'_
2615 3382 83 42 des
2725 3384 44 39 in-

1620 3465 11 23 f
1644 3445 61 42 tal
1711 3447 10 41 1
1727 3449 147 39 ations
1893 3448 242 49 sportives.

1690 3507 288 44 L'ensemble
2013 3507 60 44 du
2107 3512 151 49 projet
2294 3510 161 42 aitteint
2492 3508 55 43 52
2586 3508 203 43 hectares

1622 3573 193 40 environ
1850 3580 45 32 et
1928 3571 28 42 il
1995 3590 29 33 y
2060 3580 67 33 est
2162 3573 142 48 prévu
2341 3587 88 25 une
2465 3588 230 35 moyenne
2730 3571 61 42 de

1630 3633 10 41 1
1659 3634 22 42 2
1719 3632 279 42 habitations
2030 3650 83 32 par
2144 3650 114 24 acre.

398 2632 325 55 Revêtement
775 2632 274 70 Artistique
1096 2630 64 53 de

438 2711 315 51 L'intérieur
779 2709 82 53 des
892 2710 230 51 Maisons

243 2815 62 34 Les
325 2815 37 33 PI
367 2815 134 34 anches
555 2814 140 34 ESSEX
729 2826 246 30 —panneaux
990 2825 47 22 en
1056 2812 106 35 fibres
1179 2813 46 34 de
1240 2815 77 33 bois

242 2872 119 30 compi
372 2862 111 32 innées
501 2872 35 21 se
561 2858 85 35 font
664 2871 48 22 en
730 2859 132 41 grands
879 2858 154 34 formats
1058 2858 215 34 commodes
1275 2877 39 4 —

244 2917 92 30 pour
370 2905 173 42 plafonds
576 2914 35 24 et
645 2917 99 21 murs
787 2904 44 33 de
875 2908 172 35 maisons,
1086 2903 227 42 bungalows,

245 2954 187 36 magasins,
451 2950 173 38 bureaux,
645 2948 131 39 hôtels,
794 2948 105 35 salles
922 2947 196 43 publiques
1143 2957 36 25 et
1196 2957 121 25 toutes

245 2999 319 34 reconstructions,
579 2994 351 35 réfectionnements
941 3002 36 25 et
988 2994 238 41 réparations,
1238 3006 80 21 sans

245 3050 164 31 compter
440 3040 158 34 d'autres
630 3038 154 43 emplois
816 3040 43 33 de
885 3037 173 35 moindre
1078 3042 230 39 importance

231 3125 498 158 ESSEX
770 3125 345 158 BOA

406 3333 217 28 PANNEAUX
647 3332 49 28 EN
722 3330 138 29 FIBRES
880 3318 282 41 COMPRIMÉES.

423 3398 194 39 Demandez
632 3396 219 38 échantillons
870 3406 31 26 et
917 3406 76 26 tous
1009 3396 116 36 détails
1134 3410 6 21 :

251 3461 250 39 THAMES
574 3461 204 39 BOARD
840 3459 173 40 MILLS
1069 3460 252 39 LIMITED

272 3543 43 65 M.
339 3549 36 61 H.
397 3552 208 70 Koolbarp,
628 3548 95 61 Place
744 3548 173 61 Prineesse
939 3548 175 70 Elisabeth,
1136 3551 39 67 11,
1204 3551 169 60 Bruxelles
