2870 3048
1289 2362 68 35 251

503 545 298 48 Jahrhunderte
829 542 121 35 ihnen
974 533 260 48 eingedrückt
1257 533 145 41 haben,
1427 531 84 35 und
1539 530 144 42 davon,
1709 529 77 35 daß
1815 528 63 36 die
1901 528 158 46 Spuren
2088 529 72 35 mit

503 598 222 35 Ehrfurcht
734 606 49 25 zu
795 588 227 40 behandeln
1033 586 109 35 seien
1153 584 78 35 wie
1243 583 61 35 die
1316 583 195 40 Runzeln,
1525 582 62 34 die
1603 581 72 35 das
1686 580 156 35 Leiden
1852 580 306 36 menschlichen

504 649 242 36 Gesichtern
769 641 270 48 eingegraben
1058 637 82 34 hat.
1166 635 57 34 Er
1241 634 125 34 findet
1388 632 185 35 daneben
1591 632 147 34 Worte
1763 630 70 35 der
1851 630 308 46 Anerkennung

503 701 61 35 für
580 700 62 35 die
658 697 146 45 kräftig
814 685 456 45 vorwärtsschreitende
1285 683 207 47 polnische
1502 683 146 39 Kunst,
1665 681 39 34 in
1722 681 69 34 der
1806 691 44 24 er
1866 681 117 34 einen
1993 682 165 33 Beweis

529 751 110 36 nicht
656 760 49 25 zu
724 741 310 42 vernichtender
1051 736 220 36 nationaler
1290 733 292 37 Lebenskraft”
1604 732 177 35 erblickt.
2011 733 147 42 ©OO

503 805 40 37 ©
607 802 101 35 Man
729 798 200 37 erwartet,
950 791 78 35 daß
1049 788 107 35 diese
1176 786 233 34 Prämissen
1431 795 49 24 zu
1506 783 109 35 einer
1634 782 272 44 Ermutigung
1928 781 70 34 der
2016 782 118 34 heimi-

503 854 126 34 schen
640 853 132 33 Kunst
781 848 143 35 führen
935 840 178 37 werden.
1130 837 111 34 Aber
1255 835 165 46 gefehlt!
1437 836 90 33 Den
1539 833 148 35 Grafen
1697 831 302 35 Lanckoronski
2013 831 143 35 führen

503 904 58 34 sie
586 903 113 40 dazu,
721 900 64 35 die
809 892 268 41 malerischen
1095 886 301 37 Dekorationen
1416 885 70 35 der
1505 882 246 37 Kathedrale
1774 881 316 46 bedingungslos
2108 893 48 23 zu

502 953 225 36 verwerfen
748 951 120 34 Zwar
880 946 110 35 seien
1003 941 56 35 sie
1070 949 80 25 von
1160 937 202 45 begabten
1371 937 158 34 Leuten
1542 933 244 47 geschaffen,
1799 932 105 35 doch
1914 933 142 33 hätten
2070 932 87 35 sich

503 1006 110 34 diese
636 1003 111 36 nicht
768 1011 50 25 zu
841 998 70 35 der
934 996 161 34 ernsten
1118 988 273 44 Atmosphäre
1415 986 131 35 dieser
1567 986 173 33 Mauern
1768 982 388 46 emporzustimmen

502 1055 224 36 vermocht.
746 1053 57 33 Er
822 1048 123 37 selbst
962 1042 104 38 sieht
1083 1040 65 35 bei
1164 1038 151 35 diesem
1330 1037 127 35 Urteil
1474 1037 77 34 den
1562 1035 194 34 Vorwurf
1768 1034 68 35 der
1850 1033 307 46 Inkonsequenz

502 1116 150 25 voraus
670 1103 84 36 und
772 1100 200 46 begegnet
989 1094 84 35 ihm
1091 1091 55 34 im
1161 1088 211 36 vorhinein
1390 1088 74 35 mit
1480 1086 102 36 zwei
1596 1086 254 40 Antworten,
1871 1084 63 34 die
1954 1083 117 35 beide
2092 1085 69 33 auf

503 1158 166 34 seltsam
696 1154 147 44 irrigen
873 1147 327 43 Behauptungen
1229 1139 80 35 und
1337 1139 132 34 einem
1497 1136 234 37 kardinalen
1755 1134 302 36 Mißverstehen
2087 1135 70 34 der

502 1209 134 34 Kunst
653 1214 165 27 unserer
835 1198 170 48 Epoche
1024 1191 217 46 aufgebaut
1260 1189 98 34 sind.
1852 1235 8 7 .
1923 1236 10 10 ,
2011 1187 145 41 ©OO

503 1262 41 34 ©
605 1258 78 35 Die
716 1259 104 32 erste
851 1252 141 35 lautet:
1025 1243 92 36 Wir
1148 1240 175 36 besaßen
1356 1250 90 24 eine
1477 1239 139 34 solche
1641 1238 242 35 Erkenntnis
1912 1238 70 33 der
2010 1238 121 32 Kunst-

503 1308 251 42 geschichte,
784 1314 74 25 uns
885 1300 144 36 wohne
1062 1293 63 35 ein
1158 1290 218 44 derartiger
1403 1290 309 34 Eklektizismus
1743 1288 107 40 inne,
1881 1286 76 36 daß
1985 1287 75 34 wir
2088 1286 69 35 der

504 1360 183 35 Naivität
705 1360 279 40 vergangener
1003 1344 196 47 Epochen
1217 1341 72 34 bar
1309 1340 121 42 seien,
1452 1340 62 34 die
1539 1339 202 46 glaubten,
1761 1339 86 33 ihre
1867 1338 129 34 Kunst
2016 1337 56 35 sei
2094 1337 61 34 die

503 1411 126 39 einzig
647 1408 182 42 richtige.
850 1402 135 37 Daher
1004 1396 57 37 sei
1080 1405 42 25 es
1141 1402 74 26 uns
1235 1390 113 36 nicht
1365 1395 203 40 gestattet,
1584 1389 201 35 wahrhaft
1803 1400 114 29 neue,
1939 1388 216 34 außerhalb

503 1462 71 34 der
597 1459 210 37 Tradition
835 1450 193 40 stehende
1047 1444 152 38 Werke
1227 1442 132 35 neben
1388 1442 98 34 alles
1513 1441 60 35 bis
1596 1452 92 23 zum
1712 1439 149 35 XVIII.
1882 1438 275 45 Jahrhundert

502 1512 147 35 herauf
665 1506 267 39 Geschaffene
950 1494 273 43 hinzustellen.
1909 1538 8 6 .
1994 1490 162 55 .Q®®

502 1566 41 35 ©
604 1560 160 37 Darauf
783 1558 199 35 antworte
1005 1549 76 40 ich,
1102 1546 75 35 daß
1202 1544 63 34 die
1282 1540 454 46 Allgememherrschaft
1756 1539 69 35 des
1845 1538 311 36 Eklektizismus

502 1614 122 34 heute
652 1611 128 36 schon
809 1612 126 31 etwas
961 1595 242 42 zweifelhaft
1231 1592 215 40 erscheint,
1475 1591 248 45 wenigstens
1756 1591 121 39 dann,
1906 1600 121 24 wenn
2060 1600 94 23 man

502 1668 121 30 unter
648 1659 311 38 Eklektizismus
982 1653 119 45 jenen
1127 1643 110 38 Grad
1264 1654 81 24 von
1374 1642 353 34 ausschließlicher
1749 1640 309 45 Anerkennung
2086 1639 70 35 der

501 1709 333 44 Vergangenheit
855 1704 190 39 versteht,
1070 1698 68 36 der
1161 1699 104 32 etwa
1288 1693 63 35 die
1370 1693 258 34 Architektur
1652 1692 69 34 des
1743 1692 107 33 XIX.
1867 1690 288 46 Jahrhunderts

501 1764 237 36 beherrscht
766 1759 80 37 und
878 1758 56 34 sie
964 1763 69 26 zur
1060 1744 372 45 besinnungslosen,
1462 1742 126 35 selbst
1618 1742 205 34 sinnlosen
1853 1741 302 45 Nachahmung

502 1816 161 38 geführt
685 1814 72 34 hat
793 1809 117 37 Auch
928 1807 92 45 jene
1043 1802 73 34 Art
1138 1808 81 24 von
1242 1793 308 42 Kennerschaft,
1575 1792 63 35 die
1662 1792 69 35 der
1754 1792 306 34 Eklektizismus
2085 1792 69 34 des

501 1866 169 39 vorigen
698 1858 286 47 Jahrhunderts
1011 1848 170 41 erschuf,
1207 1846 61 34 die
1297 1844 110 36 nicht
1434 1844 70 36 auf
1526 1842 419 42 verständnisvollem,
1972 1847 160 40 entspre-

501 1917 134 35 chend
663 1913 250 42 geschultem
942 1897 351 48 Nachempfinden
1320 1896 70 34 des
1418 1894 304 41 Kunstwerkes,
1751 1894 179 34 sondern
1963 1893 70 35 auf
2061 1893 93 34 dem

500 1963 402 43 Auswendigwissen
929 1966 82 26 von
1040 1952 273 44 Stilgesetzen,
1337 1946 156 45 Regeln
1519 1945 82 35 und
1629 1944 267 36 historischen
1923 1945 137 34 Daten
2086 1944 46 34 be-

500 2019 120 34 ruhte
645 2017 81 35 und
750 2013 217 44 Eigentum
990 1999 300 49 eingeweihter,
1312 1997 58 35 oft
1393 1997 116 34 mehr
1531 1996 58 34 als
1613 1996 70 33 der
1701 1995 195 45 Schöpfer
1917 1995 70 34 des
2006 1995 123 34 Kunst-

500 2069 158 35 werkes
677 2063 253 38 routinierter
948 2058 129 35 Leute
1097 2061 97 31 war,
1210 2048 169 46 beginnt
1397 2047 85 35 ihre
1503 2046 239 35 Herrschaft
1760 2057 49 23 zu
1828 2046 208 35 verlieren.
2112 2046 42 42 0

500 2123 41 35 ©
602 2118 94 35 Wir
713 2113 190 38 Künstler
925 2109 68 35 der
1006 2101 185 50 Jetztzeit
1214 2101 96 33 aber
1332 2099 139 34 fühlen
1493 2098 39 34 in
1556 2107 73 24 uns
1652 2096 62 35 die
1738 2096 210 36 kraftvolle
1974 2095 180 35 Naivität

499 2177 280 32 vergangener
797 2161 196 48 Epochen
1012 2166 78 25 neu
1110 2151 188 37 erstehen
1318 2149 81 35 und
1418 2148 149 46 gerade
1591 2147 56 35 sie
1672 2147 180 46 befähigt
1876 2158 74 23 uns
1972 2157 49 24 zu
2045 2146 109 35 einer

499 2220 252 44 freudigeren
770 2215 191 40 Achtung
980 2206 81 37 und
1079 2216 48 23 zu
1147 2202 95 36 weit
1260 2201 182 34 tieferem
1461 2198 263 36 Verständnis
1748 2198 69 35 der
1838 2197 227 36 Schönheit
2084 2197 70 34 des
