3477 4394
1682 148 97 49 197

733 279 433 73 Beurtheilungen.

314 417 45 48 1.
390 414 233 50 Sechste
658 416 206 53 Messe,
912 413 179 48 D-moll
1091 454 13 20 ,
1136 416 73 47 für
1239 416 31 47 4
1301 416 335 63 Singstimmen,
1667 416 29 47 2

428 491 223 54 Violinen,
684 491 144 54 Viola,
859 491 29 45 2
921 491 178 56 Oboen,
1129 491 30 47 2
1193 493 196 52 Horner,
1418 491 30 48 2
1481 492 188 62 Trompe-

422 574 93 49 ten,
539 566 203 53 Pauken,
764 566 273 48 Contrabass
1061 568 76 46 mit
1162 568 240 47 Violoncell
1429 567 87 47 und
1541 567 159 63 Orgel,

426 643 253 64 componirt
714 658 83 31 von
831 643 77 47 W.
941 644 49 46 E.
1023 644 208 54 Horak,
1273 644 356 47 Chor-Director
1656 644 41 46 in

423 718 137 63 Prag,
602 718 383 65 Ehren-Mitglied
1025 719 76 48 des
1135 721 313 49 Mozarteums.
1496 719 204 55 Breslau,

425 794 240 48 Leuekart.
709 795 31 46 2
775 795 67 47 Fl.

309 869 46 48 2.
386 870 72 47 Gr
472 870 196 47 aduale
698 888 82 31 von
812 872 255 47 demselben
1093 872 78 47 mit
1193 870 234 49 derselben
1451 873 249 62 Besetzung

427 948 76 46 lür
531 948 299 47 Tenor-Solo.
859 949 124 46 Preis
1184 949 109 62 Ngr.

313 1041 58 44 Es
412 1039 96 65 gibt
550 1039 82 49 auf
667 1039 100 49 dem
802 1041 188 47 Gebiete
1032 1039 78 49 der
1147 1039 305 49 katholischen
1480 1041 187 48 Kirchen-

193 1114 145 48 musik
381 1115 310 65 gegenwärtig
732 1117 96 45 drei
861 1117 230 54 Parteien;
1133 1115 70 47 die
1231 1115 144 47 Einen
1405 1117 159 45 wollen
1596 1133 76 31 aus-

191 1192 268 48 schliesslich
489 1192 78 47 das
597 1193 275 56 Mittelalter,
914 1192 69 47 die
1013 1190 212 49 Anderen
1268 1190 146 49 lieben
1443 1192 128 47 mehr
1601 1194 64 46 Mo-

193 1268 177 56 dernes,
399 1268 70 48 die
491 1269 176 46 Dritten
696 1269 168 46 suchen
893 1267 281 48 vermittelnd
1199 1267 155 47 Beides
1385 1268 235 63 möglichst
1646 1287 51 29 zu

192 1345 269 64 vereinigen.
494 1345 139 49 Wem
657 1345 57 49 da
738 1345 145 47 Hecht
902 1345 339 47 zuzuerkennen
1263 1344 68 53 ist,
1359 1344 148 48 dürfte
1527 1345 142 47 schwe-

195 1438 89 38 rer,
326 1423 63 46 als
430 1438 101 31 man
574 1422 173 63 glaubt,
788 1420 232 65 endgültig
1057 1438 52 29 zu
1147 1419 285 48 entscheiden
1471 1420 114 56 sein;
1629 1422 69 47 die

193 1498 98 48 Zeit
319 1498 112 47 wird
463 1498 119 47 wohl
611 1498 115 48 auch
757 1498 96 47 hier
881 1496 205 49 läuternd
1117 1496 184 47 wirken.
1339 1498 69 45 Bis
1437 1496 133 47 dahin
1602 1502 63 43 mö-

193 1592 87 47 gen
310 1574 70 48 die
409 1574 93 48 drei
534 1575 148 64 Lager
710 1574 197 48 friedlich
939 1573 145 48 neben
1113 1573 215 48 einander
1359 1573 225 48 bestehen.
1616 1574 84 47 Die

193 1653 96 47 hier
305 1651 334 47 verzeichneten
657 1651 363 64 Compositionen
1044 1651 154 47 zählen
1222 1668 76 29 zur
1321 1650 182 47 zweiten
1524 1651 173 55 Classe;

193 1729 223 47 Schnabel
461 1728 167 48 könnte
665 1729 78 46 mit
773 1728 185 48 Vorbild
990 1743 207 48 gewesen
1226 1728 114 53 sein;
1383 1726 112 47 auch
1527 1728 43 45 in
1601 1729 64 46 Mo-

191 1806 129 46 zart's
348 1811 146 40 ersten
524 1805 175 46 Messen
731 1820 103 47 mag
864 1804 80 47 der
974 1803 262 64 Componist
1263 1801 186 47 Studien
1491 1804 210 62 gemacht

195 1880 162 48 haben.
386 1880 84 47 Die
494 1880 192 47 Melodie
710 1880 202 47 herrscht
934 1879 246 63 durchweg
1206 1895 97 37 vor;
1334 1879 135 47 selbst
1490 1879 41 47 in
1555 1879 114 47 Chor-

192 1961 146 43 sätzen
370 1956 127 47 führt
524 1957 96 46 eine
637 1957 188 46 Stimme
847 1956 86 47 den
955 1956 173 47 Vorsitz
1157 1955 92 47 und
1277 1955 53 47 ist
1361 1955 337 63 maassgebend.

195 2035 85 46 Die
309 2032 453 65 contrapunktischen
785 2032 419 64 Verschlingungen
1234 2031 208 47 scheinen
1472 2031 118 48 wohl
1621 2031 80 48 der

195 2110 244 47 leichteren
480 2109 294 47 Fasslichkeit
816 2109 157 47 halber
1015 2107 363 64 ausgeschlossen
1423 2107 183 47 worden
1649 2125 49 29 zu

193 2187 116 55 sein;
339 2186 101 47 dass
461 2185 163 63 jedoch
654 2185 80 48 der
759 2186 260 62 Componist
1047 2185 43 46 in
1119 2185 132 47 ihnen
1282 2184 212 47 heimisch
1524 2185 68 53 ist,
1623 2185 52 47 be-

199 2262 165 47 weisen
386 2261 70 50 die
480 2261 214 47 mitunter
710 2261 386 64 eingedochtenen
1115 2260 312 63 fugenartigen
1446 2260 139 47 Sätze.
1616 2261 85 46 Die

200 2338 395 47 Instrumentation
624 2337 55 48 ist
705 2337 172 47 einfach
908 2336 91 48 und
1025 2336 216 65 gewählt;
1277 2335 71 47 die
1380 2335 320 64 beigegebene,

199 2413 226 65 geschickt
478 2413 276 64 gearbeitete
808 2412 466 48 Directions-Stimme
1338 2412 266 64 ermöglicht
1656 2429 45 30 es

199 2492 143 47 einem
374 2491 197 63 geübten
601 2491 321 63 Orgelspieler,
958 2490 79 47 das
1071 2488 144 49 Werk
1245 2488 113 47 auch
1389 2488 116 47 ohne
1536 2490 141 45 Instru-

201 2575 147 40 mente
378 2567 315 47 aufzuführen.

314 2642 47 51 3.
417 2642 366 50 Theoretisch
812 2670 18 8 -
859 2641 284 66 praktisch
1161 2657 23 31 e
1240 2639 305 65 Anleitung
1611 2657 92 31 zur

431 2721 372 62 Herstellung
844 2719 157 47 eines
1030 2717 291 63 würdigen
1354 2717 205 46 Kirche
1570 2733 99 47 nge-

430 2813 197 49 sanges
656 2813 82 31 von
769 2797 242 63 Stephan
1043 2794 170 56 Lück,
1256 2793 379 65 Dom-Capitular
1660 2794 42 46 in

431 2874 143 47 Trier.
615 2874 169 47 Zweite
812 2873 208 62 Auflage.
1066 2873 46 46 B.
1137 2873 150 45 Braun
1316 2871 43 47 in
1390 2872 142 46 Trier.

318 2952 48 46 4.
404 2951 318 62 Sammlung
776 2948 507 65 ausgezeichneter
1333 2944 336 66 Compositio-

431 3045 104 30 nen
567 3028 84 46 für
680 3027 82 47 die
795 3026 229 54 Kirche,
1056 3023 369 65 herausgegeben
1455 3040 82 31 von
1569 3023 108 47 eben-

432 3103 273 48 demselben.
748 3100 248 50 Ebendort.
1041 3100 27 47 2
1100 3099 167 48 Bände.

320 3182 131 47 Diese
492 3182 108 45 zwei
642 3180 172 49 Werke
856 3179 200 64 gehören
1100 3177 247 63 unbedingt
1387 3175 42 47 in
1471 3175 71 47 die
1590 3182 115 40 erste

205 3259 165 47 Classe.
400 3259 94 46 Das
524 3264 133 50 erste,
685 3257 69 47 die
779 3255 369 63 Anleitung,
1180 3252 263 63 beschäftigt
1470 3252 89 47 sich
1590 3252 112 47 nach

204 3335 143 47 einem
380 3334 164 47 kurzen
574 3333 375 65 geschichtlichen
980 3329 297 51 Ueberblicke
1319 3328 77 47 mit
1429 3328 84 47 den
1547 3344 130 31 unver-

204 3410 205 49 meidlich
439 3428 52 29 zu
531 3409 248 48 wissenden
811 3407 461 66 grammaticalischen
1303 3405 171 63 Hegeln
1505 3404 79 47 der
1606 3405 67 46 Mu-

200 3489 66 46 sik
295 3487 262 63 überhaupt
586 3485 89 47 und
705 3484 80 48 der
803 3484 367 64 Gesangeskunst
1190 3480 174 66 speciel.
1394 3480 114 47 Sehr
1533 3480 169 47 lasslich

200 3564 96 48 sind
327 3564 56 48 da
412 3563 270 49 namentlich
714 3563 70 47 die
813 3564 343 61 Erörterungen
1189 3559 111 47 über
1329 3558 68 47 die
1438 3558 116 45 alten
1585 3559 90 44 Ton-

202 3648 144 47 arten,
388 3640 136 47 deren
562 3639 301 63 Entstehung,
907 3638 253 48 Charakter
1198 3635 86 47 und
1321 3634 384 63 Vortragsweise;

204 3716 259 64 überhaupt
503 3716 108 47 fehlt
642 3716 96 47 kein
771 3715 240 48 Terminus
1041 3730 81 31 von
1152 3713 186 61 Belang,
1380 3710 80 47 der
1488 3710 120 46 nicht
1637 3727 46 29 er-

205 3794 113 46 klärt
336 3796 132 42 wäre.
494 3793 83 45 Die
599 3791 280 51 zahlreichen
903 3788 460 67 Uebungs-Beispiele
1386 3790 216 60 ergänzen
1630 3785 77 48 das

205 3868 268 49 theoretisch
492 3869 364 63 Vorgetragene;
887 3884 46 31 es
962 3868 53 47 ist
1046 3866 97 47 kein
1171 3864 198 54 Zweifel,
1397 3862 99 49 dass
1526 3861 161 65 diejeni-

204 3964 105 47 gen,
338 3945 169 48 welche
535 3944 84 48 den
649 3945 247 64 Lehrgang
925 3944 76 48 des
1030 3942 239 49 Büchleins
1308 3956 145 50 genau
1485 3940 222 63 befolgen,

204 4039 184 47 grossen
416 4023 175 46 Nutzen
620 4020 164 49 daraus
812 4021 155 47 ziehen
997 4019 197 49 werden.
1222 4016 309 64 Ueberflüssig
1559 4015 53 48 ist
1640 4015 69 48 die

1771 286 303 66 Bemerkung,
2106 287 98 50 dass
2227 289 78 47 der
2322 290 229 48 Verfasser
2578 291 68 49 die
2671 291 276 49 zahlreichen
2973 295 280 50 Vorurtheile

1771 361 87 47 und
1876 362 259 56 Bedenken,
2166 365 169 47 welche
2363 381 142 49 gegen
2535 366 68 47 die
2633 369 85 45 alte
2741 367 145 47 Musik
2916 369 197 48 erhoben
3141 388 84 30 wer-

1770 437 102 55 den,
1916 440 116 46 nicht
2072 440 148 54 theilt;
2261 459 48 29 er
2337 442 203 47 wünscht
2567 459 146 47 sogar,
2752 444 98 48 dass
2878 444 41 47 in
2949 445 84 47 den
3062 447 192 47 Schulen

1772 515 78 45 mit
1876 513 79 47 der
1984 515 332 65 Vorbereitung
2344 517 232 49 derselben
2619 519 231 62 begonnen
2888 521 163 47 werde.
3098 524 48 44 In
3177 522 77 49 der

1771 588 118 47 That
1930 591 50 44 ist
2017 591 146 62 wenig
2203 607 49 31 zu
2298 592 166 56 hoffen,
2506 610 127 30 wenn
2675 594 70 46 die
2774 595 320 65 Gesangkräfte
3135 597 118 49 nicht

1772 665 136 47 schon
1940 665 96 47 früh
2068 665 110 48 dazu
2206 667 275 62 vorgebildet
2509 668 193 47 werden.

1884 741 157 46 Dieser
2068 742 142 46 seiner
2238 742 357 65 Ueberzeugung
2637 743 88 64 gab
2766 743 79 47 der
2877 746 225 48 Verfasser
3135 748 92 49 that-

1771 814 249 47 sächlichen
2065 816 237 48 Ausdruck
2349 818 42 46 in
2446 818 101 47 dem
2601 818 83 47 sub
2726 821 79 46 Nr.
2853 821 32 46 4
2925 822 328 50 verzeichneten

1770 891 370 57 Sammelwerke,
2180 892 152 47 dessen
2363 902 139 39 erster
2529 894 127 47 Band
2692 894 62 47 15
2783 888 174 55 Missae
2986 897 87 46 und
3108 898 20 46 1
3161 898 62 50 Re-

1768 966 160 64 quiem,
1973 967 153 48 dessen
2168 969 178 46 zweiter
2375 969 69 47 80
2474 972 214 46 Motetten
2733 971 180 48 enthält.
2968 973 83 46 Die
3079 975 173 46 Namen

1770 1044 78 46 der
1874 1044 230 47 Verfasser
2130 1044 221 47 entheben
2383 1046 108 47 aller
2519 1047 211 46 weiteren
2759 1047 167 53 Kritik;
2957 1065 102 30 man
3090 1048 137 52 beges-

2917 1090 10 12 -7
3149 1096 24 17 o
3207 1096 24 18 O

1770 1128 73 38 net
1871 1121 99 45 dort
2001 1121 132 50 Lotti,
2163 1121 208 63 Galuppi,
2403 1122 163 54 Casini,
2596 1121 235 57 Bernabei,
2862 1123 263 56 Canniciari,
3155 1127 74 46 Cal-

1768 1194 126 56 dara,
1924 1197 160 54 Casali,
2109 1195 245 58 Casziolini,
2379 1197 260 54 Palestrina,
2666 1195 189 58 Händel,
2878 1198 153 55 Lasso,
3052 1199 203 56 Viltoria,

1768 1272 239 63 Menegali,
2036 1273 184 62 Allegri,
2252 1273 132 58 Perti,
2415 1273 194 56 Martini,
2642 1274 232 55 Berchem,
2899 1274 181 55 Anerio,
3103 1275 154 56 Vechi,

1772 1347 156 54 Croce,
1960 1347 217 54 Viadana,
2218 1349 214 56 Colonna,
2474 1349 159 55 Pitoni,
2676 1349 221 64 Calegari,
2937 1350 156 54 Pisari,
3123 1350 135 58 Cifra,

1770 1424 214 55 Prenner,
2015 1424 189 64 Foggia,
2234 1424 168 64 Giorgi,
2430 1425 176 54 Nanini,
2634 1425 171 56 Palota,
2826 1424 225 57 Willaert,
3079 1428 149 46 Maren-

1771 1500 81 55 zio,
1891 1499 284 56 Tamburini,
2215 1500 187 47 Soriano
2439 1518 40 31 u.
2510 1518 32 31 s.
2572 1518 53 31 w.
2680 1503 60 46 Es
2775 1502 52 47 ist
2866 1503 130 46 somit
3023 1503 69 47 die
3121 1519 137 47 ganze

1770 1576 95 46 Zeit
1894 1575 79 47 der
1999 1575 263 47 classischen
2288 1575 339 48 Kirchenmusik
2656 1584 241 48 vertreten;
2928 1594 44 29 es
2996 1578 146 47 finden
3167 1579 90 47 sich

1772 1653 113 47 auch
1917 1653 183 47 leichter
2128 1651 318 49 verständliche
2478 1653 376 63 Compositionen,
2896 1653 133 48 deren
3060 1654 170 48 Auffüh-

1773 1745 115 47 rung
1918 1729 113 47 auch
2062 1728 85 48 den
2178 1729 213 47 kleinsten
2422 1729 178 48 Chören
2643 1729 191 63 möglich
2876 1730 63 47 ist.
2994 1731 141 46 Unter
3175 1730 85 48 den

1773 1806 159 46 Missen
1973 1805 53 47 ist
2059 1804 71 48 die
2172 1805 235 47 berühmte
3108 1805 159 66 Papae
2893 1813 129 39 unter
3050 1805 85 48 den
3164 1808 64 47 Mo-

1772 1889 135 39 tetten
1946 1881 156 47 stehen
2135 1881 224 55 Psalmen,
2736 1877 310 69 Magnifica
3047 1883 103 62 ßesponsorien
3151 1883 77 45 für
3229 1883 38 47 die

1773 1957 296 59 Charwoche,
2112 1957 294 47 marianische
2443 1957 303 64 Antiphonen,

1780 2034 165 48 Deum.
1978 2035 84 46 Die
2104 2034 223 63 Notirung
2360 2034 53 45 ist
2448 2032 202 58 modern,
2690 2032 70 49 die
2799 2034 220 47 Tonhöhe
3057 2034 79 47 der
3169 2035 98 47 Zeit

1772 2116 253 56 angepasst,
2064 2109 137 47 selbst
2228 2107 71 49 die
2326 2110 183 46 Tactart
2548 2109 64 47 oft
2650 2107 236 49 verändert
2915 2107 76 64 (?);
3036 2109 144 47 ferner
3208 2110 54 47 ist

1773 2185 69 47 die
1865 2186 263 61 Bewegung
2157 2184 140 47 näher
2324 2184 227 47 bestimmt
2578 2184 89 47 und
2697 2182 99 49 dem
2821 2184 282 48 lateinischen
3127 2182 140 50 Texte

1772 2261 98 47 eine
1905 2261 214 47 deutsche
2148 2260 335 54 Uebersetzung
2525 2260 247 54 beigefügt.
2827 2260 439 48 Selbstverständlich

2457 2302 25 21 D
2601 2302 24 21 O
2714 2307 25 16 o

1776 2341 176 46 müssen
1996 2337 69 46 die
2105 2336 171 48 Werke
2318 2336 117 47 ohne
2473 2336 141 62 Orgel
2656 2352 229 47 gesungen
2928 2336 193 48 werden.
3175 2338 92 46 Das

1773 2415 150 45 Ganze
1950 2413 54 46 ist
2034 2412 191 46 wohlfeil
2255 2410 90 47 und
2375 2411 229 47 handsam.

1889 2488 44 50 5.
1964 2488 176 47 Psalm
2176 2487 98 48 137
2311 2488 82 46 für
2424 2487 168 57 Chor,
2636 2487 129 47 Solo
2810 2487 105 47 und
2957 2488 310 49 Orchester

2001 2581 82 31 von
2115 2563 476 64 Georg'Vierling.
2622 2563 85 64 Op.
2740 2562 82 48 22.
2855 2563 196 47 Partitur
3081 2563 30 49 2
3142 2565 124 47 Thlr.

2002 2639 451 49 Orchesterstimmen
2479 2639 30 47 2
2535 2639 121 47 Thlr.
2688 2639 377 65 Clavier-Auszug
3095 2641 19 47 1
3145 2641 122 47 Thlr.

2002 2717 202 55 Breslau,
2242 2716 235 48 Leuekart.

1891 2794 91 45 Das
2012 2792 197 48 Höchste
2251 2792 40 47 in
2328 2792 149 63 jedem
2510 2791 314 63 Kunstzweige
2852 2791 161 63 gehört
3041 2791 79 48 der
3149 2793 92 47 Reli-

1775 2868 102 64 gion
1895 2887 12 36 ;
1937 2868 70 48 die
2034 2868 205 62 religiöse
2265 2868 396 64 Kunstschöpfung
2689 2868 79 47 soll
2796 2867 217 48 demnach
3045 2868 110 47 auch
3184 2869 78 46 das

1775 2944 179 49 Edelste
1989 2946 88 45 und
2109 2946 181 47 Grösste
2333 2946 56 45 im
2421 2944 239 47 Menschen
2702 2944 42 46 in
2782 2944 232 63 Anspruch
3059 2944 203 47 nehmen.

1775 3023 114 46 Dass
1918 3020 69 49 die
2017 3022 335 63 Componisten,
2382 3020 67 47 ich
2482 3020 141 47 meine
2652 3019 69 47 die
2749 3036 81 30 von
2860 3019 78 46 der
2962 3019 196 47 Gottheit
3187 3019 49 50 da-

1773 3116 51 29 zu
1862 3098 280 55 Geweihten,
2184 3097 231 47 derselben
2459 3095 354 64 Ueberzeugung
2857 3112 166 37 waren,
3067 3095 196 47 beweis'l

1773 3175 80 46 der
1883 3174 116 48 hohe
2030 3177 148 52 Ernst,
2220 3174 78 46 mit
2337 3173 99 47 dem
2478 3174 61 46 sie
2580 3188 53 31 an
2678 3173 201 62 religiöse
2910 3173 253 46 Tonwerke
3189 3189 50 47 ge-

1775 3268 199 47 gangen;
2006 3249 90 48 und
2126 3266 129 30 wenn
2285 3249 76 47 das
2388 3249 142 47 Werk
2562 3248 212 47 zuweilen
2807 3248 142 47 hinter
2971 3248 100 47 dem
3100 3249 163 47 Willen

1777 3328 88 46 und
1889 3327 77 47 der
1989 3328 54 46 Er
2057 3325 222 49 kenntniss
2300 3324 306 56 zurückbiieb,
2636 3341 47 30 so
2714 3324 132 47 fehlte
2876 3324 113 47 eben
3018 3323 68 48 die
3116 3324 123 47 künst-

1777 3403 184 47 lerische
1990 3401 328 63 Durchtielüng
2356 3400 108 47 oder
2493 3400 79 47 der
2601 3400 263 47 moralische
2893 3400 136 48 Kern.
3074 3399 112 48 Was
3213 3401 53 45 ist

1776 3497 90 29 nun
1897 3479 111 47 nach
2037 3478 148 47 diesen
2217 3476 323 55 Grundsätzen,
2581 3476 70 47 die
2693 3476 237 63 allerdings
2970 3484 147 55 streng
3153 3475 110 56 sind,

1777 3558 84 45 wie
1903 3572 46 30 es
1983 3555 77 47 das
2100 3554 240 47 kirchliche
2370 3554 160 47 Gebiet
2568 3553 237 54 erheischt,
2852 3569 80 31 von
2977 3553 193 62 Vierling
3211 3569 52 29 zu

1777 3633 184 48 halten?
1990 3631 147 49 Meine
2154 3631 215 63 Meinung
2389 3625 163 52 beruht
2573 3630 79 47 auf
2675 3629 79 47 der
2775 3628 289 64 gründlichen
3088 3629 149 46 Durch-

1776 3709 112 47 sicht
1916 3708 74 47 des
2020 3706 321 49 vorstehenden
2373 3705 197 48 Werkes
2605 3705 145 53 allein,
2797 3704 114 45 kann
2940 3702 89 46 sich
3061 3704 92 48 also
3182 3720 85 31 nur

1778 3786 80 49 auf
1881 3785 140 47 dieses
2051 3784 320 47 beschränken.
2402 3784 84 45 Die
2510 3781 298 64 Composition
2836 3779 77 47 des
2940 3780 196 47 Psalmes
3165 3779 97 49 137

1780 3861 109 48 aber
1931 3861 75 46 hat
2046 3860 115 47 mich
2205 3857 169 50 lebhaft
2417 3856 250 64 befriedigt;
2709 3871 45 31 es
2792 3854 228 48 bekundet
3059 3856 90 46 sich
3192 3855 75 48 der

1782 3939 261 64 Componist
2083 3937 61 47 als
2189 3937 156 46 höchst
2385 3934 209 66 gewandt
2634 3935 40 44 in
2717 3932 79 47 der
2826 3931 323 65 Handhabung
3191 3932 76 47 der

1781 4012 451 65 contrapunktischen
2262 4014 211 53 Formen,
2514 4026 81 31 von
2638 4007 78 49 der
2751 4007 268 49 einfachsten
3050 4009 217 47 Imitation
