3429 4379
1697 190 107 48 256

181 356 40 22 er
249 354 45 24 an
323 341 180 35 mancher
531 337 118 37 Stelle
678 337 124 34 hinter
830 336 123 34 seiner
972 333 174 46 Aufgabe
1174 331 155 37 zurück.
1360 331 79 34 Das
1469 333 97 31 erste
1586 329 120 33 Duett

182 403 83 45 (mit
292 401 98 45 Teil)
417 399 169 45 brachte,
626 395 230 47 ungeachtet
885 406 37 22 er
950 394 59 33 die
1039 390 302 45 Wiederholung
1371 389 64 34 des
1465 388 150 35 Satzes:
1647 385 56 45 „0

443 460 39 33 in
513 459 51 34 As
592 468 105 34 sang,
740 456 59 33 die
829 458 195 30 erwartete
1053 451 192 45 Wirkung
1285 449 106 35 nicht
1431 449 148 42 hervor,
1622 456 78 23 was

181 533 83 22 zum
295 519 108 35 Theil
433 531 59 22 am
522 519 181 42 Vortrage
731 514 75 45 lag,
850 511 209 36 theilweise
1099 510 89 35 aber
1231 509 97 34 auch
1356 509 38 33 in
1424 508 65 34 der
1517 507 64 33 der
1609 505 76 35 Stei-

181 592 145 35 gerung
356 580 64 34 des
450 578 163 35 Effectes
658 573 275 47 einträglichen
962 570 252 45 Behandlung
1256 569 64 33 der
1360 568 174 44 Register
1574 566 129 34 seinen

182 640 129 34 Grund
339 640 113 33 hatte.
498 637 99 33 Herr
624 634 108 35 Gunz
762 634 63 33 hat
853 632 59 34 die
943 629 262 41 Gewohnheit,
1252 627 59 34 die
1339 625 213 45 Mittellage
1579 627 105 43 gröss-

177 698 178 35 tenteils
395 697 97 35 offen
534 707 47 22 zu
620 695 174 41 nehmen,
839 703 62 23 um
943 692 84 32 eine
1070 689 175 45 kräftige,
1295 686 100 35 helle
1433 683 248 36 Tonentwick-

178 759 92 45 lung
299 770 46 22 zu
372 757 212 46 gewinnen.
640 754 131 45 Gegen
813 752 100 34 diese
943 749 189 35 Tonfarbe
1174 749 164 33 nahmen
1380 745 81 35 sich
1506 745 91 33 aber
1646 743 58 33 die

178 818 124 35 hohen
330 818 122 33 Noten
482 813 204 37 auffallend
715 816 91 30 matt
833 823 78 30 aus,
943 820 76 24 was
1048 808 106 35 nicht
1183 808 65 34 der
1268 805 85 37 Fall
1382 815 175 36 gewesen
1587 806 113 41 wäre,

179 890 108 23 wenn
318 878 63 34 der
409 878 144 45 Sänger
578 875 80 35 sich
687 871 242 46 vorwiegend
972 870 66 33 des
1084 867 212 47 gedeckten
1325 868 188 32 Ansatzes
1552 863 154 35 bedient

181 940 113 33 hätte.
325 936 241 45 Gelungener
583 933 223 47 gestalteten
835 930 82 35 sich
947 930 58 34 die
1033 928 193 46 lyrischen
1247 928 178 33 Partieen
1449 924 65 35 des
1543 923 160 34 zweiten

178 998 127 39 Actes,
336 996 76 33 und
440 993 144 36 sowohl
612 994 51 31 im
692 993 139 32 Duette
860 990 69 33 mit
955 987 195 43 Mathilde,
1197 987 72 33 wie
1310 987 50 31 im
1392 986 173 32 Terzette
1596 981 88 34 über-

180 1067 131 34 wogen
343 1055 58 33 die
430 1055 68 33 mit
525 1053 162 34 schöner
713 1050 256 47 Empfindung
997 1060 85 23 zum
1113 1044 203 37 Ausdruck
1345 1043 230 47 gebrachten
1607 1039 77 35 Stel-

177 1115 75 35 len.
283 1116 78 33 Der
387 1112 148 42 Beifall,
566 1112 71 34 den
666 1111 98 34 Herr
793 1110 108 34 Gunz
931 1108 95 34 nach
1059 1107 129 34 diesen
1216 1104 139 36 beiden
1384 1104 205 34 Nummern
1620 1102 63 31 ärn-

178 1181 89 41 tete,
310 1187 76 22 war
428 1175 61 34 ein
529 1172 186 35 lebhafter
754 1170 78 34 und
871 1169 224 34 verdienter.
1151 1165 228 35 Musterhaft
1416 1174 77 23 war
1522 1159 181 37 Fräulein

179 1237 188 34 Krauss
407 1234 56 35 als
504 1232 194 42 Mathilde,
739 1229 222 46 vorzüglich
990 1229 98 33 Herr
1117 1226 189 46 Meyerh
1322 1225 104 34 ofer
1470 1223 56 34 als
1555 1218 120 37 Melch-

179 1295 90 45 thal,
313 1295 85 34 sehr
436 1293 195 45 anmuthig
673 1291 59 35 die
762 1290 177 34 Fräulein
985 1286 247 36 Tellheim
1273 1286 78 33 und
1392 1281 165 38 Bettel
1569 1281 136 35 heim.

179 1357 78 35 Der
285 1355 84 35 Teil
398 1354 63 35 des
489 1355 124 32 Herrn
641 1351 175 47 Bignio
859 1348 148 36 verhält
1048 1347 81 35 sich
1174 1359 46 21 zu
1256 1347 129 44 jenem
1426 1341 165 38 Beck's
1634 1338 72 36 wie

179 1417 82 33 eine
289 1413 281 47 Photographie
600 1424 47 22 zu
676 1412 103 33 einer
807 1408 218 36 kolossalen
1056 1408 141 33 Statue.

282 1476 76 33 Der
386 1472 223 36 Bass-Buffo
637 1471 99 34 Herr
765 1469 123 35 Behr
928 1469 64 33 hat
1033 1469 82 33 sein
1144 1465 193 48 Gastspiel
1372 1477 59 23 am
1460 1462 221 47 Hof-Opern-

178 1535 144 34 theater
364 1532 55 35 als
457 1533 302 45 Bürgermeister
796 1531 39 32 in
875 1526 214 48 Lortzing's
1122 1526 143 45 „Czaar
1292 1525 78 34 und

179 1594 214 46 begonnen.

282 1653 71 33 Am
382 1649 34 40 1.
445 1652 150 45 August
634 1648 91 36 fand
760 1648 65 35 das
854 1652 98 31 erste
1482 1642 66 34 des
1576 1641 126 34 Herrn

181 1712 222 46 Carlberg
433 1712 67 33 mit
528 1712 122 33 seiner
679 1720 67 23 aus
775 1709 148 45 fünfzig
943 1708 152 45 Köpfen
1114 1705 257 37 bestehenden
1391 1702 309 46 Musik-Capelle

176 1775 51 33 im
254 1772 269 35 Blumensaale
552 1771 64 34 der
645 1767 494 37 Gartenbau-Gesellschaft
1176 1767 109 34 Statt.
1339 1766 78 34 Der
1446 1765 153 44 Anfang
1627 1772 78 24 war

176 1846 62 23 um
269 1832 20 36 7
318 1832 91 44 Uhr,
445 1832 63 33 der
535 1829 275 47 Eintrittspreis
838 1826 49 38 30
916 1829 64 33 Kr.
1035 1828 77 34 Zur
1139 1826 242 46 Aufführung
1409 1824 205 47 gelangten
1644 1822 59 35 die

176 1894 220 35 Sinfonieen
424 1893 39 33 in
492 1891 54 35 Es
573 1902 76 24 von
675 1890 141 46 Haydn
857 1889 77 34 und
976 1890 39 33 in
1044 1885 144 38 A-moll
1214 1898 75 23 von
1319 1885 284 44 Mendelssohn,
1644 1883 60 33 die

176 1954 238 35 Ouvertüren
443 1965 48 22 zu
816 1960 76 24 von
913 1948 139 36 Weber
1082 1947 78 36 und
1188 1959 47 22 zu
1491 1956 75 23 von
1595 1944 88 34 Beet-

176 2015 137 42 hoven,
355 2013 59 34 die
443 2012 202 35 Polonaise
682 2020 66 24 aus
776 2007 254 48 Meyerbeer's
1344 2005 77 35 und
1451 2006 61 33 ein
1544 2002 138 48 „Nacht-

372 2074 59 33 für
460 2069 423 39 Streich-Instrumente
913 2080 73 23 von
1016 2069 100 34 Jean
1145 2067 112 46 Vogt.

278 2219 78 33 Der
374 2217 128 45 König
528 2226 74 24 von
623 2213 135 36 Italien
787 2215 64 33 hat
880 2215 70 33 den
981 2212 354 35 Violin-Virtuosen
1364 2211 125 35 Jean
1518 2207 185 36 Becker

174 2280 59 34 für
261 2279 58 34 die
341 2278 206 45 Widmung
567 2277 103 34 eines
689 2274 358 36 Violin-Concertes
1077 2273 68 34 mit
1175 2274 104 33 einer
1298 2269 201 37 kostbaren
1520 2268 161 36 Brillant-

176 2339 113 36 nadel
316 2337 222 37 beschenkt.

279 2469 189 38 Püjris*
515 2471 153 34 Anton
697 2466 288 37 Rubinstein
1030 2466 64 34 hat
1134 2466 39 33 in
1204 2465 102 34 einer
1336 2463 130 35 Soiree
1494 2461 61 36 bei
1585 2462 90 33 Ros-

175 2534 93 34 sini
298 2532 173 45 Samstag
501 2530 70 35 den
602 2526 60 39 29.
692 2528 85 36 Juli
804 2527 172 47 gespielt.

276 2673 179 36 Fräulein
484 2673 253 45 Licbtmay
765 2672 49 34 ist
841 2671 37 33 in
910 2670 63 34 der
1001 2680 156 36 grossen
1188 2668 101 46 Oper
1316 2666 39 35 in
1385 2667 135 34 Paris
1550 2664 55 36 als
1628 2665 49 34 Va-

171 2734 143 35 lentine
341 2735 39 33 in
409 2733 71 35 den
840 2730 67 34 mit
934 2730 212 45 günstigem
1176 2726 156 47 Erfolge
1361 2726 248 46 aufgetreten.

278 2877 75 35 Die
383 2873 437 47 Orchester-Mitglieder
849 2872 65 34 der
941 2881 157 36 grossen
1128 2868 102 47 Oper
1268 2869 39 33 in
1350 2868 107 34 Paris
1500 2866 124 35 haben
1665 2866 41 34 in

177 2939 103 33 einer
321 2934 234 38 ausführlich
583 2934 218 34 motivirten
828 2931 172 47 Eingabe
1045 2941 72 24 von
1160 2930 65 33 der
1258 2929 200 34 Direction
1496 2927 210 47 Erhöhung

175 3000 100 35 ihrer
303 2997 172 36 wirklich
501 3007 66 35 gar
594 3007 48 22 zu
668 2994 226 48 kärglichen
926 2994 132 45 Gagen
1087 2991 186 46 verlangt.
1332 2990 117 35 Diese
1477 3001 74 23 von
1581 2989 117 35 ihnen

174 3059 196 46 verlangte
398 3057 208 45 Erhöhung
644 3055 71 35 soll
756 3055 81 34 sich
880 3055 60 34 für
983 3054 65 35 das
1077 3053 97 36 Jahr
1215 3053 69 34 auf
1321 3052 85 34 eine
1435 3051 155 35 Summe
1629 3061 74 24 von

174 3120 98 35 nahe
309 3130 46 23 an
386 3115 139 47 65,000
552 3116 61 34 Fr.
642 3115 188 35 belaufen.
888 3116 72 33 Ein
1003 3114 193 35 einzelner
1242 3114 146 46 Sänger
1430 3113 129 34 wurde
1600 3111 106 37 nicht

174 3180 121 36 selten
323 3179 119 35 schon
470 3178 153 34 theurer
650 3176 162 36 bezahlt.
859 3176 85 46 (Ein
974 3174 371 46 Künstler-Strike!)

2170 3617 71 50 pte

1800 3677 189 36 erscheint
2020 3677 115 45 jeden
2175 3679 172 46 Samstag
2389 3681 38 32 in
2473 3681 123 33 einem
2638 3692 148 34 ganzen
2821 3681 130 46 Bogen
2997 3681 69 33 mit
3101 3678 238 47 zwanglosen

1800 3728 196 48 Beilagen.
2029 3749 46 4 —
2106 3730 77 33 Der
2206 3730 387 47 Abonnementspreis
2614 3732 149 45 beträgt
2796 3732 61 34 für
2887 3732 64 34 das
2972 3730 190 46 Halbjahr
3189 3728 23 37 2
3226 3729 114 43 Thlr.,

1799 3780 61 35 bei
1889 3780 71 35 den
1983 3781 47 33 K.
2060 3791 142 35 preuss.
2225 3782 312 35 Post-Anstalten
2567 3782 22 36 2
2605 3782 104 35 Thlr.
2735 3782 21 37 5
2777 3782 82 47 Sgr.
2914 3784 97 33 Eine
3040 3780 170 36 einzelne
3231 3782 82 33 Num-

1799 3843 79 23 mer
1905 3831 25 36 4
1959 3831 82 47 Sgr»

1903 3884 127 34 Briefe
2057 3883 80 35 und
2156 3884 278 47 Zusendungen
2469 3885 93 35 aller
2581 3885 70 35 Art
2680 3884 151 36 werden
2860 3889 111 31 unter
3000 3884 64 36 der
3088 3883 166 37 Adresse
3283 3883 61 35 der

1799 3936 51 34 M.
1882 3935 545 47 DuMont-Schauberg'schen
2456 3937 307 46 Buchhandlung
2790 3939 39 32 in
2859 3937 102 35 Köln
2993 3937 163 35 erbeten.

1919 4037 360 35 Verantwortlicher
2308 4037 287 48 Herausgeber:
2627 4038 100 35 Prof.
2761 4037 35 34 L
2800 4063 11 11 ♦
2841 4036 176 46 Bischoff
3040 4039 39 32 in
3109 4037 114 37 Köln.

1876 4089 198 47 Verleger:
2106 4088 54 36 M.
2191 4088 421 49 DuMont-Schauberg
2628 4090 89 34 sehe
2746 4090 304 45 Buchhandlung
3081 4091 39 32 in
3151 4089 114 35 Köln.

1834 4141 191 36 Drucker:
2060 4141 51 35 M.
2143 4140 419 46 DuMont-Schauberg
2591 4142 37 34 in
2659 4141 114 43 Köln,
2812 4142 245 34 Breitstrasse
3087 4141 48 37 76
3162 4154 34 22 u.
3229 4139 61 37 78.

707 3434 459 71 AnkimMpitijeit.

576 3606 192 55 Neue
830 3603 469 55 Musicalien

240 3696 53 34 im
323 3693 159 48 Verlage
509 3706 76 23 von
615 3690 321 48 Breitkopf
960 3690 121 36 und
1110 3687 209 39 Härtel
1347 3689 40 34 in
1415 3688 218 47 Leipzig.

274 3771 52 37 So
357 3771 89 36 eben
476 3770 240 36 erschienen:

167 3834 219 47 Bargiel,
428 3832 50 36 W.
484 3860 9 17 f
525 3831 107 37 Suite
651 3833 78 46 für
757 3832 68 36 das
855 3830 240 48 Pianoforte,
1131 3834 68 43 Op.
1230 3832 62 35 31.
1322 3833 21 32 1
1383 3828 107 37 Thlr.
1520 3829 50 35 15
1601 3829 98 47 Ngr.

167 3886 295 44 Beethoven,
500 3884 48 37 L.
591 3897 90 22 van
690 3911 8 18 y
749 3883 304 36 Trauermarsch
1070 3883 76 47 für
1174 3883 70 36 das
1273 3881 230 47 Pianoforte
1533 3892 68 24 aus
1630 3881 72 35 der

477 3935 142 37 Sonate
651 3938 68 44 Op.
750 3938 60 33 26.
867 3938 21 32 7
895 3934 10 22 1
906 3934 34 49 /2
971 3936 97 46 Ngr.

378 3989 199 36 Cadenzen
604 4001 46 23 zu
677 3987 247 47 Pianoforte-
933 3987 216 36 Concerten.
1181 3988 72 36 Kr.
1285 3989 10 33 I—l
1295 3989 10 33 2.1
1312 3987 111 35 —12.
1467 3998 38 23 n.
1535 3987 22 33 1
1588 3984 108 38 Thlr.

475 4043 23 35 3
530 4041 97 48 Ngr.

377 4093 72 36 Nr.
479 4097 35 31 1.
548 4093 150 36 Cadenz
733 4102 83 24 zum
852 4098 123 29 ersten
1008 4090 109 37 Satze
1147 4091 63 35 des
1241 4097 123 30 ersten
1396 4091 200 37 Concertes
1624 4100 73 25 von

545 4145 47 35 L.
621 4158 33 22 v.
684 4145 229 37 Beethoven.
948 4142 133 39 C-dur,
1111 4158 38 22 n.
1180 4145 22 33 5
1234 4144 95 47 Ngr.

2013 323 72 37 Nr.
2115 325 35 35 2.
2185 323 151 37 Cadenz
2363 336 84 23 zum
2476 329 123 31 ersten
2629 323 109 37 Satze
2784 335 36 23 u.
2849 335 27 25 s.
2907 335 42 24 w.
3005 335 36 23 n.
3073 324 23 35 3
3129 323 96 47 Ngr.

2036 402 17 20 n
2111 376 35 34 3.
3004 387 38 23 n.
3074 377 22 32 7
3102 372 10 23 1
3116 373 34 46 /2
3180 374 98 47 Ngr.

2037 454 18 19 „
2111 430 34 31 4.
2181 425 150 36 Cadenz
2357 439 84 23 zum
2470 433 123 29 ersten
2617 426 111 36 Satze
2757 424 65 37 des
2850 427 151 34 zweiten
3033 428 200 34 Concertes
3261 438 71 25 von

2186 477 43 34 L.
2258 489 34 23 v.
2322 478 225 35 Beethoven.
2576 477 145 35 B-dur.
2750 490 38 21 n.
2819 478 22 33 5
2872 477 97 46 Ngr.

2039 556 16 20 „
2112 531 33 33 5.
2181 528 150 35 Cadenz
2356 541 83 23 zum
2476 534 123 29 ersten
2627 527 110 36 Satze
2763 527 63 35 des
2855 528 143 35 dritten
3032 528 196 35 Concertes
3255 540 74 25 von

2185 579 45 35 L.
2261 592 32 22 v.
2322 579 227 36 Beethoven.
2585 579 145 35 C-moll.
2761 592 36 22 n.
2829 581 23 33 5
2884 581 96 44 Ngr.

2041 658 16 20 „
2115 634 32 32 6.
2182 631 153 35 Cadenz
2362 643 83 23 zum
2474 636 125 30 ersten
2629 630 111 36 Satze
2769 630 63 35 des
2860 630 145 35 vierten
3039 630 196 35 Concertes
3262 643 72 24 von

2184 682 46 34 L.
2261 694 49 21 v.-
2326 682 228 36 Beethoven.
2588 681 140 35 G-dur.
2757 694 37 22 n.
2826 683 22 33 5
2881 681 97 47 Ngr.

2039 736 111 43 ~7.
3010 745 38 22 n.
3078 734 23 33 3
3133 732 99 47 Ngr.

2039 810 16 18 „
2116 786 34 33 8.
2184 783 151 36 Cadenz
2362 796 82 22 zum
2484 784 138 35 Bondo
2663 783 64 35 des
2765 783 146 36 vierten
2951 783 198 36 Concertes
3187 795 72 23 von
3288 783 45 37 L.

2183 847 33 23 v.
2247 835 230 35 Beethoven.
2512 835 139 36 G-dur.
2681 848 38 22 n.
2749 836 22 34 3
2803 834 97 48 Ngr.

2040 913 16 18 „
2115 888 33 33 9.
2183 885 150 36 Cadenz
2359 898 84 22 zum
2472 892 124 30 ersten
2624 885 109 37 Satze
2763 885 63 35 des
2853 885 101 35 nach
2982 885 83 35 dem
3093 884 242 37 Violin-Con-

2185 943 99 29 certe
2316 937 69 46 Op.
2416 940 46 32 61
2495 950 160 34 arrang.
2689 936 208 36 Concertes.
2929 936 147 36 D-dur.
3114 950 38 22 n.
3185 939 22 32 6
3238 936 95 47 Ngr.

2041 1014 16 20 „
2089 991 61 32 10.
2185 988 150 36 Cadenz
2361 1001 83 22 zum
2472 988 138 36 Rondo
2847 988 145 36 D-dur.
3023 1001 35 22 n.
3088 989 22 34 3
3144 988 94 46 Ngr.

2042 1066 17 19 „
2090 1042 60 32 11.
2185 1038 151 37 Cadenz
2368 1052 84 22 zum
2481 1046 124 29 ersten
2635 1038 110 37 Satze
2774 1039 64 35 des
2869 1042 200 34 Concertes
3096 1051 72 23 von
3208 1038 51 34 W.
3292 1038 42 37 A.

2187 1091 162 35 Mozart.
2378 1091 158 35 D-moll.
2566 1104 37 22 n.
2632 1093 23 33 5
2686 1090 97 47 Ngr.

2041 1168 17 19 „
2089 1144 61 32 12.
2186 1141 151 37 Cadenz
2364 1154 83 23 zum
2475 1142 138 35 Rondo
2850 1141 156 37 D-moll.
3036 1154 38 23 n.
3105 1141 23 35 3
3160 1140 98 46 Ngr.

1805 1189 197 47 Bürgel,
2037 1191 191 37 CSuite
2255 1192 41 36 in
2325 1196 24 32 4
2378 1192 140 36 Sätzen
2538 1194 79 46 für
2644 1192 70 35 das
2742 1191 159 48 Pianof.
2938 1195 68 43 Op.
3038 1195 34 33 6.
3130 1195 18 31 1
3189 1191 107 35 Thlr.

2012 1245 23 33 2
2069 1245 193 35 Balladen
2291 1245 78 46 für
2408 1245 81 35 eine
2517 1245 81 35 Alt-
2636 1244 92 35 oder
2756 1244 311 36 Baritonstimme
3094 1244 66 34 mit
3188 1242 147 48 Beglei-

2115 1301 94 42 tung
2237 1296 65 35 des
2329 1294 153 49 Pianof
2483 1302 86 30 orte.
2606 1298 66 43 Op.
2705 1298 60 33 12.
2822 1299 49 32 17
2878 1296 9 21 1
2887 1306 36 33 /2
2955 1296 96 47 Ngr.

1806 1345 189 44 Depros
2004 1357 18 23 s
2034 1357 36 34 e,
2100 1348 113 34 A3
2244 1347 143 35 Lieder
2406 1349 77 45 für
2503 1348 89 35 zwei
2610 1347 187 36 weibliche
2819 1346 183 37 Stimmen
3024 1347 66 34 mit
3110 1346 227 47 Begleitung

2115 1399 64 35 des
2208 1398 152 46 Pianof
2361 1405 88 29 orte.
2484 1398 68 46 Op.
2583 1402 60 32 16.
2700 1400 49 34 25
2782 1399 95 46 Ngr.

1809 1445 150 46 Gade,
2001 1448 137 37 Niels
2178 1450 65 46 TV.,
2272 1448 143 37 Sonate
2446 1451 73 35 Nr.
2549 1453 20 31 1
2592 1451 78 45 für
2699 1450 151 46 Pianof
2851 1456 75 29 orte
2954 1449 83 36 und
3074 1448 158 36 Violine.
3264 1447 73 35 Ar-

2114 1514 112 34 rang.
2247 1501 79 46 für
2354 1501 69 36 das
2446 1501 158 46 Pianof.
2633 1514 47 23 zu
2698 1505 25 31 4
2742 1501 174 36 Händen
2943 1513 74 24 von
3046 1501 110 46 Aug.
3190 1501 145 35 Horn.

2121 1556 67 42 Op.
2221 1556 33 32 6.
2309 1555 23 32 2
2365 1552 103 36 Thlr.

1804 1600 301 51 Holländer,
2136 1604 59 44 A.,
2228 1602 344 38 Charakterstücke
2591 1604 76 48 für
2695 1604 71 35 das
2795 1603 152 47 Pianof
2948 1610 77 29 orte
3052 1616 46 23 zu
3125 1604 82 35 vier
3225 1602 112 36 Hän-

2113 1656 87 35 den.
2236 1658 66 43 Op.
2335 1658 33 34 9.
2425 1659 20 32 1
2479 1654 104 38 Thlr.

2012 1708 22 33 6
2062 1706 140 37 Duette
2216 1708 78 45 für
2324 1706 157 47 Sopran
2523 1707 83 36 und
2635 1706 67 37 Alt
2741 1707 67 35 mit
2835 1706 228 48 Begleitung
3100 1706 65 36 des
3194 1705 143 36 Piano•

2103 1759 120 43 forte.
2259 1761 66 43 Op.
2360 1762 62 33 10.
2478 1761 50 33 25
2560 1759 97 47 Ngr.

1803 1804 152 50 Liszt,
1985 1807 61 46 F.,
2077 1808 234 49 Symphonie
2346 1823 46 23 zu
2420 1811 161 35 Dantes
2610 1810 148 37 Divina
2790 1809 215 37 Commedia
3030 1809 75 45 für
3139 1807 199 37 Orchester

2112 1862 84 36 und
2225 1861 174 47 Sopran-
2427 1862 83 36 und
2538 1861 201 39 Alt-Chor.
2770 1861 196 37 Stimmen.
3020 1864 52 34 10
3109 1861 106 35 Thlr.

1804 1907 278 53 Leonhard,
2113 1913 35 36 J.
2180 1913 59 44 E.,
2270 1913 199 37 Johannes
2500 1913 70 36 der
2600 1912 156 48 Täufer.
2792 1913 223 36 Oratorium
3043 1913 42 35 in
3112 1911 89 37 zwei
3230 1911 108 35 Thei-

2116 1966 61 36 len
2206 1966 101 35 nach
2340 1966 149 35 Worten
2516 1965 69 35 der
2606 1964 164 49 heiligen
2792 1964 161 49 Schrift.
2984 1967 66 44 Op.
3074 1966 61 36 25.
3168 1962 170 38 Ciavier-

2116 2019 163 45 Auszug.
2338 2020 21 33 6
2396 2017 107 36 Thlr.
2535 2020 50 33 20
2617 2018 96 46 Ngr.

1805 2062 114 38 Nott
1932 2066 48 35 eb
1992 2067 97 35 ohm
2098 2094 9 18 y
2141 2068 353 36 GVariationen
2522 2069 93 35 über
2644 2068 61 36 ein
2742 2068 142 35 Thema
2912 2080 73 23 von
3004 2068 38 35 J.
3069 2067 39 36 S.
3131 2067 110 35 Bach
3261 2067 78 46 für

2115 2120 70 35 das
2213 2119 154 47 Pianof
2368 2126 78 29 orte
2472 2132 46 23 zu
2546 2124 25 31 4
2599 2120 185 35 Händen.
2818 2119 68 45 Op.
2918 2122 61 32 17.
3034 2122 21 33 1
3096 2119 106 36 Thlr.

1802 2165 101 37 Rhe
1912 2167 251 51 inberger,
2192 2171 113 47 Jos.,
2335 2174 24 33 3
2389 2172 124 35 ldeine
2539 2171 301 36 ConcertstücTce.
2872 2171 73 36 Nr.
2965 2173 35 33 1.
3032 2171 74 36 Die
3126 2169 113 49 Jagd.
3264 2169 76 36 Lm-

2109 2229 195 39 promptu.
2335 2223 73 35 Nr.
2424 2225 35 33 2.
2489 2223 220 36 Toccatina.
2740 2222 74 36 Nr.
2832 2224 36 34 3.
2886 2221 112 49 Fuge
3007 2223 79 46 für
3108 2223 69 35 das
3192 2222 148 36 Piano-

2102 2275 120 46 forte.
2258 2277 67 43 Op.
2356 2276 34 34 5.
2446 2276 49 34 25
2528 2274 96 48 Ngr.

1803 2321 159 48 Rietz,
2001 2324 50 45 t/.,
2089 2325 270 37 Altdeutscher
2389 2325 325 49 Schlachtgesang
2742 2326 77 47 für
2848 2326 274 47 einstimmigen
3151 2326 188 35 Männer-

2117 2378 91 35 chor
2229 2378 84 35 und
2337 2378 210 35 Orchester.
2584 2380 69 43 Op.
2671 2381 59 32 12.
2767 2376 384 37 Orchesterstimmen.
3183 2380 22 31 2
3234 2376 108 36 Thlr.

1804 2423 296 52 Schumann,
2147 2429 315 36 RCarneval.
2509 2428 173 49 Arrang.
2716 2430 76 46 für
2832 2429 70 35 das
2930 2428 153 49 Pianof
3084 2435 77 30 orte
3188 2441 47 23 zu
3261 2428 81 36 vier

2115 2481 186 37 Händen.
2338 2487 67 39 Op.
2436 2484 33 32 9.
2525 2483 24 33 2
2587 2481 106 36 Thlr.
2726 2484 21 32 7
2753 2481 11 22 1
2765 2482 33 47 /2
2829 2481 97 47 Ngr.

1812 2528 67 37 Th
1889 2542 144 35 omas,
2065 2532 44 36 G.
2140 2535 45 34 A.
2194 2562 8 16 y
2234 2536 22 33 6
2293 2533 110 35 Trios
2430 2533 92 35 über
2552 2533 188 36 bekannte
2771 2532 380 37 Choral-Melodieen
3170 2533 80 46 für
3279 2530 59 38 die

2121 2585 125 47 Orgel.
2281 2587 69 44 Op.
2382 2587 34 34 8.
2472 2587 49 33 15
2553 2585 97 47 Ngr.

1816 2632 132 49 Vogt,
1979 2634 138 47 Jean,
2148 2639 22 33 6
2201 2635 248 37 Salonstücke
2468 2637 79 46 für
2576 2637 70 35 das
2675 2635 242 47 Pianoforte.
2954 2637 67 44 Op.
3053 2637 59 34 73.
3161 2637 49 34 25
3243 2635 95 47 Ngr.

1816 2684 258 49 Wohlfahr
2086 2693 33 39 t,
2158 2687 435 39 HKinder-Ciavier
2596 2689 125 35 schule
2762 2688 92 36 oder
2881 2688 277 36 musicalisches
3185 2686 157 36 A-B-C-

2115 2740 84 35 -
2217 2740 195 36 Lesebuch
2429 2740 78 46 für
2526 2743 124 44 junge
2669 2740 383 47 Pianofortespieler.
3083 2742 61 34 15.
3166 2739 172 47 Auflage.

2117 2795 20 31 1
2176 2792 107 37 Thlr.

1815 2838 164 50 Wolff,
2010 2841 60 48 jB.,
2102 2842 138 37 Bilder
2268 2856 71 23 aus
2368 2844 83 35 dem
2481 2844 200 35 Tonleben.
2712 2843 265 37 Phantasieen
2996 2844 80 46 für
3101 2842 70 37 das
3194 2841 143 36 Piano-

2108 2896 121 45 forte.
2265 2898 68 44 Op.
2364 2899 60 34 10.
2482 2898 49 32 22
2535 2896 11 21 a
2550 2896 32 46 /2
2613 2895 99 48 Ngr.

1910 3001 78 35 Ein
2007 3004 157 45 junger,
2205 3004 359 35 unverheiratheter
2592 3003 187 44 Musiker,
2824 3002 69 36 der
2928 3002 93 35 über
3056 3001 103 35 seine
3187 3000 150 36 wissen-

1803 3051 256 47 schaftlichen
2094 3054 84 35 und
2216 3055 303 36 künstlerischen
2549 3054 175 46 Studien,
2768 3054 67 36 wie
2881 3054 92 35 über
3013 3053 103 36 seine
3158 3051 184 47 bisherige

1804 3103 218 49 Thätigkeit
2050 3105 60 36 die
2140 3107 325 46 empfehlendsten
2497 3107 203 48 Zeugnisse
2728 3107 257 46 aufzuweisen
3015 3105 67 35 hat
3085 3135 8 16 :
3121 3104 110 36 sucht
3260 3103 80 36 eine

1804 3154 228 50 Anstellung
2062 3159 57 35 als
2147 3159 153 36 Lehrer
2327 3160 92 35 oder
2448 3159 189 47 Dirigent.
2672 3160 83 46 Gef
2783 3159 171 45 Offerten
2983 3158 102 35 bittet
3112 3170 92 22 man
3232 3161 112 30 unter

1809 3209 42 35 G.
1886 3208 44 35 G.
1966 3210 72 35 Nr.
2069 3213 25 31 4
2114 3216 101 40 post.
2245 3216 86 30 rest.
2363 3212 158 46 Leipzig
2550 3211 265 36 einzusenden.

1906 3307 87 36 Alle
2020 3308 42 35 in
2086 3308 132 36 dieser
2244 3309 322 48 Musik-Zeitung
2592 3309 292 46 besprochenen
2920 3309 86 35 und
3030 3307 317 48 angekündigten

1802 3358 236 37 Musicalien
2066 3366 67 31 etc.
2169 3360 92 36 sind
2292 3374 49 22 zu
2372 3362 179 35 erhalten
2578 3362 42 35 in
2646 3362 72 35 der
2744 3367 92 30 stets
2860 3360 236 47 vollständig
3121 3359 224 35 assortirten

1801 3411 477 49 Musicalien-Handlung
2297 3413 87 35 und
2400 3413 256 36 Leihanstalt
2679 3425 76 24 von
2776 3412 317 36 BERNHARD
3114 3408 231 38 BREUER

1798 3463 44 35 in
1869 3462 119 45 Köln,
2022 3477 135 33 grosse
2181 3465 260 47 Budengasse
2472 3467 75 34 Nr.
2578 3470 35 40 1,
2656 3478 42 22 so
2741 3465 72 35 wie
2854 3465 60 35 bei
2941 3465 37 34 J.
3015 3464 81 36 FR.
3138 3461 206 42 WEBER,

1803 3514 132 36 Hohle
1966 3516 76 36 Nr.
2070 3519 37 34 1.
