2969 5316
473 271 871 153 BRUNO'S
1476 268 877 152 WEEKLY

116 480 247 67 Edited
414 481 98 79 by
566 483 238 64 Guido
861 485 241 62 Bruno
1157 485 73 62 in
1288 483 107 64 his
1450 483 263 64 Garret
1769 505 96 41 on
1921 481 473 78 Washington
2458 481 271 78 Square

114 654 408 59 MONDAY

1019 657 237 73 JULY
1312 657 93 70 12,
1469 652 356 65 MCMXV

2468 652 158 60 Vol.
2668 652 32 60 I

121 857 129 66 The
275 861 187 76 proof
494 859 128 66 that
665 859 210 80 liberty
917 869 47 56 is
1010 859 97 66 the
1152 861 195 64 divine
1391 861 164 64 ideal
1594 861 80 76 of
1704 886 166 48 man,
1930 871 45 52 is
2021 859 129 64 that
2175 857 107 66 she
2311 867 47 56 is

111 983 98 66 ihe
240 984 140 77 first
423 986 201 64 dream
666 984 80 78 of
770 984 216 80 youth,
1041 986 130 64 and
1210 986 130 64 that
1381 986 107 64 she
1533 986 141 64 does
1723 996 102 54 not
1855 986 159 76 fade
2046 984 163 78 from
2253 1008 108 41 our

113 1110 128 62 soul
284 1110 152 64 until
477 1137 106 37 our
624 1110 168 66 heart
836 1121 45 55 is
927 1111 281 65 withered
1247 1111 129 65 and
1415 1137 108 39 our
1564 1111 168 63 mind
1770 1110 187 64 either
1984 1110 266 64 debased
2294 1135 67 37 or

114 1235 405 80 discouraged.
624 1237 190 64 There
856 1247 47 54 is
953 1248 99 53 not
1097 1262 38 39 a
1179 1237 138 64 soul
1357 1247 217 68 twenty
1613 1259 179 56 years
1843 1237 107 64 old
1992 1235 129 64 that
2167 1245 47 54 is
2262 1243 99 56 not

113 1360 359 76 republican.
577 1360 189 65 There
798 1370 45 55 is
875 1372 100 54 not
1003 1387 39 38 a
1076 1362 273 76 decayed
1374 1362 173 64 heart
1577 1360 132 66 that
1738 1370 48 55 is
1818 1372 101 54 not
1947 1360 235 66 servile.

1558 1507 314 78 Alphonse
1904 1507 72 65 de
2004 1506 352 66 Lamartine

116 1716 225 117 Les
387 1716 837 118 Confidences:
1271 1719 372 141 Being
1687 1718 210 115 the
1957 1714 773 122 Confessions

114 1882 136 117 of
314 1927 80 72 a
458 1882 664 117 Self-made
1186 1882 657 117 American

122 2095 125 64 IN
286 2093 118 68 the
445 2092 300 71 solitude
784 2093 84 68 of
916 2115 117 60 my
1070 2103 237 70 garret
1342 2093 178 68 have
1569 2097 34 64 I
1640 2093 302 82 thought
1979 2092 215 69 about
2237 2092 91 69 all
2367 2092 140 67 this
2541 2090 154 69 busi-

242 2219 162 45 ness
450 2197 152 69 that
645 2198 61 66 is
755 2197 256 81 setting
1058 2197 251 67 aflame
1353 2198 171 66 with
1571 2197 317 67 barbaric
1933 2220 166 58 rage
2145 2220 136 46 one
2325 2195 225 71 world
2596 2197 137 66 and

118 2307 315 81 creating
497 2308 427 76 uneasiness,
995 2308 481 82 constraining
1541 2308 326 82 personal
1939 2308 248 82 liberty
2255 2308 141 66 and
2463 2308 271 80 sowing

122 2417 115 66 the
274 2417 200 66 seeds
511 2417 81 66 of
630 2417 250 67 hatred
916 2437 259 61 among
1209 2417 323 67 brothers
1569 2417 70 69 in
1676 2417 119 69 the
1828 2417 222 67 other.

288 2586 165 68 And
496 2586 291 68 because
833 2584 32 66 I
907 2608 112 46 am
1061 2608 90 42 an
1190 2584 378 70 American
1612 2586 266 78 citizen,
1922 2591 140 63 and
2101 2591 293 63 because
2440 2588 34 66 I
2518 2584 218 68 thank

123 2694 114 66 the
279 2694 406 82 belligerent
726 2694 354 66 countries
1127 2696 116 64 for
1288 2716 192 46 some
1525 2696 80 64 of
1646 2696 118 66 the
1805 2696 150 64 best
1999 2694 138 68 and
2179 2708 185 54 most
2408 2693 325 67 essential

125 2804 229 80 things
399 2804 82 66 of
521 2826 117 58 my
680 2803 146 78 life,
877 2806 29 64 I
958 2804 137 65 feel
1138 2804 150 65 that
1332 2803 32 64 I
1409 2813 189 56 must
1637 2803 197 67 voice
1876 2803 195 67 these
2115 2806 333 76 thoughts
2492 2806 83 63 of
2619 2823 114 54 my

123 2911 298 68 solitude
484 2911 139 66 and
682 2911 122 64 tell
863 2911 190 66 them
1117 2920 71 55 to
1246 2933 157 58 you,
1466 2909 161 66 who
1690 2931 184 44 were
1933 2911 177 66 born
2171 2913 138 62 and
2370 2909 232 68 raised
2663 2920 71 54 in

125 3021 342 76 America,
528 3019 137 68 and
726 3019 159 67 who
943 3019 223 80 might
1222 3021 224 65 better
1505 3019 434 67 understand
1998 3019 188 67 after
2243 3019 158 77 this,
2463 3021 139 65 and
2662 3030 71 54 to

120 3152 135 57 you
320 3128 159 68 who
538 3150 120 47 are
718 3128 284 66 citizens
1065 3150 76 44 as
1202 3128 30 63 I
1295 3150 114 44 am
1468 3128 90 79 by
1615 3150 176 57 your
1854 3150 159 44 own
2074 3128 254 76 choice,
2392 3128 124 66 but
2574 3130 159 62 who

122 3238 296 78 perhaps
470 3236 141 66 had
660 3258 213 44 never
924 3235 166 66 time
1143 3258 81 44 or
1275 3235 406 66 inclination
1734 3257 79 45 or
1864 3236 115 63 the
2030 3233 328 69 intuition
2411 3245 71 56 to
2536 3235 200 64 think

120 3346 212 65 about
374 3345 52 64 it
472 3345 110 66 all.

291 3516 183 67 Well
525 3517 88 65 do
665 3516 31 64 I
753 3514 385 66 remember
1187 3514 117 66 the
1354 3516 134 64 dav
1537 3536 90 44 on
1676 3514 227 66 which
1954 3514 32 64 I
2038 3514 322 66 resolved
2413 3524 71 56 to
2533 3514 203 66 make

1445 3583 19 11 •0

127 3626 132 64 this
304 3636 297 69 country
643 3646 115 59 my
801 3644 179 46 own.
1105 3622 63 65 It
1209 3644 144 46 was
1397 3622 243 82 nearly
1681 3646 39 44 a
1759 3644 168 60 year
1971 3622 189 66 after
2203 3644 117 58 my
2364 3621 259 67 arrival
2667 3622 71 65 in

123 3736 112 62 the
286 3732 262 68 United
601 3734 249 66 States.
983 3732 29 63 I
1060 3731 139 66 had
1246 3732 147 80 just
1439 3731 295 66 finished
1783 3731 294 79 reading
2121 3731 117 66 the
2284 3731 317 81 writings
2653 3731 80 66 of

123 3841 358 66 Abraham
526 3841 314 66 Lincoln.
965 3839 32 64 I
1043 3839 276 66 wanted
1363 3849 73 56 to
1478 3839 83 68 be
1603 3859 39 44 a
1685 3839 245 66 citizen
1976 3839 81 64 of
2099 3837 117 68 the
2259 3851 296 68 country
2596 3837 137 68 this

123 3973 159 44 man
321 3951 138 66 had
496 3949 184 68 lived
719 3949 139 68 and
897 3949 288 66 worked
1224 3949 139 64 and
1402 3947 235 82 finally
1676 3947 159 68 died
1878 3949 137 64 for.

291 4100 200 68 Hero
550 4100 342 79 worship!
1039 4100 138 64 But
1236 4098 161 66 how
1459 4100 31 64 I
1554 4098 234 66 would
1849 4098 174 66 wish
2084 4108 73 56 to
2218 4098 83 66 be
2362 4120 74 44 as
2497 4120 239 59 young

123 4208 242 83 again!
469 4208 125 81 My
635 4208 216 66 ideals
892 4208 273 65 carried
1204 4230 110 44 me
1353 4207 167 66 with
1561 4205 438 68 uncurtaiied
2042 4205 223 81 wings
2306 4205 168 81 high
2516 4207 218 66 above

123 4318 90 68 all
267 4317 320 67 material
643 4328 290 56 matters
936 4317 307 67 —above
1300 4313 625 83 disappointments
1983 4327 121 54 not
2165 4315 248 78 spared
2470 4327 73 56 to
2601 4337 133 57 any

123 4427 82 66 of
245 4449 97 55 us,
389 4428 137 65 and
567 4427 91 64 all
697 4427 202 66 those
939 4425 177 66 little
1160 4425 331 66 disasters
1534 4423 228 66 which
1805 4447 120 44 are
1966 4435 155 68 part
2164 4425 83 64 of
2287 4447 131 42 our
2458 4425 192 66 lives.

118 4677 276 66 Copyright
433 4679 71 54 19
516 4679 71 54 /5
622 4676 65 64 by
721 4677 172 56 Guldo
924 4674 183 57 Bruno
