<?xml version="1.0" encoding="UTF-8"?>
<alto xmlns:xsi="http://www.w3.org/2001/XMLSchema-instance" xmlns="http://www.loc.gov/standards/alto/ns-v2#" xsi:schemaLocation="http://www.loc.gov/standards/alto/ns-v2# http://www.loc.gov/standards/alto/alto-v2.0.xsd" xmlns:xlink="http://www.w3.org/1999/xlink">
	<Description>
		<MeasurementUnit>mm10</MeasurementUnit>
		<sourceImageInformation>
			<fileName>//fileserver7/IN2/Princeton/Batch2/bmtnaaq/1915/07/12_01/00000004.tif</fileName>
		</sourceImageInformation>
		<OCRProcessing ID="OCRPROCESSING_1">
			<preProcessingStep>
				<processingSoftware>
					<softwareCreator>CCS Content Conversion Specialists GmbH, Germany</softwareCreator>
					<softwareName>CCS docWORKS</softwareName>
					<softwareVersion>6.6-0.29</softwareVersion>
				</processingSoftware>
			</preProcessingStep>
			<ocrProcessingStep>
				<processingSoftware>
					<softwareCreator>ABBYY (BIT Software), Russia</softwareCreator>
					<softwareName>FineReader</softwareName>
					<softwareVersion>10.0</softwareVersion>
				</processingSoftware>
			</ocrProcessingStep>
		</OCRProcessing>
	</Description>
	<Styles>
		<TextStyle ID="TXT_0" FONTSIZE="10" FONTFAMILY="Times New Roman"/>
		<ParagraphStyle ID="PAR_LEFT" ALIGN="Left"/>
		<ParagraphStyle ID="PAR_RIGHT" ALIGN="Right"/>
		<ParagraphStyle ID="PAR_BLOCK" ALIGN="Block"/>
	</Styles>
	<Layout>
		<Page ID="P2" PHYSICAL_IMG_NR="2" HEIGHT="5316" WIDTH="2969" PRINTED_IMG_NR="2" PC="0.887">
			<TopMargin ID="P2_TM00001" HPOS="0" VPOS="0" WIDTH="2969" HEIGHT="203">
				<TextBlock ID="P2_TB00001" HPOS="193" VPOS="117" WIDTH="42" HEIGHT="61" STYLEREFS="TXT_0 PAR_LEFT">
					<TextLine ID="P2_TL00001" HPOS="193" VPOS="117" WIDTH="42" HEIGHT="61">
						<String ID="P2_ST00001" HPOS="193" VPOS="117" WIDTH="42" HEIGHT="61" CONTENT="2" WC="1.00" CC="0"/>
					</TextLine>
				</TextBlock>
				<TextBlock ID="P2_TB00002" HPOS="1068" VPOS="120" WIDTH="883" HEIGHT="80" STYLEREFS="TXT_0 PAR_RIGHT">
					<TextLine ID="P2_TL00002" HPOS="1073" VPOS="124" WIDTH="875" HEIGHT="73">
						<String ID="P2_ST00002" HPOS="1073" VPOS="124" WIDTH="399" HEIGHT="65" CONTENT="BRUNO'S" WC="0.99" CC="6002005"/>
						<SP ID="P2_SP00001" HPOS="1472" VPOS="189" WIDTH="56"/>
						<String ID="P2_ST00003" HPOS="1528" VPOS="124" WIDTH="420" HEIGHT="73" CONTENT="WEEKLY" WC="0.97" CC="077472"/>
					</TextLine>
				</TextBlock>
			</TopMargin>
			<LeftMargin ID="P2_LM00001" HPOS="0" VPOS="203" WIDTH="5" HEIGHT="5106"/>
			<RightMargin ID="P2_RM00001" HPOS="2962" VPOS="203" WIDTH="7" HEIGHT="5106"/>
			<BottomMargin ID="P2_BM00001" HPOS="0" VPOS="5309" WIDTH="2969" HEIGHT="7"/>
			<PrintSpace ID="P2_PS00001" HPOS="5" VPOS="203" WIDTH="2957" HEIGHT="5106">
				<TextBlock ID="P2_TB00003" HPOS="189" VPOS="273" WIDTH="2631" HEIGHT="4337" STYLEREFS="TXT_0 PAR_BLOCK">
					<TextLine ID="P2_TL00003" HPOS="371" VPOS="282" WIDTH="2449" HEIGHT="102">
						<String ID="P2_ST00004" HPOS="371" VPOS="284" WIDTH="32" HEIGHT="64" CONTENT="I" WC="0.72" CC="2"/>
						<SP ID="P2_SP00002" HPOS="403" VPOS="348" WIDTH="42"/>
						<String ID="P2_ST00005" HPOS="445" VPOS="282" WIDTH="139" HEIGHT="68" CONTENT="had" WC="0.96" CC="560"/>
						<SP ID="P2_SP00003" HPOS="584" VPOS="350" WIDTH="42"/>
						<String ID="P2_ST00006" HPOS="626" VPOS="285" WIDTH="317" HEIGHT="68" CONTENT="admired" WC="0.98" CC="4046500"/>
						<SP ID="P2_SP00004" HPOS="943" VPOS="353" WIDTH="42"/>
						<String ID="P2_ST00007" HPOS="985" VPOS="287" WIDTH="409" HEIGHT="70" CONTENT="Alexander" WC="0.99" CC="040491000"/>
						<SP ID="P2_SP00005" HPOS="1394" VPOS="357" WIDTH="44"/>
						<String ID="P2_ST00008" HPOS="1438" VPOS="294" WIDTH="115" HEIGHT="66" CONTENT="the" WC="0.97" CC="340"/>
						<SP ID="P2_SP00006" HPOS="1553" VPOS="360" WIDTH="44"/>
						<String ID="P2_ST00009" HPOS="1597" VPOS="296" WIDTH="247" HEIGHT="77" CONTENT="Great;" WC="0.98" CC="000936"/>
						<SP ID="P2_SP00007" HPOS="1844" VPOS="373" WIDTH="51"/>
						<String ID="P2_ST00010" HPOS="1895" VPOS="297" WIDTH="365" HEIGHT="80" CONTENT="Napoleon" WC="0.98" CC="07706047"/>
						<SP ID="P2_SP00008" HPOS="2260" VPOS="377" WIDTH="46"/>
						<String ID="P2_ST00011" HPOS="2306" VPOS="299" WIDTH="139" HEIGHT="66" CONTENT="had" WC="0.97" CC="600"/>
						<SP ID="P2_SP00009" HPOS="2445" VPOS="377" WIDTH="42"/>
						<String ID="P2_ST00012" HPOS="2487" VPOS="302" WIDTH="165" HEIGHT="65" CONTENT="beer," WC="0.98" CC="80034"/>
						<SP ID="P2_SP00010" HPOS="2652" VPOS="377" WIDTH="50"/>
						<String ID="P2_ST00013" HPOS="2702" VPOS="324" WIDTH="118" HEIGHT="60" CONTENT="my" WC="0.25" CC="49"/>
					</TextLine>
					<TextLine ID="P2_TL00004" HPOS="200" VPOS="389" WIDTH="2619" HEIGHT="98">
						<String ID="P2_ST00014" HPOS="200" VPOS="389" WIDTH="184" HEIGHT="67" CONTENT="ideal" WC="0.97" CC="38006"/>
						<SP ID="P2_SP00011" HPOS="384" VPOS="456" WIDTH="54"/>
						<String ID="P2_ST00015" HPOS="438" VPOS="392" WIDTH="116" HEIGHT="66" CONTENT="for" WC="0.99" CC="002"/>
						<SP ID="P2_SP00012" HPOS="554" VPOS="458" WIDTH="47"/>
						<String ID="P2_ST00016" HPOS="601" VPOS="414" WIDTH="224" HEIGHT="59" CONTENT="years." WC="1.00" CC="000103"/>
						<SP ID="P2_SP00013" HPOS="825" VPOS="473" WIDTH="138"/>
						<String ID="P2_ST00017" HPOS="963" VPOS="397" WIDTH="270" HEIGHT="80" CONTENT="Power," WC="0.99" CC="650003"/>
						<SP ID="P2_SP00014" HPOS="1233" VPOS="477" WIDTH="56"/>
						<String ID="P2_ST00018" HPOS="1289" VPOS="401" WIDTH="335" HEIGHT="81" CONTENT="strength," WC="0.99" CC="000070263"/>
						<SP ID="P2_SP00015" HPOS="1624" VPOS="482" WIDTH="54"/>
						<String ID="P2_ST00019" HPOS="1678" VPOS="402" WIDTH="540" HEIGHT="70" CONTENT="determination" WC="1.00" CC="0050201004400"/>
						<SP ID="P2_SP00016" HPOS="2218" VPOS="482" WIDTH="54"/>
						<String ID="P2_ST00020" HPOS="2272" VPOS="409" WIDTH="82" HEIGHT="64" CONTENT="of" WC="0.81" CC="03"/>
						<SP ID="P2_SP00017" HPOS="2354" VPOS="482" WIDTH="50"/>
						<String ID="P2_ST00021" HPOS="2404" VPOS="409" WIDTH="163" HEIGHT="78" CONTENT="will," WC="0.97" CC="42561"/>
						<SP ID="P2_SP00018" HPOS="2567" VPOS="487" WIDTH="52"/>
						<String ID="P2_ST00022" HPOS="2619" VPOS="414" WIDTH="150" HEIGHT="63" CONTENT="mak" SUBS_TYPE="HypPart1" SUBS_CONTENT="making" WC="0.98" CC="102"/>
						<HYP HPOS="2769" VPOS="414" WIDTH="50" CONTENT="-"/>
					</TextLine>
					<TextLine ID="P2_TL00005" HPOS="200" VPOS="499" WIDTH="2620" HEIGHT="96">
						<String ID="P2_ST00023" HPOS="200" VPOS="499" WIDTH="122" HEIGHT="79" CONTENT="ing" SUBS_TYPE="HypPart2" SUBS_CONTENT="making" WC="0.97" CC="503"/>
						<SP ID="P2_SP00019" HPOS="322" VPOS="578" WIDTH="50"/>
						<String ID="P2_ST00024" HPOS="372" VPOS="500" WIDTH="200" HEIGHT="66" CONTENT="other" WC="0.98" CC="04006"/>
						<SP ID="P2_SP00020" HPOS="572" VPOS="578" WIDTH="51"/>
						<String ID="P2_ST00025" HPOS="623" VPOS="502" WIDTH="244" HEIGHT="80" CONTENT="people" WC="0.98" CC="604670"/>
						<SP ID="P2_SP00021" HPOS="867" VPOS="582" WIDTH="52"/>
						<String ID="P2_ST00026" HPOS="919" VPOS="504" WIDTH="90" HEIGHT="68" CONTENT="do" WC="1.00" CC="00"/>
						<SP ID="P2_SP00022" HPOS="1009" VPOS="582" WIDTH="53"/>
						<String ID="P2_ST00027" HPOS="1062" VPOS="506" WIDTH="189" HEIGHT="69" CONTENT="what" WC="0.98" CC="7003"/>
						<SP ID="P2_SP00023" HPOS="1251" VPOS="582" WIDTH="49"/>
						<String ID="P2_ST00028" HPOS="1300" VPOS="507" WIDTH="87" HEIGHT="66" CONTENT="he" WC="0.65" CC="70"/>
						<SP ID="P2_SP00024" HPOS="1387" VPOS="582" WIDTH="52"/>
						<String ID="P2_ST00029" HPOS="1439" VPOS="509" WIDTH="300" HEIGHT="81" CONTENT="thought" WC="0.99" CC="0006800"/>
						<SP ID="P2_SP00025" HPOS="1739" VPOS="590" WIDTH="51"/>
						<String ID="P2_ST00030" HPOS="1790" VPOS="536" WIDTH="147" HEIGHT="42" CONTENT="was" WC="0.96" CC="090"/>
						<SP ID="P2_SP00026" HPOS="1937" VPOS="590" WIDTH="51"/>
						<String ID="P2_ST00031" HPOS="1988" VPOS="514" WIDTH="152" HEIGHT="64" CONTENT="best" WC="0.98" CC="7000"/>
						<SP ID="P2_SP00027" HPOS="2140" VPOS="590" WIDTH="56"/>
						<String ID="P2_ST00032" HPOS="2196" VPOS="516" WIDTH="117" HEIGHT="64" CONTENT="for" WC="0.97" CC="403"/>
						<SP ID="P2_SP00028" HPOS="2313" VPOS="590" WIDTH="51"/>
						<String ID="P2_ST00033" HPOS="2364" VPOS="516" WIDTH="208" HEIGHT="79" CONTENT="them," WC="0.98" CC="90034"/>
						<String ID="P2_ST00034" HPOS="2575" VPOS="519" WIDTH="245" HEIGHT="68" CONTENT="—that" WC="0.98" CC="80071"/>
					</TextLine>
					<TextLine ID="P2_TL00006" HPOS="203" VPOS="607" WIDTH="2617" HEIGHT="100">
						<String ID="P2_ST00035" HPOS="203" VPOS="607" WIDTH="139" HEIGHT="66" CONTENT="had" WC="0.97" CC="700"/>
						<SP ID="P2_SP00029" HPOS="342" VPOS="673" WIDTH="49"/>
						<String ID="P2_ST00036" HPOS="391" VPOS="609" WIDTH="386" HEIGHT="79" CONTENT="impressed" WC="1.00" CC="090000000"/>
						<SP ID="P2_SP00030" HPOS="777" VPOS="688" WIDTH="51"/>
						<String ID="P2_ST00037" HPOS="828" VPOS="634" WIDTH="130" HEIGHT="48" CONTENT="me." WC="1.00" CC="000"/>
						<SP ID="P2_SP00031" HPOS="958" VPOS="688" WIDTH="143"/>
						<String ID="P2_ST00038" HPOS="1101" VPOS="614" WIDTH="108" HEIGHT="68" CONTENT="To" WC="1.00" CC="00"/>
						<SP ID="P2_SP00032" HPOS="1209" VPOS="688" WIDTH="52"/>
						<String ID="P2_ST00039" HPOS="1261" VPOS="617" WIDTH="170" HEIGHT="65" CONTENT="read" WC="0.99" CC="6000"/>
						<SP ID="P2_SP00033" HPOS="1431" VPOS="688" WIDTH="51"/>
						<String ID="P2_ST00040" HPOS="1482" VPOS="616" WIDTH="116" HEIGHT="69" CONTENT="the" WC="0.97" CC="060"/>
						<SP ID="P2_SP00034" HPOS="1598" VPOS="688" WIDTH="53"/>
						<String ID="P2_ST00041" HPOS="1651" VPOS="619" WIDTH="173" HEIGHT="68" CONTENT="lives" WC="0.99" CC="04000"/>
						<SP ID="P2_SP00035" HPOS="1824" VPOS="688" WIDTH="52"/>
						<String ID="P2_ST00042" HPOS="1876" VPOS="621" WIDTH="81" HEIGHT="66" CONTENT="of" WC="0.57" CC="43"/>
						<SP ID="P2_SP00036" HPOS="1957" VPOS="688" WIDTH="51"/>
						<String ID="P2_ST00043" HPOS="2008" VPOS="621" WIDTH="195" HEIGHT="66" CONTENT="these" WC="0.99" CC="06000"/>
						<SP ID="P2_SP00037" HPOS="2203" VPOS="688" WIDTH="49"/>
						<String ID="P2_ST00044" HPOS="2252" VPOS="644" WIDTH="180" HEIGHT="58" CONTENT="men," WC="0.99" CC="0003"/>
						<SP ID="P2_SP00038" HPOS="2432" VPOS="702" WIDTH="52"/>
						<String ID="P2_ST00045" HPOS="2484" VPOS="636" WIDTH="73" HEIGHT="56" CONTENT="to" WC="1.00" CC="00"/>
						<SP ID="P2_SP00039" HPOS="2557" VPOS="702" WIDTH="52"/>
						<String ID="P2_ST00046" HPOS="2609" VPOS="627" WIDTH="211" HEIGHT="80" CONTENT="study" WC="0.98" CC="00706"/>
					</TextLine>
					<TextLine ID="P2_TL00007" HPOS="203" VPOS="716" WIDTH="2613" HEIGHT="99">
						<String ID="P2_ST00047" HPOS="203" VPOS="716" WIDTH="178" HEIGHT="67" CONTENT="their" WC="0.97" CC="66065"/>
						<SP ID="P2_SP00040" HPOS="381" VPOS="783" WIDTH="49"/>
						<String ID="P2_ST00048" HPOS="430" VPOS="719" WIDTH="323" HEIGHT="68" CONTENT="methods" WC="1.00" CC="0006000"/>
						<SP ID="P2_SP00041" HPOS="753" VPOS="787" WIDTH="48"/>
						<String ID="P2_ST00049" HPOS="801" VPOS="722" WIDTH="140" HEIGHT="66" CONTENT="and" WC="0.92" CC="669"/>
						<SP ID="P2_SP00042" HPOS="941" VPOS="788" WIDTH="49"/>
						<String ID="P2_ST00050" HPOS="990" VPOS="722" WIDTH="182" HEIGHT="66" CONTENT="their" WC="0.99" CC="07030"/>
						<SP ID="P2_SP00043" HPOS="1172" VPOS="788" WIDTH="49"/>
						<String ID="P2_ST00051" HPOS="1221" VPOS="724" WIDTH="267" HEIGHT="69" CONTENT="actions" WC="0.99" CC="0006350"/>
						<SP ID="P2_SP00044" HPOS="1488" VPOS="793" WIDTH="51"/>
						<String ID="P2_ST00052" HPOS="1539" VPOS="726" WIDTH="305" HEIGHT="83" CONTENT="brought" WC="0.98" CC="6647070"/>
						<SP ID="P2_SP00045" HPOS="1844" VPOS="809" WIDTH="47"/>
						<String ID="P2_ST00053" HPOS="1891" VPOS="751" WIDTH="112" HEIGHT="44" CONTENT="me" WC="0.94" CC="10"/>
						<SP ID="P2_SP00046" HPOS="2003" VPOS="809" WIDTH="51"/>
						<String ID="P2_ST00054" HPOS="2054" VPOS="731" WIDTH="344" HEIGHT="69" CONTENT="elevation" WC="0.99" CC="070104405"/>
						<SP ID="P2_SP00047" HPOS="2398" VPOS="809" WIDTH="52"/>
						<String ID="P2_ST00055" HPOS="2450" VPOS="736" WIDTH="137" HEIGHT="64" CONTENT="and" WC="0.94" CC="960"/>
						<SP ID="P2_SP00048" HPOS="2587" VPOS="809" WIDTH="51"/>
						<String ID="P2_ST00056" HPOS="2638" VPOS="758" WIDTH="86" HEIGHT="57" CONTENT="ga" WC="0.50" CC="09"/>
						<SP ID="P2_SP00049" HPOS="2724" VPOS="815" WIDTH="56"/>
						<String ID="P2_ST00057" HPOS="2780" VPOS="758" WIDTH="36" HEIGHT="44" CONTENT="e" WC="0.75" CC="2"/>
					</TextLine>
					<TextLine ID="P2_TL00008" HPOS="200" VPOS="827" WIDTH="503" HEIGHT="66">
						<String ID="P2_ST00058" HPOS="200" VPOS="848" WIDTH="108" HEIGHT="44" CONTENT="me" WC="1.00" CC="00"/>
						<SP ID="P2_SP00050" HPOS="308" VPOS="892" WIDTH="39"/>
						<String ID="P2_ST00059" HPOS="347" VPOS="827" WIDTH="356" HEIGHT="66" CONTENT="ambition." WC="0.99" CC="007406072"/>
					</TextLine>
					<TextLine ID="P2_TL00009" HPOS="367" VPOS="997" WIDTH="2446" HEIGHT="93">
						<String ID="P2_ST00060" HPOS="367" VPOS="997" WIDTH="224" HEIGHT="83" CONTENT="Being" WC="0.97" CC="50675"/>
						<SP ID="P2_SP00051" HPOS="591" VPOS="1080" WIDTH="54"/>
						<String ID="P2_ST00061" HPOS="645" VPOS="998" WIDTH="117" HEIGHT="70" CONTENT="the" WC="0.97" CC="060"/>
						<SP ID="P2_SP00052" HPOS="762" VPOS="1080" WIDTH="56"/>
						<String ID="P2_ST00062" HPOS="818" VPOS="1002" WIDTH="299" HEIGHT="79" CONTENT="product" WC="0.99" CC="6000200"/>
						<SP ID="P2_SP00053" HPOS="1117" VPOS="1081" WIDTH="56"/>
						<String ID="P2_ST00063" HPOS="1173" VPOS="1003" WIDTH="83" HEIGHT="68" CONTENT="of" WC="0.87" CC="02"/>
						<SP ID="P2_SP00054" HPOS="1256" VPOS="1081" WIDTH="56"/>
						<String ID="P2_ST00064" HPOS="1312" VPOS="1027" WIDTH="43" HEIGHT="44" CONTENT="a" WC="0.01" CC="9"/>
						<SP ID="P2_SP00055" HPOS="1355" VPOS="1081" WIDTH="52"/>
						<String ID="P2_ST00065" HPOS="1407" VPOS="1007" WIDTH="496" HEIGHT="69" CONTENT="monarchistic" WC="0.78" CC="604010040360"/>
						<SP ID="P2_SP00056" HPOS="1903" VPOS="1081" WIDTH="63"/>
						<String ID="P2_ST00066" HPOS="1966" VPOS="1020" WIDTH="276" HEIGHT="70" CONTENT="system," WC="1.00" CC="0001000"/>
						<SP ID="P2_SP00057" HPOS="2242" VPOS="1090" WIDTH="59"/>
						<String ID="P2_ST00067" HPOS="2301" VPOS="1012" WIDTH="236" HEIGHT="69" CONTENT="raised" WC="0.97" CC="594034"/>
						<SP ID="P2_SP00058" HPOS="2537" VPOS="1090" WIDTH="55"/>
						<String ID="P2_ST00068" HPOS="2592" VPOS="1014" WIDTH="72" HEIGHT="67" CONTENT="in" WC="0.55" CC="16"/>
						<SP ID="P2_SP00059" HPOS="2664" VPOS="1090" WIDTH="55"/>
						<String ID="P2_ST00069" HPOS="2719" VPOS="1034" WIDTH="94" HEIGHT="47" CONTENT="ari" WC="0.24" CC="768"/>
					</TextLine>
					<TextLine ID="P2_TL00010" HPOS="198" VPOS="1108" WIDTH="2486" HEIGHT="92">
						<String ID="P2_ST00070" HPOS="198" VPOS="1108" WIDTH="444" HEIGHT="80" CONTENT="atmosphere" WC="0.99" CC="0600093000"/>
						<SP ID="P2_SP00060" HPOS="642" VPOS="1188" WIDTH="54"/>
						<String ID="P2_ST00071" HPOS="696" VPOS="1110" WIDTH="83" HEIGHT="68" CONTENT="of" WC="0.37" CC="93"/>
						<SP ID="P2_SP00061" HPOS="779" VPOS="1188" WIDTH="52"/>
						<String ID="P2_ST00072" HPOS="831" VPOS="1112" WIDTH="378" HEIGHT="81" CONTENT="discipline," WC="1.00" CC="02000007000"/>
						<SP ID="P2_SP00062" HPOS="1209" VPOS="1193" WIDTH="56"/>
						<String ID="P2_ST00073" HPOS="1265" VPOS="1115" WIDTH="83" HEIGHT="64" CONTENT="of" WC="0.85" CC="01"/>
						<SP ID="P2_SP00063" HPOS="1348" VPOS="1193" WIDTH="51"/>
						<String ID="P2_ST00074" HPOS="1399" VPOS="1125" WIDTH="225" HEIGHT="60" CONTENT="castes" WC="0.99" CC="090500"/>
						<SP ID="P2_SP00064" HPOS="1624" VPOS="1193" WIDTH="52"/>
						<String ID="P2_ST00075" HPOS="1676" VPOS="1117" WIDTH="141" HEIGHT="68" CONTENT="and" WC="0.96" CC="900"/>
						<SP ID="P2_SP00065" HPOS="1817" VPOS="1193" WIDTH="52"/>
						<String ID="P2_ST00076" HPOS="1869" VPOS="1119" WIDTH="83" HEIGHT="66" CONTENT="of" WC="0.81" CC="30"/>
						<SP ID="P2_SP00066" HPOS="1952" VPOS="1193" WIDTH="51"/>
						<String ID="P2_ST00077" HPOS="2003" VPOS="1119" WIDTH="395" HEIGHT="81" CONTENT="traditions," WC="1.00" CC="05000500002"/>
						<SP ID="P2_SP00067" HPOS="2398" VPOS="1200" WIDTH="54"/>
						<String ID="P2_ST00078" HPOS="2452" VPOS="1125" WIDTH="32" HEIGHT="65" CONTENT="I" WC="0.73" CC="2"/>
						<SP ID="P2_SP00068" HPOS="2484" VPOS="1200" WIDTH="54"/>
						<String ID="P2_ST00079" HPOS="2538" VPOS="1146" WIDTH="146" HEIGHT="44" CONTENT="was" WC="0.92" CC="963"/>
					</TextLine>
					<TextLine ID="P2_TL00011" HPOS="196" VPOS="1215" WIDTH="2564" HEIGHT="93">
						<String ID="P2_ST00080" HPOS="196" VPOS="1215" WIDTH="83" HEIGHT="68" CONTENT="be" WC="0.76" CC="40"/>
						<SP ID="P2_SP00069" HPOS="279" VPOS="1283" WIDTH="54"/>
						<String ID="P2_ST00081" HPOS="333" VPOS="1217" WIDTH="246" HEIGHT="83" CONTENT="deeply" WC="0.99" CC="000070"/>
						<SP ID="P2_SP00070" HPOS="579" VPOS="1300" WIDTH="46"/>
						<String ID="P2_ST00082" HPOS="625" VPOS="1218" WIDTH="386" HEIGHT="82" CONTENT="impressed" WC="0.99" CC="620600000"/>
						<SP ID="P2_SP00071" HPOS="1011" VPOS="1300" WIDTH="51"/>
						<String ID="P2_ST00083" HPOS="1062" VPOS="1222" WIDTH="171" HEIGHT="66" CONTENT="with" WC="0.97" CC="0506"/>
						<SP ID="P2_SP00072" HPOS="1233" VPOS="1300" WIDTH="50"/>
						<String ID="P2_ST00084" HPOS="1283" VPOS="1224" WIDTH="117" HEIGHT="67" CONTENT="the" WC="0.99" CC="010"/>
						<SP ID="P2_SP00073" HPOS="1400" VPOS="1300" WIDTH="53"/>
						<String ID="P2_ST00085" HPOS="1453" VPOS="1224" WIDTH="376" HEIGHT="82" CONTENT="European" WC="1.00" CC="03400003"/>
						<SP ID="P2_SP00074" HPOS="1829" VPOS="1306" WIDTH="49"/>
						<String ID="P2_ST00086" HPOS="1878" VPOS="1227" WIDTH="592" HEIGHT="81" CONTENT="Republic—with" WC="0.99" CC="0000760080306"/>
						<SP ID="P2_SP00075" HPOS="2470" VPOS="1308" WIDTH="51"/>
						<String ID="P2_ST00087" HPOS="2521" VPOS="1232" WIDTH="239" HEIGHT="69" CONTENT="Franc-" WC="0.97" CC="089704"/>
					</TextLine>
					<TextLine ID="P2_TL00012" HPOS="196" VPOS="1323" WIDTH="1233" HEIGHT="85">
						<String ID="P2_ST00088" HPOS="196" VPOS="1323" WIDTH="317" HEIGHT="70" CONTENT="Liberte!" WC="0.79" CC="00603203"/>
						<SP ID="P2_SP00076" HPOS="513" VPOS="1393" WIDTH="86"/>
						<String ID="P2_ST00089" HPOS="599" VPOS="1325" WIDTH="312" HEIGHT="83" CONTENT="Egalite!" WC="0.84" CC="00053003"/>
						<SP ID="P2_SP00077" HPOS="911" VPOS="1408" WIDTH="85"/>
						<String ID="P2_ST00090" HPOS="996" VPOS="1328" WIDTH="433" HEIGHT="70" CONTENT="Fraternite!" WC="0.83" CC="01030005303"/>
					</TextLine>
					<TextLine ID="P2_TL00013" HPOS="364" VPOS="1494" WIDTH="2445" HEIGHT="97">
						<String ID="P2_ST00091" HPOS="364" VPOS="1494" WIDTH="34" HEIGHT="66" CONTENT="I" WC="0.95" CC="0"/>
						<SP ID="P2_SP00078" HPOS="398" VPOS="1560" WIDTH="46"/>
						<String ID="P2_ST00092" HPOS="444" VPOS="1496" WIDTH="333" HEIGHT="70" CONTENT="searched" WC="0.99" CC="00060700"/>
						<SP ID="P2_SP00079" HPOS="777" VPOS="1566" WIDTH="44"/>
						<String ID="P2_ST00093" HPOS="821" VPOS="1498" WIDTH="117" HEIGHT="68" CONTENT="for" WC="1.00" CC="000"/>
						<SP ID="P2_SP00080" HPOS="938" VPOS="1566" WIDTH="36"/>
						<String ID="P2_ST00094" HPOS="974" VPOS="1501" WIDTH="55" HEIGHT="65" CONTENT="it" WC="0.67" CC="06"/>
						<SP ID="P2_SP00081" HPOS="1029" VPOS="1566" WIDTH="36"/>
						<String ID="P2_ST00095" HPOS="1065" VPOS="1500" WIDTH="73" HEIGHT="69" CONTENT="in" WC="0.96" CC="00"/>
						<SP ID="P2_SP00082" HPOS="1138" VPOS="1569" WIDTH="40"/>
						<String ID="P2_ST00096" HPOS="1178" VPOS="1503" WIDTH="270" HEIGHT="66" CONTENT="France" WC="0.99" CC="050700"/>
						<SP ID="P2_SP00083" HPOS="1448" VPOS="1569" WIDTH="39"/>
						<String ID="P2_ST00097" HPOS="1487" VPOS="1505" WIDTH="140" HEIGHT="66" CONTENT="and" WC="0.96" CC="920"/>
						<SP ID="P2_SP00084" HPOS="1627" VPOS="1571" WIDTH="39"/>
						<String ID="P2_ST00098" HPOS="1666" VPOS="1505" WIDTH="34" HEIGHT="64" CONTENT="I" WC="1.00" CC="0"/>
						<SP ID="P2_SP00085" HPOS="1700" VPOS="1571" WIDTH="41"/>
						<String ID="P2_ST00099" HPOS="1741" VPOS="1506" WIDTH="208" HEIGHT="68" CONTENT="could" WC="0.98" CC="00451"/>
						<SP ID="P2_SP00086" HPOS="1949" VPOS="1574" WIDTH="41"/>
						<String ID="P2_ST00100" HPOS="1990" VPOS="1516" WIDTH="123" HEIGHT="56" CONTENT="not" WC="0.98" CC="501"/>
						<SP ID="P2_SP00087" HPOS="2113" VPOS="1574" WIDTH="41"/>
						<String ID="P2_ST00101" HPOS="2154" VPOS="1508" WIDTH="144" HEIGHT="68" CONTENT="find" WC="1.00" CC="0000"/>
						<SP ID="P2_SP00088" HPOS="2298" VPOS="1576" WIDTH="39"/>
						<String ID="P2_ST00102" HPOS="2337" VPOS="1510" WIDTH="71" HEIGHT="67" CONTENT="it." WC="0.97" CC="034"/>
						<SP ID="P2_SP00089" HPOS="2408" VPOS="1577" WIDTH="66"/>
						<String ID="P2_ST00103" HPOS="2474" VPOS="1508" WIDTH="257" HEIGHT="83" CONTENT="Maybe" WC="0.99" CC="00060"/>
						<SP ID="P2_SP00090" HPOS="2731" VPOS="1591" WIDTH="46"/>
						<String ID="P2_ST00104" HPOS="2777" VPOS="1510" WIDTH="32" HEIGHT="67" CONTENT="I" WC="0.91" CC="0"/>
					</TextLine>
					<TextLine ID="P2_TL00014" HPOS="196" VPOS="1608" WIDTH="2610" HEIGHT="85">
						<String ID="P2_ST00105" HPOS="196" VPOS="1627" WIDTH="144" HEIGHT="44" CONTENT="was" WC="1.00" CC="000"/>
						<SP ID="P2_SP00091" HPOS="340" VPOS="1671" WIDTH="43"/>
						<String ID="P2_ST00106" HPOS="383" VPOS="1615" WIDTH="120" HEIGHT="56" CONTENT="too" WC="0.98" CC="005"/>
						<SP ID="P2_SP00092" HPOS="503" VPOS="1671" WIDTH="42"/>
						<String ID="P2_ST00107" HPOS="545" VPOS="1628" WIDTH="237" HEIGHT="59" CONTENT="young" WC="0.98" CC="00254"/>
						<SP ID="P2_SP00093" HPOS="782" VPOS="1687" WIDTH="37"/>
						<String ID="P2_ST00108" HPOS="819" VPOS="1608" WIDTH="75" HEIGHT="68" CONTENT="in" WC="0.76" CC="40"/>
						<SP ID="P2_SP00094" HPOS="894" VPOS="1687" WIDTH="41"/>
						<String ID="P2_ST00109" HPOS="935" VPOS="1608" WIDTH="201" HEIGHT="69" CONTENT="those" WC="1.00" CC="03000"/>
						<SP ID="P2_SP00095" HPOS="1136" VPOS="1687" WIDTH="44"/>
						<String ID="P2_ST00110" HPOS="1180" VPOS="1610" WIDTH="207" HEIGHT="81" CONTENT="days;" WC="0.99" CC="00025"/>
						<SP ID="P2_SP00096" HPOS="1387" VPOS="1691" WIDTH="47"/>
						<String ID="P2_ST00111" HPOS="1434" VPOS="1613" WIDTH="246" HEIGHT="80" CONTENT="maybe" WC="0.99" CC="00060"/>
						<SP ID="P2_SP00097" HPOS="1680" VPOS="1693" WIDTH="45"/>
						<String ID="P2_ST00112" HPOS="1725" VPOS="1613" WIDTH="33" HEIGHT="64" CONTENT="I" WC="1.00" CC="0"/>
						<SP ID="P2_SP00098" HPOS="1758" VPOS="1693" WIDTH="45"/>
						<String ID="P2_ST00113" HPOS="1803" VPOS="1637" WIDTH="148" HEIGHT="45" CONTENT="was" WC="1.00" CC="000"/>
						<SP ID="P2_SP00099" HPOS="1951" VPOS="1693" WIDTH="39"/>
						<String ID="P2_ST00114" HPOS="1990" VPOS="1627" WIDTH="127" HEIGHT="55" CONTENT="not" WC="0.97" CC="700"/>
						<SP ID="P2_SP00100" HPOS="2117" VPOS="1693" WIDTH="40"/>
						<String ID="P2_ST00115" HPOS="2157" VPOS="1616" WIDTH="154" HEIGHT="70" CONTENT="able" WC="0.98" CC="0700"/>
						<SP ID="P2_SP00101" HPOS="2311" VPOS="1693" WIDTH="43"/>
						<String ID="P2_ST00116" HPOS="2354" VPOS="1627" WIDTH="74" HEIGHT="59" CONTENT="to" WC="0.62" CC="70"/>
						<SP ID="P2_SP00102" HPOS="2428" VPOS="1693" WIDTH="42"/>
						<String ID="P2_ST00117" HPOS="2470" VPOS="1620" WIDTH="336" HEIGHT="66" CONTENT="translate" WC="0.98" CC="150605767"/>
					</TextLine>
					<TextLine ID="P2_TL00015" HPOS="195" VPOS="1713" WIDTH="2614" HEIGHT="95">
						<String ID="P2_ST00118" HPOS="195" VPOS="1713" WIDTH="116" HEIGHT="68" CONTENT="the" WC="0.98" CC="050"/>
						<SP ID="P2_SP00103" HPOS="311" VPOS="1781" WIDTH="38"/>
						<String ID="P2_ST00119" HPOS="349" VPOS="1715" WIDTH="183" HEIGHT="66" CONTENT="ideal" WC="0.99" CC="60000"/>
						<SP ID="P2_SP00104" HPOS="532" VPOS="1781" WIDTH="40"/>
						<String ID="P2_ST00120" HPOS="572" VPOS="1715" WIDTH="149" HEIGHT="67" CONTENT="into" WC="0.98" CC="5203"/>
						<SP ID="P2_SP00105" HPOS="721" VPOS="1782" WIDTH="39"/>
						<String ID="P2_ST00121" HPOS="760" VPOS="1716" WIDTH="308" HEIGHT="83" CONTENT="existing" WC="0.99" CC="00500404"/>
						<SP ID="P2_SP00106" HPOS="1068" VPOS="1799" WIDTH="39"/>
						<String ID="P2_ST00122" HPOS="1107" VPOS="1718" WIDTH="412" HEIGHT="69" CONTENT="conditions." WC="1.00" CC="00203130304"/>
						<SP ID="P2_SP00107" HPOS="1519" VPOS="1799" WIDTH="118"/>
						<String ID="P2_ST00123" HPOS="1637" VPOS="1721" WIDTH="258" HEIGHT="83" CONTENT="Maybe" WC="0.99" CC="00070"/>
						<SP ID="P2_SP00108" HPOS="1895" VPOS="1804" WIDTH="40"/>
						<String ID="P2_ST00124" HPOS="1935" VPOS="1723" WIDTH="33" HEIGHT="64" CONTENT="I" WC="0.60" CC="3"/>
						<SP ID="P2_SP00109" HPOS="1968" VPOS="1804" WIDTH="40"/>
						<String ID="P2_ST00125" HPOS="2008" VPOS="1747" WIDTH="146" HEIGHT="45" CONTENT="was" WC="1.00" CC="000"/>
						<SP ID="P2_SP00110" HPOS="2154" VPOS="1804" WIDTH="39"/>
						<String ID="P2_ST00126" HPOS="2193" VPOS="1725" WIDTH="448" HEIGHT="83" CONTENT="considering" WC="0.99" CC="00107004078"/>
						<SP ID="P2_SP00111" HPOS="2641" VPOS="1808" WIDTH="38"/>
						<String ID="P2_ST00127" HPOS="2679" VPOS="1726" WIDTH="130" HEIGHT="68" CONTENT="life" WC="0.96" CC="5076"/>
					</TextLine>
					<TextLine ID="P2_TL00016" HPOS="195" VPOS="1820" WIDTH="2032" HEIGHT="89">
						<String ID="P2_ST00128" HPOS="195" VPOS="1842" WIDTH="76" HEIGHT="44" CONTENT="as" WC="1.00" CC="00"/>
						<SP ID="P2_SP00112" HPOS="271" VPOS="1886" WIDTH="46"/>
						<String ID="P2_ST00129" HPOS="317" VPOS="1820" WIDTH="54" HEIGHT="69" CONTENT="it" WC="0.67" CC="50"/>
						<SP ID="P2_SP00113" HPOS="371" VPOS="1889" WIDTH="40"/>
						<String ID="P2_ST00130" HPOS="411" VPOS="1843" WIDTH="148" HEIGHT="46" CONTENT="was" WC="1.00" CC="000"/>
						<SP ID="P2_SP00114" HPOS="559" VPOS="1889" WIDTH="40"/>
						<String ID="P2_ST00131" HPOS="599" VPOS="1845" WIDTH="197" HEIGHT="44" CONTENT="more" WC="0.99" CC="4000"/>
						<SP ID="P2_SP00115" HPOS="796" VPOS="1889" WIDTH="42"/>
						<String ID="P2_ST00132" HPOS="838" VPOS="1823" WIDTH="169" HEIGHT="68" CONTENT="than" WC="0.99" CC="0600"/>
						<SP ID="P2_SP00116" HPOS="1007" VPOS="1891" WIDTH="43"/>
						<String ID="P2_ST00133" HPOS="1050" VPOS="1845" WIDTH="78" HEIGHT="47" CONTENT="as" WC="1.00" CC="00"/>
						<SP ID="P2_SP00117" HPOS="1128" VPOS="1892" WIDTH="44"/>
						<String ID="P2_ST00134" HPOS="1172" VPOS="1826" WIDTH="54" HEIGHT="66" CONTENT="it" WC="0.75" CC="40"/>
						<SP ID="P2_SP00118" HPOS="1226" VPOS="1892" WIDTH="41"/>
						<String ID="P2_ST00135" HPOS="1267" VPOS="1826" WIDTH="142" HEIGHT="68" CONTENT="had" WC="1.00" CC="000"/>
						<SP ID="P2_SP00119" HPOS="1409" VPOS="1894" WIDTH="40"/>
						<String ID="P2_ST00136" HPOS="1449" VPOS="1828" WIDTH="173" HEIGHT="68" CONTENT="been" WC="1.00" CC="0000"/>
						<SP ID="P2_SP00120" HPOS="1622" VPOS="1896" WIDTH="41"/>
						<String ID="P2_ST00137" HPOS="1663" VPOS="1828" WIDTH="305" HEIGHT="81" CONTENT="planned" WC="1.00" CC="0300003"/>
						<SP ID="P2_SP00121" HPOS="1968" VPOS="1909" WIDTH="38"/>
						<String ID="P2_ST00138" HPOS="2006" VPOS="1840" WIDTH="75" HEIGHT="57" CONTENT="to" WC="0.82" CC="30"/>
						<SP ID="P2_SP00122" HPOS="2081" VPOS="1909" WIDTH="42"/>
						<String ID="P2_ST00139" HPOS="2123" VPOS="1831" WIDTH="104" HEIGHT="66" CONTENT="be." WC="0.98" CC="004"/>
					</TextLine>
					<TextLine ID="P2_TL00017" HPOS="361" VPOS="1991" WIDTH="2445" HEIGHT="93">
						<String ID="P2_ST00140" HPOS="361" VPOS="1991" WIDTH="167" HEIGHT="67" CONTENT="And" WC="0.97" CC="060"/>
						<SP ID="P2_SP00123" HPOS="528" VPOS="2058" WIDTH="49"/>
						<String ID="P2_ST00141" HPOS="577" VPOS="1994" WIDTH="31" HEIGHT="64" CONTENT="I" WC="0.64" CC="3"/>
						<SP ID="P2_SP00124" HPOS="608" VPOS="2058" WIDTH="51"/>
						<String ID="P2_ST00142" HPOS="659" VPOS="1992" WIDTH="281" HEIGHT="68" CONTENT="became" WC="0.99" CC="600020"/>
						<SP ID="P2_SP00125" HPOS="940" VPOS="2060" WIDTH="47"/>
						<String ID="P2_ST00143" HPOS="987" VPOS="2018" WIDTH="39" HEIGHT="44" CONTENT="a" WC="1.00" CC="0"/>
						<SP ID="P2_SP00126" HPOS="1026" VPOS="2062" WIDTH="47"/>
						<String ID="P2_ST00144" HPOS="1073" VPOS="1996" WIDTH="234" HEIGHT="81" CONTENT="cynic;" WC="0.99" CC="000606"/>
						<SP ID="P2_SP00127" HPOS="1307" VPOS="2077" WIDTH="54"/>
						<String ID="P2_ST00145" HPOS="1361" VPOS="1996" WIDTH="34" HEIGHT="66" CONTENT="I" WC="0.66" CC="3"/>
						<SP ID="P2_SP00128" HPOS="1395" VPOS="2077" WIDTH="51"/>
						<String ID="P2_ST00146" HPOS="1446" VPOS="1997" WIDTH="137" HEIGHT="66" CONTENT="lost" WC="0.97" CC="6203"/>
						<SP ID="P2_SP00129" HPOS="1583" VPOS="2077" WIDTH="48"/>
						<String ID="P2_ST00147" HPOS="1631" VPOS="2021" WIDTH="118" HEIGHT="59" CONTENT="my" WC="1.00" CC="00"/>
						<SP ID="P2_SP00130" HPOS="1749" VPOS="2080" WIDTH="48"/>
						<String ID="P2_ST00148" HPOS="1797" VPOS="1999" WIDTH="216" HEIGHT="69" CONTENT="belief" WC="0.98" CC="606700"/>
						<SP ID="P2_SP00131" HPOS="2013" VPOS="2080" WIDTH="46"/>
						<String ID="P2_ST00149" HPOS="2059" VPOS="2002" WIDTH="73" HEIGHT="66" CONTENT="in" WC="1.00" CC="00"/>
						<SP ID="P2_SP00132" HPOS="2132" VPOS="2080" WIDTH="49"/>
						<String ID="P2_ST00150" HPOS="2181" VPOS="2002" WIDTH="147" HEIGHT="66" CONTENT="real" WC="0.99" CC="5000"/>
						<SP ID="P2_SP00133" HPOS="2328" VPOS="2080" WIDTH="48"/>
						<String ID="P2_ST00151" HPOS="2376" VPOS="2002" WIDTH="254" HEIGHT="82" CONTENT="things." WC="1.00" CC="0300004"/>
						<SP ID="P2_SP00134" HPOS="2630" VPOS="2084" WIDTH="144"/>
						<String ID="P2_ST00152" HPOS="2774" VPOS="2002" WIDTH="32" HEIGHT="65" CONTENT="I" WC="0.37" CC="6"/>
					</TextLine>
					<TextLine ID="P2_TL00018" HPOS="195" VPOS="2101" WIDTH="2609" HEIGHT="93">
						<String ID="P2_ST00153" HPOS="195" VPOS="2101" WIDTH="277" HEIGHT="66" CONTENT="wanted" WC="1.00" CC="000000"/>
						<SP ID="P2_SP00135" HPOS="472" VPOS="2167" WIDTH="53"/>
						<String ID="P2_ST00154" HPOS="525" VPOS="2111" WIDTH="73" HEIGHT="56" CONTENT="to" WC="0.72" CC="05"/>
						<SP ID="P2_SP00136" HPOS="598" VPOS="2167" WIDTH="52"/>
						<String ID="P2_ST00155" HPOS="650" VPOS="2102" WIDTH="134" HEIGHT="66" CONTENT="live" WC="0.98" CC="3400"/>
						<SP ID="P2_SP00137" HPOS="784" VPOS="2168" WIDTH="51"/>
						<String ID="P2_ST00156" HPOS="835" VPOS="2124" WIDTH="120" HEIGHT="61" CONTENT="my" WC="0.71" CC="50"/>
						<SP ID="P2_SP00138" HPOS="955" VPOS="2185" WIDTH="49"/>
						<String ID="P2_ST00157" HPOS="1004" VPOS="2126" WIDTH="159" HEIGHT="44" CONTENT="own" WC="0.96" CC="405"/>
						<SP ID="P2_SP00139" HPOS="1163" VPOS="2185" WIDTH="54"/>
						<String ID="P2_ST00158" HPOS="1217" VPOS="2106" WIDTH="129" HEIGHT="69" CONTENT="life" WC="0.97" CC="5520"/>
						<SP ID="P2_SP00140" HPOS="1346" VPOS="2185" WIDTH="53"/>
						<String ID="P2_ST00159" HPOS="1399" VPOS="2107" WIDTH="274" HEIGHT="66" CONTENT="outside" WC="0.99" CC="0320200"/>
						<SP ID="P2_SP00141" HPOS="1673" VPOS="2185" WIDTH="52"/>
						<String ID="P2_ST00160" HPOS="1725" VPOS="2109" WIDTH="83" HEIGHT="68" CONTENT="of" WC="0.93" CC="01"/>
						<SP ID="P2_SP00142" HPOS="1808" VPOS="2185" WIDTH="53"/>
						<String ID="P2_ST00161" HPOS="1861" VPOS="2111" WIDTH="117" HEIGHT="66" CONTENT="the" WC="0.99" CC="003"/>
						<SP ID="P2_SP00143" HPOS="1978" VPOS="2185" WIDTH="52"/>
						<String ID="P2_ST00162" HPOS="2030" VPOS="2113" WIDTH="432" HEIGHT="81" CONTENT="community" WC="1.00" CC="000000640"/>
						<SP ID="P2_SP00144" HPOS="2462" VPOS="2194" WIDTH="51"/>
						<String ID="P2_ST00163" HPOS="2513" VPOS="2114" WIDTH="83" HEIGHT="66" CONTENT="of" WC="0.63" CC="07"/>
						<SP ID="P2_SP00145" HPOS="2596" VPOS="2194" WIDTH="51"/>
						<String ID="P2_ST00164" HPOS="2647" VPOS="2133" WIDTH="157" HEIGHT="47" CONTENT="men" WC="0.98" CC="006"/>
					</TextLine>
					<TextLine ID="P2_TL00019" HPOS="195" VPOS="2207" WIDTH="2607" HEIGHT="95">
						<String ID="P2_ST00165" HPOS="195" VPOS="2207" WIDTH="233" HEIGHT="68" CONTENT="whom" WC="0.99" CC="0400"/>
						<SP ID="P2_SP00146" HPOS="428" VPOS="2275" WIDTH="46"/>
						<String ID="P2_ST00166" HPOS="474" VPOS="2209" WIDTH="34" HEIGHT="66" CONTENT="I" WC="0.71" CC="2"/>
						<SP ID="P2_SP00147" HPOS="508" VPOS="2275" WIDTH="46"/>
						<String ID="P2_ST00167" HPOS="554" VPOS="2209" WIDTH="122" HEIGHT="68" CONTENT="did" WC="0.96" CC="046"/>
						<SP ID="P2_SP00148" HPOS="676" VPOS="2277" WIDTH="42"/>
						<String ID="P2_ST00168" HPOS="718" VPOS="2221" WIDTH="122" HEIGHT="56" CONTENT="not" WC="0.98" CC="500"/>
						<SP ID="P2_SP00149" HPOS="840" VPOS="2277" WIDTH="42"/>
						<String ID="P2_ST00169" HPOS="882" VPOS="2221" WIDTH="202" HEIGHT="73" CONTENT="trust," WC="0.99" CC="410003"/>
						<SP ID="P2_SP00150" HPOS="1084" VPOS="2294" WIDTH="45"/>
						<String ID="P2_ST00170" HPOS="1129" VPOS="2212" WIDTH="161" HEIGHT="68" CONTENT="who" WC="0.97" CC="060"/>
						<SP ID="P2_SP00151" HPOS="1290" VPOS="2294" WIDTH="48"/>
						<String ID="P2_ST00171" HPOS="1338" VPOS="2214" WIDTH="276" HEIGHT="68" CONTENT="seemed" WC="1.00" CC="000006"/>
						<SP ID="P2_SP00152" HPOS="1614" VPOS="2294" WIDTH="44"/>
						<String ID="P2_ST00172" HPOS="1658" VPOS="2226" WIDTH="76" HEIGHT="58" CONTENT="to" WC="0.81" CC="03"/>
						<SP ID="P2_SP00153" HPOS="1734" VPOS="2294" WIDTH="41"/>
						<String ID="P2_ST00173" HPOS="1775" VPOS="2238" WIDTH="111" HEIGHT="46" CONTENT="me" WC="0.87" CC="20"/>
						<SP ID="P2_SP00154" HPOS="1886" VPOS="2294" WIDTH="46"/>
						<String ID="P2_ST00174" HPOS="1932" VPOS="2217" WIDTH="308" HEIGHT="82" CONTENT="egotists," WC="1.00" CC="000430300"/>
						<SP ID="P2_SP00155" HPOS="2240" VPOS="2299" WIDTH="51"/>
						<String ID="P2_ST00175" HPOS="2291" VPOS="2217" WIDTH="252" HEIGHT="85" CONTENT="sailing" WC="0.98" CC="0014709"/>
						<SP ID="P2_SP00156" HPOS="2543" VPOS="2302" WIDTH="41"/>
						<String ID="P2_ST00176" HPOS="2584" VPOS="2221" WIDTH="218" HEIGHT="66" CONTENT="under" WC="0.98" CC="02607"/>
					</TextLine>
					<TextLine ID="P2_TL00020" HPOS="193" VPOS="2316" WIDTH="2613" HEIGHT="91">
						<String ID="P2_ST00177" HPOS="193" VPOS="2338" WIDTH="41" HEIGHT="44" CONTENT="a" WC="0.22" CC="7"/>
						<SP ID="P2_SP00157" HPOS="234" VPOS="2382" WIDTH="54"/>
						<String ID="P2_ST00178" HPOS="288" VPOS="2316" WIDTH="179" HEIGHT="67" CONTENT="false" WC="0.99" CC="00500"/>
						<SP ID="P2_SP00158" HPOS="467" VPOS="2383" WIDTH="48"/>
						<String ID="P2_ST00179" HPOS="515" VPOS="2317" WIDTH="140" HEIGHT="82" CONTENT="flag" WC="0.98" CC="3300"/>
						<SP ID="P2_SP00159" HPOS="655" VPOS="2399" WIDTH="48"/>
						<String ID="P2_ST00180" HPOS="703" VPOS="2319" WIDTH="83" HEIGHT="66" CONTENT="of" WC="0.92" CC="01"/>
						<SP ID="P2_SP00160" HPOS="786" VPOS="2399" WIDTH="47"/>
						<String ID="P2_ST00181" HPOS="833" VPOS="2319" WIDTH="342" HEIGHT="68" CONTENT="idealistic" WC="0.99" CC="6009450050"/>
						<SP ID="P2_SP00161" HPOS="1175" VPOS="2399" WIDTH="51"/>
						<String ID="P2_ST00182" HPOS="1226" VPOS="2321" WIDTH="408" HEIGHT="71" CONTENT="endeavors." WC="1.00" CC="0000000004"/>
						<SP ID="P2_SP00162" HPOS="1634" VPOS="2399" WIDTH="139"/>
						<String ID="P2_ST00183" HPOS="1773" VPOS="2326" WIDTH="156" HEIGHT="68" CONTENT="Too" WC="1.00" CC="001"/>
						<SP ID="P2_SP00163" HPOS="1929" VPOS="2399" WIDTH="50"/>
						<String ID="P2_ST00184" HPOS="1979" VPOS="2326" WIDTH="248" HEIGHT="81" CONTENT="deeply" WC="0.99" CC="700060"/>
						<SP ID="P2_SP00164" HPOS="2227" VPOS="2407" WIDTH="47"/>
						<String ID="P2_ST00185" HPOS="2274" VPOS="2329" WIDTH="246" HEIGHT="65" CONTENT="rooted" WC="1.00" CC="220000"/>
						<SP ID="P2_SP00165" HPOS="2520" VPOS="2407" WIDTH="54"/>
						<String ID="P2_ST00186" HPOS="2574" VPOS="2331" WIDTH="71" HEIGHT="64" CONTENT="in" WC="0.44" CC="64"/>
						<SP ID="P2_SP00166" HPOS="2645" VPOS="2407" WIDTH="47"/>
						<String ID="P2_ST00187" HPOS="2692" VPOS="2350" WIDTH="114" HEIGHT="45" CONTENT="me" WC="0.62" CC="70"/>
					</TextLine>
					<TextLine ID="P2_TL00021" HPOS="193" VPOS="2426" WIDTH="2609" HEIGHT="90">
						<String ID="P2_ST00188" HPOS="193" VPOS="2448" WIDTH="147" HEIGHT="44" CONTENT="was" WC="1.00" CC="000"/>
						<SP ID="P2_SP00167" HPOS="340" VPOS="2492" WIDTH="46"/>
						<String ID="P2_ST00189" HPOS="386" VPOS="2446" WIDTH="119" HEIGHT="59" CONTENT="my" WC="0.70" CC="50"/>
						<SP ID="P2_SP00168" HPOS="505" VPOS="2505" WIDTH="47"/>
						<String ID="P2_ST00190" HPOS="552" VPOS="2426" WIDTH="193" HEIGHT="81" CONTENT="early" WC="0.99" CC="00530"/>
						<SP ID="P2_SP00169" HPOS="745" VPOS="2507" WIDTH="47"/>
						<String ID="P2_ST00191" HPOS="792" VPOS="2427" WIDTH="370" HEIGHT="70" CONTENT="education" WC="0.99" CC="004000736"/>
						<SP ID="P2_SP00170" HPOS="1162" VPOS="2507" WIDTH="50"/>
						<String ID="P2_ST00192" HPOS="1212" VPOS="2429" WIDTH="83" HEIGHT="68" CONTENT="of" WC="0.54" CC="90"/>
						<SP ID="P2_SP00171" HPOS="1295" VPOS="2507" WIDTH="49"/>
						<String ID="P2_ST00193" HPOS="1344" VPOS="2443" WIDTH="271" HEIGHT="67" CONTENT="respect" WC="1.00" CC="3000000"/>
						<SP ID="P2_SP00172" HPOS="1615" VPOS="2510" WIDTH="56"/>
						<String ID="P2_ST00194" HPOS="1671" VPOS="2431" WIDTH="117" HEIGHT="68" CONTENT="for" WC="1.00" CC="000"/>
						<SP ID="P2_SP00173" HPOS="1788" VPOS="2510" WIDTH="51"/>
						<String ID="P2_ST00195" HPOS="1839" VPOS="2433" WIDTH="171" HEIGHT="67" CONTENT="laws" WC="0.99" CC="5000"/>
						<SP ID="P2_SP00174" HPOS="2010" VPOS="2510" WIDTH="51"/>
						<String ID="P2_ST00196" HPOS="2061" VPOS="2434" WIDTH="139" HEIGHT="66" CONTENT="and" WC="0.95" CC="344"/>
						<SP ID="P2_SP00175" HPOS="2200" VPOS="2510" WIDTH="50"/>
						<String ID="P2_ST00197" HPOS="2250" VPOS="2436" WIDTH="432" HEIGHT="80" CONTENT="regulations" WC="0.99" CC="30932300430"/>
						<SP ID="P2_SP00176" HPOS="2682" VPOS="2516" WIDTH="49"/>
						<String ID="P2_ST00198" HPOS="2731" VPOS="2448" WIDTH="71" HEIGHT="56" CONTENT="to" WC="0.41" CC="65"/>
					</TextLine>
					<TextLine ID="P2_TL00022" HPOS="193" VPOS="2534" WIDTH="2609" HEIGHT="90">
						<String ID="P2_ST00199" HPOS="193" VPOS="2534" WIDTH="93" HEIGHT="66" CONTENT="do" WC="0.50" CC="90"/>
						<SP ID="P2_SP00177" HPOS="286" VPOS="2600" WIDTH="46"/>
						<String ID="P2_ST00200" HPOS="332" VPOS="2534" WIDTH="338" HEIGHT="81" CONTENT="anything" WC="0.98" CC="95006539"/>
						<SP ID="P2_SP00178" HPOS="670" VPOS="2615" WIDTH="48"/>
						<String ID="P2_ST00201" HPOS="718" VPOS="2536" WIDTH="383" HEIGHT="79" CONTENT="desperate," WC="1.00" CC="0000010200"/>
						<SP ID="P2_SP00179" HPOS="1101" VPOS="2615" WIDTH="47"/>
						<String ID="P2_ST00202" HPOS="1148" VPOS="2560" WIDTH="81" HEIGHT="44" CONTENT="or" WC="0.53" CC="35"/>
						<SP ID="P2_SP00180" HPOS="1229" VPOS="2615" WIDTH="48"/>
						<String ID="P2_ST00203" HPOS="1277" VPOS="2548" WIDTH="72" HEIGHT="56" CONTENT="to" WC="0.86" CC="20"/>
						<SP ID="P2_SP00181" HPOS="1349" VPOS="2615" WIDTH="46"/>
						<String ID="P2_ST00204" HPOS="1395" VPOS="2538" WIDTH="151" HEIGHT="81" CONTENT="join" WC="0.98" CC="3005"/>
						<SP ID="P2_SP00182" HPOS="1546" VPOS="2619" WIDTH="49"/>
						<String ID="P2_ST00205" HPOS="1595" VPOS="2539" WIDTH="119" HEIGHT="70" CONTENT="the" WC="0.98" CC="030"/>
						<SP ID="P2_SP00183" HPOS="1714" VPOS="2619" WIDTH="47"/>
						<String ID="P2_ST00206" HPOS="1761" VPOS="2561" WIDTH="261" HEIGHT="61" CONTENT="groups" WC="1.00" CC="001000"/>
						<SP ID="P2_SP00184" HPOS="2022" VPOS="2622" WIDTH="45"/>
						<String ID="P2_ST00207" HPOS="2067" VPOS="2543" WIDTH="83" HEIGHT="66" CONTENT="of" WC="1.00" CC="00"/>
						<SP ID="P2_SP00185" HPOS="2150" VPOS="2622" WIDTH="50"/>
						<String ID="P2_ST00208" HPOS="2200" VPOS="2543" WIDTH="116" HEIGHT="66" CONTENT="the" WC="0.97" CC="170"/>
						<SP ID="P2_SP00186" HPOS="2316" VPOS="2622" WIDTH="49"/>
						<String ID="P2_ST00209" HPOS="2365" VPOS="2544" WIDTH="437" HEIGHT="80" CONTENT="dissatisfied," WC="0.99" CC="6400026022034"/>
					</TextLine>
					<TextLine ID="P2_TL00023" HPOS="195" VPOS="2643" WIDTH="2607" HEIGHT="91">
						<String ID="P2_ST00210" HPOS="195" VPOS="2643" WIDTH="81" HEIGHT="66" CONTENT="of" WC="0.95" CC="00"/>
						<SP ID="P2_SP00187" HPOS="276" VPOS="2709" WIDTH="51"/>
						<String ID="P2_ST00211" HPOS="327" VPOS="2665" WIDTH="161" HEIGHT="45" CONTENT="men" WC="1.00" CC="000"/>
						<SP ID="P2_SP00188" HPOS="488" VPOS="2710" WIDTH="52"/>
						<String ID="P2_ST00212" HPOS="540" VPOS="2644" WIDTH="161" HEIGHT="66" CONTENT="who" WC="0.97" CC="070"/>
						<SP ID="P2_SP00189" HPOS="701" VPOS="2710" WIDTH="54"/>
						<String ID="P2_ST00213" HPOS="755" VPOS="2646" WIDTH="132" HEIGHT="66" CONTENT="call" WC="1.00" CC="0000"/>
						<SP ID="P2_SP00190" HPOS="887" VPOS="2712" WIDTH="53"/>
						<String ID="P2_ST00214" HPOS="940" VPOS="2646" WIDTH="420" HEIGHT="69" CONTENT="themselves" WC="1.00" CC="6300003000"/>
						<SP ID="P2_SP00191" HPOS="1360" VPOS="2715" WIDTH="49"/>
						<String ID="P2_ST00215" HPOS="1409" VPOS="2648" WIDTH="340" HEIGHT="67" CONTENT="betterers" WC="0.82" CC="205004030"/>
						<SP ID="P2_SP00192" HPOS="1749" VPOS="2715" WIDTH="56"/>
						<String ID="P2_ST00216" HPOS="1805" VPOS="2651" WIDTH="83" HEIGHT="66" CONTENT="of" WC="0.75" CC="05"/>
						<SP ID="P2_SP00193" HPOS="1888" VPOS="2717" WIDTH="52"/>
						<String ID="P2_ST00217" HPOS="1940" VPOS="2651" WIDTH="381" HEIGHT="83" CONTENT="humanity," WC="0.98" CC="623067404"/>
						<SP ID="P2_SP00194" HPOS="2321" VPOS="2734" WIDTH="58"/>
						<String ID="P2_ST00218" HPOS="2379" VPOS="2654" WIDTH="139" HEIGHT="66" CONTENT="and" WC="0.99" CC="020"/>
						<SP ID="P2_SP00195" HPOS="2518" VPOS="2734" WIDTH="54"/>
						<String ID="P2_ST00219" HPOS="2572" VPOS="2654" WIDTH="230" HEIGHT="68" CONTENT="whom" WC="0.97" CC="0615"/>
					</TextLine>
					<TextLine ID="P2_TL00024" HPOS="193" VPOS="2749" WIDTH="1874" HEIGHT="85">
						<String ID="P2_ST00220" HPOS="193" VPOS="2749" WIDTH="362" HEIGHT="83" CONTENT="humanity" WC="0.99" CC="60607440"/>
						<SP ID="P2_SP00196" HPOS="555" VPOS="2832" WIDTH="38"/>
						<String ID="P2_ST00221" HPOS="593" VPOS="2751" WIDTH="171" HEIGHT="68" CONTENT="calls" WC="0.98" CC="00572"/>
						<SP ID="P2_SP00197" HPOS="764" VPOS="2832" WIDTH="37"/>
						<String ID="P2_ST00222" HPOS="801" VPOS="2753" WIDTH="315" HEIGHT="79" CONTENT="outlaws," WC="0.98" CC="06049603"/>
						<SP ID="P2_SP00198" HPOS="1116" VPOS="2832" WIDTH="40"/>
						<String ID="P2_ST00223" HPOS="1156" VPOS="2754" WIDTH="339" HEIGHT="80" CONTENT="parasites" WC="0.99" CC="000003630"/>
						<SP ID="P2_SP00199" HPOS="1495" VPOS="2834" WIDTH="41"/>
						<String ID="P2_ST00224" HPOS="1536" VPOS="2778" WIDTH="81" HEIGHT="44" CONTENT="or" WC="0.76" CC="04"/>
						<SP ID="P2_SP00200" HPOS="1617" VPOS="2834" WIDTH="44"/>
						<String ID="P2_ST00225" HPOS="1661" VPOS="2756" WIDTH="406" HEIGHT="68" CONTENT="reformers." WC="0.99" CC="6424130004"/>
					</TextLine>
					<TextLine ID="P2_TL00025" HPOS="359" VPOS="2920" WIDTH="2440" HEIGHT="88">
						<String ID="P2_ST00226" HPOS="359" VPOS="2920" WIDTH="166" HEIGHT="68" CONTENT="And" WC="1.00" CC="010"/>
						<SP ID="P2_SP00201" HPOS="525" VPOS="2988" WIDTH="46"/>
						<String ID="P2_ST00227" HPOS="571" VPOS="2944" WIDTH="77" HEIGHT="46" CONTENT="so" WC="0.70" CC="50"/>
						<SP ID="P2_SP00202" HPOS="648" VPOS="2990" WIDTH="46"/>
						<String ID="P2_ST00228" HPOS="694" VPOS="2924" WIDTH="34" HEIGHT="62" CONTENT="I" WC="0.50" CC="4"/>
						<SP ID="P2_SP00203" HPOS="728" VPOS="2990" WIDTH="44"/>
						<String ID="P2_ST00229" HPOS="772" VPOS="2922" WIDTH="291" HEIGHT="68" CONTENT="decided" WC="1.00" CC="0004000"/>
						<SP ID="P2_SP00204" HPOS="1063" VPOS="2990" WIDTH="44"/>
						<String ID="P2_ST00230" HPOS="1107" VPOS="2934" WIDTH="73" HEIGHT="57" CONTENT="to" WC="0.62" CC="70"/>
						<SP ID="P2_SP00205" HPOS="1180" VPOS="2991" WIDTH="46"/>
						<String ID="P2_ST00231" HPOS="1226" VPOS="2925" WIDTH="134" HEIGHT="68" CONTENT="live" WC="0.97" CC="6600"/>
						<SP ID="P2_SP00206" HPOS="1360" VPOS="2993" WIDTH="44"/>
						<String ID="P2_ST00232" HPOS="1404" VPOS="2947" WIDTH="118" HEIGHT="60" CONTENT="my" WC="0.73" CC="50"/>
						<SP ID="P2_SP00207" HPOS="1522" VPOS="3007" WIDTH="41"/>
						<String ID="P2_ST00233" HPOS="1563" VPOS="2947" WIDTH="159" HEIGHT="46" CONTENT="own" WC="0.93" CC="296"/>
						<SP ID="P2_SP00208" HPOS="1722" VPOS="3007" WIDTH="46"/>
						<String ID="P2_ST00234" HPOS="1768" VPOS="2927" WIDTH="127" HEIGHT="66" CONTENT="life" WC="0.98" CC="5102"/>
						<SP ID="P2_SP00209" HPOS="1895" VPOS="3007" WIDTH="45"/>
						<String ID="P2_ST00235" HPOS="1940" VPOS="2930" WIDTH="72" HEIGHT="63" CONTENT="in" WC="0.44" CC="55"/>
						<SP ID="P2_SP00210" HPOS="2012" VPOS="3007" WIDTH="45"/>
						<String ID="P2_ST00236" HPOS="2057" VPOS="2929" WIDTH="115" HEIGHT="67" CONTENT="the" WC="0.96" CC="370"/>
						<SP ID="P2_SP00211" HPOS="2172" VPOS="3007" WIDTH="50"/>
						<String ID="P2_ST00237" HPOS="2222" VPOS="2929" WIDTH="220" HEIGHT="67" CONTENT='"New' WC="0.97" CC="4107"/>
						<SP ID="P2_SP00212" HPOS="2442" VPOS="3007" WIDTH="49"/>
						<String ID="P2_ST00238" HPOS="2491" VPOS="2930" WIDTH="308" HEIGHT="78" CONTENT="World,'" WC="0.98" CC="1600932"/>
					</TextLine>
					<TextLine ID="P2_TL00026" HPOS="193" VPOS="3029" WIDTH="2609" HEIGHT="83">
						<String ID="P2_ST00239" HPOS="193" VPOS="3040" WIDTH="76" HEIGHT="56" CONTENT="to" WC="0.66" CC="06"/>
						<SP ID="P2_SP00213" HPOS="269" VPOS="3096" WIDTH="46"/>
						<String ID="P2_ST00240" HPOS="315" VPOS="3029" WIDTH="198" HEIGHT="66" CONTENT="think" WC="0.97" CC="15570"/>
						<SP ID="P2_SP00214" HPOS="513" VPOS="3096" WIDTH="49"/>
						<String ID="P2_ST00241" HPOS="562" VPOS="3054" WIDTH="75" HEIGHT="44" CONTENT="as" WC="1.00" CC="00"/>
						<SP ID="P2_SP00215" HPOS="637" VPOS="3098" WIDTH="52"/>
						<String ID="P2_ST00242" HPOS="689" VPOS="3032" WIDTH="31" HEIGHT="64" CONTENT="I" WC="0.47" CC="5"/>
						<SP ID="P2_SP00216" HPOS="720" VPOS="3098" WIDTH="52"/>
						<String ID="P2_ST00243" HPOS="772" VPOS="3034" WIDTH="279" HEIGHT="64" CONTENT="wanted" WC="0.99" CC="001401"/>
						<SP ID="P2_SP00217" HPOS="1051" VPOS="3098" WIDTH="50"/>
						<String ID="P2_ST00244" HPOS="1101" VPOS="3044" WIDTH="72" HEIGHT="56" CONTENT="to" WC="0.90" CC="10"/>
						<SP ID="P2_SP00218" HPOS="1173" VPOS="3100" WIDTH="51"/>
						<String ID="P2_ST00245" HPOS="1224" VPOS="3034" WIDTH="215" HEIGHT="78" CONTENT="think," WC="0.97" CC="577640"/>
						<SP ID="P2_SP00219" HPOS="1439" VPOS="3112" WIDTH="53"/>
						<String ID="P2_ST00246" HPOS="1492" VPOS="3049" WIDTH="73" HEIGHT="54" CONTENT="to" WC="0.81" CC="03"/>
						<SP ID="P2_SP00220" HPOS="1565" VPOS="3112" WIDTH="50"/>
						<String ID="P2_ST00247" HPOS="1615" VPOS="3037" WIDTH="264" HEIGHT="66" CONTENT="believe" WC="0.99" CC="6048000"/>
						<SP ID="P2_SP00221" HPOS="1879" VPOS="3112" WIDTH="50"/>
						<String ID="P2_ST00248" HPOS="1929" VPOS="3039" WIDTH="188" HEIGHT="66" CONTENT="what" WC="0.95" CC="7609"/>
						<SP ID="P2_SP00222" HPOS="2117" VPOS="3112" WIDTH="50"/>
						<String ID="P2_ST00249" HPOS="2167" VPOS="3042" WIDTH="31" HEIGHT="63" CONTENT="I" WC="0.43" CC="5"/>
						<SP ID="P2_SP00223" HPOS="2198" VPOS="3112" WIDTH="51"/>
						<String ID="P2_ST00250" HPOS="2249" VPOS="3039" WIDTH="267" HEIGHT="66" CONTENT="wished" WC="0.98" CC="961600"/>
						<SP ID="P2_SP00224" HPOS="2516" VPOS="3112" WIDTH="49"/>
						<String ID="P2_ST00251" HPOS="2565" VPOS="3051" WIDTH="71" HEIGHT="55" CONTENT="to" WC="1.00" CC="00"/>
						<SP ID="P2_SP00225" HPOS="2636" VPOS="3112" WIDTH="51"/>
						<String ID="P2_ST00252" HPOS="2687" VPOS="3040" WIDTH="77" HEIGHT="66" CONTENT="be" SUBS_TYPE="HypPart1" SUBS_CONTENT="believe," WC="0.96" CC="60"/>
						<HYP HPOS="2764" VPOS="3040" WIDTH="38" CONTENT="-"/>
					</TextLine>
					<TextLine ID="P2_TL00027" HPOS="193" VPOS="3139" WIDTH="2606" HEIGHT="88">
						<String ID="P2_ST00253" HPOS="193" VPOS="3139" WIDTH="193" HEIGHT="79" CONTENT="lieve," SUBS_TYPE="HypPart2" SUBS_CONTENT="believe," WC="0.99" CC="610000"/>
						<SP ID="P2_SP00226" HPOS="386" VPOS="3218" WIDTH="46"/>
						<String ID="P2_ST00254" HPOS="432" VPOS="3151" WIDTH="123" HEIGHT="54" CONTENT="not" WC="0.96" CC="424"/>
						<SP ID="P2_SP00227" HPOS="555" VPOS="3218" WIDTH="48"/>
						<String ID="P2_ST00255" HPOS="603" VPOS="3151" WIDTH="71" HEIGHT="55" CONTENT="to" WC="0.70" CC="32"/>
						<SP ID="P2_SP00228" HPOS="674" VPOS="3218" WIDTH="47"/>
						<String ID="P2_ST00256" HPOS="721" VPOS="3140" WIDTH="209" HEIGHT="66" CONTENT="know" WC="0.97" CC="8600"/>
						<SP ID="P2_SP00229" HPOS="930" VPOS="3218" WIDTH="47"/>
						<String ID="P2_ST00257" HPOS="977" VPOS="3142" WIDTH="337" HEIGHT="81" CONTENT="anything" WC="0.98" CC="05365569"/>
						<SP ID="P2_SP00230" HPOS="1314" VPOS="3223" WIDTH="44"/>
						<String ID="P2_ST00258" HPOS="1358" VPOS="3144" WIDTH="83" HEIGHT="66" CONTENT="of" WC="0.93" CC="10"/>
						<SP ID="P2_SP00231" HPOS="1441" VPOS="3223" WIDTH="47"/>
						<String ID="P2_ST00259" HPOS="1488" VPOS="3157" WIDTH="474" HEIGHT="68" CONTENT="government," WC="0.99" CC="96003750902"/>
						<SP ID="P2_SP00232" HPOS="1962" VPOS="3225" WIDTH="51"/>
						<String ID="P2_ST00260" HPOS="2013" VPOS="3157" WIDTH="124" HEIGHT="54" CONTENT="not" WC="0.97" CC="800"/>
						<SP ID="P2_SP00233" HPOS="2137" VPOS="3225" WIDTH="47"/>
						<String ID="P2_ST00261" HPOS="2184" VPOS="3159" WIDTH="71" HEIGHT="54" CONTENT="to" WC="0.80" CC="40"/>
						<SP ID="P2_SP00234" HPOS="2255" VPOS="3225" WIDTH="48"/>
						<String ID="P2_ST00262" HPOS="2303" VPOS="3149" WIDTH="81" HEIGHT="66" CONTENT="be" WC="0.65" CC="70"/>
						<SP ID="P2_SP00235" HPOS="2384" VPOS="3225" WIDTH="49"/>
						<String ID="P2_ST00263" HPOS="2433" VPOS="3169" WIDTH="39" HEIGHT="44" CONTENT="a" WC="0.20" CC="7"/>
						<SP ID="P2_SP00236" HPOS="2472" VPOS="3225" WIDTH="46"/>
						<String ID="P2_ST00264" HPOS="2518" VPOS="3159" WIDTH="156" HEIGHT="68" CONTENT="part" WC="0.95" CC="9923"/>
						<SP ID="P2_SP00237" HPOS="2674" VPOS="3227" WIDTH="47"/>
						<String ID="P2_ST00265" HPOS="2721" VPOS="3152" WIDTH="78" HEIGHT="63" CONTENT="of" WC="0.46" CC="45"/>
					</TextLine>
					<TextLine ID="P2_TL00028" HPOS="191" VPOS="3249" WIDTH="2610" HEIGHT="79">
						<String ID="P2_ST00266" HPOS="191" VPOS="3271" WIDTH="39" HEIGHT="42" CONTENT="a" WC="1.00" CC="0"/>
						<SP ID="P2_SP00238" HPOS="230" VPOS="3313" WIDTH="46"/>
						<String ID="P2_ST00267" HPOS="276" VPOS="3259" WIDTH="276" HEIGHT="69" CONTENT="system." WC="0.99" CC="0801050"/>
						<SP ID="P2_SP00239" HPOS="552" VPOS="3328" WIDTH="127"/>
						<String ID="P2_ST00268" HPOS="679" VPOS="3249" WIDTH="102" HEIGHT="67" CONTENT="As" WC="1.00" CC="00"/>
						<SP ID="P2_SP00240" HPOS="781" VPOS="3328" WIDTH="47"/>
						<String ID="P2_ST00269" HPOS="828" VPOS="3250" WIDTH="200" HEIGHT="65" CONTENT="work" WC="0.96" CC="8270"/>
						<SP ID="P2_SP00241" HPOS="1028" VPOS="3328" WIDTH="42"/>
						<String ID="P2_ST00270" HPOS="1070" VPOS="3250" WIDTH="227" HEIGHT="65" CONTENT="which" WC="0.98" CC="06407"/>
						<SP ID="P2_SP00242" HPOS="1297" VPOS="3328" WIDTH="49"/>
						<String ID="P2_ST00271" HPOS="1346" VPOS="3252" WIDTH="249" HEIGHT="66" CONTENT="should" WC="0.98" CC="060540"/>
						<SP ID="P2_SP00243" HPOS="1595" VPOS="3328" WIDTH="51"/>
						<String ID="P2_ST00272" HPOS="1646" VPOS="3252" WIDTH="276" HEIGHT="68" CONTENT="furnish" WC="0.98" CC="2665606"/>
						<SP ID="P2_SP00244" HPOS="1922" VPOS="3328" WIDTH="49"/>
						<String ID="P2_ST00273" HPOS="1971" VPOS="3276" WIDTH="108" HEIGHT="44" CONTENT="me" WC="0.61" CC="70"/>
						<SP ID="P2_SP00245" HPOS="2079" VPOS="3328" WIDTH="48"/>
						<String ID="P2_ST00274" HPOS="2127" VPOS="3256" WIDTH="167" HEIGHT="66" CONTENT="with" WC="0.96" CC="6606"/>
						<SP ID="P2_SP00246" HPOS="2294" VPOS="3328" WIDTH="48"/>
						<String ID="P2_ST00275" HPOS="2342" VPOS="3256" WIDTH="115" HEIGHT="67" CONTENT="the" WC="0.96" CC="271"/>
						<SP ID="P2_SP00247" HPOS="2457" VPOS="3328" WIDTH="47"/>
						<String ID="P2_ST00276" HPOS="2504" VPOS="3278" WIDTH="260" HEIGHT="45" CONTENT="necessi" SUBS_TYPE="HypPart1" SUBS_CONTENT="necessities" WC="0.98" CC="6600078"/>
						<HYP HPOS="2764" VPOS="3278" WIDTH="37" CONTENT="-"/>
					</TextLine>
					<TextLine ID="P2_TL00029" HPOS="191" VPOS="3357" WIDTH="2611" HEIGHT="88">
						<String ID="P2_ST00277" HPOS="191" VPOS="3357" WIDTH="127" HEIGHT="66" CONTENT="ties" SUBS_TYPE="HypPart2" SUBS_CONTENT="necessities" WC="0.99" CC="0500"/>
						<SP ID="P2_SP00248" HPOS="318" VPOS="3423" WIDTH="63"/>
						<String ID="P2_ST00278" HPOS="381" VPOS="3357" WIDTH="81" HEIGHT="68" CONTENT="of" WC="0.69" CC="06"/>
						<SP ID="P2_SP00249" HPOS="462" VPOS="3425" WIDTH="61"/>
						<String ID="P2_ST00279" HPOS="523" VPOS="3357" WIDTH="147" HEIGHT="78" CONTENT="life," WC="0.97" CC="65404"/>
						<SP ID="P2_SP00250" HPOS="670" VPOS="3435" WIDTH="68"/>
						<String ID="P2_ST00280" HPOS="738" VPOS="3360" WIDTH="31" HEIGHT="65" CONTENT="I" WC="0.77" CC="2"/>
						<SP ID="P2_SP00251" HPOS="769" VPOS="3435" WIDTH="62"/>
						<String ID="P2_ST00281" HPOS="831" VPOS="3359" WIDTH="209" HEIGHT="68" CONTENT="chose" WC="0.99" CC="07000"/>
						<SP ID="P2_SP00252" HPOS="1040" VPOS="3435" WIDTH="61"/>
						<String ID="P2_ST00282" HPOS="1101" VPOS="3359" WIDTH="179" HEIGHT="68" CONTENT="hard" WC="0.97" CC="7500"/>
						<SP ID="P2_SP00253" HPOS="1280" VPOS="3435" WIDTH="59"/>
						<String ID="P2_ST00283" HPOS="1339" VPOS="3360" WIDTH="258" HEIGHT="67" CONTENT="menial" WC="0.98" CC="008605"/>
						<SP ID="P2_SP00254" HPOS="1597" VPOS="3435" WIDTH="61"/>
						<String ID="P2_ST00284" HPOS="1658" VPOS="3362" WIDTH="215" HEIGHT="66" CONTENT="labor." WC="0.98" CC="097124"/>
						<SP ID="P2_SP00255" HPOS="1873" VPOS="3435" WIDTH="106"/>
						<String ID="P2_ST00285" HPOS="1979" VPOS="3364" WIDTH="227" HEIGHT="66" CONTENT="Work" WC="0.99" CC="0002"/>
						<SP ID="P2_SP00256" HPOS="2206" VPOS="3435" WIDTH="61"/>
						<String ID="P2_ST00286" HPOS="2267" VPOS="3364" WIDTH="151" HEIGHT="66" CONTENT="that" WC="0.99" CC="0500"/>
						<SP ID="P2_SP00257" HPOS="2418" VPOS="3435" WIDTH="63"/>
						<String ID="P2_ST00287" HPOS="2481" VPOS="3367" WIDTH="321" HEIGHT="78" CONTENT="anybody" WC="0.98" CC="0837205"/>
					</TextLine>
					<TextLine ID="P2_TL00030" HPOS="191" VPOS="3465" WIDTH="2608" HEIGHT="87">
						<String ID="P2_ST00288" HPOS="191" VPOS="3465" WIDTH="203" HEIGHT="65" CONTENT="could" WC="0.98" CC="00660"/>
						<SP ID="P2_SP00258" HPOS="394" VPOS="3530" WIDTH="41"/>
						<String ID="P2_ST00289" HPOS="435" VPOS="3465" WIDTH="88" HEIGHT="67" CONTENT="do" WC="0.86" CC="02"/>
						<SP ID="P2_SP00259" HPOS="523" VPOS="3532" WIDTH="37"/>
						<String ID="P2_ST00290" HPOS="560" VPOS="3465" WIDTH="160" HEIGHT="67" CONTENT="who" WC="0.94" CC="960"/>
						<SP ID="P2_SP00260" HPOS="720" VPOS="3532" WIDTH="35"/>
						<String ID="P2_ST00291" HPOS="755" VPOS="3465" WIDTH="139" HEIGHT="68" CONTENT="had" WC="0.94" CC="790"/>
						<SP ID="P2_SP00261" HPOS="894" VPOS="3533" WIDTH="41"/>
						<String ID="P2_ST00292" HPOS="935" VPOS="3469" WIDTH="313" HEIGHT="78" CONTENT="strength" WC="0.98" CC="00407765"/>
						<SP ID="P2_SP00262" HPOS="1248" VPOS="3547" WIDTH="41"/>
						<String ID="P2_ST00293" HPOS="1289" VPOS="3471" WIDTH="137" HEIGHT="64" CONTENT="and" WC="0.98" CC="050"/>
						<SP ID="P2_SP00263" HPOS="1426" VPOS="3547" WIDTH="37"/>
						<String ID="P2_ST00294" HPOS="1463" VPOS="3469" WIDTH="310" HEIGHT="79" CONTENT="physical" WC="0.99" CC="06055004"/>
						<SP ID="P2_SP00264" HPOS="1773" VPOS="3548" WIDTH="39"/>
						<String ID="P2_ST00295" HPOS="1812" VPOS="3471" WIDTH="257" HEIGHT="81" CONTENT="ability," WC="0.99" CC="46454002"/>
						<SP ID="P2_SP00265" HPOS="2069" VPOS="3552" WIDTH="41"/>
						<String ID="P2_ST00296" HPOS="2110" VPOS="3474" WIDTH="232" HEIGHT="66" CONTENT="where" WC="0.97" CC="86025"/>
						<SP ID="P2_SP00266" HPOS="2342" VPOS="3552" WIDTH="39"/>
						<String ID="P2_ST00297" HPOS="2381" VPOS="3474" WIDTH="194" HEIGHT="64" CONTENT="there" WC="0.97" CC="77040"/>
						<SP ID="P2_SP00267" HPOS="2575" VPOS="3552" WIDTH="41"/>
						<String ID="P2_ST00298" HPOS="2616" VPOS="3496" WIDTH="183" HEIGHT="46" CONTENT="were" WC="0.97" CC="0290"/>
					</TextLine>
					<TextLine ID="P2_TL00031" HPOS="191" VPOS="3572" WIDTH="2611" HEIGHT="92">
						<String ID="P2_ST00299" HPOS="191" VPOS="3592" WIDTH="92" HEIGHT="46" CONTENT="no" WC="0.32" CC="75"/>
						<SP ID="P2_SP00268" HPOS="283" VPOS="3638" WIDTH="40"/>
						<String ID="P2_ST00300" HPOS="323" VPOS="3572" WIDTH="359" HEIGHT="81" CONTENT="questions" WC="0.99" CC="014034080"/>
						<SP ID="P2_SP00269" HPOS="682" VPOS="3653" WIDTH="41"/>
						<String ID="P2_ST00301" HPOS="723" VPOS="3574" WIDTH="232" HEIGHT="79" CONTENT="asked," WC="0.99" CC="008004"/>
						<SP ID="P2_SP00270" HPOS="955" VPOS="3653" WIDTH="47"/>
						<String ID="P2_ST00302" HPOS="1002" VPOS="3598" WIDTH="90" HEIGHT="44" CONTENT="no" WC="0.59" CC="52"/>
						<SP ID="P2_SP00271" HPOS="1092" VPOS="3653" WIDTH="46"/>
						<String ID="P2_ST00303" HPOS="1138" VPOS="3586" WIDTH="349" HEIGHT="57" CONTENT="contracts" WC="0.99" CC="008095300"/>
						<SP ID="P2_SP00272" HPOS="1487" VPOS="3653" WIDTH="44"/>
						<String ID="P2_ST00304" HPOS="1531" VPOS="3579" WIDTH="221" HEIGHT="64" CONTENT="made." WC="0.97" CC="70932"/>
						<SP ID="P2_SP00273" HPOS="1752" VPOS="3653" WIDTH="131"/>
						<String ID="P2_ST00305" HPOS="1883" VPOS="3579" WIDTH="30" HEIGHT="64" CONTENT="I" WC="0.50" CC="4"/>
						<SP ID="P2_SP00274" HPOS="1913" VPOS="3653" WIDTH="48"/>
						<String ID="P2_ST00306" HPOS="1961" VPOS="3601" WIDTH="193" HEIGHT="47" CONTENT="came" WC="0.99" CC="0030"/>
						<SP ID="P2_SP00275" HPOS="2154" VPOS="3653" WIDTH="44"/>
						<String ID="P2_ST00307" HPOS="2198" VPOS="3581" WIDTH="69" HEIGHT="66" CONTENT="in" WC="0.42" CC="56"/>
						<SP ID="P2_SP00276" HPOS="2267" VPOS="3653" WIDTH="48"/>
						<String ID="P2_ST00308" HPOS="2315" VPOS="3582" WIDTH="115" HEIGHT="66" CONTENT="the" WC="0.97" CC="044"/>
						<SP ID="P2_SP00277" HPOS="2430" VPOS="3653" WIDTH="46"/>
						<String ID="P2_ST00309" HPOS="2476" VPOS="3584" WIDTH="326" HEIGHT="80" CONTENT="morning" WC="0.97" CC="6546709"/>
					</TextLine>
					<TextLine ID="P2_TL00032" HPOS="191" VPOS="3681" WIDTH="2608" HEIGHT="83">
						<String ID="P2_ST00310" HPOS="191" VPOS="3681" WIDTH="136" HEIGHT="64" CONTENT="and" WC="0.94" CC="970"/>
						<SP ID="P2_SP00278" HPOS="327" VPOS="3745" WIDTH="44"/>
						<String ID="P2_ST00311" HPOS="371" VPOS="3681" WIDTH="318" HEIGHT="67" CONTENT="received" WC="0.99" CC="60014027"/>
						<SP ID="P2_SP00279" HPOS="689" VPOS="3748" WIDTH="41"/>
						<String ID="P2_ST00312" HPOS="730" VPOS="3704" WIDTH="117" HEIGHT="58" CONTENT="my" WC="1.00" CC="00"/>
						<SP ID="P2_SP00280" HPOS="847" VPOS="3762" WIDTH="44"/>
						<String ID="P2_ST00313" HPOS="891" VPOS="3706" WIDTH="133" HEIGHT="56" CONTENT="pay" WC="0.99" CC="002"/>
						<SP ID="P2_SP00281" HPOS="1024" VPOS="3762" WIDTH="43"/>
						<String ID="P2_ST00314" HPOS="1067" VPOS="3686" WIDTH="69" HEIGHT="64" CONTENT="in" WC="0.47" CC="64"/>
						<SP ID="P2_SP00282" HPOS="1136" VPOS="3762" WIDTH="46"/>
						<String ID="P2_ST00315" HPOS="1182" VPOS="3684" WIDTH="117" HEIGHT="66" CONTENT="the" WC="0.95" CC="470"/>
						<SP ID="P2_SP00283" HPOS="1299" VPOS="3762" WIDTH="44"/>
						<String ID="P2_ST00316" HPOS="1343" VPOS="3686" WIDTH="313" HEIGHT="78" CONTENT="evening," WC="0.99" CC="00020660"/>
						<SP ID="P2_SP00284" HPOS="1656" VPOS="3764" WIDTH="49"/>
						<String ID="P2_ST00317" HPOS="1705" VPOS="3686" WIDTH="59" HEIGHT="66" CONTENT="if" WC="0.43" CC="73"/>
						<SP ID="P2_SP00285" HPOS="1764" VPOS="3764" WIDTH="49"/>
						<String ID="P2_ST00318" HPOS="1813" VPOS="3686" WIDTH="29" HEIGHT="64" CONTENT="I" WC="0.53" CC="4"/>
						<SP ID="P2_SP00286" HPOS="1842" VPOS="3764" WIDTH="48"/>
						<String ID="P2_ST00319" HPOS="1890" VPOS="3686" WIDTH="266" HEIGHT="67" CONTENT="wished" WC="0.98" CC="820500"/>
						<SP ID="P2_SP00287" HPOS="2156" VPOS="3764" WIDTH="44"/>
						<String ID="P2_ST00320" HPOS="2200" VPOS="3704" WIDTH="91" HEIGHT="53" CONTENT="to." WC="0.97" CC="402"/>
						<SP ID="P2_SP00288" HPOS="2291" VPOS="3764" WIDTH="91"/>
						<String ID="P2_ST00321" HPOS="2382" VPOS="3689" WIDTH="72" HEIGHT="66" CONTENT="If" WC="0.47" CC="55"/>
						<SP ID="P2_SP00289" HPOS="2454" VPOS="3764" WIDTH="49"/>
						<String ID="P2_ST00322" HPOS="2503" VPOS="3689" WIDTH="30" HEIGHT="64" CONTENT="I" WC="1.00" CC="0"/>
						<SP ID="P2_SP00290" HPOS="2533" VPOS="3764" WIDTH="49"/>
						<String ID="P2_ST00323" HPOS="2582" VPOS="3691" WIDTH="217" HEIGHT="66" CONTENT="didn't" WC="0.97" CC="060848"/>
					</TextLine>
					<TextLine ID="P2_TL00033" HPOS="191" VPOS="3789" WIDTH="2605" HEIGHT="90">
						<String ID="P2_ST00324" HPOS="191" VPOS="3789" WIDTH="134" HEIGHT="68" CONTENT="like" WC="0.96" CC="6470"/>
						<SP ID="P2_SP00291" HPOS="325" VPOS="3857" WIDTH="41"/>
						<String ID="P2_ST00325" HPOS="366" VPOS="3789" WIDTH="115" HEIGHT="66" CONTENT="the" WC="0.98" CC="060"/>
						<SP ID="P2_SP00292" HPOS="481" VPOS="3857" WIDTH="40"/>
						<String ID="P2_ST00326" HPOS="521" VPOS="3791" WIDTH="214" HEIGHT="76" CONTENT="work," WC="1.00" CC="00000"/>
						<SP ID="P2_SP00293" HPOS="735" VPOS="3867" WIDTH="47"/>
						<String ID="P2_ST00327" HPOS="782" VPOS="3791" WIDTH="31" HEIGHT="62" CONTENT="I" WC="0.33" CC="6"/>
						<SP ID="P2_SP00294" HPOS="813" VPOS="3867" WIDTH="42"/>
						<String ID="P2_ST00328" HPOS="855" VPOS="3792" WIDTH="207" HEIGHT="65" CONTENT="could" WC="0.99" CC="30400"/>
						<SP ID="P2_SP00295" HPOS="1062" VPOS="3867" WIDTH="39"/>
						<String ID="P2_ST00329" HPOS="1101" VPOS="3792" WIDTH="145" HEIGHT="80" CONTENT="quit" WC="0.97" CC="0570"/>
						<SP ID="P2_SP00296" HPOS="1246" VPOS="3872" WIDTH="44"/>
						<String ID="P2_ST00330" HPOS="1290" VPOS="3794" WIDTH="70" HEIGHT="64" CONTENT="it." WC="0.97" CC="404"/>
						<SP ID="P2_SP00297" HPOS="1360" VPOS="3872" WIDTH="89"/>
						<String ID="P2_ST00331" HPOS="1449" VPOS="3792" WIDTH="165" HEIGHT="68" CONTENT="And" WC="1.00" CC="000"/>
						<SP ID="P2_SP00298" HPOS="1614" VPOS="3872" WIDTH="39"/>
						<String ID="P2_ST00332" HPOS="1653" VPOS="3794" WIDTH="204" HEIGHT="66" CONTENT="while" WC="0.95" CC="93759"/>
						<SP ID="P2_SP00299" HPOS="1857" VPOS="3872" WIDTH="45"/>
						<String ID="P2_ST00333" HPOS="1902" VPOS="3794" WIDTH="30" HEIGHT="64" CONTENT="I" WC="0.53" CC="4"/>
						<SP ID="P2_SP00300" HPOS="1932" VPOS="3872" WIDTH="41"/>
						<String ID="P2_ST00334" HPOS="1973" VPOS="3819" WIDTH="145" HEIGHT="44" CONTENT="was" WC="0.94" CC="970"/>
						<SP ID="P2_SP00301" HPOS="2118" VPOS="3872" WIDTH="39"/>
						<String ID="P2_ST00335" HPOS="2157" VPOS="3797" WIDTH="322" HEIGHT="82" CONTENT="working" WC="0.99" CC="0210600"/>
						<SP ID="P2_SP00302" HPOS="2479" VPOS="3879" WIDTH="39"/>
						<String ID="P2_ST00336" HPOS="2518" VPOS="3809" WIDTH="71" HEIGHT="56" CONTENT="to" WC="0.96" CC="00"/>
						<SP ID="P2_SP00303" HPOS="2589" VPOS="3879" WIDTH="46"/>
						<String ID="P2_ST00337" HPOS="2635" VPOS="3819" WIDTH="161" HEIGHT="44" CONTENT="earn" WC="0.97" CC="0068"/>
					</TextLine>
					<TextLine ID="P2_TL00034" HPOS="190" VPOS="3899" WIDTH="2607" HEIGHT="86">
						<String ID="P2_ST00338" HPOS="190" VPOS="3919" WIDTH="115" HEIGHT="60" CONTENT="my" WC="0.69" CC="60"/>
						<SP ID="P2_SP00304" HPOS="305" VPOS="3979" WIDTH="39"/>
						<String ID="P2_ST00339" HPOS="344" VPOS="3918" WIDTH="199" HEIGHT="45" CONTENT="room" WC="0.95" CC="4566"/>
						<SP ID="P2_SP00305" HPOS="543" VPOS="3979" WIDTH="43"/>
						<String ID="P2_ST00340" HPOS="586" VPOS="3899" WIDTH="137" HEIGHT="66" CONTENT="and" WC="0.98" CC="006"/>
						<SP ID="P2_SP00306" HPOS="723" VPOS="3979" WIDTH="41"/>
						<String ID="P2_ST00341" HPOS="764" VPOS="3899" WIDTH="238" HEIGHT="80" CONTENT="board," WC="0.97" CC="729404"/>
						<SP ID="P2_SP00307" HPOS="1002" VPOS="3979" WIDTH="44"/>
						<String ID="P2_ST00342" HPOS="1046" VPOS="3923" WIDTH="117" HEIGHT="57" CONTENT="my" WC="0.83" CC="30"/>
						<SP ID="P2_SP00308" HPOS="1163" VPOS="3980" WIDTH="41"/>
						<String ID="P2_ST00343" HPOS="1204" VPOS="3901" WIDTH="335" HEIGHT="81" CONTENT="thoughts" WC="0.98" CC="05069700"/>
						<SP ID="P2_SP00309" HPOS="1539" VPOS="3982" WIDTH="41"/>
						<String ID="P2_ST00344" HPOS="1580" VPOS="3924" WIDTH="184" HEIGHT="44" CONTENT="were" WC="0.99" CC="0050"/>
						<SP ID="P2_SP00310" HPOS="1764" VPOS="3982" WIDTH="43"/>
						<String ID="P2_ST00345" HPOS="1807" VPOS="3926" WIDTH="115" HEIGHT="59" CONTENT="my" WC="0.76" CC="40"/>
						<SP ID="P2_SP00311" HPOS="1922" VPOS="3985" WIDTH="44"/>
						<String ID="P2_ST00346" HPOS="1966" VPOS="3926" WIDTH="178" HEIGHT="47" CONTENT="own." WC="0.97" CC="2073"/>
						<SP ID="P2_SP00312" HPOS="2144" VPOS="3985" WIDTH="123"/>
						<String ID="P2_ST00347" HPOS="2267" VPOS="3906" WIDTH="165" HEIGHT="66" CONTENT="And" WC="0.97" CC="070"/>
						<SP ID="P2_SP00313" HPOS="2432" VPOS="3985" WIDTH="42"/>
						<String ID="P2_ST00348" HPOS="2474" VPOS="3929" WIDTH="212" HEIGHT="44" CONTENT="never" WC="0.98" CC="75002"/>
						<SP ID="P2_SP00314" HPOS="2686" VPOS="3985" WIDTH="45"/>
						<String ID="P2_ST00349" HPOS="2731" VPOS="3909" WIDTH="66" HEIGHT="64" CONTENT="in" WC="0.36" CC="57"/>
					</TextLine>
					<TextLine ID="P2_TL00035" HPOS="190" VPOS="4007" WIDTH="2607" HEIGHT="87">
						<String ID="P2_ST00350" HPOS="190" VPOS="4028" WIDTH="115" HEIGHT="59" CONTENT="my" WC="0.52" CC="90"/>
						<SP ID="P2_SP00315" HPOS="305" VPOS="4087" WIDTH="45"/>
						<String ID="P2_ST00351" HPOS="350" VPOS="4007" WIDTH="129" HEIGHT="68" CONTENT="life" WC="0.97" CC="5505"/>
						<SP ID="P2_SP00316" HPOS="479" VPOS="4087" WIDTH="48"/>
						<String ID="P2_ST00352" HPOS="527" VPOS="4009" WIDTH="120" HEIGHT="66" CONTENT="did" WC="0.98" CC="050"/>
						<SP ID="P2_SP00317" HPOS="647" VPOS="4087" WIDTH="47"/>
						<String ID="P2_ST00353" HPOS="694" VPOS="4011" WIDTH="29" HEIGHT="62" CONTENT="I" WC="0.32" CC="6"/>
						<SP ID="P2_SP00318" HPOS="723" VPOS="4087" WIDTH="56"/>
						<String ID="P2_ST00354" HPOS="779" VPOS="4009" WIDTH="137" HEIGHT="66" CONTENT="feel" WC="0.98" CC="0016"/>
						<SP ID="P2_SP00319" HPOS="916" VPOS="4087" WIDTH="54"/>
						<String ID="P2_ST00355" HPOS="970" VPOS="4011" WIDTH="190" HEIGHT="64" CONTENT="freer" WC="0.99" CC="44000"/>
						<SP ID="P2_SP00320" HPOS="1160" VPOS="4087" WIDTH="47"/>
						<String ID="P2_ST00356" HPOS="1207" VPOS="4011" WIDTH="168" HEIGHT="66" CONTENT="than" WC="0.98" CC="0704"/>
						<SP ID="P2_SP00321" HPOS="1375" VPOS="4087" WIDTH="47"/>
						<String ID="P2_ST00357" HPOS="1422" VPOS="4011" WIDTH="70" HEIGHT="64" CONTENT="in" WC="0.34" CC="66"/>
						<SP ID="P2_SP00322" HPOS="1492" VPOS="4087" WIDTH="49"/>
						<String ID="P2_ST00358" HPOS="1541" VPOS="4011" WIDTH="200" HEIGHT="67" CONTENT="those" WC="0.99" CC="17020"/>
						<SP ID="P2_SP00323" HPOS="1741" VPOS="4087" WIDTH="50"/>
						<String ID="P2_ST00359" HPOS="1791" VPOS="4012" WIDTH="171" HEIGHT="82" CONTENT="days" WC="0.99" CC="5000"/>
						<SP ID="P2_SP00324" HPOS="1962" VPOS="4094" WIDTH="48"/>
						<String ID="P2_ST00360" HPOS="2010" VPOS="4014" WIDTH="71" HEIGHT="64" CONTENT="in" WC="0.28" CC="76"/>
						<SP ID="P2_SP00325" HPOS="2081" VPOS="4094" WIDTH="49"/>
						<String ID="P2_ST00361" HPOS="2130" VPOS="4014" WIDTH="225" HEIGHT="66" CONTENT="which" WC="0.96" CC="96707"/>
						<SP ID="P2_SP00326" HPOS="2355" VPOS="4094" WIDTH="55"/>
						<String ID="P2_ST00362" HPOS="2410" VPOS="4018" WIDTH="30" HEIGHT="62" CONTENT="I" WC="0.44" CC="5"/>
						<SP ID="P2_SP00327" HPOS="2440" VPOS="4094" WIDTH="51"/>
						<String ID="P2_ST00363" HPOS="2491" VPOS="4016" WIDTH="139" HEIGHT="68" CONTENT="had" WC="0.91" CC="796"/>
						<SP ID="P2_SP00328" HPOS="2630" VPOS="4094" WIDTH="49"/>
						<String ID="P2_ST00364" HPOS="2679" VPOS="4041" WIDTH="79" HEIGHT="44" CONTENT="ex" SUBS_TYPE="HypPart1" SUBS_CONTENT="exchanged" WC="0.93" CC="49"/>
						<HYP HPOS="2758" VPOS="4041" WIDTH="39" CONTENT="-"/>
					</TextLine>
					<TextLine ID="P2_TL00036" HPOS="190" VPOS="4114" WIDTH="1163" HEIGHT="85">
						<String ID="P2_ST00365" HPOS="190" VPOS="4114" WIDTH="313" HEIGHT="81" CONTENT="changed" SUBS_TYPE="HypPart2" SUBS_CONTENT="exchanged" WC="0.98" CC="0607903"/>
						<SP ID="P2_SP00329" HPOS="503" VPOS="4195" WIDTH="35"/>
						<String ID="P2_ST00366" HPOS="538" VPOS="4138" WIDTH="119" HEIGHT="61" CONTENT="my" WC="0.66" CC="60"/>
						<SP ID="P2_SP00330" HPOS="657" VPOS="4199" WIDTH="32"/>
						<String ID="P2_ST00367" HPOS="689" VPOS="4139" WIDTH="132" HEIGHT="58" CONTENT="pen" WC="0.94" CC="808"/>
						<SP ID="P2_SP00331" HPOS="821" VPOS="4199" WIDTH="44"/>
						<String ID="P2_ST00368" HPOS="865" VPOS="4119" WIDTH="114" HEIGHT="64" CONTENT="for" WC="0.94" CC="454"/>
						<SP ID="P2_SP00332" HPOS="979" VPOS="4199" WIDTH="37"/>
						<String ID="P2_ST00369" HPOS="1016" VPOS="4141" WIDTH="39" HEIGHT="44" CONTENT="a" WC="1.00" CC="9"/>
						<SP ID="P2_SP00333" HPOS="1055" VPOS="4199" WIDTH="40"/>
						<String ID="P2_ST00370" HPOS="1095" VPOS="4119" WIDTH="258" HEIGHT="66" CONTENT="shovel." WC="0.99" CC="0600060"/>
					</TextLine>
					<TextLine ID="P2_TL00037" HPOS="357" VPOS="4309" WIDTH="2440" HEIGHT="84">
						<String ID="P2_ST00371" HPOS="357" VPOS="4309" WIDTH="31" HEIGHT="64" CONTENT="I" WC="0.74" CC="2"/>
						<SP ID="P2_SP00334" HPOS="388" VPOS="4373" WIDTH="62"/>
						<String ID="P2_ST00372" HPOS="450" VPOS="4309" WIDTH="412" HEIGHT="81" CONTENT="frequented" WC="0.98" CC="6927605503"/>
						<SP ID="P2_SP00335" HPOS="862" VPOS="4390" WIDTH="51"/>
						<String ID="P2_ST00373" HPOS="913" VPOS="4310" WIDTH="115" HEIGHT="66" CONTENT="the" WC="0.95" CC="670"/>
						<SP ID="P2_SP00336" HPOS="1028" VPOS="4390" WIDTH="52"/>
						<String ID="P2_ST00374" HPOS="1080" VPOS="4310" WIDTH="339" HEIGHT="68" CONTENT="libraries." WC="0.99" CC="5770918003"/>
						<SP ID="P2_SP00337" HPOS="1419" VPOS="4390" WIDTH="142"/>
						<String ID="P2_ST00375" HPOS="1561" VPOS="4316" WIDTH="81" HEIGHT="64" CONTENT="In" WC="0.35" CC="47"/>
						<SP ID="P2_SP00338" HPOS="1642" VPOS="4390" WIDTH="51"/>
						<String ID="P2_ST00376" HPOS="1693" VPOS="4334" WIDTH="117" HEIGHT="59" CONTENT="my" WC="0.87" CC="20"/>
						<SP ID="P2_SP00339" HPOS="1810" VPOS="4393" WIDTH="49"/>
						<String ID="P2_ST00377" HPOS="1859" VPOS="4316" WIDTH="202" HEIGHT="66" CONTENT="work" WC="0.98" CC="0090"/>
						<SP ID="P2_SP00340" HPOS="2061" VPOS="4393" WIDTH="47"/>
						<String ID="P2_ST00378" HPOS="2108" VPOS="4316" WIDTH="264" HEIGHT="66" CONTENT="clothes" WC="0.98" CC="0509700"/>
						<SP ID="P2_SP00341" HPOS="2372" VPOS="4393" WIDTH="54"/>
						<String ID="P2_ST00379" HPOS="2426" VPOS="4319" WIDTH="31" HEIGHT="63" CONTENT="I" WC="0.38" CC="6"/>
						<SP ID="P2_SP00342" HPOS="2457" VPOS="4393" WIDTH="56"/>
						<String ID="P2_ST00380" HPOS="2513" VPOS="4319" WIDTH="284" HEIGHT="66" CONTENT="strolled" WC="0.98" CC="34408418"/>
					</TextLine>
					<TextLine ID="P2_TL00038" HPOS="190" VPOS="4417" WIDTH="2607" HEIGHT="88">
						<String ID="P2_ST00381" HPOS="190" VPOS="4417" WIDTH="88" HEIGHT="78" CONTENT="in," WC="0.96" CC="604"/>
						<SP ID="P2_SP00343" HPOS="278" VPOS="4495" WIDTH="45"/>
						<String ID="P2_ST00382" HPOS="323" VPOS="4419" WIDTH="215" HEIGHT="64" CONTENT="asked" WC="0.99" CC="00005"/>
						<SP ID="P2_SP00344" HPOS="538" VPOS="4495" WIDTH="49"/>
						<String ID="P2_ST00383" HPOS="587" VPOS="4419" WIDTH="116" HEIGHT="64" CONTENT="for" WC="0.96" CC="505"/>
						<SP ID="P2_SP00345" HPOS="703" VPOS="4495" WIDTH="44"/>
						<String ID="P2_ST00384" HPOS="747" VPOS="4441" WIDTH="135" HEIGHT="57" CONTENT="any" WC="0.95" CC="770"/>
						<SP ID="P2_SP00346" HPOS="882" VPOS="4498" WIDTH="42"/>
						<String ID="P2_ST00385" HPOS="924" VPOS="4419" WIDTH="185" HEIGHT="66" CONTENT="book" WC="0.97" CC="4064"/>
						<SP ID="P2_SP00347" HPOS="1109" VPOS="4498" WIDTH="44"/>
						<String ID="P2_ST00386" HPOS="1153" VPOS="4422" WIDTH="29" HEIGHT="65" CONTENT="I" WC="1.00" CC="0"/>
						<SP ID="P2_SP00348" HPOS="1182" VPOS="4498" WIDTH="46"/>
						<String ID="P2_ST00387" HPOS="1228" VPOS="4419" WIDTH="265" HEIGHT="68" CONTENT="wished" WC="0.98" CC="070608"/>
						<SP ID="P2_SP00349" HPOS="1493" VPOS="4498" WIDTH="44"/>
						<String ID="P2_ST00388" HPOS="1537" VPOS="4434" WIDTH="73" HEIGHT="54" CONTENT="to" WC="0.96" CC="00"/>
						<SP ID="P2_SP00350" HPOS="1610" VPOS="4498" WIDTH="49"/>
						<String ID="P2_ST00389" HPOS="1659" VPOS="4422" WIDTH="187" HEIGHT="66" CONTENT="read." WC="0.96" CC="25990"/>
						<SP ID="P2_SP00351" HPOS="1846" VPOS="4498" WIDTH="91"/>
						<String ID="P2_ST00390" HPOS="1937" VPOS="4422" WIDTH="144" HEIGHT="66" CONTENT="Can" WC="0.94" CC="239"/>
						<SP ID="P2_SP00352" HPOS="2081" VPOS="4498" WIDTH="47"/>
						<String ID="P2_ST00391" HPOS="2128" VPOS="4446" WIDTH="139" HEIGHT="59" CONTENT="you" WC="0.96" CC="036"/>
						<SP ID="P2_SP00353" HPOS="2267" VPOS="4505" WIDTH="48"/>
						<String ID="P2_ST00392" HPOS="2315" VPOS="4426" WIDTH="323" HEIGHT="66" CONTENT="recollect" WC="0.99" CC="004306035"/>
						<SP ID="P2_SP00354" HPOS="2638" VPOS="4505" WIDTH="46"/>
						<String ID="P2_ST00393" HPOS="2684" VPOS="4426" WIDTH="113" HEIGHT="66" CONTENT="the" WC="0.95" CC="076"/>
					</TextLine>
					<TextLine ID="P2_TL00039" HPOS="191" VPOS="4526" WIDTH="2608" HEIGHT="84">
						<String ID="P2_ST00394" HPOS="191" VPOS="4526" WIDTH="124" HEIGHT="66" CONTENT="red" WC="0.97" CC="600"/>
						<SP ID="P2_SP00355" HPOS="315" VPOS="4592" WIDTH="51"/>
						<String ID="P2_ST00395" HPOS="366" VPOS="4536" WIDTH="154" HEIGHT="69" CONTENT="tape" WC="0.99" CC="4000"/>
						<SP ID="P2_SP00356" HPOS="520" VPOS="4605" WIDTH="47"/>
						<String ID="P2_ST00396" HPOS="567" VPOS="4549" WIDTH="139" HEIGHT="58" CONTENT="you" WC="0.97" CC="043"/>
						<SP ID="P2_SP00357" HPOS="706" VPOS="4607" WIDTH="47"/>
						<String ID="P2_ST00397" HPOS="753" VPOS="4526" WIDTH="177" HEIGHT="67" CONTENT="have" WC="0.97" CC="6700"/>
						<SP ID="P2_SP00358" HPOS="930" VPOS="4607" WIDTH="49"/>
						<String ID="P2_ST00398" HPOS="979" VPOS="4537" WIDTH="72" HEIGHT="56" CONTENT="to" WC="0.95" CC="00"/>
						<SP ID="P2_SP00359" HPOS="1051" VPOS="4607" WIDTH="53"/>
						<String ID="P2_ST00399" HPOS="1104" VPOS="4551" WIDTH="86" HEIGHT="56" CONTENT="go" WC="0.61" CC="60"/>
						<SP ID="P2_SP00360" HPOS="1190" VPOS="4607" WIDTH="51"/>
						<String ID="P2_ST00400" HPOS="1241" VPOS="4527" WIDTH="305" HEIGHT="81" CONTENT="through" WC="0.98" CC="0630706"/>
						<SP ID="P2_SP00361" HPOS="1546" VPOS="4608" WIDTH="49"/>
						<String ID="P2_ST00401" HPOS="1595" VPOS="4529" WIDTH="61" HEIGHT="64" CONTENT="if" WC="0.53" CC="26"/>
						<SP ID="P2_SP00362" HPOS="1656" VPOS="4608" WIDTH="47"/>
						<String ID="P2_ST00402" HPOS="1703" VPOS="4553" WIDTH="138" HEIGHT="57" CONTENT="you" WC="0.98" CC="005"/>
						<SP ID="P2_SP00363" HPOS="1841" VPOS="4610" WIDTH="52"/>
						<String ID="P2_ST00403" HPOS="1893" VPOS="4532" WIDTH="125" HEIGHT="65" CONTENT="ask" WC="0.97" CC="700"/>
						<SP ID="P2_SP00364" HPOS="2018" VPOS="4610" WIDTH="55"/>
						<String ID="P2_ST00404" HPOS="2073" VPOS="4532" WIDTH="116" HEIGHT="65" CONTENT="for" WC="0.95" CC="660"/>
						<SP ID="P2_SP00365" HPOS="2189" VPOS="4610" WIDTH="49"/>
						<String ID="P2_ST00405" HPOS="2238" VPOS="4556" WIDTH="39" HEIGHT="42" CONTENT="a" WC="1.00" CC="0"/>
						<SP ID="P2_SP00366" HPOS="2277" VPOS="4610" WIDTH="51"/>
						<String ID="P2_ST00406" HPOS="2328" VPOS="4532" WIDTH="186" HEIGHT="66" CONTENT="book" WC="0.98" CC="6300"/>
						<SP ID="P2_SP00367" HPOS="2514" VPOS="4610" WIDTH="51"/>
						<String ID="P2_ST00407" HPOS="2565" VPOS="4532" WIDTH="68" HEIGHT="66" CONTENT="in" WC="0.44" CC="55"/>
						<SP ID="P2_SP00368" HPOS="2633" VPOS="4610" WIDTH="53"/>
						<String ID="P2_ST00408" HPOS="2686" VPOS="4534" WIDTH="113" HEIGHT="66" CONTENT="the" WC="0.96" CC="063"/>
					</TextLine>
				</TextBlock>
			</PrintSpace>
		</Page>
	</Layout>
</alto>
