2814 4056
2538 3955 53 42 71

168 117 126 44 Aber
314 117 80 43 ich
422 117 103 41 will
543 129 48 31 es
610 117 147 44 ihnen
776 119 194 45 schonst
986 122 178 55 zeigen!
1197 123 154 44 Wenn

168 185 79 45 ich
300 183 122 44 auch
477 184 132 43 nicht
658 186 157 56 weiss,
867 202 83 29 um
1003 204 100 29 was
1150 205 48 30 es
1251 193 101 43 sich

168 252 201 46 handelt
390 254 77 43 bei
484 254 183 44 diesem
684 257 294 45 verfluchten
999 260 326 56 Expressionis-

169 336 125 41 mus,
331 336 53 29 so
417 322 240 56 behaupte
694 325 77 42 ich
807 326 202 55 einfach,
1048 329 130 43 diese
1210 343 143 41 ganze

169 391 338 57 Entwicklung
544 392 128 43 hätte
718 393 78 44 ich
843 396 152 55 längst
1043 397 158 43 hinter
1245 401 107 43 mir.

175 462 96 49 „Im
304 461 158 43 Geiste
493 461 83 44 des
967 480 155 30 nenne
1157 468 79 43 ich
1269 468 83 45 das

171 531 128 43 dann
332 529 390 45 Wiederaufbau.
787 533 183 45 Darauf
1003 536 240 57 behaupte
1274 539 79 42 ich

171 599 142 55 dann,
365 598 103 51 „die
506 611 161 44 grosse
707 600 245 45 Mehrzahl
1000 603 84 43 der
1132 605 222 46 Künstler

169 669 138 55 ginge
368 668 138 43 ihren
559 668 116 56 Weg
722 670 302 45 zielbewusst

172 736 99 45 und
319 738 111 41 liefe
476 738 48 41 in
575 738 110 43 sehr
731 740 211 53 gesunde
989 741 195 45 Bahnen
1236 746 118 44 über

172 807 98 56 (die
329 807 502 56 Zurückgebliebenen
896 811 246 57 nämlich).
1234 815 120 44 Herr

169 877 110 43 Max
300 876 198 56 Streese,
533 877 104 43 hier
660 879 125 43 kann
808 880 78 42 ich
910 880 75 43 Sie
1017 882 132 44 nicht
1178 885 146 43 wider-

171 947 157 55 legen;
376 945 78 43 die
498 946 155 43 kleine
698 947 200 43 Einzahl
943 950 147 44 heisst

173 1016 78 43 die
288 1027 163 43 grosse
487 1016 245 44 Mehrzahl
1272 1025 81 43 Als

171 1084 185 45 Beweis
389 1084 154 55 dafür,
583 1084 110 45 dass
731 1086 77 44 die
841 1099 160 44 grosse
1032 1091 241 44 Mehrzahl
1305 1094 49 42 in

172 1154 113 43 sehr
317 1154 212 55 gesunde
556 1154 196 45 Bahnen
787 1158 252 56 überläuft,
1071 1160 131 44 führt
1234 1162 122 43 Herr

171 1225 106 43 Max
317 1225 185 42 Streese
542 1225 125 42 dann
709 1225 76 45 die

172 1294 194 44 Picasso
389 1307 74 41 an,
498 1293 87 44 der
610 1295 166 50 „heute
801 1298 87 42 fast
909 1300 265 43 realistisch

172 1364 123 43 Herr
317 1364 108 43 Max
448 1365 198 53 Streese,
679 1365 165 43 bilden
874 1367 76 42 Sie
978 1367 102 44 sich
1113 1374 122 38 etwa
1268 1371 88 54 ein,

172 1434 217 41 Picassos
451 1434 351 44 künstlerische
859 1436 356 57 Beweggründe
1274 1441 56 42 be-

173 1502 181 57 greifen
382 1516 58 29 zu
473 1502 208 57 können,
717 1505 59 43 da
806 1505 75 44 Sie
912 1507 163 43 seinen
1098 1508 259 45 Kubismus

175 1572 125 43 noch
324 1572 134 43 nicht
478 1573 230 56 begriffen
732 1573 187 45 haben?
953 1576 154 43 Wenn
1138 1577 79 44 ich
1248 1592 110 29 zum

173 1642 210 57 Beispiel
421 1643 114 56 jetzt
573 1644 228 55 plötzlich
840 1646 76 42 ein
950 1648 408 43 naturalistisches

173 1712 188 43 Porträt
382 1713 160 55 malte,
569 1717 125 39 etwa
717 1714 104 43 hier
843 1714 152 45 dieses
1019 1715 184 45 Porträt
1225 1717 133 43 Ihrer

173 1781 262 45 kritischen
476 1783 394 56 Persönlichkeit,
919 1785 128 43 dann
1086 1785 271 59 behaupten

175 1853 77 43 Sie
275 1853 293 55 womöglich
591 1854 267 56 nächstens,
882 1855 79 43 ich
982 1855 172 43 würde
1175 1856 184 44 meiner

172 1922 331 44 Merzmalerei
528 1928 174 39 untreu
730 1924 100 43 und
860 1925 196 56 gehörte
1088 1925 85 44 der
1204 1926 154 43 Partei

175 1991 82 44 des
310 1992 399 45 Wiederaufbaus
761 2008 74 30 an.
903 1995 120 43 Sehr
1071 1995 286 56 freundlich,

175 2063 115 44 aber
322 2062 157 45 danke
510 2065 204 43 bestens.
775 2065 83 43 Ihr
888 2065 376 44 Wiederaufbau
1301 2067 56 43 ist

175 2133 77 42 ein
285 2132 340 44 windschiefes
660 2133 100 43 und
790 2135 248 43 morsches
1070 2136 117 43 alles
1215 2136 142 54 Haus,

175 2203 85 43 das
293 2204 77 44 Sie
418 2217 94 31 von
559 2206 127 42 allen
726 2204 157 45 Seiten
930 2208 179 41 stützen
1147 2209 211 46 müssen,

175 2273 152 44 damit
364 2288 49 29 es
456 2274 86 43 der
573 2276 162 43 Sturm
773 2274 133 43 nicht
942 2274 229 45 umweht.
1234 2274 125 45 Aber

175 2344 196 45 schadet
403 2345 169 51 nichts,
606 2359 93 30 nur
728 2345 144 58 ruhig
900 2349 256 54 umpusten
1187 2347 170 50 lassen,

175 2414 118 46 Sind
319 2416 54 56 ja
402 2415 602 57 Wiederaufbaupartei.*)

942 2485 122 44 Kurt
1096 2485 261 44 Schwitters

176 2704 268 67 Kleine
481 2705 345 66 kritische
862 2704 277 67 Fabeln

261 2819 61 43 IX

174 2887 62 45 Es
254 2902 104 31 war
381 2890 179 43 einmal
584 2890 76 44 ein
680 2888 375 45 Glasermeister.
1103 2890 139 43 Seine
1266 2890 62 43 Ge-

174 2958 367 46 schicklichkeit
599 2961 67 42 im
717 2960 301 44 Zerbrechen
1074 2972 95 31 von
1223 2958 109 45 Glas-

174 3028 224 47 scheiben
418 3045 105 30 war
539 3045 54 30 so
611 3043 148 44 gross,
777 3029 109 46 dass
905 3031 123 43 viele
1045 3029 160 44 reiche
1214 3029 143 44 Leute

174 3100 103 45 sich
335 3116 95 30 von
489 3103 104 43 ihm
645 3100 424 46 Fensterscheiben
1122 3100 235 42 einsetzen

171 3172 191 45 Hessen.
415 3173 104 46 Nun
550 3173 161 44 hatten
741 3172 145 57 grade
914 3172 78 43 die
1020 3169 340 57 Schildbürger

174 3243 174 44 abseits
368 3258 113 30 vom
499 3244 118 57 Weg
630 3245 76 43 ein
722 3255 184 45 grosses
917 3243 127 43 Haus
1063 3241 183 56 gebaut.
1268 3239 89 43 Ein

174 3313 285 45 berühmter
498 3315 269 43 Tiermaler
811 3314 127 43 hatte
999 3311 78 43 die
1145 3314 214 52 grössten

174 3381 85 46 der
291 3384 426 45 Fensterscheiben
749 3384 89 43 mit
867 3381 271 45 herrlichen
1172 3380 185 43 Farben

172 3455 326 56 geschmückt.
584 3456 98 43 Der
734 3455 96 43 Ruf
881 3452 99 45 und
1037 3452 78 43 die
1177 3450 152 44 Schön-

174 3525 99 44 heit
340 3526 159 46 dieser
570 3523 319 47 leuchtenden
965 3522 165 45 Bilder
1204 3522 155 42 lockte

174 3596 119 44 alles
335 3597 126 44 Volk
498 3596 180 45 herbei.
740 3596 89 43 Die
867 3592 342 56 Schildbürger
1246 3591 114 43 aber

178 3667 200 43 wollten
428 3667 77 44 die
552 3664 435 47 Geschicklichkeit
1039 3662 82 44 des
1169 3662 163 43 Glaser-

175 3781 19 19 *
221 3782 53 36 Es
305 3782 174 37 handelt
513 3782 93 37 sich
637 3793 71 25 um
740 3780 67 37 die
833 3779 293 47 Besprechung
1160 3776 74 36 der
1258 3776 76 34 Aus-

172 3840 180 50 stellung
368 3841 231 37 Deutscher
613 3838 385 51 Expressionismus
1016 3835 233 40 Darmstadt
1258 3833 101 40 1920.

2159 112 9 11 i

1423 125 212 43 meisters
1684 140 59 28 an
1792 127 160 44 diesen
1999 129 343 44 Kunstwerken
2390 134 84 40 auf
2509 132 76 43 die

1424 194 153 42 Probe
1610 197 179 41 stellen.
1854 197 180 42 Darum
2080 199 138 41 baten
2251 200 67 42 sie
2366 201 96 53 ihn,
2511 202 74 42 ein

1424 262 261 43 Gutachten
1724 265 117 41 über
1879 265 77 43 die
1989 267 415 43 Fensterscheiben
2444 270 115 41 abzu-

1423 332 162 53 geben.
1654 333 95 42 Der
1797 333 360 45 Glasermeister
2203 338 110 40 kam
2366 338 98 42 und
2512 338 76 43 die

1424 400 337 56 Schildbürger
1790 402 178 56 fragten
2001 404 97 54 ihn,
2131 405 60 42 ob
2225 419 47 28 es
2295 406 132 42 wohl
2459 411 128 49 gutes

1424 468 99 45 und
1545 469 238 44 haltbares
1807 472 110 42 Glas
1941 473 79 42 sei.
2075 473 70 42 Da
2168 474 108 54 griff
2295 473 268 51 der.Glaser-

1423 538 193 43 meister
1654 540 48 42 in
1736 540 135 41 einen
1905 540 131 54 Sack,
2071 541 90 42 den
2201 556 49 28 er
2281 543 310 53 mitgebracht

1424 607 126 42 hatte
1588 608 99 43 und
1719 608 129 43 holte
1889 609 104 42 eine
2025 611 163 54 Menge
2220 622 184 43 grosser
2436 611 155 42 Steine

1425 675 171 44 daraus
1642 677 182 43 hervor.
1887 679 136 53 „Nun
2069 680 175 40 wollen
2286 680 89 42 wir
2416 681 175 41 einmal

1645 750 124 51 sagte
1802 746 84 43 der
1909 747 368 55 Glasermeister,
2312 749 87 53 „ob
2434 763 47 28 es
2514 761 52 43 ge-

1425 813 193 57 diegene
1630 816 160 42 Arbeit
1941 817 159 41 Damit
2117 817 298 43 schleuderte
2433 832 50 28 er
2501 818 90 43 den

1425 889 210 50 grössten
1668 885 100 43 und
1800 885 288 44 schwersten
2113 886 126 42 Stein
2272 900 51 29 so
2357 887 236 54 geschickt

1425 954 85 41 auf
1552 954 77 42 die
1676 955 220 42 schönste
1944 954 84 43 der
2075 955 244 55 Scheiben,
2375 956 106 43 dass
2526 957 66 42 sie

1427 1024 148 42 sofort
1620 1025 48 42 in
1717 1025 255 42 Trümmer
2018 1025 118 55 ging.
2200 1025 88 54 „Es
2336 1026 58 42 ist
2441 1026 151 42 nichts

1425 1093 87 42 mit
1558 1093 91 43 den
1991 1098 125 50 sagte
2163 1108 51 28 er
2254 1094 98 42 und
2393 1095 199 43 schmiss

1426 1162 84 42 der
1531 1163 147 43 Reihe
1710 1162 123 43 nach
1866 1164 91 42 alle
1990 1162 232 44 Scheiben
2253 1164 49 42 in
2326 1164 265 43 Trümmer.

1426 1232 87 42 Die
1561 1232 339 56 Schildbürger
1946 1232 113 43 aber
2105 1233 222 42 rühmten
2375 1234 97 41 laut
2518 1234 75 42 die

1428 1302 428 43 Geschicklichkeit
1914 1302 81 43 des
2056 1302 380 43 Glasermeisters
2495 1303 99 42 und

1428 1371 184 42 freuten
1636 1371 101 44 sich
1756 1372 125 43 noch
1897 1373 138 54 lange
2049 1373 117 41 über
2189 1372 91 42 den
2303 1375 289 54 gelungenen

1427 1441 224 44 Versuch.

2000 1512 117 43 Kurt
2147 1512 165 43 Glaser
2343 1510 252 46 gewidmet

1515 1581 41 42 X

1427 1649 69 42 Im
1530 1649 163 43 Lande
1724 1664 103 29 war
1859 1650 155 42 Dürre
2052 1649 99 43 und
2182 1650 256 42 Missernte.
2500 1650 93 43 Das

1428 1717 122 44 Volk
1582 1733 74 29 ass
1680 1720 239 55 Wurzeln,
1949 1720 200 42 Kräuter
2180 1719 99 43 und
2312 1719 75 43 die
2409 1719 184 43 Rinden

1428 1786 86 44 der
1545 1787 192 45 Bäume.
1799 1789 71 43 Da
1910 1789 171 43 kamen
2126 1787 183 43 fremde
2340 1787 145 43 Leute
2521 1789 72 41 ins

1428 1858 135 42 Land
1596 1858 99 44 und
1726 1860 236 54 pflanzten
1994 1871 169 41 neuen,
2197 1858 185 42 starken
2408 1857 184 43 Samen.

1428 1927 103 43 Und
1564 1942 84 29 aus
1672 1928 110 43 dem
1806 1928 171 43 Samen
2000 1928 222 43 wuchsen
2257 1941 132 41 neue,
2422 1928 172 55 üppige

1428 1997 98 43 und
1566 1997 485 44 wohlschmeckende
2081 1997 216 43 Früchte.
2361 1996 75 44 Sie
2472 1997 98 54 zeig-

1427 2071 78 39 ten
1525 2067 76 44 die
1619 2068 203 43 Früchte
1840 2069 142 42 allem
1997 2068 122 44 Volk
2137 2067 98 43 und
2251 2067 187 57 priesen
2456 2065 137 44 ihren

1428 2137 296 43 Geschmack
1746 2135 99 45 und
1868 2137 103 43 ihre
1987 2135 271 45 Nährkraft.
2320 2134 163 56 Einige
2504 2133 60 44 Be-

1428 2208 158 42 herzte
1618 2208 212 43 kosteten
1877 2220 94 30 von
2019 2205 91 43 den
2151 2219 154 29 neuen
2344 2203 249 55 Früchten,

1427 2279 159 40 labten
1630 2276 101 45 sich
1779 2290 57 29 an
1884 2276 144 43 ihnen
2076 2275 99 43 und
2222 2275 211 55 sättigten
2480 2272 112 45 sich.

1428 2346 126 45 Aber
1601 2346 76 43 die
1714 2347 165 55 Menge
1926 2346 82 43 des
2046 2345 172 43 Volkes
2263 2342 331 46 verschmähte

1428 2416 84 44 das
1561 2418 130 44 Neue
1742 2417 100 43 und
1892 2431 75 29 ass
2018 2417 165 42 weiter
2234 2429 91 30 von
2380 2415 189 44 schlech-

1427 2492 76 40 ten
1550 2487 240 55 Wurzeln,
1839 2487 233 43 Kräutern
2119 2485 101 43 und
2264 2485 200 43 Rinden.
2526 2485 71 43 Da

1428 2571 145 43 zogen
1606 2557 76 43 die
1705 2557 212 43 Pflanzer
1949 2557 83 42 hin
2063 2570 108 29 zum
2197 2556 146 42 Hüter
2375 2554 81 44 des
2485 2554 84 44 Cul-

1426 2634 74 40 tus
1547 2627 100 44 und
1695 2627 234 56 sprachen
1976 2639 57 30 zu
2079 2625 117 51 ihm,
2243 2638 50 28 er
2338 2628 138 51 möge
2513 2623 83 43 das

1426 2700 123 45 Volk
1587 2699 242 43 belehren.
1889 2697 126 43 Aber
2053 2695 85 45 der
2169 2697 148 42 Hüter
2347 2708 101 29 war
2488 2694 110 43 sehr

1428 2770 147 45 müde
1606 2769 98 43 und
1737 2768 173 44 schlief
1938 2766 147 45 schon
2118 2766 86 44 seit
2231 2766 155 44 vielen
2408 2764 188 44 Jahren.

1428 2840 61 45 So
1536 2840 112 43 kam
1695 2838 87 44 das
1825 2838 123 44 Volk
1992 2850 94 31 von
2130 2835 191 43 Kräften
2368 2833 99 44 und
2514 2833 84 43 der

1428 2910 130 44 Geist
1605 2909 85 43 der
1728 2907 258 46 Menschen
2029 2905 169 44 wurde
2243 2904 231 44 verwirrt.
2536 2902 61 44 Es

1428 2980 205 57 geschah
1681 2980 116 43 aber
1827 2991 83 29 um
1934 2991 8 9 •
1958 2976 76 43 die
2063 2976 110 55 Zeit,
2223 2976 69 42 als
2340 2973 83 44 der
2453 2972 146 43 Mond

1428 3051 101 44 sich
1575 3065 110 29 zum
1732 3051 141 42 eilten
1911 3048 122 44 Male
2077 3046 252 54 wandelte,
2377 3043 107 44 dass
2519 3043 52 42 Et-

1428 3122 129 42 liche
1597 3120 102 44 sich
1745 3133 58 30 zu
1850 3120 130 41 einer
2011 3118 139 43 Sekte
2179 3118 418 51 zusammentaten,

1430 3192 77 43 die
1550 3189 84 45 das
1674 3189 123 45 Volk
1842 3192 149 39 retten
2038 3188 177 43 wollte.
2278 3186 75 43 Sie
2397 3184 201 43 raubten

1430 3276 95 30 von
1585 3259 91 45 den
1733 3259 268 45 köstlichen
2055 3257 235 43 Früchten
2343 3254 99 45 und
2493 3267 80 32 ver-

1431 3333 258 54 schlangen
1731 3330 67 44 sie
1836 3329 158 56 gierig.
2055 3329 138 42 Dann
2232 3327 141 43 eilten
2411 3325 68 43 sie
2516 3338 84 29 zur

1428 3403 154 54 Hütte,
1629 3401 50 44 in
1726 3399 210 44 welcher
1983 3398 86 43 der
2116 3398 147 42 Hüter
2310 3395 81 43 des
2437 3395 162 42 Cultus

1430 3471 179 45 schlief.
1672 3470 115 43 Hier
1832 3468 224 44 machten
2103 3468 67 43 sie
2216 3466 141 42 einen
2403 3476 82 45 gar
2523 3476 52 45 ge-

1430 3542 221 55 waltigen
1709 3540 145 43 Lärm
1909 3537 153 58 gleich
2114 3536 319 56 Korybanten,
2491 3534 108 44 dass

1430 3624 137 44 sogar
1605 3610 84 44 der
1721 3610 149 42 Hüter
1910 3608 82 44 des
2025 3607 163 43 Cultus
2223 3605 238 44 erwachte
2502 3603 98 44 und

1428 3681 318 46 erschrocken
1793 3694 85 29 aus
1926 3680 157 43 seiner
2119 3677 141 43 Hütte
2305 3680 103 39 trat.
2467 3676 133 54 „Wir

1428 3753 158 45 haben
1615 3765 122 29 neue
1760 3749 204 44 Früchte
1986 3749 77 42 für
2084 3748 118 43 alles
2422 3744 153 45 schrie-

1430 3836 58 30 en
1528 3822 68 44 sie
1638 3835 52 29 so
1728 3821 112 54 laut,
1879 3818 108 44 dass
2027 3817 85 44 der
2143 3817 148 43 Hüter
2321 3815 83 45 des
2437 3814 163 45 Cultus
