3513 4404
1642 145 101 50 179

130 301 157 35 mann
318 299 81 32 aus
432 285 259 49 Hannover.
776 285 173 47 Piano
967 284 353 50 forte-Solo:
1354 285 119 46 Frau
1509 284 105 48 Wil-

130 360 245 51 helmine
413 360 531 66 Szarvady-Clauss
984 377 80 32 aus
1094 362 141 47 Paris.

244 437 114 47 Eine
399 438 245 62 glänzende
673 438 357 47 Zuhörerschaft
1071 438 129 47 füllte
1240 437 94 48 den
1334 437 127 48 Saal
1503 437 64 47 bis
1612 438 40 46 in

131 515 70 49 die
231 514 159 46 letzten
421 515 179 46 Räume
640 514 90 47 und
769 515 140 63 zeigte
948 515 273 46 namentlich
1252 531 72 30 am
1357 522 146 38 ersten
1536 513 87 48 Con-

134 589 313 49 cert-Abende
478 589 90 47 und
601 592 114 45 auch
749 589 69 48 bei
850 589 87 48 den
960 590 591 62 Sinfonie-Aufführungen
1584 605 70 32 am

132 665 187 51 zweiten
353 665 90 47 und
474 665 164 48 dritten
664 666 193 49 Abende
887 668 99 47 eine
1015 683 48 32 so
1094 666 238 65 gehobene
1364 665 89 48 und
1484 665 91 47 sich
1605 682 49 31 so

134 743 344 50 enthusiastisch
509 743 328 49 offenbarende
868 745 276 62 Stimmung,
1186 745 102 46 dass
1324 744 62 47 sie
1416 743 137 48 selbst
1581 759 78 31 vor

135 820 84 48 den
252 819 162 47 immer
452 820 352 62 ungewöhnlich
851 837 136 45 regen
1020 820 386 64 Kundgebungen
1452 820 76 46 des
1560 819 75 47 Bei-

136 896 95 50 falls
261 896 81 47 auf
368 913 194 32 unseren
595 898 293 47 Musikfesten
918 898 91 47 sich
1042 899 326 47 auszeichnete.
1402 898 115 47 Vom
1544 899 88 44 Aus-

137 971 131 51 lande
315 971 155 48 hatten
513 989 78 32 vor
621 974 131 47 Allen
794 974 185 63 Belgien
1024 974 90 47 und
1155 974 114 48 auch
1299 974 198 47 Holland
1542 973 95 46 zahl-

139 1050 149 48 reiche
318 1050 325 55 Theilpehmer
673 1051 159 47 hieher
869 1051 206 64 gesandt,
1115 1053 172 47 welche
1317 1068 140 45 ganze
1490 1051 173 46 Reihen

137 1144 83 30 von
253 1126 178 48 Plätzen
462 1127 300 49 einnahmen:
807 1144 81 32 aus
918 1130 197 52 Brüssel,
1157 1129 197 52 Lüttich,
1386 1130 278 60 Antwerpen

140 1220 41 31 u.
205 1219 33 32 s.
263 1219 56 32 w.
344 1219 155 33 waren
530 1221 56 31 an
616 1205 314 48 zweihundert
954 1205 216 48 Künstler
1202 1204 90 48 und
1324 1204 341 47 Kunstfreunde

140 1296 220 49 zugegen.

255 1357 144 47 Einen
429 1359 105 47 sehr
558 1359 368 47 willkommenen
958 1359 89 47 und
1078 1359 345 63 gewichtvollen
1445 1359 192 47 Bestand-

140 1434 104 47 teil
276 1434 78 47 des
385 1434 264 48 Publicums
678 1435 211 47 machten
934 1434 71 49 die
1034 1436 202 47 Musiker
1279 1453 83 30 von
1405 1435 119 47 Fach
1569 1451 96 41 aus,

141 1510 71 48 die
254 1510 202 48 fremden
490 1511 343 65 Componisten,
874 1512 265 64 Dirigenten
1186 1514 88 45 und
1310 1512 234 47 Vertreter
1588 1512 78 47 der

141 1586 163 56 Kritik,
349 1588 172 47 welche
564 1588 130 49 einen
734 1590 189 48 wahren
954 1590 561 62 Tonkünstler-Congress
1547 1588 116 49 beim

145 1666 132 46 Feste
309 1663 211 51 bildeten.
555 1666 106 49 Wir
682 1666 139 48 sahen
845 1675 132 39 unter
997 1667 213 48 Anderen
1236 1667 70 47 die
1334 1667 176 47 Herren
1537 1667 96 46 Pas-

139 1741 231 66 deloup,
401 1742 216 66 Gouvy,
649 1745 258 64 Hecquet
941 1760 82 32 aus
1053 1745 151 54 Paris;
1246 1743 251 52 Samuel,
1532 1743 100 46 Kuf-

141 1820 215 55 ferath,
407 1821 262 57 Benoist,
723 1822 138 62 Aug.
907 1822 253 64 Dupont,
1208 1822 65 47 de
1325 1821 214 48 Glimes
1586 1836 80 32 aus

139 1897 204 55 Brüssel;
388 1897 132 48 Lern
536 1914 151 31 mens
718 1914 81 31 aus
827 1897 220 57 London;
1097 1898 223 49 Soubre
1350 1914 80 31 aus
1459 1898 207 55 Lüttich;

140 1973 154 50 Rieh.
342 1975 105 48 Hol
492 1990 80 33 aus
615 1975 213 55 Utrecht;
879 1976 403 48 Stockhausen
1334 1991 80 32 aus
1457 1975 209 57 Colmar;

137 2051 155 48 Herb
306 2051 98 48 eck
443 2067 82 33 aus
560 2052 162 56 Wien;
767 2052 266 65 Mangold
1077 2069 81 33 aus
1189 2052 291 56 Darmstadt;
1522 2053 146 56 Lux,

139 2129 288 49 Föckerer
457 2146 80 32 aus
563 2131 171 54 Mainz;
769 2131 255 56 Fischer,
1056 2132 203 47 Scholz
1289 2147 79 31 aus
1396 2132 270 55 Hannover;

137 2207 195 63 Deppe
362 2222 81 32 aus
475 2207 271 62 Hamburg;
790 2208 346 47 Reinthaler
1166 2225 79 30 aus
1278 2209 222 54 Bremen;
1534 2208 98 47 Die-

137 2284 190 46 terich
380 2300 80 30 aus
508 2284 308 64 Oldenburg;
874 2286 52 47 G.
979 2286 242 47 Schmitt
1275 2301 82 32 aus
1405 2284 261 55 Schwerin;

137 2361 319 47 Steinwarz
488 2377 80 31 aus
596 2361 213 54 Worms;
838 2362 312 63 Breunung
1180 2378 81 31 aus
1287 2362 209 54 Aachen;
1528 2363 140 46 Lenz

139 2453 81 32 aus
253 2437 223 56 Coblenz;
508 2455 100 31 van
640 2439 224 65 Eycken
896 2456 80 30 aus
1009 2438 256 56 Elberfeld;
1298 2439 236 55 Grimm,
1565 2439 68 47 Mi-

137 2516 205 47 cbalek
375 2532 81 31 aus
487 2517 224 53 Münster;
752 2517 207 47 Pätsch
991 2533 80 31 aus
1101 2517 189 63 Siegen;
1335 2518 218 47 Tausch
1586 2533 82 32 aus

139 2592 289 56 Düsseldorf;
480 2593 186 48 Wolff
705 2610 79 31 aus
826 2593 195 56 Crefeld,
1071 2593 254 50 Standke
1368 2611 80 30 aus
1477 2596 189 63 Lennep

137 2687 41 30 u.
207 2686 33 31 s.
273 2686 55 31 w.
361 2687 42 30 u.
435 2686 33 31 s.
501 2687 54 32 w.

250 2747 99 47 Den
381 2754 150 40 ersten
565 2747 258 48 Festabend
859 2748 128 47 füllte
1031 2748 79 47 das
1139 2748 271 48 Oratorium
1453 2748 211 56 „Israel

132 2825 50 47 in
581 2842 83 32 von
700 2824 236 50 Händel.
968 2825 171 65 (Ueber
1169 2825 78 49 das
1278 2825 279 49 Historische
1588 2825 77 49 des

136 2902 197 48 Werkes
367 2918 33 33 s.
440 2902 85 48 den
559 2904 198 47 Artikel:
800 2903 295 56 „Händel's
1390 2921 41 31 u.
1461 2921 31 30 s.
1525 2921 55 30 w.
1621 2904 40 47 in

134 2979 76 47 Nr.
243 2978 70 49 22
347 2978 41 49 d.
422 2980 63 47 81.
518 2997 99 30 vom
650 2979 47 50 3.
729 2980 142 61 Juni.)

247 3057 236 49 Nachdem
515 3059 138 47 schon
685 3057 71 49 die
781 3058 335 65 Hauptproben
1147 3076 72 30 am
1246 3059 184 62 Freitag
1462 3058 89 47 und
1584 3058 50 48 be-

131 3134 187 48 sonders
347 3152 71 32 am
448 3137 214 63 Samstag
705 3137 70 48 ein
818 3137 277 48 zahlreiches
1125 3135 239 49 Publicum
1397 3152 262 48 angezogen

132 3212 170 55 hatten,
334 3213 159 48 wurde
517 3229 72 32 am
615 3214 207 65 Sonntag
846 3214 164 48 Abend
1034 3213 71 48 die
1127 3213 358 48 Zuhörerschaft
1513 3214 145 62 gleich

132 3286 68 51 bei
234 3289 171 65 Beginn
436 3290 143 49 durch
611 3292 71 48 die
709 3292 308 63 Ausführung
1054 3307 85 32 von
1172 3290 356 49 Mendelssohn's
1558 3290 67 49 Ou-

130 3374 180 42 vertüre
338 3386 100 30 zum
766 3369 171 48 welche
968 3368 70 48 die
1068 3369 371 63 ausgezeichnete
1467 3368 158 48 Zusam-

131 3454 292 57 mensetzung
447 3446 78 49 des
549 3448 273 48 Orchesters
843 3446 273 55 offenbarte,
1148 3448 41 47 in
1219 3446 99 49 eine
1349 3445 159 48 höchst
1537 3449 87 60 gün-

128 3521 112 65 stige
271 3524 263 65 Stimmung
563 3532 200 41 versetzt.
821 3524 85 48 Die
935 3523 328 56 vortreffliche,
1307 3524 41 47 in
1382 3521 131 66 jeder
1544 3523 84 47 Hin-

127 3599 112 48 sicht
268 3609 159 41 exaete
457 3601 92 49 und
572 3603 340 64 schwungvolle
935 3601 305 65 Aufführung
1263 3600 77 50 des
1363 3600 293 50 Oratoriums

128 3678 192 50 erhöhte
352 3681 79 47 mit
452 3680 132 65 jeder
606 3681 229 49 Nummer
857 3680 121 48 diese
1001 3680 260 65 Stimmung
1293 3679 65 48 bis
1387 3695 50 31 zu
1462 3678 166 48 wieder-

130 3754 92 49 holt
253 3756 372 50 ausbrechender
657 3759 330 63 Begeisterung
1026 3756 121 49 nicht
1176 3774 87 31 nur
1293 3756 71 49 bei
1395 3755 161 55 denen,
1585 3754 73 49 die

127 3833 220 50 vielleicht
386 3853 101 30 zum
532 3843 150 42 ersten
715 3838 120 47 Male
876 3836 72 49 die
992 3835 357 48 künstlerischen
1379 3834 277 63 Leistungen

127 3911 175 50 solcher
333 3914 178 48 Massen
541 3914 81 48 auf
647 3915 91 47 sich
774 3914 170 48 wirken
991 3914 175 53 liessen,
1203 3913 195 48 sondern
1440 3911 70 49 bei
1539 3911 116 49 allen

128 3986 143 68 längst
301 3991 64 47 als
394 3990 160 66 stetige
584 3990 327 48 Theilnehmer
940 4007 189 31 unserer
1158 3989 266 49 Musikfeste
1454 3987 175 49 bekann-

128 4073 72 43 ten
224 4069 373 49 Kunstfreunden
630 4069 90 48 und
752 4085 77 32 vor
854 4066 129 51 Allen
1016 4069 70 48 bei
1118 4067 81 49 der
1228 4069 165 63 Menge
1423 4084 82 30 von
1531 4067 96 49 Män-

1753 301 109 32 nern
1895 301 98 32 vom
2030 286 136 55 Fach,
2213 303 81 31 von
2340 287 260 47 bewährten
2635 290 220 47 Priestern
2896 290 79 47 der
3008 292 248 55 Tonkunst,

1753 361 70 47 die
1853 378 83 30 von
1967 362 88 46 nah
2088 362 89 46 und
2210 362 91 47 fern
2336 364 428 62 herbeigekommen
2797 383 165 30 waren.
3016 369 91 44 Das
3137 367 99 47 herr-

1754 439 113 47 liche
1901 439 146 47 Werk
2336 441 111 62 stieg
2483 441 142 47 durch
2663 442 70 47 die
2776 442 268 64 begeisterte
3076 445 161 47 Mitwir-

1754 513 123 65 kung
1909 531 83 31 von
2025 516 128 46 mehr
2182 516 62 47 als
2272 516 356 48 siebenhundert
2649 519 202 61 Sängern
2875 521 88 46 und
2991 522 247 46 Instrumen-

1755 591 177 47 talisten
1978 599 130 39 unter
2152 591 78 47 der
2272 593 295 63 energischen
2614 595 85 45 und
2745 610 96 32 vom
2875 596 150 47 Geiste
3057 597 213 49 Händel's

1759 667 225 48 beseelten
2013 668 220 65 Führung
2262 670 78 47 des
2366 671 391 62 Fest-Dirigenten
2793 673 315 47 Ferdinand
3143 675 91 47 Hil-

1759 746 107 53 ler,
1912 746 82 46 wie
2037 746 68 46 ein
2152 747 363 47 monumentaler
2548 748 147 46 Palast
2724 765 79 30 aus
2834 748 78 47 der
2944 751 117 46 Erde
3105 752 134 47 zaube-

1759 820 114 47 risch
1906 821 389 63 emporgehoben,
2338 839 76 31 vor
2446 839 80 30 uns
2557 823 91 56 auf,
2693 825 86 45 und
2821 825 77 47 mit
2935 825 150 63 jedem
3124 844 145 31 neuen

1762 897 123 47 Chor
1913 897 282 48 entwickelte
2224 900 90 45 sich
2345 900 78 47 der
2455 900 219 47 kolossale
2700 901 93 46 Bau
2823 901 159 47 immer
3014 903 254 63 prächtiger

1763 974 89 47 und
1885 974 344 49 wundervoller.
2287 977 141 47 Wohl
2472 977 214 47 brachten
2717 978 70 47 die
2830 978 158 47 beiden
3033 978 240 65 folgenden

1763 1052 126 62 Tage
1919 1052 112 47 noch
2063 1053 169 46 seltene
2263 1054 358 63 Kunstgenüsse,
2661 1054 109 49 aber
2799 1063 139 40 etwas
2968 1056 280 65 Grossartige-

1764 1145 70 30 res
1865 1129 62 46 als
1956 1128 121 47 diese
2108 1129 298 65 Aufführung
2436 1147 81 31 von
2552 1131 210 47 Händel's
2790 1132 145 47 Werk
2968 1133 196 47 konnten
3189 1136 83 45 wir

1764 1206 121 45 nicht
1915 1206 165 47 hören:
2120 1204 200 49 darüber
2356 1207 52 46 ist
2449 1207 68 47 bei
2558 1208 114 46 allen
2705 1209 313 46 Anwesenden
3049 1226 84 29 nur
3166 1211 109 48 Eine

1764 1282 206 53 Stimme,
2013 1282 116 48 denn
2162 1283 70 47 die
2263 1284 167 46 Pracht
2458 1284 80 47 der
2568 1284 365 64 Durchführung
2972 1286 79 47 der
3094 1303 184 46 grossen

1768 1359 318 63 Doppelchöre
2129 1359 87 47 und
2261 1359 81 49 der
2375 1359 128 64 jedes
2541 1362 88 46 Mal
2672 1362 342 47 erschütternde
3046 1363 231 48 Eindruck

1765 1435 79 47 der
1877 1437 128 47 Kraft
2036 1437 88 47 und
2157 1438 172 46 Wucht
2359 1437 80 48 der
2472 1437 200 48 Einsätze
2701 1455 97 31 vom
2831 1456 168 46 ganzen
3033 1439 121 49 Chor
3183 1441 91 48 und

1764 1513 247 48 Orchester
2042 1514 88 47 und
2163 1514 100 47 dem
2291 1517 121 45 Alles
2444 1515 83 47 wie
2567 1517 79 45 mit
2682 1517 268 63 mächtigem
2987 1517 260 65 Wogenrau-

1764 1590 134 47 schen
1946 1590 359 64 bewältigenden
2337 1592 312 64 Orgelklange
2682 1592 117 47 kann
2830 1609 85 31 nur
2943 1594 138 46 selten
3113 1594 168 48 wieder

1764 1683 48 31 so
1837 1668 162 63 gehört
2023 1668 198 48 werden.
2256 1670 89 46 Das
2369 1669 236 47 Publicum
2638 1669 138 48 brach
2808 1670 113 47 nach
2953 1672 112 45 allen
3098 1687 184 47 grossen

1768 1744 446 48 Chor-Abschnitten
2258 1754 106 40 stets
2408 1762 48 32 so
2497 1747 329 47 unwillkürlich
2859 1748 39 46 in
2931 1748 217 47 lautesten
3182 1749 75 47 Bei-

1768 1822 70 48 fall
1871 1838 95 37 aus,
1998 1823 99 47 dass
2129 1839 104 31 man
2266 1824 162 55 fühlte,
2469 1825 84 46 wie
2582 1825 197 63 mächtig
2808 1825 99 47 eine
2935 1825 153 47 solche
3115 1825 168 56 Musik,

1765 1899 72 47 die
1876 1899 80 47 der
1988 1900 138 47 Glanz
2169 1900 78 47 des
2287 1902 183 62 vorigen
2501 1900 335 49 Jahrhunderts
2879 1918 112 38 war,
3033 1903 41 46 in
3118 1919 163 32 unsere

1764 1977 98 46 Zeit
1885 1977 256 63 hineinragt
2166 1977 88 48 und
2280 1977 142 48 durch
2446 1978 97 47 ihre
2566 1979 144 62 ewige
2732 1978 248 48 Schönheit
3002 1979 89 47 und
3117 1979 166 48 Grösse

1767 2054 122 47 Alles
1932 2054 185 63 ergreift
2160 2053 91 49 ufid
2295 2072 76 30 zur
2403 2054 354 63 Bewunderung
2798 2055 178 64 zwingt.
3034 2057 85 48 Die
3155 2057 128 48 Solo-

1769 2131 221 64 Vorträge
2022 2131 352 49 verherrlichten
2406 2131 85 49 den
2522 2133 139 47 Glanz
2690 2133 80 48 der
2794 2134 313 62 Aufführung.
3142 2135 112 46 Fräu-

1767 2208 84 47 lein
1882 2208 245 47 Schreck
2173 2209 160 47 erhielt
2373 2217 146 39 zuerst
2547 2209 139 47 durch
2719 2210 85 47 den
2836 2210 220 47 vollendet
3085 2211 197 47 schönen

1767 2285 198 64 Vortrag
2011 2285 80 47 der
2122 2286 231 47 Alt-Arie:
2397 2286 263 64 „Hoffnung
2703 2286 162 49 lindert
2908 2303 134 32 unsre
3072 2289 180 46 Schmer-

1931 2363 237 47 stürmisch
2210 2363 325 48 wiederholten
2573 2365 228 64 Applaus;
2844 2364 78 47 das
2954 2365 165 47 Duett:
3162 2365 122 55 „Der

1768 2440 119 47 Herr
1918 2440 51 47 ist
1999 2439 81 48 der
2108 2441 150 47 starke
2487 2440 140 48 durch
2658 2440 71 48 die
2761 2443 178 47 Herren
2971 2443 166 47 Stock
3154 2443 96 47 hau-

1765 2533 96 30 sen
1901 2518 89 47 und
2022 2518 343 63 Stägemann
2411 2519 227 47 wahrhaft
2668 2518 332 64 heldenmässig
3030 2535 249 47 gesungen,

1764 2601 182 57 erregte
1976 2595 129 47 einen
2129 2595 242 50 Ausbruch
2403 2612 81 30 von
2513 2595 174 56 Beifall,
2718 2595 84 48 wie
2832 2595 82 47 wir
2944 2596 72 46 ihn
3039 2596 137 47 selten
3202 2612 52 46 ge-

1765 2671 120 54 hört,
1929 2671 90 48 und
2059 2680 167 39 musste
2257 2671 268 48 wiederholt
2554 2671 208 56 werden;
2803 2672 70 47 die
2905 2674 240 47 Becitative
3185 2672 90 47 und

1763 2747 71 49 die
1866 2750 127 47 Arie:
2035 2749 89 56 „So
2154 2750 163 47 dachte
2347 2750 80 47 der
2694 2751 73 46 für
2799 2750 149 47 Tenor
2980 2750 185 47 wurden
3195 2766 82 31 von

1765 2826 150 47 Herrn
1945 2827 53 46 W
2019 2827 144 47 alter
2187 2827 79 47 mit
2290 2826 349 48 künstlerischer
2661 2827 251 47 Sicherheit
2936 2827 88 47 und
3051 2827 232 64 Schwung

1762 2911 320 57 vorgetragen,
2127 2904 89 48 und
2263 2905 120 47 Frau
2427 2904 715 64 Lemmens-Sherrington
3185 2905 99 47 liess

1762 2996 82 32 uns
1873 2980 143 49 durch
2047 2981 85 48 den
2166 2982 179 63 Gesang
2376 2981 77 48 des
2498 2981 176 65 freudig
2715 2981 91 48 sich
2853 2981 429 65 aufschwingenden

2058 3059 97 55 (aus
2178 3059 215 48 Händel's
2726 3059 80 48 der
2836 3059 70 47 ihr
2936 3059 228 49 lebhaften
3192 3060 61 63 Ap-

1760 3136 127 65 plaus
1918 3136 203 55 brachte,
2152 3136 322 57 voraussehen,
2517 3137 204 47 welchen
2752 3136 177 48 Genuss
2959 3153 82 31 uns
3071 3137 95 47 ihre
3198 3136 63 47 vir-

1758 3220 159 42 tuosen
1947 3215 226 63 Vorträge
2213 3230 55 32 an
2299 3213 86 49 den
2420 3213 161 49 beiden
2614 3212 242 66 folgenden
2888 3215 154 63 Tagen
3076 3213 201 49 bereiten

1758 3290 206 49 würden.

1991 3486 298 55 Johann
2351 3485 414 55 Sebastian
2827 3483 207 54 Bach.

2275 3611 84 35 Von
2389 3610 41 36 C.
2460 3610 48 36 H.
2545 3610 160 34 Bitter

2713 3606 49 48 *).

2506 3718 30 48 I.

1877 3800 104 47 Wir
2025 3798 172 49 beeilen
2243 3812 98 38 uns,
2384 3796 143 47 dieses
2560 3793 167 56 Werk,
2769 3792 100 48 eine
2898 3791 162 48 Arbeit
3089 3789 76 49 des
3195 3788 56 48 kö-

1756 3877 164 65 niglich
1974 3874 308 68 preussischen
2332 3872 251 51 Geheimen
2627 3868 440 67 Regierungsrathes
3118 3866 47 49 C.
3216 3866 61 48 H.

1861 4026 38 48 *)
1929 4027 179 44 Berlin,
2153 4024 110 40 1865.
2312 4027 273 35 Ferdinand
2630 4025 271 36 Schneider.
2948 4024 33 32 II
3011 4022 143 35 Bände.
3203 4022 71 35 Mit

1756 4090 122 34 einem
1906 4089 166 34 Portrait
2101 4088 101 35 Bach
2219 4101 17 22 s
2266 4088 77 35 und
2372 4088 109 35 sechs
2516 4085 313 48 lithographirten
2860 4082 221 36 Facsimiles
3122 4082 55 46 (in
3206 4083 73 35 Nor

2980 4136 63 67 n
