3548 4470
1681 135 110 52 213

119 288 119 50 auch
264 286 123 51 ohne
410 286 80 51 das
515 286 212 52 Prädicat
757 285 312 66 unbedingter
1096 285 428 52 Vollkommenheit
1545 289 99 63 mög-

119 368 86 50 lich
237 366 92 68 ist),
372 366 104 51 dass
506 368 84 49 wir
621 366 245 51 derselben
909 365 82 50 das
1035 365 257 66 günstigste
1334 365 346 67 Prognostikon

116 449 47 49 in
196 448 181 50 Betreff
406 448 128 50 ihrer
571 449 222 49 weiteren
828 445 316 66 Verbreitung
1190 446 82 50 auf
1303 446 89 50 den
1423 445 257 51 deutschen

118 528 199 49 Bühnen
339 528 160 50 stellen
529 545 54 32 zu
608 526 165 51 dürfen
796 524 225 67 glauben,
1050 534 357 58 vorausgesetzt,
1437 525 104 51 dass
1572 525 86 50 letz-

116 616 101 42 tere
246 609 100 49 ihre
378 608 235 67 Aufgabe,
656 605 330 52 einheimische
1018 606 193 49 Talente
1251 608 115 48 nach
1399 606 194 50 Kräften
1625 623 54 32 zu

119 691 334 55 unterstützen,
485 688 118 49 auch
635 688 236 48 erkennen
904 684 93 51 und
1027 703 53 30 zu
1112 685 196 50 erfüllen
1339 686 149 49 bereit
1516 685 116 50 sind.

240 769 109 51 Wir
378 769 227 67 sprechen
645 765 199 51 nämlich
886 783 84 32 von
1002 765 83 50 der
1116 766 131 66 Oper
1593 783 86 33 von

119 849 170 49 Ernst
320 849 251 66 Pasque,
600 846 264 66 componirt
894 863 83 32 von
1008 846 41 50 J.
1080 846 40 49 J.
1153 845 212 60 Abert,
1397 846 176 50 welche
1602 862 77 34 am

116 928 213 66 Sonntag
360 926 89 50 den
481 925 90 52 20.
602 926 94 50 Mai
740 925 43 50 in
829 925 234 66 Stuttgart
1103 942 103 31 zum
1252 933 151 42 ersten
1436 925 122 50 Male
1600 942 81 31 zur

116 1008 313 64 Aufführung
459 1006 124 49 kam.
641 1005 166 57 Abert,
840 1006 70 49 ein
942 1005 197 50 Schüler
1169 1004 79 49 des
1278 1020 171 51 prager
1480 1004 171 51 Conser-

116 1088 256 49 vatoriums
405 1085 91 51 und
529 1085 208 67 Mitglied
768 1084 84 51 der
884 1085 43 50 k.
964 1084 275 67 Hofcapelle
1268 1084 44 49 in
1343 1084 252 66 Stuttgart,
1625 1085 56 47 ist

118 1166 104 50 kein
252 1166 205 66 Neuling
495 1165 131 50 mehr
666 1165 63 50 im
760 1164 315 67 Opernfache.
1136 1165 62 48 Er
1238 1164 80 49 hat
1346 1164 143 49 schon
1521 1164 161 48 früher

116 1248 113 48 zwei
260 1248 163 66 Opern
453 1245 325 67 geschrieben,
807 1245 200 50 nämlich
1050 1245 166 57 „Anna
1247 1262 85 33 von

118 1326 95 50 und
255 1326 184 66 „König
716 1325 175 50 welche
934 1324 136 51 beide
1108 1340 162 35 ausser
1298 1325 233 64 Stuttgart
1562 1324 118 49 auch

115 1406 45 49 in
191 1405 272 51 Mannheim
496 1405 95 50 und
613 1404 268 53 Karlsruhe
911 1404 214 66 gegeben
1158 1403 211 50 wurden.
1402 1404 87 49 Die
1519 1405 165 48 zuletzt

118 1494 233 57 genannte
382 1485 132 67 Oper
550 1485 80 50 hat
665 1484 94 49 sich
800 1500 57 33 an
899 1485 153 48 diesen
1085 1483 199 50 Bühnen
1315 1483 120 50 auch
1466 1483 86 50 auf
1574 1483 106 50 dem

120 1565 278 67 Repertoire
423 1565 212 50 erhalten
659 1564 94 49 und
777 1564 81 49 hat
880 1564 282 49 namentlich
1187 1564 43 48 in
1254 1564 261 49 Karlsruhe
1538 1563 143 50 schon

119 1646 133 50 mehr
275 1646 65 50 als
363 1646 204 65 zwanzig
593 1644 360 65 Vorstellungen
977 1644 164 49 erlebt.
1172 1644 52 48 In
1253 1644 174 49 seinem
1460 1651 222 42 neuesten

123 1725 179 51 Werke
334 1725 80 50 hat
443 1724 151 52 Abert
632 1725 123 50 ohne
784 1724 188 49 Zweifel
1013 1725 135 48 einen
1190 1723 326 50 bedeutenden
1548 1725 108 48 Fort-

115 1805 161 50 schritt
307 1804 317 60 beurkundet,
668 1803 94 50 und
804 1820 50 33 er
891 1803 188 67 bewegt
1115 1804 95 48 sich
1244 1803 169 50 bereits
1444 1804 83 48 mit
1557 1804 128 49 einer

116 1884 261 51 Sicherheit
409 1884 94 51 und
534 1884 211 51 Umsicht
787 1884 83 49 auf
904 1883 171 50 diesem
1111 1881 159 58 Felde,
1312 1883 73 49 die
1417 1899 85 33 von
1532 1884 153 49 seiner

119 1963 212 50 ferneren
362 1964 269 66 Thätigkeit
660 1963 84 50 auf
777 1963 269 49 demselben
1085 1979 89 32 nur
1206 1961 80 50 das
1318 1961 263 51 Allerbeste
1610 1979 48 33 er-

118 2053 178 40 warten
327 2044 163 49 lassen.

240 2124 120 49 Was
389 2124 271 49 zuvörderst
689 2121 80 51 das
792 2123 132 66 Sujet
950 2123 191 59 betrifft,
1168 2138 52 33 so
1244 2121 79 50 hat
1347 2123 126 49 Herr
1499 2123 185 68 Pasqu£

116 2203 89 49 den
238 2204 78 48 für
344 2203 86 49 den
457 2201 334 69 Componisten
814 2206 200 45 äusserst
1038 2201 275 51 dankbaren
1336 2200 128 52 Stoff
1487 2203 42 48 in
1553 2203 131 49 recht

118 2281 275 68 gewandter
428 2283 161 49 Weise
621 2281 296 55 verarbeitet,
947 2281 93 49 und
1071 2281 148 50 lassen
1253 2281 83 49 wir
1365 2299 80 32 zur
1477 2281 174 50 Einfüh-

118 2380 120 47 rung
269 2363 77 48 des
378 2363 165 49 Lesers
584 2363 44 48 in
659 2360 250 51 denselben
953 2360 74 51 die
1071 2360 106 51 dem
1209 2361 276 50 Textbuche
1516 2378 136 49 vorge-

116 2441 228 50 druckten
368 2441 194 51 Notizen
594 2441 98 49 hier
723 2441 168 65 folgen.
937 2441 62 49 Es
1031 2441 140 50 heisst
1198 2440 129 50 dort:
1369 2441 311 56 „Emanuel

122 2525 273 62 Astorga,
439 2520 83 51 der
567 2520 249 50 berühmte
862 2519 274 67 Componist
1178 2520 79 48 des
1299 2518 174 53 Stabat
1510 2521 169 61 mater,

119 2601 161 50 wurde
325 2603 61 48 im
428 2601 163 50 letzten
623 2600 174 50 Viertel
829 2599 80 49 des
946 2600 358 50 siebenzehnten
1334 2601 347 49 Jahrhunderts

116 2683 44 48 in
200 2681 183 50 Sicilien
428 2681 223 67 geboren.
708 2680 108 50 Sein
847 2679 162 58 Vater,
1052 2680 130 50 einer
1225 2680 83 48 der
1351 2680 329 50 vornehmsten

119 2759 244 67 Adeligen,
406 2760 155 50 lehnte
599 2759 94 49 sich
740 2777 150 48 gegen
920 2759 74 49 die
1022 2759 274 66 spanischen
1327 2759 355 49 Unterdrücker

120 2840 83 48 der
236 2840 114 50 Insel
382 2839 91 51 auf.
525 2840 66 48 Er
621 2841 129 63 erlag
783 2838 93 50 und
908 2838 163 49 wurde
1101 2857 103 30 zum
1235 2839 131 48 Tode
1397 2839 283 51 verurtheilt.

119 2920 138 48 Seine
289 2920 156 50 Gattin
480 2919 92 49 und
603 2920 95 48 sein
723 2920 129 48 Sohn
886 2928 202 40 mussten
1121 2919 81 49 der
1233 2919 317 66 Hinrichtung
1583 2919 71 49 bei-

122 2999 217 57 wohnen,
369 3000 95 48 also
491 2999 152 48 wollte
674 3014 46 33 es
745 2998 79 49 das
850 2998 194 50 Urtheil.
1078 2999 86 48 Die
1195 2999 172 48 Mutter
1397 2998 176 49 tödtete
1597 2999 84 48 der

120 3079 271 50 furchtbare
415 3078 223 49 Anblick:
669 3078 63 48 sie
762 3078 129 48 starb
922 3094 73 32 am
1024 3079 143 48 Fusse
1191 3078 80 49 des
1294 3078 387 66 Hochgerichtes,

120 3158 224 51 während
374 3159 82 50 der
485 3159 127 50 Sohn
642 3158 150 49 einem
824 3156 236 50 Zustande
1089 3158 217 67 dumpfer
1337 3158 344 66 Verzweiflung

120 3239 285 57 anheimfiel,
436 3238 82 49 der
550 3256 55 31 an
642 3236 264 50 Wahnsinn
936 3240 204 62 gränzte.
1173 3238 85 49 Die
1291 3238 253 49 Prinzessin
1578 3239 68 50 Ur-

119 3318 137 57 sini,
301 3318 73 49 die
415 3318 295 65 allmächtige
739 3315 454 51 Oberhofmeisterin
1225 3316 84 49 der
1345 3316 205 67 Königin
1593 3334 87 32 von

119 3398 222 65 Spanien,
382 3398 198 65 gerührt
609 3413 84 33 von
725 3395 104 50 dem
861 3395 264 50 Schicksale
1157 3395 78 48 des
1258 3395 181 68 jungen
1472 3398 209 56 Mannes,

120 3476 104 50 liess
254 3476 77 49 ihn
364 3476 118 51 nach
514 3476 150 50 einem
698 3476 184 49 Kloster
911 3475 44 48 in
986 3474 83 49 der
1092 3475 133 48 Stadt
1251 3479 203 62 Astorga
1483 3476 61 49 im
1576 3493 78 50 spa-

122 3556 185 49 nischen
331 3556 318 65 Königreiche
671 3555 129 48 Leon
828 3554 209 66 bringen.
1070 3555 120 48 Dort
1212 3555 213 65 erlangte
1450 3555 230 50 Emanuel

119 3637 126 48 seine
276 3635 291 50 Gesundheit
599 3635 171 50 wieder
802 3634 92 49 und
927 3633 169 50 bildete
1125 3634 95 48 sich
1249 3652 103 31 zum
1376 3634 179 65 Sänger
1587 3635 93 48 und

122 3715 250 49 Tonsetzer
402 3732 97 33 aus.
556 3715 80 50 Als
680 3732 50 33 er
773 3715 122 49 dann
936 3714 100 50 aufs
1065 3714 133 48 Neue
1229 3714 43 48 in
1305 3714 73 50 die
1411 3714 132 51 Welt
1572 3720 109 51 trat,

122 3802 172 42 nannte
317 3812 48 32 er
388 3795 95 50 sich
510 3795 97 50 und
628 3794 78 50 für
729 3795 166 49 immer
915 3793 116 49 nach
1056 3793 172 49 diesem
1254 3794 186 50 Kloster
1464 3795 216 65 Astorga.

122 3874 106 50 Nun
261 3873 156 51 finden
449 3875 84 49 wir
563 3875 78 49 ihn
673 3891 73 33 am
779 3874 124 50 Hofe
934 3873 77 49 des
1037 3873 208 66 Herzogs
1276 3889 86 33 von
1385 3874 172 50 Parma
1586 3873 93 51 und

123 3954 167 50 alldort
340 3955 43 49 in
435 3955 149 50 einem
631 3954 330 58 Verhältnisse,
1012 3953 181 49 ähnlich
1245 3953 103 49 dem
1395 3955 183 47 Tasso's
1625 3972 54 30 zu

122 4034 215 50 Leonore
367 4051 85 31 von
485 4035 123 49 Este.
647 4034 160 50 Dieses
838 4034 278 48 veranlasste
1139 4031 169 67 jedoch
1339 4033 125 49 seine
1493 4033 160 51 Entfer-

124 4131 128 48 nung
283 4131 85 33 von
400 4114 188 57 Parma,
640 4113 92 49 und
777 4131 93 31 nun
913 4131 84 48 zog
1030 4115 203 64 Astorga
1280 4113 119 49 nach
1435 4113 141 49 Wien
1621 4129 58 33 an

124 4193 89 49 den
245 4193 100 49 Hof
368 4193 79 51 des
478 4191 385 51 kunstliebenden
896 4193 188 49 Kaisers
1113 4190 209 66 Leopold
1352 4193 33 48 I.
1442 4191 103 51 Von
1577 4191 105 51 dort

1781 282 223 51 besuchte
2034 299 50 34 er
2114 284 88 48 alle
2234 281 121 51 Höfe
2386 282 245 66 Europa's,
2675 284 65 49 als
2780 284 181 67 Sänger
3007 282 93 53 und
3140 282 169 70 Compo-

1781 361 88 50 nist
1898 362 222 66 glänzend
2154 360 93 51 und
2272 360 367 68 Bewunderung
2663 362 213 60 ärntend,
2907 362 68 51 bis
3006 381 50 34 er
3086 362 184 51 endlich
3299 365 45 48 in

1783 442 230 60 Böhmen,
2051 442 44 50 in
2126 444 142 64 Prag,
2311 440 89 51 den
2433 442 169 65 Augen
2641 441 84 51 der
2758 444 131 49 Welt
2927 442 319 53 entschwand.

1781 522 112 49 Also
1933 522 170 50 erzählt
2145 524 82 48 Fr.
2265 520 272 51 Rochlitz
2569 520 117 69 (Für
2715 522 218 51 Freunde
2963 524 83 49 der
3077 522 264 60 Tonkunst,

1788 601 166 59 1825,
1986 601 81 52 Bd.
2098 601 61 68 II)
2198 602 79 49 des
2308 601 213 51 Meisters
2550 601 180 59 Leben,
2772 602 123 51 ohne
2924 602 74 53 die
3029 604 201 61 Quellen
3261 622 54 33 an-

1781 680 229 67 zugeben,
2053 698 81 33 aus
2166 680 149 51 denen
2357 698 51 33 er
2447 681 256 66 geschöpft.
2763 681 225 51 Gerber
3031 682 94 51 und
3171 684 131 49 Haw-

1784 761 124 48 kins
1939 759 175 68 (Neues
2145 761 208 50 Lexikon
2386 760 82 49 der
2499 760 334 60 Tonkünstler,
2869 761 166 60 1812,
3069 762 83 50 Bd.
3182 764 37 58 I,
3250 762 95 51 und

1790 839 203 70 History
2253 843 64 64 of
2324 837 95 65 Musik,
2420 840 98 60 1776,
2529 841 86 50 Bd.
2646 840 60 69 V)
2747 841 162 51 wissen
2950 843 148 50 nichts
3130 860 85 33 von
3244 844 74 49 die-

1781 938 80 33 sen
1903 921 347 50 romantischen
2279 921 297 50 Schicksalen
2608 921 259 66 Astorga's,
2912 921 224 52 während
3181 923 141 49 diesel-

1784 1001 90 50 ben
1917 1001 120 50 nach
2076 1000 208 51 Rochlitz
2328 1001 247 66 allgemein
2616 1018 49 33 so
2707 1001 269 66 dargestellt
3007 1003 196 49 wurden
3250 1001 95 51 und

1783 1081 119 50 noch
1933 1081 45 50 in
2007 1098 202 33 neuerer
2236 1081 99 49 Zeit
2366 1081 146 50 durch
2545 1081 214 50 Riehl's
2790 1081 317 51 vortreffliche
3133 1083 183 50 Charak-

1781 1160 178 50 teristik
1991 1159 81 51 des
2103 1161 209 49 Meisters
2352 1160 92 50 und
2481 1161 147 50 seines
2658 1160 368 69 Hauptwerkes,
3068 1161 79 51 des
3176 1157 175 56 Stabat

1789 1241 155 50 mater
1964 1237 341 69 (Musicalische
2336 1240 421 69 Charakterköpfe,
2795 1239 185 68 1853),
3023 1241 102 51 eine
3171 1241 146 51 bedeu-

1783 1319 139 51 tende
1967 1321 282 65 Ergänzung
2288 1320 93 50 und
2425 1320 348 66 Bereicherung
2815 1321 212 50 erhalten
3072 1321 169 51 haben.

1784 1400 89 50 Die
1903 1399 277 51 Geschichte
2209 1399 141 49 selbst
2377 1399 226 67 schweigt
2631 1399 119 52 über
2780 1400 72 50 die
2885 1400 220 51 früheren
3130 1400 189 51 Verhält-

1784 1480 121 50 nisse
1934 1480 267 65 Astorga's;
2245 1497 90 31 nur
2380 1479 217 67 folgende
2625 1480 123 50 Data
2789 1479 106 51 fand
2924 1480 101 51 ich:
3068 1481 90 50 Die
3187 1497 162 50 grosse

1784 1555 216 55 Histoire
2027 1558 58 52 de
2110 1556 144 55 Sicile
2291 1575 86 33 von
2409 1560 258 66 Burigny
2710 1560 186 57 erzählt,
2942 1559 104 51 dass
3076 1561 44 49 in
3153 1560 88 50 den
3274 1577 48 33 er-

1784 1646 99 42 sten
1906 1639 178 49 Jahren
2107 1639 81 49 des
2216 1640 189 66 vorigen
2428 1639 347 49 Jahrhunderts
2797 1648 136 42 unter
2956 1639 106 51 dem
3090 1640 259 67 Vicekönig

1785 1719 208 68 Marquis
2018 1718 224 68 (Herzog)
2272 1719 161 51 Carlos
2456 1719 183 67 Philipp
2663 1719 192 68 Spinola
2882 1737 86 33 von
2999 1721 92 50 Los
3116 1719 231 52 Barbazes

1785 1798 73 50 ein
1891 1798 228 50 Aufstand
2150 1799 43 49 in
2225 1799 181 49 Sicilien
2438 1799 124 49 Statt
2603 1799 254 66 gefunden,
2900 1800 118 48 nach
3064 1799 163 51 dessen
3258 1800 60 50 Be-

1786 1879 257 66 wältigung
2095 1879 221 49 Balbazes
2372 1879 133 49 einen
2564 1879 84 49 der
2701 1879 505 67 Haupträdelsführer,
3256 1880 89 50 den

1788 1959 192 49 Prinzen
2023 1958 56 50 de
2122 1959 259 66 Paligonie,
2430 1958 122 50 habe
2604 1959 257 49 hinrichten
2908 1960 165 48 lassen.
3209 1960 140 50 Diese

1786 2038 272 49 historische
2101 2038 282 58 Thatsache,
2437 2038 269 49 verbunden
2752 2039 81 48 mit
2875 2038 89 49 den
3009 2055 86 32 von
3138 2039 211 51 Rochlitz

1785 2119 233 48 erzählten
2048 2118 466 49 Lebensumständen
2546 2116 81 51 des
2658 2118 227 55 Meisters,
2926 2118 150 66 liegen
3116 2119 43 48 in
3192 2118 154 58 freier,

1784 2198 338 66 selbständiger
2148 2199 275 65 Benutzung
2446 2198 82 48 der
2551 2196 371 68 nachfolgenden
2941 2198 408 66 Opernhandlung

1783 2295 53 32 zu

1902 2358 62 49 So
1991 2358 107 48 weit
2120 2358 83 48 der
2223 2356 197 50 Dichter
2442 2355 80 51 des
2545 2356 231 55 Libretto,
2808 2355 91 51 und
2933 2356 85 49 wir
3043 2359 185 46 müssen
3252 2356 94 50 ihm

1781 2436 300 66 zugestehen,
2124 2436 104 50 dass
2269 2454 66 38 er,
2380 2438 59 48 im
2472 2436 188 51 Ganzen
2695 2453 299 49 genommen,
3037 2436 158 50 seinen
3228 2435 125 50 Stoff

1783 2516 81 49 mit
1907 2516 139 49 vieler
2087 2515 332 51 Gewandtheit
2461 2515 94 50 und
2608 2515 440 50 Bühnenkenntniss
3095 2514 252 49 bebandelt

1784 2594 93 51 und
1908 2595 103 50 dem
2047 2596 330 68 Componisten
2409 2596 368 66 entsprechende
2802 2595 293 50 Situationen
3126 2594 93 49 und
3253 2595 62 50 Ge-

1780 2675 235 66 legenheit
2043 2692 104 31 zum
2174 2674 247 51 Ausdruck
2452 2675 83 48 der
2562 2674 401 51 verschiedensten
2989 2673 181 50 Affecte
3197 2673 119 67 gebo-

1781 2764 75 41 ten
1889 2754 139 57 habe,
2070 2773 134 32 wenn
2236 2755 121 50 auch
2395 2754 226 49 vielleicht
2651 2755 102 48 eine
2783 2758 216 62 grössere
3030 2754 281 66 Gedrungen-

1783 2835 92 48 heit
1905 2852 57 33 an
1995 2835 232 48 einzelnen
2259 2835 173 48 Stellen
2470 2835 86 48 wie
2599 2834 60 48 im
2692 2834 185 49 Ganzen
2912 2833 430 50 wünschenswertb

1780 2930 217 51 gewesen
2028 2919 139 44 wäre.

1901 2995 96 50 Der
2029 2994 193 49 Dichter
2264 2993 81 50 hat
2387 2993 118 49 auch
2546 2991 107 51 dem
2684 2991 334 68 Componisten
3060 2991 49 51 in
3149 3008 51 34 so
3244 2991 102 51 fern

1779 3073 126 49 seine
1934 3073 221 66 Aufgabe
2184 3071 281 61 erleichtert,
2504 3071 65 50 als
2606 3088 50 33 er
2686 3071 73 50 die
2797 3071 336 50 erforderliche
3162 3071 154 66 Steige-

1781 3169 122 50 rung
1933 3154 44 48 in
2007 3153 88 49 den
2128 3151 198 51 Verlauf
2350 3151 83 50 der
2462 3150 258 67 Handlung
2749 3169 55 32 zu
2837 3150 195 67 bringen
3064 3158 187 49 wusste,
3289 3165 52 35 so

1780 3231 104 50 dass
1916 3250 85 32 von
2042 3234 128 48 einer
2199 3231 252 50 Abnahme
2489 3231 79 50 des
2597 3233 250 48 Interesses
2885 3231 78 49 für
2993 3230 88 50 den
3110 3230 232 57 Zuhörer,

1781 3328 162 32 woran
1972 3328 49 33 so
2053 3313 112 48 viele
2195 3311 163 66 Opern
2388 3310 168 55 leiden,
2599 3310 68 67 ja,
2710 3310 142 50 selbst
2891 3309 308 66 untergehen,
3244 3309 101 49 hier

1781 3390 136 50 keine
1940 3391 125 66 Spur
2094 3409 53 31 zu
2180 3390 156 50 finden
2367 3390 72 56 ist,
2468 3390 201 50 sondern
2701 3390 60 48 im
2787 3389 275 66 Gegentheil
3093 3388 74 50 die
3199 3388 119 67 allge-

1783 3471 150 49 meine
1957 3471 308 50 Theilnahme
2291 3470 67 50 bis
2382 3488 81 32 ans
2485 3470 132 50 Ende
2648 3470 78 48 des
2755 3469 196 49 Stückes
2980 3469 365 66 ungeschwächt

1781 3550 275 50 fortdauert.
2114 3550 151 50 Abert
2294 3550 79 48 hat
2402 3567 47 31 es
2480 3549 115 49 aber
2625 3549 119 49 auch
2785 3548 291 57 verstanden,
3120 3548 72 49 die
3222 3548 90 49 Vor-

1781 3630 158 59 tbeile,
1983 3630 177 50 welche
2202 3630 96 50 sein
2326 3629 212 49 Libretto
2578 3629 94 48 ihm
2706 3629 96 57 bot,
2846 3628 44 49 in
2921 3629 205 48 vollstem
3158 3628 182 48 Maasse

1780 3727 55 31 zu
1868 3709 244 58 benutzen,
2155 3709 95 49 und
2293 3727 50 30 so
2387 3708 214 49 entstand
2641 3708 122 49 denn
2800 3708 72 49 ein
2904 3708 196 57 Ganzes,
3143 3706 198 50 welches

1780 3789 89 49 den
1901 3790 393 65 Anforderungen
2326 3788 83 49 der
2438 3789 154 48 Kunst
2628 3788 94 49 und
2762 3789 123 48 eines
2927 3788 287 66 geläuterten
3247 3785 61 51 Ge-

1779 3869 270 49 schmackes
2079 3869 118 49 nach
2218 3868 134 67 jeder
2372 3868 236 64 Richtung
2640 3868 75 48 hin
2745 3868 88 48 fast
2862 3866 179 50 überall
3072 3864 268 67 entspricht.

1900 3948 186 50 Abert's
2118 3948 150 50 Musik
2298 3946 206 50 zeichnet
2533 3948 94 48 sich
2659 3946 146 50 durch
2838 3945 329 67 poesiereiche,
3199 3945 116 65 origi-

1780 4028 121 49 nelle
1931 4028 280 64 Erfindung,
2254 4026 145 50 durch
2446 4026 134 58 feine,
2623 4025 399 67 geschmackvolle
3053 4024 288 66 Auffassung

1781 4108 79 49 des
1883 4109 189 61 Textes,
2098 4106 307 52 Gefühlstiefe
2437 4105 94 51 und
2552 4106 226 50 Noblesse
2808 4122 95 33 aus.
2935 4105 49 48 In
3016 4105 213 48 letzterer
3252 4104 57 49 Be-

1779 4188 199 67 ziehung
2009 4189 146 49 lassen
2187 4205 88 32 nur
2303 4188 73 49 ein
2419 4204 113 51 paar
2561 4186 263 50 Nummern
2862 4193 145 42 etwas
3046 4184 134 51 mehr
3210 4183 131 50 Tiefe
