3490 5026
3219 67 63 54 53

89 171 96 118 A
281 171 288 118 FEW
665 171 480 118 FACTS
1241 171 288 118 AND
1625 171 479 118 DATES

88 340 442 79 ABOUT
609 337 719 74 THEATRES
1417 340 264 74 AND
1765 312 433 110 THOSE

259 465 843 78 ASSOCIATED
1183 465 351 75 WITH
1633 466 394 74 THEM.

321 653 390 68 PLATE
764 653 52 68 1
816 653 53 68 A

87 824 132 51 ST.
295 815 259 53 MARY
626 814 106 50 LE
814 813 290 51 BONE.

87 912 229 45 BAKER
367 905 294 45 STREET.

161 1000 138 51 1817.
336 997 99 49 Mrs
470 994 200 51 Siddons
693 993 121 50 lived
838 995 45 47 in
908 992 200 51 Siddons

83 1071 172 52 House,
292 1065 177 62 looking
504 1067 94 46 into
623 1064 74 49 the
733 1062 213 61 Regent's
971 1061 135 56 Park,

80 1159 62 29 on
178 1140 74 47 the
287 1147 92 37 east
430 1134 111 56 side,
579 1145 44 36 at
676 1132 77 49 the
806 1145 80 47 top
934 1131 49 48 of
1030 1131 76 49 the

80 1220 153 41 street;
270 1204 106 49 here
410 1202 79 50 she
525 1202 124 54 died,
687 1201 114 62 June
828 1199 94 57 Bth,
960 1199 145 50 1831.

148 1275 102 49 The
274 1274 138 47 house
436 1291 94 30 was
551 1268 241 64 destroyed
815 1270 46 47 in
895 1268 178 49 1903-5
1091 1287 13 36 ;

81 1366 30 27 a
142 1343 180 61 railway
355 1342 161 48 station
541 1359 92 31 was
657 1353 79 48 put
760 1358 77 41 up,
864 1338 76 48 the
964 1337 107 48 Com-

80 1433 121 43 pany
235 1411 203 62 agreeing
491 1423 45 34 to
589 1420 65 36 set
708 1428 60 42 up
821 1427 28 29 a
884 1404 139 51 tablet
1059 1418 48 36 to

83 1491 343 39 commemorate
460 1478 77 48 the
570 1479 100 47 site.

320 1612 390 68 PLATE
764 1612 54 68 1
818 1612 55 68 C

78 1768 685 52 BLOOMSBURY.

81 1871 303 58 QUEEN'S
419 1879 313 47 SQUARE.

150 1959 125 49 Here
293 1959 208 49 between
534 1957 127 49 1770
697 1954 92 50 and
835 1954 125 50 1774
985 1953 121 51 lived

81 2027 84 50 Dr.
193 2028 175 61 Barney
387 2026 87 49 and
500 2025 66 49 his
591 2024 167 62 family.
833 2024 126 49 Here
983 2043 127 29 came

81 2096 154 49 David
273 2095 188 48 Garrick
485 2108 45 35 to
567 2095 96 48 visit
699 2095 142 48 them.

81 2214 256 43 GOWER
372 2212 298 46 STREET.

152 2303 96 49 Mrs
289 2302 169 64 Jordan
485 2303 35 47 is
555 2301 134 62 living
735 2302 105 48 here
875 2303 46 47 in
965 2300 145 50 1788.

81 2422 234 43 ALFRED
350 2422 210 42 PLACE.
598 2413 204 51 Bedford
838 2414 195 61 Square.

151 2509 222 49 Sheridan
409 2507 217 51 Knowles
660 2506 121 51 lived
817 2519 44 37 at
898 2506 93 51 No.
1030 2506 83 50 29.

323 2654 397 64 PLATE
775 2654 55 64 1
830 2654 55 64 D

83 2808 505 52 BAGNIGGE
630 2806 361 51 WELLS.

73 2912 193 43 COLD
301 2909 189 45 BATH
526 2909 237 43 FIELDS
788 2938 14 14 .

151 2993 52 47 A
220 2989 136 51 noted
377 2989 127 64 place
522 2989 50 50 of
589 2988 152 64 public
758 2989 355 54 entertainment,

79 3079 30 30 a
144 3058 106 49 kind
286 3059 49 50 of
370 3059 142 48 minor
546 3055 244 51 Vauxhall.

150 3126 102 51 Nell
287 3128 214 62 Gwynne
554 3128 35 48 is
640 3125 97 50 said
781 3138 47 35 to
865 3124 117 49 have
1017 3123 93 49 had

81 3218 28 28 a
145 3196 347 64 country-house
527 3214 107 29 near
654 3194 85 49 this
761 3206 116 50 spot,
913 3194 92 48 and
1031 3191 80 48 her

88 3265 99 49 bust
222 3285 92 29 was
348 3266 107 48 here
479 3266 46 47 in
555 3264 142 53 1789,
725 3255 134 56 when
883 3260 227 52 Waldron

81 3333 153 51 edited
271 3332 219 51 Downe's
525 3331 188 49 Roscius
743 3330 294 62 Anglicanus.

81 3422 477 69 SADLER'S
609 3435 355 52 WELLS.

160 3535 144 51 1683.
341 3534 52 50 A
427 3534 174 48 famous
635 3532 76 49 old
736 3532 128 62 place
888 3532 49 48 of
960 3532 153 62 public

85 3615 299 39 amusement:
424 3603 88 48 first
559 3623 28 27 a
640 3603 136 47 music
812 3601 155 54 house,
1004 3600 107 50 then

84 3694 27 27 a
146 3673 187 54 theatre,
376 3671 89 49 and
520 3669 146 49 called
719 3667 197 50 Sadler's
964 3667 147 51 Wells

85 3741 115 48 from
234 3759 28 29 a
295 3741 146 61 spring
475 3737 48 50 of
558 3735 181 52 mineral
774 3749 155 44 water,
964 3735 125 51 disco-

84 3808 135 50 vered
254 3808 61 63 by
351 3827 87 30 one
473 3805 176 57 Sadler,
683 3806 46 48 in
774 3805 144 56 1683,
954 3806 46 48 in
1035 3805 76 49 the

83 3878 165 61 garden
305 3877 50 50 of
412 3897 28 28 a
497 3876 139 49 house
695 3873 150 51 which
903 3873 59 51 he
1019 3874 91 50 had

83 3947 148 62 newly
264 3944 182 64 opened
482 3965 48 28 as
563 3965 28 28 a
631 3942 153 63 public
807 3943 302 55 music-room,

83 4014 90 50 and
197 4014 144 50 called
376 4013 61 62 by
461 4013 66 49 his
563 4032 106 30 own
706 4031 130 29 name
860 4029 47 31 as
988 4010 91 50 Sad-

83 4083 100 49 ler's
217 4084 150 50 Music

153 4151 104 50 The
310 4151 121 50 New
490 4150 139 50 River
680 4148 167 50 flowed
902 4159 96 51 past
1035 4146 76 51 the

64 4244 5 14 *
87 4219 181 57 theatre,
309 4217 93 51 and
452 4238 61 28 on
564 4229 122 51 great
737 4217 228 49 occasions
1017 4235 94 31 was

61 4311 5 12 ■
84 4308 116 30 even
233 4287 167 51 carried
436 4286 142 49 under
621 4285 78 49 the
738 4297 135 49 stage,
910 4282 91 51 and
1035 4285 78 48 the

88 4358 183 63 flooring
306 4356 231 57 removed,
579 4355 70 49 for
685 4353 76 50 the
795 4353 243 49 exhibition
1063 4353 50 50 of

88 4428 175 60 aquatic
287 4424 344 64 performances.
703 4421 127 49 Here
873 4421 237 55 Grimaldi,

87 4494 73 50 the
184 4494 172 50 famous
380 4492 161 57 clown,
569 4490 219 51 achieved
826 4489 66 48 his
926 4502 184 49 greatest

85 4563 228 63 triumphs.

155 4630 48 50 In
271 4630 125 51 1844
457 4629 84 51 this
597 4628 109 50 little
758 4626 169 50 theatre
984 4644 127 31 came

85 4697 141 50 under
283 4700 75 48 the
414 4699 106 49 able
567 4708 307 50 management
929 4694 49 49 of
1014 4692 94 51 Mr.

1169 651 182 61 Phelps,
1378 652 89 49 and
1496 653 69 48 for
1590 675 123 28 some
1749 675 127 42 years
1918 656 277 49 maintained

1168 741 27 27 a
1231 720 341 51 well-deserved
1609 723 216 62 celebrity
1861 724 68 49 for
1972 725 76 48 the
2095 745 76 43 per-

1166 789 226 49 formance
1428 790 49 49 of
1515 791 73 48 the
1625 791 125 62 plays
1785 792 48 48 of
1870 792 325 63 Shakespeare,

1165 857 252 53 Beaumont
1441 859 91 49 and
1569 859 217 58 Fletcher,
1818 860 260 62 Massinger,
2107 868 85 44 &c.

1164 993 578 53 ISLINGTON.

1164 1104 652 46 COLEBROOK-ROW.

1231 1199 126 50 Near
1391 1200 61 63 by
1487 1200 120 53 lived
1656 1202 187 49 Charles
1879 1201 147 51 Lamb
2063 1202 70 50 for
2167 1224 26 28 a

1160 1268 155 61 while,
1376 1271 46 47 in
1491 1270 396 56 Colebrook-row,
1956 1272 121 48 close
2147 1285 48 36 to

1162 1335 195 52 Duncan
1383 1338 208 56 Terrace,
1628 1340 91 62 (64
1745 1340 194 48 Duncan
1976 1339 215 67 Terrace)

1162 1408 46 45 in
1258 1406 122 50 what
1416 1407 58 49 he
1509 1408 105 48 calls
1651 1417 29 17 44
1706 1429 27 27 a
1769 1408 225 49 detached
2016 1409 178 49 whitish

1165 1484 30 16 44
1222 1474 137 50 house
1383 1474 118 51 close
1524 1489 48 35 to
1608 1475 76 49 the
1720 1477 120 49 New
1882 1477 141 49 River
2148 1477 51 49 In

1165 1563 26 27 a
1209 1541 127 51 letter
1355 1556 46 36 to
1420 1543 66 49 his
1505 1544 144 48 friend
1669 1544 58 50 R.
1750 1545 168 49 Barton
1943 1545 57 49 he
2020 1547 144 48 writes
2185 1567 11 28 :

1165 1620 29 19 44
1218 1611 160 50 When
1412 1632 91 42 you
1555 1633 129 28 come
1732 1612 324 52 Londonward
2106 1634 92 43 you

1166 1688 29 17 44
1223 1679 90 49 will
1360 1680 91 48 find
1488 1701 72 28 me
1613 1701 60 28 no
1725 1681 152 62 longer
1919 1684 45 48 in
2017 1683 182 49 Covent

1167 1756 29 18 44
1224 1747 188 50 Garden
1432 1769 12 35 ;
1467 1748 16 49 I
1504 1749 115 50 have
1638 1771 26 26 a
1684 1763 175 49 cottage
1878 1752 45 47 in
1943 1750 259 50 Colebrook

1165 1824 30 18 44
1223 1816 134 56 Row,
1383 1815 228 64 Islington;
1632 1839 26 27 a
1677 1831 190 50 cottage,
1888 1819 68 49 for
1973 1821 31 47 it
2024 1821 34 47 is
2077 1820 100 49 deta-

1167 1892 29 18 -44
1222 1884 147 56 ched;
1408 1906 27 28 a
1471 1886 138 49 white
1644 1886 138 49 house
1818 1888 109 49 with
1978 1889 64 47 six
2077 1889 120 61 good

1169 1961 28 17 44
1225 1973 147 29 rooms
1407 1956 45 47 in
1487 1956 63 53 it;
1588 1955 77 48 the
1708 1955 121 49 New
1854 1957 138 48 River
2032 1956 167 63 (rather

1171 2029 28 17 44
1226 2020 170 64 elderly
1432 2023 62 61 by
1532 2023 82 48 this
1651 2025 127 63 time)
1812 2044 101 29 runs
1952 2023 53 66 (if
2040 2046 26 27 a
2102 2046 65 28 mo-

1170 2098 29 17 -44
1223 2089 159 49 derate
1418 2090 194 63 walking
1648 2112 112 42 pace
1797 2113 83 29 can
1907 2093 58 49 be
1989 2112 50 28 so
2064 2105 106 38 term-

1167 2166 30 18 -44
1222 2157 79 65 ed)
1340 2158 118 50 close
1505 2171 47 37 to
1597 2159 78 49 the
1709 2160 98 50 foot
1841 2160 50 50 of
1924 2161 75 49 the
2035 2161 160 57 house;

1169 2235 30 17 44
1226 2226 91 49 and
1353 2227 170 51 behind
1549 2230 36 47 is
1609 2250 24 27 a
1658 2231 204 60 spacious
1886 2229 167 62 garden
2088 2230 109 50 with

1170 2303 29 17 44
1228 2296 136 54 vines,
1405 2295 38 65 (I
1477 2316 146 29 assure
1671 2298 130 64 you),
1855 2318 142 42 pears,
2042 2310 130 37 straw-

1170 2372 29 17 -44
1226 2363 179 57 berries,
1443 2367 215 59 parsnips,
1706 2366 133 57 leeks,
1867 2380 180 43 carrots,
2090 2366 82 50 cab-

1168 2441 30 16 -44
1226 2434 148 58 bages,
1431 2445 46 37 to
1529 2432 166 64 delight
1750 2434 74 50 the
1859 2434 125 50 heart
2032 2436 50 48 of
2121 2434 77 50 old

1169 2509 30 17 44
1227 2499 222 50 Alcinous

1169 2610 124 42 THE
1328 2611 119 42 RED
1497 2611 152 43 BULL
1699 2612 292 44 THEATRE

1240 2698 113 49 This
1387 2697 192 57 theatre,
1632 2698 111 49 built
1800 2700 45 48 in
1891 2699 142 57 1606,
2070 2701 132 50 stood

1171 2780 43 35 at
1240 2768 77 47 the
1341 2786 142 43 upper
1507 2766 90 51 end
1622 2766 49 50 of
1696 2766 68 51 St.
1784 2767 286 62 John-street,
2092 2781 110 37 west

1168 2836 49 48 of
1244 2835 70 49 St.
1344 2834 290 63 John-street,
1655 2855 59 29 on
1739 2836 122 49 what
1879 2838 34 45 is
1933 2857 104 29 now
2058 2836 143 50 called

1170 2914 27 17 44
1210 2903 369 63 Red-Bull-yard
1633 2924 49 28 or
1700 2904 161 50 Wood
1877 2904 164 62 Bridge
2055 2917 144 37 street.

1408 3041 395 65 PLATE
1872 3043 46 63 1
1918 3043 47 63 E

1166 3176 144 43 THE
1345 3176 352 43 NURSERY.

1235 3256 113 50 This
1383 3276 93 31 was
1510 3276 28 28 a
1579 3253 155 51 school
1769 3256 70 48 for
1893 3255 76 49 the
2023 3255 141 49 educa-

1166 3326 94 48 tion
1284 3325 48 48 of
1368 3323 201 50 children
1605 3323 69 49 for
1710 3323 76 49 the
1820 3336 121 48 stage
1966 3325 46 47 in
2049 3322 120 50 Gold-

1165 3392 212 62 ing-lane,
1415 3391 282 57 Moorfields,
1735 3391 269 49 established
2041 3392 45 48 in
2121 3392 76 48 the

1165 3464 120 60 reign
1320 3462 51 48 of
1406 3460 186 49 Charles
1628 3460 56 50 11.
1713 3460 61 63 by
1800 3459 204 51 William
2031 3457 162 66 Legge,

1167 3543 202 36 ancestor
1404 3529 50 48 of
1490 3529 76 48 the
1602 3528 125 49 Earls
1752 3529 49 48 of
1838 3528 288 49 Dartmouth.

1233 3598 154 49 There
1410 3599 35 47 is
1468 3618 27 28 a
1520 3599 119 48 view
1663 3596 49 50 of
1734 3599 32 46 it
1792 3596 61 63 by
1877 3598 41 61 J.
1943 3596 61 51 T.
2033 3596 162 58 Smith,

1164 3665 144 49 called
1343 3665 104 49 The
1482 3662 203 64 Queen's
1722 3664 212 63 Nursery.

1164 3774 335 45 FORTUNE
1532 3773 366 44 THEATRE.

1232 3871 113 50 This
1379 3891 94 30 was
1508 3869 110 51 built
1665 3873 46 46 in
1773 3871 126 48 1600
1951 3868 62 64 by
2060 3869 135 50 Peter

1164 3941 161 55 Street,
1362 3961 28 27 a
1435 3951 245 50 carpenter,
1735 3938 69 50 for
1857 3937 151 62 Philip
2061 3937 99 49 Hen-

1163 4009 139 50 slowe
1336 4008 92 49 and
1463 4005 203 52 Edward
1712 4005 186 63 Alleyn,
1936 4005 90 50 and
2060 4004 133 51 stood

1164 4098 60 28 on
1259 4076 76 50 the
1378 4089 93 37 east
1519 4075 98 50 side
1668 4075 49 50 of
1771 4073 323 63 Golding-lane
2148 4075 44 47 in

1164 4146 77 50 the
1264 4146 147 62 parish
1447 4145 49 50 of
1532 4145 67 51 St.
1626 4142 179 58 Giles's,
1830 4144 303 62 Cripplegate.

1233 4214 50 49 In
1330 4212 209 64 Alleyn's
1592 4212 142 64 Diary
1783 4214 36 47 is
1853 4211 75 50 the
1966 4211 226 61 following

1163 4296 152 50 entry:

1297 4351 143 49 1621.
1480 4348 117 51 Dec.
1635 4351 48 48 9.
1720 4348 105 51 Md.
1863 4348 84 50 this
1983 4347 120 62 night
2129 4358 62 38 att

1172 4421 58 49 12
1284 4419 50 50 of
1386 4419 76 49 the
1522 4417 146 51 Clock
1720 4418 75 50 the
1843 4417 197 49 Fortune
2098 4436 94 30 was

1232 4555 169 50 Collier
1458 4554 94 49 tells
1609 4573 51 30 us
1720 4553 96 49 that
1873 4551 77 50 the
2008 4550 184 64 original

1165 4624 202 63 building
1401 4644 94 31 was
1541 4644 28 28 a
1618 4642 159 43 square
1812 4623 298 48 construction
2144 4621 49 49 of

1165 4691 108 59 lath,
1325 4692 161 62 plaster
1538 4690 90 51 and
1683 4690 174 49 timber.
1946 4689 104 49 The
2091 4709 101 29 new

2251 174 168 49 theatre
2459 176 88 64 (for
2582 177 33 47 it
2651 196 91 29 was
2766 174 156 51 rebuilt
2958 176 319 64 immediately)

2251 263 92 29 was
2378 244 195 54 circular,
2612 244 89 48 and
2756 244 109 48 built
2918 245 49 48 of
3022 244 125 49 brick
3188 245 91 49 and

2253 311 88 50 tile.
2412 311 105 49 The
2569 313 94 60 sign
2717 312 50 48 of
2820 313 73 49 the
2943 313 138 49 house
3125 334 92 29 was
3253 334 26 28 a

2223 403 10 8 *
2251 381 170 61 picture
2457 400 50 29 or
2542 381 133 60 figure
2700 381 49 49 of
2776 381 206 54 Fortune,
3057 383 49 48 In
3140 381 141 57 1649,

2252 451 75 45 the
2361 449 142 49 inside
2538 449 49 49 of
2613 449 82 49 this
2720 470 101 29 new
2859 454 169 45 theatre
3063 470 94 29 was
3181 451 77 49 des-

2252 519 156 61 troyed
2469 518 62 61 by
2577 539 26 26 a
2657 538 224 43 company
2915 519 50 48 of
3000 518 181 49 soldiers
3216 531 65 36 set

2251 606 60 29 on
2347 586 62 63 by
2446 587 74 48 the
2568 589 203 46 sectaries
2823 586 49 49 of
2918 587 126 48 those
3091 587 191 62 perilous

2252 656 146 55 times;
2436 655 92 49 and
2580 656 45 48 in
2687 654 139 56 1661,
2864 654 76 50 the
2982 654 172 62 ground
3189 675 94 30 was

2251 724 255 49 advertised
2531 732 30 19 44
2581 736 47 37 to
2654 722 58 51 be
2731 724 57 48 let
2808 736 46 36 to
2879 724 58 48 be
2959 723 108 53 built
3092 743 123 42 upon

2253 792 36 48 It
2324 813 94 29 was
2454 793 115 49 from
2623 792 86 49 this
2755 792 171 48 theatre
2980 792 92 48 that
3108 792 172 61 Alleyn

2251 861 185 49 derived
2473 862 76 48 the
2584 860 140 62 larger
2757 862 179 54 portion
2975 861 49 47 of
3047 860 76 49 the
3147 860 135 49 funds

2251 929 69 49 for
2355 930 75 48 the
2465 929 266 49 foundation
2765 929 49 49 of
2849 928 148 52 God's
3034 928 99 50 Gift
3169 927 83 49 Col-

2252 997 110 63 lege,
2398 1011 45 36 at
2498 998 230 49 Dulwich.
2818 999 52 47 A
2922 1018 199 42 passage,
3170 1016 83 28 con-

2250 1068 177 60 necting
2460 1067 430 51 Whitecross-street
2928 1067 109 48 with
3078 1065 203 61 Golding

2249 1133 115 57 lane,
2400 1136 35 48 is
2468 1134 86 50 still
2587 1134 144 50 called
2768 1134 407 63 Playhouse-yard.

2251 1254 493 43 BLACKFRIARS
2786 1254 367 44 THEATRE.

2317 1341 116 50 This
2467 1362 92 29 was
2594 1341 110 51 built
2740 1343 44 49 in
2848 1342 143 56 1576,
3027 1341 61 65 by
3133 1341 149 63 James

2251 1409 241 63 Burbadge
2528 1411 90 49 and
2655 1411 67 49 his
2813 1409 173 50 fellows
3085 1423 198 37 servants

2251 1477 49 49 of
2337 1478 201 63 Dudley,
2576 1478 106 50 Earl
2718 1478 50 51 of
2809 1479 239 56 Leicester,
3085 1481 46 47 in
3173 1500 81 29 con-

2249 1567 224 42 sequence
2496 1547 49 49 of
2568 1568 57 28 an
2651 1559 71 37 act
2747 1547 50 49 of
2821 1548 227 49 Common
3090 1545 192 51 Council

2251 1615 160 62 passed
2446 1616 76 49 the
2557 1615 242 62 preceding
2845 1635 119 44 year,
3014 1615 270 64 prohibiting

2253 1684 76 48 the
2364 1685 195 47 erection
2591 1682 48 50 of
2674 1704 26 28 a
2736 1684 245 63 playhouse
3016 1685 157 50 within
3209 1684 74 49 the

2253 1751 132 51 limits
2420 1752 48 50 of
2502 1754 76 48 the
2613 1754 108 62 City
2754 1752 289 64 jurisdiction.

2257 1870 351 45 BLACKFRI
2618 1872 160 43 ARS.

2324 1959 73 50 Sir
2447 1958 227 64 Anthony
2719 1958 111 51 Van
2883 1958 136 64 Dyck
3075 1958 121 51 lived
3237 1959 46 50 in

2257 2027 263 49 Blackfriars
2555 2025 116 51 from
2704 2027 78 50 the
2804 2029 106 48 time
2944 2027 50 49 of
3016 2028 66 49 his
3107 2029 176 61 coming

2256 2108 45 37 to
2340 2095 205 62 England
2592 2096 46 49 in
2700 2096 126 50 1632
2868 2109 48 37 to
2950 2096 68 49 his
3052 2095 138 51 death
3236 2099 46 47 in

2266 2165 142 50 1641.
2478 2164 105 49 The
2619 2178 94 35 rent
2748 2164 50 49 of
2834 2164 67 49 his
2935 2165 153 56 house,
3176 2178 45 35 at
3256 2187 27 26 a

2256 2231 230 50 moderate
2545 2231 131 50 value
2795 2253 93 29 was
2940 2231 250 57 estimated,
3237 2234 45 48 in

2263 2301 139 55 1638,
2456 2312 45 37 at
2554 2300 135 58 £2O,
2738 2301 93 49 and
2884 2301 77 51 the
3011 2301 110 48 tithe
3173 2302 108 61 paid

2254 2368 206 54 £1.6.3.

2322 2437 99 49 Ben
2455 2437 169 62 Jonson
2661 2437 127 49 dates
2828 2437 67 49 his
2942 2437 259 49 dedication
3235 2437 48 49 of

2253 2504 217 64 Volpone
2507 2526 51 29 or
2581 2505 104 50 The
2710 2505 99 50 Fox
3044 2526 77 43 my
3143 2507 140 48 house

2252 2575 46 49 in
2333 2575 76 49 the
2463 2574 279 58 Blackfriars,
2797 2575 85 49 this
2942 2577 12 47 1
2980 2575 73 50 Ith
3095 2574 90 64 day
3231 2575 50 50 of

2254 2641 246 65 February,
2544 2644 144 49 1607.

2253 2752 347 52 ALLEYN'S
2642 2761 190 43 ALMS
2877 2761 299 43 HOUSES.

2320 2847 153 51 Three
2507 2860 85 37 sets
2615 2848 50 49 of
2699 2847 293 51 alms-houses
3015 2850 46 47 in
3086 2847 196 51 London

2258 2917 131 63 (each
2425 2917 69 48 for
2528 2930 74 35 ten
2638 2937 114 42 poor
2788 2917 183 65 people)
3010 2937 119 29 were
3171 2917 111 49 built

2253 2984 90 50 and
2402 2984 228 51 endowed
2712 2985 62 63 by
2832 2984 204 50 Edward
3095 2984 187 64 Alleyn,

2258 3054 174 65 (1626)
2461 3054 77 48 the
2562 3067 137 43 actor,
2727 3054 89 48 and
2849 3054 189 50 founder
3061 3054 49 50 of
3135 3054 148 48 God's

2256 3123 101 49 Gift
2392 3121 185 63 College
2600 3135 46 36 at
2671 3121 213 50 Dulwich
2903 3143 12 29 :
2962 3124 44 51 /.
3043 3124 46 48 in
3113 3123 136 49 Lamb-

2253 3190 131 63 cilley,
2449 3190 231 65 (formerly
2738 3190 136 63 Petty
2933 3190 209 66 France),
3203 3191 54 48 Bi-

2252 3259 413 62 shopsgate-street;
2691 3259 55 48 2.
2783 3260 44 47 in
2854 3259 287 55 Bath-street,
3165 3260 93 65 (for-

2252 3327 138 62 merly
2427 3326 455 66 Pest-House-lane),
2907 3326 271 57 Old-street,
3206 3328 70 49 St.

2253 3394 188 58 Luke's;
2481 3397 53 48 3.
2569 3397 46 47 in
2652 3394 279 64 Soap-yard,
2981 3394 269 50 Deadman's-

2251 3464 143 63 place,
2432 3463 290 51 Southwark.
2798 3463 131 67 (This
2966 3462 80 51 last
3081 3485 73 29 we
3189 3464 91 49 find

2249 3535 45 48 in
2331 3533 130 49 Plate
2498 3533 45 54 3,
2569 3532 79 64 E.)

2318 3601 106 50 The
2460 3601 86 49 first
2583 3600 124 50 brick
2755 3601 49 48 of
2859 3601 76 49 the
2988 3600 293 50 alms-houses

2248 3672 46 47 in
2320 3669 272 50 Bath-street
2617 3690 93 28 was
2745 3669 91 49 laid
2874 3670 61 60 by
2970 3669 171 62 Alleyn
3166 3670 85 48 him-

2249 3739 81 48 self
2365 3758 61 29 on
2479 3737 75 50 the
2602 3737 56 49 13
2666 3737 46 49 th
2747 3737 48 49 of
2830 3737 114 63 July,
2994 3739 124 48 1620
3140 3758 11 35 ;
3188 3737 90 49 and

2249 3827 60 30 on
2343 3807 78 50 the
2469 3806 116 49 29th
2638 3806 48 49 of
2740 3806 151 62 April,
2938 3806 143 56 1621,
3118 3807 60 48 he
3212 3826 45 31 re-

2249 3874 134 50 cords
2417 3874 66 49 his
2519 3873 163 62 having
2707 3873 160 64 placed
2903 3874 122 49 three
3062 3894 103 29 men
3189 3873 92 50 and

2251 3963 138 31 seven
2422 3962 180 31 women
2635 3946 46 45 in
2718 3943 74 50 the
2827 3956 75 35 ten
2929 3943 171 51 houses.

2315 4012 135 63 They
2486 4032 120 29 were
2642 4012 161 48 rebuilt
2837 4013 45 47 in
2926 4012 141 49 1707.

2249 4121 258 43 BUNHILL
2531 4121 198 42 FIELDS
2762 4121 219 42 BURIAL
3006 4120 272 44 GROUND.

2314 4207 114 51 This
2449 4220 237 51 cemetary,
2709 4226 103 31 near
2856 4206 216 62 Finsbury
3091 4207 191 62 Square,

2247 4297 93 31 was
2390 4277 145 48 called
2797 4277 178 62 Campo
3033 4276 145 49 Santo
3235 4276 49 48 of

2246 4347 76 51 the

2315 4414 188 61 Among
2538 4413 76 49 the
2649 4414 174 48 famous
2867 4433 102 28 men
2995 4412 157 49 buried
3178 4412 105 49 here

2248 4503 94 29 was
2401 4479 163 52 Daniel
2616 4480 75 50 De
2754 4480 109 55 Foe,
2926 4480 355 65 (1661-1731),

2247 4551 104 50 The
2387 4563 127 49 entry
2549 4549 48 51 of
2632 4550 68 48 his
2735 4549 143 49 burial
2914 4564 123 34 runs:
3138 4549 143 54 1731,

2251 4619 134 63 April
2421 4620 81 48 26.
2540 4617 94 51 Mr.
2674 4617 203 56 Dubow,
2921 4616 288 62 Cripplegate

2320 4689 125 48 Here
2482 4700 76 37 too
2583 4687 106 62 they
2714 4687 156 50 buried
2896 4685 203 52 William
3127 4685 154 54 Blake,
