3490 5026
163 64 64 55 52

167 447 889 143 LONDON
1178 442 452 153 AND
1757 447 1585 151 WESTMINSTER.

164 655 313 90 THE
591 656 801 91 BOROUGH
1508 656 186 89 OF
1823 658 1067 94 SOUTHWARK
3017 661 330 91 AND

164 808 417 89 PARTS
665 808 742 109 ADJOINING:

1494 808 157 91 BY
1727 808 106 91 R.
1920 808 696 97 HORWOOD
2697 813 645 92 1792-1799.

166 1097 210 143 Mr.
431 1084 395 73 HORWOOD
881 1089 48 68 is
983 1088 252 89 waiting
1287 1084 97 74 for
1435 1117 294 42 someone

377 1205 66 52 to
496 1186 85 72 do
635 1186 125 72 him
815 1219 38 39 a
905 1187 151 72 little
1108 1190 239 90 justice,
1388 1190 95 71 for
1529 1220 70 41 so
1634 1188 94 73 far

162 1320 67 41 as
285 1287 22 71 I
363 1289 161 72 have
576 1289 164 72 been
811 1290 145 72 able
1035 1310 64 52 to
1186 1296 301 68 ascertain
1569 1291 159 90 (and

165 1393 21 70 I
242 1422 102 42 am
398 1393 205 71 rather
657 1393 94 71 far
804 1393 85 72 off
943 1413 64 53 to
1061 1393 82 72 be
1179 1398 169 89 quite
1386 1394 112 72 fair
1535 1395 191 73 about

162 1494 150 91 this)
354 1525 149 63 very
537 1496 127 73 few
701 1496 227 92 people
981 1527 168 42 seem
1202 1517 65 52 to
1312 1497 161 74 have
1510 1527 181 63 recog-

162 1596 188 74 nized
403 1597 92 73 his
548 1629 248 60 powers
851 1599 187 73 while
1118 1600 80 72 he
1268 1600 165 73 lived
1488 1633 70 39 or
1637 1601 95 71 for

163 1731 148 62 very
348 1700 141 90 long
527 1700 157 73 after
735 1701 93 72 his
884 1701 212 73 death.

320 1803 402 91 Fortunately
774 1804 82 71 he
910 1803 111 74 did
1073 1804 91 73 his
1237 1804 176 75 work
1465 1836 69 41 so
1588 1806 144 73 well

163 1906 134 72 that
336 1905 106 73 the
495 1905 399 73 indifference
947 1907 65 71 of
1064 1907 91 73 his
1209 1911 522 89 contemporaries

163 2009 223 92 hardly
431 2029 252 52 matters
720 2029 66 52 to
839 2010 125 71 him
999 2042 14 40 :
1052 2030 106 71 yet
1202 2015 46 67 it
1303 2011 212 73 would
1571 2013 160 71 have

163 2110 164 74 been
387 2112 190 92 easily
640 2112 273 92 possible
965 2113 94 71 for
1097 2112 435 94 Biographical
1571 2113 117 72 Dic-

162 2217 286 70 tionaries
520 2214 123 73 and
707 2214 178 73 other
947 2216 151 71 such
1153 2214 124 74 lists
1332 2236 65 52 to
1459 2220 273 67 mention

163 2317 93 73 his
335 2348 181 42 name
551 2349 12 41 :
649 2317 110 73 but
839 2350 69 40 so
980 2317 201 92 rarely
1259 2321 47 70 is
1388 2317 344 74 Horwood

165 2420 354 73 mentioned
572 2420 134 73 that
760 2421 23 70 I
838 2421 86 72 do
978 2441 106 52 not
1120 2420 127 74 find
1298 2420 128 73 him
1460 2451 158 42 even
1670 2424 61 70 in

162 2523 107 72 the
323 2523 369 93 Dictionary
770 2524 67 73 of
889 2523 297 72 National
1251 2524 360 93 Biography
1649 2519 55 49 (l)
1712 2581 15 14 .

165 2626 437 91 Cunningham
638 2630 168 87 gives
843 2626 127 72 him
1007 2656 119 42 one
1162 2626 141 74 line.
1362 2627 22 71 I
1423 2658 101 40 am
1562 2631 169 89 quite

166 2734 279 88 ignorant
481 2730 65 71 of
581 2729 94 72 his
711 2759 230 42 career.
1036 2729 161 72 And
1235 2730 21 71 I
1296 2749 225 53 cannot
1557 2734 171 88 point

166 2853 66 52 to
285 2833 93 71 his
434 2832 295 92 dwelling
781 2835 61 69 in
895 2832 117 72 this
1049 2832 146 94 plan
1247 2833 65 71 of
1366 2833 113 71 his.

321 2935 124 72 His
501 2935 196 82 work,
755 2935 118 72 this
918 2936 146 91 plan
1102 2936 202 81 alone,
1343 2935 252 72 informs
1632 2964 99 40 me

165 3037 64 72 of
283 3037 94 73 his
430 3037 282 73 abilities.
790 3037 146 73 The
976 3039 253 90 original
1267 3036 232 74 double
1535 3036 196 95 plates

165 3142 158 72 each
377 3172 282 42 measure
713 3140 80 73 41
868 3142 87 92 by
1013 3143 94 70 22
1138 3136 45 83 7
1185 3190 19 30 a
1258 3140 233 74 inches.
1583 3139 148 72 The

165 3243 211 74 whole
410 3243 146 93 plan
591 3242 312 74 therefore
956 3274 310 43 measures
1334 3244 17 72 1
1376 3244 41 72 3
1474 3243 126 73 feet
1644 3241 87 94 by

172 3346 40 72 7
269 3346 122 72 feet
452 3346 39 71 5
550 3346 233 74 inches.

320 3448 115 73 All
491 3449 22 71 I
567 3449 162 72 have
781 3449 163 72 been
1023 3448 144 73 able
1249 3468 64 52 to
1384 3446 85 74 do
1540 3451 48 69 is
1666 3467 67 53 to

165 3551 132 76 add
348 3553 96 71 for
495 3584 124 60 you
674 3584 38 40 a
765 3552 125 73 few
969 3552 322 72 theatrical
1371 3552 156 73 facts
1607 3551 126 72 and

166 3653 177 75 dates
396 3655 192 72 about
626 3655 106 72 the
786 3653 280 74 different
1121 3653 226 74 houses
1384 3655 65 71 of
1484 3653 207 73 drama-

163 3761 130 70 tists
364 3758 125 73 and
542 3777 202 54 actors
798 3756 126 74 and
976 3777 299 54 actresses
1328 3756 127 74 and
1534 3760 200 69 critics

167 3860 126 74 and
350 3860 107 73 the
510 3860 142 74 like.

318 3965 193 71 Some
566 3963 66 73 of
683 3963 175 73 these
910 3963 156 73 facts
1120 3962 125 72 and
1286 3961 177 73 dates
1501 3990 235 65 appear

167 4066 154 74 with
374 4067 106 72 the
532 4066 124 73 first
708 4065 169 94 eight
931 4066 199 92 plates
1182 4069 62 68 in
1304 4065 105 71 the
1489 4084 248 72 present

166 4169 260 72 number
489 4170 63 71 of
1127 4168 136 72 The
848 4168 249 86 Mask;
1174 4168 112 72 the
1365 4165 368 83 remainder,

163 4272 154 75 with
369 4272 108 72 the
530 4272 180 72 other
763 4271 164 92 eight
989 4271 218 94 plates,
1294 4269 127 77 will
1502 4300 235 65 appear

165 4380 61 67 in
276 4376 108 71 the
435 4375 142 92 July
633 4373 282 74 number.

320 4478 125 92 My
497 4478 96 72 list
646 4478 112 72 has
796 4476 161 74 been
994 4475 188 75 made
1219 4476 155 74 with
1409 4475 107 74 the
1552 4480 152 69 assis-

162 4600 183 53 tance
382 4580 66 73 of
485 4580 142 92 only
665 4598 108 54 too
809 4579 127 75 few
972 4579 233 74 books:
1245 4598 284 70 amongst
1566 4578 171 72 them

316 4729 57 49 (1)
403 4728 143 39 Smith
576 4728 150 46 Elder,
758 4728 40 38 &
827 4729 78 37 Co.
943 4729 94 46 1885
1064 4730 115 48 1906.

1783 1087 177 73 those
2029 1088 88 93 by
2188 1088 244 85 Timbs,
2499 1089 458 92 Cunningham,
3034 1091 308 78 Pennant,

1783 1191 289 93 Brayley,
2150 1192 94 73 H.
2320 1192 234 73 Barton
2626 1191 225 84 Baker,
2923 1193 99 72 Sir
3093 1193 78 72 E.
3251 1191 91 72 K.

1781 1294 378 82 Chambers,
2184 1294 282 82 Boaden,
2493 1295 160 71 Miss
2674 1294 267 92 Burney,
2968 1294 376 91 Fitzgerald,

1783 1397 233 71 Austin
2112 1394 269 74 Dobson
2470 1397 125 72 and
2658 1426 171 42 some
2913 1399 95 69 30
3088 1426 70 42 or
3248 1397 98 71 40

1784 1499 227 72 others.

1939 1601 124 71 But
2115 1600 119 73 this
2286 1599 148 73 little
2512 1600 222 72 labour
2796 1597 131 74 had
3006 1616 108 54 not
3191 1626 158 44 even

1784 1703 208 92 begun
2043 1703 44 73 if
2142 1703 23 72 I
2227 1703 131 72 had
2428 1722 107 53 not
2589 1703 161 72 been
2802 1700 332 95 presented
3199 1698 146 76 with

1786 1837 37 41 a
1877 1837 163 61 copy
2094 1807 65 72 of
2211 1807 105 72 the
2368 1827 172 71 great
2594 1806 125 72 and
2772 1804 196 94 costly
3039 1803 146 93 plan
3265 1802 75 91 by

1786 1939 37 41 a
1859 1908 199 73 friend
2095 1911 61 69 in
2194 1908 319 93 Banbury,
2570 1907 328 92 obviously
2932 1936 158 63 your
3125 1903 199 74 friend

1784 2015 168 69 since
2005 2011 88 93 by
2147 2042 79 40 an
2281 2032 100 52 act
2437 2013 62 72 of
2551 2011 118 71 this
2722 2010 149 74 kind
2926 2010 78 71 he
3059 2007 210 73 makes
3305 2010 47 67 it

1785 2114 271 93 possible
2108 2114 94 71 for
2255 2145 100 40 me
2409 2133 65 54 to
2527 2113 324 74 distribute
2902 2132 67 52 to
3031 2108 320 76 hundreds

1785 2217 64 71 of
1902 2214 248 94 today's
2204 2216 276 72 students
2550 2216 344 89 something
2964 2212 247 72 needed
3265 2211 87 91 by

1783 2319 170 72 them
2006 2319 95 72 for
2155 2349 151 42 over
2362 2350 37 41 a
2451 2316 288 75 hundred
2794 2315 128 73 and
2968 2312 345 94 twenty-fiv

1784 2449 201 64 years.

1788 2832 124 111 BY
1950 2834 73 48 the
2047 2853 118 42 way,
2190 2854 84 28 can
2298 2852 210 30 someone
2536 2830 75 51 tell
2637 2852 70 28 me
2733 2830 104 50 how
2862 2831 32 46 it
2919 2847 149 29 comes
3093 2827 141 48 about
3258 2826 56 49 th.

1909 2902 197 49 Kemble
2141 2903 36 47 is
2211 2903 96 49 said
2344 2914 46 36 to
2415 2900 116 49 have
2554 2899 117 48 lived
2697 2911 43 36 at
2761 2899 66 48 89
2850 2898 139 47 Great
3008 2893 176 51 Russell
3209 2895 100 49 Stre

1839 2990 60 29 on
1935 2970 76 49 the
2047 2970 129 48 north
2213 2969 92 49 side
2401 2966 352 68 (Cunningham)
2792 2965 134 50 when
2953 2964 155 61 Fanny
3157 2961 153 50 Kemb

1785 3058 97 42 says
1918 3041 32 45 it
1988 3058 92 30 was
2117 3050 44 36 at
2201 3038 62 49 79
2299 3037 143 49 Great
2480 3034 174 52 Russell
2690 3036 161 48 Street.
2923 3032 104 49 The
3065 3032 156 54 house,
3277 3032 33 47 si

1785 3126 97 42 says
1909 3110 11 42 (
1929 3119 13 24 J
1950 3109 30 52 ),
2018 3127 93 29 was
2145 3105 240 63 destroyed
2431 3107 44 46 in
2538 3103 124 49 1747
2716 3116 46 36 to
2816 3101 128 49 make
2999 3119 102 42 way
3157 3098 70 48 for
3281 3099 27 48 t!

1786 3188 171 35 eastern
1993 3176 117 60 wing
2146 3174 49 48 of
2231 3174 74 48 the
2343 3171 160 51 British
2541 3171 225 49 Museum.
2822 3170 174 49 Where
3048 3166 174 62 exactly
3277 3167 30 48 d

1788 3243 82 48 this
1906 3243 154 55 house,
2099 3243 95 48 No.
2239 3243 63 48 79
2338 3262 50 29 or
2425 3242 82 54 89,
2543 3241 129 48 stand
2692 3245 21 42 ?
2785 3238 92 50 No.
2915 3238 66 48 89
3020 3237 16 47 I
3090 3256 73 28 see
3217 3234 90 49 her<

1785 3313 33 47 it
1855 3312 118 49 faces
2009 3313 232 61 Compton
2265 3311 146 49 Street
2527 3309 81 48 but
2632 3307 122 50 what
2778 3307 138 49 about
2942 3305 156 61 Fanny
3125 3303 184 49 Kembk

1785 3392 232 38 statement
2054 3380 92 49 that
2183 3382 31 46 it
2252 3400 91 29 was
2383 3380 103 49 79?

3163 3392 40 30 c.
3235 3391 43 41 g.

1945 3573 54 43 (i)
2082 3568 173 38 Record
2282 3568 50 38 of
2354 3579 26 26 a
2409 3566 215 40 Girlhood
2706 3566 57 47 by
2793 3567 194 36 Frances
3026 3565 100 36 Ann
3162 3562 155 38 Kembl

1789 3622 102 40 Vol.
1924 3623 58 44 II,
2013 3631 113 38 page
2155 3632 88 36 192.
