3490 5026
3275 98 61 56 77

176 239 18 21 x
241 213 155 68 Miss
443 214 193 85 Baylis
682 214 85 65 for
809 213 291 67 rehearsal
1342 214 236 77 60,000
1623 212 87 67 for

135 298 289 71 rehearsal
468 329 162 39 room
674 328 189 40 seems
912 329 34 37 a
990 300 143 68 little
1177 301 285 77 fantastic,
1496 301 85 65 for
1610 300 98 65 the

137 411 180 56 space
362 416 97 38 we
503 389 230 80 require
777 387 88 64 for
908 385 289 68 rehearsal
1244 416 112 38 can
1401 388 80 65 be
1525 387 184 82 easily

136 473 292 80 provided
476 474 77 83 by
598 500 113 55 any
752 470 166 85 fairly
964 472 100 86 big
1111 489 163 49 extra
1317 501 181 38 room.

250 653 164 66 ON
482 652 266 66 AND
821 652 160 65 ON
1053 653 265 65 AND
1393 653 206 68 ON.

140 830 342 145 BESIDES
526 843 178 56 space
750 814 86 66 for
872 814 320 67 rehearsals
1225 815 99 65 the
1357 816 352 82 Prospectus

294 901 198 65 claims
538 900 165 65 other
756 900 377 85 advantages.
1225 903 298 81 Amongst
1552 901 158 64 them

136 993 120 63 that
371 991 42 60 it
455 986 202 65 would
703 989 133 84 give
882 986 255 65 London
1184 986 156 66 what
1383 990 44 62 it
1470 988 104 63 has
1606 1014 68 38 ne-

134 1103 103 38 ver
280 1071 334 84 possessed,
684 1074 345 64 continuous
1098 1098 180 57 opera
1345 1070 216 85 played
1622 1075 88 63 six

134 1165 166 61 times
369 1187 35 36 a
447 1157 172 66 week
757 1157 121 66 and
945 1185 65 38 so
1056 1186 94 38 on.
1242 1160 98 63 As
1409 1152 219 91 though
1674 1187 35 36 a

136 1244 189 69 barrel
371 1271 197 60 organ,
616 1242 135 85 only
795 1243 262 66 because
1101 1247 44 62 it
1178 1271 110 38 can
1319 1243 137 84 play
1486 1271 76 37 on
1592 1244 117 64 and

134 1362 77 37 on
256 1329 116 68 and
421 1357 76 40 on
541 1329 117 66 and
710 1357 181 40 never
958 1347 131 65 stop
1133 1329 85 66 till
1264 1329 99 66 the
1433 1329 171 66 crack
1649 1329 61 65 of

136 1418 178 66 doom
358 1421 47 61 is
451 1416 158 66 what
652 1414 98 66 the
795 1414 190 68 world
1029 1414 128 66 asks
1204 1416 146 64 from
1396 1416 139 64 Art.

267 1503 193 66 What
502 1506 48 62 is
596 1501 182 66 asked
825 1505 48 63 is
920 1502 157 84 good
1124 1502 164 65 work
1331 1502 164 66 three
1540 1503 167 63 times

135 1616 34 38 a
215 1587 175 67 week
433 1587 190 66 rather
686 1586 136 66 than
875 1614 145 56 poor
1086 1587 161 66 work
1292 1588 127 65 four
1462 1588 166 64 times
1673 1614 36 37 a

135 1675 177 66 week
376 1701 65 39 or
484 1673 154 67 trash
690 1673 86 65 for
822 1676 86 61 six
974 1676 167 64 times
1188 1701 34 37 a
1268 1673 194 67 week.
1554 1672 152 65 And

131 1787 120 57 you
319 1776 213 50 cannot
597 1757 113 66 call
784 1785 150 38 even
1001 1775 334 66 competent
1402 1760 307 63 Dramatic

132 1846 168 66 work
367 1845 158 86 good
592 1844 161 66 work
764 1847 119 63 —it
949 1863 151 47 must
1145 1846 77 64 be
1267 1845 115 65 first
1449 1845 152 65 class
1646 1870 65 38 or

135 1931 240 85 nothing
421 1949 58 47 to
526 1930 76 65 be
649 1929 244 66 entitled
936 1947 60 48 to
1042 1930 77 65 be
1165 1930 193 65 called
1406 1929 177 86 good.

135 2107 620 66 STRANGE
856 2107 850 68 STATEMENT.

134 2285 14 14 *
161 2278 13 21 4
251 2289 47 50 A
349 2285 85 50 LL
477 2295 209 41 excess
730 2269 60 66 of
819 2271 232 64 income
1083 2297 140 38 over
1256 2270 387 83 expenditure

208 2347 136 84 £~\
396 2383 137 38 coos
578 2355 97 66 the
721 2373 342 67 prospectus
1112 2363 37 21 44
1178 2374 150 47 must
1357 2356 353 84 necessarily

133 2471 78 58 go
254 2457 57 48 to
358 2441 96 65 the
499 2445 420 79 improvement
964 2441 61 65 of
1070 2441 348 83 production

264 2525 161 66 That
468 2530 49 63 is
562 2527 202 66 where
809 2525 100 66 the
955 2529 188 62 vision
1187 2527 60 64 of
1291 2527 168 66 these
1491 2527 218 83 people

132 2614 51 64 is
230 2638 64 38 so
340 2612 262 66 limited:
650 2612 86 64 for
807 2628 101 50 not
966 2612 81 82 by
1114 2640 113 55 any
1293 2640 199 38 means
1561 2626 153 52 must

134 2698 351 83 production
532 2697 76 64 be
654 2695 306 83 improved
984 2692 43 68 if
1058 2697 160 66 there
1251 2697 76 66 be
1360 2695 58 66 £
1449 2699 258 74 30,000,

131 2811 67 38 or
242 2810 153 39 even
439 2781 59 67 £
553 2784 286 75 100,000,
890 2783 166 81 profit
1100 2801 58 48 to
1227 2784 194 82 spend
1468 2811 76 37 on
1589 2784 123 65 that

134 2867 367 85 production.
551 2867 227 66 Genius
840 2868 173 65 alone
1081 2896 110 38 can
1258 2873 264 78 improve
1566 2868 141 75 that,

130 2984 69 37 or
244 2957 283 64 immense
574 2953 195 76 talent,
819 2981 65 37 or
927 2971 160 69 great
1133 2954 226 67 mother
1402 2958 104 64 wit
1511 2954 198 67 —call

132 3041 104 65 the
283 3040 221 82 quality
548 3040 160 64 what
752 3066 115 56 you
914 3038 141 68 will.

264 3118 154 71 And
463 3125 111 64 this
619 3127 47 62 is
712 3141 99 48 not
877 3123 162 68 what
1107 3123 154 68 Miss
1331 3123 197 84 Baylis
1573 3153 102 55 pos-

131 3236 194 40 sesses
371 3236 66 39 or
480 3236 138 39 ever
665 3208 217 84 spends
931 3238 33 37 a
1011 3238 197 56 penny
1252 3228 60 47 to
1357 3238 263 53 procure.

268 3296 132 75 But,
447 3294 207 83 pleads
702 3295 98 65 the
844 3295 377 81 Prospectus,
1335 3289 213 73 Trams
1594 3296 118 66 and

132 3381 184 66 buses
392 3408 135 56 pass
600 3380 98 66 the
773 3381 174 65 doors
1096 3382 59 65 of
1221 3381 110 66 this
1401 3382 163 67 New
1610 3382 102 67 old

132 3466 366 84 playhouse:
505 3466 225 74 —alas,
778 3466 163 65 there
987 3470 171 80 again
1188 3469 49 62 is
1268 3494 159 38 more
1459 3468 250 66 trouble.

137 3553 179 82 They
363 3551 80 65 do
489 3579 151 55 pass,
687 3550 166 67 these
899 3569 170 47 trams
1116 3551 117 66 and
1280 3553 197 66 buses.

269 3644 36 22 44
339 3638 315 67 Countless
684 3636 315 67 thousands
1098 3638 98 65 the
1229 3639 279 85 pleading
1542 3640 170 64 voice

132 3750 148 58 goes
329 3750 95 48 on,
473 3724 265 83 growing
799 3722 237 66 weaker
1103 3723 118 65 and
1286 3724 256 75 weaker,
1590 3724 123 66 will

130 3812 244 63 receive
487 3808 355 85 knowledge
887 3809 119 65 and
1061 3813 446 62 entertainment
1553 3838 120 37 com-

132 3893 189 67 bined
503 3893 411 84 Shakespeare
975 3893 123 66 will
1164 3894 151 66 have
1387 3901 35 24 14
1460 3925 33 35 a
1538 3896 175 66 home

143 3981 225 82 worthy
392 3978 59 66 of
472 3978 120 67 him
715 3979 118 66 and
858 3979 163 66 there
1044 3979 97 65 the
1167 3983 171 64 voice
1364 3981 129 66 dies
1519 4009 193 55 away.

144 4165 249 149 NOW
436 4150 76 65 all
558 4151 109 65 this
715 4151 172 66 alone
933 4151 200 66 would
1188 4170 99 47 not
1319 4153 77 66 be
1427 4154 287 66 sufficient

318 4253 60 47 to
423 4264 178 55 prove
648 4238 119 64 that
812 4238 99 64 the
958 4238 128 64 Old
1133 4239 127 63 Vic
1312 4267 187 57 group
1545 4243 45 61 is
1637 4267 77 38 an

136 4324 400 80 incompetent
578 4351 155 36 one:
803 4325 43 62 it
912 4324 201 65 would
1175 4323 187 66 rather
1430 4328 163 79 point
1654 4342 60 48 to

139 4436 34 37 a
218 4410 219 64 certain
483 4409 179 65 awful
708 4426 406 63 competence.
1208 4409 147 78 Yes,
1404 4438 76 38 an
1532 4412 182 64 awful

139 4509 421 68 competence:
609 4494 105 66 but
771 4493 137 84 only
952 4493 85 66 for
1103 4493 205 76 affairs,
1357 4494 89 66 for
1512 4523 160 38 mana-

136 4581 140 82 ging
322 4605 75 38 an
440 4596 199 67 empty
682 4578 261 67 Theatre
1004 4607 142 56 very
1189 4607 140 56 very
1373 4581 253 85 skilfully
1634 4617 77 8 —

136 4664 93 65 for
273 4664 124 65 that
439 4664 191 69 alone.

268 4749 157 68 Miss
491 4751 195 82 Baylis
752 4754 48 63 is
845 4767 100 50 not
1013 4751 231 83 exactly
1308 4780 75 37 an
1451 4753 263 81 inspired

1762 240 227 57 person.
2084 210 122 68 She
2250 212 48 64 is
2345 227 99 49 not
2488 240 35 36 a
2568 227 160 70 great
2774 227 215 47 actress
2992 238 122 37 —a
3173 227 165 66 great

1761 303 195 61 writer
1959 325 119 37 —a
2125 315 163 68 great
2332 315 485 68 stage-manager.
2896 297 123 65 She
3051 298 47 62 is
3131 323 114 39 one
3277 296 58 66 of

1762 384 98 66 the
1889 411 174 56 many
2093 383 217 84 people
2342 383 158 75 who,
2534 386 60 62 in
2623 382 164 65 these
2835 381 105 64 last
2985 382 105 65 sad
3116 400 221 66 twenty

1762 497 185 58 years,
2017 462 103 74 has
2185 473 155 63 risen
2384 470 80 83 by
2509 470 101 63 her
2655 496 137 38 own
2859 467 269 77 abilities,
3191 468 137 75 and,

1761 560 195 81 rising,
2006 556 104 65 she
2154 556 102 63 has
2304 553 205 87 glided
2554 569 102 50 out
2700 553 60 65 of
2803 552 104 65 her
2952 580 138 38 own
3122 553 210 82 sphere

1763 644 117 64 and
1926 642 273 65 intruded
2246 669 76 37 on
2366 641 97 66 the
2509 638 298 68 theatrical
2853 666 321 55 preserves.

1891 729 153 63 And
2112 729 80 64 let
2257 727 164 65 there
2488 726 78 65 be
2619 754 76 38 no
2763 724 569 85 misunderstanding

1763 814 180 64 about
1988 814 128 66 this.
2208 812 137 65 The
2390 829 162 67 stage
2584 814 47 63 is
2662 810 320 84 preserved
3013 811 321 83 especially

1762 899 85 65 for
1891 898 165 66 those
2102 898 61 66 of
2206 898 300 64 theatrical
2573 898 214 73 talent;
2835 896 110 65 this
2991 896 104 65 old
3149 913 184 48 estate

1762 985 61 64 of
1866 1011 131 38 ours
2043 988 47 61 is
2136 1002 100 47 not
2279 1000 58 49 to
2382 984 78 65 be
2520 984 99 65 the
2666 983 282 86 dumping
3001 983 225 85 ground
3272 983 61 64 of

1762 1070 98 64 the
1904 1070 417 80 incompetent.

1893 1154 153 66 Miss
2092 1154 196 84 Baylis
2332 1181 95 39 we
2473 1153 118 66 find
2643 1155 416 80 incompetent,
3090 1153 88 66 for
3230 1153 102 65 she

1762 1240 103 65 has
1896 1258 101 47 not
2040 1242 156 64 done
2242 1242 99 64 the
2385 1240 188 87 things
2619 1240 295 82 expected
2961 1239 59 65 of
3065 1268 33 36 a
3144 1240 188 65 sound

1761 1353 276 59 manager
2082 1327 60 63 of
2185 1355 34 37 a
2265 1327 221 65 theatre
2553 1325 198 67 which
2794 1328 49 62 is
2962 1342 99 47 not
3103 1352 104 38 run
3248 1325 86 65 for

1763 1412 170 84 profit

1891 1497 164 67 Such
2100 1526 34 37 a
2178 1524 273 58 manager
2495 1513 149 50 must
2688 1524 104 38 run
2821 1501 42 62 it
2895 1496 85 64 for
3012 1496 322 86 something

1762 1586 249 80 positive
2017 1582 180 66 —the
2263 1585 271 82 negative
2600 1585 185 62 virtue
2852 1582 60 65 of
2962 1600 100 47 not
3128 1582 205 83 selling

1762 1668 234 87 enough
2039 1668 226 74 tickets,
2314 1695 65 38 so
2424 1695 62 38 as
2531 1684 60 49 to
2638 1694 175 39 cover
2845 1694 177 57 every
3051 1694 279 57 expense,

1761 1759 48 62 is
1853 1756 183 83 really
2079 1755 366 65 insufficient.

1894 1841 149 65 Had
2086 1841 97 64 the
2244 1839 124 66 sole
2435 1839 339 66 alternative
2841 1837 226 65 flashed
3135 1865 198 38 across

1762 1925 105 66 her
1912 1927 185 74 brain,
2145 1925 118 65 had
2309 1925 106 65 she
2476 1924 125 66 said
2721 1952 75 36 no
2843 1924 165 83 profit
3053 1925 103 63 but
3201 1925 86 65 Ge-

1762 2016 127 61 nius
1921 2013 254 83 anyhow
2314 2038 96 38 we
2477 2010 178 66 could
2700 2010 150 65 have
2919 2010 237 83 praised
3208 2010 121 66 her.

1891 2100 97 64 As
2035 2127 34 35 a
2112 2113 207 49 matter
2364 2096 60 65 of
2467 2096 117 65 fact
2629 2096 97 65 the
2771 2096 125 65 sole
2928 2095 236 84 healthy
3193 2096 140 64 idea

1763 2184 61 65 of
1867 2213 35 36 a
1946 2183 243 76 theatre,
2243 2185 47 63 is
2344 2199 58 49 to
2454 2209 105 39 run
2623 2184 43 62 it
2709 2181 85 65 for
2862 2180 227 66 Genius
3300 2209 33 36 a

1762 2269 350 85 thundering
2159 2269 167 83 profit
2369 2286 136 48 too:
2556 2269 214 84 aiming
2816 2267 390 82 deliberately
3248 2267 87 66 for

1767 2355 157 75 both,
1974 2358 226 80 sniffing
2244 2371 58 48 at
2345 2354 242 65 neither.

1895 2441 155 64 Miss
2097 2439 194 84 Baylis
2337 2439 103 66 has
2486 2437 208 67 sniffed
2741 2455 58 48 at
2843 2438 162 66 both.

1898 2527 125 66 She
2068 2554 124 38 was
2239 2529 173 79 given
2464 2552 75 37 an
2606 2523 315 83 Honorary
2987 2526 242 82 Degree
3274 2522 60 68 of

1766 2611 189 67 M.A.
2004 2612 79 83 by
2131 2611 234 65 Oxford
2412 2611 340 81 University
2797 2612 58 62 in
2912 2611 180 65 1924.

1893 2696 129 67 We
2068 2696 176 66 know
2289 2696 121 65 that
2468 2698 60 61 in
2572 2695 98 64 the
2703 2693 277 85 England
3027 2696 59 63 of
3130 2695 198 82 today,

1763 2786 42 62 it
1834 2787 48 62 is
1914 2783 98 65 the
2044 2783 195 82 epoch
2283 2782 87 64 for
2415 2781 278 82 allowing
2738 2780 287 64 domestic
3071 2799 261 47 servants

1763 2886 59 47 to
1866 2870 113 63 rise
2025 2867 145 65 from
2214 2866 149 66 their
2413 2865 278 85 splendid
2759 2867 269 63 situation
3095 2866 117 65 and
3259 2894 75 57 go

1764 2982 78 38 on
1886 2970 59 48 to
1999 2954 98 64 the
2143 2970 162 67 stage
2316 2956 198 62 —into
2558 2951 333 83 journalism
2907 2969 131 47 —to
3083 2954 251 63 become

1764 3039 276 66 novelists
2049 3057 140 46 —to
2232 3037 227 66 scratch
2505 3036 142 65 with
2693 3064 211 56 apen
2910 3054 140 47 —to
3094 3037 241 83 splutter

1763 3125 146 66 with
1954 3154 34 36 a
2048 3124 374 67 voice—and
2471 3123 297 85 generally
2812 3140 59 47 to
2921 3124 171 65 make
3136 3153 34 36 a
3216 3124 118 66 hell

1764 3213 60 63 of
1869 3211 160 65 what
2073 3238 123 38 was
2241 3238 149 37 once
2437 3237 106 37 our
2587 3208 103 66 old
2736 3209 249 66 heaven.

1896 3297 153 64 Miss
2096 3295 195 84 Baylis
2338 3298 47 62 is
2431 3295 61 65 of
2537 3321 205 38 course
2788 3322 76 35 no
2896 3294 284 65 domestic
3212 3322 91 37 ser-

1767 3399 137 49 vant
1929 3411 14 46 ;
1993 3382 104 63 she
2142 3385 48 61 is
2236 3410 35 35 a
2316 3384 133 61 nice
2495 3380 203 82 kindly
2744 3379 412 85 middle-aged
3191 3380 141 83 lady

1767 3468 138 65 who
1973 3467 176 64 could
2213 3467 78 64 be
2336 3468 61 63 of
2440 3465 98 65 the
2604 3481 179 49 truest
2849 3471 223 60 service
3117 3483 58 47 to
3222 3493 113 55 any

1768 3553 300 84 Hospital,
2116 3580 113 56 any
2295 3553 242 81 Charity
2605 3552 358 75 Institution;
3013 3551 117 66 and
3183 3580 150 37 even

1768 3666 113 56 any
1927 3637 399 66 accountant's
2371 3637 169 66 office
2600 3636 208 66 should
2855 3637 117 65 feel
3039 3637 187 81 proud
3273 3653 59 49 to

1767 3726 151 65 have
1965 3725 146 66 such
2156 3751 34 37 a
2234 3723 252 82 capable
2556 3740 246 57 servant,
2873 3723 290 82 provided
3231 3725 103 63 she

1768 3810 178 66 could
1990 3810 89 66 rid
2138 3808 216 65 herself
2397 3808 60 65 of
2500 3808 98 65 the
2664 3811 196 61 notion
2905 3808 120 65 that
3070 3808 264 65 business

1768 3914 151 48 must
1964 3897 79 64 be
2088 3895 228 86 purged
2361 3895 61 64 of
2467 3895 76 63 all
2599 3895 482 64 commercialism
3126 3895 206 64 before

1768 3985 45 62 it
1857 4009 112 38 can
2084 3981 207 64 follow
2335 3980 97 65 the
2493 3981 191 81 gleam
2801 3979 117 64 and
2979 4006 133 39 men
3221 3984 113 61 rise

1767 4097 79 36 on
1891 4069 271 84 stepping
2229 4084 193 48 stones
2488 4066 61 65 of
2611 4066 149 65 their
2825 4065 160 65 dead
3051 4065 190 66 selves

1768 4153 120 66 and
1935 4153 176 64 could
2154 4156 239 60 restrain
2437 4150 214 66 herself
2694 4151 146 64 from
2883 4154 242 82 quoting
3172 4151 163 65 other

1768 4239 146 65 such
1959 4264 197 55 scraps
2200 4238 60 63 of
2303 4236 322 84 Tennyson
2667 4253 59 47 to
2770 4235 97 65 the
2914 4236 204 65 clerks.

1899 4325 113 64 But
2056 4323 157 66 Miss
2258 4321 144 84 Bayl
2407 4327 46 60 is
2500 4324 101 62 has
2648 4321 209 65 shown
2902 4349 66 37 us
3013 4323 160 63 what
3215 4324 42 62 it
3286 4325 47 61 is

1769 4409 106 65 she
1921 4437 111 37 can
2078 4409 98 65 do.
2265 4401 138 73 The
2474 4408 130 65 Old
2648 4408 127 65 Vic
2843 4424 329 65 represents
3238 4407 99 64 the

1769 4495 204 82 kindly
2017 4497 161 80 spirit
2222 4494 255 65 towards
2524 4494 98 65 the
2667 4521 146 56 poor
2855 4494 61 64 of
2976 4494 98 65 the
3123 4495 216 82 Surrey

1771 4581 171 74 side;
2004 4579 117 66 and
2189 4606 137 38 now
2402 4579 108 66 this
2577 4578 454 67 warm-hearted
3104 4606 234 38 woman

1771 4667 216 65 wishes
2032 4683 59 49 to
2138 4664 79 66 do
2261 4666 100 64 the
2427 4694 158 36 same
2632 4683 58 47 to
2735 4664 97 66 the
2901 4694 145 53 poor
3090 4666 61 64 of
3197 4692 102 37 ano-

1771 4752 128 66 ther
1943 4752 157 84 edge
2147 4751 59 64 of
2252 4751 274 66 London.
