3495 4427
1707 178 96 50 151

178 308 163 48 beiden
369 305 161 47 Rollen
555 322 71 30 am
645 306 205 66 Sonntag
879 309 89 47 und
995 309 101 47 dem
1122 309 424 66 darauffolgenden
1574 319 103 47 Dins-

177 395 77 54 tag
284 398 254 49 gesungen,
568 384 410 65 wahrgenommen
1013 386 94 55 hat,
1147 386 80 47 der
1258 389 113 47 wird
1402 390 84 50 den
1519 394 156 65 abspre-

173 461 211 50 chenden
414 461 375 61 Aeusserungen,
822 464 79 47 mit
930 464 146 47 denen
1109 480 104 32 man
1245 465 140 48 leider
1415 470 39 46 in
1482 472 192 49 Deutsch-

1080 524 4 8 *
1196 524 6 8 *

176 539 105 49 land
325 553 86 48 gar
454 538 134 47 leicht
632 538 68 48 bei
739 540 88 47 den
870 540 330 48 verdientesten
1235 544 244 49 Künstlern
1524 548 69 48 bei
1625 550 79 49 der

177 616 134 50 Hand
346 616 68 55 ist,
446 615 100 48 dass
577 616 99 49 ihre
706 618 166 48 Blüthe
915 619 143 63 längst
1096 620 198 48 vorüber
1335 623 79 54 sei,
1458 626 79 46 mit
1566 629 137 47 voller

174 695 371 62 Ueberzeugung
576 703 392 56 entgegentreten.
1024 698 66 45 Zu
1129 696 101 50 dem
1273 699 296 52 künstlerisch
1601 722 75 31 aus-

172 771 317 50 drucksvollen
522 771 212 64 Gesänge
775 773 174 47 kommt
981 774 68 47 bei
1084 775 308 66 Grimminger
1423 779 78 48 das
1541 798 133 46 ausge-

171 850 232 48 zeichnete
433 849 122 64 Spiel
600 849 150 56 hinzu,
793 850 79 48 das
912 853 42 45 in
991 851 131 65 jeder
1152 854 144 47 Scene
1338 855 85 48 den
1457 859 246 49 Darsteller

169 929 134 65 zeigt,
329 927 82 47 der
435 927 85 47 den
546 926 467 52 durchzuführenden
1040 930 257 50 Charakter
1320 935 162 48 studirt
1508 936 77 49 hat
1611 939 89 48 und

171 1005 345 66 psychologisch
548 1005 42 47 in
619 1005 85 47 den
739 1007 422 64 Hauptmomenten
1200 1009 148 48 seiner
1376 1013 324 67 Entwicklung

169 1101 79 32 zur
273 1084 317 63 Anschauung
619 1100 53 31 zu
706 1082 191 66 bringen
926 1085 159 49 strebt.
1120 1086 106 48 Wir
1253 1086 232 51 bedauern
1510 1108 45 30 es
1578 1094 120 54 sehr,

168 1164 104 47 dass
305 1178 81 31 uns
419 1162 122 47 Herr
572 1161 311 66 Grimminger
913 1165 197 56 verlässt,
1153 1165 56 48 da
1242 1167 82 46 wir
1367 1167 40 47 in
1447 1169 91 48 ihm
1578 1171 122 49 nicht

169 1241 121 47 bloss
334 1239 132 48 einen
510 1240 317 63 vorzüglichen
873 1241 420 59 Bühnenkünstler,
1343 1245 194 49 sondern
1581 1249 116 47 auch

165 1326 126 41 sonst
320 1319 219 63 vielseitig
571 1319 227 63 begabten
831 1320 137 48 Mann
1001 1320 177 48 kennen
1209 1324 177 63 gelernt
1416 1324 167 54 haben,
1615 1329 83 46 wie

165 1414 49 32 es
237 1396 123 48 seine
383 1397 216 47 früheren
620 1397 467 65 Sculptur-Arbeiten
1112 1400 87 47 und
1225 1401 122 47 seine
1369 1401 329 51 dichterischen

165 1475 211 63 Anlagen
404 1474 244 55 beweisen,
665 1479 215 59 vermöge
898 1476 139 47 deren
1062 1493 48 31 er
1134 1479 272 47 namentlich
1433 1480 85 48 den
1537 1481 135 48 Volks-

165 1564 78 38 ton
275 1554 43 47 in
352 1552 252 52 Gedichten
635 1554 44 47 in
710 1555 338 47 schwäbischer
1079 1556 218 50 Mundart
1326 1560 255 52 vorzüglich
1616 1568 81 40 out

163 1649 55 30 zu
249 1630 165 49 treffen
445 1631 198 48 versteht

657 1630 52 66 *)•

653 1866 450 73 Meyerbeer
1159 1874 47 64 †.

286 2006 79 47 Als
390 2006 82 46 wir
497 2006 42 47 in
564 2005 80 48 der
670 2006 185 64 vorigen
873 2008 226 47 Nummer
1123 2006 72 49 die
1220 2008 276 63 Biographie
1522 2009 147 65 Meyer-

167 2084 150 48 beer's
347 2084 114 47 nach
498 2084 120 47 Fetis
649 2084 308 48 mitzutheilen
990 2084 259 63 begannen,
1282 2086 152 47 hatten
1461 2086 80 46 wir
1573 2088 128 48 keine

165 2163 207 63 Ahnung
389 2161 163 56 davon,
567 2161 103 49 dass
687 2163 63 47 sie
766 2179 48 31 so
832 2161 103 49 bald
953 2180 99 31 zum
1072 2164 235 63 Nekrolog
1327 2164 183 48 werden
1529 2166 172 49 würde.

174 2241 94 46 Der
299 2255 156 49 grosse
487 2239 280 48 Tondichter
798 2240 53 47 ist
880 2257 80 30 am
993 2239 49 49 2.
1072 2241 130 55 Mai,
1245 2241 256 65 Morgens
1543 2243 158 48 sechs

169 2318 144 55 Uhr,
345 2318 43 48 in
418 2319 130 48 Paris
577 2318 264 64 gestorben.
886 2319 63 47 Er
978 2319 54 47 ist
1061 2320 123 47 einer
1212 2320 259 64 Erkältung
1500 2320 78 47 des
1606 2321 63 49 Un-

168 2395 215 48 terleibes
407 2396 202 65 erlegen,
635 2396 173 49 welche
827 2395 206 66 Anfangs
1051 2396 279 65 keineswegs
1353 2398 129 48 einen
1505 2414 49 32 so
1578 2406 100 41 trau-

168 2475 131 64 rigen
332 2475 195 48 Verlauf
552 2475 309 48 vorhersehen
892 2476 122 47 liess:
1060 2476 113 47 noch
1220 2478 102 47 acht
1353 2478 127 62 Tage
1508 2493 80 32 vor
1617 2479 63 47 sei-

171 2569 105 32 nem
309 2553 129 48 Tode
470 2569 97 32 war
597 2570 50 31 er
676 2569 48 32 so
757 2554 137 54 wohl,
926 2553 102 48 dass
1057 2570 48 31 er
1134 2554 100 47 eine
1263 2554 133 48 Reise
1425 2572 51 29 zu
1512 2555 189 47 machen

169 2630 244 65 gedachte.
473 2633 65 45 Er
569 2631 78 49 hat
677 2631 85 49 fast
792 2631 72 49 die
893 2648 142 48 ganze
1065 2633 97 47 Zeit
1192 2631 81 49 der
1303 2633 256 47 Krankheit
1589 2633 116 48 über

165 2710 99 48 sein
298 2710 185 65 völliges
515 2711 303 47 Bewusstsein
864 2710 231 55 behalten,
1141 2728 86 30 nur
1263 2711 164 64 ergriff
1449 2711 75 47 ihn
1556 2728 146 48 gegen

167 2787 84 50 das
280 2789 133 48 Ende
444 2789 100 47 eine
573 2789 269 56 Schwäche,
887 2789 71 48 die
997 2790 144 47 nichts
1170 2790 354 47 Schmerzliches
1561 2790 137 48 hatte.

167 2866 109 48 Sein
308 2866 232 48 Abschied
572 2884 100 30 vom
704 2866 157 48 Leben
894 2884 97 30 war
1020 2868 70 46 ein
1120 2868 171 46 sanfter
1320 2868 293 63 Uebergang.

289 2945 64 48 Er
397 2945 78 48 hat
516 2961 180 47 genaue
736 2945 349 65 Anordnungen
1129 2946 117 47 über
1288 2945 71 48 die
1400 2945 303 65 Behandlung

165 3024 153 47 seiner
348 3022 276 49 sterblichen
657 3024 138 47 Hülle
832 3024 311 48 hinterlassen.
1187 3024 86 47 Die
1301 3024 167 47 Leiche
1498 3024 80 47 soll
1608 3024 94 47 drei

681 3075 8 13 /

169 3101 130 65 Tage
329 3102 108 63 lang
465 3101 43 48 in
539 3101 127 48 Paris
696 3102 264 64 ausgestellt
991 3102 89 47 und
1115 3101 211 48 bewacht
1355 3101 89 48 und
1477 3101 120 48 dann
1628 3101 81 48 auf

168 3179 103 48 dem
298 3198 83 31 von
407 3181 91 47 ihm
526 3180 288 48 bestimmten
844 3181 152 64 Wege
1019 3180 114 48 nach
1161 3181 149 47 Berlin
1340 3180 222 65 gebracht
1587 3196 86 32 wer-

165 3257 110 56 den,
306 3275 72 32 wo
402 3260 94 47 sein
521 3260 267 47 Testament
809 3276 52 30 zu
888 3257 205 50 eröffnen
1127 3259 66 47 ist.
1225 3259 133 48 Seine
1383 3259 215 56 Töchter,
1622 3274 79 32 aus

168 3336 159 48 Baden
360 3336 372 65 herbeigerufen,
770 3336 165 48 kamen
967 3336 115 48 noch
1113 3355 51 29 zu
1197 3336 180 48 rechter
1405 3336 114 56 Zeit,
1548 3337 153 47 seinen

167 3414 162 49 letzten
364 3416 259 64 Athemzug
652 3433 52 30 zu
736 3416 289 65 empfangen.

286 3494 94 47 Seit
411 3494 208 48 October
648 3510 36 31 v.
715 3495 40 47 J.
789 3494 123 47 hatte
943 3510 48 31 er
1019 3492 129 49 Paris
1184 3491 121 48 nicht
1341 3492 242 54 verlassen,
1625 3508 73 30 um

167 3572 258 63 persönlich
445 3572 80 49 das
544 3572 292 49 Einstudiren
856 3572 80 47 der
1308 3589 51 28 zu
1376 3570 325 54 überwachen,

169 3650 78 47 für
270 3650 139 48 deren
431 3650 305 65 Aufführung
761 3666 48 31 er
833 3650 177 47 endlich
1029 3650 151 47 seinen
1200 3647 332 65 Forderungen
1557 3651 115 60 genü-

167 3729 153 63 gende
347 3730 252 47 Darsteller
629 3727 229 66 gefunden
882 3745 52 31 zu
960 3727 150 49 haben
1134 3726 187 65 glaubte
1353 3726 104 65 (wie
1481 3743 45 31 es
1550 3726 152 55 heisst,

169 3806 75 48 die
276 3809 180 47 Damen
488 3810 94 46 Sax
612 3807 89 47 und
734 3807 135 47 Battü
910 3806 87 47 und
1032 3805 85 48 den
1150 3805 266 48 Tenoristen
1454 3805 247 62 Wachtel).

254 3886 106 47 Man
383 3886 186 55 erzählt,
593 3885 103 48 dass
718 3885 174 48 Rossini
917 3884 82 46 der
1016 3885 132 45 Erste
1171 3899 229 48 gewesen,
1424 3882 80 48 der
1529 3882 69 48 bei
1623 3882 80 47 der

165 3962 418 50 Trauerbotschaft
612 3964 115 48 nach
759 3962 101 49 dem
892 3961 308 48 Sterbehause
1231 3961 135 65 geeilt
1392 3961 78 48 sei.

273 4092 36 47 *)
336 4094 83 34 Wir
449 4092 146 36 theilen
625 4097 119 31 unten
774 4094 104 35 eines
908 4092 122 35 dieser
1060 4090 184 37 Gedichte
1272 4091 80 43 mit,
1395 4090 84 34 dem
1509 4089 193 36 vielleicht

164 4154 104 35 noch
298 4157 150 41 andere,
480 4155 187 35 ebenfalls
697 4167 67 23 zur
793 4155 263 46 Composition
1087 4154 209 46 geeignete,
1327 4151 128 47 folgen
1487 4150 162 37 dürften.

1924 322 93 46 Der
2046 323 221 49 Todesfall
2309 327 75 47 hat
2420 329 41 47 in
2495 330 165 56 Berlin,
2700 331 80 48 der
2813 332 260 51 Vaterstadt
3102 335 78 49 des
3204 337 84 49 Mei-

1803 405 129 47 sters,
1962 400 433 64 Nachforschungen
2427 405 113 48 über
2569 407 150 47 seinen
2746 409 276 66 Geburtstag
3054 414 261 57 veranlasst,

1803 476 90 47 und
1919 475 70 48 die
2017 477 193 48 Einsicht
2236 480 41 47 in
2301 481 71 47 die
2396 482 432 65 Geburts-Begister
2857 486 80 48 der
2959 490 239 62 jüdischen
3223 491 62 48 Ge-

1805 553 177 47 meinde
2005 553 197 50 daselbst
2233 557 76 48 hat
2337 561 189 62 gezeigt,
2556 562 101 47 dass
2685 563 180 47 Jakob
2897 565 221 66 (Meyer)
3152 570 161 52 Beer,

1803 631 123 47 Sohn
1968 631 78 47 des
2083 633 616 54 Zuckersiederei-ßesitzers
2742 640 90 48 und
2879 642 248 66 ßanquiers
3163 645 152 49 Jakob

1802 707 121 47 Herz
1947 708 113 49 Beer
2084 708 49 66 (f
2163 710 177 66 1825),
2370 730 80 30 am
2476 713 85 51 23.
2587 716 331 63 September
2949 720 133 49 1791
3113 722 200 64 geboren

1803 801 112 37 war,
1948 786 154 48 mithin
2135 788 67 47 ein
2230 791 127 47 Alter
2379 807 82 31 von
2489 792 67 47 72
2582 793 170 47 Jahren
2786 793 27 47 7
2842 796 212 48 Monaten
3087 798 88 47 und
3207 801 85 47 eini-

1799 880 88 47 gen
1919 864 156 64 Tagen
2118 867 193 48 erreicht
2342 868 90 49 hat.
2490 871 98 46 Den
2621 871 260 48 Vornamen
2922 875 184 64 Meyer
3151 876 78 48 hat
3266 895 49 30 er

1799 944 150 60 später
1977 943 113 47 nach
2122 942 102 49 dem
2260 946 169 48 Willen
2460 947 147 47 seiner
2639 948 310 49 Grossmutter
2991 951 133 62 (oder
3152 953 160 56 Tante,

1802 1018 84 47 wie
1910 1035 80 31 von
2017 1021 191 47 anderer
2235 1022 119 48 Seile
2377 1032 159 55 gesagt
2567 1024 147 65 wird),
2746 1026 69 47 die
2845 1027 89 47 ihm
2967 1030 68 47 ein
3068 1030 218 49 bedeuten-

1799 1093 78 50 des
1910 1097 259 65 Vermögen
2215 1102 231 46 vermacht
2484 1102 138 55 hatte,
2667 1120 334 48 angenommen
3034 1108 89 47 und
3153 1117 90 40 erst
3273 1110 42 48 in

1800 1173 31 7 T.
1872 1174 8 6 I
1889 1173 8 7 •
2012 1174 8 6 •
2052 1175 10 5 1
2388 1179 14 1 _

1800 1179 156 42 Italien
1986 1179 92 45 sich
2112 1179 216 46 Giacomo
2360 1179 267 64 Meyerbeer
2656 1190 198 54 genannt

2866 1181 53 66 *).

1971 1425 149 53 Gang,
2150 1425 208 53 Winter,
2388 1425 149 53 gang,
2567 1425 89 53 dei
2686 1425 119 53 Zeit
2835 1425 89 53 ist
2954 1425 149 53 ’rum.

2058 1550 85 33 Jetz
2175 1551 78 34 will
2282 1553 30 32 si
2330 1564 15 22 s
2377 1553 137 34 wieder
2542 1556 115 45 maiig
2684 1568 87 34 rege

1956 1610 85 34 Und
2071 1610 32 34 d'
2135 1612 103 34 Welt
2266 1613 103 35 lacht
2396 1627 67 33 gar
2492 1628 40 22 so
2562 1617 213 35 freundlich
2805 1618 137 44 drein;

1957 1671 90 33 Gott
2075 1674 119 42 grüss,
2225 1673 48 34 du
2302 1674 117 35 lieber
2446 1676 290 48 Himmelssege,

1957 1730 89 35 Gott
2074 1735 120 43 grüss,
2225 1734 47 33 du
2302 1734 87 46 gold
2405 1748 66 34 ger
2498 1737 257 36 Sonnescheiu
2770 1739 7 34 !

2060 1820 42 43 0,
2133 1822 70 33 wie
2232 1822 66 35 das
2326 1823 100 34 wohl
2455 1824 83 34 thut
2564 1836 67 23 aus
2660 1826 77 34 und
2764 1828 100 44 inne,

1959 1880 71 34 Kei
2059 1880 156 34 Fleckle
2244 1882 146 34 Schnee
2418 1883 86 35 meh
2531 1897 63 21 um
2624 1886 76 33 und
2730 1886 81 33 um!

1957 1938 29 37 's
2015 1942 51 33 iss
2094 1942 196 47 Frühling,
2318 1943 180 36 brauchst
2526 1945 37 34 di
2590 1957 67 34 gar
2684 1947 56 33 nit
2768 1948 181 43 z'bsinne,

1957 2001 122 46 Gang,
2111 2003 158 43 Winter,
2298 2015 110 35 gang,
2439 2005 59 34 dei
2526 2006 83 33 Zeit
2636 2008 48 32 ist
2712 2006 105 35 Vum.

2062 2090 117 34 Hörst
2208 2090 29 34 's
2265 2090 214 35 Schwälble
2507 2099 73 36 net,
2611 2092 101 36 wie's
2742 2095 93 33 ruft:
2870 2121 16 18 r
2887 2096 77 44 jetz

1956 2150 107 46 Lang
2091 2162 105 34 gnug
2223 2151 89 34 hent
2341 2151 32 34 d'
2404 2152 148 34 Blümle
2581 2157 138 30 träumt
2747 2154 77 35 und
2851 2155 138 46 g'ruht,

1959 2210 83 34 Und
2072 2210 48 33 du
2149 2211 76 33 und
2253 2210 186 47 Frühling
2467 2212 61 34 bei
2556 2213 181 36 anander.

1956 2269 77 35 Des
2062 2270 81 34 thät
2171 2271 54 33 sei
2253 2271 145 47 Lebtag
2428 2272 96 34 doch
2553 2273 63 34 kei
2642 2279 78 40 gut.

2704 2334 147 34 Adolf
2885 2336 331 48 Grimminger.

2094 2544 182 71 Tages-
2319 2546 98 53 und
2445 2544 553 71 Unterhaltungs-Blatt.

2260 2671 54 33 Im
2345 2671 229 35 sechsten
2604 2673 624 38 Abonnements-Concerte
3258 2676 64 36 des

1801 2729 316 36 Hof-Orchesters
2159 2737 110 29 unter
2310 2733 63 35 der
2420 2735 195 33 Direction
2661 2735 63 34 des
2766 2736 404 46 Hof-Capellmeisters
3206 2738 116 34 Karl

1801 2791 135 33 Reiss
1965 2791 126 35 wurde
2121 2793 35 33 in
2188 2793 63 34 der
2279 2794 158 34 zweiten
2467 2794 235 47 Abtheilung
2745 2796 133 35 Ferd.
2922 2797 199 35 Hiller's
3164 2798 131 35 Sinfo-

1802 2852 78 33 nie
1921 2852 37 33 in
1999 2851 164 36 E-moll:
2206 2855 72 44 „Es
2308 2866 102 23 muss
2441 2855 93 34 doch
2564 2855 185 47 Frühling
2992 2858 188 45 gemacht.
3234 2859 87 33 Man

1802 2912 107 34 hörte
1939 2912 63 34 der
2030 2913 211 35 trefflichen
2271 2916 249 45 Ausführung
2549 2916 58 34 die
2636 2916 135 35 höchst
2799 2918 220 45 sorgfältige
3048 2918 274 46 Vorbereitung

1802 2973 77 34 und
1922 2974 58 34 die
2022 2975 276 46 Begeisterung
2328 2976 64 34 des
2422 2976 219 35 Orchesters
2681 2978 60 33 für
2781 2977 65 35 das
2876 2978 115 35 Werk
3034 2990 58 22 an.
3147 2978 175 36 Dieselbe

1801 3035 178 45 günstige
2022 3035 215 46 Stimmung
2281 3036 130 46 ergriff
2451 3036 97 35 auch
2590 3036 59 34 die
2690 3038 304 47 Zuhörerschaft,
3040 3037 142 36 welche
3225 3048 97 24 zwar

1802 3095 173 46 Anfangs
2006 3101 115 29 etwas
2150 3097 301 34 zurückhaltend
2479 3097 143 44 schien,
2668 3098 89 34 aber
2796 3099 95 34 nach
2936 3099 81 34 dem
3048 3099 160 35 Scherzo
3246 3098 75 34 und

1801 3155 134 34 Finale
1963 3157 38 32 in
2032 3157 251 34 stürmischen
2314 3157 137 34 Beifall
2493 3158 198 36 ausbrach.
2748 3160 97 33 Dem
2875 3160 123 33 Herrn
3037 3159 284 46 Capellmeister

1800 3215 122 47 Reiss,
1953 3215 65 35 der
2045 3217 80 34 sich
2156 3217 210 46 überhaupt
2394 3218 97 34 auch
2521 3230 61 22 um
2612 3219 101 35 diese
2743 3219 195 43 Concerte,
2985 3219 104 35 nicht
3126 3219 101 35 bloss
3256 3230 61 22 um

1903 3348 35 48 *)
1968 3351 192 35 Hiernach
2190 3351 84 35 sind
2317 3351 59 33 die
2405 3351 185 45 Angaben
2632 3351 61 35 bei
2736 3353 130 34 Fetis
2909 3353 93 45 (und
3029 3353 52 34 im
3110 3354 187 35 Conversa-

1801 3411 307 45 tions-Lexikon,
2140 3410 58 37 10.
2228 3413 131 45 Ausg.,
2389 3412 77 34 und
2494 3412 51 34 im
2573 3413 294 34 musicalischen
2889 3414 172 35 Lexikon
3091 3425 75 24 von
3187 3415 112 34 Berns-

1801 3473 88 34 dorf
1903 3492 39 5 —
1963 3473 140 46 Verlag
2131 3484 74 23 von
2377 3484 106 25 —u.
2512 3484 27 23 s.
2566 3473 60 47 w.)
2655 3473 76 34 und
2760 3475 38 32 in
2826 3485 156 24 unserer
3010 3475 61 34 Nr.
3095 3473 47 39 18
3172 3487 45 22 zu
3245 3476 51 34 be-

1801 3534 264 45 richtigen,
2093 3534 78 34 und
2187 3534 58 33 die
2262 3533 159 46 Angabe
2441 3534 64 35 der
2528 3534 123 47 Allg.
2674 3536 156 45 Leipz.
2852 3536 50 34 M.
2916 3536 245 46 -Zeitung,
3188 3536 132 45 Jahrg.

1802 3592 60 48 38,
1895 3595 34 35 S.
1962 3593 85 45 876,
2079 3595 90 34 wird
2199 3595 164 33 dadurch
2395 3595 190 47 bestätigt.
2685 3597 88 33 Was
2803 3608 134 23 unsere
2966 3596 248 46 Anmerkung
3260 3597 60 34 Nr.

1803 3652 59 50 18,
1884 3655 37 37 S.
1945 3652 89 51 140)
2064 3655 37 34 in
2126 3656 129 44 Bezug
2284 3655 68 33 auf
2377 3654 59 34 die
2457 3654 244 48 Vollendung
2728 3657 104 34 einer
2860 3668 73 23 von
2962 3656 39 38 C.
3031 3657 52 35 M.
3111 3667 88 23 von
3222 3657 66 33 We-

1799 3716 83 35 ber
1909 3716 250 46 begonnenen
2189 3715 121 45 Oper
2338 3714 121 35 durch
2482 3716 222 46 Meyerbeer
2733 3716 149 44 betrifft,
2912 3729 40 22 so
2982 3718 47 33 ist
3055 3727 71 24 uns
3154 3727 73 23 von
3257 3727 43 23 zu-

1800 3777 229 46 verlässiger
2058 3776 101 34 Seite
2187 3776 59 33 die
2276 3775 207 34 Nachricht
2512 3787 259 36 zugegangen,
2801 3777 85 34 dass
2914 3776 219 47 Meyerbeer
3160 3775 81 35 sich
3269 3775 36 34 al-

1799 3839 170 45 lerdings
2009 3849 123 35 gegen
2175 3837 57 34 die
2263 3837 138 34 Witwe
2432 3837 171 35 Webers
2646 3838 152 34 erboten
2840 3838 73 44 hat,
2957 3838 59 33 die
3046 3838 120 46 Oper:
3212 3838 107 43 „Die

1801 3899 101 34 drei
1943 3898 216 43 Pinto's"}
2202 3910 45 22 zu
2282 3898 215 45 vollenden,
2542 3899 83 35 dass
2670 3911 39 23 er
2737 3899 88 34 aber
2853 3911 67 22 vor
2948 3899 163 34 anderen
3141 3897 180 35 Arbeiten

1801 3960 107 35 nicht
1936 3959 96 35 dazu
2059 3959 226 46 gekommen
2315 3960 58 35 ist.
2407 3961 77 33 Der
2514 3962 98 34 Text
2640 3972 76 22 war
2743 3959 267 47 ursprünglich
3039 3972 73 23 von
3142 3958 175 36 Theodor

1801 4022 104 44 Hell,
1933 4023 72 34 soll
2034 4023 87 34 aber
2149 4022 191 46 späterhin
2370 4023 97 34 nach
2488 4022 219 47 Meyerbeer
2724 4034 16 22 s
2759 4023 153 45 eigener
2930 4023 245 43 Aeusserung
3203 4019 118 35 durch

1802 4085 100 33 Frau
1930 4083 286 35 Birch-Pfeiffer
2243 4084 60 33 für
2330 4084 65 33 ihn
2425 4085 272 46 umgearbeitet
2725 4084 153 35 worden
2907 4085 93 35 sein.
3049 4083 136 35 Weber
3214 4081 100 35 hatte

1802 4146 72 35 den
1905 4151 122 29 ersten
2057 4146 73 33 Act
2158 4145 76 34 und
2262 4146 145 44 einiges
2436 4146 149 35 Andere
2613 4146 121 44 fertig.
