5110 7239
4874 6949 85 38 225

200 434 167 55 ligenz
437 434 277 50 Harmonie
789 449 61 34 zu
926 434 246 63 schaffen,
1246 438 458 59 hervorgegangen

200 518 368 60 Farbenmaße,
608 522 246 47 besitzen.

295 605 125 58 „Die
450 605 275 49 Harmonie
756 606 64 48 ist
848 605 669 65 Empfindungsvermögen,
1542 611 162 49 durch

198 689 100 48 den
334 688 207 50 Bildner
577 692 266 56 geordnet,
882 692 88 48 der
1009 693 106 49 sich
1153 695 251 48 bemühen
1441 696 132 58 muß,
1615 697 89 48 das

198 771 229 51 Höchste
460 788 66 34 an
561 773 372 52 realistischem
969 777 270 50 Ausdruck
1275 794 63 34 zu
1376 781 180 59 geben,
1597 781 107 57 das,

198 870 114 36 was
346 872 114 34 man
497 859 94 48 den
624 857 245 51 Vorwurf
900 856 66 58 (le
1000 857 135 60 suet)
1170 878 199 34 nennen
1402 864 158 48 kann:
1597 864 107 47 Das

468 943 64 49 ist
580 942 93 50 das
708 943 365 52 harmonische
1118 947 293 49 Verhältnis
1456 952 98 45 und
1600 948 78 48 die-

198 1041 84 34 ses
324 1025 293 52 Verhältnis
658 1030 67 48 ist
766 1036 504 52 zusammengesetzt
1314 1047 90 33 aus
1445 1033 231 48 verschie-

199 1111 160 47 denen
406 1112 305 50 simultanen
756 1113 241 51 Gliedern
1043 1119 46 45 in
1137 1119 137 45 einer
1319 1117 202 48 Aktion.
1596 1116 106 49 Das

197 1192 191 61 „Suget
394 1194 27 18 44
455 1196 64 49 ist
547 1200 139 55 ewig
718 1201 67 46 im
815 1197 311 55 Kunstwerk
1160 1201 100 47 und
1293 1199 115 49 muß
1446 1201 117 47 dem
1590 1198 86 49 Ein-

199 1279 293 55 geweihten
545 1284 47 45 in
642 1283 170 49 seiner
861 1298 198 42 ganzen
1112 1282 263 59 Ordnung,
1419 1285 56 49 Hn
1524 1285 173 48 'seiner

194 1376 200 41 ganzen
434 1362 381 55 Wissenschaft
858 1367 315 50 erscheinen.

321 1447 181 59 „Ohne
537 1451 90 49 das
909 1453 149 49 keine
1087 1451 357 58 Möglichkeit:
1477 1453 106 49 Das
1612 1451 60 48 be-

198 1533 177 52 deutet
429 1536 211 49 deshalb
692 1537 132 49 noch
875 1538 116 50 kein
1042 1538 358 58 literarisches,
1498 1535 202 58 folglich

196 1617 401 57 anekdotisches
657 1620 185 58 Suget:
922 1623 92 48 das
1071 1623 304 48 malerische
1433 1621 143 52 Sujet
1638 1621 64 48 ist

198 1703 257 50 durchaus
500 1705 246 55 plastisch
791 1709 101 46 und
940 1708 283 54 entspringt
1271 1707 89 48 der
1407 1705 191 57 Vision,
1645 1717 59 36 es

194 1786 119 49 muß
359 1789 89 47 der
490 1792 139 46 reine
673 1790 271 48 Ausdruck
990 1792 87 46 der
1121 1790 376 49 menschlichen
1541 1787 159 49 Natur

195 1873 125 47 sein.

290 1955 136 58 „Der
462 1960 164 54 ewige
657 1957 244 49 Vorwurf
932 1961 65 47 ist
1030 1960 46 46 in
1111 1959 87 47 der
1227 1957 159 49 Natur
1419 1957 160 48 selbst
1610 1968 59 42 ge-

194 2040 214 59 funden;
458 2042 78 47 die
583 2041 305 55 Inspiration
935 2045 101 45 und
1080 2042 141 48 klare
1265 2041 189 55 Vision,
1500 2054 42 32 w
1543 2053 8 11 r
1558 2040 139 46 elche

197 2123 115 47 dem
343 2123 212 50 Weisen
591 2128 143 53 eigen
769 2128 79 55 ist,
883 2127 88 47 der
1009 2128 77 45 die
1119 2126 274 47 schönsten
1428 2124 99 47 und
1561 2123 110 48 kräf-

194 2209 188 53 tigsten
425 2207 237 49 Grenzen
701 2209 256 49 entdeckt.

936 2330 23 23 $

288 2499 186 50 Solche
517 2499 181 50 Worte
777 2499 245 50 bedürfen
1097 2500 176 49 keiner
1316 2498 380 55 Kommentare.

193 2583 86 48 Sie
322 2586 188 46 wollen
557 2585 319 48 unmittelbar
921 2583 250 57 begriffen
1216 2584 213 47 werden
1474 2583 101 48 und
1623 2597 52 33 er-

195 2681 154 42 regen
399 2670 77 45 die
1027 2668 77 47 die
1172 2667 148 49 allein
1386 2670 77 45 die
1508 2666 160 54 Schöp-

194 2753 120 54 fung
353 2755 77 46 ist.
502 2750 105 50 Der
646 2751 127 54 Rest
814 2753 157 47 bleibt
1011 2752 399 56 Aufzeichnung,
1452 2750 217 48 Betrach-

197 2840 137 51 tung,
385 2835 249 50 Studium.
717 2836 94 47 Die
862 2834 352 50 Simultaneite
1268 2837 63 46 ist
1385 2836 91 48 das
1525 2834 173 47 Leben

193 2920 162 49 selbst
393 2921 104 48 und
537 2922 100 46 wie
682 2922 78 46 die
800 2920 482 55 Aufeinanderfolge
1323 2935 104 33 von
1466 2919 199 48 Elemen-

193 3007 84 44 ten
315 3006 46 45 in
403 3005 162 48 einem
606 3002 194 49 Werke
841 3004 127 48 auch
1011 3007 177 44 immer
1228 3006 80 55 ist,
1349 3006 72 45 sie
1460 3003 136 51 führt
1637 3017 60 33 zu

193 3086 506 58 verhängnisvollem
744 3087 156 58 Ende,
947 3102 117 33 zum
1107 3086 159 60 Tode,
1310 3088 251 47 während
1607 3087 93 46 der

193 3169 252 56 Schöpfer
491 3186 92 33 nur
632 3173 78 47 die
757 3170 253 57 Ewigkeit
1058 3171 170 50 kennt.
1307 3170 104 49 Der
1460 3169 237 54 Künstler

192 3254 88 49 hat
313 3255 106 49 sich
452 3270 62 33 zu
547 3257 148 54 lange
728 3259 66 45 im
825 3255 301 56 Vereinigen
1162 3255 389 48 unfruchtbarer
1585 3252 84 48 Ele-

193 3343 171 44 mente
400 3340 88 46 der
518 3338 177 60 Kunst,
730 3339 109 51 also
874 3352 84 35 um
994 3340 93 47 den
1123 3337 110 50 Tod
1271 3338 290 56 abgemüht,
1597 3338 100 47 und

193 3436 55 34 es
279 3424 64 47 ist
374 3422 123 53 Zeit,
534 3422 93 49 daß
660 3438 54 35 er
744 3438 89 33 zur
863 3422 404 54 Fruchtbarkeit,
1299 3436 91 35 zur
1419 3421 252 56 Dreieinig-

188 3505 123 60 keit,
348 3520 93 34 zur
475 3505 353 49 Simultaneite
865 3508 221 54 gelangt.

285 3589 113 49 Und
433 3589 272 56 Delaunay
739 3591 85 47 hat
862 3592 90 47 das
988 3592 136 46 nicht
1158 3604 93 34 nur
1285 3592 46 45 in
1368 3588 215 49 Worten
1622 3602 52 32 er-

192 3674 175 56 reicht,
414 3676 222 46 sondern
685 3675 127 48 auch
861 3677 46 44 in
956 3676 171 46 seinen
1175 3670 227 52 Werken
1449 3703 63 5 —
1558 3673 137 46 reine

192 3756 227 57 Malerei,
458 3757 236 52 Realität.

989 3838 302 55 Guillaume
1325 3838 307 55 Apollinaire

186 4416 212 98 Die
473 4417 242 95 rote
789 4412 527 100 Flamme

189 4596 110 49 Von
330 4598 260 49 Hermann
621 4597 227 55 Wagner

1388 4705 304 46 Fortsetzung

282 4813 141 47 Aber
449 4813 80 47 die
552 4813 197 51 beiden,
777 4814 72 47 sie
878 4813 97 46 und
1005 4812 71 47 ihr
1102 4808 174 58 Mann,
1303 4809 176 48 hatten
1508 4810 76 46 die
1614 4807 55 48 Ju-

188 4898 135 54 gend
360 4897 79 47 für
478 4897 123 57 sich,
642 4897 174 47 diesen
855 4895 214 56 Zauber,
1108 4909 95 33 vor
1248 4895 114 46 dem
1403 4894 138 55 alles,
1580 4904 113 35 was

189 4985 147 44 sonst
370 4981 128 47 noch
533 4980 217 56 Geltung
782 4982 68 45 im
881 4979 172 47 Leben
1091 4979 101 48 hat.
1227 4976 251 50 verblaßt.

283 5065 155 48 Diese
486 5064 214 56 Jugend,
750 5077 165 43 gegen
967 5064 77 46 die
1099 5077 53 33 er
1203 5060 327 55 ohnmächtig
1580 5072 112 34 war

187 5150 104 47 und
323 5152 78 46 die
434 5163 68 43 er,
533 5162 152 33 wenn
720 5163 53 32 er
806 5150 73 45 sie
911 5161 62 33 an
1009 5148 87 46 der
1129 5144 139 50 Seite
1303 5146 89 48 des
1427 5144 266 49 Geliebten

185 5233 281 58 gleichsam
512 5232 457 49 einherschweben
1014 5231 106 56 sah,
1162 5230 102 46 wie
1313 5231 110 45 eine
1468 5227 195 48 Verhöh-

186 5332 135 43 nung
362 5321 169 45 seines
568 5317 329 48 brennenden
936 5314 319 56 Verlangens
1298 5312 264 54 empfand!

279 5402 67 50 Es
383 5416 113 34 war
535 5403 108 46 sein
684 5399 205 57 größter
930 5398 261 50 Schmerz,
1234 5398 76 48 die
1352 5396 235 47 Geliebte
1629 5410 62 32 an

186 5490 89 46 der
312 5486 140 50 Seite
489 5486 135 49 ihres
658 5482 220 50 Mannes
916 5497 61 35 zu
1015 5482 171 49 sehen.

277 5571 76 55 Ja,
386 5571 133 49 noch
544 5569 172 50 mehr:
751 5583 54 33 er
838 5569 140 47 hatte
1010 5569 80 46 bei
1128 5568 191 46 diesem
1352 5564 215 49 Anblick
1601 5564 90 47 das

187 5655 180 51 Gefühl
420 5657 90 49 des
562 5654 216 56 zynisch
833 5652 312 48 Getretenen
1200 5651 99 46 und
1348 5648 341 55 Betrogenen,

187 5739 104 47 ahm
338 5754 129 43 war,
550 5741 77 51 als
677 5735 257 60 geschehe
976 5735 113 48 lihm
1142 5737 77 45 ein
1272 5732 242 58 Unrecht,
1561 5737 12 63 I
1602 5731 76 50 als

185 5823 238 55 schleppe
458 5839 116 34 man
609 5829 167 44 etwas
814 5823 116 50 fort
969 5822 91 46 das
1096 5820 99 47 ihm
1231 5818 205 55 gehöre,
1471 5818 75 47 als
1583 5820 81 43 ent-

184 5906 139 48 reiße
359 5921 115 33 man
509 5909 101 46 ihm
651 5912 166 45 etwas
855 5906 322 58 gewaltsam.

279 5990 51 48 In
362 5990 99 47 ihm
489 5992 223 48 wühlten
740 5992 232 47 bohrend
1002 5988 112 49 Haß
1146 5989 100 47 und
1273 5984 287 49 Eifersucht
1590 5984 99 47 und

186 6075 283 49 stachelten
521 6077 106 44 sein
676 6077 269 48 siedendes
999 6074 189 48 Gehirn
1237 6086 61 33 zu
1349 6069 191 48 Plänen
1593 6066 97 55 auf,

187 6161 160 45 denen
392 6158 472 55 glücklicherweise
948 6162 139 47 seine
1133 6158 167 48 lahme
1343 6153 216 56 Energie
1608 6165 81 34 am

182 6243 141 47 Ende
355 6242 142 49 nicht
531 6240 142 49 mehr
707 6244 309 53 gewachsen
1054 6258 127 32 war.

278 6326 290 48 Dermaßen
609 6326 141 48 hatte
794 6327 104 47 sich
943 6331 45 44 in
1036 6331 192 45 diesem
1274 6328 145 47 sonst
1464 6325 46 45 in
1558 6321 129 49 allen

182 6410 198 56 Dingen
419 6424 57 35 so
513 6409 381 49 konventionell
936 6412 295 48 denkenden
1270 6408 284 50 Menschen
1597 6406 90 47 das

184 6494 181 49 Gefühl
407 6494 76 47 für
526 6495 104 48 das,
669 6507 113 34 was
824 6494 142 47 recht
1007 6497 98 46 und
1143 6495 214 48 unrecht
1397 6507 130 44 war,
1568 6503 90 34 ver-

183 6580 243 53 schoben,
474 6577 94 49 daß
612 6592 53 33 er
704 6579 99 46 das
841 6576 290 52 Verhältnis
1176 6581 165 47 dieser
1382 6578 185 49 beiden
1607 6574 79 49 als

184 6668 168 44 etwas
399 6662 357 55 Schmutziges
804 6662 99 47 und
950 6659 390 53 Unnatürliches
1386 6661 175 51 ansah,
1613 6658 74 49 als

186 6751 144 44 einen
364 6746 284 58 Ehebruch,
682 6747 94 45 den
810 6760 116 33 man
960 6759 61 33 an
1055 6745 98 47 ihm
1181 6748 234 57 verübte,
1452 6748 126 46 dazu
1612 6745 75 47 als

184 6834 163 53 einen,
385 6846 58 32 zu
485 6832 114 46 dem
635 6844 115 33 man
790 6831 77 46 die
906 6828 230 49 Geliebte
1171 6833 90 45 mit
1300 6829 204 49 Gewalt
1543 6830 146 48 trieb.

1931 440 145 50 Denn
2124 443 91 47 das
2258 456 110 34 war
2416 446 107 46 sein
2568 441 291 50 heimlicher
2905 439 168 55 Trost,
3124 442 85 47 der
3257 442 78 47 ihn

1839 526 231 51 aufrecht
2113 526 201 49 erhielt:
2359 530 73 47 sie
2473 542 115 34 war
2628 528 136 48 nicht
2806 525 266 58 glücklich.

1929 611 107 47 Aus
2065 610 138 47 ihren
2234 608 171 58 Zügen
2436 612 205 56 glaubte
2673 627 54 33 er
2759 626 54 34 es
2844 626 61 34 zu
2935 611 156 55 lesen,
3124 622 91 35 aus
3250 611 85 45 der

1838 697 352 46 verträumten
2225 691 353 62 Melancholie,
2616 698 90 46 mit
2741 698 87 45 der
2864 697 104 46 ihre
3001 694 184 55 klugen
3220 693 95 47 klei-

1838 793 95 33 nen
1966 779 176 53 Augen
2175 779 45 45 in
2258 781 76 46 die
2368 777 138 50 Welt
2539 781 344 53 hineinsahen,
2918 793 91 34 aus
3048 780 86 46 der
3170 782 165 44 etwas

1838 863 183 46 müden
2051 860 92 49 Art
2174 859 134 51 ihres
2339 862 222 60 Ganges,
2593 865 281 55 überhaupt
2908 879 91 35 aus
3029 863 158 49 ihrem
3218 876 90 42 gan-

1836 958 95 35 zen
1977 943 209 60 Wesen,
2237 948 91 47 das
2374 947 102 48 ihm
2525 947 265 56 gedrückt,
2841 950 282 56 resigniert,
3171 946 164 49 voller

1837 1028 382 58 Enttäuschung
2258 1031 188 49 schien.

1929 1112 105 48 Das
2065 1109 136 53 Paar
2236 1129 110 34 war
2380 1115 275 50 kinderlos.

1934 1196 194 50 Einmal
2179 1198 139 51 hatte
2371 1215 55 33 er
2475 1203 73 47 sie
2599 1201 327 66 beobachtet,
2978 1204 99 46 wie
3128 1203 72 45 sie
3250 1201 83 50 ein

1839 1281 221 49 fremdes
2111 1282 329 58 fünfjähriges
2489 1281 255 52 Mädchen
2797 1285 266 56 liebkoste,
3116 1285 102 47 und
3272 1284 63 47 da

1835 1366 138 48 hatte
2010 1378 55 34 er
2096 1380 95 35 aus
2230 1367 113 48 dem
2379 1367 290 58 mächtigen
2706 1367 173 51 Strom
2914 1384 104 33 von
3056 1367 145 50 Licht
3236 1367 99 49 und

1835 1446 213 62 Freude,
2087 1450 89 48 der
2210 1452 81 51 jäh
2330 1466 94 38 aus
2460 1452 139 49 ihren
2634 1453 178 56 Augen
2851 1452 367 57 hervorbrach,
3257 1466 52 34 er-

1834 1532 170 57 kannt,
2038 1533 95 49 daß
2168 1538 165 45 etwas
2364 1538 46 46 in
2441 1535 75 49 ihr
2545 1536 415 56 niedergehalten
2991 1538 102 46 und
3124 1536 211 48 erstickt

1833 1617 164 49 ward.

1929 1700 144 49 Auch
2114 1716 54 35 er
2204 1703 153 49 liebte
2400 1705 80 47 die
2519 1703 203 59 Kinder,
2760 1717 111 36 war
2913 1717 161 42 gegen
3119 1704 73 46 sie
3232 1702 103 46 voll

1833 1784 486 59 hingebungsvoller
2364 1785 328 51 Zärtlichkeit
2740 1789 96 47 und
2885 1787 188 57 wußte,
3169 1789 60 46 da
3282 1802 53 32 er

1834 1869 148 49 keine
2015 1870 175 57 besaß,
2224 1872 106 47 sein
2364 1869 172 51 Leben
2571 1872 105 47 leer
2711 1873 99 46 und
2843 1871 120 50 kalt.

1926 1952 66 50 Er
2025 1955 91 48 sah
2151 1968 57 38 so
2245 1953 132 50 ihrer
2410 1955 174 47 beider
2620 1954 287 48 Sehnsucht
2945 1957 224 45 vereint:
3206 1954 129 48 nach

1836 2039 114 46 dem
1987 2037 188 58 Leben,
2237 2040 90 46 das
2370 2053 91 35 aus
2523 2039 147 46 ihnen
2710 2040 393 52 hervorquellen
3146 2037 188 53 müßte,

1834 2123 94 48 das
1953 2120 159 50 ihrem
2140 2120 189 50 Dasein
2358 2127 106 44 erst
2495 2123 94 47 den
2617 2120 190 50 Zweck
2837 2123 97 47 und
2936 2120 2 57 1
2968 2123 90 50 das
3086 2120 102 49 Ziel
3220 2121 114 56 gab.

1927 2202 131 51 Herr
2099 2202 264 52 Theobald
2406 2204 134 50 faßte
2586 2208 97 46 seit
2724 2207 165 50 jenem
2929 2204 141 57 Tage
3115 2218 61 34 zu
3224 2206 111 46 dem

1833 2288 334 56 fünfjährigen
2207 2287 176 58 Kinde,
2426 2290 91 48 das
2560 2305 52 32 er
2656 2302 103 34 von
2804 2289 72 47 ihr
2915 2289 189 55 geliebt
3145 2286 190 57 wußte,

1835 2373 110 48 eine
1987 2372 118 48 tiefe
2145 2370 308 58 Zuneigung.

1922 2453 69 50 Er
2021 2454 174 50 wußte
2233 2470 53 34 es
2324 2456 358 54 einzurichten,
2721 2456 94 50 daß
2854 2457 77 46 die
2970 2455 250 55 dürftigen
3255 2455 54 47 El-

1838 2545 106 43 tern
1980 2554 55 35 es
2070 2541 89 48 des
2192 2540 196 50 öfteren
2419 2543 166 47 seiner
2618 2539 172 48 Obhut
2819 2543 385 54 anvertrauten,
3237 2538 99 48 und

1833 2628 195 48 seinem
2070 2627 185 47 naiven
2302 2624 217 49 Gemüte
2566 2639 111 33 war
2727 2638 55 36 es
2830 2626 74 46 ein
2951 2624 229 57 leichtes,
3229 2622 104 48 sich

1833 2710 175 47 seinen
2043 2707 231 57 Liebling
2314 2709 202 56 geneigt
2554 2723 61 33 zu
2656 2708 229 48 machen.

1927 2792 92 49 Die
2056 2792 173 54 Kleine
2264 2792 112 48 hieß
2411 2791 139 49 Lina.

1926 2874 65 50 Er
2022 2876 153 48 nahm
2208 2880 72 44 sie
2313 2879 89 46 mit
2435 2876 84 50 auf
2550 2880 174 44 seinen
2757 2874 416 57 Spaziergängen
3205 2876 127 47 nach

1834 2962 114 47 dem
1978 2958 198 60 Walde,
2205 2960 210 49 brachte
2445 2963 72 46 sie
2547 2963 89 45 mit
2667 2961 45 46 in
2744 2963 139 45 seine
2912 2957 288 56 Wohnung,
3233 2959 98 54 gab

1835 3044 74 47 ihr
1939 3044 85 48 die
2058 3043 160 55 Katze
2252 3057 116 37 zum
2402 3044 200 56 Spielen
2640 3046 124 46 oder
2799 3058 52 34 er
2888 3043 223 48 erzählte
3147 3043 72 47 ihr
3257 3044 77 45 die

1832 3129 328 49 seltsamsten
2193 3125 264 58 Märchen,
2490 3130 48 51 ja
2573 3143 51 34 er
2661 3127 188 48 konnte
2885 3131 44 44 in
2965 3127 132 47 ihrer
3132 3126 168 56 Gegen-

1831 3217 134 44 wart
2003 3216 172 46 seinen
2209 3211 200 51 Freund
2448 3212 230 48 Joachim
2715 3212 156 55 völlig
2908 3223 299 43 vergessen,
3246 3212 86 45 der

1836 3295 100 49 ihm
1987 3295 419 57 kopfschüttelnd!
2448 3297 156 47 zusah
2660 3297 99 47 und
2811 3294 342 50 außerstande
3201 3307 130 43 war,

1833 3382 105 47 sich
1981 3382 94 48 den
2115 3379 200 51 Freund
2356 3394 59 34 zu
2457 3381 292 47 enträtseln.

1925 3463 210 59 Einmal,
2174 3465 73 49 als
2287 3479 54 33 er
2379 3466 89 46 mit
2505 3463 126 49 Lina
2666 3464 216 56 gespielt
2921 3463 154 55 hatte,
3113 3463 100 46 und
3252 3462 80 47 die

1831 3549 172 54 Kleine
2049 3550 150 48 müde
2247 3549 297 56 geworden,
2593 3548 238 54 plötzlich
2881 3548 138 48 ihren
3066 3546 132 54 Kopf
3249 3545 83 48 auf

1830 3634 174 48 seinen
2044 3631 170 50 Schoß
2252 3632 147 49 fallen
2440 3632 95 48 ließ
2576 3633 98 47 und
2716 3631 276 56 einschlief,
3031 3631 204 55 glaubte
3277 3643 53 35 er

1828 3718 92 47 mit
1961 3714 377 50 Bestimmtheit
2383 3715 87 48 auf
2516 3715 112 48 dem
2676 3714 257 49 ruhenden
2982 3714 209 49 Gesicht
3241 3714 89 46 des

1829 3799 190 53 Kindes
2059 3801 78 46 die
2175 3797 138 57 Züge
2357 3801 88 45 der
2486 3798 267 48 Geliebten
2794 3812 60 34 zu
2896 3797 273 49 erkennen.

1922 3883 78 48 Da
2030 3884 118 48 kam
2186 3899 52 34 es
2273 3885 90 48 mit
2397 3884 122 47 aller
2548 3880 179 50 Macht
2762 3883 123 47 über
2923 3882 95 47 ihn.

1921 3965 66 51 Er
2021 3966 154 50 küßte
2209 3969 134 54 innig
2382 3968 77 47 die
2492 3967 463 55 widerspenstigen
2992 3963 223 58 Locken,
3252 3965 77 46 die

1827 4055 124 45 wirr
1987 4052 100 48 und
2120 4051 171 58 goldig
2325 4051 125 49 über
2486 4053 78 47 die
2597 4049 166 50 weiße
2799 4049 138 49 Stirn
2971 4049 359 54 herabhingen,

1830 4138 134 54 legte
2014 4138 94 46 den
2150 4135 216 60 kleinen,
2411 4133 361 50 federleichten
2819 4133 200 55 Körper
3062 4132 268 49 behutsam

1827 4220 87 48 auf
1950 4222 108 47 sein
2094 4218 166 59 Lager
2296 4221 100 47 und
2435 4219 171 48 kniete
2644 4233 95 33 vor
2779 4217 100 48 ihm
2915 4218 191 48 nieder.

1921 4304 93 49 Die
2061 4303 203 50 Tränen
2328 4304 146 47 liefen
2540 4304 101 46 ihm
2705 4301 374 48 unaufhaltsam
3126 4302 98 46 und
3276 4315 53 33 er

1830 4387 154 50 fühlte
2022 4387 109 49 sich
2170 4400 58 37 so
2266 4387 151 49 leicht
2454 4387 100 48 und
2592 4387 94 49 frei
2724 4387 100 46 wie
2863 4384 130 49 noch
3031 4385 78 47 nie
3152 4387 45 48 in
3237 4385 72 47 sei-

1828 4485 115 36 nem
1978 4469 175 51 Leben
2187 4509 10 11 .
2233 4509 12 11 .
2277 4509 14 11 .

1921 4557 99 48 Auf
2055 4558 137 47 diese
2229 4555 175 49 Weise
2440 4568 287 35 verrannen
2766 4553 99 49 fast
2903 4556 129 46 zwei
3075 4553 168 58 Jahre,
3283 4556 44 45 in

1827 4641 157 48 deren
2023 4639 238 50 Verlaufe
2303 4639 165 48 Herrn
2510 4636 293 51 Theobalds
2844 4637 361 48 Leidenschaft
3248 4638 61 46 all-

1827 4725 217 49 mählich
2079 4725 157 49 stiller
2272 4727 99 47 und
2403 4724 179 48 kühler
2615 4724 197 52 wurde,
2848 4724 137 45 seine
3020 4720 154 48 Liebe
3208 4722 122 47 aber

1826 4809 182 48 wuchs
2048 4811 100 46 und
2187 4808 107 49 sich
2335 4807 254 49 vertiefte.

1921 4892 66 48 Er
2010 4893 187 49 konnte
2222 4895 124 50 jetzt
2373 4892 77 48 die
2477 4890 231 49 Geliebte
2737 4891 169 55 sehen,
2928 4890 132 48 ohne
3086 4903 103 35 von
3215 4890 113 47 dem

1827 4976 287 57 Verlangen
2165 4977 239 56 ergriffen
2457 4990 61 33 zu
2568 4977 228 54 werden,
2848 4976 71 47 sie
2972 4989 59 32 zu
3083 4974 246 54 besitzen,

1826 5063 161 47 selbst
2030 5063 87 46 der
2159 5060 213 49 Anblick
2416 5060 133 49 ihres
2594 5056 213 51 Mannes
2849 5059 335 47 verursachte
3230 5057 99 47 ihm

1827 5145 136 48 nicht
1998 5145 143 47 mehr
2178 5146 76 46 die
2290 5144 236 48 früheren
2562 5139 212 58 Qualen.

1920 5227 67 53 Es
2017 5229 183 56 gelang
2231 5228 100 50 ihm
2362 5228 249 48 zuweilen
2644 5240 169 45 sogar,
2844 5227 83 48 auf
2959 5226 78 49 ihn
3072 5225 89 49 mit
3191 5227 138 46 einer

1825 5315 91 47 Art
1957 5326 102 35 von
2098 5310 427 58 Ueberlegenheit
2562 5311 405 56 herabzusehen,
3009 5312 87 46 der
3135 5309 104 49 sich
3282 5310 46 46 in

1827 5398 168 49 seiner
2042 5399 205 53 gütigen
2296 5396 147 50 Seele
2490 5395 132 50 nach
2664 5396 100 49 und
2812 5396 126 47 nach
2991 5398 75 44 ein
3117 5395 180 47 sonder-

1824 5483 153 47 bares
2015 5477 196 52 Mitleid
2251 5481 247 47 verband.

1921 5560 188 53 Wußte
2153 5564 129 49 denn
2326 5565 165 47 dieser
2533 5564 271 55 armselige
2845 5561 230 56 Mensch,
3118 5575 111 35 was
3278 5575 51 33 er

1825 5646 199 51 besaß?
2092 5646 127 51 Was
2257 5649 189 47 konnte
2483 5647 101 48 ihm
2619 5650 106 45 sein
2764 5644 56 48 W
2821 5646 8 17 r
2835 5646 79 48 eib
2954 5644 147 50 sein?

1916 5730 91 51 Ein
2047 5731 211 58 Körper,
2299 5735 99 45 wie
2442 5746 54 34 es
2541 5734 153 45 deren
2738 5730 126 49 nach
2910 5729 258 50 Millionen
3213 5730 114 55 gab.

1918 5818 76 56 Ja,
2039 5818 91 47 das
2172 5830 112 36 war
2329 5829 78 35 es:
2456 5818 165 46 dieser
2664 5816 141 47 hatte
2852 5829 90 34 mir
2986 5816 98 46 den
3130 5812 197 56 Körper

1826 5903 264 47 besessen.
2165 5900 122 57 Das,
2369 5913 114 37 was
2528 5914 54 34 er
2625 5930 63 5 —
2729 5896 263 51 Theobald
3038 5928 64 6 —
3147 5912 61 34 an
3256 5900 73 46 ihr

1824 5985 168 51 liebte,
2037 5986 140 47 hatte
2224 5985 130 48 noch
2401 5987 238 46 niemand
2682 5983 305 49 erbrochen:
3039 5984 77 46 die
3163 5981 164 48 Seele.

1918 6067 53 50 In
2010 6071 137 50 diese
2183 6067 329 59 Vorstellung
2549 6081 158 41 spann
2745 6066 133 50 Herr
2915 6065 265 49 Theobald
3221 6065 106 50 sich

1825 6154 75 46 ein
1943 6154 98 47 und
2079 6155 179 47 wurde
2300 6157 177 44 immer
2516 6153 204 55 ruhiger
2759 6155 99 46 und
2894 6149 236 50 heiterer.

1916 6236 114 49 Und
2066 6238 75 49 als
2174 6253 53 32 er
2264 6241 138 46 eines
2433 6237 170 55 Tages
2639 6236 185 56 erfuhr,
2859 6235 95 48 daß
2988 6238 107 45 sein
3129 6234 166 48 Neben-

1822 6321 176 48 buhler
2043 6326 233 45 versetzt
2319 6322 216 48 worden
2580 6334 129 42 war,
2772 6319 94 50 daß
2917 6321 91 48 das
3054 6318 134 50 Paar
3250 6321 76 46 für

1821 6408 179 46 immer
2044 6408 76 45 die
2162 6405 149 50 Stadt
2353 6406 264 48 verlassen
2662 6404 197 52 würde,
2905 6406 62 48 da
3006 6405 318 48 durchbebte

1823 6503 56 36 es
1921 6490 80 48 ihn
2044 6505 91 33 nur
2177 6493 89 45 mit
2308 6493 138 47 einer
2489 6491 163 47 stillen
2698 6492 99 48 und
2841 6489 286 48 zitternden
3167 6487 118 51 Weh-

1822 6580 128 43 mut:
1987 6575 74 48 als
2097 6575 181 47 stände
2312 6589 53 32 er
2393 6587 87 35 am
2513 6573 171 48 Grabe
2720 6574 139 49 eines
2893 6573 166 56 längst
3097 6579 201 43 verstor-

1819 6660 166 47 benen
2015 6662 209 45 teueren
2257 6657 260 50 Freundes
2551 6659 98 47 und
2684 6672 54 35 es
2767 6658 328 49 beschlichen
3130 6658 81 49 ihn
3241 6658 83 47 die

1819 6744 380 55 Erinnerungen
2245 6757 61 33 an
2344 6743 85 47 die
2474 6741 189 53 Zeiten,
2713 6743 62 47 da
2822 6743 165 49 dieser
3032 6744 182 49 lebend
3261 6754 62 34 an

1821 6831 167 47 seiner
2021 6827 138 49 Seite
2192 6827 292 55 gewandelt
2515 6826 157 50 hatte.

3562 445 153 51 Eines
3757 450 126 48 aber
3934 449 190 49 konnte
4174 448 130 51 Herr
4356 447 261 50 Theobald
4670 450 105 48 sich
4826 451 138 48 nicht

3470 543 270 43 versagen.
3815 533 93 48 Am
3954 533 142 57 Tage
4145 536 86 47 der
4276 535 214 48 Abreise
4552 534 119 55 ging
4732 549 54 34 er
4847 548 117 35 zum

3467 611 279 53 Bahnhofe.

3561 697 65 49 Er
3666 699 119 50 fand
3829 703 78 46 die
3950 703 180 47 beiden
4176 704 117 46 sehr
4335 702 297 50 echauffiert
4681 702 154 47 damit
4879 704 60 45 be-

3470 779 251 59 schäftigt,
3767 785 45 46 in
3855 785 180 50 wilder
4077 785 130 50 Hast
4253 787 72 48 ihr
4373 787 210 53 Gepäck
4632 786 336 54 aufzugeben,

3468 860 84 53 Sie
3590 863 157 51 sahen
3786 867 162 49 nichts
3985 870 100 47 und
4120 869 177 48 hörten
4338 870 178 49 nichts.

3561 944 160 55 Kaum
3757 962 181 39 waren
3969 954 77 49 sie
4079 954 49 49 in
4167 953 98 50 den
4300 951 200 61 Wagen
4536 956 280 55 gestiegen,
4855 954 112 54 pfiff

3468 1031 158 47 schon
3674 1033 86 47 der
3804 1031 122 60 Zug.

3562 1112 74 50 Im
3683 1118 185 48 letzten
3914 1119 345 55 Augenblicke
4308 1122 120 48 aber
4479 1124 92 46 sah
4617 1120 131 51 Herr
4798 1121 132 48 Theo-

3467 1200 134 58 bald,
3640 1201 100 47 wie
3778 1201 76 48 die
3891 1200 130 51 Frau
4055 1219 64 33 an
4157 1207 94 47 das
4280 1204 213 50 Fenster
4531 1212 114 45 trat.

3559 1284 122 47 Sein
3720 1281 137 50 Herz
3897 1284 225 50 flammte
4164 1288 276 50 lichterloh.

3561 1367 220 49 Einmal!
3815 1367 164 50 schrie
4014 1383 55 34 es
4104 1371 45 46 in
4185 1371 99 47 ihm
4318 1373 98 55 auf,
4451 1375 179 46 einmal
4668 1376 65 45 im
4764 1374 201 48 Leben?

3560 1452 182 57 Hastig
3776 1456 100 44 trat
3909 1467 53 33 er
3997 1454 172 56 näher,
4202 1469 95 42 zog
4334 1459 105 45 sein
4471 1455 356 51 Taschentuch
4863 1459 99 47 und

3467 1538 192 50 winkte
3703 1540 184 53 erregt,
3930 1535 245 49 während
4221 1538 87 48 der
4349 1538 106 56 Zug
4496 1541 107 49 sich
4641 1541 229 56 langsam
4914 1544 50 45 in

3465 1620 300 58 Bewegung
3806 1623 179 45 setzte.

3559 1704 66 49 Er
3653 1704 194 51 winkte
3881 1704 72 47 ihr
3984 1704 256 47 Abschied
4273 1707 99 46 und
4402 1705 214 50 lächelte
4648 1706 73 48 ihr
4754 1707 208 49 zärtlich

3467 1803 62 33 zu
3558 1818 63 7 —
3650 1791 90 49 das
3776 1793 137 45 erste
3942 1787 235 57 Zeichen,
4213 1790 90 46 das
4337 1803 54 33 er
4423 1790 74 46 ihr
4531 1790 113 56 gab,
4677 1793 95 46 seit
4804 1806 54 34 er
4891 1793 73 47 sie

3465 1874 168 47 liebte.
3704 1872 116 50 Und
3858 1888 53 32 er
3952 1872 221 58 glaubte,
4212 1886 61 33 zu
4313 1875 248 55 träumen,
4599 1874 75 50 als
4710 1888 54 35 er
4804 1877 46 47 in
4890 1875 75 48 ihr

3468 1957 209 49 Gesicht
3725 1957 112 49 sah:
3888 1972 54 34 er
3987 1958 121 47 fand
4157 1970 55 34 es
4259 1959 219 55 gerötet,
4524 1956 123 56 a,ber
4694 1969 91 44 gar
4831 1957 133 49 nicht

3466 2041 349 49 verwundert.
3876 2040 113 50 Und
4021 2041 75 51 als
4130 2041 88 49 der
4249 2038 106 58 Zug
4386 2039 158 49 schon
4575 2041 46 47 in
4654 2042 110 47 eine
4794 2040 171 53 Kurve

3468 2124 198 56 einbog,
3706 2125 88 48 sah
3836 2140 53 33 er
3928 2126 190 55 gerade
4154 2124 147 57 noch,
4340 2124 101 48 wie
4480 2125 71 47 sie
4593 2124 100 48 ihm
4732 2124 237 48 zweimal

3467 2208 250 57 zunickte,
3754 2209 91 47 sah
3883 2223 54 33 er
3974 2209 189 57 gerade
4203 2207 129 50 noch
4371 2206 73 50 ihr
4478 2206 238 50 Lächeln.

3561 2291 78 49 Ihr
3679 2289 223 52 Lächeln
3947 2330 9 9 .
3993 2330 10 9 .
4038 2330 13 9 .

3561 2373 92 51 Die
3694 2375 153 48 Jahre
3885 2389 177 35 waren
4102 2377 215 48 seitdem
4357 2389 299 43 vergangen
4699 2374 99 48 und
4837 2372 134 48 Herr-

3468 2455 264 52 Theobald
3779 2460 138 48 hatte
3969 2462 78 45 nie
4097 2459 143 48 mehr
4294 2460 157 48 daran
4503 2457 234 59 gedacht,
4837 2457 132 49 nach

3468 2544 165 46 einem
3674 2556 158 35 neuen
3878 2541 182 51 Weibe
4105 2543 401 49 auszuschauen.

3561 2625 105 48 Ihm
3705 2640 112 33 war
3859 2628 123 49 jetzt
4025 2627 134 48 nicht
4201 2627 155 56 mehr,
4395 2627 77 49 als
4515 2630 73 45 sei
4631 2627 139 48 seine
4810 2625 157 48 Liebe

3469 2712 76 46 ein
3589 2709 175 49 bloßer
3808 2709 189 49 Traum
4039 2722 262 45 gewesen.

3560 2792 52 49 In
3641 2792 102 51 ihm
3779 2798 164 45 setzte
3976 2792 108 49 sich
4116 2793 247 48 vielmehr
4399 2797 76 45 die
4509 2793 327 57 Vorstellung
4868 2794 102 47 fest

3467 2879 98 46 und
3599 2880 120 54 ging
3749 2879 99 45 ihm
3885 2880 45 46 in
3964 2876 199 51 Fleisch
4198 2880 98 45 und
4333 2876 116 49 Blut
4483 2878 139 58 über,
4659 2876 95 49 daß
4788 2891 53 36 er
4877 2878 93 56 sie,,

3466 2963 140 46 seine
3638 2960 227 57 Königin,
3898 2962 232 48 wirklich
4163 2962 245 49 besessen
4439 2962 156 56 hatte,
4630 2959 96 49 daß
4759 2963 72 46 sie
4866 2959 102 48 ihm

3465 3046 275 55 gestorben
3774 3059 110 34 war
3920 3049 99 45 und
4049 3061 52 34 er
4135 3044 72 49 ihr
4240 3060 97 33 nun
4370 3044 349 50 nachtrauere.

3557 3125 115 53 Und
3722 3130 90 51 das
3860 3126 386 58 Merkwürdige
4295 3128 239 58 geschah,
4586 3128 95 49 daß
4732 3128 72 48 ihr
4854 3126 113 48 Bild

3467 3216 44 45 in
3549 3212 100 48 ihm
3686 3227 102 34 von
3825 3212 109 57 Tag
3973 3228 58 33 zu
4071 3212 111 56 Tag
4217 3213 291 56 lebendiger
4548 3213 195 47 wurde.

3559 3294 150 51 Seine
3739 3296 359 49 Leidenschaft
4130 3310 110 34 war
4273 3300 94 45 seit
4406 3298 86 46 der
4525 3294 208 58 Stunde,
4770 3298 61 46 da
4866 3294 103 49 ihm

3465 3380 73 48 ihr
3576 3379 223 50 Lächeln
3841 3382 99 46 wie
3983 3382 110 49 eine
4134 3379 322 56 Verheißung
4496 3380 300 55 zugeflogen
4837 3393 132 41 war,

3462 3465 196 47 wieder
3710 3465 216 55 heftiger
3995 3467 98 46 und
4144 3465 318 48 brennender
4516 3464 281 55 geworden
4866 3461 101 51 und

3463 3548 175 48 verlor
3668 3548 109 48 sich
3804 3551 90 47 mit
3926 3548 87 47 der
4042 3546 110 50 Zeit
4181 3549 46 47 in
4261 3549 163 46 einem
4451 3548 152 50 tiefen
4634 3548 99 47 und
4760 3545 178 49 beißen-

3467 3632 94 48 den
3596 3630 296 59 Schmerze,
3932 3632 87 48 der
4057 3632 106 48 sich
4202 3630 303 50 namentlich
4548 3632 89 46 des
4674 3628 193 50 Nachts
4903 3642 64 36 zu

3465 3714 361 48 unnennbaren
3868 3710 193 59 Qualen
4102 3714 289 48 auswuchs.

3559 3797 269 56 Gepeinigt
3863 3812 102 34 von
4004 3800 87 46 der
4127 3796 146 50 Oede
4308 3801 99 45 und
4445 3797 88 49 der
4567 3796 402 57 Verlassenheit,

3467 3884 78 46 die
3573 3896 84 33 um
3681 3883 84 46 ihn
3798 3884 98 45 und
3927 3885 46 45 in
4003 3883 100 47 ihm
4130 3895 194 43 waren,
4355 3880 160 51 entriß
4545 3895 54 34 er
4628 3880 104 50 sich
4762 3879 73 50 oft
4869 3880 95 49 den

3465 3965 315 50 zerwühlten
3827 3964 182 54 Kissen
4059 3967 99 46 und
4207 3963 191 50 verließ
4446 3963 118 49 bloß
4631 3966 76 46 die
4771 3962 168 50 Schlaf-

3463 4050 244 58 kammer,
3744 4062 84 35 um
3863 4049 106 50 sich
4008 4051 45 46 in
4094 4051 87 47 der
4216 4046 161 51 Stube
4412 4047 323 50 verzweifelt
4765 4050 53 47 in
4851 4048 114 48 eine

3461 4132 137 49 Ecke
3628 4148 62 32 zu
3724 4132 240 50 drücken.

3554 4215 67 50 Er
3671 4220 175 53 ertrug
3892 4216 138 49 nicht
4075 4218 101 48 den
4220 4216 215 49 Anblick
4485 4218 169 48 seines
4701 4214 265 49 Freundes

3465 4298 246 60 Joachim,
3764 4300 90 49 der
3903 4301 144 56 ruhig
4092 4302 102 47 und
4243 4298 334 58 gleichmäßig
4627 4300 150 46 Atem
4827 4298 139 49 holte

3464 4386 98 47 und
3596 4385 100 48 fest
3731 4383 192 59 schlief,
3956 4386 47 46 in
4039 4384 100 48 ihm
4175 4395 112 37 war
4323 4383 286 57 überhaupt
4643 4386 78 46 ein
4755 4383 184 49 sonder-

3462 4470 153 46 barer
3644 4471 100 46 und
3777 4469 184 56 greller
3989 4466 112 50 Haß
4134 4481 163 44 gegen
4333 4467 121 54 sich,
4489 4479 164 46 gegen
4688 4468 78 47 die
4802 4480 163 43 ganze

3462 4549 152 52 Welt.

3556 4634 215 52 Weinen
3809 4637 140 49 hätte
3992 4652 53 32 er
4084 4640 203 55 mögen,
4329 4636 336 56 aufschreien,
4706 4634 106 52 sich
4853 4647 86 37 zer-

3463 4721 258 56 fleischen,
3752 4721 124 48 aber
3906 4735 53 34 er
3986 4722 189 47 konnte
4206 4735 55 39 es
4290 4720 149 58 nicht,
4465 4720 211 48 brachte
4708 4735 90 33 nur
4827 4721 105 46 wür-

3462 4807 164 55 gende
3660 4804 159 49 Laute
3854 4805 205 51 hervor,
4099 4807 97 47 und
4236 4807 140 47 seine
4411 4806 178 55 Augen
4626 4805 199 47 blieben
4859 4803 85 57 .glä-

3462 4903 116 35 sern
3613 4891 98 46 und
3744 4889 230 49 trocken.
4038 4886 67 52 Es
4137 4889 132 48 blieb
4306 4889 100 50 ihm
4439 4890 186 48 zuletzt
4662 4890 177 46 immer
4871 4901 96 33 nur

3465 4977 88 46 der
3590 4976 110 46 eine
3738 4973 264 54 Gedanke,
4042 4975 87 46 der
4169 4976 110 48 eine
4314 4973 179 48 Trost:
4535 4973 86 48 der
4658 4971 112 48 Tod
4809 5000 63 7 —

3556 5056 66 49 Es
3665 5058 212 47 überlief
3918 5058 79 48 ihn
4038 5058 82 48 bei
4164 5060 192 45 diesem
4398 5056 278 49 Gedanken
4721 5058 76 45 ein
4840 5053 94 49 Frö-

3462 5144 130 47 steln
3625 5144 98 46 und
3755 5144 78 46 ein
3862 5141 277 50 trockenes
4163 5144 103 45 und
4296 5140 303 50 höhnisches
4632 5138 220 49 Lächeln
4884 5152 54 34 er-

3462 5227 172 49 schien
3670 5227 88 47 auf
3793 5228 171 48 seinen
4005 5226 274 57 schmalen,
4318 5225 279 47 blutleeren
4636 5221 207 57 Lippen,
4883 5221 81 49 ein

3459 5308 239 59 Lächeln,
3736 5312 92 47 das
3860 5310 331 57 verächtlich,
4227 5307 339 50 schadenfroh
4601 5320 126 43 war,
4764 5310 45 44 in
4848 5307 117 47 denn

3462 5392 110 51 sich
3620 5396 140 47 seine
3806 5393 149 49 Seele
4003 5393 430 55 widerspiegelte,
4501 5392 76 47 die
4640 5391 160 47 voller

3461 5492 163 42 gegen
3661 5480 93 49 den
3790 5478 288 56 zögernden
4114 5478 99 47 und
4246 5477 326 47 zaudernden
4605 5473 196 56 Körper
4834 5487 134 33 war.

3555 5560 128 52 Was
3712 5561 175 49 wollte
3918 5575 56 34 er
4008 5560 129 47 noch
4169 5558 149 50 hier?
4382 5558 162 49 Lebte
4578 5573 51 32 er
4668 5556 170 50 denn?

3555 5645 66 49 Er
3663 5650 116 53 trat,
3817 5647 100 47 wie
3955 5658 87 34 um
4087 5643 105 48 sich
4235 5657 61 34 zu
4341 5643 340 55 überzeugen,
4725 5655 95 35 vor
4867 5642 98 48 den

3461 5729 222 59 Spiegel,,
3744 5733 96 45 und
3885 5730 173 46 dieser
4101 5728 134 47 warf
4281 5728 114 50 ihm,
4459 5729 46 47 in
4555 5729 112 46 dem
4731 5725 235 49 bleichen

3460 5813 330 59 Mondlichte,
3827 5816 90 46 das
3952 5812 104 49 sich
4096 5812 154 47 durch
4287 5812 78 47 die
4397 5809 215 50 Fenster
4645 5811 174 56 brach,
4854 5812 110 44 sein

3460 5898 112 50 Bild
3614 5898 354 58 gespenstisch
4010 5898 98 46 und
4153 5895 301 49 unheimlich
4494 5900 270 51 entgegen.

3553 5981 65 50 Er
3651 5982 178 55 prallte
3865 5981 128 46 dann
4031 5983 221 46 entsetzt
4286 5992 97 35 vor
4417 5982 167 45 seiner
4619 5980 209 53 eigenen
4865 5975 65 48 Ge-

3462 6070 119 46 stalt
3623 6068 99 48 wie
3765 6079 96 33 vor
3903 6065 92 46 der
4042 6064 138 47 eines
4221 6062 254 49 Fremden
4520 6065 98 46 und
4662 6061 164 49 Toten
4875 6076 61 32 zu-

3459 6152 124 48 rück
3610 6149 101 49 und
3737 6163 58 34 zu
3831 6151 192 48 seinem
4051 6148 280 49 Schmerze
4362 6149 245 55 gesellten
4638 6145 105 49 sich
4774 6144 190 49 Furcht

3461 6237 98 46 uncl
3603 6232 220 49 Grauen.
3894 6230 68 49 Er
4003 6237 231 51 magerte
4278 6234 45 47 in
4366 6234 139 50 jener
4548 6228 108 50 Zeit
4699 6230 266 47 furchtbar

3460 6321 79 54 ab,
3601 6320 101 45 und
3752 6319 90 45 das
3890 6317 140 47 Alter
4097 6318 127 53 grub
4290 6320 191 45 seinem
4533 6314 243 48 Gesichte
4843 6313 116 48 tiefe

3456 6401 193 50 Falten.

3552 6486 118 47 Sein
3718 6486 191 48 Leiden
3959 6486 122 47 aber
4146 6486 199 48 härtete
4415 6484 78 46 ihn
4562 6483 144 57 auch,
4774 6481 190 48 stählte

3457 6572 140 47 seine
3640 6569 165 54 Seele,
3848 6572 100 46 und
3993 6583 58 35 es
4095 6568 237 50 entstand
4376 6569 47 47 in
4467 6569 146 50 jenen
4658 6566 173 56 Tagen
4873 6580 84 33 um

3456 6656 177 48 seinen
3671 6652 158 49 Mund
3875 6656 89 45 der
4003 6655 184 48 bittere
4229 6651 122 58 Zug,
4395 6652 87 47 der
4527 6651 192 49 seinem
4761 6650 194 47 Antlize

3456 6740 80 47 bei
3589 6740 122 46 aller
3764 6737 130 49 Güte
3947 6740 98 47 und
4096 6736 301 57 Weichheit,
4449 6740 164 44 etwas
4660 6733 304 49 Asketisch-

3456 6822 222 57 Starres,
3718 6827 166 44 etwas
3920 6822 188 50 Hartes
4145 6821 114 56 gab.
