2992 4300
307 392 838 168 BROOM
1267 392 219 158 IN
1608 392 1087 168 AMERICA

917 844 327 64 BROOM
1283 846 83 52 has
1392 847 198 61 brought
1617 846 119 52 back
1763 847 252 62 something
2043 849 52 51 of
2125 848 201 64 Europe.
2372 851 76 61 By
2474 852 142 51 virtue
2644 849 53 52 of

1277 929 54 50 its
1363 927 346 62 extraordinary
1738 948 157 31 career
1924 931 43 48 in
1998 928 74 52 the
2105 942 68 38 art
2201 931 192 61 capitals
2423 931 52 50 of
2507 931 188 62 Europe

1279 1008 92 51 and
1394 1009 55 50 its
1472 1020 184 40 contact
1677 1008 111 52 with
1812 1008 75 52 the
1912 1008 100 52 best
2034 1011 196 49 creative
2252 1009 148 52 minds
2422 1011 52 50 of
2498 1011 75 50 the
2598 1011 95 61 day

1281 1088 267 53 BROOM
1573 1088 84 52 has
1684 1088 217 62 acquired
1925 1110 28 30 a
1977 1089 247 61 particular
2248 1089 108 51 bent
2380 1089 72 51 for
2478 1092 219 60 rejecting

1279 1168 96 51 that
1404 1168 152 52 which
1587 1171 35 48 is
1652 1168 99 51 dull
1783 1168 94 51 and
1907 1168 237 52 worthless
2174 1191 51 29 or
2253 1169 256 61 discerning
2537 1169 158 51 values

1276 1249 153 51 where
1455 1249 150 52 others
1633 1270 72 30 see
1730 1248 110 62 only
1865 1270 27 30 a
1916 1249 176 61 perfect
2113 1248 309 52 blank—and
2446 1249 142 61 doing
2610 1248 85 52 this

1276 1328 112 52 with
1417 1328 116 52 dash
1564 1329 93 51 and
1685 1328 287 52 enthusiasm.

918 1484 325 63 BROOM
1281 1483 82 52 has
1394 1495 79 40 not
1505 1501 157 44 grown
1695 1483 211 62 whiskers
1937 1487 44 51 in
2010 1488 52 50 its
2090 1500 92 38 two
2210 1507 132 41 years
2372 1486 52 52 of
2452 1487 239 49 existence.

1277 1566 220 52 Without
1524 1566 117 52 false
1666 1566 193 62 dignity,
1886 1567 54 49 its
1967 1566 271 52 adventures
2264 1569 43 49 in
2333 1567 150 52 letters
2509 1567 93 51 and
2627 1578 69 40 art

1283 1647 190 62 provide
1495 1646 278 62 stimulating
1798 1648 264 61 experience
2086 1648 74 51 for
2182 1669 58 29 an
2266 1648 250 61 intelligent
2542 1648 155 61 public

1280 1728 206 51 —much
1512 1749 124 30 more
1664 1727 109 52 than
2071 1728 52 51 of
2149 1749 86 31 one
2264 1750 79 40 per

922 1884 325 63 BROOM
1285 1884 197 52 believes
1520 1884 97 52 that
1656 1884 75 52 the
1769 1897 107 38 next
1911 1906 132 41 years
2078 1886 94 52 will
2208 1907 73 31 see
2316 1898 178 49 greater
2531 1887 167 49 artistic

1281 1966 343 62 developments
1653 1966 110 52 than
1787 1977 118 41 most
1930 1964 52 52 of
2010 1987 51 31 us
2088 1987 75 31 are
2191 1967 226 61 prepared
2446 1966 86 52 for.
2578 1964 119 52 And

1283 2047 265 52 BROOM
1586 2050 36 49 is
1656 2067 107 31 now
1799 2047 285 61 functioning
2118 2047 45 50 in
2196 2047 237 56 America,
2471 2048 45 49 in
2551 2046 146 52 closer

1279 2137 184 40 contact
1491 2124 110 53 with
1634 2127 54 48 its
1717 2124 170 63 public.
1933 2124 85 51 An
2048 2127 254 60 aggressive
2332 2124 156 53 leader
2518 2126 74 51 for
2621 2124 75 53 the

1283 2218 69 40 art
1380 2206 52 52 of
1460 2206 160 61 today,
1652 2206 170 61 calling
1851 2206 219 49 attention
2098 2217 46 40 to
2174 2206 75 51 the
2276 2206 288 61 phenomena
2592 2204 53 53 of
2671 2226 27 31 a

1280 2307 103 31 new
1411 2307 100 41 age.
1558 2284 264 63 Veritably,
1854 2307 27 30 a
1911 2284 186 53 fearless
2127 2286 164 49 review
2319 2284 152 53 which
2498 2296 200 51 presents

1281 2367 75 51 the
1380 2366 130 52 work
1537 2366 52 51 of
1617 2364 252 63 significant
1896 2363 213 52 moderns
2137 2385 48 30 as
2210 2364 106 51 well
2346 2385 49 29 as
2423 2363 275 52 formidable

975 2490 5 10 ,
1662 2446 111 51 with
1830 2444 242 61 authority,
2128 2443 177 57 humor,
2365 2446 181 59 passion
2606 2443 92 52 and

1283 2528 298 61 indignation.

1763 2696 436 84 BROOM

1262 2825 91 44 AN
1375 2824 533 45 INTERNATIONAL
1926 2822 340 45 MAGAZINE
2285 2822 79 43 OF
2384 2822 131 44 THE
2533 2822 165 44 ARTS

1390 3017 41 43 A
1467 3018 56 42 six
1552 3015 164 44 months'
1752 3015 86 44 trial
1866 3014 257 53 subscription
2153 3019 116 45 offers
2298 3014 91 52 high
2420 3017 155 42 interest

1621 3093 40 35 at
1684 3085 63 43 the
1769 3085 75 43 lorv
1870 3086 226 41 investment
2119 3088 45 45 of
2187 3083 152 47 $2.50.

310 3419 242 50 BROOM,

308 3490 61 46 47
397 3490 149 45 West
576 3488 130 47 34th
738 3486 202 50 Street,

310 3560 119 45 New
454 3559 159 44 York.

373 3663 79 44 For
480 3662 65 44 the
571 3659 186 48 enclosed
783 3659 30 51 $

307 3744 134 54 please
470 3742 96 47 send
590 3740 225 46 BROOM
849 3740 63 45 for
933 3733 200 67 S,

1200 3438 135 45 Name

1200 3528 184 45 Address

1203 3622 93 52 City

1662 3702 102 40 $5.00
1788 3702 170 36 Annual
1985 3703 260 35 Subscription

1839 3760 74 36 50c.
1935 3772 22 23 A
1980 3770 89 25 COPY
