2992 4300
712 3524 91 42 122

1355 794 564 66 COMMENT

818 944 108 51 The
954 945 229 61 spectacle
1213 945 52 51 of
1293 967 27 29 a
1350 945 192 51 modern
1571 958 69 38 art
1666 945 152 52 which
1847 947 84 50 has
1960 967 60 29 no
2050 945 160 60 longer
2241 964 27 30 a
2505 940 48 51 of-

866 1014 99 51 that
1207 1015 188 51 achieve
1438 1056 10 10 .
1503 1056 9 9 .
1569 1056 9 10 .
1625 1015 74 51 the
1734 1016 315 60 regeneration
2080 1014 53 51 of
2407 1010 170 62 deeply

715 1084 200 50 troubles
954 1107 84 29 our
1075 1098 351 49 contemporary
1472 1084 102 52 The
1612 1085 227 51 Freeman
1889 1085 137 62 (July
2063 1084 82 57 25,
2196 1082 179 63 1923).

714 1174 96 30 war
854 1195 9 9 .
916 1195 10 9 .
978 1195 9 9 .
1030 1166 80 38 not
1139 1155 111 61 only
1283 1154 222 52 defeated
1539 1167 69 39 art
1640 1155 81 51 but
1753 1155 213 51 disabled
1998 1156 32 50 it
2063 1154 94 50 and
2187 1165 98 39 cast
2317 1154 33 49 it
2378 1151 199 62 helpless

711 1226 94 48 into
845 1225 76 50 the
959 1225 141 57 ditch,
1145 1226 135 49 while
1318 1225 323 52 industrialism
1682 1227 236 50 continues
1955 1246 59 29 on
2054 1226 54 48 its
2145 1222 282 62 triumphant
2469 1221 87 51 self-

713 1293 254 62 devouring
1190 1296 95 49 Art
1307 1296 84 49 has
1415 1296 227 51 retreated
1669 1296 119 51 from
1815 1296 163 61 reality
2006 1296 109 57 and,
2141 1296 75 51 the
2242 1297 126 50 critic
2390 1294 54 51 of
2474 1293 102 51 The

711 1363 226 51 Freeman
974 1367 258 54 maintains,
1270 1367 32 48 it
1335 1377 119 39 must
1491 1367 170 49 remain
1697 1366 157 50 within
1893 1366 73 50 the
2006 1366 160 61 sphere
2201 1366 53 50 of
2289 1364 178 61 reality,

711 1446 117 38 must
854 1434 167 60 appeal
1047 1446 47 39 to
1119 1434 76 51 the
1219 1434 111 56 real,
1360 1437 94 51 and
1482 1434 196 61 through
1705 1434 76 51 the
1807 1434 93 51 real
1927 1434 37 51 if
1989 1437 32 48 it
2045 1435 35 50 is
2108 1446 46 39 to
2178 1434 121 51 have
2326 1455 91 40 any
2448 1433 128 51 force

714 1505 178 60 against
912 1504 75 51 the

816 1573 78 50 To
929 1594 161 29 reason
1122 1574 109 49 with
1273 1571 100 52 The
1409 1573 227 50 Freeman
1670 1595 50 30 as
1754 1587 46 38 to
1834 1574 74 51 the
1942 1587 161 38 nature
2135 1574 52 51 of
2216 1573 163 62 reality
2413 1573 163 52 would

711 1642 233 61 promptly
988 1644 181 49 involve
1209 1665 51 28 us
1301 1645 42 48 in
1387 1644 75 51 the
1505 1644 391 61 epistemological
1937 1645 197 60 jungles.
2196 1644 78 62 By
2317 1644 188 61 making
2548 1665 28 30 a

711 1714 256 59 pragmatic
1007 1712 108 51 shift
1153 1734 72 29 we
1263 1714 143 61 might
1445 1714 147 50 better
1632 1714 93 50 and
1763 1735 126 29 more
1931 1714 271 61 generously
2246 1735 179 29 assume
2441 1714 103 49 The

711 1781 266 51 Freeman's
1004 1785 116 48 view
1152 1796 45 38 to
1225 1783 57 50 be
1311 1783 98 51 that
1437 1805 58 29 an
1527 1796 68 40 art
1621 1805 52 29 or
1702 1783 230 51 literature
1959 1783 151 51 which
2138 1783 130 51 deals
2295 1783 112 51 with
2432 1783 143 51 social

713 1852 193 51 realities
934 1875 52 29 or
1014 1853 138 51 social
1184 1853 230 61 problems
1439 1856 36 48 is
1503 1853 160 51 nobler
1688 1853 111 52 than
1828 1876 57 29 an
1913 1867 68 38 art
2009 1876 51 29 or
2091 1855 230 50 literature
2347 1867 47 40 to
2422 1855 154 52 which

713 1921 109 52 such
845 1933 185 40 matters
1056 1943 76 30 are
1155 1922 263 51 incidental.
1462 1922 39 51 It
1526 1924 34 49 is
1584 1945 57 28 an
1664 1923 81 51 old
1767 1926 261 58 campaign,
2053 1923 152 61 begun
2229 1923 107 57 first,
2360 1924 213 61 perhaps,

711 1990 63 61 by
808 1992 141 51 Plato
978 1992 107 51 who
1113 1992 159 51 would
1299 1992 163 52 banish
1491 1993 62 51 all
1585 1993 75 51 the
1687 2004 129 50 poets
1848 1994 119 50 since
1999 1993 108 61 they
2138 1994 193 51 worked
2359 2016 59 29 no
2449 1994 127 62 good

713 2060 72 52 for
819 2062 77 50 the
931 2062 249 61 Republic.
1238 2063 75 60 By
1357 2062 101 50 The
1495 2062 265 50 Freeman's
1793 2084 223 37 measure,
2054 2064 123 56 then,
2216 2064 77 51 the
2331 2064 245 62 following

710 2130 153 51 works
898 2131 160 51 would
1094 2130 58 52 be
1191 2131 187 61 aligned
1418 2153 170 41 among
1626 2131 75 51 the
1738 2131 179 51 noblest
1953 2131 328 54 contributions
2318 2147 47 38 to
2402 2134 174 52 human

711 2200 197 52 culture:

988 2270 197 52 Uncle's
1211 2272 166 50 Tom's
1401 2271 170 57 Cabin,
1597 2272 63 61 by
1688 2271 191 51 Harriet
1907 2272 207 51 Beecher
2138 2272 158 52 Stowe

990 2340 214 61 Looking
1240 2340 283 57 Backward,
1557 2341 64 61 by
1656 2341 217 61 Bellamy

987 2411 55 51 A
1071 2411 207 51 Modern
1308 2411 196 61 Utopia,
1537 2411 63 61 by
1635 2411 68 51 H.
1739 2411 62 51 G.
1834 2411 156 52 Wells

990 2479 174 58 Labor,
1197 2481 63 61 by
1294 2481 151 50 Emile
1480 2479 138 58 Zola,
1654 2493 84 38 etc.

988 2551 55 50 A
1068 2549 158 51 Doll's
1255 2551 182 55 House,
1465 2551 62 60 by
1556 2551 183 49 Henrik
1769 2551 134 50 Ibsen

990 2619 232 61 Locksley
1252 2619 136 56 Hall,
1416 2619 64 61 by
1508 2619 129 51 Lord
1666 2619 274 61 Tennyson,
1971 2633 84 38 etc.

710 2722 76 51 As
821 2733 45 40 to
904 2722 75 50 the
1015 2733 102 45 rest,
1157 2721 226 52 Paradise
1421 2721 129 58 Lost,
1589 2722 109 52 The
1736 2723 172 51 Divine
1943 2725 234 60 Comedy,
2214 2726 109 51 The
2357 2726 131 61 Song
2524 2726 53 51 of

713 2789 166 63 Songs,
906 2791 109 50 The
1043 2791 162 50 Faerie
1231 2791 212 61 Queene,
1470 2791 85 50 Dr.
1586 2792 211 57 Faustus,
1828 2794 294 61 Gargantua,
2149 2796 128 50 Tom
2303 2794 156 63 Jones,
2487 2817 88 29 one

711 2860 145 63 might
891 2860 63 61 by
990 2882 28 29 a
1052 2860 147 52 subtle
1233 2862 214 50 dialectic
1482 2883 168 38 expose
1688 2863 75 51 the
1800 2864 234 52 modicum
2072 2865 53 51 of
2161 2868 140 51 social
2338 2868 238 62 prophecy

711 2932 247 50 contained
991 2933 43 49 in
1067 2932 122 52 them
1219 2932 94 50 and
1344 2932 147 50 evade
1524 2932 229 63 dropping
1786 2934 122 52 them
1941 2937 190 61 entirely
2163 2938 119 52 from
2314 2939 76 51 the
2422 2939 71 51 list
2524 2940 53 51 of

711 3000 223 51 notables.

817 3172 311 52 Intellectuals
1170 3172 145 62 adapt
1359 3172 271 52 themselves
1670 3173 82 51 but
1793 3175 49 51 ill
1886 3188 46 38 to
1975 3177 76 52 the
2094 3178 150 52 rather
2285 3179 288 54 remarkable

710 3243 349 50 circumstances
1095 3243 53 50 of
1180 3243 255 50 American
1470 3241 95 52 life.
1622 3243 19 49 I
1675 3243 94 53 find
1804 3244 113 52 their
1952 3248 243 51 resistance
2232 3249 94 51 and
2361 3272 128 29 sense
2522 3250 54 52 of

709 3315 265 58 oppression
1010 3313 231 59 curiously
1273 3311 273 62 misguided.
1606 3311 39 51 It
1680 3313 130 52 leads
1843 3316 44 50 in
1924 3315 75 52 the
2034 3338 105 30 case
2176 3318 53 50 of
2258 3318 117 52 Van
2408 3319 167 62 Wyck

714 3382 180 52 Brooks
917 3395 46 38 to
992 3382 109 52 such
1127 3404 26 29 a
1176 3384 167 59 vexing
1368 3381 255 52 aberration
1654 3405 49 29 as
1729 3405 26 29 a
1782 3384 136 62 study
1943 3386 54 51 of
2022 3386 170 62 Henry
2214 3387 157 61 James
2393 3393 179 49 written
