2992 4300
2033 3481 95 45 105

344 528 91 50 call
470 548 115 40 your
619 529 221 49 attention
877 539 45 38 to
961 526 75 51 the
1072 525 86 50 last
1192 536 93 39 two
1319 525 126 55 lines,
1482 521 151 51 which
1667 521 196 61 through
1898 521 210 60 rhyming

252 597 254 51 somewhat
545 597 289 63 imperfectly
872 608 183 39 contain
1094 615 28 29 a
1162 592 146 52 subtle
1347 594 286 53 dissonance,
1672 590 153 52 which
1860 591 36 50 is
1935 590 173 49 further

252 667 296 61 emphasized
579 668 62 61 by
673 668 75 51 the
779 667 98 51 fact
905 666 52 51 of
988 665 114 49 their
1130 663 136 61 being
1296 661 233 61 morbidly
1562 660 214 50 feminine
1808 658 193 61 rhymes.

818 732 255 53 exclaimed
1111 731 366 56 Croniamantal,
1731 741 47 37 to
1813 748 73 30 me
1925 727 51 49 of
2010 746 100 30 vers

559 877 88 51 live
934 872 125 52 cried
1086 872 74 50 the
1191 883 146 38 statue
1364 869 52 52 of
1442 869 186 50 bronze.

358 948 120 52 And
506 948 171 58 having
708 943 181 52 saluted
917 943 108 56 him,
1059 942 349 50 Croniamantal
1437 952 125 38 went
1591 939 69 51 his
1686 959 108 41 way
1823 938 186 59 looking
2039 936 73 51 for

255 1016 48 51 T
307 1018 199 49 ristouse.

358 1166 143 51 Some
525 1166 106 49 time
658 1164 127 54 later,
814 1161 76 51 the
915 1161 94 50 rich
1036 1161 235 60 Paponat,
1298 1159 150 61 proud
1473 1159 51 51 of
1548 1157 134 60 being
1709 1156 75 51 the
1809 1156 124 50 lover
1958 1154 52 50 of
2034 1154 76 49 the

256 1235 249 53 renowned
539 1235 253 53 Tristouse,
832 1231 94 51 and
959 1230 204 51 desirous
1195 1230 53 51 of
1279 1241 80 38 not
1393 1229 147 59 losing
1571 1227 81 51 her
1688 1226 71 50 for
1792 1226 77 51 she
1903 1225 83 51 did
2016 1223 96 53 him

254 1307 162 55 honor,
445 1303 200 53 decided
673 1315 46 38 to
749 1301 105 51 take
879 1301 69 51 his
975 1301 194 49 mistress
1197 1300 73 49 for
1299 1321 28 28 a
1352 1301 87 60 trip
1464 1297 196 61 through
1688 1296 189 51 Central
1907 1296 202 60 Europe.

584 1371 99 51 said
703 1371 254 54 Tristouse,
1113 1389 73 29 we
1205 1381 118 38 must
1343 1380 79 38 not
1442 1367 144 51 travel
1608 1387 48 30 as
1676 1366 159 49 lovers.
1875 1364 100 51 We
1994 1362 116 51 shall

258 1444 143 53 travel
428 1465 49 30 as
503 1456 92 38 two
622 1441 188 56 friends,
837 1441 94 49 and
961 1439 18 50 I
1008 1439 116 51 shall
1153 1438 126 51 dress
1300 1460 62 39 up
1390 1458 50 30 as
1465 1460 27 28 a
1517 1457 157 41 young
1696 1456 131 35 man;
1855 1456 78 39 my
1954 1434 101 51 hair
2079 1434 34 49 is

258 1516 151 50 rather
433 1514 137 55 short,
600 1510 94 53 and
721 1509 19 51 I
767 1510 119 51 have
912 1509 129 52 often
1067 1508 118 51 been
1209 1508 100 51 told
1333 1508 97 49 that
1459 1507 18 49 I
1501 1507 120 50 have
1647 1505 75 51 the
1746 1505 66 50 air
1837 1503 52 52 of
1914 1526 26 29 a
1963 1502 120 52 hand-

258 1607 125 29 some
409 1603 157 42 young
593 1602 122 30 man.

758 1649 99 52 said
894 1649 236 61 Paponat,
1326 1648 119 48 since
1478 1667 72 29 we
1582 1645 112 51 both
1728 1665 76 30 are
1837 1645 44 50 in
1915 1644 118 49 need
2063 1643 53 50 of

261 1745 160 40 repose
449 1743 73 30 we
552 1720 117 52 shall
702 1720 136 51 make
868 1740 83 30 our
983 1730 162 38 retreat
1177 1719 43 48 in
1253 1718 220 50 Moravia
1506 1718 44 49 in
1583 1738 27 29 a
1642 1726 195 40 convent
1867 1712 54 51 of
1953 1714 160 49 Briinn

258 1795 153 51 where
437 1814 78 39 my
542 1791 150 56 uncle,
720 1790 75 51 the
823 1791 122 60 prior
970 1789 52 50 of
1046 1789 291 59 Crepontois,
1367 1787 166 50 retired
1557 1786 119 51 after
1700 1786 76 51 the
1803 1786 236 61 expulsion
2063 1785 53 51 of

261 1864 77 50 the
381 1861 176 52 monks.
636 1858 41 51 It
721 1861 36 48 is
804 1880 86 28 one
936 1857 52 52 of
1035 1857 75 51 the
1155 1856 163 51 richest
1366 1856 93 49 and
1507 1855 127 50 finest
1680 1867 217 38 convents
1945 1856 45 48 in
2038 1855 76 50 the

259 1932 165 52 world.
472 1932 19 51 I
517 1931 116 51 shall
660 1941 180 51 present
863 1950 93 39 you
981 1950 50 29 as
1055 1950 88 29 one
1167 1927 53 51 of
1243 1947 78 41 my
1347 1926 187 57 friends,
1563 1927 93 50 and
1676 1927 119 51 have
1820 1947 59 30 no
1906 1926 114 56 fear,
2043 1946 73 29 we

260 2003 118 52 shall
407 2002 59 52 be
492 2001 139 52 taken
660 2001 71 51 for
759 1999 147 51 lovers
931 2001 91 58 just
1053 1997 74 51 the

557 2072 107 49 suits
838 2069 99 51 said
964 2069 252 55 Tristouse,
1378 2067 17 49 I
1425 2067 101 51 love
1550 2079 45 37 to
1620 2087 104 41 pass
1752 2065 73 51 for
1846 2065 98 51 that
1964 2064 152 51 which

264 2144 19 50 I
313 2165 75 30 am
414 2156 92 38 not.
551 2140 100 51 We
679 2140 131 50 leave

1138 2318 111 52 XV

1037 2454 315 51 VOYAGE

372 2590 350 51 Croniamantal
753 2601 123 39 went
906 2586 228 64 perfectly
1167 2586 112 51 mad
1312 2607 123 39 upon
1468 2585 189 58 hearing
1689 2582 52 51 of
1771 2581 75 51 the
1877 2581 245 60 departure

267 2661 51 51 of
346 2661 254 51 Tristouse.
647 2661 94 50 But
769 2671 47 38 at
842 2659 85 50 this
952 2670 106 38 time
1083 2657 60 51 he
1168 2657 151 59 began
1348 2667 46 40 to
1420 2657 190 47 become
1638 2652 196 56 famous,
1864 2651 94 51 and
1983 2671 49 29 as
2053 2650 69 49 his

267 2730 199 62 poetical
494 2741 156 50 repute
678 2728 169 52 waxed
877 2750 49 29 so
955 2728 82 51 did
1064 2727 70 51 his
1160 2746 152 41 vogue
1341 2746 51 29 as
1418 2746 27 29 a
1472 2723 251 52 dramatist.

371 2798 109 52 The
506 2798 196 51 theatres
726 2797 175 62 played
926 2797 69 51 his
1020 2796 134 62 plays
1182 2794 93 51 and
1300 2794 75 51 the
1402 2793 157 51 crowd
1586 2791 270 63 applauded
1878 2791 67 50 his
1971 2811 150 34 name,

267 2869 82 51 but
373 2881 48 39 at
448 2868 75 52 the
547 2890 125 29 same
693 2880 202 38 moment
922 2866 75 50 the
1023 2867 196 49 enemies
1244 2864 52 51 of
1321 2876 129 49 poets
1478 2862 94 51 and
1596 2873 161 50 poetry
1782 2881 121 30 were
1930 2861 170 49 increas-

268 2941 76 59 ing
371 2939 43 50 in
440 2937 192 52 number
659 2937 94 51 and
781 2937 207 61 growing
1016 2937 43 49 in
1088 2934 252 51 audacious
1365 2930 179 54 hatred.

372 3008 162 52 When
559 3008 58 51 he
645 3005 189 52 learned
858 3005 52 51 of
936 3005 76 51 the
1037 3005 245 60 departure
1309 3001 53 53 of
1384 3003 239 51 Tristouse
1644 3000 59 51 he
1729 2999 83 51 did
1836 3010 79 40 not
1938 3009 185 50 protest,

270 3079 81 52 but
390 3078 167 62 simply
594 3076 144 52 asked
777 3076 76 50 the
891 3075 238 60 concierge
1167 3074 37 51 if
1240 3074 78 51 she
1356 3073 135 49 knew
1530 3071 75 51 the
1643 3070 274 51 destination
1953 3068 52 50 of
2044 3066 75 51 the

267 3169 198 41 voyage.

538 3216 99 52 that
674 3215 19 51 I
962 3214 99 50 said
1100 3212 74 51 the
1211 3233 201 34 woman,
1559 3210 98 51 that
1694 3210 77 51 she
1806 3208 83 51 has
1925 3229 118 40 gone
2079 3220 45 37 to

269 3287 193 52 Central

762 3353 99 52 said
889 3351 367 56 Croniamantal,
1286 3351 93 52 and
1408 3351 230 58 returning
1668 3361 45 38 to
1740 3348 69 50 his
1839 3360 203 49 quarters
2067 3347 60 51 he
