2992 4300
843 3539 91 42 116

829 571 282 62 historically
1149 585 128 48 great
1313 575 199 60 painters
1545 574 53 51 of
1634 574 75 52 the
1745 575 316 51 Renaissance
2097 575 106 51 who
2239 574 140 52 made
2413 597 79 29 use
2526 574 53 51 of
2617 574 75 51 the

833 641 119 51 third
984 642 253 52 dimension
1269 644 110 50 with
1411 645 53 49 its
1497 645 208 60 imposed
1737 645 277 57 limitations,
2047 645 152 51 rather
2229 645 280 61 completely
2540 656 47 40 to
2617 644 75 52 the

832 731 101 32 awe
970 712 94 51 and
1100 712 242 53 confusion
1382 713 53 51 of
1471 713 339 52 academicians
1845 736 106 29 ever
1989 713 289 52 afterwards.
2337 715 100 50 We
2476 736 77 29 are
2593 713 101 52 told

832 782 113 51 their
975 782 144 52 direct
1148 783 135 57 heirs,
1318 785 198 59 painters
1549 785 52 50 of
1634 785 77 50 the
1751 785 108 52 16th
1893 797 206 48 century,
2133 806 77 29 are
2241 783 263 62 preferable
2537 796 47 39 to
2617 783 77 52 the

833 852 245 60 primitives
1106 852 197 52 because
1333 853 75 51 the
1436 853 209 61 problem
1672 854 54 50 of
1752 876 138 39 space
1914 856 98 50 had
2038 856 117 50 been
2184 854 162 51 solved
2376 853 74 52 for
2476 853 124 52 them
2629 854 63 60 by

834 920 75 51 the
943 923 367 60 geometricians;
1347 923 75 51 the
1455 925 150 60 recipe
1634 924 99 54 had
1764 924 117 52 been
1915 925 255 51 concocted
2205 925 94 51 and
2334 946 28 29 a
2398 924 209 51 freedom
2640 923 54 52 of

832 995 238 50 execution
1098 1006 47 38 to
1171 993 152 52 which
1350 1014 71 31 we
1453 1016 76 29 are
1556 994 81 51 but
1664 1017 106 29 now
1799 995 172 63 feeling
1998 1018 83 29 our
2109 1017 108 39 way
2248 1017 98 29 was
2372 995 219 51 removed
2621 994 74 52 for

830 1065 237 48 centuries.
1123 1063 207 57 Cubism,
1366 1084 71 31 we
1473 1086 78 29 are
1586 1064 116 58 told,
1737 1087 131 29 came
1906 1065 120 52 from
2057 1066 163 61 Spain,
2255 1065 206 62 possibly
2495 1064 200 52 because

834 1130 192 53 Picasso
1049 1134 35 48 is
1103 1131 216 62 Spanish,
1346 1155 51 30 or
1418 1134 191 51 Gleizes
1632 1135 95 51 and
1747 1135 153 51 others
1921 1136 122 51 lived
2066 1135 73 51 for
2165 1158 26 29 a
2215 1138 106 48 time
2342 1138 45 48 in
2413 1135 278 51 Barcelona.

834 1202 95 50 But
956 1214 46 39 to
1031 1223 83 40 say
1139 1202 98 51 that
1262 1202 173 52 cubism
1460 1225 131 29 came
1619 1204 119 52 from
1764 1204 75 52 the
1865 1207 266 59 oppression
2156 1205 54 51 of
2234 1205 128 51 those
2385 1205 108 51 who
2516 1202 180 54 carried

833 1273 75 51 the
936 1272 239 52 adulation
1203 1275 53 49 of
1281 1275 76 51 the
1387 1275 317 51 Renaissance
1732 1277 198 60 painters
1962 1276 94 51 and
2084 1276 113 51 their
2227 1276 263 61 admirably
2520 1275 175 52 limited

833 1343 241 63 technique
1098 1356 46 39 to
1168 1345 75 50 the
1266 1346 128 60 point
1418 1345 54 50 of
1497 1345 272 52 suffocation
1793 1347 161 50 would
1980 1346 57 52 be
2062 1367 159 31 nearer
2248 1347 75 51 the
2347 1347 136 51 truth.

936 1423 126 54 Two
1091 1425 212 62 chapters
1332 1447 50 30 as
1408 1427 107 50 well
1549 1447 50 31 as
1628 1449 28 29 a
1686 1427 94 51 few
1810 1427 167 52 chosen
2008 1428 346 61 reproductions
2384 1451 77 29 are
2493 1430 204 52 devoted

833 1507 46 38 to
909 1516 59 29 an
996 1497 270 50 orientation
1298 1496 53 51 of
1379 1496 76 52 the
1486 1497 118 51 rules
1633 1497 151 52 which
1816 1497 168 52 should
2013 1498 58 51 be
2100 1500 202 60 pursued
2330 1512 46 38 to
2407 1500 158 50 obtain
2597 1500 75 50 bin-

833 1566 159 50 ocular
1017 1568 281 59 perspective
1323 1567 153 51 which
1504 1569 35 49 is
1566 1568 263 51 contrasted
1855 1568 110 51 with
1994 1569 272 51 monocular
2291 1572 298 58 perspective,
2621 1571 76 50 the

833 1635 347 63 psychological
1208 1637 208 61 problem
1446 1638 54 51 of
1526 1638 77 51 the
1629 1638 172 51 double
1829 1641 165 59 image.
2046 1639 131 51 Here
2207 1661 27 29 a
2264 1641 94 49 real
2389 1639 308 51 contribution

836 1718 45 38 to
903 1705 242 63 technique
1166 1707 146 61 might
1330 1708 119 51 have
1469 1708 117 51 been
1608 1709 137 51 made
1765 1709 38 50 if
1824 1709 76 51 the
1921 1709 205 61 eyesight
2147 1709 52 51 of
2220 1709 256 52 individual
2498 1712 199 59 painters

833 1775 96 53 had
951 1775 116 51 been
1088 1776 195 51 studied.
1331 1778 39 49 It
1392 1780 34 48 is
1446 1779 258 60 proverbial
1728 1779 99 51 that
1846 1780 200 60 painters
2064 1779 118 51 have
2205 1780 48 50 ill
2277 1801 121 40 eyes.
2441 1779 256 62 Naturally

834 1846 262 61 impossible
1125 1859 46 39 to
1199 1848 125 50 learn
1351 1848 127 50 what
1505 1849 245 51 sicknesses
1779 1849 197 51 assailed
2003 1849 76 51 the
2104 1870 108 40 eyes
2235 1850 53 51 of
2313 1851 74 50 the
2413 1853 207 58 geniuses
2645 1853 54 49 of

837 1916 73 50 the
938 1929 117 48 past,
1088 1919 33 48 it
1149 1916 88 51 still
1266 1917 144 61 might
1439 1917 58 51 be
1528 1917 311 63 enlightening
1871 1931 47 38 to
1949 1920 184 60 register
2165 1920 76 49 the
2269 1921 172 60 optical
2470 1922 144 50 vision
2645 1921 54 51 of

836 1986 62 51 all
927 1987 140 60 living
1093 1988 198 60 painters
1319 2000 46 38 at
1394 2010 124 29 some
1547 1987 174 52 bureau
1750 1987 53 52 of
1831 1988 207 51 research
2069 1988 94 50 and
2191 1988 233 53 endeavor
2456 2011 28 30 a
2512 1991 167 51 classifi-

834 2058 153 50 cation
1020 2057 53 51 of
1106 2057 112 51 their
1251 2058 151 51 works
1437 2060 314 62 accordingly.
1806 2060 134 52 Who
1975 2061 160 51 knows
2164 2062 108 51 how
2305 2063 137 51 much
2479 2065 77 49 the
2589 2085 110 29 sane

834 2129 193 59 painter,
1056 2150 27 29 a
1112 2128 259 51 distinction
1402 2129 98 51 Mr.
1534 2129 163 51 Butler
1723 2131 172 56 makes,
1928 2131 143 61 might
2099 2131 168 51 benefit
2296 2132 404 52 therefrombut

838 2198 122 56 then,
987 2198 209 51 consider
1219 2199 75 51 the
1322 2201 161 49 critics'
1511 2221 120 39 eyes.
1676 2199 118 51 This
1821 2201 259 50 distinction
2104 2202 52 51 of
2179 2206 282 58 perspective
2485 2206 154 50 which
2664 2208 36 48 is

839 2289 49 28 so
923 2268 167 60 keenly
1124 2289 103 28 seen
1262 2268 64 61 by
1361 2268 127 51 those
1521 2269 108 51 who
1664 2269 146 51 desire
1841 2292 27 28 a
1902 2270 107 50 slice
2039 2270 55 50 of
2126 2284 160 38 nature
2316 2274 291 60 reproduced
2638 2297 59 29 on

836 2358 185 36 canvas,
1053 2339 35 48 is
1117 2338 234 51 unknown
1379 2350 46 40 to
1455 2339 75 51 the
1561 2339 191 51 modern
1782 2342 176 59 painter
1989 2340 156 51 whose
2174 2342 229 61 objective
2433 2345 36 50 is
2500 2345 77 51 the
2605 2367 72 29 cre-

838 2408 122 49 ation
983 2408 54 49 of
1060 2428 26 29 a
1109 2408 129 49 work
1261 2408 53 49 of
1338 2420 69 38 art
1429 2408 63 61 by
1518 2409 154 61 sifting
1694 2422 161 38 nature
1881 2410 197 61 through
2102 2410 68 51 his
2191 2411 167 51 mind's
2385 2434 86 40 eye
2494 2427 47 38 to
2565 2415 135 61 place

839 2495 122 41 upon
990 2496 28 30 a
1044 2475 180 51 surface
1252 2476 75 51 the
1352 2477 192 58 residue,
1570 2479 110 49 with
1705 2479 77 49 the
1807 2479 146 51 ablest
1980 2480 118 51 tools
2121 2480 58 51 he
2202 2481 86 51 has
2313 2495 47 38 at
2382 2483 70 50 his
2478 2484 218 61 disposal,

838 2546 94 51 and
957 2546 73 51 for
1053 2547 68 50 his
1143 2569 197 39 purpose
1366 2549 178 59 always
1568 2549 204 61 bending
1797 2549 122 52 them
1944 2563 46 38 to
2017 2551 75 51 the
2117 2552 95 50 will
2239 2552 53 51 of
2314 2552 68 52 his
2409 2557 290 59 conception,

838 2617 178 60 always
1037 2618 232 60 inventing
1290 2617 122 51 them
1436 2618 154 51 where
1613 2618 108 61 they
1744 2640 76 29 are
1843 2620 198 61 lacking.
2088 2620 82 52 He
2192 2623 35 49 is
2252 2636 80 37 not
2357 2623 174 53 limited
2554 2639 46 38 to
2625 2626 75 51 the

837 2687 204 62 heritage
1074 2688 52 50 of
1158 2688 76 50 the
1269 2688 203 51 Masters
1502 2688 54 51 of
1587 2690 75 50 the
1698 2688 251 62 European
1981 2691 332 59 Renaissance,
2347 2693 82 52 but
2461 2697 34 48 is
2527 2696 97 51 heir
2654 2709 46 38 to

839 2757 75 51 the
957 2759 146 49 artists
1144 2758 53 50 of
1237 2758 62 51 all
1342 2761 107 48 time
1450 2758 221 52 which
1713 2772 217 38 accounts
1971 2761 72 50 for
2084 2761 75 52 the
2201 2777 180 47 present
2422 2766 278 51 stimulation

838 2827 211 50 received
1077 2827 119 52 from
1223 2848 140 40 negro
1389 2827 243 62 sculpture.

942 2909 108 51 The
1087 2909 254 61 procedure
1380 2911 73 49 for
1491 2911 75 50 the
1600 2911 189 60 making
1826 2911 53 50 of
1916 2933 27 30 a
1979 2914 220 61 painting,
2241 2916 251 62 according
2531 2930 47 38 to
2616 2917 85 51 this

839 2980 254 55 instructor,
1120 2982 33 48 is
1180 3001 49 29 as
1255 2979 208 51 follows:
1514 2979 151 52 Make
1691 3002 50 28 as
1769 2980 104 51 able
1900 3003 26 28 a
1952 2982 212 62 drawing
2191 2984 119 52 from
2337 2998 161 38 nature
2523 3008 50 30 as
2598 3008 78 40 pos-

841 3049 124 51 sible.
1013 3049 169 61 Apply
1210 3049 75 51 the
1316 3050 116 60 rigid
1463 3049 114 51 laws
1603 3050 53 50 of
1684 3053 296 58 perspective,
2012 3073 48 29 as
2088 3065 65 39 set
2183 3054 141 51 down
2356 3055 63 61 by
2448 3057 77 50 the
2556 3057 145 50 ablest

839 3119 125 51 three
1001 3119 301 52 dimensional
1340 3121 198 59 painters
1576 3120 53 51 of
1666 3121 75 51 the
1782 3121 339 61 Renaissance;
2164 3125 107 51 then
2310 3126 141 51 color.
2511 3126 56 51 A
2606 3126 95 51 bad

839 3190 211 61 drawing
1078 3192 36 49 is
1142 3190 128 51 often
1300 3191 245 51 redeemed
1575 3191 62 61 by
1667 3191 141 57 color,
1840 3192 59 51 he
1928 3194 133 51 adds.

943 3260 249 59 Although
1218 3261 171 50 several
1416 3260 277 51 revolutions
1717 3283 76 29 are
1816 3262 176 52 related
2015 3266 46 50 in
2086 3265 86 52 this
2487 3267 214 52 scientific

841 3331 227 60 complete
1838 3333 138 51 taken
2008 3335 119 52 from
2160 3337 53 50 its
2244 3358 145 40 paper
2418 3359 136 30 cover
2555 3338 146 51 the

841 3401 251 51 revolution
1123 3401 186 51 created
1336 3399 62 63 by
1426 3401 75 51 the
1528 3422 181 31 camera
1738 3403 88 50 still
1857 3405 42 49 in
1926 3406 148 49 active
2103 3407 223 60 eruption,
2358 3429 49 29 as
2434 3408 75 51 the
2539 3408 162 61 photo-
