2992 4300
1995 3484 91 41 113

230 518 130 61 The
389 517 162 65 Fates
579 524 112 60 and
718 524 283 78 Penelope
1030 551 90 35 are
1146 526 263 76 spinners;
1444 527 90 60 the
1564 525 161 62 Fates
1753 553 132 51 span
1913 527 168 70 webs,

230 601 108 60 and
370 601 127 63 then
527 605 182 79 giving
733 606 135 62 each
896 607 115 61 soul
1042 633 70 34 an
1141 609 108 59 end
1279 607 128 78 they
1434 607 257 63 watched
1720 609 90 61 the
1837 610 214 61 unravel-

233 682 111 76 ling
371 684 133 62 with
532 690 282 61 measured
842 703 355 54 amusement;
1232 687 282 78 Penelope
1542 690 142 75 spins
1712 690 94 60 her
1833 690 126 61 web
1988 691 94 60 but

230 764 95 62 she
355 766 160 64 alone
545 770 248 61 unravels
822 771 55 59 it.

234 892 118 62 Her
389 893 123 64 face
545 897 43 60 is
623 922 31 35 a
691 897 245 76 diagram
973 896 62 61 of
1070 897 283 62 avouched
1390 897 324 77 perfection;
1757 898 92 60 her
1884 897 199 61 breasts

231 1001 89 34 are
344 976 139 62 seals
504 978 64 60 of
587 992 314 61 symmetry;
930 977 110 60 and
1065 977 94 61 her
1179 978 124 61 web
1329 978 265 70 deceives,
1621 979 296 77 appearing
1940 993 54 46 to
2016 978 70 61 be

231 1084 68 34 an
328 1058 340 61 arbitrament
691 1057 255 61 involved
969 1058 77 76 by
1070 1058 90 62 the
1184 1061 300 61 necessities
1509 1059 61 61 of
1597 1059 90 61 the
1714 1061 365 76 composition.

234 1174 291 76 Impassive
546 1200 59 35 as
625 1200 33 35 a
678 1175 275 60 mountain
976 1174 114 61 that
1112 1174 318 62 determines
1453 1175 90 61 the
1566 1175 169 76 shape
1758 1174 110 62 and
1893 1175 190 61 moods

231 1256 61 61 of
319 1256 92 63 the
436 1255 273 61 lowlands
734 1255 96 61 she
859 1255 217 78 silently
1105 1255 244 78 displays
1378 1256 94 61 her
1501 1256 362 61 incalculable
1891 1256 160 61 house-

233 1338 133 59 hold
391 1336 275 78 pasturing
692 1336 94 60 her
812 1336 171 61 lovers
1007 1363 70 36 on
1104 1338 94 59 her
1225 1338 191 69 maids,
1447 1340 110 60 and
1588 1339 226 77 alotting
1842 1340 161 61 orbits
2031 1357 53 44 to

233 1419 91 61 her
352 1444 121 36 sons
498 1419 112 61 and
639 1419 92 60 her
758 1418 294 62 husbands.

233 1546 244 60 Heavier
507 1543 130 63 than
671 1546 340 68 infatuation,
1046 1571 144 35 more
1223 1546 334 77 implicating
1588 1547 129 60 than
1750 1547 134 75 pity,
1918 1547 42 60 is
1992 1546 92 60 her

230 1627 306 76 oppressive
568 1626 254 77 strength,
858 1627 182 62 which
1075 1628 43 60 is
1151 1627 90 61 the
1274 1628 283 77 arranging
1593 1627 109 61 and
1739 1627 345 76 inescapable

231 1708 150 61 hand
409 1708 61 60 of
496 1708 184 60 Order
705 1708 114 61 that
847 1708 183 61 makes
1056 1735 33 34 a
1114 1735 144 43 man,
1286 1735 31 34 a
1345 1708 242 61 function
1612 1735 57 34 or
1696 1735 33 34 a
1757 1724 324 45 monument.

234 1824 127 60 The
403 1823 135 77 gods
573 1823 219 61 waived
832 1823 230 77 Ulysses
1104 1823 84 61 for
1226 1838 87 46 ten
1349 1848 180 52 years;
1574 1823 165 61 death
1777 1821 147 61 itself
1962 1847 90 51 sug-

235 1905 183 76 gested
447 1905 252 76 parodies
733 1905 84 61 for
847 1932 68 34 an
949 1905 342 61 incantation.
1364 1904 337 70 Goddesses,
1734 1904 208 61 offered
1978 1903 106 61 like

233 1987 181 76 spoils,
449 1987 134 61 with
618 2012 34 34 a
684 1988 303 76 patrimony
1020 1989 52 60 in
1109 1987 267 74 Elysium,
1411 2013 33 35 a
1476 1987 187 74 virgin,
1698 1987 90 61 the
1820 1985 107 61 still
1964 1985 119 61 shut

234 2068 108 61 fists
371 2068 61 61 of
457 2068 188 61 whose
670 2093 185 52 young
880 2068 201 61 breasts
1109 2068 132 61 held
1269 2068 90 61 the
1386 2069 218 75 copious
1631 2067 141 62 buds
1799 2068 62 61 of
1890 2068 161 76 happi-

234 2176 133 43 ness,
400 2149 78 61 all
511 2148 206 77 merely
747 2149 325 76 interrupted
1106 2149 232 76 Ulysses
1369 2152 52 58 in
1456 2150 82 60 his
1573 2149 262 62 ordained
1868 2148 189 62 oscilla-

234 2247 136 44 tions
398 2230 211 61 toward
642 2230 298 77 Penelope.

235 2345 217 59 Transit
493 2342 201 62 looked
733 2342 235 78 steadily
1006 2368 180 52 away,
1230 2343 294 77 dissenting
1564 2343 138 60 from
1744 2342 93 61 her
1876 2342 179 76 perfec-

234 2426 136 67 tion;
416 2423 259 78 avoiding
713 2423 91 61 the
842 2425 334 76 penetrating
1216 2439 287 45 monotone
1541 2423 62 61 of
1644 2423 94 60 her
1774 2422 202 78 beauty
2016 2422 70 61 he

234 2506 174 60 raised
438 2506 209 76 against
677 2505 93 61 her
799 2505 371 61 invulnerable
1198 2505 156 61 order
1382 2505 91 61 the
1504 2505 290 61 invincible
1825 2503 172 61 rebels
2025 2503 61 61 of

234 2587 250 69 creation,
508 2586 96 61 but
628 2586 189 61 before
840 2586 90 61 the
952 2586 171 61 battle
1147 2585 164 62 could
1334 2586 68 61 be
1423 2585 204 76 joined,
1655 2586 69 61 he
1745 2611 116 35 was
1886 2585 198 76 caught

234 2694 143 51 upon
418 2667 94 61 her
555 2694 150 51 gaze.
792 2667 95 63 He
930 2694 116 34 was
1089 2667 415 78 ignominiously
1546 2667 289 76 expended
1880 2693 70 34 on
1992 2667 94 61 her

233 2749 414 61 handmaidens.

237 2863 186 61 Death
455 2863 157 76 helps
644 2888 60 36 us
739 2877 54 46 to
825 2890 88 33 see
946 2863 89 61 the
1071 2863 115 61 soul

235 2945 84 60 for
352 2945 38 60 it
421 2971 59 34 as
511 2943 273 77 suddenly
818 2944 214 61 renders
1065 2944 97 61 life
1194 2971 32 34 a
1256 2943 369 77 background.

237 3058 154 60 How
422 3058 190 61 would
644 3084 108 52 you
785 3060 128 59 die?

237 3174 212 61 Kindle
479 3199 34 36 a
543 3199 215 35 woman
792 3173 168 61 under
991 3198 112 45 me;

235 3257 36 58 it
300 3254 118 61 will
446 3254 71 61 be
545 3279 71 36 no
643 3253 239 78 phoenix
911 3278 147 52 pyre,

237 3338 20 60 I
286 3337 116 59 will
432 3337 133 61 burn
592 3334 330 77 delectably.
