2992 4300
2064 3527 63 41 83

984 799 411 62 KABNIS

1419 802 36 35 *

392 952 164 61 Night,
585 952 92 50 soft
702 952 126 60 belly
854 951 53 49 of
934 972 28 28 a
987 964 224 48 pregnant
1239 953 216 61 Negress,
1486 954 155 50 throbs
1667 955 163 59 evenly
1858 957 177 57 against
2061 955 74 50 the

289 1032 120 39 torso
441 1021 53 50 of
525 1021 75 49 the
632 1020 162 50 South.
847 1019 151 60 Night
1028 1019 154 51 throbs
1213 1042 27 29 a
1267 1021 292 61 womb-song
1591 1034 46 38 to
1667 1022 75 51 the
1771 1022 162 51 South.
1985 1022 121 50 Cane-

287 1092 92 49 and
403 1090 322 55 cotton-fields,
750 1091 106 59 pine
881 1089 175 57 forests,
1082 1112 182 40 cypress
1288 1113 210 40 swamps,
1525 1093 250 57 saw-mills,
1803 1094 93 50 and
1923 1094 211 51 factories

287 1181 75 29 are
390 1160 170 50 fecund
586 1171 46 38 at
656 1159 81 50 her
762 1159 152 53 touch.
962 1160 187 60 Night's
1173 1160 291 62 womb-song
1489 1174 87 38 sets
1601 1162 122 51 them
1749 1165 187 58 singing.
1985 1163 148 60 Night

285 1229 147 50 winds
461 1249 75 29 are
566 1227 74 50 the
668 1227 240 61 breathing
935 1228 54 51 of
1018 1229 73 50 the
1120 1230 178 50 unborn
1327 1231 125 49 child
1480 1232 156 50 whose
1665 1233 120 49 calm
1816 1232 242 60 throbbing
2090 1234 43 47 in

286 1298 74 50 the
384 1298 125 59 belly
532 1296 52 51 of
607 1318 27 29 a
659 1296 203 61 Negress
885 1310 86 38 sets
994 1298 123 50 them
1141 1300 305 61 somnolently
1472 1302 190 59 singing.
1710 1301 133 51 Hear
1867 1303 111 49 their
2005 1322 125 39 song.

898 1423 141 44 White
1041 1423 142 43 -man's
1217 1423 105 43 land.

900 1481 184 52 Niggers,
1110 1484 96 49 sing.

900 1540 123 50 Burn,
1056 1541 95 43 bear
1181 1541 120 43 black
1334 1541 174 44 children

897 1598 84 43 Till
1010 1616 99 34 poor
1138 1602 115 40 rivers
1282 1599 112 52 bring

898 1655 113 50 Rest,
1039 1656 79 44 and
1142 1668 118 33 sweet
1283 1658 112 52 glory

898 1715 46 43 In
968 1716 131 51 Camp
1127 1715 183 44 Ground.

383 1833 250 61 Sempter's
656 1846 155 39 streets
832 1856 76 29 are
930 1848 166 38 vacant
1121 1837 94 49 and
1236 1837 103 51 still.
1382 1837 164 51 White
1570 1839 127 59 paint
1717 1858 60 30 on
1800 1838 75 50 the
1896 1837 235 51 wealthier

279 1903 163 52 houses
472 1903 83 52 has
586 1903 75 52 the
693 1903 107 52 chill
831 1904 108 51 blue
971 1905 148 61 glitter
1150 1905 52 51 of
1232 1905 168 51 distant
1432 1919 124 37 stars.
1609 1907 164 61 Negro
1804 1907 156 50 cabins
1992 1928 77 29 are
2102 1928 28 28 a

280 1971 162 61 purple
469 1970 117 53 blur.
637 1971 162 52 Broad
825 1971 149 52 Street
1002 1975 36 48 is
1067 1973 224 50 deserted.
1342 1974 175 51 Winds
1545 1976 76 50 stir
1648 1974 198 52 beneath
1875 1974 76 52 the
1979 1996 127 30 corru-

279 2042 140 61 gated
454 2044 96 48 iron
585 2044 217 59 canopies
835 2042 94 51 and
963 2042 170 63 dangle
1168 2044 96 51 odd
1298 2044 87 51 bits
1416 2044 54 51 of
1503 2065 109 41 rope
1645 2045 93 50 tied
1771 2058 45 37 to
1848 2045 153 51 horse-
2035 2045 91 50 and

277 2112 347 61 mule-gnawed
662 2111 203 62 hitching
905 2125 137 48 posts.
1101 2114 110 49 One
1253 2126 118 38 store
1408 2114 204 50 window
1653 2115 82 49 has
1776 2136 28 30 a
1844 2115 112 60 light
1996 2116 41 48 in
2078 2117 47 47 it.

277 2180 306 52 Chesterfield
619 2182 217 60 cigarette
875 2183 94 51 and
1006 2181 301 52 Chero-Cola
1344 2182 262 51 cardboard
1644 2182 369 51 advertisements
2051 2205 77 28 are

277 2250 191 50 stacked
493 2252 45 48 in
564 2252 46 48 it.
657 2250 140 50 From
823 2271 27 29 a
878 2251 95 49 side
1001 2251 114 51 door
1141 2263 93 39 two
1259 2272 104 30 men
1388 2272 131 30 come
1543 2263 96 39 out.
1686 2252 170 56 Pause,
1886 2252 71 51 for
1985 2275 27 28 a
2043 2253 83 49 last

276 2319 133 51 word
431 2319 93 50 and
548 2319 106 51 then
676 2319 108 61 they
806 2340 82 40 say
910 2319 124 61 good
1054 2319 141 61 night.
1237 2319 129 51 Soon
1388 2321 108 59 they
1518 2321 111 50 melt
1651 2323 44 48 in
1717 2321 215 50 shadows
1955 2322 171 49 thicker

281 2387 111 50 than
422 2387 123 62 they.
614 2388 136 61 Way
779 2388 65 51 off
875 2388 140 51 down
1044 2388 77 51 the
1152 2401 134 38 street
1317 2389 106 51 four
1453 2388 163 62 figures
1645 2410 128 40 sway
1805 2389 196 51 beneath
2030 2392 96 48 iron

276 2459 206 60 awnings
515 2458 152 52 which
705 2458 118 51 form
863 2479 26 30 a
925 2470 90 39 sort
1051 2459 52 51 of
1137 2459 205 51 corridor
1376 2459 98 51 that
1508 2459 287 62 imperfectly
1834 2460 164 51 echoes
2034 2462 92 49 and

273 2528 199 61 jumbles
497 2528 128 50 what
652 2528 109 61 they
792 2549 95 40 say.
934 2529 54 51 A
1016 2528 102 50 fifth
1148 2529 120 51 form
1296 2531 119 59 joins
1444 2529 136 51 them.
1629 2529 140 61 They
1800 2543 99 37 turn
1928 2531 93 50 into
2050 2531 75 50 the

276 2596 116 51 road
417 2596 99 51 that
543 2596 129 51 leads
700 2609 46 38 to
776 2596 224 61 Halsey's
1024 2596 259 62 workshop.
1331 2596 110 52 The
1467 2597 82 51 old
1576 2597 209 63 building
1813 2600 35 48 is
1874 2599 224 61 phosphor-

275 2679 152 38 escent
459 2666 147 52 above
637 2666 119 61 deep
787 2666 156 53 shade.
992 2666 108 51 The
1131 2666 162 61 figures
1322 2688 105 40 pass
1457 2667 196 61 through
1684 2669 75 50 the
1790 2669 173 50 double
1992 2670 129 49 door.

276 2736 151 61 Night
451 2736 150 49 winds
626 2736 197 60 whisper
850 2737 44 48 in
922 2736 74 49 the
1023 2756 148 29 eaves.
1218 2736 115 61 Sing
1361 2736 193 61 weirdly
1582 2738 44 49 in
1655 2737 75 51 the
1757 2737 165 61 ceiling
1949 2738 171 50 cracks.

277 2802 94 51 Stir
394 2802 121 51 curls
540 2802 52 51 of
619 2802 212 61 shavings
853 2824 61 29 on
940 2802 75 51 the
1042 2802 126 51 floor.
1234 2802 184 63 Halsey
1444 2803 136 61 lights
1604 2826 28 29 a
1656 2804 182 51 candle.
1899 2804 56 51 A
1980 2806 116 59 good-

273 2874 127 51 sized
427 2873 178 52 lumber
630 2895 186 39 wagon,
842 2873 172 51 wheels
1041 2873 80 57 off,
1150 2886 109 38 rests
1284 2896 125 39 upon
1438 2876 76 49 the
1541 2876 171 50 blocks.
1762 2876 180 50 Kabnis
1968 2877 156 49 makes

273 2966 28 29 a
333 2943 106 52 face
466 2956 47 38 at
541 2945 46 49 it.
634 2944 85 50 An
747 2943 241 61 unearthly
1016 2943 116 51 hush
1161 2944 33 50 is
1222 2965 125 40 upon
1377 2944 75 51 the
1481 2945 148 60 place.
1681 2944 80 51 No
1789 2967 87 29 one
1905 2967 143 29 seems
2078 2959 46 37 to

272 3025 128 39 want
427 3024 47 38 to
501 3013 112 49 talk.
660 3012 78 50 To
765 3032 149 35 move,
947 3013 82 49 lest
1056 3012 76 50 the
1160 3014 209 60 scraping
1397 3013 54 51 of
1477 3013 113 51 their
1622 3013 92 51 feet
1753 3056 8 8 .
1813 3056 9 8 .
1874 3056 7 9 .

379 3083 208 61 Halsey:
663 3081 150 51 Come
839 3103 59 29 on
922 3081 139 51 down
1088 3081 86 51 this
1194 3103 125 41 way,
1349 3083 135 50 folks.

381 3150 83 52 He
499 3150 131 52 leads
665 3150 76 52 the
774 3170 122 41 way.
950 3150 148 51 Stella
1136 3150 199 51 follows.
1388 3150 120 52 And
1545 3152 120 50 close
1702 3152 118 50 after
1851 3152 95 58 her,
1983 3154 141 54 Cora,

273 3224 169 55 Lewis,
483 3221 94 51 and
614 3220 197 52 Kabnis.
869 3220 140 61 They
1047 3220 202 53 descend
1284 3224 93 48 into
1416 3222 77 51 the
1532 3222 144 51 Hole.
1736 3222 40 51 It
1811 3244 141 30 seems
1984 3224 137 60 huge,

369 3338 27 27 *
415 3337 92 43 One
543 3340 46 45 of
620 3354 25 26 a
679 3334 207 46 collection
920 3339 45 46 of
995 3335 135 44 stories
1161 3334 83 43 and
1276 3349 134 37 poems
1447 3343 34 34 to
1517 3335 48 44 be
1607 3335 210 51 published
1852 3337 71 43 this
1959 3337 76 48 fall
2071 3337 49 48 b\)

274 3395 106 44 Boni
410 3396 38 42 &
476 3394 202 53 Liveright
713 3394 131 53 (New
878 3394 136 53 York)
1052 3393 123 44 under
1203 3393 79 43 title
1314 3398 44 44 of
