2992 4300
895 3532 91 40 106

900 569 222 61 gathered
1159 591 61 40 up
1254 570 76 53 the
1363 572 173 51 several
1575 572 230 52 thousand
1842 573 154 51 francs
2027 573 59 52 he
2123 574 87 51 still
2244 572 240 62 possessed
2520 573 95 51 and
2648 572 110 53 took

900 639 73 51 the
997 642 115 48 train
1137 640 72 51 for
1232 642 242 61 Germany
1498 654 45 38 at
1565 642 76 52 the
1664 643 131 51 Gare
1816 644 64 51 du
1903 643 153 52 Nord.

1004 710 81 52 On
1120 711 75 51 the
1231 711 243 64 following
1508 713 112 61 day,
1653 713 255 53 Christmas
1941 736 96 35 eve,
2076 714 74 52 the
2182 715 115 50 train
2328 734 97 31 was
2458 713 225 63 engulfed
2714 715 44 50 in

898 780 76 52 the
1015 803 241 30 enormous
1294 784 207 49 terminal
1540 783 52 50 of
1630 784 228 61 Cologne.
1917 784 368 57 Croniamantal,
2327 785 213 60 carrying
2578 804 27 29 a
2644 783 114 50 little

897 851 156 56 valise,
1082 851 266 52 descended
1374 854 88 49 last
1489 852 119 52 from
1632 852 70 52 his
1730 854 262 50 third-class
2015 852 161 54 coach.

1002 923 202 54 Outside
1230 925 58 51 he
1314 925 180 51 saluted
1521 926 76 51 the
1622 926 172 56 Dome,
1822 926 186 62 solitary
2035 929 44 49 in
2103 926 77 51 the
2201 925 139 53 midst
2361 925 54 53 of
2437 925 75 52 the
2539 923 219 63 irregular

900 1014 163 40 square
1094 993 151 51 which
1277 996 33 48 it
1343 993 127 54 filled
1498 995 111 50 with
1642 996 55 48 its
1728 995 127 52 bulk.
1926 996 108 51 The
2067 997 163 50 station
2260 995 186 62 heaped
2479 996 52 48 its
2562 993 194 52 modern

897 1085 122 30 mass
1044 1064 123 51 close
1195 1077 46 38 to
1270 1064 75 51 the
1372 1066 122 61 huge
1523 1064 255 53 cathedral.
1829 1064 172 53 Hotels
2030 1066 166 62 spread
2227 1066 113 51 their
2366 1067 122 60 signs
2516 1066 45 51 in
2589 1063 169 62 hybrid

900 1133 252 62 languages
1193 1134 94 51 and
1328 1134 233 61 appeared
1601 1147 47 39 to
1683 1134 117 52 hold
1839 1136 115 52 their
1992 1136 247 62 respectful
2277 1136 207 50 distance
2524 1134 120 51 from
2681 1133 77 52 the

900 1203 153 62 gothic
1089 1204 217 51 colossus.
1366 1205 351 51 Croniamantal
1758 1205 163 53 sniffed
1957 1205 75 53 the
2070 1207 150 51 odour
2256 1207 53 51 of
2344 1207 76 52 the
2458 1219 126 40 town
2622 1207 72 52 for
2730 1228 28 30 a

897 1273 109 62 long
1034 1275 120 50 time.
1203 1274 83 51 He
1315 1274 183 52 seemed
1528 1287 46 39 to
1602 1274 57 52 be
1686 1275 337 63 disappointed.

1160 1346 35 50 is
1222 1358 80 39 not
1515 1346 60 51 he
1603 1346 100 51 said
1733 1359 45 38 to
1806 1346 200 59 himself,
2178 1369 110 29 nose
2316 1348 161 50 would
2504 1348 129 50 smell
2658 1348 98 56 her,

894 1437 79 40 my
1000 1437 159 30 nerves
1183 1415 161 52 would
1371 1416 189 56 vibrate,
1587 1438 77 39 my
1689 1438 107 40 eyes
1823 1418 161 50 would
2009 1439 74 31 see

1004 1489 82 52 He
1114 1489 184 52 crossed
1328 1489 76 52 the
1432 1501 139 45 town,
1603 1490 166 61 passed
1799 1491 75 51 the
1902 1490 315 52 fortifications
2244 1514 60 29 on
2333 1492 101 53 foot
2459 1515 51 30 as
2535 1494 38 51 if
2598 1494 160 53 driven

893 1557 65 62 by
988 1580 59 29 an
1075 1558 233 51 unknown
1339 1558 126 51 force
1496 1558 140 63 along
1668 1558 75 53 the
1768 1561 125 50 main
1921 1560 130 57 road,
2084 1560 324 58 downstream,
2440 1583 61 30 on
2531 1562 77 51 the
2638 1562 118 63 right

894 1628 126 52 bank
1044 1630 55 50 of
1123 1630 76 50 the
1225 1630 171 52 Rhine.
1442 1631 119 51 And
1588 1632 43 50 in
1658 1630 136 57 truth,
1823 1631 237 51 Tristouse
2087 1631 94 51 and
2210 1631 220 61 Paponat
2454 1631 98 52 had
2575 1631 183 52 arrived

896 1698 76 52 the
1000 1699 128 61 night
1155 1698 161 52 before
1345 1702 46 48 in
1418 1699 230 63 Cologne,
1677 1701 137 51 taken
1847 1722 57 30 an
1935 1701 280 51 automobile
2244 1701 93 51 and
2364 1702 249 51 continued
2643 1702 115 51 their

897 1771 217 59 journey;
1150 1768 108 62 they
1286 1768 97 52 had
1411 1769 136 51 taken
1580 1771 75 50 the
1687 1769 117 63 right
1832 1769 124 52 bank
1984 1771 53 50 of
2068 1771 75 50 the
2173 1771 154 50 Rhine
2356 1773 45 48 in
2431 1771 76 52 the
2534 1772 222 51 direction

897 1838 55 51 of
974 1838 229 57 Coblenz,
1234 1838 94 51 and
1352 1838 351 52 Croniamantal
1730 1861 98 29 was
1853 1838 243 63 following
2121 1840 115 51 their
2258 1840 117 51 trail.

1001 1912 254 50 Christmas
1279 1932 83 30 eve
1387 1933 145 29 came.
1579 1913 85 51 An
1691 1913 82 49 old
1797 1912 195 62 prophet
2018 1913 54 51 of
2096 1934 27 30 a
2148 1913 131 51 rabbi
2305 1914 119 52 from
2450 1914 306 59 Dollendorf,

896 1981 92 59 just
1015 2002 50 28 as
1087 1980 60 51 he
1170 2000 99 31 was
1293 1983 240 59 venturing
1557 2003 125 39 upon
1707 1981 76 51 the
1808 1981 162 63 bridge
1993 1983 151 50 which
2171 1983 115 50 links
2314 1983 137 52 Bonn
2477 1984 110 51 with
2617 1985 137 56 Buel,

896 2072 97 30 was
1016 2051 215 62 repulsed
1253 2051 63 62 by
1340 2073 27 30 a
1390 2053 172 50 violent
1585 2065 102 48 gust
1711 2053 53 50 of
1786 2053 141 50 wind.
1970 2053 108 52 The
2101 2074 127 31 snow
2253 2054 82 52 fell
2360 2056 43 49 in
2430 2077 27 29 a
2478 2068 131 49 great
2631 2077 121 40 rage.

901 2121 104 52 The
1047 2121 148 52 sound
1234 2122 54 50 of
1326 2122 74 51 the
1443 2122 105 61 gale
1589 2122 225 51 drowned
1853 2124 64 50 all
1957 2122 75 52 the
2073 2124 255 50 Christmas
2366 2145 150 41 songs,
2557 2125 82 52 but
2680 2126 75 51 the

897 2190 230 52 thousand
1155 2191 133 61 lights
1314 2191 52 51 of
1392 2192 75 50 the
1495 2204 114 39 trees
1637 2192 212 61 glittered
1875 2195 43 48 in
1947 2192 115 52 each
2086 2192 157 51 house.

999 2261 109 51 The
1134 2261 82 51 old
1242 2261 103 61 Jew
1372 2282 168 31 swore:

1380 2351 156 41 wetter
1576 2384 135 9 ...
1755 2343 20 50 I
1808 2343 116 51 shall
1955 2365 137 29 never
2121 2357 76 49 get
2227 2357 45 38 to
2303 2345 267 52 Haenchen
2610 2389 9 9 .
2674 2389 9 9 .
2735 2388 10 10 .

897 2409 201 56 Winter,
1131 2431 78 39 my
1242 2411 80 49 old
1354 2411 167 57 friend,
1554 2413 110 50 thou
1698 2426 129 38 canst
1858 2414 121 50 avail
2009 2413 191 62 nothing
2232 2418 178 59 against
2437 2439 79 40 my
2548 2418 83 52 old
2662 2418 94 52 and

897 2479 168 60 joyous
1095 2500 193 35 carcass,
1325 2481 62 50 let
1416 2502 73 29 me
1522 2503 120 28 cross
1673 2483 194 51 without
1895 2484 253 51 hindrance
2180 2486 86 50 this
2298 2487 81 51 old
2413 2488 157 52 Rhine
2601 2489 154 52 which

897 2550 34 50 is
959 2571 50 29 as
1039 2549 208 52 drunken
1278 2572 50 29 as
1355 2550 225 63 thirty-six
1607 2553 275 51 drunkards.
1932 2554 76 51 As
2036 2567 46 38 to
2109 2555 185 61 myself,
2328 2557 19 51 I
2377 2557 125 52 bend
2530 2581 79 40 my
2636 2572 120 49 steps

897 2620 180 51 toward
1109 2620 76 52 the
1216 2620 138 51 noble
1386 2634 157 40 tavern
1579 2623 273 62 frequented
1884 2624 62 61 by
1979 2625 75 51 the
2090 2625 271 52 Borussians
2392 2629 112 61 only
2533 2642 47 39 to
2614 2632 142 61 tipple

896 2691 43 49 in
974 2712 232 39 company
1240 2691 110 51 with
1383 2691 127 51 those
1542 2693 139 50 white
1716 2693 193 52 bonnets
1943 2695 94 51 and
2070 2708 46 38 at
2150 2695 113 52 their
2294 2710 112 45 cost,
2444 2699 90 52 like
2567 2723 28 29 a
2631 2700 127 62 good

896 2760 246 57 Christian,
1171 2761 223 61 although
1424 2761 18 51 I
1472 2784 75 29 am
1575 2784 27 28 a

1000 2828 108 53 The
1136 2831 147 50 sound
1307 2831 54 51 of
1386 2831 75 51 the
1485 2832 104 60 gale
1616 2832 207 52 doubled
1851 2836 42 48 in
1919 2835 121 61 fury,
2067 2848 180 50 strange
2272 2841 153 51 voices
2448 2844 139 52 made
2613 2845 115 51 them-

896 2900 143 49 selves
1072 2901 159 49 heard.
1283 2901 109 51 The
1423 2902 81 50 old
1536 2902 131 51 rabbi
1701 2902 208 52 shivered
1941 2906 93 51 and
2067 2909 148 49 raised
2247 2910 69 51 his
2344 2911 125 52 head
2497 2915 184 61 crying:

1035 2969 310 53 Donnerkeil!
1399 2972 66 50 Ui
1490 2972 94 61 jeh,
1616 2973 72 57 ch,
1716 2975 73 55 ch,
1816 2975 72 50 ch.
1941 2975 98 52 Eh!
2090 2976 114 62 Say,
2232 3001 62 40 up
2322 2981 140 58 there,
2490 3005 94 39 you
2611 2986 145 61 ought

896 3052 44 38 to
973 3061 59 41 go
1067 3041 142 50 about
1242 3062 119 40 your
1392 3041 202 52 business
1626 3043 178 51 instead
1838 3044 52 51 of
1921 3046 189 62 making
2142 3048 80 51 life
2253 3052 243 52 miserable
2534 3053 72 52 for
2641 3076 115 41 poor

893 3109 160 61 happy
1079 3109 144 51 devils
1246 3110 156 51 whose
1432 3110 96 51 fate
1554 3112 134 51 sends
1711 3113 123 52 them
1860 3113 202 53 abroads
2086 3138 58 30 on
2172 3119 109 51 such
2307 3121 151 61 nights
2493 3164 9 9 .
2551 3165 8 9 .
2604 3165 10 10 .
2650 3124 99 52 Eh!

893 3180 215 56 mothers,
1138 3202 78 29 are
1242 3201 94 40 you
1366 3202 59 30 no
1456 3182 159 61 longer
1642 3183 147 51 under
1818 3183 75 52 the
1922 3184 284 55 domination
2233 3189 53 51 of
2312 3190 259 55 Solomon?

894 3249 168 63 Ohey!
1113 3250 166 62 Ohey!
1330 3250 210 53 Tseilom
1583 3251 137 64 Kop!
1771 3254 236 52 Meicabl!
2060 3258 310 54 Farwaschen
2417 3263 194 52 Ponim!
2661 3265 61 51 Be-

893 3320 170 52 heime!
1117 3321 111 52 You
1256 3335 127 37 want
1413 3335 45 38 to
1488 3335 187 48 prevent
1701 3345 72 30 me
1804 3325 118 52 from
1952 3326 212 64 drinking
2191 3329 75 52 the
2294 3333 226 52 excellent
2548 3334 206 52 Moselle

894 3391 140 50 wines
1051 3391 110 50 with
1180 3391 78 51 the
1275 3391 205 51 students
1499 3392 52 50 of
1571 3394 218 49 Borussia
1808 3395 106 51 who
1935 3418 76 29 are
2030 3397 110 61 only
2161 3410 76 38 too
2256 3399 160 63 happy
2436 3414 46 39 to
2502 3415 118 40 toast
2641 3405 110 50 with
