2992 4300
2132 3491 59 43 73

450 773 178 64 THE
666 776 458 63 FOUNTAIN
1162 776 112 63 OF
1312 776 411 63 ETERNAL
1761 778 312 61 YOUTH

447 922 211 62 History,
683 925 194 61 history!
941 926 98 48 We
1064 925 136 56 fools,
1224 925 127 51 what
1376 926 61 50 do
1461 946 73 31 we
1557 926 138 51 know
1719 948 50 29 or
1794 931 136 46 care?
1996 927 193 60 History

340 989 159 64 begins
528 993 71 51 for
627 1016 51 28 us
703 996 111 49 with
840 995 186 50 murder
1053 995 91 50 and
1172 995 324 58 enslavement,
1528 1009 78 38 not
1632 997 110 51 with
1773 997 251 61 discovery.
2091 998 96 56 No,

340 1081 71 30 we
438 1083 76 30 are
539 1076 79 38 not
645 1063 185 51 Indians
856 1063 81 51 but
959 1085 72 29 we
1058 1086 75 28 are
1157 1086 103 29 men
1286 1066 52 50 of
1366 1066 112 50 their
1501 1066 164 50 world.
1729 1067 107 51 The
1863 1067 145 51 blood
2034 1090 155 28 means

340 1134 211 61 nothing;
580 1134 75 50 the
679 1136 137 59 spirit,
842 1134 76 51 the
942 1134 132 61 ghost
1100 1136 52 49 of
1174 1136 74 50 the
1274 1137 111 51 land
1407 1158 155 30 moves
1585 1139 43 49 in
1652 1138 75 50 the
1751 1138 159 56 blood,
1935 1160 154 29 moves
2114 1139 75 50 the

340 1202 158 52 blood.
561 1203 39 51 It
621 1205 34 49 is
674 1224 72 30 we
767 1203 106 51 who
898 1224 80 30 ran
1000 1216 46 38 to
1072 1204 73 51 the
1171 1204 129 51 shore
1323 1207 168 56 naked,
1514 1228 72 31 we
1610 1207 105 50 who
1740 1208 138 56 cried,

584 1274 157 49 These
762 1296 75 27 are
858 1274 75 51 the
952 1275 277 51 inhabitants
1251 1276 53 50 of
1323 1298 83 28 our
1427 1278 135 56 souls,
1585 1299 82 30 our
1686 1279 244 50 murdered
1952 1280 120 50 souls
2093 1279 96 51 that

341 1344 59 49 lie
438 1384 62 9 ..
542 1384 9 9 .
593 1344 105 59 agh.
759 1344 180 51 Listen!
1007 1344 18 51 I
1051 1346 78 50 tell
1155 1367 93 39 you
1272 1348 32 48 it
1326 1368 97 29 was
1447 1348 139 61 lucky
1613 1348 72 50 for
1708 1348 143 61 Spain
1877 1349 75 49 the
1977 1349 90 49 first
2093 1349 96 60 ship

344 1425 81 50 put
451 1415 53 48 its
525 1435 105 29 men
656 1414 160 50 ashore
839 1414 153 50 where
1016 1416 31 48 it
1070 1415 96 53 did.
1230 1416 45 50 If
1299 1417 75 50 the
1402 1417 164 50 Italian
1591 1419 95 49 had
1715 1419 172 51 landed
1912 1421 43 49 in
1985 1419 204 56 Florida,

341 1505 87 28 one
458 1485 118 48 twist
605 1484 53 49 of
687 1484 75 50 the
787 1484 123 50 helm
939 1485 149 56 north,
1119 1506 49 30 or
1199 1508 167 39 among
1394 1486 76 51 the
1501 1487 173 51 islands
1703 1509 26 29 a
1756 1489 99 49 hair
1884 1510 125 28 more
2039 1501 46 37 to
2114 1489 75 50 the

341 1555 154 57 south;
525 1575 169 39 among
722 1555 75 50 the
823 1555 249 50 Yemasses
1096 1556 110 51 with
1233 1557 113 50 their
1371 1557 257 60 sharpened
1653 1558 142 51 bones
1823 1560 92 49 and
1942 1558 246 61 fishspines,

340 1645 52 30 or
421 1645 168 39 among
618 1623 75 51 the
725 1624 168 53 Caribs
919 1626 111 51 with
1061 1626 113 51 their
1205 1627 221 60 poisoned
1459 1627 226 51 darts—it
1717 1628 143 61 might
1889 1627 119 52 have
2038 1628 151 61 begun

341 1693 275 61 differently.

444 1774 161 50 When
633 1795 45 29 in
708 1774 75 50 the
814 1774 113 52 later
955 1796 111 41 year
1100 1777 160 49 Ponce
1291 1777 149 49 found
1467 1777 68 51 his
1566 1777 278 61 plantations
1875 1798 139 40 going
2046 1778 142 50 under

345 1843 71 51 for
448 1844 104 50 lack
583 1843 52 51 of
666 1844 277 50 slaves—no
973 1867 125 28 more
1130 1858 44 37 to
1207 1845 56 50 be
1294 1847 195 59 trapped
1521 1848 43 48 in
1599 1845 172 51 Puerto
1802 1847 138 56 Rico,
1973 1848 121 48 rico!
2128 1847 60 49 all

340 1914 290 51 ruined—he
663 1914 165 61 sought
863 1915 93 50 and
988 1915 221 52 obtained
1244 1938 27 28 a
1307 1918 129 60 royal
1473 1929 157 49 patent
1665 1931 45 36 to
1745 1918 95 49 find
1874 1938 125 29 more
2033 1919 43 48 in
2113 1918 75 49 the

340 1985 304 61 surrounding
666 1985 186 51 islands.
915 1986 82 51 He
1017 2008 98 29 was
1138 1988 193 59 granted
1355 1989 73 49 the
1453 1989 115 60 right
1591 2000 46 38 to
1658 1989 113 51 hunt
1793 2000 79 38 out
1897 1988 92 50 and
2013 2000 45 38 to
2082 1988 106 50 take

340 2055 75 50 the
440 2055 188 57 Caribs;
658 2055 74 51 the
759 2055 167 51 Caribs
948 2056 154 51 whom
1126 2058 108 50 The
1261 2058 147 50 Great
1436 2059 172 49 Maker
1633 2059 95 49 had
1755 2058 211 61 dropped
1994 2058 194 61 through

340 2146 27 30 a
395 2125 108 51 hole
532 2127 42 49 in
602 2125 76 51 the
707 2126 83 60 sky
821 2146 168 41 among
1017 2126 113 52 their
1158 2127 193 58 islands;
1381 2127 108 61 they
1516 2129 158 49 whose
1701 2129 121 49 souls
1851 2129 122 50 lived
2002 2130 44 48 in
2076 2129 113 49 their

340 2196 175 57 bodies,
547 2216 141 41 many
719 2197 121 50 souls
871 2199 44 48 in
946 2219 86 29 one
1065 2197 151 61 body;
1251 2199 108 60 they
1389 2199 105 50 who
1530 2199 164 59 fought
1727 2199 113 50 their
1873 2200 208 56 enemies,
2117 2210 72 38 ate

341 2267 145 57 them;
523 2267 156 51 whose
713 2267 116 61 gods
862 2267 137 57 lived,
1037 2268 266 60 Mabouya,
1337 2270 43 49 in
1416 2268 75 51 the
1526 2268 154 56 forest,
1715 2268 266 56 Oumekon,
2018 2267 63 62 by
2116 2268 73 50 the

340 2359 76 29 sea
418 2337 195 51 —there
641 2357 122 31 were
788 2337 130 52 other
946 2338 185 60 gods—

439 2487 93 51 His
564 2487 99 61 ship
696 2510 130 29 came
861 2489 94 50 into
988 2488 434 61 Guadeloup—the
1455 2502 127 47 great
1615 2489 187 60 sulphur
1835 2510 114 30 cone
1981 2488 119 51 back
2133 2488 52 51 of

334 2558 76 51 the
430 2571 158 38 water.
651 2558 83 51 He
755 2558 97 52 had
879 2559 177 50 arrived
1079 2559 188 60 straight
1291 2559 118 51 from
1435 2559 160 61 Spain,
1618 2559 82 51 hot
1724 2559 99 51 foot
1849 2558 117 51 after
1989 2560 193 59 niggers.

336 2628 195 62 Having
564 2629 135 52 much
734 2630 145 52 soiled
913 2630 119 51 linen
1066 2630 178 50 aboard
1280 2630 118 51 from
1432 2630 76 51 the
1541 2630 110 60 long
1684 2632 85 48 trio
1799 2630 59 51 he
1891 2629 195 51 ordered
2116 2629 68 51 his

335 2699 286 51 laundresses
659 2699 175 56 ashore,
871 2700 110 50 with
1020 2722 25 28 a
1083 2699 128 61 body
1247 2700 53 50 of
1334 2712 154 49 troops
1525 2712 46 38 to
1610 2700 146 60 guard
1794 2700 136 55 them,
1968 2699 153 51 where
2157 2720 26 28 a

335 2781 163 40 stream
523 2770 141 51 could
687 2770 57 51 be
769 2770 224 53 observed
1017 2771 183 60 coming
1225 2770 140 51 down
1389 2783 46 38 to
1463 2770 75 51 the
1563 2792 90 29 sea.

439 2850 41 51 It
513 2872 96 29 was
647 2872 27 29 a
710 2851 226 61 paradise.
1007 2851 54 51 A
1097 2863 164 39 stream
1295 2850 55 52 of
1384 2851 232 60 splashing
1648 2863 158 43 water,
1844 2850 75 51 the
1957 2850 225 51 luxuriant

335 2921 185 61 foliage.
589 2922 53 50 A
673 2943 155 39 gorge,
861 2943 26 29 a
914 2921 221 51 veritable
1167 2921 155 51 tunnel
1352 2921 76 51 led
1458 2934 228 48 upstream
1717 2921 207 50 between
1955 2920 228 51 cliffwalls

332 2992 197 51 covered
550 2992 63 61 by
635 2991 123 52 thick
776 2994 125 49 vines
920 2994 44 49 in
986 2992 157 51 flower
1166 2992 218 51 attended
1407 2992 63 61 by
1492 2991 311 62 ensanguined
1823 2990 360 62 hummingbirds

331 3061 153 52 which
512 3061 166 52 darted
705 3062 141 51 about
873 3061 119 52 from
1018 3082 90 40 cup
1136 3074 47 38 to
1210 3082 90 41 cup
1326 3063 44 49 in
1398 3061 75 51 the
1501 3082 134 40 green
1666 3061 127 61 light.
1860 3061 93 49 But
1980 3061 75 49 the
2085 3061 95 49 soul

332 3132 54 52 of
419 3132 76 52 the
529 3132 146 52 Carib
710 3154 97 30 was
840 3155 60 29 on
934 3133 77 51 the
1049 3133 113 51 alert
1197 3154 169 39 among
1401 3132 74 52 the
1511 3132 166 51 leaves.
1754 3131 40 50 It
1827 3152 98 29 was
1958 3143 78 38 too
2074 3132 105 49 late.

447 3211 158 51 Fierce
625 3211 92 51 and
738 3211 276 61 implacable
1032 3231 71 29 we
1124 3211 77 51 kill
1223 3211 122 49 them
1362 3211 82 49 but
1463 3211 111 49 their
1592 3211 121 49 souls
1733 3211 231 49 dominate
1982 3230 65 29 us.
2085 3208 104 50 Our

338 3302 120 36 men,
487 3303 82 30 our
594 3282 145 51 blood
763 3282 83 51 but
872 3282 114 51 their
1012 3283 123 60 spirit
1159 3283 34 48 is
1218 3293 179 40 master.
1464 3281 41 50 It
1531 3293 146 38 enters
1701 3302 67 36 us,
1795 3282 33 49 it
1855 3279 181 51 defeats
2062 3301 66 37 us,
2157 3281 32 48 it

331 3352 196 60 imposes
551 3350 136 55 itself.
752 3352 99 50 We
876 3373 76 29 are
976 3352 501 50 moderns—madmen
1506 3363 46 38 at
1580 3350 266 51 Paris—all
1874 3349 182 61 lacking
2082 3350 42 49 in
2155 3371 27 28 a
