2992 4300
818 3547 59 40 68

1067 583 132 62 They
1227 602 78 33 are
1335 583 118 52 here.

1057 653 72 52 At
1159 654 75 51 the
1261 653 120 62 edge
1408 659 53 54 of
1484 654 73 51 the
1584 653 160 58 tables,
1773 666 47 39 at
1848 653 74 52 the
1947 654 118 60 edge
2091 661 52 53 of
2167 654 99 63 lips,
2297 657 237 60 cigarettes

957 742 77 32 are
1061 723 275 52 consumed:
1363 746 28 29 a
1419 741 103 34 new
1548 734 94 41 star
1668 725 121 60 sings
1816 744 59 31 an
1905 723 83 52 old
2010 724 88 51 sad
2123 741 128 44 song.

1065 791 108 53 You
1199 810 107 45 may
1334 802 100 43 turn
1461 809 117 45 your
1607 791 135 53 head.

813 860 95 53 The
1185 883 83 30 sun
1293 864 35 48 is
1350 863 98 50 laid
1467 879 122 45 upon
1612 884 28 29 a
1663 873 90 40 tree
1775 863 95 50 and
1893 863 64 50 his
1978 863 258 58 reflections
2258 865 42 48 in
2324 863 74 50 the
2422 865 84 48 win-

958 934 107 49 dow
1099 950 142 43 panes
1275 951 78 32 are
1391 932 144 51 bursts
1574 939 52 52 of
1662 934 222 59 laughter.
1956 934 47 49 A
2043 944 123 51 story
2205 954 50 29 as
2290 949 92 46 gay
2418 955 50 28 as
2505 955 28 29 a

954 1002 182 51 French
1161 1004 127 59 paint
1314 1001 130 62 shop.

1838 1125 234 61 Chaplin)

1066 1193 101 51 The
1201 1195 168 60 tossing
1399 1199 52 53 of
1481 1193 74 51 the
1584 1193 99 63 ship
1716 1194 98 51 and
1843 1193 221 53 boredom
2093 1195 112 61 rock
2234 1195 75 51 the
2341 1194 117 62 days
2488 1204 45 41 to

953 1263 140 62 sleep.
1140 1261 203 64 Enough
1371 1269 52 52 of
1449 1263 124 50 these
1595 1263 304 62 promenades
1927 1284 58 31 on
2011 1264 143 61 deck:
2181 1283 104 32 ever
2307 1266 123 49 since
2453 1283 81 32 our

955 1331 259 62 departure,
1250 1331 74 52 the
1353 1353 79 30 sea
1461 1334 34 49 is
1528 1331 229 52 colorless.
1806 1331 200 54 Neither
2034 1332 101 51 dice
2167 1352 83 31 nor
2281 1332 134 51 cards
2448 1353 86 30 can

955 1401 135 62 make
1115 1424 50 28 us
1187 1407 153 56 forget
1371 1402 75 51 the
1468 1402 91 61 city
1585 1419 69 33 we
1679 1421 78 32 are
1782 1401 341 64 approaching:
2150 1402 80 59 life
2256 1404 34 49 is
2317 1412 47 41 at
2387 1402 143 61 stake.

1067 1471 102 51 The
1190 1472 98 50 rain
1310 1473 195 49 receives
1529 1492 49 30 us
1601 1473 43 50 in
1669 1472 122 51 these
1813 1472 212 51 deserted
2045 1482 170 41 streets.
2275 1471 140 52 Birds
2437 1471 98 51 and

957 1542 139 62 hopes
1127 1561 77 32 are
1232 1547 76 53 far
1339 1548 77 52 off.
1465 1542 56 51 In
1551 1560 135 44 every
1717 1543 89 61 city
1839 1541 74 52 the
1942 1541 144 52 inside
2114 1547 52 53 of
2196 1552 276 41 restaurants
2500 1545 34 48 is

957 1628 155 35 warm.
1171 1611 110 50 You
1316 1611 128 62 think
1475 1632 60 29 no
1569 1630 152 38 more;
1750 1628 96 45 you
1879 1612 110 61 look
2022 1622 46 41 at
2106 1612 74 51 the
2210 1617 130 55 faces
2377 1618 52 55 of
2459 1617 74 48 the

957 1680 164 58 diners,
1159 1701 52 32 or
1241 1692 78 41 out
1352 1682 194 61 through
1580 1682 75 51 the
1686 1682 241 61 doorway,
1960 1692 47 41 at
2040 1682 75 51 the
2149 1682 126 61 light.
2324 1683 84 51 Do
2441 1701 94 44 you

957 1750 166 52 realize
1148 1750 96 51 that
1269 1768 94 45 you
1391 1750 95 52 will
1510 1750 119 52 have
1655 1762 45 39 to
1724 1768 59 45 go
1808 1762 78 40 out
1912 1752 95 50 and
2029 1768 94 45 pay
2149 1752 74 50 the
2247 1752 116 50 bill?
2402 1753 133 51 Does

955 1830 79 41 not
1062 1820 74 51 the
1160 1830 181 52 present
1368 1830 200 41 moment
1592 1820 193 60 suffice?
1833 1819 150 53 There
2010 1823 33 49 is
2069 1821 191 61 nothing
2285 1821 83 59 left
2399 1833 45 39 to
2473 1823 60 50 do

958 1887 80 53 but
1060 1889 141 61 laugh
1223 1899 47 41 at
1291 1889 64 51 all
1381 1889 82 51 this
1485 1893 201 57 anxiety.

1058 1957 121 52 And
1207 1975 70 34 We
1303 1957 140 64 laugh
1470 1957 136 64 sadly
1635 1959 87 61 like
1750 1957 312 63 hunchbacks.

921 2082 137 52 With
1084 2105 26 28 a
1134 2083 150 51 stroke
1308 2083 53 51 of
1381 2083 70 52 his
1470 2105 133 35 cane,
1630 2084 109 52 such
1764 2106 28 29 a
1815 2084 179 61 smiling
2016 2086 230 59 magician
2267 2105 98 30 was
2385 2084 75 57 he,
2483 2084 191 51 Charlie

817 2152 204 62 Chaplin
1049 2173 99 29 was
1175 2153 107 51 able
1311 2166 46 38 to
1388 2155 102 59 give
1518 2174 58 30 an
1606 2153 346 62 extraordinary
1979 2155 144 60 vigor,
2154 2174 59 31 an
2242 2153 250 52 incredible
2521 2174 128 41 super-

818 2223 149 59 iority,
1000 2234 46 38 to
1079 2221 76 51 the
1184 2223 255 51 American
1467 2224 186 51 movies.
1700 2223 90 52 All
1819 2224 76 51 the
1923 2223 116 52 films
2064 2223 154 52 which
2247 2244 132 31 came
2407 2235 80 40 out
2516 2224 54 51 of
2598 2224 76 51 the

817 2290 96 51 Los
936 2290 215 62 Angeles
1176 2291 173 51 studios
1375 2313 121 30 were
1521 2291 264 52 successful.
1829 2291 159 52 There
2011 2313 123 30 were
2158 2293 109 61 long
2294 2291 119 52 rides
2436 2314 61 29 on
2520 2293 129 52 horse-

818 2360 121 52 back
958 2361 194 51 without
1173 2383 26 29 a
1220 2361 133 51 word
1371 2361 137 62 being
1526 2362 189 61 spoken,
1734 2362 194 51 without
1947 2384 27 29 a
1993 2362 169 51 useless
2181 2374 193 49 gesture,
2397 2362 277 51 sensational

818 2430 286 52 abductions.
1154 2431 157 51 There
1339 2451 122 31 were
1488 2431 115 52 films
1632 2432 54 51 of
1712 2431 217 62 Douglas
1957 2431 271 57 Fairbanks,
2257 2431 52 52 of
2335 2431 96 52 Rio
2459 2431 93 62 Jim
2580 2431 94 52 and

818 2500 54 50 of
905 2500 128 50 Tom
1072 2500 122 52 Mix.
1251 2500 158 52 There
1443 2521 121 31 were
1599 2501 309 61 complicated
1943 2502 155 50 stories
2129 2500 56 52 of
2215 2500 163 58 banks,
2415 2500 171 58 words,
2622 2501 52 51 of

818 2568 112 62 gold
960 2571 155 49 mines.
1166 2569 85 51 An
1282 2571 216 51 immense
1526 2571 130 51 silent
1683 2569 149 59 office,
1862 2571 95 51 and
1985 2571 75 52 the
2088 2569 126 53 head
2241 2569 53 53 of
2323 2591 28 31 a
2378 2591 108 31 man
2514 2569 158 53 armed

816 2638 111 52 with
962 2661 28 29 a
1020 2641 140 59 cigar.
1213 2638 81 52 He
1326 2639 150 51 thinks
1508 2639 94 51 and
1631 2639 69 52 his
1730 2639 197 63 thought
1959 2641 212 50 becomes
2203 2638 76 53 the
2307 2639 155 52 whole
2492 2638 180 52 United

814 2709 169 57 States,
1009 2709 62 51 all
1091 2710 240 56 America,
1358 2709 75 52 the
1453 2709 154 52 whole
1627 2709 165 52 world.
1836 2710 132 51 Near
1987 2710 86 52 this
2093 2710 125 52 head
2241 2732 28 30 a
2290 2712 245 62 telephone
2556 2714 95 59 ring-

816 2780 76 61 ing
912 2780 174 61 quietly
1107 2782 144 49 unites
1272 2801 109 30 man
1400 2780 112 51 with
1532 2780 75 51 the
1626 2782 220 49 universe.
1884 2780 132 52 Does
2034 2794 80 38 not
2130 2782 87 50 this
2236 2794 124 40 mute
2379 2782 295 62 bell-ringing

816 2849 47 49 in
884 2849 79 51 the
988 2850 179 50 cinema
1192 2860 180 51 present
1396 2849 62 52 all
1485 2849 76 51 the
1585 2850 145 60 tragic
1756 2849 254 53 desuetude
2032 2851 55 51 of
2111 2873 28 29 a
2163 2851 117 51 horn
2305 2851 193 63 playing
2523 2854 44 49 in
2595 2851 76 52 the

816 2921 123 60 quiet
967 2919 162 52 forests
1156 2920 52 51 of
1235 2942 84 30 our
1345 2921 224 50 romantic
1595 2919 180 53 Alfred
1804 2921 59 51 de
1890 2920 198 63 Vigny?
2135 2921 159 52 Doors
2319 2944 121 39 open
2472 2923 94 52 and
2595 2944 77 31 are

814 2990 174 58 closed,
1018 2990 95 51 and
1141 2990 81 51 red
1250 3011 121 36 men,
1400 3003 155 49 strong
1580 3010 121 36 men,
1729 3010 181 32 women
1936 2991 292 62 desperately
2256 2991 88 52 fine
2371 3014 53 29 or
2451 2992 221 52 frivolous

818 3070 125 38 enter
972 3057 93 51 and
1095 3058 130 51 leave
1250 3058 113 51 with
1388 3058 270 52 misfortune
1684 3080 52 29 or
1761 3058 246 63 happiness
2035 3062 43 50 in
2105 3061 114 52 their
2243 3061 167 52 hands.

920 3128 108 52 The
1180 3128 51 51 S.
1387 3130 177 50 cinema
1587 3130 85 50 has
1697 3130 179 50 thrown
1900 3131 115 59 light
2036 3152 62 30 on
2124 3132 63 52 all
2213 3132 75 51 the
2313 3132 173 62 beauty
2509 3132 54 52 of
2586 3155 84 30 our

816 3202 119 53 time,
967 3199 61 51 all
1062 3199 75 51 the
1169 3211 200 48 mystery
1397 3198 55 51 of
1479 3198 191 52 modern
1697 3199 276 51 mechanics.
2026 3201 95 50 But
2149 3201 76 52 the
2255 3202 114 61 light
2394 3204 35 50 it
2454 3203 85 52 has
2566 3225 78 40 pro-

813 3270 155 60 jected
1000 3291 99 30 was
1129 3291 50 29 so
1211 3269 175 61 simple,
1419 3291 49 28 so
1499 3269 196 56 natural,
1730 3291 48 29 so
1813 3269 113 51 little
1959 3269 198 52 affected
2187 3272 98 51 that
2314 3274 32 50 it
2377 3295 96 30 was
2500 3274 170 63 hardly

816 3339 195 52 noticed.
1058 3339 41 51 It
1121 3359 99 30 was
1241 3338 216 52 however
1476 3359 89 30 one
1584 3338 55 51 of
1662 3338 74 51 the
1762 3350 195 49 greatest
1982 3339 94 51 and
2095 3352 118 39 most
2233 3342 248 61 important
2504 3345 167 50 artistic

814 3410 285 51 discoveries.
1143 3409 287 61 Everything
1449 3429 98 31 was
1571 3408 230 50 revivified
1822 3409 111 51 with
1959 3431 26 29 a
2007 3409 142 61 single
2172 3411 164 51 stroke.
