2992 4300
883 3536 92 42 100

990 573 49 51 In
1073 573 77 52 the
1181 574 204 60 clearing
1416 573 124 51 there
1573 573 235 61 appeared
1842 595 26 29 a
1899 593 159 40 young
2088 570 99 61 girl,
2220 569 141 51 svelte
2393 569 94 50 and
2516 569 224 50 brunette.

884 643 104 52 Her
1019 657 315 38 countenance
1363 664 99 30 was
1490 642 179 52 sombre
1701 643 94 51 and
1827 642 174 50 starred
2031 642 112 49 with
2176 642 160 59 roving
2364 659 106 41 eyes
2500 638 89 51 like
2618 636 126 51 birds

884 713 54 50 of
962 714 152 61 bright
1140 714 232 61 plumage.
1438 713 104 50 Her
1571 733 153 41 sparse
1750 713 82 50 but
1860 713 123 50 short
2008 713 101 49 hair
2135 710 84 51 left
2244 710 80 51 her
2354 709 115 51 neck
2496 708 134 57 bare;
2661 708 83 49 her

883 785 99 51 hair
1013 805 97 31 was
1140 785 180 51 tousled
1352 785 94 50 and
1477 783 134 57 dark,
1648 784 93 49 and
1769 783 64 62 by
1865 783 76 50 the
1971 784 212 59 skipping
2214 803 110 39 rope
2354 781 152 51 which
2538 781 79 51 she
2644 802 75 29 car-

882 854 111 57 ried,
1026 855 352 51 Croniamantal
1409 854 277 61 recognized
1711 852 81 52 her
1822 865 46 39 to
1899 854 57 50 be
1988 852 240 51 Tristouse
2262 851 315 51 Ballerinette.

987 925 469 51 CRONIAMANTAL:
1534 923 82 51 No
1658 922 188 59 further,
1889 923 126 53 child
2054 923 113 51 with
2208 922 110 51 bare
2359 927 142 47 arms!
2566 922 18 51 I
2625 922 116 51 shall

883 1017 132 30 come
1046 1009 48 36 to
1126 1016 92 41 you
1251 995 183 61 myself.
1489 995 231 50 Someone
1750 993 85 51 has
1865 996 91 58 just
1985 993 181 51 hushed
2200 993 147 51 under
2380 993 75 51 the
2488 995 129 59 pines
2648 993 96 51 and

882 1066 96 51 will
999 1066 58 49 be
1080 1066 105 51 able
1208 1077 46 40 to
1277 1064 221 51 overhear
1518 1086 51 29 us
1602 1105 10 10 .
1656 1106 9 9 .
1712 1106 9 9 .
1754 1064 120 61 Stay
1893 1064 110 51 with
2025 1086 86 29 me.
2158 1064 94 61 My
2276 1064 85 61 lips
2385 1085 78 30 are
2483 1063 127 51 filled
2630 1063 112 51 with

886 1134 148 51 kisses.
1082 1134 146 57 Here,
1258 1136 120 49 here.
1428 1134 18 50 I
1475 1134 77 60 lay
1579 1134 122 51 them
1726 1156 60 29 on
1813 1133 80 62 thy
1919 1134 145 56 brow,
2093 1156 60 28 on
2177 1133 80 61 thy
2281 1133 113 52 hair.
2444 1133 18 50 I
2488 1153 150 30 caress
2662 1132 82 61 thy

880 1204 99 51 hair
1007 1204 113 51 with
1147 1207 56 48 its
1231 1205 180 50 ancient
1437 1203 224 62 perfume.
1711 1203 19 51 I
1759 1224 149 31 caress
1936 1204 81 61 thy
2040 1203 123 52 hairs
2191 1203 152 51 which
2370 1204 253 50 intertwine
2653 1202 91 50 like

886 1274 74 50 the
986 1296 169 29 worms
1181 1296 60 28 on
1270 1275 77 50 the
1373 1274 160 51 bodies
1562 1274 55 51 of
1645 1274 76 51 the
1749 1274 140 51 dead.
1955 1274 51 51 O
2036 1273 156 57 death,
2222 1296 29 28 o
2283 1273 156 56 death,
2468 1273 135 61 hairy
2629 1271 113 51 with

882 1367 180 33 worms.
1110 1345 21 51 I
1159 1345 119 51 have
1306 1345 136 51 kisses
1468 1367 60 29 on
1554 1367 80 39 my
1660 1345 101 61 lips.
1810 1344 146 57 Here,
1984 1345 109 51 here
2121 1344 109 62 they
2257 1365 93 36 are,
2379 1365 60 30 on
2467 1344 81 61 thy
2575 1343 166 55 hands,

882 1437 58 29 on
968 1415 81 61 thy
1073 1415 131 57 neck,
1232 1437 59 28 on
1317 1415 122 51 thine
1465 1435 120 41 eyes,
1616 1414 123 52 thine
1766 1435 120 40 eyes.
1936 1414 19 49 I
1983 1414 119 51 have
2130 1414 84 61 lips
2243 1414 85 52 full
2355 1414 53 51 of
2435 1415 154 56 kisses,
2617 1415 124 55 here,

879 1485 125 57 here,
1029 1485 196 61 burning
1249 1485 89 52 like
1363 1508 27 29 a
1415 1485 141 56 fever,
1584 1485 231 51 sustained
1838 1498 46 38 to
1907 1485 199 51 enchant
2130 1485 118 57 thee,
2277 1486 152 56 kisses,
2453 1485 111 51 mad
2587 1485 154 56 kisses,

880 1578 60 29 on
968 1555 76 52 the
1072 1576 93 36 ear,
1195 1555 75 50 the
1300 1555 182 61 temple,
1514 1555 76 50 the
1613 1555 159 50 cheek.
1820 1555 112 52 Feel
1959 1576 78 40 my
2063 1555 250 57 embraces,
2342 1555 125 52 bend
2495 1556 147 51 under
2669 1557 75 51 the

883 1626 132 51 effort
1047 1625 56 52 of
1133 1646 80 41 my
1244 1646 111 36 arm,
1390 1626 57 49 be
1480 1625 207 62 languid,
1721 1625 57 50 be
1811 1625 206 60 languid,
2050 1625 59 50 be
2142 1623 205 62 languid.
2401 1625 19 50 I
2451 1625 121 52 have
2604 1626 138 51 kisses

882 1716 123 41 upon
1033 1716 80 41 my
1142 1696 100 61 lips,
1272 1696 124 56 here,
1424 1696 124 56 here,
1581 1694 112 52 mad
1724 1716 124 36 ones,
1881 1716 125 41 upon
2037 1694 124 52 thine
2191 1716 121 41 eyes,
2345 1717 123 41 upon
2498 1697 83 62 thy
2608 1697 132 57 neck,

882 1786 124 39 upon
1037 1764 81 61 thy
1146 1764 145 57 brow,
1321 1786 125 40 upon
1475 1764 80 62 thy
1583 1764 175 57 mouth,
1791 1764 19 51 I
1839 1764 172 61 longed
2041 1786 48 29 so
2120 1777 47 38 to
2194 1766 104 49 love
2327 1764 118 57 thee,
2476 1766 86 50 this
2590 1768 154 60 spring

882 1837 95 59 day
1006 1835 136 51 when
1171 1835 126 51 there
1329 1857 76 29 are
1434 1857 61 29 no
1522 1857 124 30 more
1673 1835 223 51 blossoms
1923 1858 60 28 on
2011 1837 76 52 the
2115 1837 226 52 branches
2368 1838 152 52 which
2549 1859 195 41 prepare

882 1905 269 51 themselves
1175 1917 47 39 to
1249 1904 111 52 bear
1388 1905 122 51 fruit.

987 1974 329 51 Tristouse:
1385 1975 156 50 Leave
1568 1997 88 34 me,
1686 1997 58 38 go
1773 1997 151 39 away.
1989 1976 160 51 Those
2175 1976 106 51 who
2308 1998 135 29 move
2470 1976 116 52 each
2613 1978 129 50 other

883 2065 75 29 are
982 2045 175 61 happy,
1183 2044 81 52 but
1291 2045 17 49 I
1335 2045 62 51 do
1421 2058 82 38 not
1524 2045 104 51 love
1650 2066 109 41 you.
1802 2045 115 52 You
1942 2045 198 62 frighten
2161 2068 87 29 me.
2295 2046 257 59 However,
2577 2047 64 51 do
2662 2060 80 38 not

880 2115 197 61 despair,
1109 2136 31 30 o
1170 2127 122 49 poet.
1344 2115 171 57 Listen,
1550 2115 85 51 this
1663 2117 35 49 is
1725 2136 79 40 my
1833 2115 99 52 best
1960 2115 187 52 advice:
2197 2116 80 52 Go
2310 2122 162 58 away!

986 2185 470 50 CRONIAMANTAL:
1531 2185 148 52 Alas!
1744 2185 149 52 Alas!
1959 2185 80 52 To
2083 2186 130 51 leave
2257 2188 154 60 again,
2458 2200 45 38 to
2545 2190 195 49 wander

882 2266 109 37 unto
1038 2253 76 51 the
1155 2256 190 48 oceanic
1391 2253 147 57 limits,
1584 2254 197 60 through
1827 2256 75 49 the
1946 2256 152 56 brush,
2148 2257 75 51 the
2267 2279 259 40 evergreen,
2573 2261 46 51 in
2664 2261 77 51 the

882 2346 138 34 scum,
1053 2327 45 48 in
1127 2324 75 51 the
1230 2324 127 57 mud,
1387 2326 75 50 the
1490 2326 119 57 dust,
1639 2347 152 29 across
1816 2326 75 52 the
1919 2326 177 57 forests,
2125 2327 76 52 the
2227 2331 202 59 prairies,
2457 2331 77 50 the
2559 2332 157 61 planta-

882 2395 131 55 tions,
1048 2395 95 51 and
1174 2394 76 51 the
1279 2416 111 39 very
1423 2395 161 61 happy
1617 2395 212 61 gardens.

985 2464 329 51 TRISTOUSE:
1391 2465 79 51 Go
1495 2486 153 40 away.
1692 2465 80 51 Go
1799 2486 152 40 away,
1979 2465 72 51 far
2076 2467 120 52 from
2220 2467 76 52 the
2322 2470 184 61 antique
2531 2470 211 61 perfume

882 2534 52 49 of
962 2554 78 40 my
1068 2534 116 54 hair,
1216 2555 29 28 o
1273 2534 110 51 thou
1409 2534 106 51 who
1545 2534 238 61 belongest
1811 2548 47 37 to
1886 2555 87 30 me.

983 2604 122 51 And
1142 2602 352 53 Croniamantal
1533 2616 123 39 went
1693 2604 65 49 off
1794 2604 194 51 without
2025 2608 181 59 turning
2241 2606 69 51 his
2346 2608 124 52 head
2506 2630 138 37 once;
2683 2610 58 51 he

882 2672 141 51 could
1046 2672 57 51 be
1128 2694 104 29 seen
1261 2672 74 51 for
1360 2694 28 29 a
1414 2674 110 59 long
1548 2675 106 48 time
1681 2672 195 63 through
1900 2674 76 50 the
1999 2674 240 58 branches,
2269 2676 94 51 and
2389 2676 107 52 then
2520 2679 70 50 his
2611 2681 130 50 voice

880 2743 140 51 could
1054 2742 59 52 be
1146 2742 145 52 heard
1326 2745 207 58 growing
1568 2742 166 51 fainter
1769 2743 94 50 and
1898 2742 166 53 fainter
2100 2768 49 29 as
2181 2746 60 52 he
2275 2747 310 64 disappeared
2622 2750 119 52 from

880 2815 131 48 view.

983 2883 468 50 CRONIAMANTAL:
1528 2881 245 52 Traveller
1818 2882 194 52 without
2063 2906 28 29 a
2142 2886 127 57 stick,
2319 2887 181 62 pilgrim
2547 2888 195 52 without

880 2953 103 51 staff
1019 2953 94 51 and
1143 2966 107 48 poet
1282 2953 193 51 without
1510 2975 27 27 a
1570 2953 180 60 writing
1780 2952 111 62 pad,
1929 2953 20 51 I
1984 2976 76 30 am
2092 2977 126 29 more
2251 2958 247 60 powerless
2531 2959 111 51 than
2677 2961 63 49 all

880 3023 129 49 other
1034 3044 119 35 men,
1184 3023 18 49 I
1231 3043 107 29 own
1362 3022 190 60 nothing
1576 3043 126 29 more
1729 3023 94 49 and
1852 3022 18 50 I
1898 3023 139 52 know
2060 3025 192 63 nothing
2288 3069 8 8 .
2343 3069 9 8 .
2398 3070 10 7 .

982 3093 119 50 And
1132 3093 70 50 his
1228 3094 130 49 voice
1391 3113 60 29 no
1485 3093 159 59 longer
1674 3091 198 51 reached
1900 3093 240 53 Tristouse
2175 3095 299 54 Ballerinette
2505 3099 106 51 who
2643 3121 98 29 was

880 3164 228 61 admiring
1131 3163 81 52 her
1236 3165 151 58 image
1414 3164 42 49 in
1482 3163 75 50 the
1584 3163 126 60 pool.

985 3326 50 51 In
1070 3326 75 52 the
1176 3328 153 59 lovely
1360 3326 178 56 woods,
1569 3326 239 51 Tristouse
1837 3328 317 59 promenaded
2186 3328 286 63 meditating.

985 3395 330 51 TristousE:
1395 3395 92 61 My
1523 3396 131 50 heart
1689 3397 35 49 is
1761 3396 83 51 sad
1882 3397 195 51 without
2112 3397 118 56 thee,
2271 3399 368 53 Croniamantal.
2721 3401 17 51 I
