2207 3883
598 433 77 42 LE
704 419 305 57 THÉÂTRE
1040 431 80 42 DE
1153 426 350 47 BAYREUTH

1849 428 79 43 183

181 580 32 36 Il
237 587 59 31 est
317 580 134 50 obligé
474 582 48 36 de
545 581 158 38 donner
734 581 68 36 des
834 591 226 28 monceaux
1091 581 100 46 d'or,
1225 590 73 25 son
1326 587 161 27 armure
1521 581 40 31 et
1592 585 44 26 sa
1658 573 145 48 bague,
1829 580 102 30 cette

181 642 131 48 bague
334 642 70 48 qui
428 640 56 38 lui
500 642 130 36 aurait
650 642 150 48 permis
821 640 225 48 d'acquérir
1066 641 48 36 de
1135 651 214 25 nouveaux
1373 637 169 40 trésors,

233 702 162 38 Albéric
412 714 208 38 prononce
638 714 81 26 une
735 701 261 39 malédiction
1016 701 310 49 épouvantable,
1345 707 51 37 et,
1418 700 69 36 dès
1507 696 98 51 qu'il
1632 703 59 31 est
1712 695 118 47 libre,
1853 694 59 37 dis-

186 764 141 48 paraît.

233 824 133 36 Votan
386 832 39 28 et
449 824 122 48 Loge,
592 825 249 49 transportés
864 825 48 36 de
931 822 94 50 joie,
1046 830 239 30 retournent
1308 822 94 37 chez
1425 834 77 24 eux
1533 832 94 26 avec
1648 820 35 36 la
1710 829 151 41 rançon
1881 817 50 37 de

183 884 127 39 Freia.
336 884 103 37 Mais
461 885 37 36 le
520 885 121 48 géant
661 886 145 36 Fasold
827 886 102 36 aime
948 885 115 37 Freia
1091 892 40 29 et
1149 882 130 39 refuse
1300 884 48 35 de
1366 883 37 36 la
1427 883 155 44 rendre,
1605 884 21 33 à
1648 880 133 37 moins
1801 889 78 37 que
1893 877 37 37 le

182 945 131 36 trésor
334 946 118 36 offert
473 947 79 34 soit
574 957 108 25 assez
704 946 278 37 considérable
1003 958 102 36 pour
1128 945 38 36 la
1188 943 161 38 couvrir
1370 943 48 37 de
1439 943 37 36 la
1509 943 80 35 tête
1611 953 77 24 aux
1703 940 126 49 pieds.

232 1007 146 46 Quand
397 1006 38 36 la
468 1007 134 36 déesse
625 1014 61 29 est
720 1006 162 38 enfouie
919 1018 96 25 sous
1049 1006 70 36 des
1140 1017 149 25 masses
1310 1005 100 47 d'or,
1434 1003 158 46 Fasold,
1617 1013 78 37 que
1717 1002 173 35 l'amour
1907 1011 23 24 a

182 1067 128 36 rendu
331 1070 81 34 très
437 1067 260 49 clairvoyant,
721 1067 178 54 aperçoit
921 1068 36 37 le
979 1067 114 38 reflet
1124 1067 48 36 de
1206 1079 43 24 sa
1275 1065 214 38 chevelure
1517 1067 22 34 à
1568 1071 152 30 travers
1742 1074 80 25 une
1845 1072 63 27 cre-

179 1139 127 28 vasse.
330 1128 109 49 Loge
458 1129 159 37 bouche
638 1129 37 37 le
697 1138 91 28 trou
807 1141 93 25 avec
931 1141 42 24 sa
992 1140 176 26 cuirasse
1190 1128 201 47 magique.

228 1188 146 37 Fasold
400 1189 170 48 prétend
587 1190 106 36 alors
714 1190 95 47 qu'il
832 1188 179 53 aperçoit
1045 1188 85 37 l'un
1151 1188 69 35 des
1241 1199 105 36 yeux
1367 1186 48 35 de
1438 1185 114 36 Freia
1573 1185 22 36 à
1616 1192 150 28 travers
1785 1195 58 25 un
1862 1183 42 37 in-

178 1249 178 37 terstice.
378 1250 115 36 Tous
513 1249 57 37 les
593 1250 150 36 trésors
760 1258 91 28 sont
872 1249 174 48 épuisés.
1075 1248 31 36 Il
1122 1260 50 24 ne
1189 1255 104 28 reste
1310 1247 91 47 plus
1422 1257 77 36 que
1522 1245 37 36 la
1582 1246 127 46 bague
1725 1244 201 37 d'Albéric

179 1309 70 48 qui
270 1317 58 29 est
348 1322 51 24 au
416 1310 113 48 doigt
550 1310 48 36 de
619 1311 154 37 Votan.
801 1310 134 36 Votan
958 1308 128 37 refuse
1107 1308 48 36 de
1182 1307 36 36 la
1237 1307 171 44 donner,
1429 1313 40 29 et
1489 1306 58 36 les
1568 1305 139 48 géants
1727 1311 100 30 vont
1846 1315 55 26 em-

181 1382 139 26 mener
343 1371 126 43 Freia,
495 1371 137 49 quand
656 1383 40 25 se
717 1371 134 37 dresse
872 1382 80 25 une
981 1369 271 51 majestueuse
1269 1366 244 50 apparition.

230 1432 108 36 C'est
355 1433 119 45 Erda,
493 1431 37 37 la
550 1432 92 48 plus
663 1432 165 48 antique
850 1432 69 37 des
947 1432 170 45 déesses,
1138 1429 99 37 celle
1259 1429 70 48 qui
1345 1441 23 24 a
1390 1428 36 37 la
1443 1428 156 37 science
1621 1426 254 38 universelle.

228 1492 91 36 Elle
345 1505 209 36 prononce
573 1493 196 49 quelques
796 1493 159 49 paroles
990 1491 284 49 mystérieuses
1296 1497 39 29 et
1359 1500 149 38 engage
1530 1489 133 35 Votan
1685 1488 22 37 à
1727 1498 199 26 renoncer

178 1556 22 33 à
220 1554 36 35 la
280 1554 225 47 possession
526 1554 54 36 du
601 1554 187 36 talisman
810 1561 39 29 et
869 1557 21 33 à
912 1552 183 37 racheter
1115 1551 128 38 Freia.
1277 1552 134 35 Votan
1438 1549 144 43 hésite,
1614 1549 100 36 mais
1735 1549 36 36 la
1791 1556 110 29 toute-

177 1616 207 48 puissante
406 1617 108 36 Erda
534 1628 125 26 ouvre
679 1616 146 37 devant
846 1615 57 37 lui
920 1615 35 38 le
977 1615 98 38 livre
1096 1614 49 37 de
1164 1614 37 37 la
1223 1612 200 40 destinée.
1455 1613 132 36 Votan
1608 1610 95 50 jette
1719 1610 37 38 la
1775 1611 146 49 bague,

178 1683 40 29 et
236 1677 112 36 Freia
369 1684 59 30 est
448 1677 119 37 libre.

228 1738 57 35 La
305 1737 260 37 malédiction
580 1736 203 37 d'Albéric
867 1744 103 29 cette
989 1735 258 37 malédiction
1267 1733 98 49 qu'il
1386 1745 22 25 a
1430 1733 199 37 formulée
1650 1745 50 25 en
1717 1733 182 37 abandon-

179 1806 101 28 nant
294 1810 42 24 sa
354 1798 142 48 bague,
580 1809 233 25 commence
830 1796 21 37 à
868 1797 190 48 produire
1085 1807 75 24 son
1180 1794 112 39 effet.

236 1860 74 35 Les
332 1858 105 37 deux
470 1858 137 49 géants
632 1858 145 37 Fafner
795 1865 40 29 et
856 1857 145 37 Fasold
1028 1868 39 25 se
1105 1856 207 47 disputent
1339 1855 38 36 la
1397 1855 129 47 bague
1547 1855 203 47 magique.
1775 1854 146 37 Fasold

183 1921 139 35 tombe
343 1921 68 35 tué
430 1932 71 36 par
522 1932 74 24 son
618 1919 116 37 frère.
761 1919 134 37 Toute
915 1919 38 36 la
975 1925 141 29 nature
1137 1923 153 30 ressent
1314 1916 38 36 le
1371 1923 268 41 contre-coup
1670 1916 48 36 de
1746 1916 37 35 la
1803 1916 95 36 malé-

177 1980 152 37 diction
350 1980 214 47 d'Albéric,
589 1987 38 30 et
663 1981 180 46 Donner,
879 1980 36 35 le
937 1978 93 36 dieu
1051 1978 53 35 du
1126 1985 202 39 tonnerre,
1355 1977 204 36 obscurcit
1581 1975 84 37 l'air
1686 1976 160 37 troublé
1870 1989 49 24 en

176 2049 258 40 provoquant
453 2053 57 24 un
533 2052 118 37 orage
674 2040 311 49 épouvantable.
1006 2038 138 46 Enfin,
1168 2039 36 35 le
1227 2036 74 38 ciel
1322 2037 208 37 redevient
1551 2036 177 50 limpide,
1753 2044 39 29 et
1813 2037 28 36 il
1856 2046 61 28 est

173 2102 176 37 traversé
370 2114 70 37 par
461 2114 55 23 un
537 2102 195 36 immense
760 2100 256 37 arc-en-ciel.
1040 2099 108 36 C'est
1168 2099 37 35 là
1223 2110 56 25 un
1307 2106 99 41 pont
1428 2109 79 36 que
1526 2098 56 36 les
1603 2099 134 46 dieux,
1754 2098 70 47 qui
1840 2106 74 28 ont

174 2164 188 35 retrouvé
383 2163 89 36 leur
505 2163 182 50 jeunesse
719 2170 38 28 et
797 2162 87 35 leur
909 2161 158 46 beauté,
1100 2160 115 48 grâce
1237 2156 21 39 à
1289 2157 235 38 l'influence
1556 2159 289 47 régénératrice
1867 2159 49 37 de

174 2223 129 46 Freia,
323 2231 225 29 traversent
567 2221 360 50 triomphalement
945 2232 104 38 pour
1068 2231 41 26 se
1130 2220 144 37 rendre
1293 2223 23 34 à
1335 2220 90 37 leur
1439 2218 188 40 nouvelle
1655 2219 204 48 demeure,
1879 2219 39 38 la

172 2284 201 47 glorieuse
393 2283 225 38 Walhalla.

221 2345 74 35 Tel
316 2353 60 28 est
394 2345 37 35 le
453 2345 196 48 prologue
668 2344 47 36 de
741 2344 39 36 la
797 2343 158 48 trilogie
978 2344 47 35 de
1045 2344 191 47 Wagner.

222 2405 260 36 L'exécution
500 2405 47 36 de
569 2412 103 29 cette
692 2416 138 25 œuvre
853 2415 87 25 sera
961 2403 179 49 parfaite,
1160 2403 32 35 si
1215 2403 83 35 l'on
1321 2413 50 25 en
1392 2401 91 50 juge
1502 2415 70 36 par
1587 2402 57 37 les
1661 2403 250 36 exécutants.

173 2465 306 37 Mademoiselle
512 2465 301 46 Sattler-Grun,
850 2475 336 38 mezzo-soprano
1216 2463 53 35 du
1291 2460 155 40 théâtre
1465 2464 48 36 de
1533 2464 208 47 Cobourg,
1773 2470 40 28 et
1842 2463 70 48 qui

171 2534 61 29 est
265 2538 161 26 connue
460 2539 68 24 sur
556 2527 38 36 la
629 2529 115 34 scène
783 2525 205 45 italienne,
1025 2525 231 48 représente
1278 2524 233 49 dignement
1531 2525 126 35 Freia.
1682 2525 53 35 Le
1757 2524 85 36 rôle
1863 2525 48 36 de

170 2586 91 38 Fria
282 2594 60 30 est
375 2587 132 36 confié
527 2590 22 33 à
571 2586 303 38 mademoiselle
910 2586 138 47 Houp,
1072 2585 47 36 de
1140 2584 150 46 Cassel,
1325 2584 196 37 excellent
1541 2596 186 36 soprano,
1749 2591 38 29 et
1810 2596 102 24 ceux

169 2648 69 36 des
258 2648 102 36 trois
378 2648 101 36 filles
501 2648 53 35 du
581 2647 106 37 Rhin
708 2651 22 32 à
752 2646 341 38 mesdemoiselles
1117 2646 209 35 Lehmann
1358 2653 39 28 et
1431 2648 21 34 à
1479 2646 182 35 madame
1687 2646 222 47 Lammert,

169 2709 49 35 de
242 2708 151 37 Berlin.
420 2710 129 44 Bœtz,
581 2709 48 36 de
671 2708 150 46 Berlin,
860 2709 138 50 jouera
1019 2707 37 36 le
1088 2706 85 36 rôle
1195 2707 47 35 de
1264 2706 145 37 Volan.
1439 2707 58 35 La
1517 2707 113 35 basse
1653 2705 183 48 Niering,
1861 2706 48 36 de

167 2768 164 48 l'Opéra
364 2769 47 36 de
435 2769 240 46 Darmstadt,
702 2777 57 28 est
780 2781 55 24 un
858 2768 198 37 excellent
1077 2766 159 49 Jupiter
1266 2774 192 31 tonnant.
1486 2767 107 36 Herr
1617 2766 111 46 Lich,
1753 2779 55 23 un
1827 2768 82 35 bon

171 2829 123 36 Froh.
318 2830 103 36 MM.
446 2828 141 48 Ellers,
611 2830 49 36 de
687 2830 208 48 Cobourg,
919 2837 38 29 et
987 2827 292 49 Reichenberg,
1316 2829 48 35 de
1399 2829 133 46 Gratz,
1558 2829 276 47 représentent
1851 2827 56 37 les

167 2890 139 47 géants
327 2888 145 38 Fasold
494 2897 39 29 et
552 2891 155 35 Fafner.
736 2890 55 36 Le
814 2890 84 36 rôle
917 2890 54 35 du
987 2889 95 36 nain
1106 2890 131 35 même
1260 2895 59 30 est
1336 2889 91 48 joué
1448 2900 71 36 par
1541 2889 60 36 M.
1623 2888 221 47 Schlosser,
1859 2888 49 37 de

166 2950 181 43 Munich,
373 2958 39 29 et
427 2949 104 38 celui
554 2951 48 36 de
626 2951 107 48 Loge
754 2963 69 35 par
845 2949 141 50 Vogel,
1015 2950 48 37 de
1086 2949 36 37 la
1142 2949 132 37 même
1298 2948 108 38 ville.
