2207 3883
298 379 75 41 172

749 373 76 41 LA
856 373 382 49 CHRONIQUE
1271 374 316 44 MUSICALE

290 513 115 44 lence
427 517 277 43 Sérénissime
724 507 231 52 l'Électeur
975 519 51 40 de
1048 519 208 55 Cologne.
1284 521 71 41 On
1386 524 93 52 pria
1499 524 38 40 le
1559 523 128 54 jeune
1712 526 174 41 homme
1917 528 51 40 de
1995 544 40 27 se

291 597 152 34 mettre
474 606 55 25 au
562 592 209 49 clavecin;
806 591 279 42 incontinent
1118 594 31 40 il
1182 594 236 53 improvisa
1453 611 74 26 sur
1561 597 38 40 le
1626 599 141 41 thème
1802 601 58 39 du
1896 602 139 40 rondo

290 664 108 52 qu'il
414 665 144 40 venait
571 664 261 43 d'entendre.
860 663 71 42 Un
950 679 225 28 murmure
1193 668 306 42 d'admiration
1519 681 234 43 parcourut
1769 673 263 44 l'auditoire.

292 736 98 42 Cari
421 737 156 52 Scholl,
601 737 36 40 le
660 738 172 39 fameux
861 737 177 53 flûtiste,
1064 753 41 27 se
1127 742 195 40 trouvait
1357 742 243 53 également
1620 745 64 50 là;
1712 746 28 39 il
1762 747 193 54 présente
1977 762 54 26 au

288 813 124 52 jeune
433 811 174 40 homme
630 825 85 26 une
737 820 145 32 sonate
906 813 202 40 nouvelle
1132 827 51 27 en
1207 815 87 41 duo
1315 829 101 27 avec
1443 816 78 41 lui.
1559 818 48 40 Je
1642 819 144 40 rendis
1821 820 115 41 alors
1959 821 73 40 des

289 893 117 31 notes
427 883 129 41 d'une
584 884 165 40 suavité
784 898 99 27 bans
917 886 190 53 pareille,
1132 900 89 27 mes
1243 901 193 40 gammes
1459 889 159 42 étaient
1641 892 253 41 semblables
1917 898 23 36 à
1962 894 72 40 des

291 955 175 54 spirales
494 955 268 43 lumineuses
796 957 256 42 enchâssant
1084 959 257 42 l'harmonie
1375 961 51 40 de
1454 972 122 31 notre
1598 966 300 52 remarquable
1931 980 75 40 par-

290 1029 162 40 tenaire

344 1102 223 54 Quelques
587 1103 118 54 jours
728 1106 118 54 après
869 1114 107 33 cette
997 1107 202 52 réunion,
1219 1107 30 41 il
1268 1122 28 40 y
1318 1109 119 41 avait
1458 1117 171 33 concert
1649 1114 23 36 à
1694 1110 39 40 la
1762 1109 131 42 Cour.
1934 1110 100 41 Cari

290 1174 160 53 Scholl,
475 1176 230 55 Zmeskall,
729 1187 118 32 entre
868 1189 158 43 autres,
1051 1194 28 40 y
1101 1180 145 42 furent
1266 1182 155 40 admis.
1439 1183 48 40 Je
1508 1196 68 27 me
1592 1182 205 42 souviens
1814 1197 86 40 que
1922 1197 111 26 nous

288 1256 317 38 rencontrâmes
625 1269 45 26 ce
689 1255 172 54 jour-là,
880 1256 104 40 dans
1004 1270 85 27 une
1107 1258 139 40 chaise
1265 1263 22 36 à
1305 1269 211 44 porteurs,
1536 1274 59 26 un
1617 1260 175 41 homme
1813 1262 92 52 âgé,
1925 1262 108 40 mais

292 1325 105 43 dont
414 1326 40 40 la
469 1328 284 41 constitution
777 1329 223 54 paraissait
1022 1331 259 40 néanmoins
1303 1345 152 28 encore
1477 1347 115 26 assez
1614 1335 189 49 robuste,
1826 1335 37 39 le
1886 1334 146 53 visage

288 1401 180 38 couturé
497 1413 76 40 par
594 1403 39 38 la
655 1401 131 53 petite
817 1403 160 50 vérole,
1000 1401 39 41 la
1061 1416 214 40 perruque
1299 1404 98 40 bien
1421 1406 203 53 poudrée,
1647 1406 37 40 le
1707 1407 114 40 front
1845 1406 107 42 haut
1990 1416 45 33 et

290 1470 91 42 fier.
412 1472 155 41 C'était
600 1474 38 40 le
668 1474 212 41 chevalier
911 1475 157 42 Gluck.

343 1544 173 41 Arrivés
539 1559 54 26 au
617 1547 150 52 palais,
793 1561 110 26 nous
926 1548 139 40 fûmes
1094 1562 122 44 reçus
1244 1563 74 41 par
1341 1550 38 40 le
1407 1551 137 40 baron
1577 1551 97 41 Van
1698 1552 205 54 Swieten,
1940 1557 59 38 mé-

294 1617 123 40 decin
440 1618 48 39 de
511 1618 360 42 Marie-Thérèse.

417 1690 134 54 Soyez
592 1692 58 39 les
685 1691 254 53 bienvenus,
976 1693 248 54 Messieurs,
1258 1695 63 40 dit
1353 1709 46 27 ce
1428 1697 183 50 dernier,
1636 1712 109 27 nous
1767 1700 263 41 entendrons

296 1761 59 41 du
380 1776 199 28 nouveau
614 1764 293 54 aujourd'hui.
1040 1768 152 52 Merci,
1231 1770 100 39 cher
1371 1771 151 51 baron,
1562 1773 201 52 répondit
1798 1773 230 52 Zmeskall,

291 1835 109 40 mais
422 1836 50 40 de
494 1844 122 33 votre
638 1840 91 40 côté
750 1853 238 27 avez-vous
1009 1854 99 44 reçu
1131 1855 69 26 ma
1222 1843 175 40 missive
1427 1844 50 40 de
1507 1858 45 26 ce
1579 1846 154 52 matin,
1753 1860 107 26 vous
1887 1847 147 53 priant

293 1909 50 38 de
370 1910 213 52 présenter
605 1924 58 27 un
685 1911 128 54 jeune
835 1913 294 54 compositeur
1151 1928 54 27 au
1228 1923 138 33 comte
1397 1916 52 40 de
1471 1916 265 53 Waldstein,
1759 1919 273 42 chambellan

290 1980 50 41 de
360 1982 52 40 Sa
435 1983 194 54 Majesté.

426 2055 87 41 Vos
543 2057 131 40 désirs
706 2067 97 31 sont
833 2059 251 54 accomplis,
1116 2067 54 42 et,
1197 2074 111 41 pour
1329 2075 108 28 vous
1471 2076 51 27 en
1550 2064 271 53 convaincre,
1846 2066 187 41 veuillez

290 2128 115 50 bien,
428 2129 98 39 cher
549 2130 132 40 baron
706 2140 41 32 et
765 2144 108 27 vous
896 2131 63 42 M.
985 2131 158 54 Scholl,
1167 2147 67 27 me
1256 2135 157 42 suivre.

344 2200 71 40 On
436 2215 121 40 passa
579 2206 23 36 à
625 2210 157 33 travers
805 2217 86 27 une
913 2205 111 40 suite
1046 2205 363 55 d'appartements
1430 2212 57 36 où
1510 2209 256 43 circulaient
1788 2210 94 55 déjà
1905 2225 93 27 nom-

285 2272 71 40 bre
394 2274 51 39 de
468 2274 219 53 seigneurs
712 2285 40 31 et
772 2276 51 40 de
855 2277 161 53 dames,
1045 2278 147 55 quand
1214 2279 57 41 les
1294 2293 100 28 sons
1421 2281 107 40 d'un
1560 2282 191 41 clavecin
1774 2284 259 53 parvinrent

282 2344 172 56 jusqu'à
483 2361 126 27 nous.

340 2419 59 41 Ce
417 2420 148 42 n'était
584 2436 76 40 pas
680 2436 153 27 encore
866 2424 37 40 le
933 2434 169 32 concert
1124 2425 50 41 de
1196 2425 39 41 la
1258 2426 135 48 Cour,
1416 2427 187 54 puisque
1623 2428 167 53 Salieri,
1815 2431 38 40 le
1875 2434 155 38 maître

285 2492 51 41 de
358 2493 188 56 chapelle
568 2495 51 40 de
641 2495 269 55 l'empereur,
936 2498 148 41 n'était
1102 2512 73 39 pas
1198 2499 107 40 dans
1325 2500 39 39 la
1392 2500 101 40 salle
1514 2501 51 40 de
1595 2502 219 54 musique,
1836 2514 38 30 et
1896 2506 108 39 néan-

287 2566 141 39 moins
464 2581 111 26 nous
610 2570 272 47 entendions,
913 2574 119 50 après
1066 2572 209 54 quelques
1297 2572 202 53 instants,
1525 2587 169 27 comme
1719 2589 58 26 un
1801 2590 227 29 murmure

284 2638 167 50 confus,
475 2639 195 42 décelant
699 2641 38 40 la
770 2643 197 52 présence
1001 2643 131 40 d'une
1163 2645 261 39 nombreuse
1458 2645 170 41 société.
1666 2649 72 37 Au
1761 2647 106 41 bout
1900 2648 132 42 d'une

286 2721 278 44 somptueuse
591 2713 174 53 galerie,
790 2728 109 26 nous
922 2724 183 45 apparut
1126 2715 116 41 enfin
1266 2730 61 26 un
1349 2718 133 40 cercle
1503 2718 269 42 d'auditeurs
1799 2729 233 35 entourant

286 2798 61 26 un
369 2785 267 55 magnifique
647 2787 158 54 flûgel
825 2787 52 40 de
896 2787 214 43 Gottfried
1129 2788 292 45 Silbermann.

342 2858 282 43 L'exécutant
661 2860 226 54 paraissait
921 2862 81 40 fort
1032 2861 147 55 jeune;
1218 2862 31 40 il
1275 2862 115 42 avait
1410 2864 37 40 le
1470 2869 115 38 Iront
1619 2866 126 54 beau,
1780 2867 59 40 les
1873 2881 112 40 yeux
2007 2873 23 36 à

284 2930 108 41 fleur
412 2930 51 41 de
484 2932 97 52 tête,
606 2932 39 40 la
669 2946 147 40 nuque
838 2935 129 40 ornée
989 2934 131 41 d'une
1141 2935 130 55 petite
1292 2950 157 40 queue.
1472 2937 155 42 C'était
1650 2940 37 39 le
1707 2939 126 54 jeune
1856 2940 176 42 homme

283 3002 78 54 qui
384 3012 127 45 parut
532 3004 100 41 chez
658 3005 184 43 Forster.

341 3076 73 40 Un
449 3087 122 31 autre
604 3092 266 41 personnage
904 3094 42 26 se
981 3081 134 42 tenait
1147 3083 93 52 près
1275 3082 50 40 de
1357 3083 80 41 lui.
1475 3083 193 42 Celui-ci
1701 3085 223 54 paraissait
1955 3088 75 53 âgé

283 3147 227 43 d'environ
532 3158 136 34 trente
689 3165 76 26 ans
784 3166 10 40 ;
819 3153 160 54 malgré
1002 3168 61 26 un
1090 3168 77 26 nez
1188 3154 230 42 fortement
1453 3156 183 54 busqué,
1660 3172 43 26 sa
1727 3159 304 54 physionomie

287 3222 116 40 avait
423 3224 189 54 quelque
632 3226 123 40 chose
777 3227 51 40 de
843 3226 61 41 fin
921 3236 39 32 et
976 3228 50 40 de
1042 3228 355 54 singulièrement
1421 3231 217 54 expressif.
1668 3231 35 41 Il
1721 3233 160 54 portait
1901 3233 131 54 l'épée

290 3302 41 31 et
363 3295 114 41 avait
518 3311 61 27 un
614 3298 124 41 habit
769 3302 22 38 à
821 3300 39 41 la
894 3301 221 58 française.
1161 3319 18 20 «
1213 3301 108 54 Sire,
1356 3302 138 54 dit-il,
1529 3318 53 26 en
1617 3319 42 26 se
1692 3314 210 32 tournant
1936 3320 95 27 vers

290 3367 157 53 Joseph
476 3368 60 54 11,
579 3370 138 56 lequel
748 3374 146 42 venait
924 3375 285 58 d'apparaître
1240 3375 277 54 subitement,
1555 3392 96 27 sans
1683 3393 42 27 se
1758 3380 189 56 départir
1980 3381 52 46 dç
