2207 3883
697 394 77 39 LA
806 385 381 49 CHRONIQUE
1220 379 315 45 MUSICALE

245 400 83 52 164

241 545 182 41 théâtres
444 549 40 33 et
501 541 60 40 les
581 550 140 28 cœurs
753 535 221 40 s'ouvrent
1004 538 172 48 partout
1207 540 108 43 pour
1336 526 61 42 lui
1416 541 10 34 ;
1451 526 31 40 il
1503 524 96 42 vole
1620 524 51 40 de
1699 522 80 42 fête
1799 536 52 27 en
1878 521 103 54 fête;

246 618 31 40 il
303 616 165 51 change
495 616 23 36 à
545 611 40 40 la
608 609 80 40 fois
720 608 51 39 de
799 605 97 41 ville
922 613 40 33 et
984 604 51 40 de
1055 605 235 38 maîtresse.
1326 599 114 42 Mais
1468 597 30 44 il
1517 596 64 42 lui
1615 600 90 38 taut
1726 595 50 40 de
1808 596 175 52 l'argent

245 703 108 42 pour
381 699 147 28 mener
557 690 107 33 cette
697 680 174 55 joyeuse
904 677 226 42 existence.
1167 675 106 40 Rien
1309 674 52 40 de
1392 672 97 55 plus
1524 670 133 42 facile.
1694 668 35 42 Il
1750 668 103 41 écrit
1873 667 113 41 deux

242 776 57 27 ou
331 760 106 42 trois
489 757 147 54 opéras
665 766 52 28 en
749 751 210 56 quelques
989 750 127 53 mois,
1153 757 40 32 et
1234 761 45 27 sa
1322 745 274 56 prodigieuse
1629 741 211 43 fécondité
1879 740 107 42 n'est

240 834 151 57 jamais
421 845 54 28 en
509 830 159 40 défaut.
702 827 69 41 En
818 826 48 42 18
882 826 42 39 13
945 825 66 53 ,il
1046 823 155 41 broche
1226 836 8 27 :
1277 821 45 41 II
1343 820 158 54 Figlio
1522 831 87 42 per
1629 817 211 57 atfardo,
1870 815 89 40 Tan-

241 907 145 52 crède,
583 903 228 42 Vltaliana
1083 902 42 40 in
1210 898 190 56 Algeri;
933 911 51 28 en
1013 897 127 53 1814,

242 981 45 41 in
307 978 160 49 Italia;
499 990 52 26 en
578 975 127 50 1816,
729 981 123 33 outre
891 969 228 42 Torvaldo
1152 982 21 28 e
1193 968 229 50 Dorlisca,
1450 966 29 40 il
1502 964 194 55 fabrique
1724 977 61 27 un
1813 962 175 42 Othello

241 1052 287 56 quelconque,
570 1056 57 42 et,
668 1046 134 50 enfin,
838 1046 39 39 la
904 1044 141 40 même
1065 1043 150 50 année,
1249 1041 30 40 il
1300 1041 114 40 taille
1445 1053 44 26 sa
1530 1038 150 55 plume
1709 1044 41 32 et
1775 1037 144 39 donne
1952 1034 38 40 le

240 1126 193 40 Barbier
439 1157 9 21 ,
476 1135 85 29 une
583 1119 231 44 merveille.
845 1118 187 55 Excepté
1050 1117 108 40 dans
1180 1128 45 27 ce
1247 1113 170 42 dernier
1439 1124 189 40 ouvrage
1644 1119 40 32 et
1705 1109 107 40 dans
1834 1108 40 41 la
1896 1121 69 40 pre-

240 1199 131 41 mière
412 1196 150 41 moitié
599 1194 52 41 de
1149 1192 255 42 Guillaume
1754 1189 119 55 Tell.,
1144 1185 175 44 Rossini
1361 1184 207 56 prodigue
1606 1183 59 40 les
1701 1180 205 42 mélodies
1935 1194 53 26 au

237 1272 177 52 hasard;
466 1270 30 41 il
524 1269 61 41 les
612 1267 161 56 répand
815 1270 46 53 çà
890 1273 41 33 et
953 1264 41 41 là
1022 1277 56 28 au
1120 1262 156 54 mépris
1308 1260 52 40 de
1381 1259 40 41 la
1444 1256 231 49 situation,
1710 1256 73 40 des
1812 1268 153 42 person-

241 1359 143 41 nages,
410 1345 72 40 des
511 1342 180 55 paroles.
715 1338 211 43 Coloriste
956 1337 190 52 brillant,
1169 1335 28 40 il
1219 1348 43 27 se
1290 1342 169 44 trompe
1478 1344 75 27 sur
1578 1328 191 55 l'emploi
1795 1328 73 39 des
1889 1340 78 27 cou-

242 1422 135 44 leurs;
401 1417 29 40 il
458 1429 53 27 ne
542 1413 229 54 s'inquiète
801 1411 123 54 point
950 1410 52 40 de
1033 1406 276 56 l'expression
1333 1405 128 53 juste,
1494 1404 32 40 il
1554 1417 52 26 ne
1637 1417 43 25 se
1701 1400 147 42 soucie
1868 1399 124 56 point

240 1493 52 40 de
312 1491 39 41 la
372 1490 133 42 vérité
522 1488 288 52 dramatique.
842 1485 61 39 La
928 1484 152 53 pensée
1101 1481 65 41 lui
1193 1477 348 56 manque-t-elle?
1568 1476 36 40 Il
1625 1476 38 40 la
1685 1474 210 54 remplace
1915 1486 76 42 par

242 1566 73 40 des
336 1564 122 40 traits
477 1561 107 41 dont
604 1574 57 27 on
684 1573 52 26 ne
760 1557 91 41 voit
877 1570 74 41 pas
981 1556 40 40 la
1055 1554 158 54 portée.
1240 1552 37 40 Il
1299 1551 179 55 galoppe
1498 1550 108 39 dans
1624 1550 39 39 le
1684 1549 101 39 faux
1806 1560 57 27 ou
1884 1546 107 41 dans

241 1639 38 39 le
312 1636 99 41 vide
439 1646 99 30 avec
566 1646 85 27 une
687 1630 214 42 hardiesse
934 1627 77 55 qui
1045 1627 63 40 lui
1143 1626 77 41 fait
1244 1624 245 55 pardonner
1511 1635 62 28 ses
1596 1634 168 28 erreurs
1780 1635 9 37 ;
1816 1620 101 40 c'est
1938 1632 52 27 en

245 1723 167 29 somme
437 1721 62 27 un
528 1707 109 40 beau
659 1704 197 44 cavalier,
891 1711 40 32 et
961 1701 31 41 il
1013 1709 62 33 est
1105 1700 181 54 superbe
1317 1711 53 27 en
1392 1696 125 48 selle;
1543 1695 117 40 aussi
1682 1692 305 56 applaudit-on

249 1781 170 57 jusqu'à
442 1794 62 26 ses
525 1778 98 55 plus
646 1780 196 51 étranges
861 1775 147 42 sorties
1030 1780 148 34 contre
1205 1772 39 41 la
1267 1770 160 52 raison,
1451 1770 37 39 le
1512 1768 85 40 bon
1633 1781 95 27 sens
1751 1775 41 31 et
1817 1766 38 40 le
1877 1764 105 40 vrai.

247 1853 176 42 Rossini
463 1860 120 47 porle
609 1855 23 35 à
664 1864 76 26 son
776 1851 97 52 père
904 1860 62 28 un
988 1846 291 40 attachement
1314 1842 178 49 sincère,
1525 1851 39 29 et
1596 1848 65 32 cet
1698 1838 292 42 attachement

244 1928 62 42 lui
327 1927 211 55 inspirera
558 1926 98 53 plus
672 1923 110 52 tard,
801 1936 55 27 au
871 1921 223 40 deuxième
1113 1930 89 29 acte
1215 1918 50 40 de
1567 1914 23 40 2
1606 1913 74 52 t'//,
1699 1921 108 33 cette
1827 1925 104 41 page
1953 1923 34 27 si

242 1999 150 54 sentie,
412 1999 36 40 si
471 1997 251 41 noblement
743 1993 229 55 éloquente
990 2011 9 23 :

1174 2106 73 37 Ses
1360 2104 109 45 jours
1611 2101 116 50 qu'ils
1884 2106 66 31 ont

701 2171 52 37 Je
771 2182 47 24 ne
835 2168 56 38 les
913 2167 42 38 ai
969 2179 77 39 pas
1068 2165 203 43 défendus.

242 2280 192 52 Rossini,
458 2279 76 54 qui
560 2292 23 26 a
604 2276 141 56 plutôt
777 2288 109 42 pour
915 2271 204 42 domaine
1149 2270 41 41 le
1226 2267 270 55 magnifique
1517 2279 85 42 que
1623 2266 38 40 le
1694 2265 189 41 sublime
1917 2264 73 55 (1),

241 2355 100 55 jette
363 2366 96 28 sans
485 2359 134 46 regret
641 2349 105 40 dans
767 2361 61 27 un
852 2345 98 42 coin
972 2358 63 26 ses
1055 2342 180 42 lauriers
1257 2350 41 33 et
1336 2355 44 27 sa
1411 2354 185 42 pourpre
1627 2353 109 41 pour
1765 2339 143 40 courir
1935 2337 57 41 les

244 2435 231 34 aventures
495 2436 85 30 une
614 2433 223 30 couronne
868 2419 52 40 de
939 2430 115 28 roses
1083 2430 55 27 au
1166 2415 129 52 front,
1320 2427 87 27 une
1437 2421 182 32 marotte
1639 2416 24 37 à
1690 2412 41 40 la
1761 2411 136 52 main,
1933 2424 59 26 un

245 2501 95 41 fifre
379 2513 87 27 aux
498 2497 137 41 dents.
670 2493 220 55 Toujours
918 2491 93 55 gai,
1046 2488 197 55 toujours
1276 2487 203 52 aimable,
1516 2485 198 54 toujours
1752 2483 169 52 fécond,
1964 2482 30 41 il

242 2575 159 40 chante
421 2576 23 36 à
466 2571 174 51 Venise,
663 2572 22 37 à
711 2568 156 50 Rome,
891 2570 23 35 à
945 2563 156 50 Milan,
1129 2568 23 35 à
1174 2561 174 54 Naples,
1373 2560 304 40 l'insouciante
1708 2558 193 41 chanson
1933 2556 58 40 du

242 2647 159 53 plaisir.
426 2643 113 42 C'est
566 2642 38 41 le
626 2641 150 54 plaisir
809 2651 76 41 qui
910 2650 42 26 se
988 2636 128 39 cache
1134 2634 106 40 dans
1276 2633 39 40 la
1343 2632 146 39 tombe
1521 2631 52 39 de
1607 2631 163 49 Ninus,
1808 2629 183 41 deiricre

240 2718 179 42 Othello
440 2713 210 43 étouffant
680 2711 286 50 Desdémone,
989 2707 185 40 derrière
1200 2706 239 40 Maometto
1474 2703 186 42 secondo
1676 2720 10 36 ;
1722 2703 100 39 c'est
1842 2714 153 28 encore

237 2792 65 41 lui
324 2789 77 56 qui
419 2787 183 43 conduit
625 2786 139 40 Moïse
787 2797 52 27 en
865 2783 166 53 Egypte
1065 2787 41 34 et
1139 2778 62 42 lui
1224 2778 77 41 fait
1322 2788 205 29 traverser
1564 2775 40 42 la
1635 2789 91 27 mer
1748 2775 155 54 Rouge
1921 2789 12 37 ;
1964 2774 31 41 il

287 2939 48 43 (i)
362 2937 57 33 Un
443 2934 190 44 fanatique
654 2933 43 32 de
729 2929 164 45 Rossini,
926 2930 41 31 P.
993 2927 133 43 Scudo,
1159 2927 116 43 paraît
1301 2925 104 33 avoir
1438 2930 153 27 entrevu
1619 2928 91 28 cette
1738 2921 127 42 vérité,
1891 2930 57 23 car
1971 2920 25 32 il

244 3000 194 43 s'exprime
459 2996 94 34 ainsi
575 2996 91 32 dans
680 3005 50 21 un
750 2992 89 34 livre
860 2990 126 45 publié
1007 3001 43 21 en
1074 2988 21 34 i
1095 2988 65 34 852
1189 2987 86 33 chez
1296 2986 126 34 Victor
1456 2986 116 32 Lecou
1597 2994 85 23 sous
1707 2994 38 22 ce
1769 2982 83 33 titre
1878 2994 6 20 :
1914 2981 62 32 Cri-

242 3062 99 44 tique
361 3065 33 29 et
416 3059 206 33 littérature
652 3054 193 34 musicales
865 3066 10 19 :
904 3052 89 32 «On
1021 3057 80 26 sent
1129 3060 73 34 que
1231 3050 34 31 la
1294 3047 96 45 gaîté
1423 3047 43 31 de
1493 3045 150 33 Rossini
1674 3050 52 27 est
1752 3043 176 34 fiévreuse
1962 3047 34 26 et

244 3127 238 38 menaçante;
510 3120 24 32 il
569 3124 54 26 est
650 3118 19 31 à
694 3115 190 34 Cimarosa
917 3124 37 22 ce
983 3123 73 33 que
1089 3108 283 36 Beaumarchais
1399 3114 52 26 est
1483 3107 18 32 à
1533 3106 162 42 Molière,
1714 3106 84 43 plus
1830 3103 166 34 mordant

242 3193 66 33 que
331 3182 93 40 vrai,
443 3180 82 42 plus
548 3178 151 33 brillant
713 3186 64 33 que
792 3175 163 44 profond
979 3176 60 39 (a);
1054 3178 33 27 et
1109 3182 43 21 en
1169 3171 175 32 écoutant
1364 3174 90 27 cette
1479 3167 176 43 musique
1674 3166 64 44 qui
1754 3176 92 23 vous
1871 3169 124 27 monte

243 3243 18 32 à
277 3242 139 43 l'esprit
439 3249 144 25 comme
600 3248 71 23 une
693 3237 148 43 liqueur
863 3235 153 44 chargée
1037 3234 43 32 de
1099 3243 75 32 gaz,
1198 3243 47 21 on
1261 3229 200 44 comprend
1482 3239 71 33 que
1576 3229 10 32 1
1600 3234 130 28 auteur
1759 3233 54 26 est
1839 3226 45 32 né
1905 3224 90 33 dans

245 3312 50 22 un
317 3308 117 37 temps
456 3302 43 31 de
523 3299 164 33 troubles
703 3304 34 26 et
758 3297 42 32 de
826 3296 223 43 tempêtes...
1071 3309 15 13 »

291 3396 44 39 (a)
359 3393 68 33 Ces
445 3392 151 43 phrases
620 3401 43 23 ne
689 3396 83 27 sont
794 3400 62 33 pas
874 3386 208 45 soulignées
1107 3385 91 34 dans
1216 3384 33 35 le
1273 3390 108 28 texte»
