2207 3883
512 374 107 42 LES
651 374 335 47 CONCOURS
1018 381 86 42 DU
1137 382 524 48 CONSERVATOIRE

1878 409 82 40 147

216 521 87 34 trer
328 524 122 33 autre
471 518 127 42 chose
619 534 85 40 que
738 523 177 54 l'agilité
937 528 279 54 prestigieuse
1237 531 51 40 de
1308 545 63 27 ses
1392 532 156 56 doigts.
1583 535 176 43 D'autre
1792 548 109 44 part,
1924 551 40 33 et

220 602 53 27 en
296 604 44 26 ce
362 591 78 53 qui
462 605 207 30 concerne
689 595 38 40 le
746 598 125 52 style,
892 599 112 40 voici
1027 614 45 26 ce
1090 602 77 54 qui
1187 604 140 41 arrive
1343 606 353 45 infailliblement
1715 626 9 26 :
1745 624 56 27 ou
1818 612 144 44 l'élève

216 677 23 25 a
262 663 37 40 le
322 664 235 41 sentiment
579 666 57 40 du
661 669 104 44 style
787 671 253 53 particulier
1063 678 23 35 à
1112 675 191 56 Chopin,
1328 688 39 32 et
1387 682 111 40 alors
1522 682 29 42 il
1582 684 165 41 voudra
1769 688 195 41 exécuter

216 735 15 39 1
247 750 149 26 œuvie
419 751 168 28 comme
609 740 76 40 elle
708 742 90 40 doit
823 743 13 40 1
856 746 99 50 être,
979 759 100 28 avec
1101 748 71 40 des
1193 751 246 43 altérations
1457 756 51 39 de
1527 767 284 34 mouvement
1830 760 112 41 inces-

214 818 155 43 santes,
394 823 100 27 avec
516 811 72 40 des
612 813 173 42 libertés
808 818 197 40 énormes
1026 820 107 41 dans
1155 822 384 57 l'interprétation;
1576 830 30 41 il
1643 845 104 27 aura
1781 834 111 40 alors
1926 835 37 40 le

214 882 108 52 style
341 883 49 39 de
412 883 192 55 Chopin,
628 896 40 33 et
690 902 89 27 non
800 890 37 40 le
858 891 90 40 vrai
969 894 108 52 style
1100 896 182 42 musical
1299 911 8 28 :
1388 913 57 28 ou
1463 902 98 41 bien
1585 905 29 39 il
1635 904 144 54 jouera
1800 907 40 41 la
1864 916 100 34 note

214 955 98 40 telle
336 969 57 40 qu
413 957 76 40 elle
511 967 62 31 est
595 960 142 52 écrite,
764 962 106 42 dans
895 979 61 26 un
993 980 283 32 mouvement
1297 986 65 27 sec
1393 983 39 31 et
1453 976 200 54 régulier,
1682 993 98 26 sans
1801 995 41 26 se
1866 995 72 40 per-

214 1037 151 33 mettre
398 1044 171 28 aucune
595 1033 176 55 licence,
802 1051 172 28 aucune
998 1040 234 44 infraction
1255 1049 22 36 à
1300 1045 39 41 la
1360 1061 185 40 mesure,
1569 1058 40 33 et
1630 1052 111 40 alors
1763 1054 30 40 il
1814 1054 149 53 jouera

211 1100 39 41 le
272 1116 201 29 morceau
508 1105 106 41 dans
650 1121 60 26 un
733 1110 110 53 style
873 1112 77 52 qui
985 1127 42 25 se
1061 1117 281 52 rapprochera
1373 1120 59 40 du
1469 1123 106 53 style
1605 1124 227 55 classique,
1854 1128 109 41 mais

212 1175 75 53 qui
327 1190 89 26 sera
445 1178 41 39 la
517 1180 205 52 négation
759 1183 141 40 même
922 1185 51 39 de
993 1186 111 40 celui
1127 1188 50 40 de
1199 1189 187 55 Chopin.
1416 1193 36 39 Il
1478 1195 73 52 n'y
1573 1210 22 26 a
1616 1211 74 40 pas
1717 1204 22 35 à
1762 1201 128 39 sortir
1912 1202 51 40 de

207 1247 57 52 là,
287 1259 40 29 er
341 1249 87 40 cela
445 1259 61 31 est
522 1251 33 39 si
579 1253 89 39 vrai
687 1267 85 40 que
786 1254 9 53 j
816 1256 39 38 ai
876 1270 57 26 vu
951 1258 70 39 des
1038 1259 136 40 élèves
1191 1261 311 56 intelligentes,
1524 1268 77 52 qui
1625 1271 172 40 avaient
1818 1275 141 40 voulu

210 1320 165 40 étudier
395 1322 37 39 le
454 1334 200 31 concerto
675 1339 170 28 comme
867 1329 98 40 elles
986 1330 39 41 le
1045 1336 343 53 comprenaient,
1407 1337 268 45 c'est-à-dire
1698 1343 240 55 intelligem-

212 1404 135 42 ment,
372 1403 40 32 et
441 1411 84 39 que
560 1399 113 39 leurs
711 1401 263 53 professeurs
995 1416 78 29 ont
1094 1406 59 40 dû
1174 1409 194 54 rappeler
1388 1416 23 36 à
1432 1413 40 40 la
1493 1414 162 54 raison,
1679 1430 99 27 sous
1797 1433 46 26 ce
1865 1422 73 52 pré-

209 1473 113 33 texte
358 1481 59 39 qu
436 1483 54 25 au
529 1470 331 44 Conservatoire
889 1475 40 40 la
967 1477 205 54 musique
1206 1480 51 40 de
1292 1482 175 56 Chopin
1491 1500 54 26 ne
1566 1487 90 41 doit
1676 1502 76 41 pas
1775 1505 41 26 se
1837 1491 122 54 jouer

210 1553 167 28 comme
396 1542 32 39 il
445 1544 38 38 la
507 1543 90 41 faut
616 1545 121 54 jouer
758 1546 188 45 ailleurs.
963 1551 95 40 J'en
1077 1553 166 41 reviens
1259 1556 109 41 donc
1383 1560 23 37 à
1425 1572 103 27 mon
1549 1560 107 53 dire,
1681 1573 41 31 et
1741 1563 37 51 je
1802 1573 155 34 trouve

209 1627 85 39 que
318 1614 37 40 le
380 1616 157 42 comité
567 1619 71 39 des
673 1620 147 41 études
842 1636 23 26 a
885 1625 134 50 grand
1056 1633 86 33 tort
1172 1628 51 40 de
1252 1629 162 42 choisir
1447 1632 51 40 de
1531 1634 76 40 tels
1642 1650 233 29 morceaux
1909 1640 51 40 de

215 1698 225 31 concours.
468 1689 61 40 La
550 1691 143 40 bonne
720 1694 204 54 musique
945 1696 50 40 de
1017 1698 145 53 piano,
1190 1700 113 41 Dieu
1332 1705 149 52 merci,
1506 1707 107 41 n'est
1641 1722 74 40 pas
1742 1724 91 27 rare
1854 1712 106 41 dans

217 1758 152 42 l'ordre
391 1761 225 55 classique,
636 1765 187 54 puisque
841 1767 59 40 les
922 1769 97 54 plus
1041 1774 159 49 grands
1223 1777 171 40 maîtres
1417 1787 76 31 ont
1517 1781 209 54 prodigué
1748 1784 58 39 les
1825 1785 111 41 chefs-

209 1833 191 41 d'œuvre
432 1849 110 39 pour
584 1846 64 31 cet
678 1839 283 44 instrument.
991 1843 148 50 Qu'on
1176 1846 87 41 s'en
1283 1848 147 42 tienne
1457 1852 114 41 donc
1603 1858 23 36 à
1650 1855 263 52 Beethoven,
1938 1862 23 36 à

210 1906 187 55 Mozart,
422 1911 23 37 à
469 1908 228 55 Hummel,
727 1915 23 37 à
781 1913 256 57 Moschelès,
1058 1922 23 36 à
1103 1917 175 58 Weber,
1312 1925 23 37 à
1365 1922 187 56 Dussek,
1588 1931 24 36 à
1648 1927 230 53 Clementi,
1920 1940 41 32 et

209 1985 98 35 tout
327 1994 91 26 sera
441 1981 226 57 beaucoup
699 1985 162 42 mieux.

261 2051 99 42 Ceci
383 2053 78 54 dit,
487 2068 112 28 nous
620 2058 140 40 allons
782 2067 140 34 entrer
937 2061 107 42 dans
1063 2063 212 44 l'examen
1296 2069 202 41 raisonné
1519 2072 73 40 des
1614 2086 222 31 concours.

264 2197 81 43 Les
368 2201 204 54 épreuves
594 2205 168 41 vocales
783 2215 80 34 ont
882 2208 81 40 mis
991 2222 53 27 en
1065 2212 199 52 présence
1285 2216 272 42 trente-deux
1578 2218 137 42 élèves
1742 2221 70 41 des
1841 2223 111 42 deux

209 2286 133 40 sexes,
374 2274 108 41 dont
509 2286 206 44 quatorze
736 2279 198 42 hommes
968 2292 38 30 et
1032 2283 205 43 dix-huit
1266 2286 193 43 femmes.
1489 2289 63 41 De
1579 2305 67 27 ces
1677 2296 278 42 trente-deux

208 2347 148 53 jeunes
379 2361 120 39 gens,
523 2350 76 53 qui
620 2358 95 34 tous
737 2361 79 33 ont
835 2358 88 50 pris
945 2364 94 45 part
1058 2370 55 27 au
1135 2371 208 30 concours
1365 2361 50 40 de
1437 2362 129 42 chant
1581 2377 277 43 proprement
1878 2370 78 51 dit,

207 2429 205 44 quatorze
452 2420 110 55 (sept
595 2437 110 40 pour
740 2425 168 56 chaque
943 2432 111 49 sexe)
1087 2444 42 26 se
1169 2440 97 33 sont
1299 2437 192 38 montrés
1532 2437 107 40 dans
1675 2439 39 40 le
1752 2454 208 28 concours

205 2492 171 55 dopéia
399 2495 222 54 comique*
649 2498 99 41 huit
771 2502 171 52 (quatre
964 2503 50 40 de
1037 2503 166 56 chaque
1226 2505 106 56 côté)
1353 2509 108 40 dans
1484 2510 111 41 celui
1617 2512 189 56 d'opéra,
1826 2524 40 33 et
1884 2516 74 40 dix

207 2579 41 26 se
285 2575 98 32 sont
417 2569 206 42 abstenus
652 2585 99 27 sous
788 2587 46 27 ce
866 2585 188 45 rapport.
1096 2578 144 41 Parmi
1268 2580 61 40 les
1365 2582 209 54 hommes,
1610 2599 111 28 nous
1752 2597 207 33 trouvons

205 2638 175 41 daboid
400 2641 63 41 M.
490 2641 250 57 Couturier,
764 2648 76 53 qui
864 2662 23 26 a
921 2650 163 40 obtenu
1106 2651 59 40 les
1197 2653 110 41 deux
1330 2656 206 53 premiers
1560 2659 93 54 prix
1682 2660 49 40 de
1767 2662 130 41 chant
1919 2672 40 32 et

206 2712 25 39 d
252 2714 127 52 opéia
406 2728 53 26 en
485 2716 210 42 chantant
723 2720 37 39 le
791 2722 68 39 bel
897 2722 63 40 air
995 2723 160 43 d'Hoël
1190 2726 59 41 du
1280 2728 182 42 Pardon
1489 2731 54 40 de
1574 2733 225 42 Ploëryyiel
1831 2744 41 32 et
1905 2750 54 30 en

202 2783 156 54 jouant
391 2786 40 40 la
452 2789 164 52 grande
646 2795 124 38 scène
800 2794 72 40 des
894 2805 136 31 cartes
1059 2797 51 40 de
1148 2799 188 42 Charles
1377 2803 75 40 VI.
1480 2803 127 42 Elève
1638 2806 50 40 de
1710 2807 62 39 M.
1800 2808 157 55 Roger,

207 2857 62 40 M.
297 2858 235 44 Couturier
551 2866 176 51 possède
748 2881 85 26 une
854 2869 107 40 belle
979 2870 101 40 voix
1098 2871 50 40 de
1171 2873 184 53 baryton
1373 2876 165 41 chaude
1555 2887 40 31 et
1616 2879 210 55 vibrante,
1847 2882 112 53 juste

209 2939 41 32 et
271 2933 182 40 étendue
470 2950 10 32 ;
504 2936 29 39 il
558 2937 152 54 phrase
731 2953 101 27 avec
855 2941 290 55 intelligence,
1169 2945 31 40 il
1219 2960 23 26 a
1263 2947 52 40 de
1335 2948 39 40 la
1402 2963 124 27 verve
1563 2961 39 30 et
1632 2952 51 40 de
1714 2955 242 55 l'ampleur,

204 3013 41 31 et
267 3005 77 39 tait
363 3019 160 40 preuve
537 3008 51 41 de
607 3012 255 43 sentiment.
895 3015 36 40 Il
951 3016 141 53 devra,
1115 3031 75 41 par
1212 3020 207 55 exemple,
1444 3036 41 26 se
1504 3023 129 41 défier
1654 3025 106 41 d'un
1784 3029 150 41 chevro-

203 3084 166 34 tement
390 3082 187 51 précoce,
605 3093 40 31 et
676 3086 218 42 travailler
924 3103 151 28 encore
1107 3094 23 36 à
1153 3093 210 54 assouplir
1384 3109 42 26 sa
1463 3098 296 42 vocalisation.
1806 3102 152 50 Quant

203 3164 86 27 aux
321 3153 187 52 qualités
530 3156 59 40 du
612 3160 243 55 comédien,
877 3162 30 40 il
932 3177 23 26 a
977 3177 149 27 encore
1155 3167 23 37 à
1200 3164 101 42 faire
1322 3181 112 41 pour
1465 3170 59 40 les
1556 3173 211 53 acquérir.
1804 3175 121 42 Néan-

208 3225 162 53 moins,
393 3239 43 27 ce
471 3227 126 54 jeune
626 3231 198 57 homme,
857 3236 76 53 qui
964 3237 107 41 n'est
1092 3239 77 51 âgé
1204 3253 84 39 que
1318 3241 51 40 de
1400 3242 277 55 vingt-et-un
1705 3260 92 40 ans,
1821 3253 139 50 paraît

203 3298 117 40 avoir
348 3313 59 26 un
433 3301 64 39 bel
520 3304 149 41 avenir
692 3307 158 41 devant
871 3309 79 42 lui,
1041 3311 62 40 M.
1131 3310 164 55 Caisso,
1332 3315 74 52 qui
1439 3323 62 33 est
1527 3318 115 40 élève
1677 3319 52 41 de
1766 3321 61 42 M.
1867 3323 61 42 Ro-

205 3384 118 27 main
350 3372 187 43 Bussine
558 3390 112 40 pour
704 3379 38 40 le
768 3381 144 55 chant,
937 3397 23 27 a
998 3384 64 41 dit
1089 3398 100 27 avec
1226 3399 60 27 un
1322 3391 104 50 goût
1460 3391 219 56 véritable,
1716 3396 110 40 mais
1857 3411 102 27 avec
