2207 3883
599 391 262 53 ROSSINI,
896 385 402 53 BEETHOVEN,
1332 383 130 41 ETC.

1821 384 80 41 165

170 541 134 42 tutoie
325 541 202 51 Zelmira,
551 540 30 40 il
602 539 219 41 chiffonne
842 538 39 40 la
896 537 144 40 donna
1059 536 51 40 de
1129 536 132 52 Lago,
1279 534 30 39 il
1325 532 77 41 fait
1421 531 72 40 des
1515 529 145 42 niches
1679 530 22 37 à
1713 527 40 40 la
1771 526 108 41 Cene-

169 614 179 49 rentola,
369 614 31 40 il
420 613 194 43 travestit
636 611 200 42 Armide.
860 609 107 49 Oui,
998 608 75 40 oui
1092 612 7 35 !
1125 607 37 40 le
1185 606 164 54 plaisir,
1373 619 46 26 ce
1441 603 71 55 joli
1546 602 145 40 oiseau
1726 599 50 40 de
1810 611 72 41 pas-

170 700 113 39 sage,
307 687 122 39 lance
456 698 43 26 sa
527 684 179 40 roulade
739 684 106 39 dans
878 688 140 33 toutes
1051 693 67 26 ces
1152 677 222 41 brillantes
1395 674 223 57 partitions
1635 686 11 40 ;
1674 672 31 40 il
1727 679 87 31 met
1844 683 63 27 un

171 771 179 40 masque
370 760 23 37 à
416 755 266 50 Sémiramis,
708 769 60 26 un
786 753 183 41 domino
990 765 56 27 au
1068 751 128 53 jeune
1223 749 185 52 Arnold,
1437 747 265 54 gazouillant
1728 758 62 27 un
1820 743 88 41 duo

171 844 99 28 avec
308 829 216 42 Mathilde
554 838 39 33 et
621 830 79 50 dit,
735 842 53 26 en
824 831 340 49 accompagnant
1197 837 62 26 ses
1297 821 162 55 paroles
1499 821 128 40 d'une
1662 816 208 57 gambade
1894 828 11 28 :

174 925 18 22 «
224 908 126 43 Nous
382 908 156 54 jouons
568 908 40 40 la
642 907 209 50 comédie,
887 908 121 52 après
1036 912 95 33 tout
1150 919 10 35 ;
1193 910 120 33 notre
1346 900 115 54 objet
1499 907 61 34 est
1581 898 51 41 de
1666 896 178 42 divertir
1864 895 40 41 la

170 981 131 53 foule,
324 990 41 31 et
385 981 166 40 chacun
573 980 81 41 sait
675 980 115 40 aussi
814 980 98 40 bien
936 992 83 40 que
1041 977 91 41 moi
1155 988 83 42 que
1259 974 87 42 ceci
1363 981 62 34 est
1447 987 59 26 un
1527 970 221 56 spectacle,
1774 985 18 21 »

229 1053 212 41 Pourtant
452 1053 177 41 Rossini
644 1053 179 55 reprend
845 1066 44 27 sa
904 1063 184 43 pourpre
1103 1060 39 30 et
1171 1061 63 28 ses
1251 1047 201 51 lauriers;
1466 1060 44 26 sa
1520 1044 150 54 figure,
1686 1041 199 41 bellelors-

172 1126 154 54 qu'elle
338 1126 172 42 devient
535 1126 202 48 sérieuse,
762 1126 193 53 apparaît
988 1122 235 41 au-dessus
1256 1120 73 39 des
1348 1131 177 40 nuages,
1543 1130 43 27 sa
1608 1116 89 39 face
1718 1126 193 42 rayonne

172 1212 170 27 comme
363 1213 61 26 un
442 1206 123 45 astre,
584 1212 56 26 on
656 1198 38 39 le
711 1197 171 53 regarde
902 1208 98 27 avec
1022 1192 284 42 admiration:
1324 1190 57 40 les
1403 1190 107 38 fines
1521 1189 133 39 lèvres
1674 1187 59 40 du
1754 1188 153 39 maître

172 1273 347 52 s'entr'ouvrent,
544 1286 43 26 sa
609 1270 101 40 voix
727 1270 145 51 éclate,
894 1276 41 32 et
962 1281 66 26 ces
1047 1273 111 34 mots
1179 1262 272 43 retentissent
1472 1264 23 37 à
1516 1268 159 32 travers
1698 1260 12 39 1
1727 1271 148 41 espace
1899 1272 10 26 :

174 1346 90 39 aJe
287 1346 89 39 suis
399 1345 133 54 grand
553 1343 151 54 quand
724 1342 38 53 je
781 1340 134 42 veux!
944 1357 18 20 »
989 1338 105 41 Puis
1117 1336 31 41 il
1180 1336 141 54 ajoute
1347 1347 53 27 en
1432 1333 117 40 riant
1572 1345 9 28 :
1626 1348 18 20 «
1682 1329 113 42 Mais
1823 1329 89 40 cela

174 1418 236 41 m'ennuie.
436 1434 13 20 »
479 1417 55 40 Et
556 1416 190 55 pendant
767 1427 86 42 que
869 1426 109 28 vous
999 1411 37 41 le
1057 1409 209 42 cherchez
1287 1420 151 28 encore
1458 1406 106 39 dans
1583 1404 37 40 le
1652 1401 78 43 ciel
1755 1406 56 36 où
1834 1415 77 26 son

174 1492 138 53 image
334 1490 175 54 s'efface,
540 1489 31 40 il
593 1502 119 41 passe
732 1488 154 54 auprès
919 1486 51 40 de
995 1498 108 28 vous
1129 1496 54 28 au
1206 1482 98 40 bras
1328 1481 59 40 du
1409 1477 279 55 scepticisme,
1713 1474 201 41 oubliant

172 1578 84 41 que
275 1564 97 40 l'art
389 1571 62 33 est
472 1576 87 27 une
580 1561 281 41 affirmation.

230 1637 36 40 Il
287 1636 223 41 considère
532 1636 58 39 les
614 1634 172 41 libretti
807 1632 106 54 qu'il
934 1639 88 33 met
1042 1644 54 27 en
1117 1629 203 53 musique
1343 1638 168 29 comme
1531 1624 73 39 des
1622 1622 147 40 cadres
1791 1625 58 36 où
1870 1619 38 41 le

177 1710 214 40 musicien
412 1719 61 30 est
490 1709 108 39 libre
617 1707 50 40 de
689 1707 104 39 faire
814 1714 141 33 entrer
977 1717 45 26 ce
1045 1702 107 54 qu'il
1181 1708 120 33 veut.
1325 1700 98 49 Que
1449 1698 184 40 l'auteur
1655 1696 37 39 le
1712 1696 125 38 mène
1856 1706 54 27 en

179 1782 183 54 Egypte,
386 1795 50 27 en
461 1780 190 54 Assyrie,
685 1792 52 26 en
771 1778 131 40 Grèce
934 1790 58 26 ou
1026 1789 52 26 en
1113 1773 153 52 Chine,
1304 1785 83 40 peu
1419 1770 62 41 lui
1514 1769 208 53 importe!
1748 1766 98 49 Que
1875 1767 39 38 le

184 1856 120 53 poète
328 1853 59 41 lui
409 1852 208 41 fournisse
637 1851 57 40 tel
715 1864 57 27 ou
795 1850 57 40 tel
870 1857 117 46 type,
1010 1861 47 43 ça
1077 1846 62 42 lui
1158 1854 63 32 est
1242 1844 92 54 égal
1352 1847 8 37 !
1389 1843 36 40 Il
1445 1855 53 26 ne
1516 1838 227 55 s'inquiète
1767 1850 73 41 pas
1859 1836 52 40 de

176 1940 224 28 conserver
421 1926 115 40 leurs
557 1923 325 56 physionomies
903 1919 299 57 particulières
1223 1931 84 27 aux
1329 1915 158 49 siècles,
1503 1926 85 27 aux
1605 1911 200 52 milieux,
1827 1921 87 28 aux

176 2003 247 37 caractères.
446 1997 125 42 Ainsi
589 2010 85 41 que
692 1996 204 51 Voltaire,
915 2006 99 28 avec
1032 1991 144 55 lequel
1194 1990 31 41 il
1242 2004 23 26 a
1286 1990 98 53 plus
1401 1987 105 40 d'un
1525 1985 123 54 point
1665 1983 52 40 de
1731 1989 186 45 contact,

172 2074 30 40 il
217 2072 164 41 déteint
402 2086 74 26 sur
495 2085 62 26 ses
577 2082 287 42 personnages
879 2082 8 27 :
903 2066 267 50 Sémiramis,
1185 2065 153 47 Assur,
1358 2060 284 46 Desdémone,
1668 2055 241 52 Mahomet,

177 2146 172 53 Figaro,
373 2144 168 41 Arnold
563 2151 99 33 sont
689 2149 152 33 autant
861 2141 51 40 de
934 2139 126 55 petits
1097 2135 191 42 Rossini.
1325 2133 72 41 On
1430 2131 92 42 voit
1553 2144 75 40 par
1648 2130 39 40 la
1712 2126 200 42 combien

174 2228 61 31 est
271 2218 174 41 erronée
485 2217 40 40 la
565 2214 303 55 comparaison
899 2213 134 53 qu'on
1065 2225 24 26 a
1121 2210 136 40 voulu
1301 2206 153 41 établir
1491 2211 122 33 entre
1657 2199 176 42 Rossini
1872 2206 43 32 et

175 2292 185 39 Mozart.
382 2290 60 41 Ce
462 2302 84 42 que
565 2288 169 40 Mozart
756 2284 227 56 respectait
1002 2281 349 57 profondément,
1378 2276 174 41 Rossini
1578 2275 38 39 le
1635 2271 268 53 dédaignait.

174 2364 120 39 Tout
315 2370 60 33 est
398 2361 90 40 vrai
506 2362 107 39 dans
638 2360 98 40 Don
769 2359 132 49 Juan,
926 2363 95 35 tout
1040 2356 108 40 n'est
1169 2367 73 41 pas
1260 2351 92 41 vrai
1388 2350 107 39 dans
1528 2345 250 43 Guillaume
1799 2342 115 40 Tell.

176 2436 167 41 Mozart
383 2435 107 39 tient
523 2441 170 46 compte
727 2432 50 40 de
811 2432 40 39 la
891 2429 134 41 vérité
1062 2427 292 51 dramatique,
1390 2420 176 42 Rossini
1606 2431 87 27 sen
1729 2427 188 42 moque;

175 2509 169 41 Mozart
377 2516 61 32 est
478 2509 154 38 maître
670 2505 107 40 dans
816 2511 141 33 toutes
988 2502 59 40 les
1082 2499 157 55 parties
1273 2497 51 40 de
1357 2509 78 26 son
1465 2502 88 42 art;
1590 2489 191 51 Rossini,
1807 2501 106 28 non.

172 2581 236 42 Joacchino
440 2594 42 26 se
518 2587 199 33 contente
748 2578 50 39 de
835 2573 290 56 l'inspiration
1153 2580 41 32 et
1214 2570 52 40 de
1290 2582 46 28 ce
1371 2568 105 53 qu'il
1513 2563 190 57 apprend
1738 2561 173 41 chemin

176 2654 158 41 faisant
351 2669 10 31 ;
381 2651 241 54 Wolfgang
645 2650 108 55 joint
776 2654 22 36 à
819 2646 290 55 l'inspiration
1132 2657 85 27 une
1240 2643 162 40 science
1423 2638 141 41 réelle.

229 2726 253 40 Fortement
513 2723 258 50 caractérisé,
795 2721 36 40 le
864 2720 124 53 génie
1022 2717 213 41 rossinien
1270 2714 129 55 pèche
1430 2725 76 41 par
1526 2712 40 39 la
1588 2718 144 32 tenue.
1759 2706 36 41 Il
1815 2704 97 41 allie

172 2799 108 40 dans
295 2798 37 40 le
353 2798 139 40 même
510 2810 199 26 morceau
731 2795 38 40 le
788 2793 147 41 trivial
952 2806 55 26 au
1025 2790 189 41 sublime
1236 2802 97 26 sans
1355 2799 84 42 que
1460 2792 107 33 cette
1589 2783 215 52 disparate
1825 2778 82 41 soit

173 2871 161 41 voulue
356 2883 57 27 ou
435 2869 202 40 motivée.
662 2867 75 41 S'il
764 2865 216 42 introduit
1012 2866 39 38 le
1084 2861 226 55 grandiose
1346 2860 105 39 dans
1480 2859 37 39 le
1547 2854 142 41 bouffe
1723 2864 100 28 avec
1851 2863 61 26 un

174 2944 197 41 bonheur
391 2956 99 27 sans
512 2942 109 52 égal,
649 2940 29 40 il
699 2940 124 40 laisse
845 2952 42 27 se
911 2938 148 53 glisser
1077 2935 107 40 dans
1204 2934 24 39 Y
1235 2934 135 53 opéra
1393 2932 119 40 séria
1534 2930 71 38 des
1627 2927 190 53 phrases,
1835 2923 75 39 des

172 3029 233 29 morceaux
425 3016 76 53 qui
529 3028 52 26 ne
604 3012 184 43 seraient
810 3025 73 41 pas
904 3009 192 55 déplacés
1129 3008 105 39 dans
1259 3006 40 40 le
1332 3005 120 40 Turc
1475 3015 51 28 en
1548 2998 134 43 Italie
1714 3010 57 27 ou
1805 2995 108 41 dans

175 3088 253 42 Vltalienne
449 3089 26 37 à
496 3086 160 54 Alger.

231 3160 247 54 L'ampleur
504 3160 70 39 des
609 3159 169 48 formes,
808 3155 281 42 l'abondance
1118 3154 72 39 des
1216 3152 112 39 idées
1360 3147 283 53 mélodiques,
1662 3140 250 54 auxquelles

174 3234 177 52 s'ajoute
372 3232 159 55 parfois
551 3231 37 40 le
610 3231 187 54 piquant
817 3230 71 39 des
910 3227 265 51 harmonies,
1190 3226 39 39 la
1247 3224 171 51 largeur
1433 3220 57 40 du
1507 3218 120 55 style,
1648 3217 38 39 la
1701 3214 216 55 grandeur

175 3309 51 39 de
246 3306 204 41 certaines
472 3306 143 39 scènes
637 3306 164 52 éparses
821 3303 109 40 dans
954 3300 215 55 plusieurs
1196 3309 225 39 ouvrages,
1445 3299 268 33 notamment
1743 3288 37 40 le
1806 3287 106 40 final

174 3382 49 40 de
251 3380 144 41 Moïse
416 3388 55 41 et,
492 3379 107 40 dans
621 3378 36 40 le
679 3377 136 53 Siège
837 3376 54 41 de
917 3372 210 44 Corinthe
1133 3405 10 19 ,
1164 3372 38 40 la
1223 3370 188 40 fameuse
1434 3363 269 44 bénédiction
1726 3361 71 40 des
1819 3361 93 39 dra-
