2207 3883
607 377 104 40 LES
739 378 257 43 SOUPIRS
1029 381 187 41 D'UNE
1249 383 205 41 FLUTE

1893 446 0 0 173

160 529 79 28 son
263 520 163 40 sourire
457 521 230 43 d'aimable
722 526 248 50 bonhomie,
1002 528 101 52 Sire,
1138 543 82 40 que
1251 531 131 41 Votre
1414 532 174 54 Majesté
1622 535 220 53 pardonne
1872 541 23 37 à

163 602 46 27 ce
228 590 128 53 jeune
378 595 304 52 compositeur,
703 597 38 40 le
761 597 97 54 plus
877 600 135 51 grand
1034 604 206 52 coupable
1262 605 99 41 c'est
1381 606 88 41 moi
1491 607 74 54 qui
1589 607 308 44 ai....—Vous

165 665 86 38 êtes
274 665 279 42 doublement
574 670 237 52 pardonné,
839 672 26 38 d
882 673 132 40 abord
1037 687 122 40 parce
1180 691 83 40 que
1295 678 37 53 je
1354 681 136 40 savais
1512 686 23 36 à
1561 682 189 40 l'avance
1769 683 131 54 parle

163 744 142 32 comte
324 737 51 39 de
393 737 245 44 Waldstein
663 752 116 31 votre
798 744 187 41 réunion
1006 746 52 40 ici
1081 755 41 33 et
1143 761 82 40 que
1248 750 50 40 de
1319 752 96 53 plus
1436 767 45 26 ce
1503 753 105 42 n'est
1629 768 73 41 pas
1722 755 150 55 l'empe-

162 821 98 26 reur
283 809 74 53 qui
380 823 107 27 vous
514 826 22 25 a
559 815 205 51 entendu,
789 816 109 40 mais
921 832 60 26 un
1007 819 152 54 simple
1180 831 196 33 amateur
1397 825 51 40 de
1469 827 217 54 musique.
1708 828 152 50 Quant
1878 834 22 35 à

164 894 47 26 ce
244 880 205 55 virtuose,
472 884 102 53 quel
608 887 114 39 est-il
738 890 14 36 ?
842 888 105 53 Sire,
971 890 30 41 il
1035 891 85 42 fera
1142 894 222 56 beaucoup
1387 899 139 53 parler
1558 900 50 40 de
1638 900 64 41 lui
1736 901 105 41 dans
1863 901 38 41 le

165 955 174 53 monde,
377 969 20 26 c
414 965 61 32 est
508 971 62 26 un
608 959 149 41 enfant
787 962 71 40 des
895 964 126 40 bords
1042 966 58 40 du
1127 967 135 54 Rhin,
1296 972 169 53 protégé
1498 987 75 40 par
1601 966 228 50 l'Électeur
1851 977 51 40 de

168 1027 205 54 Cologne.
467 1029 48 41 Je
543 1032 199 41 souhaite
767 1037 23 37 à
812 1042 116 33 votre
959 1038 238 52 prédiction
1234 1055 85 27 une
1347 1044 244 42 réalisation
1625 1048 232 41 semblable
1878 1053 23 36 à

164 1100 102 40 celle
289 1115 83 40 que
394 1115 110 28 nous
525 1103 48 41 fit
589 1114 121 31 notre
726 1107 97 40 cher
839 1108 186 42 solitaire
1039 1111 306 55 d'Eisenstadt,
1363 1126 121 30 notre
1501 1119 202 40 excellent
1717 1121 179 54 Haydn.

168 1172 179 41 Pailons
371 1188 59 26 un
452 1190 82 40 peu
557 1178 52 38 de
630 1192 107 26 vous
758 1195 8 24 :
796 1180 98 48 Que
915 1181 181 54 viens-je
1127 1184 279 54 d'apprendre
1434 1202 75 39 par
1531 1189 184 43 Swieten
1734 1196 15 36 ?
1778 1194 120 40 Vous

164 1245 120 52 allez,
323 1246 138 54 dit-il,
501 1249 160 52 quitter
693 1251 196 40 Vienne?
1010 1253 101 41 Non
1154 1269 109 39 pour
1294 1258 259 57 longtemps,
1597 1263 96 42 sire.
1735 1265 163 54 Puis-je

164 1318 167 40 oublier
367 1319 57 40 les
462 1321 149 40 bontés
647 1323 50 39 de
735 1323 255 55 l'empereur
1020 1338 112 42 pour
1174 1329 110 53 moi,
1321 1345 42 26 sa
1398 1333 238 52 protection
1676 1345 147 32 contre
1862 1338 39 41 la

167 1390 145 40 cabale
333 1390 205 43 italienne
568 1394 93 53 qui,
696 1400 23 35 à
750 1397 123 53 peine
908 1398 30 40 il
970 1413 29 40 y
1035 1413 23 27 a
1089 1414 61 26 un
1175 1415 71 39 an,
1270 1402 126 43 faillit
1430 1407 207 41 ensevelir
1667 1408 59 41 les

169 1462 224 55 diFigaro
413 1465 24 39 ?
467 1466 118 41 Dans
620 1481 83 40 peu
740 1470 49 39 de
823 1469 131 54 jours,
987 1471 36 54 je
1057 1486 68 27 me
1159 1475 216 42 trouverai
1409 1482 22 36 à
1469 1479 179 54 Prague,
1682 1488 79 47 où,
1798 1498 100 26 avec

166 1535 125 40 l'aide
324 1537 51 39 de
414 1538 134 50 Dieu,
571 1539 170 55 j'espère
774 1542 101 41 faire
909 1545 201 40 entendre
1153 1549 23 36 à
1216 1561 62 26 ses
1311 1550 225 42 excellents
1575 1553 220 43 habitants
1839 1571 60 26 un

169 1609 127 53 opéra
321 1609 104 40 d'un
447 1623 129 40 genre
598 1620 95 35 tout
716 1627 217 29 nouveau.
954 1618 134 52 Après
1110 1618 101 51 cela,
1234 1620 237 56 Wolfgang
1492 1637 175 41 songera
1690 1632 23 35 à
1737 1637 142 33 retrou-

171 1693 72 27 ver
265 1681 38 39 le
330 1682 199 41 meilleur
550 1684 71 40 des
640 1687 133 51 pères.
870 1688 115 48 Quel
1006 1689 184 53 lugubre
1214 1695 173 52 présage
1409 1709 244 41 avez-vous,
1677 1712 102 28 mon
1803 1702 99 40 cher

174 1753 202 41 Mozart?
465 1756 104 52 Sire,
594 1769 44 28 ce
660 1771 83 40 que
763 1758 183 53 j'aimais
979 1762 37 38 le
1050 1762 96 53 plus
1168 1768 119 50 après
1311 1766 128 53 Dieu,
1463 1768 141 42 c'était
1625 1784 103 27 mon
1749 1773 153 42 vénéré

168 1826 96 51 pèie
284 1858 9 20 ,
317 1840 43 25 sa
381 1836 114 32 mort
516 1838 237 45 emportera
778 1831 163 41 bientôt
961 1846 103 27 mon
1086 1837 92 38 âme
1197 1851 7 7 *
1230 1837 109 40 mais
1362 1839 30 40 il
1413 1848 106 33 reste
1541 1850 119 33 notre
1681 1844 217 43 immortel

174 1897 161 53 Haydn
359 1906 90 34 et...
473 1913 45 27 ce
538 1900 125 54 jeune
682 1902 227 45 homme...
1008 1906 88 48 Qui
1117 1921 40 26 se
1175 1913 251 40 nomme?...

299 1970 188 55 Ludwig
509 1974 94 41 Van
627 1975 264 50 Beethoven,
923 1979 199 53 répondit
1160 1981 169 42 Mozart
1362 1984 130 41 d'une
1521 1987 98 41 voix
1640 1990 124 40 émue
1785 1999 40 33 et
1848 2006 52 26 en

171 2043 177 55 lançant
369 2044 72 40 des
463 2060 11 24 i
485 2048 146 51 égards
653 2053 55 35 où
731 2062 42 26 se
795 2050 247 53 peignaient
1075 2067 23 26 a
1129 2053 40 40 la
1204 2055 78 40 fois
1303 2055 292 45 l'admiration
1616 2070 40 33 et
1676 2062 38 41 le
1741 2074 161 44 respect

166 2114 38 41 le
223 2116 97 53 plus
343 2117 199 53 profond.

220 2334 71 39 Ah
310 2338 7 36 !
363 2334 13 39 1
394 2335 191 42 heuieux
620 2345 138 48 temps
792 2354 83 40 que
908 2355 21 27 c
947 2344 102 40 était
1083 2345 111 40 alors
1213 2350 7 36 !
1253 2349 136 52 Après
1423 2349 58 40 les
1516 2352 261 42 souffrances
1817 2368 84 41 que

165 2403 70 52 j'ai
279 2405 148 53 depuis
461 2408 247 54 éprouvées,
742 2415 117 50 après
893 2414 58 40 les
984 2417 258 55 mécomptes
1277 2421 74 45 qui
1386 2421 139 42 m'ont
1554 2425 198 54 assaillie,
1781 2427 37 53 je
1841 2443 56 26 ne

170 2477 163 39 saurais
364 2491 66 27 me
464 2482 204 39 souvenir
701 2497 96 26 sans
832 2487 376 43 attendrissement
1239 2491 50 40 de
1322 2501 104 33 cette
1469 2496 107 40 belle
1596 2498 163 54 époque
1781 2505 57 35 où
1860 2500 40 40 la

170 2563 201 42 musique
392 2555 164 52 îcgnait
576 2568 52 27 en
651 2570 253 30 souveraine
931 2560 106 41 dans
1073 2576 86 27 une
1192 2577 104 28 cour
1318 2575 39 33 et
1379 2581 84 27 une
1485 2570 152 41 société
1658 2573 241 53 parfumées

166 2622 274 55 d'élégances.

219 2696 20 39 J
260 2697 38 40 ai
319 2711 106 41 paru
449 2703 345 43 non-seulement
818 2711 22 36 à
864 2707 40 40 la
932 2721 118 40 cour,
1079 2716 58 35 où
1156 2712 39 40 la
1211 2714 302 54 sympathique
1537 2716 361 54 Marie-Thérèse,

166 2781 42 41 pi
221 2769 159 41 incesse
400 2773 240 54 deNaples,
664 2777 192 42 chantait
875 2794 60 26 un
952 2782 63 40 air
1036 2782 238 57 d'Anfossi,
1298 2787 50 39 de
1369 2787 195 42 Sacchini
1584 2804 56 27 ou
1660 2792 50 39 de
1731 2792 164 51 Salieri,

167 2846 56 35 où
245 2842 13 39 1
276 2855 222 42 empereur
521 2846 206 58 François
755 2852 136 41 tenait
919 2852 38 41 le
992 2855 185 52 premier
1209 2857 144 42 violon
1387 2860 106 40 dans
1525 2875 60 26 un
1614 2871 204 47 quatuor,
1840 2870 57 35 où

176 2914 217 42 brillaient
413 2916 59 40 les
504 2918 127 41 frères
665 2921 320 58 Lichnowscki,
1013 2940 64 26 ces
1114 2929 149 39 nobles
1293 2932 350 50 gentilshommes
1677 2935 136 42 élèves
1849 2939 51 40 de

172 2986 183 53 Mozait,
372 2989 106 40 mais
498 2989 36 54 je
553 3005 133 40 parus
706 2994 114 40 aussi
842 3010 82 26 aux
948 2999 206 40 réunions
1172 3001 58 39 du
1246 3011 137 31 comte
1402 3004 326 55 Razumowski,
1746 3019 40 30 et
1803 3010 100 41 chez

169 3059 14 38 1
200 3060 108 39 abbé
327 3060 180 54 Stadler,
531 3068 56 35 où
614 3065 159 54 Punto,
797 3067 37 40 le
853 3069 159 40 célèbre
1033 3072 200 51 corniste,
1269 3088 52 25 ne
1356 3075 186 43 tarissait
1562 3079 97 52 plus
1677 3079 220 55 lorsqu'on

169 3132 216 42 exécutait
406 3148 85 26 une
512 3150 148 28 œuvre
693 3139 49 40 de
778 3141 181 53 Mozart,
985 3145 391 52 particulièrement
1399 3161 61 27 ses
1483 3161 205 42 quatuors
1709 3153 144 41 dédiés
1876 3161 22 35 à

174 3204 179 55 Haydn.
374 3207 48 39 Je
444 3211 184 50 passerai
651 3226 99 26 sous
773 3213 158 42 silence
953 3217 208 54 quelques
1183 3220 364 53 prérégrinations
1567 3238 83 39 que
1670 3225 37 53 je
1730 3226 50 41 fis
1802 3242 100 28 avec

173 3277 97 40 Cari
291 3278 144 42 Scholl
456 3284 22 36 à
503 3282 161 54 Berlin,
686 3290 55 35 où
764 3286 134 42 vivait
917 3288 37 41 le
975 3292 203 38 souvenir
1198 3291 101 41 d'un
1324 3293 170 42 fameux
1516 3295 158 44 flûtiste
1696 3300 75 53 qui
1788 3302 115 41 avait

172 3349 246 44 réellement
447 3353 145 54 régné,
631 3356 35 40 le
696 3359 136 51 grand
871 3360 223 53 Frédéric;
1126 3366 22 39 à
1186 3364 176 54 Prague,
1399 3370 56 37 où
1495 3365 36 55 je
1563 3370 220 56 participai
1816 3378 23 37 à
1860 3374 42 41 la
