2651 3868
689 609 365 129 JUIFS
1148 604 171 124 ET
1407 563 797 160 ISRAÉLITES

485 1107 68 61 Si
586 1107 166 59 cette
786 1102 150 77 déjà
963 1097 321 63 lointaine
1324 1090 325 79 tragédie,
1697 1086 198 60 d'une
1942 1078 257 63 famille
2238 1075 175 58 lasse
2449 1074 72 58 de

405 1191 65 57 la
532 1187 163 59 faim
742 1187 62 57 et
856 1184 78 57 de
986 1182 65 58 la
1091 1177 268 71 misère,
1414 1177 60 55 et
1534 1166 359 64 cherchant
1937 1164 168 58 dans
2150 1159 64 57 la
2261 1158 168 55 moit
2467 1158 54 55 le

407 1267 227 72 refuge
668 1264 334 71 suprême,
1038 1259 56 60 si
1126 1276 68 42 ce
1230 1257 226 58 drame
1494 1268 81 42 ne
1608 1250 159 76 peut
1796 1245 154 78 plus
1973 1259 119 60 par
2121 1254 122 44 son
2271 1252 217 41 ancien-

407 1326 181 82 neté';
618 1347 176 58 deux
825 1342 171 59 mois
1032 1338 279 68 bientôt,
1355 1332 289 60 susciter
1673 1330 65 57 la
1785 1324 163 80 pitié
1983 1316 392 83 qu'accorda
2401 1333 122 40 une

411 1425 278 61 seconde
737 1423 194 60 l'âme
992 1420 117 59 des
1159 1410 561 79 contemporains,
1778 1405 123 59 elle
1956 1401 163 78 peut
2178 1399 89 57 du
2314 1412 211 43 moins

411 1522 228 44 encore
670 1502 210 61 servir
907 1500 80 59 de
1016 1498 223 60 thème
1270 1495 36 59 à
1340 1492 271 60 d'utiles
1642 1485 383 62 réflexions.

491 1587 76 57 Je
605 1601 81 42 ne
733 1583 133 58 sais
913 1580 58 59 si
1011 1575 344 63 monsieur
1400 1570 336 61 Drumont
1764 1566 314 77 éprouva,
2121 1579 37 40 a
2189 1559 63 57 la
2286 1558 238 58 lecture

414 1668 78 57 de
521 1683 69 42 ce
623 1664 119 59 fait
775 1662 246 70 divers,
1054 1659 64 57 la
1150 1654 321 80 profonde
1501 1653 280 73 stupeur
1811 1645 116 78 qui
1959 1660 106 42 me
2100 1639 191 62 saisit
2326 1658 10 38 :
2369 1638 159 58 Huit

412 1761 363 62 personnes
822 1742 79 58 de
941 1754 165 45 VCICQ
1137 1734 385 76 sémitique,
1554 1729 299 60 réduites
1894 1742 85 43 au
2009 1721 253 61 suicide
2294 1737 117 59 par
2443 1734 85 42 un

416 1823 363 61 dénùment
798 1819 187 60 aussi
1016 1815 469 79 parfaitement
1517 1806 296 64 constaté
1848 1823 89 58 qu
1962 1799 567 62 insuffisamment

416 1921 278 44 secouru
722 1907 11 53 !
769 1902 143 58 Une
941 1898 183 60 seule
1155 1909 327 64 personne
1517 1892 78 58 de
1616 1890 166 59 cette
1811 1884 376 62 confession
2224 1884 83 56 eri
2338 1879 191 60 serait

416 1984 250 60 arrivée
695 1983 36 58 à
771 1982 167 58 cette
971 1974 372 73 extrémité,
1378 1973 198 76 qu'on
1611 1968 264 61 l'aurait
1914 1983 90 60 pu
2037 1961 348 79 expliquer
2420 1975 110 61 par

416 2082 92 42 un
562 2060 249 63 certain
861 2074 258 55 amour,
1151 2053 274 79 exagéré
1474 2052 233 68 certes,
1762 2048 91 58 du
1888 2045 359 78 paradoxe,
2291 2058 79 42 ou
2421 2055 109 60 par

419 2160 129 43 une
579 2143 266 74 étrange
873 2139 62 59 et
966 2153 143 43 rare
1142 2133 353 71 anomalie,
1529 2129 174 61 mais
1735 2128 174 59 huit.
1940 2127 58 58 Il
2045 2142 81 42 ne
2175 2139 105 42 me
2309 2119 217 76 déplut

417 2241 143 60 pas,
590 2240 91 40 un
712 2219 278 71 instant,
1012 2218 79 58 de
1126 2217 187 58 rêver
1353 2229 107 44 ces
1490 2210 262 78 Hayem
1790 2222 256 44 comme
2081 2205 80 59 de
2189 2201 341 60 modernes

418 2301 401 63 Machabbés
847 2299 314 59 désireux
1194 2297 79 58 de
1307 2311 241 43 sauver
1576 2292 116 58 des
1722 2288 360 60 financiers
2109 2288 144 72 trop
2288 2295 241 46 connus

421 2401 85 42 ou
540 2383 117 57 des
686 2378 377 79 politiciens
1095 2374 136 60 mal
1264 2373 201 67 cotés,
1510 2389 83 42 en
1634 2369 350 61 soulevant
2022 2382 132 43 une
2200 2359 329 82 pitoyable

422 2462 282 61 douleur
748 2459 214 78 parmi
1007 2458 98 58 les
1152 2453 484 71 antisémistes,
1686 2452 61 57 et
1794 2448 365 60 n'hésitant
2211 2459 118 63 pas
2374 2455 159 63 pour

423 2542 139 60 cela
602 2542 36 58 à
684 2539 359 60 descendre
1091 2537 167 58 dans
1296 2535 61 59 le
1400 2532 222 61 sclieol
1672 2529 202 61 hanté
1909 2546 121 61 par
2072 2528 97 58 les
2216 2516 310 69 ancêtres.

421 2623 171 59 Mais
623 2621 48 57 il
690 2637 104 42 me
827 2618 189 60 suffit
1040 2617 79 59 de
1147 2615 306 60 réfléchir
1484 2614 36 59 à
1542 2613 62 58 la
1634 2609 250 79 qualité
1905 2610 79 59 de
2021 2607 261 61 ceux-là
2316 2602 179 78 qu'au-

423 2702 127 58 rait
567 2698 303 79 protégés
902 2698 100 58 cet
1032 2695 320 75 héroïque
1385 2692 322 71 sacrifice,
1726 2707 169 61 pour
1924 2690 60 59 le
2007 2702 353 62 repousser
2387 2695 144 46 avec

423 2782 297 58 horreur.
742 2779 52 57 Il
814 2778 99 58 est
935 2776 264 77 pénible
1231 2776 77 58 de
1335 2789 325 61 supposer
1674 2772 381 76 longtemps
2077 2784 127 61 que
2232 2763 297 66 certains,

422 2861 215 77 parmi
673 2859 98 59 les
803 2858 330 70 hommes,
1166 2856 217 58 soient
1420 2850 448 80 susceptibles
1900 2849 358 78 d'inspirer
2290 2838 241 66 d'aussi

423 2939 375 61 méritoires
836 2937 504 59 dévouements.
1390 2933 198 61 Ainsi
1631 2933 168 60 donc
1848 2932 48 58 il
1923 2949 45 59 y
2004 2948 82 42 en
2136 2946 36 42 a
2213 2924 181 64 aussi
2426 2919 107 79 qui

422 3038 166 60 pour
612 3019 202 60 n'être
859 3035 119 59 pas
1020 3033 260 59 aryens,
1329 3013 292 79 peuvent
1654 3013 136 60 être
1824 3013 117 58 des
1976 3007 418 69 misérables,
2436 3000 97 78 pis

424 3117 232 43 encore
692 3099 46 59 il
781 3098 140 59 s'en
966 3098 232 57 trouve
1239 3096 157 59 chez
1437 3096 99 58 les
1578 3093 336 60 israélites
1956 3092 36 58 à
2036 3089 116 79 qui
2201 3088 145 60 rien
2376 3085 155 59 dans

421 3181 384 59 l'existence
833 3195 82 42 ne
959 3177 158 76 peut
1161 3177 62 58 et
1259 3193 80 42 ne
1391 3176 140 58 doit
1571 3173 280 61 réussir.
1905 3173 125 60 Ces
2070 3170 286 77 Hayem,
2413 3177 118 63 que

421 3262 64 58 la
553 3259 228 79 pressé
832 3276 36 41 a
931 3259 159 58 tenu
1160 3257 293 77 pendant
1515 3256 331 77 quelques
1903 3254 193 78 jours
2152 3252 35 58 à
2230 3250 177 59 laver
2460 3242 73 58 de

421 3341 428 59 l'accusation
906 3338 79 60 de
1025 3334 361 80 judaïsme,
1444 3336 248 61 étaient
1744 3336 218 77 parmi
2020 3334 66 59 la
2140 3322 393 68 lamentable

422 3421 207 61 cohue
663 3421 116 58 des
823 3416 338 73 humbles,
1198 3417 114 76 qui
1364 3416 276 77 peinent
1681 3417 63 58 et
1791 3416 116 77 qui
1960 3411 395 81 gémissent,
2389 3417 144 48 avec
