2651 3868
674 498 1270 132 CORRESPONDANCE

564 920 34 40 A
624 922 64 43 M,
709 913 458 57 VIELÉ-GRIFFIN,
1199 920 169 50 Paris,
1404 919 102 45 122,
1538 929 109 30 rue
1676 922 64 38 de
1772 918 56 42 la
1858 923 204 47 Pompe

634 1089 442 68 Lampas,par
1096 1091 353 53 Lamastre.
1478 1088 354 71 (Ardèche),
1854 1093 52 51 le
1931 1095 77 48 21
2039 1092 146 52 aoiil
2209 1095 100 55 90.

454 1248 147 55 Mon
634 1248 140 54 cher
798 1249 308 63 Confrère,

310 1349 67 52 Je
408 1362 154 39 vous
601 1347 283 54 remercie
934 1346 71 53 de
1052 1346 259 55 m'avoir
1359 1347 234 69 envoyé
1633 1346 87 53 les
1753 1347 237 54 Revues
2022 1351 77 51 où
2131 1349 121 53 l'on
2279 1366 95 38 me

240 1418 115 54 fait
384 1418 324 54 l'honneur
739 1418 71 52 de
857 1418 205 70 parler
1092 1418 72 52 de
1208 1434 145 38 mon
1384 1417 252 53 humble
1664 1418 207 54 article
1905 1435 104 37 sur
2033 1421 258 56 Berlioz.
2323 1423 46 51 A

239 1489 133 53 vrai
405 1489 145 64 dire,
586 1505 77 38 on
714 1489 102 70 n'y
842 1492 200 67 répète
1094 1506 111 53 pas
1257 1491 171 51 autre
1467 1489 179 53 chose
1678 1505 117 53 que
1835 1489 87 54 les
1965 1491 408 54 admirations

236 1561 486 53 traditionnelles
743 1576 13 40 ;
772 1576 233 38 comme
1026 1561 59 68 je
1105 1561 121 52 n'ai
1238 1561 229 69 jamais
1486 1576 72 37 eu
1581 1559 60 54 la
1663 1561 343 69 prétention
2030 1562 69 53 de
2124 1563 193 52 forcer
2340 1566 34 49 à

239 1647 74 37 ne
334 1648 112 54 pas
471 1632 265 52 admirer
753 1632 234 53 Berlioz
1011 1636 57 49 et
1091 1647 231 38 comme
1339 1633 59 67 je
1424 1633 124 52 sais
1571 1634 165 51 toute
1760 1632 60 52 la
1842 1632 293 54 difficulté
2158 1634 150 70 qu'il
2331 1652 42 52 y

239 1719 36 36 a
306 1704 37 51 à
374 1703 264 53 détruire
661 1719 118 37 une
800 1703 268 70 légende,
1086 1704 61 69 je
1169 1719 73 37 ne
1265 1704 156 52 crois
1443 1719 112 54 pas
1583 1703 209 54 devoir
1814 1703 293 71 répondre
2218 1722 156 53 pour

235 1774 56 53 le
308 1778 273 51 moment
603 1775 80 52 du
715 1777 202 52 moins
1044 1777 36 50 à
1108 1775 61 52 la
1189 1775 174 54 lettre
1397 1775 70 52 de
1877 1780 57 49 et
1961 1777 36 50 à
2014 1775 253 55 l'article
2290 1778 81 52 du

252 1848 237 64 Roquet
490 1860 9 52 ;
534 1849 316 67 peut-être,
887 1862 86 36 un
1011 1846 161 69 jour,
1221 1862 144 38 avec
1411 1863 87 35 un
1534 1850 173 51 vaste
1753 1846 274 70 appareil
2080 1848 70 52 de
2196 1848 143 53 docu-

234 1921 202 50 ments
455 1921 56 50 et
534 1917 71 54 de
638 1921 190 61 notes,
863 1917 467 72 développerai-]
1343 1934 28 38 e
1404 1921 149 50 cette
1569 1917 176 54 étude
1760 1917 312 55 —dût-on
2088 1934 97 39 me
2220 1920 154 52 crier

235 2004 212 38 encore
479 2005 116 53 que
617 1990 59 68 je
699 1990 123 52 n'ai
851 2005 113 55 pas
997 1990 70 52 de
1094 1991 111 52 but
1237 1994 172 49 autre
1438 2006 115 54 que
1599 1989 70 53 de
1713 2005 224 53 venger
1966 2006 146 37 mon
2152 1991 183 67 grand-

231 2062 140 68 père
403 2060 143 53 d'un
581 2061 315 53 feuilleton
929 2061 104 53 des
1063 2060 241 57 Débats.

302 2133 69 51 Je
422 2147 73 38 ne
536 2132 155 53 crois
722 2147 111 55 pas
876 2147 124 37 non
1024 2132 161 70 plus,
1222 2132 150 70 qu'il
1409 2149 42 53 y
1504 2131 85 53 ait
1632 2131 122 52 lieu
1788 2131 71 52 de
1913 2131 297 70 répondre
2244 2132 35 52 à
2308 2131 62 53 la

228 2203 283 69 puérilité
537 2203 72 52 de
639 2206 151 51 cette
821 2204 403 63 insinuation,
1257 2207 139 50 tous
1438 2218 150 39 ceux
1611 2203 105 69 qui
1748 2202 305 55 voudront
2077 2203 141 52 bien
2258 2202 111 53 lire

231 2290 129 38 mes
393 2274 293 69 quelques
716 2291 187 54 pages
936 2291 144 38 avec
1099 2276 134 52 soin
1274 2277 248 53 verront
1552 2274 121 54 vite
1693 2290 114 53 que
1837 2290 61 36 ce
1922 2274 153 52 n'est
2105 2290 111 53 pas
2248 2290 118 38 une

233 2347 198 53 vieille
445 2363 268 37 rancune
752 2363 354 38 —rancune
1139 2348 127 69 qui,
1302 2348 324 61 vraiment,
1651 2347 183 52 serait
1865 2349 134 66 trop
2028 2345 254 54 ridicule

231 2419 107 67 qui
367 2418 121 53 m'a
509 2418 199 70 guidé,
743 2419 158 52 mais
922 2419 141 53 bien
1081 2418 202 71 plutôt
1307 2418 61 52 la
1393 2433 270 38 rancune
1790 2419 133 51 tout
1946 2417 324 69 artistique

231 2492 206 50 contre
466 2488 289 54 l'homme
786 2490 104 69 qui
929 2505 34 37 a
1010 2489 418 55 brutalement
1466 2490 179 51 traité
1697 2486 212 55 d'idiot
1945 2490 57 50 et
2033 2486 72 54 de
2138 2488 105 52 fou
2277 2504 84 36 un

230 2561 172 68 génie
459 2561 170 52 aussi
667 2561 363 70 prodigieux
1067 2577 117 54 que
1222 2563 272 66 Wagner
1519 2575 13 37 :
1666 2559 51 52 si
1749 2563 135 48 tant
1927 2561 91 51 est
2065 2574 116 53 que
2220 2559 141 68 j'aie

231 2632 159 53 senti
422 2632 260 70 quelque
715 2649 269 37 rancune
1016 2649 73 37 en
1113 2634 292 52 écrivant.
1428 2634 94 61 Et,
1555 2630 310 53 d'ailleurs
1898 2632 135 51 tous
2065 2630 87 53 les
2183 2630 176 53 vrais

228 2704 245 53 artistes
503 2705 106 68 qui
630 2720 97 37 me
749 2705 395 53 connaissent
1273 2707 56 50 et
1360 2705 141 52 c'est
1529 2705 240 51 surtout
1799 2702 34 52 à
1854 2701 131 53 leur
2016 2702 210 52 estime
2244 2718 116 53 que

224 2775 59 67 je
314 2775 157 52 tiens
602 2791 71 37 ne
706 2779 331 66 songeront
1066 2791 111 55 pas
1202 2791 83 37 un
1317 2776 258 61 instant,
1598 2773 272 70 j'espère,
1900 2773 34 51 à
1956 2776 286 66 partager
2271 2772 88 54 les

225 2845 453 57 malveillantes
701 2847 163 53 idées
894 2847 70 53 de
996 2847 37 52 Y
1042 2850 339 53 Ouvreuse.

292 2918 68 52 Je
388 2933 152 40 vous
573 2918 126 70 prie
727 2918 69 54 de
828 2920 290 62 recevoir,
1156 2933 215 39 encore
1401 2931 119 38 une
1553 2916 139 62 fois,
1729 2918 138 50 tous
1891 2930 130 38 mes
2044 2914 277 55 remercie-

221 2992 201 52 ments
455 2993 56 51 et
541 3006 207 54 croyez
781 2992 144 52 bien
967 2992 34 52 à
1029 3007 101 37 ma
1160 2989 142 71 plus
1345 2988 253 55 absolue
1626 2986 369 71 sympathie.

1651 3131 188 60 A.-F.
1890 3131 302 60 HÉROLD.
