3754 5633
329 5305 57 42 20

329 224 217 94 kämpf
581 262 126 40 ums
745 243 224 60 Dasein
1004 249 76 53 ist
1118 265 73 37 zu
1226 243 184 60 Ende.
1482 241 125 61 Wir
1649 242 231 59 treiben

326 334 243 61 bewußt
610 340 80 55 im
729 336 268 60 Werden
1036 336 108 61 der
1181 335 181 60 Welt,
1442 335 126 60 Wir
1608 334 134 60 sind
1784 340 96 54 ein

326 426 179 60 Trieb
562 428 106 59 des
729 428 315 62 Werdens,
1155 428 179 60 Trieb
1392 434 112 54 wie
1563 427 138 61 Tier
1759 426 120 60 und

324 518 262 73 Pflanze,
627 521 201 60 Sturm
867 522 120 59 und
1027 522 188 60 Lieht,
1291 522 129 59 Wir
1455 522 274 58 erheben
1768 543 109 36 uns

325 614 163 59 nicht
522 615 151 60 über
708 638 216 37 unsere
961 615 344 60 Schwester
1342 615 225 67 Blume,
1590 615 149 57 über
1776 635 70 36 un-

324 726 178 39 seren
542 705 232 61 Bruder
818 708 155 59 Tier,
1055 708 80 59 Es
1177 710 123 72 gibt
1342 710 221 58 keinen
1613 707 264 59 anderen

323 798 337 61 Menschen
692 801 199 58 neben
929 824 126 47 uns,
1092 807 207 53 immer
1337 800 124 60 lebt
1497 804 95 55 ein
1630 804 247 55 zweiter

323 891 256 60 Mensch
615 897 106 55 mit
760 916 126 38 uns.
958 894 144 59 Was
1143 898 108 55 wir
1287 894 270 70 machen,
1598 900 78 53 ist
1712 892 165 61 nicht

327 986 299 71 gemacht,
686 1008 102 37 um
841 987 212 60 Macht
1109 1010 75 36 zu
1243 992 333 69 gewinnen.
1691 986 173 59 Denn

324 1098 217 39 unsere
576 1079 194 60 Taten
804 1080 130 59 sind
965 1080 209 71 Taten,
1208 1085 61 55 in
1300 1080 195 59 denen
1530 1081 105 58 das
1670 1085 206 53 innere

325 1170 203 60 Leben
574 1172 147 60 alles
767 1173 384 73 Lebendigen
1197 1174 246 58 wächst.
1535 1173 219 58 Arbeit
1801 1175 76 54 ist

325 1262 362 76 Schöpfung,
763 1265 130 59 Tun
930 1270 76 55 ist
1050 1266 346 59 Teilnahme
1438 1288 95 36 am
1572 1265 305 59 Wachsen

326 1356 108 59 der
475 1356 181 61 Welt.
745 1357 128 60 Wir
917 1359 199 59 haben
1157 1360 183 58 keine
1382 1358 212 60 Güter,
1680 1358 197 58 Unser

326 1445 122 62 Gut
489 1454 77 55 ist
605 1450 94 58 die
739 1450 176 60 Güte,

324 1540 115 59 Wo
482 1547 210 55 immer
737 1544 334 59 Menschen
1117 1546 99 58 auf
1262 1546 135 58 dem
1442 1566 199 37 neuen
1687 1544 189 72 Wege

326 1634 148 68 sind,
523 1637 131 59 sind
701 1640 88 54 sie
836 1641 145 55 eins,
1077 1637 99 59 Sie
1232 1637 130 59 sind
1411 1642 132 54 eine
1596 1636 242 60 Gemein-

329 1728 196 58 schaft
580 1732 107 55 mit
742 1729 166 72 jeder
962 1731 132 58 Tat,
1204 1730 148 59 Was
1408 1731 106 57 der
1574 1735 133 54 eine
1765 1737 109 60 tut,

322 1826 207 53 nimmt
560 1821 136 59 dem
726 1822 267 59 anderen
1020 1825 212 69 nichts,
1269 1824 260 57 sondern
1558 1823 132 57 hilft
1723 1823 153 57 auch

326 1913 117 57 ihm
484 1920 295 53 vorwärts
829 1916 99 58 auf
971 1915 135 59 dem
1149 1916 170 73 Weg,
1400 1915 189 59 Jeder
1623 1921 80 53 ist
1748 1913 129 60 Teil

326 2006 104 57 des
464 2006 150 71 Alls,
645 2008 167 71 jeder
840 2013 77 54 ist
950 2008 131 60 Teil
1112 2008 105 58 der
1250 2008 214 70 Welle,
1501 2030 107 36 aus
1641 2008 107 58 der
1780 2007 94 59 die

326 2120 151 37 neue
520 2100 163 58 Welt
722 2101 266 72 geboren
1026 2101 167 59 wird.
1270 2101 137 58 Alle
1445 2101 266 58 behüten
1753 2105 93 54 ein-

326 2191 201 70 ander,
564 2192 114 58 daß
714 2193 105 58 das
856 2194 365 69 Geheimnis,
1261 2194 106 59 das
1403 2194 113 60 alle
1555 2194 319 69 umhüllen,

325 2290 339 54 unzerstört
713 2286 120 58 und
879 2286 425 59 unzerstörbar
1353 2287 127 57 sich
1530 2286 346 59 enträtsele.

326 2375 182 61 Diese
605 2377 342 61 Gewißheit
1039 2379 110 59 der
1247 2379 361 74 Schöpfung,
1710 2379 166 59 diese

326 2468 355 75 Schickung,
717 2493 74 37 an
823 2471 105 59 der
961 2472 166 72 jeder
1161 2472 269 59 einzelne
1464 2478 175 68 trägt,
1676 2472 201 59 macht

326 2562 114 59 alle
484 2562 157 59 allen
683 2565 197 58 sicher
919 2565 122 58 und
1081 2574 118 64 gut.

326 2654 64 59 In
433 2655 106 59 der
580 2656 271 73 Hingabe
896 2657 199 61 dieser
1141 2658 161 59 Güte
1348 2659 333 59 aufersteht
1729 2658 148 59 alles

324 2747 220 71 Leben,
602 2749 105 59 das
762 2750 94 58 die
910 2751 454 59 Gemeinschaft
1419 2752 242 72 umgibt.
1764 2752 110 57 Die

326 2839 155 59 Erde
536 2846 107 55 mit
697 2841 170 60 Stein
921 2843 119 59 und
1094 2843 140 59 Tier
1286 2844 121 58 und
1459 2844 244 58 Pflanze
1758 2844 120 58 und

326 2932 256 61 Mensch
618 2935 322 60 erschließt
978 2936 127 59 sich
1138 2958 73 36 zu
1247 2935 285 61 erlöstem
1569 2936 162 60 Sinn.
1766 2937 111 59 Die

328 3031 132 54 eine
498 3026 453 62 Gemeinschaft
989 3030 121 71 gibt
1149 3030 127 58 sich
1317 3031 108 59 der
1464 3034 258 55 zweiten
1761 3031 115 69 hin,

325 3119 92 59 bis
458 3125 85 53 sie
587 3122 165 57 nicht
792 3121 167 59 mehr
1000 3121 238 74 gezählt
1278 3123 247 58 werden
1568 3123 120 58 und
1730 3123 148 58 über

328 3211 95 59 die
477 3212 235 60 Länder
765 3213 95 59 die
912 3214 157 59 Erde
1126 3237 390 52 umspannen.
1621 3217 125 58 Das
1800 3220 77 54 ist

326 3304 177 59 keine
547 3305 210 60 Macht
800 3306 106 59 der
950 3308 210 58 Güter.
1241 3309 126 59 Das
1407 3315 77 53 ist
1526 3309 96 59 die
1667 3310 209 58 Macht

326 3397 106 61 der
474 3397 177 60 Güte.
732 3398 102 62 Sie
873 3400 231 58 wächst
1153 3423 104 37 aus
1304 3401 105 59 der
1452 3402 271 74 Hingabe
1770 3403 108 57 des

326 3495 177 53 einen
531 3513 77 37 an
636 3490 131 59 alle.
822 3491 101 59 Sie
951 3495 77 56 ist
1061 3492 97 60 die
1188 3493 271 74 Hingabe
1491 3494 106 59 des
1629 3495 140 59 Eins
1803 3519 75 35 an

326 3583 108 59 das
467 3581 118 61 All,

327 3686 122 62 Das
498 3693 77 55 ist
625 3691 105 57 der
783 3698 159 52 erste
995 3693 150 73 Weg
1198 3717 103 35 zur
1351 3695 366 74 Aufhebung
1770 3697 107 57 des

326 3780 274 61 Leidens.

326 3885 131 61 Den
495 3894 257 57 zweiten
789 3891 150 75 Weg
982 3895 193 70 gehen
1214 3896 96 57 die
1349 3901 58 53 in
1447 3896 105 58 der
1594 3897 242 59 Gemein-

328 3979 194 60 schaft
572 3981 357 64 Berufenen.
1033 3985 98 60 Sie
1187 3989 323 69 erkennen,
1584 3989 114 59 daß
1771 3990 107 58 der

328 4068 253 64 Mensch
632 4076 164 58 nicht
848 4099 97 36 um
1006 4078 104 59 des
1165 4079 458 62 Menschlichen
1676 4083 202 60 willen

328 4164 142 60 lebt,
537 4166 99 59 Sie
670 4169 259 60 handeln
965 4172 250 60 danach.
1284 4173 98 59 Sie
1418 4175 262 61 handeln
1714 4177 164 59 nicht

327 4259 185 58 mehr.
618 4260 97 59 Sie
772 4260 171 61 lösen
996 4265 125 58 sich
1174 4288 119 36 von
1349 4266 116 59 den
1520 4270 356 57 treibenden

329 4349 499 74 Triebgestalten.
928 4356 98 58 Sie
1078 4358 196 58 heben
1332 4360 93 58 die
1479 4360 362 60 Erscheinun-

326 4453 115 61 gen
472 4443 159 60 ihres
663 4445 269 75 Körpers
964 4449 116 60 auf.
1144 4449 132 60 Ihre
1309 4452 271 73 Hingabe
1615 4459 76 54 ist
1726 4454 114 59 Auf-

326 4535 210 74 lösung
572 4537 107 59 der
709 4538 175 71 Erde,
919 4540 291 75 Erlösung
1244 4543 106 59 der
1385 4544 175 72 Erde,
1601 4546 105 59 der
1742 4548 102 60 Ein-

327 4640 149 62 gang
512 4633 61 54 in
611 4630 107 59 das
761 4631 363 72 Unfaßbare,
1166 4635 108 60 das
1313 4636 220 60 keinen
1574 4639 143 59 Sinn
1758 4641 120 59 und

328 4722 142 58 kein
511 4721 176 62 Wort
729 4724 169 59 mehr
942 4726 120 69 hat,
1125 4726 333 62 Menschen
1502 4753 236 37 nennen
1789 4756 87 36 *•$:

330 4814 105 59 das
480 4814 227 60 Nichts,

327 4919 121 61 Das
485 4926 75 54 ist
598 4923 96 59 die
730 4924 364 76 Aufhebung
1135 4928 104 59 des
1278 4930 273 60 Leidens,

327 5027 132 61 Den
495 5035 260 54 zweiten
794 5032 151 74 Weg
987 5033 163 60 kann
1187 5058 113 37 nur
1342 5039 210 72 gehen,
1596 5062 122 37 wer
1762 5041 115 59 den

329 5128 200 53 ersten
575 5137 151 58 gm£.
816 5126 63 58 In
925 5126 119 58 ihm
1095 5133 285 55 vereinen
1430 5132 125 57 sich
1608 5133 99 58 All
1760 5133 115 58 und

1975 239 229 62 Nichts,
2284 239 80 60 So
2410 240 257 61 schließt
2706 241 128 59 sich
2877 240 106 60 der
3026 239 151 74 Ring
3220 261 116 37 von
3382 236 155 60 Neu«

1975 334 213 72 geburt
2228 334 122 59 und
2388 333 147 62 Tod,
2606 333 138 61 Und
2780 356 67 37 so
2888 333 150 60 wird
3082 335 96 56 ein
3213 331 171 75 jeder
3422 331 117 59 den

1977 433 260 55 zweiten
2279 428 149 73 Weg
2507 428 210 72 gehen,
2796 426 109 60 der
2945 425 116 60 den
3142 434 205 52 ersten
3388 429 151 69 ging.

1975 522 173 58 Denn
2181 521 167 72 jeder
2380 526 78 54 ist
2491 543 132 36 zum
2659 519 130 60 Tod
2823 520 270 59 berufen.
3161 519 170 58 Aber
3364 539 66 38 es
3462 523 77 54 ist

1977 616 105 59 der
2115 637 156 37 neue
2309 614 131 58 Tod
2479 613 155 60 ohne
2671 612 277 61 Sterben,

1975 722 172 61 Denn
2181 723 95 59 die
2309 723 157 59 Erde
2499 723 194 60 kreist
2723 729 78 53 im
2833 724 278 60 Himmel,

1977 833 111 58 Die
2123 833 155 59 Erde
2314 837 77 55 ist
2426 837 98 55 ein
2557 832 195 61 Stern.

1978 1665 242 60 Tosend
2259 1666 187 60 wühlt
2492 1667 414 60 Straßenlärm

1975 1759 256 59 Männer
2272 1760 234 60 wälzen
2543 1762 185 73 große
2767 1761 213 59 Worte

1977 1853 235 61 Frauen
2257 1854 206 59 keifen

1974 1946 130 58 Aus
2145 1947 132 58 dem
2320 1947 246 60 Gelärm
2606 1950 215 58 erhebt
2860 1949 129 58 sich

1976 2055 186 60 ICH;

2126 2150 204 59 Meine
2369 2151 214 59 Worte
2623 2152 368 59 schmettern

2131 2244 259 58 Wühlen
2425 2245 305 58 brausend

2126 2336 155 60 Eure
2327 2338 244 73 Zungen
2612 2338 245 73 platzen

2126 2430 204 59 Meine
2384 2430 215 60 Worte
2654 2433 279 59 fruchten

2129 2524 297 74 Schlagen
2460 2525 309 60 Flammen

2131 2616 136 59 Und
2306 2641 95 35 am
2439 2618 168 58 Ende

2126 2711 111 58 Bin
2283 2711 135 58 ICH
2465 2712 108 58 der
2618 2713 156 58 Herr

1976 2802 156 61 Das
2173 2804 356 60 Gelärm:

2129 2896 94 60 Du
2262 2920 184 37 unser
2485 2900 194 57 Herr?

2127 2991 127 60 Wir
2291 2998 172 53 töten
2496 2993 194 59 Deine
2725 2994 203 73 Zunge

2126 3084 129 60 Wir
2305 3092 312 54 zerstören
2670 3086 131 59 Ton

2126 3178 116 58 Du!

1974 3271 187 59 ICH:

2127 3366 167 59 Mein
2335 3369 148 56 Arm
2524 3372 154 68 siegt

2127 3459 134 59 ICH
2309 3461 123 58 bin!

1973 3552 159 59 Das
2173 3553 355 59 G&lärm:

2126 3646 96 58 Du
2266 3647 119 59 bist
2431 3669 181 37 unser
2658 3647 155 61 Narr

2126 3740 129 58 Wir
2296 3740 222 60 hassen
2560 3741 175 58 Dich!

1977 3832 410 60 Stimmen:

2128 3925 302 75 Steinigt!!

1976 4018 139 60 Ein
2159 4019 174 60 Ruf:

2126 4113 235 60 Dienen

1972 4205 199 59 Eine
2222 4209 283 57 sanfte
2556 4208 230 59 Frau:

2126 4299 101 58 ER
2266 4306 76 54 ist
2383 4323 181 37 unser
2603 4302 155 58 Herr

1977 4393 380 59 Tosende
2404 4394 200 59 Wut:

2126 4487 346 60 Zerreißen!

1973 4578 141 59 Ein
2150 4580 258 59 Mann:

2126 4670 254 76 Galgen!

2125 4763 255 75 Galgen!

2124 4857 273 75 Hängen!

2124 4951 79 60 Er
2239 4952 342 75 hintergeht
2624 4953 108 59 das
2772 4951 204 60 Volk!!

2116 5045 539 76 Laternengalgen!

2126 5135 272 73 Hängen!

1975 1370 733 93 Wehbrausen

1973 1524 753 61 Wilhelm
2726 1524 1 61 Schlichtkrull
