2903 3896
592 484 620 120 ENCORE
1306 487 526 117 AUTRE
1928 487 505 118 CHOSE

324 724 122 85 Le
503 724 363 84 définitif
908 725 345 84 n'existe
1307 755 177 85 pas.

324 863 222 83 Tout
595 864 134 81 n'a
779 892 155 85 pas
987 871 127 75 été
1170 863 170 82 fait.

325 1001 102 83 In
435 1001 392 113 génieurs
856 1002 14 79 !
988 1010 277 74 toutes
1371 1001 123 83 les
1599 1002 271 84 forces
1980 1005 233 82 n'ont
2307 1033 152 84 pas
2563 1014 126 73 été

327 1141 478 113 employées
841 1178 17 50 :
908 1138 559 84 cherchez-en
1512 1138 392 88 d'autres.

328 1277 481 83 Généraux!
855 1286 276 74 toutes
1171 1277 123 82 les
1334 1277 411 114 tactiques
1802 1279 232 83 n'ont
2079 1308 158 85 pas
2286 1288 126 74 été
2463 1288 181 75 trou-

323 1424 195 76 vées
550 1447 15 49 :
612 1414 553 84 cherchez-en
1222 1414 391 85 d'autres.

327 1552 166 84 Les
559 1550 177 85 400
790 1561 192 75 sont
1040 1551 434 84 meilleurs
1529 1581 162 84 que
1745 1552 122 83 les
1922 1551 175 86 420
2143 1586 15 49 :
2215 1553 198 84 c'est
2465 1555 221 94 bien,

327 1691 214 83 mais
586 1720 91 53 ce
718 1692 211 81 n'est
966 1720 154 84 pas
1171 1720 261 65 assez,
1487 1720 92 53 ce
1622 1691 211 83 n'est
1879 1693 256 113 qu'un
2191 1692 453 114 perfection-

327 1837 369 76 nement.

569 1966 638 84 Perfectionner
1268 1975 123 74 est
1443 1966 236 83 bien!

573 2103 255 84 Gréer
870 2112 125 74 est
1037 2103 284 83 mieux
1348 2105 12 80 !

328 2242 438 113 Pourquoi
818 2271 106 53 ne
964 2241 663 113 regardez-vous
1677 2271 162 84 que
1895 2241 212 83 dans
2154 2242 83 81 la
2280 2241 406 86 direction

328 2411 108 53 ou
489 2378 457 113 regardent
1010 2379 122 81 les
1200 2379 334 83 autres?

327 2519 147 83 Ex.
522 2550 16 51 :
607 2516 436 114 Pourquoi
1118 2516 462 85 L'ENGIN
1654 2501 667 99 SUPÉRIEUR
2383 2519 73 81 A
2524 2519 157 85 UN

328 2655 394 86 CANON
776 2653 156 85 NE
986 2652 578 85 SERAIT-IL
1613 2652 210 85 PAS
1866 2652 387 85 AUTRE
2307 2652 378 86 CHOSE

328 2793 347 104 QU'UN
746 2789 454 87 CANON?

932 3018 407 85 Cherchez
1402 3028 243 75 autre
1711 3020 232 82 chose

931 3175 371 111 toujours
1360 3184 239 75 autre
1663 3177 233 81 chose

934 3364 287 58 encore
1282 3340 237 75 autre
1574 3333 231 81 chose

2139 3527 68 57 P.
2252 3527 73 55 A.
2373 3527 63 54 B.
