3238 4572
591 548 125 51 1406

1618 556 221 50 GCossen

1244 1135 219 52 Annette
1493 1135 147 51 Kolb

588 740 91 49 sich
712 747 82 43 mit
826 742 174 50 Leuten
1033 742 375 63 weiterschleppt,
1441 749 82 45 mit
1554 744 149 51 denen

588 836 110 31 man
729 819 139 48 nichts
901 825 178 55 gemein
1110 819 96 50 hat.

648 896 137 50 Aber
817 909 144 37 etwas
996 899 230 60 Witziges
1249 900 109 50 muß
1391 900 65 50 ich
1489 899 70 51 dir
1591 902 112 50 noch

588 974 235 51 erzählen:
856 975 94 48 Ais
983 975 82 50 der
1095 976 159 50 Matin
1287 978 298 63 nachträglich
1607 998 96 32 von

585 1050 106 50 dem
713 1051 264 51 Dresdener
1001 1053 202 50 Skandal
1226 1055 169 57 erfuhr,
1427 1056 276 53 beschwerte

584 1147 49 30 er
663 1130 88 48 sich
785 1130 125 50 auch.

735 1364 143 62 Vom
919 1366 395 78 waffenlosen
1352 1370 208 78 Krieg.

942 1482 405 55 GESPRÄCH

695 1573 305 54 ZWEIER
1034 1577 557 56 GEFANGENER

643 1694 69 50 A.
770 1695 111 50 Wir
929 1703 188 44 müssen
1164 1698 170 62 tüchtig
1381 1702 321 58 ausschreiten,

581 1785 136 39 sonst
726 1774 217 50 kommen
952 1782 86 43 wir
1047 1775 81 50 der
1136 1777 190 50 Heimat
1335 1779 191 50 niemals
1545 1779 153 51 näher-

643 1853 51 48 B,
707 1868 11 32 :
751 1853 91 48 Die
864 1853 297 51 Kameraden
1187 1854 153 50 lachen
1364 1873 88 32 uns
1486 1874 88 32 aus
1606 1857 96 49 und

581 1929 291 62 behaupten,
911 1930 92 51 daß
1042 1935 86 45 wir
1178 1938 81 43 mit
1300 1933 106 49 dem
1446 1934 256 51 Eilmarsch

581 2014 126 56 rings
749 2028 80 31 um
860 2009 305 51 Drahtzäune
1197 2010 109 51 bloß
1340 2010 73 52 die
1444 2013 140 51 Beine
1616 2013 85 52 be«

580 2094 179 55 trügen,

643 2166 67 49 A,
723 2182 12 31 :
769 2165 98 51 Laß
892 2170 66 45 sie
981 2184 88 32 nur
1085 2166 172 51 hocken
1278 2168 97 49 und
1397 2168 127 51 ihren
1541 2169 160 51 Ober*

581 2243 117 50 druß
755 2244 248 49 hätscheln.
1058 2245 165 50 Wenn
1270 2250 87 45 wir
1403 2264 91 33 nur
1540 2253 161 47 immer

580 2333 268 49 unterwegs
896 2321 115 50 sind-
1067 2324 93 49 Die
1199 2324 195 51 Heimat
1433 2325 132 50 dreht
1611 2326 89 50 sich

580 2400 138 50 schon
752 2399 252 62 irgendwie
1036 2400 156 51 heran,

641 2479 50 48 B.
705 2494 10 32 :
754 2478 205 50 Gestern
982 2479 244 62 allerdings
1245 2480 105 50 hast
1367 2480 65 51 du
1455 2481 110 50 mich
1588 2488 110 44 mit»

580 2559 219 57 gerissen,
849 2555 96 51 und
992 2556 63 50 ich
1098 2556 189 63 glaubte
1326 2559 155 60 schon,
1514 2559 70 51 als
1626 2560 72 51 die

580 2633 185 50 rötliche
796 2633 332 52 Abendwolke
1168 2636 89 50 sich
1297 2655 76 31 am
1413 2636 164 51 Rande
1616 2638 81 49 des

580 2711 287 51 Horizontes
900 2713 238 57 verschob,
1164 2714 71 49 die
1257 2715 215 50 Umrisse
1505 2734 192 32 unseres

580 2789 228 52 Gehöftes
840 2810 61 31 zu
931 2791 141 50 sehen
1096 2793 96 49 und
1213 2794 84 49 das
1320 2794 155 49 Bellen
1507 2813 190 32 unseres

582 2868 198 50 Hundes
829 2889 59 29 zu
936 2870 158 51 hören.
1149 2873 160 49 Heute
1356 2873 109 50 sehe
1504 2874 64 49 ich
1610 2892 88 33 nur

582 2946 173 49 wieder
789 2946 123 51 kalte
944 2948 202 50 uferlose
1178 2950 213 50 Fremde,

643 3025 66 48 A.
723 3041 10 31 :
754 3025 142 50 Dann
914 3026 104 50 hast
1034 3028 62 49 du
1114 3028 136 50 heute
1268 3029 226 51 schwache
1504 3031 191 61 Augen,

582 3101 70 48 Ich
702 3102 111 51 sehe
867 3102 174 53 drüben
1095 3106 381 51 immerwährend
1528 3127 169 33 unsere

580 3180 186 58 Mühle,
797 3188 90 43 wie
928 3188 67 45 sie
1033 3184 89 48 sich
1163 3202 120 43 ganz
1315 3186 150 50 sachte
1498 3186 195 61 bewegt,

578 3260 278 49 unmerklich
881 3261 227 61 langsam,
1141 3282 80 30 um
1254 3264 110 49 mich
1397 3283 86 30 zur
1505 3265 191 50 Geduld

578 3355 60 31 zu
660 3337 212 51 mahnen-
898 3341 66 48 Im
983 3341 191 50 Fenster
1192 3342 123 50 steht
1339 3342 79 51 der
1434 3342 92 51 alte
1542 3344 154 49 Vater

578 3415 96 48 und
705 3416 97 61 gibt
834 3424 86 43 mir
950 3419 214 50 Zeichen,

639 3495 51 49 B,
704 3511 10 32 :
751 3495 206 52 Glaubst
980 3497 77 59 du,
1080 3497 90 51 daß
1204 3504 148 45 meine
1375 3500 148 49 Briefe
1556 3500 137 51 schon

576 3572 335 60 angekommen
944 3575 130 49 sind?
1126 3577 99 49 Mir
1257 3583 59 44 ist
1350 3577 82 50 der
1465 3577 230 53 Gedanke

576 3666 57 31 so
675 3651 312 62 unbehaglich,
1019 3660 66 44 sie
1124 3655 207 51 könnten
1373 3656 112 50 mich
1517 3657 75 50 für
1620 3668 75 39 tot

577 3726 168 51 halten,

641 3806 90 48 A.:
755 3807 154 50 Leben
929 3810 118 51 weiß
1070 3829 113 32 vom
1199 3811 168 51 Leben,
1394 3812 166 51 Immer
1573 3833 118 30 vor«

580 3886 160 52 wärts,
771 3885 259 59 Kamerad,
1071 3905 48 32 es
1160 3895 257 55 verringert
1457 3891 74 50 die
1563 3892 128 50 Ent«

575 3957 199 62 fernung
822 3962 222 50 zwischen
1084 3965 87 48 Dir
1220 3966 96 48 und
1363 3967 89 50 den
1493 3969 194 49 Deinen.

576 4035 317 63 Nachmittags
925 4040 93 49 will
1041 4041 63 48 ich
1131 4042 110 49 mich
1264 4042 217 54 ohnedies
1505 4046 183 50 nieder«

1752 757 174 49 setzen,
1942 767 80 30 um
2054 754 74 45 ein
2159 768 116 45 paar
2306 752 207 64 wichtige
2538 755 245 54 Geschäfte
2805 781 59 33 zu

1753 825 244 63 erledigen,

1814 905 74 50 B,:
1925 907 123 50 Was
2090 912 127 47 wäre
2256 910 84 50 das
2379 931 108 32 zum
2519 914 222 61 Beispiel?
2797 918 69 51 Ich

1753 982 109 50 sehe
1894 983 95 49 dich
2022 984 112 51 doch
2167 993 74 44 nie
2271 988 219 51 arbeiten,

1815 1067 69 49 A.
1897 1086 7 30 :
1941 1068 102 49 Das
2076 1065 94 50 will
2204 1068 63 51 ich
2300 1070 70 49 dir
2392 1068 140 63 gleich
2556 1072 221 52 erklären.
2801 1076 68 48 Es

1753 1144 193 62 vergeht
1978 1147 103 49 kein
2104 1144 119 64 Tag,
2246 1166 60 31 an
2339 1148 105 51 dem
2476 1149 64 50 ich
2572 1150 120 50 nicht
2722 1162 146 41 etwas

1753 1223 164 49 Neues
1941 1224 229 61 beginnen
2195 1225 175 51 würde.
2405 1228 69 48 Es
2501 1228 98 61 gibt
2619 1230 250 50 unermeß«

1754 1300 82 51 lieh
1867 1303 93 49 viel
1992 1321 61 31 zu
2085 1314 85 40 tun
2201 1309 47 45 in
2271 1305 79 49 der
2369 1307 146 49 Welt,
2551 1307 94 50 Als
2670 1308 65 48 ich
2758 1309 113 50 noch

1754 1383 80 48 frei
1866 1401 116 38 war,
2002 1384 156 50 wußte
2191 1384 65 50 ich
2289 1383 83 51 das
2406 1387 118 48 nicht
2553 1403 57 33 so
2634 1387 133 49 recht.
2803 1388 68 49 Ich

1753 1460 140 51 kaufe
1931 1462 296 59 Maschinen,
2274 1464 122 50 baue
2443 1482 119 32 neue
2601 1465 270 60 Magazine,

1752 1538 249 52 verhandle
2022 1545 84 44 mit
2128 1540 484 61 Geschäftsfreunden,
2627 1543 244 62 widerlege

1753 1615 74 51 die
1842 1619 260 51 Einwände
2135 1620 271 61 ängstlicher
2422 1623 327 58 Verwandter,
2773 1624 98 61 lege

1751 1697 471 50 Elektrizitätswerke
2255 1717 77 39 an,
2365 1699 221 51 überrede
2618 1700 253 51 Nachbarn

1751 1793 85 31 zur
1867 1775 306 63 Beteiligung,
2205 1775 108 52 hole
2345 1796 85 31 aus
2464 1778 104 49 dem
2590 1778 163 51 Boden
2786 1779 83 51 das

1752 1854 244 50 Vierfache
2030 1873 60 31 an
2106 1857 174 61 Ertrag
2312 1855 96 50 und
2430 1857 119 49 habe
2571 1858 113 48 noch
2707 1864 161 43 immer

1749 1932 126 57 Zeit,
1898 1934 113 48 mich
2034 1938 71 44 ins
2128 1934 261 50 Parlament
2411 1934 183 50 wählen
2615 1954 63 31 zu
2701 1935 166 51 lassen,

1812 2010 49 49 B.
1922 2010 69 50 Ich
2024 2010 119 51 habe
2173 2031 63 30 zu
2252 2013 165 49 Hause
2450 2031 154 44 genug
2637 2013 227 62 geschafft.

1748 2089 117 61 Jetzt
1913 2090 78 49 bin
2031 2089 64 50 ich
2138 2095 46 45 in
2217 2090 271 51 Ruhestand
2523 2104 214 38 versetzt.
2798 2093 71 51 Ich

1748 2166 119 51 habe
1878 2166 83 51 das
1974 2166 192 61 Gefühl,
2176 2169 326 50 imVorhinein
2513 2170 118 51 mein
2631 2170 236 51 Greisen«

1749 2245 116 51 alter
1894 2266 60 30 zu
1987 2248 397 61 verbringen,-Ich
2417 2248 197 62 erledige
2647 2254 87 45 mir
2754 2257 113 54 jetzt

1748 2324 85 49 das
1850 2325 137 50 Ende
2019 2325 80 50 des
2118 2325 177 51 Lebens
2320 2326 96 50 und
2436 2328 167 49 schone
2624 2326 74 53 die
2714 2329 150 50 Mitte.

1809 2403 67 48 A,
1933 2403 82 48 Du
2048 2403 139 49 willst
2220 2423 49 30 es
2294 2422 118 43 ganz
2438 2405 153 50 schlau
2615 2408 248 59 anfangen.

1748 2481 70 49 Ich
1843 2480 148 51 dürfte
2016 2487 85 44 mir
2123 2500 54 32 so
2201 2493 145 39 etwas
2365 2499 85 45 gar
2466 2484 119 49 nicht
2600 2485 264 48 vorstellen.

1745 2559 145 49 Sonst
1930 2560 189 48 würden
2161 2567 86 43 mir
2288 2560 209 62 plötzlich
2538 2561 74 51 die
2643 2563 223 51 Knochen

1747 2655 85 32 aus
1852 2636 104 51 dem
1975 2638 129 50 Leim
2121 2639 146 61 gehen
2285 2639 97 49 und
2398 2639 71 49 die
2480 2640 168 51 Zähne
2665 2641 197 50 heraus»

1745 2716 153 50 fallen,

1808 2795 49 48 B.
1916 2794 171 51 Bildest
2119 2795 62 50 du
2214 2795 69 50 dir
2316 2796 113 49 noch
2462 2801 158 46 immer
2654 2804 88 51 ein,
2774 2798 90 52 daß

1745 2879 86 44 wir
1862 2873 80 49 der
1965 2874 191 49 Heimat
2187 2874 144 51 näher
2353 2875 245 51 kommen?
2631 2879 71 47 Es
2725 2883 59 43 ist
2807 2895 57 32 so

1745 2950 232 50 furchtbar
1997 2956 124 54 weit,
2143 2969 138 32 wenn
2314 2972 108 30 man
2454 2959 62 43 im
2538 2954 166 49 Kreise
2737 2955 126 50 läuft.

1806 3029 68 49 A.
1888 3045 10 32 :
1935 3030 134 48 Weit
2091 3035 61 43 ist
2173 3048 47 32 es
2245 3030 139 50 schon
2405 3068 39 12 ~.
2495 3031 138 50 Aber
2655 3050 212 45 morgen,

1745 3108 322 60 übermorgen,
2100 3114 46 43 in
2180 3114 147 46 einem
2360 3110 266 51 Monat,,,

1805 3186 50 47 B.
1913 3186 142 49 Dann
2096 3185 93 51 bist
2228 3186 64 50 du
2332 3188 118 49 nicht
2482 3189 160 61 klüger
2685 3190 69 50 als
2788 3189 75 52 die

1744 3264 264 49 andern...
2043 3265 66 50 So
2140 3265 215 61 sprechen
2387 3273 67 43 sie
2487 3268 125 50 auch.

1804 3344 91 48 A.:
1931 3341 226 62 Begreifst
2189 3344 64 48 du
2284 3344 122 51 denn
2439 3346 143 51 nicht?
2617 3346 151 51 Siehst
2798 3346 65 50 du

1743 3422 132 58 nicht,
1885 3428 88 44 wie
1989 3428 87 44 wir
2093 3429 65 46 sie
2176 3422 279 51 überholen?
2469 3426 112 51 Wie
2598 3431 66 45 sie
2680 3425 181 51 stecken

1742 3501 179 51 bleiben
1945 3508 46 44 in
2015 3503 316 50 Gewohnheit
2355 3503 95 50 und
2473 3505 225 61 stumpfer
2717 3504 147 51 Ohn«

1742 3581 176 49 macht?
1951 3581 115 50 Wie
2097 3581 97 50 ihre
2226 3581 146 50 Blicke
2405 3594 111 38 matt
2547 3583 187 49 werden
2767 3583 96 49 und

1740 3657 141 51 nichts
1922 3659 193 49 anderes
2158 3659 128 51 mehr
2325 3660 196 50 schauen
2554 3661 69 49 als
2656 3661 206 50 Stachel«

1739 3735 136 49 draht
1922 3736 97 50 und
2067 3736 72 51 die
2177 3737 316 50 wechselnden
2534 3739 168 51 Nasen
2741 3758 112 30 ver«

1738 3811 259 52 drießlicher
2013 3815 346 61 Wachposten?
2393 3815 163 51 Wenn
2582 3821 68 45 sie
2680 3816 170 50 einmal

1737 3890 354 60 zurückkehren,
2101 3891 189 51 werden
2306 3897 67 45 sie
2391 3892 116 50 nicht
2524 3894 127 49 mehr
2667 3899 190 51 wissen,

1737 3988 78 30 wo
1864 3975 66 44 sie
1978 3970 74 49 die
2100 3970 150 51 vielen
2293 3971 199 52 Monate
2532 3991 171 32 waren.
2755 3974 102 48 Der

1738 4046 154 50 Schlaf
1927 4066 97 31 von
2066 4065 193 43 morgen
2292 4049 142 50 löscht
2466 4050 69 49 ihr
2566 4051 297 51 Bewußtsein
