3283 4572
2568 437 124 52 1305

880 466 169 50 Tranz
1083 460 196 64 Werfet
1297 485 11 13 •
1821 456 188 54 fraunt
2265 474 100 33 von
1707 460 142 44 einer
1873 469 167 33 neuen
2071 446 158 52 HölTe

697 663 117 62 Die
854 659 206 65 Straße
1102 656 188 79 klang,
1333 652 92 64 die
1465 651 136 62 nach
1644 649 112 62 den
1797 646 223 76 Bergen
2061 640 208 62 rückte.

697 759 175 71 Dort,
915 757 115 62 fast
1070 749 330 72 erstickend,
1442 748 184 63 schien
1668 744 106 62 das
1816 736 111 66 Tal
1968 736 255 82 gepackt.

699 856 130 62 Das
863 851 238 64 zitternd
1140 849 104 64 sich
1290 871 75 38 an
1405 852 293 72 grimmige
1739 835 272 68 Schenkel
2053 833 241 62 drückte.

701 1216 85 63 Ich
829 1223 132 70 ging
1000 1219 101 53 mit
1140 1216 105 54 mir
1286 1215 56 53 in
1384 1214 187 53 einem
1612 1199 257 64 fremden
1910 1194 152 64 Takt

703 1313 108 61 An
850 1305 279 68 schnellen
1169 1301 290 64 Wassern
1499 1309 157 67 jener
1698 1294 232 63 Klamm
1972 1307 301 62 entgegen.

704 1408 138 61 Den
882 1404 224 78 Bergen
1146 1398 215 79 windig
1402 1393 123 65 und
1564 1402 101 52 mit
1704 1388 189 65 Wald
1933 1387 261 77 beflaggt.

707 1559 85 64 So
826 1557 179 63 schritt
1046 1554 78 62 ich
1165 1549 190 65 neben
1395 1555 216 55 meines
1654 1544 267 62 Herzens
1966 1538 295 77 Schlägen,

706 1657 118 62 Die
863 1651 245 64 wurden
1149 1646 255 83 plötzlich
1446 1639 368 68 schmerzhaft
1854 1646 134 53 wirr
2029 1633 123 67 und
2192 1630 224 83 schnell.

706 1751 86 62 Ich
833 1749 214 62 konnte
1088 1745 174 62 kaum
1305 1740 93 62 die
1438 1736 183 65 Hand
1662 1759 104 38 zur
1807 1735 174 60 Brust
2021 1729 300 78 bewegen.

707 1902 117 64 Als
866 1924 108 39 aus
1017 1897 103 64 des
1162 1896 285 76 Morgens
1489 1886 397 66 wachsendem
1930 1881 206 66 Geröll

707 1990 632 86 Entgegenwandernd
1371 1986 319 63 Menschen
1732 1991 105 53 mir
1872 1980 340 69 erschienen.

712 2094 98 63 Sie
850 2093 215 62 lachten
1107 2086 149 65 sanft
1287 2083 276 64 bestrahlt
1604 2080 120 62 und
1764 2100 199 40 waren
2005 2074 126 63 hell.

715 2244 146 63 Und
901 2244 76 62 ich
1021 2241 271 64 erkannte
1333 2246 103 61 sie,
1477 2231 336 83 begegnend
1852 2230 188 68 ihnen.

715 2342 119 61 Die
873 2338 206 63 Eltern
1120 2358 199 39 waren
1361 2356 64 39 es
1569 2329 121 62 und
1731 2328 141 61 noch
1913 2348 69 41 so
2023 2333 136 68 jung

717 2434 146 64 Und
896 2443 90 54 ein
1028 2432 390 81 Spaziergang
1458 2450 125 39 war
1625 2434 56 52 in
1723 2423 157 62 ihren
1922 2420 258 61 Mienen.

716 2585 146 64 Und
903 2587 182 61 hinter
1126 2582 168 62 ihnen
1440 2603 37 38 o
1520 2578 364 75 Erinnerung

717 2682 117 62 Die
876 2679 355 64 Schwestern
1272 2674 188 71 liefen,
1503 2671 120 63 und
1663 2671 93 60 die
1797 2678 127 53 eine
1964 2667 192 77 schlug

718 2777 136 62 Den
895 2773 123 64 Ball
1060 2796 108 38 aus
1210 2780 215 54 seinem
1465 2767 167 62 Netz
1671 2775 101 53 mit
1812 2763 242 64 kleinem
2096 2761 303 77 Schwung.

725 3099 235 63 Zuletzt
1000 3095 102 62 der
1140 3092 211 64 Knabe
1390 3087 492 65 traumzerfahren
1924 3102 130 63 trug

725 3194 142 63 Auf
900 3201 187 55 seiner
1127 3187 253 65 Schulter
1421 3196 169 52 einen
1632 3195 220 69 grünen
1886 3182 247 78 Fänger.

725 3292 85 61 Ich
850 3288 177 63 selbst
1066 3284 271 65 erkannte
1376 3281 139 61 mich
1555 3289 57 53 in
1653 3279 188 79 jedem
1883 3278 156 77 Zug,

727 3441 148 65 Und
914 3439 196 65 wollte
1149 3435 195 74 rufen,-
1384 3433 140 63 doch
1565 3443 114 53 wie
1719 3441 186 52 einem
1946 3430 221 77 Sänger

730 3539 126 62 Der
896 3537 229 62 höchste
1164 3529 134 66 Ton
1338 3529 288 72 zerbricht,
1670 3552 68 38 so
1780 3525 149 64 blieb
1971 3525 77 62 ich
2090 3539 212 46 stumm
2331 3570 10 11 .
2374 3567 11 13 .
2418 3568 11 13 .

730 3634 119 73 Sie,
890 3633 231 64 leichten
1162 3629 289 79 Hauptes,
1493 3636 273 68 zögerten
1807 3623 142 61 nicht
1988 3620 209 78 länger.

731 3787 144 63 Nur
914 3786 140 62 noch
1094 3806 120 41 von
1254 3781 192 62 Ferne
1487 3777 180 64 sahen
1709 3786 84 53 sie
1835 3774 106 62 sich
1985 3796 118 47 um.

734 3885 139 61 Aus
915 3882 221 79 Augen
1177 3876 236 72 sehend,
1454 3874 212 63 welche
1705 3872 137 62 mich
1884 3869 142 61 nicht
2067 3864 200 73 sahen.

735 3980 193 63 Durch
970 3980 157 69 mich,
1171 4001 74 39 an
1286 3984 104 53 mir
1430 3972 222 71 vorbei,
1695 3980 85 53 ins
1822 3968 398 78 Morgentum.
