<?xml version="1.0" encoding="UTF-8"?>
<alto xmlns:xsi="http://www.w3.org/2001/XMLSchema-instance" xmlns="http://www.loc.gov/standards/alto/ns-v2#" xsi:schemaLocation="http://www.loc.gov/standards/alto/ns-v2# http://www.loc.gov/standards/alto/v2/alto-2-0.xsd" xmlns:xlink="http://www.w3.org/1999/xlink">
	<Description>
		<MeasurementUnit>mm10</MeasurementUnit>
		<sourceImageInformation>
			<fileName>./bmtnabr_1915-11_01_0021.jp2</fileName>
		</sourceImageInformation>
		<OCRProcessing ID="OCRPROCESSING_1">
			<preProcessingStep>
				<processingSoftware>
					<softwareCreator>CCS Content Conversion Specialists GmbH, Germany</softwareCreator>
					<softwareName>CCS docWorks</softwareName>
					<softwareVersion>6.8-1.27</softwareVersion>
				</processingSoftware>
			</preProcessingStep>
			<ocrProcessingStep>
				<processingSoftware>
					<softwareCreator>ABBYY (BIT Software), Russia</softwareCreator>
					<softwareName>FineReader</softwareName>
					<softwareVersion>11.0</softwareVersion>
				</processingSoftware>
			</ocrProcessingStep>
			<postProcessingStep>
				<processingSoftware>
					<softwareCreator>CCS Content Conversion Specialists GmbH, Germany</softwareCreator>
					<softwareName>CCS docWorks</softwareName>
					<softwareVersion>6.8-1.27</softwareVersion>
					<applicationDescription>docWorks: Text modified manually, or automatically replaced</applicationDescription>
				</processingSoftware>
			</postProcessingStep>
		</OCRProcessing>
	</Description>
	<Styles>
		<TextStyle ID="TXT_0" FONTSIZE="19" FONTFAMILY="Times New Roman" FONTSTYLE="italics"/>
		<TextStyle ID="TXT_1" FONTSIZE="19" FONTFAMILY="Times New Roman" FONTSTYLE="bold italics"/>
		<TextStyle ID="TXT_2" FONTSIZE="6" FONTFAMILY="Times New Roman"/>
		<TextStyle ID="TXT_3" FONTSIZE="12" FONTFAMILY="Arial"/>
		<TextStyle ID="TXT_4" FONTSIZE="21" FONTFAMILY="Times New Roman"/>
		<ParagraphStyle ID="PAR_LEFT" ALIGN="Left"/>
		<ParagraphStyle ID="PAR_RIGHT" ALIGN="Right"/>
		<ParagraphStyle ID="PAR_BLOCK" ALIGN="Block"/>
	</Styles>
	<Layout>
		<Page ID="P21" PHYSICAL_IMG_NR="21" HEIGHT="4572" WIDTH="3275" PRINTED_IMG_NR="1323" PC="0.961">
			<TopMargin ID="P21_TM00001" HPOS="0" VPOS="0" WIDTH="3275" HEIGHT="528">
				<TextBlock ID="P21_TB00001" HPOS="1250" VPOS="461" WIDTH="665" HEIGHT="64" STYLEREFS="TXT_0 PAR_LEFT">
					<TextLine ID="P21_TL00001" HPOS="1255" VPOS="465" WIDTH="660" HEIGHT="60">
						<String ID="P21_ST00001" HPOS="1255" VPOS="471" WIDTH="241" HEIGHT="54" CONTENT="HetnriS" WC="0.58" CC="5660009" STYLEREFS="TXT_1"/>
						<SP ID="P21_SP00001" HPOS="1496" VPOS="525" WIDTH="300"/>
						<String ID="P21_ST00002" HPOS="1796" VPOS="470" WIDTH="119" HEIGHT="52" CONTENT="Mann" WC="0.96" CC="9900"/>
						<SP ID="P21_SP00002" HPOS="1915" VPOS="525" WIDTH="-187"/>
						<String ID="P21_ST00003" HPOS="1728" VPOS="493" WIDTH="8" HEIGHT="10" CONTENT="■" WC="0.73" CC="2" STYLEREFS="TXT_2"/>
						<SP ID="P21_SP00003" HPOS="1915" VPOS="525" WIDTH="-1"/>
						<String ID="P21_ST00004" HPOS="1914" VPOS="465" WIDTH="1" HEIGHT="60" CONTENT="Zofa" WC="0.73" CC="3240"/>
						<SP ID="P21_SP00004" HPOS="1915" VPOS="525" WIDTH="0"/>
					</TextLine>
				</TextBlock>
				<TextBlock ID="P21_TB00002" HPOS="2593" VPOS="454" WIDTH="124" HEIGHT="52" STYLEREFS="TXT_3 PAR_RIGHT">
					<TextLine ID="P21_TL00002" HPOS="2593" VPOS="454" WIDTH="124" HEIGHT="52">
						<String ID="P21_ST00005" HPOS="2593" VPOS="454" WIDTH="124" HEIGHT="52" CONTENT="1323" WC="1.00" CC="0000"/>
					</TextLine>
				</TextBlock>
			</TopMargin>
			<LeftMargin ID="P21_LM00001" HPOS="0" VPOS="528" WIDTH="452" HEIGHT="3505"/>
			<RightMargin ID="P21_RM00001" HPOS="2721" VPOS="528" WIDTH="554" HEIGHT="3505"/>
			<BottomMargin ID="P21_BM00001" HPOS="0" VPOS="4033" WIDTH="3275" HEIGHT="539"/>
			<PrintSpace ID="P21_PS00001" HPOS="452" VPOS="528" WIDTH="2269" HEIGHT="3505">
				<TextBlock ID="P21_TB00003" HPOS="452" VPOS="644" WIDTH="2269" HEIGHT="3389" STYLEREFS="TXT_4 PAR_BLOCK">
					<TextLine ID="P21_TL00003" HPOS="455" VPOS="644" WIDTH="2263" HEIGHT="92">
						<String ID="P21_ST00006" HPOS="455" VPOS="676" WIDTH="118" HEIGHT="60" CONTENT="Mit" WC="0.97" CC="304"/>
						<SP ID="P21_SP00005" HPOS="573" VPOS="736" WIDTH="40"/>
						<String ID="P21_ST00007" HPOS="613" VPOS="672" WIDTH="161" HEIGHT="64" CONTENT="Stolz" WC="0.96" CC="53376"/>
						<SP ID="P21_SP00006" HPOS="774" VPOS="736" WIDTH="48"/>
						<String ID="P21_ST00008" HPOS="822" VPOS="687" WIDTH="179" HEIGHT="47" CONTENT="setzte" WC="0.98" CC="000636"/>
						<SP ID="P21_SP00007" HPOS="1001" VPOS="736" WIDTH="48"/>
						<String ID="P21_ST00009" HPOS="1049" VPOS="692" WIDTH="61" HEIGHT="38" CONTENT="er" WC="0.74" CC="05"/>
						<SP ID="P21_SP00008" HPOS="1110" VPOS="736" WIDTH="49"/>
						<String ID="P21_ST00010" HPOS="1159" VPOS="667" WIDTH="190" HEIGHT="62" CONTENT="hinzu:" WC="0.96" CC="784746"/>
						<SP ID="P21_SP00009" HPOS="1349" VPOS="736" WIDTH="56"/>
						<String ID="P21_ST00011" HPOS="1405" VPOS="664" WIDTH="208" HEIGHT="61" CONTENT="»Denn" WC="0.97" CC="54035"/>
						<SP ID="P21_SP00010" HPOS="1613" VPOS="736" WIDTH="43"/>
						<String ID="P21_ST00012" HPOS="1656" VPOS="660" WIDTH="77" HEIGHT="61" CONTENT="ich" WC="0.98" CC="600"/>
						<SP ID="P21_SP00011" HPOS="1733" VPOS="736" WIDTH="43"/>
						<String ID="P21_ST00013" HPOS="1776" VPOS="658" WIDTH="147" HEIGHT="61" CONTENT="habe" WC="0.96" CC="9370"/>
						<SP ID="P21_SP00012" HPOS="1923" VPOS="736" WIDTH="43"/>
						<String ID="P21_ST00014" HPOS="1966" VPOS="654" WIDTH="92" HEIGHT="62" CONTENT="die" WC="0.95" CC="850"/>
						<SP ID="P21_SP00013" HPOS="2058" VPOS="736" WIDTH="40"/>
						<String ID="P21_ST00015" HPOS="2098" VPOS="650" WIDTH="192" HEIGHT="64" CONTENT="tiefste" WC="0.99" CC="0007030"/>
						<SP ID="P21_SP00014" HPOS="2290" VPOS="736" WIDTH="40"/>
						<String ID="P21_ST00016" HPOS="2330" VPOS="644" WIDTH="388" HEIGHT="66" CONTENT="Leidenschaft" WC="0.99" CC="004750057422"/>
					</TextLine>
					<TextLine ID="P21_TL00004" HPOS="456" VPOS="742" WIDTH="2258" HEIGHT="100">
						<String ID="P21_ST00017" HPOS="456" VPOS="769" WIDTH="92" HEIGHT="63" CONTENT="für" WC="0.96" CC="405"/>
						<SP ID="P21_SP00015" HPOS="548" VPOS="832" WIDTH="24"/>
						<String ID="P21_ST00018" HPOS="572" VPOS="769" WIDTH="103" HEIGHT="61" CONTENT="das" WC="1.00" CC="000"/>
						<SP ID="P21_SP00016" HPOS="675" VPOS="832" WIDTH="26"/>
						<String ID="P21_ST00019" HPOS="701" VPOS="767" WIDTH="254" HEIGHT="62" CONTENT="Lehen!«" WC="0.98" CC="9070005"/>
						<SP ID="P21_SP00017" HPOS="955" VPOS="832" WIDTH="30"/>
						<String ID="P21_ST00020" HPOS="985" VPOS="764" WIDTH="87" HEIGHT="61" CONTENT="Er" WC="0.27" CC="77"/>
						<SP ID="P21_SP00018" HPOS="1072" VPOS="832" WIDTH="23"/>
						<String ID="P21_ST00021" HPOS="1095" VPOS="772" WIDTH="131" HEIGHT="70" CONTENT="ging" WC="0.94" CC="7677"/>
						<SP ID="P21_SP00019" HPOS="1226" VPOS="842" WIDTH="16"/>
						<String ID="P21_ST00022" HPOS="1242" VPOS="768" WIDTH="211" HEIGHT="54" CONTENT="weiter." WC="0.98" CC="7042704"/>
						<SP ID="P21_SP00020" HPOS="1453" VPOS="842" WIDTH="26"/>
						<String ID="P21_ST00023" HPOS="1479" VPOS="756" WIDTH="189" HEIGHT="62" CONTENT="»Was" WC="0.98" CC="1070"/>
						<SP ID="P21_SP00021" HPOS="1668" VPOS="842" WIDTH="28"/>
						<String ID="P21_ST00024" HPOS="1696" VPOS="764" WIDTH="70" HEIGHT="52" CONTENT="ist" WC="0.98" CC="302"/>
						<SP ID="P21_SP00022" HPOS="1766" VPOS="842" WIDTH="17"/>
						<String ID="P21_ST00025" HPOS="1783" VPOS="753" WIDTH="124" HEIGHT="70" CONTENT="das," WC="0.99" CC="0004"/>
						<SP ID="P21_SP00023" HPOS="1907" VPOS="842" WIDTH="20"/>
						<String ID="P21_ST00026" HPOS="1927" VPOS="750" WIDTH="90" HEIGHT="61" CONTENT="die" WC="0.99" CC="030"/>
						<SP ID="P21_SP00024" HPOS="2017" VPOS="842" WIDTH="20"/>
						<String ID="P21_ST00027" HPOS="2037" VPOS="747" WIDTH="176" HEIGHT="64" CONTENT="Gabe" WC="0.95" CC="7077"/>
						<SP ID="P21_SP00025" HPOS="2213" VPOS="842" WIDTH="19"/>
						<String ID="P21_ST00028" HPOS="2232" VPOS="745" WIDTH="101" HEIGHT="61" CONTENT="des" WC="1.00" CC="000"/>
						<SP ID="P21_SP00026" HPOS="2333" VPOS="842" WIDTH="17"/>
						<String ID="P21_ST00029" HPOS="2350" VPOS="742" WIDTH="364" HEIGHT="63" CONTENT="Lebens?..." WC="0.99" CC="0070706444"/>
					</TextLine>
					<TextLine ID="P21_TL00005" HPOS="455" VPOS="834" WIDTH="2264" HEIGHT="90">
						<String ID="P21_ST00030" HPOS="455" VPOS="863" WIDTH="86" HEIGHT="61" CONTENT="Es" WC="0.71" CC="50"/>
						<SP ID="P21_SP00027" HPOS="541" VPOS="924" WIDTH="44"/>
						<String ID="P21_ST00031" HPOS="585" VPOS="872" WIDTH="69" HEIGHT="52" CONTENT="ist" WC="0.96" CC="602"/>
						<SP ID="P21_SP00028" HPOS="654" VPOS="924" WIDTH="41"/>
						<String ID="P21_ST00032" HPOS="695" VPOS="861" WIDTH="90" HEIGHT="62" CONTENT="die" WC="1.00" CC="000"/>
						<SP ID="P21_SP00029" HPOS="785" VPOS="924" WIDTH="35"/>
						<String ID="P21_ST00033" HPOS="820" VPOS="860" WIDTH="172" HEIGHT="63" CONTENT="Gabe" WC="0.96" CC="4570"/>
						<SP ID="P21_SP00030" HPOS="992" VPOS="924" WIDTH="41"/>
						<String ID="P21_ST00034" HPOS="1033" VPOS="858" WIDTH="100" HEIGHT="61" CONTENT="der" WC="1.00" CC="000"/>
						<SP ID="P21_SP00031" HPOS="1133" VPOS="924" WIDTH="32"/>
						<String ID="P21_ST00035" HPOS="1165" VPOS="853" WIDTH="368" HEIGHT="64" CONTENT="Wahrheit!«" WC="0.98" CC="7074704543"/>
						<SP ID="P21_SP00032" HPOS="1533" VPOS="924" WIDTH="45"/>
						<String ID="P21_ST00036" HPOS="1578" VPOS="851" WIDTH="114" HEIGHT="62" CONTENT="Die" WC="0.99" CC="300"/>
						<SP ID="P21_SP00033" HPOS="1692" VPOS="924" WIDTH="32"/>
						<String ID="P21_ST00037" HPOS="1724" VPOS="846" WIDTH="310" HEIGHT="63" CONTENT="Wahrheit" WC="0.99" CC="70060045"/>
						<SP ID="P21_SP00034" HPOS="2034" VPOS="924" WIDTH="40"/>
						<String ID="P21_ST00038" HPOS="2074" VPOS="843" WIDTH="210" HEIGHT="61" CONTENT="lieben;" WC="0.98" CC="7407016"/>
						<SP ID="P21_SP00035" HPOS="2284" VPOS="924" WIDTH="44"/>
						<String ID="P21_ST00039" HPOS="2328" VPOS="837" WIDTH="209" HEIGHT="62" CONTENT="anders" WC="0.99" CC="030060"/>
						<SP ID="P21_SP00036" HPOS="2537" VPOS="924" WIDTH="35"/>
						<String ID="P21_ST00040" HPOS="2572" VPOS="834" WIDTH="147" HEIGHT="62" CONTENT="wird" WC="0.97" CC="9060"/>
					</TextLine>
					<TextLine ID="P21_TL00006" HPOS="455" VPOS="931" WIDTH="2263" HEIGHT="103">
						<String ID="P21_ST00041" HPOS="455" VPOS="959" WIDTH="189" HEIGHT="61" CONTENT="keiner" WC="0.99" CC="402004"/>
						<SP ID="P21_SP00037" HPOS="644" VPOS="1020" WIDTH="40"/>
						<String ID="P21_ST00042" HPOS="684" VPOS="955" WIDTH="155" HEIGHT="79" CONTENT="groß." WC="0.98" CC="06324"/>
						<SP ID="P21_SP00038" HPOS="839" VPOS="1034" WIDTH="52"/>
						<String ID="P21_ST00043" HPOS="891" VPOS="952" WIDTH="137" HEIGHT="63" CONTENT="Ahe" WC="0.96" CC="370"/>
						<SP ID="P21_SP00039" HPOS="1028" VPOS="1034" WIDTH="42"/>
						<String ID="P21_ST00044" HPOS="1070" VPOS="951" WIDTH="117" HEIGHT="62" CONTENT="ihre" WC="0.97" CC="0670"/>
						<SP ID="P21_SP00040" HPOS="1187" VPOS="1034" WIDTH="40"/>
						<String ID="P21_ST00045" HPOS="1227" VPOS="949" WIDTH="230" HEIGHT="62" CONTENT="Mächte" WC="0.98" CC="006740"/>
						<SP ID="P21_SP00041" HPOS="1457" VPOS="1034" WIDTH="41"/>
						<String ID="P21_ST00046" HPOS="1498" VPOS="945" WIDTH="202" HEIGHT="70" CONTENT="lieben," WC="0.98" CC="7407004"/>
						<SP ID="P21_SP00042" HPOS="1700" VPOS="1034" WIDTH="40"/>
						<String ID="P21_ST00047" HPOS="1740" VPOS="937" WIDTH="432" HEIGHT="71" CONTENT="Wissenschaft," WC="1.00" CC="0600000070224"/>
						<SP ID="P21_SP00043" HPOS="2172" VPOS="1034" WIDTH="42"/>
						<String ID="P21_ST00048" HPOS="2214" VPOS="933" WIDTH="230" HEIGHT="71" CONTENT="Arbeit," WC="0.98" CC="4670444"/>
						<SP ID="P21_SP00044" HPOS="2444" VPOS="1034" WIDTH="43"/>
						<String ID="P21_ST00049" HPOS="2487" VPOS="931" WIDTH="185" HEIGHT="61" CONTENT="Demo" SUBS_TYPE="HypPart1" SUBS_CONTENT="Demokratie;" WC="0.98" CC="0046"/>
						<HYP HPOS="2672" VPOS="931" WIDTH="46" CONTENT="-"/>
					</TextLine>
					<TextLine ID="P21_TL00007" HPOS="455" VPOS="1026" WIDTH="2259" HEIGHT="99">
						<String ID="P21_ST00050" HPOS="455" VPOS="1051" WIDTH="194" HEIGHT="61" CONTENT="kratie;" SUBS_TYPE="HypPart2" SUBS_CONTENT="Demokratie;" WC="0.97" CC="0776473"/>
						<SP ID="P21_SP00045" HPOS="649" VPOS="1112" WIDTH="50"/>
						<String ID="P21_ST00051" HPOS="699" VPOS="1049" WIDTH="154" HEIGHT="62" CONTENT="diese" WC="1.00" CC="02000"/>
						<SP ID="P21_SP00046" HPOS="853" VPOS="1112" WIDTH="39"/>
						<String ID="P21_ST00052" HPOS="892" VPOS="1048" WIDTH="193" HEIGHT="77" CONTENT="große," WC="0.98" CC="074204"/>
						<SP ID="P21_SP00047" HPOS="1085" VPOS="1125" WIDTH="42"/>
						<String ID="P21_ST00053" HPOS="1127" VPOS="1041" WIDTH="325" HEIGHT="65" CONTENT="arbeitende" WC="0.99" CC="0770457007"/>
						<SP ID="P21_SP00048" HPOS="1452" VPOS="1125" WIDTH="39"/>
						<String ID="P21_ST00054" HPOS="1491" VPOS="1036" WIDTH="375" HEIGHT="70" CONTENT="Menschheit," WC="0.99" CC="00009770633"/>
						<SP ID="P21_SP00049" HPOS="1866" VPOS="1125" WIDTH="50"/>
						<String ID="P21_ST00055" HPOS="1916" VPOS="1034" WIDTH="91" HEIGHT="61" CONTENT="die" WC="0.99" CC="030"/>
						<SP ID="P21_SP00050" HPOS="2007" VPOS="1125" WIDTH="42"/>
						<String ID="P21_ST00056" HPOS="2049" VPOS="1029" WIDTH="207" HEIGHT="64" CONTENT="hinauf" WC="0.98" CC="007066"/>
						<SP ID="P21_SP00051" HPOS="2256" VPOS="1125" WIDTH="32"/>
						<String ID="P21_ST00057" HPOS="2288" VPOS="1027" WIDTH="133" HEIGHT="70" CONTENT="will," WC="0.96" CC="94774"/>
						<SP ID="P21_SP00052" HPOS="2421" VPOS="1125" WIDTH="43"/>
						<String ID="P21_ST00058" HPOS="2464" VPOS="1026" WIDTH="88" HEIGHT="61" CONTENT="los" WC="0.95" CC="760"/>
						<SP ID="P21_SP00053" HPOS="2552" VPOS="1125" WIDTH="42"/>
						<String ID="P21_ST00059" HPOS="2594" VPOS="1048" WIDTH="120" HEIGHT="38" CONTENT="von" WC="0.95" CC="037"/>
					</TextLine>
					<TextLine ID="P21_TL00008" HPOS="455" VPOS="1117" WIDTH="2257" HEIGHT="102">
						<String ID="P21_ST00060" HPOS="455" VPOS="1144" WIDTH="109" HEIGHT="61" CONTENT="den" WC="0.99" CC="003"/>
						<SP ID="P21_SP00054" HPOS="564" VPOS="1205" WIDTH="41"/>
						<String ID="P21_ST00061" HPOS="605" VPOS="1143" WIDTH="495" HEIGHT="76" CONTENT="Beschönigungen" WC="1.00" CC="05007045050000"/>
						<SP ID="P21_SP00055" HPOS="1100" VPOS="1219" WIDTH="42"/>
						<String ID="P21_ST00062" HPOS="1142" VPOS="1137" WIDTH="118" HEIGHT="62" CONTENT="und" WC="0.99" CC="300"/>
						<SP ID="P21_SP00056" HPOS="1260" VPOS="1219" WIDTH="41"/>
						<String ID="P21_ST00063" HPOS="1301" VPOS="1130" WIDTH="561" HEIGHT="81" CONTENT="Ungerechtigkeiten" WC="1.00" CC="72006000400060400"/>
						<SP ID="P21_SP00057" HPOS="1862" VPOS="1219" WIDTH="43"/>
						<String ID="P21_ST00064" HPOS="1905" VPOS="1126" WIDTH="99" HEIGHT="63" CONTENT="der" WC="0.95" CC="057"/>
						<SP ID="P21_SP00058" HPOS="2004" VPOS="1219" WIDTH="45"/>
						<String ID="P21_ST00065" HPOS="2049" VPOS="1120" WIDTH="480" HEIGHT="83" CONTENT="Vergangenheit," WC="1.00" CC="30600000000443"/>
						<SP ID="P21_SP00059" HPOS="2529" VPOS="1219" WIDTH="60"/>
						<String ID="P21_ST00066" HPOS="2589" VPOS="1117" WIDTH="123" HEIGHT="63" CONTENT="Sich" WC="0.96" CC="2607"/>
					</TextLine>
					<TextLine ID="P21_TL00009" HPOS="456" VPOS="1213" WIDTH="2255" HEIGHT="86">
						<String ID="P21_ST00067" HPOS="456" VPOS="1238" WIDTH="82" HEIGHT="61" CONTENT="als" WC="0.97" CC="070"/>
						<SP ID="P21_SP00060" HPOS="538" VPOS="1299" WIDTH="52"/>
						<String ID="P21_ST00068" HPOS="590" VPOS="1246" WIDTH="161" HEIGHT="52" CONTENT="einen" WC="0.98" CC="06600"/>
						<SP ID="P21_SP00061" HPOS="751" VPOS="1299" WIDTH="50"/>
						<String ID="P21_ST00069" HPOS="801" VPOS="1234" WIDTH="100" HEIGHT="63" CONTENT="der" WC="0.98" CC="005"/>
						<SP ID="P21_SP00062" HPOS="901" VPOS="1299" WIDTH="39"/>
						<String ID="P21_ST00070" HPOS="940" VPOS="1234" WIDTH="161" HEIGHT="60" CONTENT="Ihren" WC="0.99" CC="10600"/>
						<SP ID="P21_SP00063" HPOS="1101" VPOS="1299" WIDTH="50"/>
						<String ID="P21_ST00071" HPOS="1151" VPOS="1230" WIDTH="194" HEIGHT="63" CONTENT="fühlen" WC="0.98" CC="600704"/>
						<SP ID="P21_SP00064" HPOS="1345" VPOS="1299" WIDTH="42"/>
						<String ID="P21_ST00072" HPOS="1387" VPOS="1227" WIDTH="118" HEIGHT="62" CONTENT="und" WC="0.96" CC="740"/>
						<SP ID="P21_SP00065" HPOS="1505" VPOS="1299" WIDTH="41"/>
						<String ID="P21_ST00073" HPOS="1546" VPOS="1224" WIDTH="83" HEIGHT="62" CONTENT="als" WC="0.94" CC="870"/>
						<SP ID="P21_SP00066" HPOS="1629" VPOS="1299" WIDTH="43"/>
						<String ID="P21_ST00074" HPOS="1672" VPOS="1224" WIDTH="169" HEIGHT="60" CONTENT="nichts" WC="0.99" CC="040030"/>
						<SP ID="P21_SP00067" HPOS="1841" VPOS="1299" WIDTH="42"/>
						<String ID="P21_ST00075" HPOS="1883" VPOS="1229" WIDTH="226" HEIGHT="64" CONTENT="weiter,-" WC="0.99" CC="00250634"/>
						<SP ID="P21_SP00068" HPOS="2109" VPOS="1299" WIDTH="47"/>
						<String ID="P21_ST00076" HPOS="2156" VPOS="1227" WIDTH="75" HEIGHT="52" CONTENT="im" WC="0.54" CC="44"/>
						<SP ID="P21_SP00069" HPOS="2231" VPOS="1299" WIDTH="40"/>
						<String ID="P21_ST00077" HPOS="2271" VPOS="1215" WIDTH="196" HEIGHT="62" CONTENT="Leben" WC="0.98" CC="00707"/>
						<SP ID="P21_SP00070" HPOS="2467" VPOS="1299" WIDTH="43"/>
						<String ID="P21_ST00078" HPOS="2510" VPOS="1213" WIDTH="201" HEIGHT="61" CONTENT="stehen" WC="0.99" CC="010700"/>
					</TextLine>
					<TextLine ID="P21_TL00010" HPOS="455" VPOS="1308" WIDTH="2256" HEIGHT="85">
						<String ID="P21_ST00079" HPOS="455" VPOS="1341" WIDTH="111" HEIGHT="52" CONTENT="wie" WC="0.98" CC="050"/>
						<SP ID="P21_SP00071" HPOS="566" VPOS="1393" WIDTH="40"/>
						<String ID="P21_ST00080" HPOS="606" VPOS="1331" WIDTH="107" HEIGHT="61" CONTENT="alle" WC="0.95" CC="7770"/>
						<SP ID="P21_SP00072" HPOS="713" VPOS="1393" WIDTH="246"/>
						<String ID="P21_ST00081" HPOS="959" VPOS="1328" WIDTH="151" HEIGHT="60" CONTENT="dann" WC="0.98" CC="0070"/>
						<SP ID="P21_SP00073" HPOS="1110" VPOS="1393" WIDTH="41"/>
						<String ID="P21_ST00082" HPOS="1151" VPOS="1326" WIDTH="149" HEIGHT="61" CONTENT="kann" WC="0.98" CC="0007"/>
						<SP ID="P21_SP00074" HPOS="1300" VPOS="1393" WIDTH="40"/>
						<String ID="P21_ST00083" HPOS="1340" VPOS="1346" WIDTH="134" HEIGHT="38" CONTENT="man" WC="0.96" CC="900"/>
						<SP ID="P21_SP00075" HPOS="1474" VPOS="1393" WIDTH="40"/>
						<String ID="P21_ST00084" HPOS="1514" VPOS="1319" WIDTH="287" HEIGHT="70" CONTENT="schildern," WC="0.99" CC="0075700774"/>
						<SP ID="P21_SP00076" HPOS="1801" VPOS="1393" WIDTH="35"/>
						<String ID="P21_ST00085" HPOS="1836" VPOS="1340" WIDTH="121" HEIGHT="37" CONTENT="was" WC="1.00" CC="000"/>
						<SP ID="P21_SP00077" HPOS="1957" VPOS="1393" WIDTH="45"/>
						<String ID="P21_ST00086" HPOS="2002" VPOS="1314" WIDTH="107" HEIGHT="61" CONTENT="alle" WC="0.95" CC="7670"/>
						<SP ID="P21_SP00078" HPOS="2109" VPOS="1393" WIDTH="238"/>
						<String ID="P21_ST00087" HPOS="2347" VPOS="1309" WIDTH="195" HEIGHT="62" CONTENT="erlebt." WC="0.98" CC="0760743"/>
						<SP ID="P21_SP00079" HPOS="2542" VPOS="1393" WIDTH="45"/>
						<String ID="P21_ST00088" HPOS="2587" VPOS="1308" WIDTH="124" HEIGHT="61" CONTENT="Sich" WC="0.97" CC="0047"/>
					</TextLine>
					<TextLine ID="P21_TL00011" HPOS="455" VPOS="1406" WIDTH="2258" HEIGHT="80">
						<String ID="P21_ST00089" HPOS="455" VPOS="1449" WIDTH="108" HEIGHT="37" CONTENT="nur" WC="0.97" CC="006"/>
						<SP ID="P21_SP00080" HPOS="563" VPOS="1486" WIDTH="38"/>
						<String ID="P21_ST00090" HPOS="601" VPOS="1425" WIDTH="139" HEIGHT="59" CONTENT="nicht" WC="0.98" CC="04701"/>
						<SP ID="P21_SP00081" HPOS="740" VPOS="1486" WIDTH="40"/>
						<String ID="P21_ST00091" HPOS="780" VPOS="1422" WIDTH="206" HEIGHT="62" CONTENT="abseits" WC="0.99" CC="0700600"/>
						<SP ID="P21_SP00082" HPOS="986" VPOS="1486" WIDTH="43"/>
						<String ID="P21_ST00092" HPOS="1029" VPOS="1420" WIDTH="118" HEIGHT="62" CONTENT="und" WC="0.97" CC="600"/>
						<SP ID="P21_SP00083" HPOS="1147" VPOS="1486" WIDTH="40"/>
						<String ID="P21_ST00093" HPOS="1187" VPOS="1416" WIDTH="312" HEIGHT="63" CONTENT="besonders" WC="0.99" CC="730350040"/>
						<SP ID="P21_SP00084" HPOS="1499" VPOS="1486" WIDTH="44"/>
						<String ID="P21_ST00094" HPOS="1543" VPOS="1413" WIDTH="256" HEIGHT="71" CONTENT="dünken,-" WC="1.00" CC="00600040"/>
						<SP ID="P21_SP00085" HPOS="1799" VPOS="1486" WIDTH="38"/>
						<String ID="P21_ST00095" HPOS="1837" VPOS="1407" WIDTH="339" HEIGHT="65" CONTENT="teilnehmen" WC="0.99" CC="0017057000"/>
						<SP ID="P21_SP00086" HPOS="2176" VPOS="1486" WIDTH="42"/>
						<String ID="P21_ST00096" HPOS="2218" VPOS="1406" WIDTH="82" HEIGHT="59" CONTENT="als" WC="0.97" CC="070"/>
						<SP ID="P21_SP00087" HPOS="2300" VPOS="1486" WIDTH="44"/>
						<String ID="P21_ST00097" HPOS="2344" VPOS="1412" WIDTH="153" HEIGHT="52" CONTENT="einer" WC="0.99" CC="02007"/>
						<SP ID="P21_SP00088" HPOS="2497" VPOS="1486" WIDTH="48"/>
						<String ID="P21_ST00098" HPOS="2545" VPOS="1417" WIDTH="168" HEIGHT="46" CONTENT="unter" WC="0.98" CC="50505"/>
					</TextLine>
					<TextLine ID="P21_TL00012" HPOS="454" VPOS="1495" WIDTH="2255" HEIGHT="97">
						<String ID="P21_ST00099" HPOS="454" VPOS="1518" WIDTH="183" HEIGHT="60" CONTENT="vielen" WC="0.99" CC="000700"/>
						<SP ID="P21_SP00089" HPOS="637" VPOS="1578" WIDTH="42"/>
						<String ID="P21_ST00100" HPOS="679" VPOS="1540" WIDTH="71" HEIGHT="37" CONTENT="an" WC="0.65" CC="70"/>
						<SP ID="P21_SP00090" HPOS="750" VPOS="1578" WIDTH="42"/>
						<String ID="P21_ST00101" HPOS="792" VPOS="1516" WIDTH="100" HEIGHT="60" CONTENT="der" WC="0.97" CC="007"/>
						<SP ID="P21_SP00091" HPOS="892" VPOS="1578" WIDTH="39"/>
						<String ID="P21_ST00102" HPOS="931" VPOS="1514" WIDTH="212" HEIGHT="78" CONTENT="großen" WC="0.99" CC="065000"/>
						<SP ID="P21_SP00092" HPOS="1143" VPOS="1592" WIDTH="44"/>
						<String ID="P21_ST00103" HPOS="1187" VPOS="1509" WIDTH="439" HEIGHT="76" CONTENT="Untersuchung" WC="0.99" CC="770070007400"/>
						<SP ID="P21_SP00093" HPOS="1626" VPOS="1592" WIDTH="41"/>
						<String ID="P21_ST00104" HPOS="1667" VPOS="1505" WIDTH="141" HEIGHT="62" CONTENT="über" WC="0.97" CC="0707"/>
						<SP ID="P21_SP00094" HPOS="1808" VPOS="1592" WIDTH="40"/>
						<String ID="P21_ST00105" HPOS="1848" VPOS="1504" WIDTH="104" HEIGHT="59" CONTENT="das" WC="1.00" CC="000"/>
						<SP ID="P21_SP00095" HPOS="1952" VPOS="1592" WIDTH="33"/>
						<String ID="P21_ST00106" HPOS="1985" VPOS="1498" WIDTH="394" HEIGHT="80" CONTENT="Jahrhundert," WC="0.99" CC="497777007634"/>
						<SP ID="P21_SP00096" HPOS="2379" VPOS="1592" WIDTH="42"/>
						<String ID="P21_ST00107" HPOS="2421" VPOS="1496" WIDTH="141" HEIGHT="61" CONTENT="über" WC="0.97" CC="0770"/>
						<SP ID="P21_SP00097" HPOS="2562" VPOS="1592" WIDTH="43"/>
						<String ID="P21_ST00108" HPOS="2605" VPOS="1495" WIDTH="104" HEIGHT="61" CONTENT="das" WC="1.00" CC="000"/>
					</TextLine>
					<TextLine ID="P21_TL00013" HPOS="455" VPOS="1589" WIDTH="2257" HEIGHT="82">
						<String ID="P21_ST00109" HPOS="455" VPOS="1610" WIDTH="272" HEIGHT="61" CONTENT="moderne" WC="0.99" CC="0500650"/>
						<SP ID="P21_SP00098" HPOS="727" VPOS="1671" WIDTH="48"/>
						<String ID="P21_ST00110" HPOS="775" VPOS="1609" WIDTH="210" HEIGHT="61" CONTENT="Leben." WC="0.99" CC="007004"/>
						<SP ID="P21_SP00099" HPOS="985" VPOS="1671" WIDTH="59"/>
						<String ID="P21_ST00111" HPOS="1044" VPOS="1606" WIDTH="171" HEIGHT="61" CONTENT="Seine" WC="1.00" CC="20100"/>
						<SP ID="P21_SP00100" HPOS="1215" VPOS="1671" WIDTH="48"/>
						<String ID="P21_ST00112" HPOS="1263" VPOS="1604" WIDTH="134" HEIGHT="61" CONTENT="Heit" WC="0.97" CC="7042"/>
						<SP ID="P21_SP00101" HPOS="1397" VPOS="1671" WIDTH="49"/>
						<String ID="P21_ST00113" HPOS="1446" VPOS="1601" WIDTH="208" HEIGHT="63" CONTENT="lieben!" WC="0.98" CC="7507752"/>
						<SP ID="P21_SP00102" HPOS="1654" VPOS="1671" WIDTH="245"/>
						<String ID="P21_ST00114" HPOS="1899" VPOS="1605" WIDTH="83" HEIGHT="52" CONTENT="sie" WC="0.97" CC="060"/>
						<SP ID="P21_SP00103" HPOS="1982" VPOS="1671" WIDTH="42"/>
						<String ID="P21_ST00115" HPOS="2024" VPOS="1595" WIDTH="140" HEIGHT="61" CONTENT="nicht" WC="0.98" CC="03074"/>
						<SP ID="P21_SP00104" HPOS="2164" VPOS="1671" WIDTH="41"/>
						<String ID="P21_ST00116" HPOS="2205" VPOS="1590" WIDTH="206" HEIGHT="80" CONTENT="geliebt" WC="0.99" CC="0070074"/>
						<SP ID="P21_SP00105" HPOS="2411" VPOS="1671" WIDTH="41"/>
						<String ID="P21_ST00117" HPOS="2452" VPOS="1590" WIDTH="116" HEIGHT="71" CONTENT="hat," WC="0.96" CC="7054"/>
						<SP ID="P21_SP00106" HPOS="2568" VPOS="1671" WIDTH="51"/>
						<String ID="P21_ST00118" HPOS="2619" VPOS="1589" WIDTH="93" HEIGHT="61" CONTENT="die" WC="1.00" CC="000"/>
					</TextLine>
					<TextLine ID="P21_TL00014" HPOS="455" VPOS="1684" WIDTH="2258" HEIGHT="93">
						<String ID="P21_ST00119" HPOS="455" VPOS="1703" WIDTH="363" HEIGHT="61" CONTENT="Romantiker" WC="0.99" CC="2303000055"/>
						<SP ID="P21_SP00107" HPOS="818" VPOS="1764" WIDTH="40"/>
						<String ID="P21_ST00120" HPOS="858" VPOS="1718" WIDTH="167" HEIGHT="54" CONTENT="etwa," WC="1.00" CC="00003"/>
						<SP ID="P21_SP00108" HPOS="1025" VPOS="1772" WIDTH="42"/>
						<String ID="P21_ST00121" HPOS="1067" VPOS="1699" WIDTH="132" HEIGHT="78" CONTENT="geht" WC="1.00" CC="0002"/>
						<SP ID="P21_SP00109" HPOS="1199" VPOS="1777" WIDTH="41"/>
						<String ID="P21_ST00122" HPOS="1240" VPOS="1698" WIDTH="132" HEIGHT="61" CONTENT="bald" WC="0.97" CC="7070"/>
						<SP ID="P21_SP00110" HPOS="1372" VPOS="1777" WIDTH="51"/>
						<String ID="P21_ST00123" HPOS="1423" VPOS="1693" WIDTH="338" HEIGHT="65" CONTENT="niemanden" WC="1.00" CC="300000045"/>
						<SP ID="P21_SP00111" HPOS="1761" VPOS="1777" WIDTH="43"/>
						<String ID="P21_ST00124" HPOS="1804" VPOS="1690" WIDTH="159" HEIGHT="62" CONTENT="mehr" WC="0.97" CC="0077"/>
						<SP ID="P21_SP00112" HPOS="1963" VPOS="1777" WIDTH="41"/>
						<String ID="P21_ST00125" HPOS="2004" VPOS="1712" WIDTH="91" HEIGHT="38" CONTENT="an," WC="0.96" CC="064"/>
						<SP ID="P21_SP00113" HPOS="2095" VPOS="1777" WIDTH="49"/>
						<String ID="P21_ST00126" HPOS="2144" VPOS="1685" WIDTH="187" HEIGHT="62" CONTENT="»Wer" WC="0.98" CC="3006"/>
						<SP ID="P21_SP00114" HPOS="2331" VPOS="1777" WIDTH="33"/>
						<String ID="P21_ST00127" HPOS="2364" VPOS="1684" WIDTH="174" HEIGHT="61" CONTENT="heute" WC="0.98" CC="00367"/>
						<SP ID="P21_SP00115" HPOS="2538" VPOS="1777" WIDTH="33"/>
						<String ID="P21_ST00128" HPOS="2571" VPOS="1684" WIDTH="142" HEIGHT="60" CONTENT="nicht" WC="0.97" CC="54074"/>
					</TextLine>
					<TextLine ID="P21_TL00015" HPOS="455" VPOS="1778" WIDTH="2256" HEIGHT="85">
						<String ID="P21_ST00129" HPOS="455" VPOS="1806" WIDTH="98" HEIGHT="51" CONTENT="mit" WC="0.97" CC="044"/>
						<SP ID="P21_SP00116" HPOS="553" VPOS="1857" WIDTH="40"/>
						<String ID="P21_ST00130" HPOS="593" VPOS="1797" WIDTH="100" HEIGHT="60" CONTENT="der" WC="0.97" CC="007"/>
						<SP ID="P21_SP00117" HPOS="693" VPOS="1857" WIDTH="22"/>
						<String ID="P21_ST00131" HPOS="715" VPOS="1793" WIDTH="411" HEIGHT="64" CONTENT="Wissenschaft" WC="1.00" CC="020003000011"/>
						<SP ID="P21_SP00118" HPOS="1126" VPOS="1857" WIDTH="40"/>
						<String ID="P21_ST00132" HPOS="1166" VPOS="1802" WIDTH="88" HEIGHT="61" CONTENT="ist," WC="0.98" CC="0054"/>
						<SP ID="P21_SP00119" HPOS="1254" VPOS="1863" WIDTH="42"/>
						<String ID="P21_ST00133" HPOS="1296" VPOS="1791" WIDTH="175" HEIGHT="61" CONTENT="lähmt" WC="0.98" CC="70003"/>
						<SP ID="P21_SP00120" HPOS="1471" VPOS="1863" WIDTH="39"/>
						<String ID="P21_ST00134" HPOS="1510" VPOS="1789" WIDTH="107" HEIGHT="63" CONTENT="sich" WC="0.99" CC="0400"/>
						<SP ID="P21_SP00121" HPOS="1617" VPOS="1863" WIDTH="36"/>
						<String ID="P21_ST00135" HPOS="1653" VPOS="1787" WIDTH="190" HEIGHT="62" CONTENT="selbst." WC="0.98" CC="0077042"/>
						<SP ID="P21_SP00122" HPOS="1843" VPOS="1863" WIDTH="45"/>
						<String ID="P21_ST00136" HPOS="1888" VPOS="1784" WIDTH="151" HEIGHT="61" CONTENT="Man" WC="0.98" CC="006"/>
						<SP ID="P21_SP00123" HPOS="2039" VPOS="1863" WIDTH="42"/>
						<String ID="P21_ST00137" HPOS="2081" VPOS="1780" WIDTH="138" HEIGHT="63" CONTENT="ahnt" WC="0.96" CC="5704"/>
						<SP ID="P21_SP00124" HPOS="2219" VPOS="1863" WIDTH="31"/>
						<String ID="P21_ST00138" HPOS="2250" VPOS="1803" WIDTH="101" HEIGHT="55" CONTENT="gar" WC="0.98" CC="006"/>
						<SP ID="P21_SP00125" HPOS="2351" VPOS="1863" WIDTH="32"/>
						<String ID="P21_ST00139" HPOS="2383" VPOS="1778" WIDTH="160" HEIGHT="70" CONTENT="nicht," WC="0.98" CC="630704"/>
						<SP ID="P21_SP00126" HPOS="2543" VPOS="1863" WIDTH="42"/>
						<String ID="P21_ST00140" HPOS="2585" VPOS="1799" WIDTH="126" HEIGHT="39" CONTENT="was" WC="1.00" CC="000"/>
					</TextLine>
					<TextLine ID="P21_TL00016" HPOS="455" VPOS="1871" WIDTH="2256" HEIGHT="94">
						<String ID="P21_ST00141" HPOS="455" VPOS="1890" WIDTH="92" HEIGHT="61" CONTENT="für" WC="0.96" CC="505"/>
						<SP ID="P21_SP00127" HPOS="547" VPOS="1951" WIDTH="46"/>
						<String ID="P21_ST00142" HPOS="593" VPOS="1900" WIDTH="124" HEIGHT="51" CONTENT="eine" WC="0.99" CC="0030"/>
						<SP ID="P21_SP00128" HPOS="717" VPOS="1951" WIDTH="48"/>
						<String ID="P21_ST00143" HPOS="765" VPOS="1888" WIDTH="471" HEIGHT="77" CONTENT="unbezwingliche" WC="0.80" CC="00704050073000"/>
						<SP ID="P21_SP00129" HPOS="1236" VPOS="1965" WIDTH="41"/>
						<String ID="P21_ST00144" HPOS="1277" VPOS="1885" WIDTH="165" HEIGHT="62" CONTENT="Kraft" WC="0.98" CC="17333"/>
						<SP ID="P21_SP00130" HPOS="1442" VPOS="1965" WIDTH="49"/>
						<String ID="P21_ST00145" HPOS="1491" VPOS="1907" WIDTH="61" HEIGHT="39" CONTENT="es" WC="1.00" CC="00"/>
						<SP ID="P21_SP00131" HPOS="1552" VPOS="1965" WIDTH="54"/>
						<String ID="P21_ST00146" HPOS="1606" VPOS="1892" WIDTH="183" HEIGHT="52" CONTENT="einem" WC="1.00" CC="00000"/>
						<SP ID="P21_SP00132" HPOS="1789" VPOS="1965" WIDTH="40"/>
						<String ID="P21_ST00147" HPOS="1829" VPOS="1881" WIDTH="191" HEIGHT="59" CONTENT="Mann" WC="1.00" CC="0000"/>
						<SP ID="P21_SP00133" HPOS="2020" VPOS="1965" WIDTH="48"/>
						<String ID="P21_ST00148" HPOS="2068" VPOS="1874" WIDTH="171" HEIGHT="80" CONTENT="giebt," WC="0.51" CC="950734"/>
						<SP ID="P21_SP00134" HPOS="2239" VPOS="1965" WIDTH="50"/>
						<String ID="P21_ST00149" HPOS="2289" VPOS="1896" WIDTH="173" HEIGHT="38" CONTENT="wenn" WC="0.99" CC="0030"/>
						<SP ID="P21_SP00135" HPOS="2462" VPOS="1965" WIDTH="43"/>
						<String ID="P21_ST00150" HPOS="2505" VPOS="1895" WIDTH="61" HEIGHT="38" CONTENT="er" WC="0.65" CC="06"/>
						<SP ID="P21_SP00136" HPOS="2566" VPOS="1965" WIDTH="40"/>
						<String ID="P21_ST00151" HPOS="2606" VPOS="1871" WIDTH="105" HEIGHT="62" CONTENT="das" WC="1.00" CC="000"/>
					</TextLine>
					<TextLine ID="P21_TL00017" HPOS="454" VPOS="1966" WIDTH="2255" HEIGHT="94">
						<String ID="P21_ST00152" HPOS="454" VPOS="1984" WIDTH="333" HEIGHT="76" CONTENT="Werkzeug" WC="1.00" CC="00404000"/>
						<SP ID="P21_SP00137" HPOS="787" VPOS="2060" WIDTH="48"/>
						<String ID="P21_ST00153" HPOS="835" VPOS="1981" WIDTH="100" HEIGHT="61" CONTENT="der" WC="0.98" CC="004"/>
						<SP ID="P21_SP00138" HPOS="935" VPOS="2060" WIDTH="39"/>
						<String ID="P21_ST00154" HPOS="974" VPOS="1981" WIDTH="134" HEIGHT="61" CONTENT="Zeit" WC="0.97" CC="7004"/>
						<SP ID="P21_SP00139" HPOS="1108" VPOS="2060" WIDTH="42"/>
						<String ID="P21_ST00155" HPOS="1150" VPOS="1989" WIDTH="54" HEIGHT="52" CONTENT="in" WC="0.54" CC="44"/>
						<SP ID="P21_SP00140" HPOS="1204" VPOS="2060" WIDTH="42"/>
						<String ID="P21_ST00156" HPOS="1246" VPOS="1977" WIDTH="252" HEIGHT="62" CONTENT="Händen" WC="1.00" CC="000000"/>
						<SP ID="P21_SP00141" HPOS="1498" VPOS="2060" WIDTH="51"/>
						<String ID="P21_ST00157" HPOS="1549" VPOS="1976" WIDTH="96" HEIGHT="61" CONTENT="hat" WC="0.96" CC="704"/>
						<SP ID="P21_SP00142" HPOS="1645" VPOS="2060" WIDTH="42"/>
						<String ID="P21_ST00158" HPOS="1687" VPOS="1973" WIDTH="119" HEIGHT="63" CONTENT="und" WC="0.98" CC="050"/>
						<SP ID="P21_SP00143" HPOS="1806" VPOS="2060" WIDTH="41"/>
						<String ID="P21_ST00159" HPOS="1847" VPOS="1971" WIDTH="220" HEIGHT="62" CONTENT="mithilft" WC="0.99" CC="01305733"/>
						<SP ID="P21_SP00144" HPOS="2067" VPOS="2060" WIDTH="40"/>
						<String ID="P21_ST00160" HPOS="2107" VPOS="1994" WIDTH="75" HEIGHT="37" CONTENT="zu" WC="0.46" CC="54"/>
						<SP ID="P21_SP00145" HPOS="2182" VPOS="2060" WIDTH="43"/>
						<String ID="P21_ST00161" HPOS="2225" VPOS="1967" WIDTH="102" HEIGHT="61" CONTENT="der" WC="0.96" CC="056"/>
						<SP ID="P21_SP00146" HPOS="2327" VPOS="2060" WIDTH="41"/>
						<String ID="P21_ST00162" HPOS="2368" VPOS="1966" WIDTH="341" HEIGHT="61" CONTENT="natürlichen" WC="0.99" CC="60205709704"/>
					</TextLine>
					<TextLine ID="P21_TL00018" HPOS="455" VPOS="2057" WIDTH="2256" HEIGHT="94">
						<String ID="P21_ST00163" HPOS="455" VPOS="2076" WIDTH="395" HEIGHT="75" CONTENT="Entwicklung" WC="0.99" CC="63005076000"/>
						<SP ID="P21_SP00147" HPOS="850" VPOS="2151" WIDTH="33"/>
						<String ID="P21_ST00164" HPOS="883" VPOS="2074" WIDTH="99" HEIGHT="62" CONTENT="der" WC="1.00" CC="000"/>
						<SP ID="P21_SP00148" HPOS="982" VPOS="2151" WIDTH="31"/>
						<String ID="P21_ST00165" HPOS="1013" VPOS="2070" WIDTH="331" HEIGHT="65" CONTENT="Tatsachen," WC="0.99" CC="6130000504"/>
						<SP ID="P21_SP00149" HPOS="1344" VPOS="2151" WIDTH="45"/>
						<String ID="P21_ST00166" HPOS="1389" VPOS="2073" WIDTH="175" HEIGHT="59" CONTENT="Dann" WC="0.98" CC="5400"/>
						<SP ID="P21_SP00150" HPOS="1564" VPOS="2151" WIDTH="40"/>
						<String ID="P21_ST00167" HPOS="1604" VPOS="2079" WIDTH="149" HEIGHT="67" CONTENT="trägt" WC="0.98" CC="46004"/>
						<SP ID="P21_SP00151" HPOS="1753" VPOS="2151" WIDTH="32"/>
						<String ID="P21_ST00168" HPOS="1785" VPOS="2090" WIDTH="62" HEIGHT="38" CONTENT="es" WC="1.00" CC="00"/>
						<SP ID="P21_SP00152" HPOS="1847" VPOS="2151" WIDTH="34"/>
						<String ID="P21_ST00169" HPOS="1881" VPOS="2066" WIDTH="111" HEIGHT="61" CONTENT="ihn." WC="0.99" CC="0003"/>
						<SP ID="P21_SP00153" HPOS="1992" VPOS="2151" WIDTH="44"/>
						<String ID="P21_ST00170" HPOS="2036" VPOS="2064" WIDTH="88" HEIGHT="61" CONTENT="Er" WC="0.29" CC="76"/>
						<SP ID="P21_SP00154" HPOS="2124" VPOS="2151" WIDTH="30"/>
						<String ID="P21_ST00171" HPOS="2154" VPOS="2062" WIDTH="217" HEIGHT="61" CONTENT="kommt" WC="1.00" CC="00004"/>
						<SP ID="P21_SP00155" HPOS="2371" VPOS="2151" WIDTH="34"/>
						<String ID="P21_ST00172" HPOS="2405" VPOS="2083" WIDTH="68" HEIGHT="38" CONTENT="so" WC="1.00" CC="00"/>
						<SP ID="P21_SP00156" HPOS="2473" VPOS="2151" WIDTH="36"/>
						<String ID="P21_ST00173" HPOS="2509" VPOS="2057" WIDTH="202" HEIGHT="62" CONTENT="schnell" WC="0.99" CC="0000067"/>
					</TextLine>
					<TextLine ID="P21_TL00019" HPOS="456" VPOS="2153" WIDTH="2256" HEIGHT="86">
						<String ID="P21_ST00174" HPOS="456" VPOS="2170" WIDTH="117" HEIGHT="61" CONTENT="und" WC="1.00" CC="010"/>
						<SP ID="P21_SP00157" HPOS="573" VPOS="2231" WIDTH="42"/>
						<String ID="P21_ST00175" HPOS="615" VPOS="2193" WIDTH="67" HEIGHT="38" CONTENT="so" WC="0.80" CC="03"/>
						<SP ID="P21_SP00158" HPOS="682" VPOS="2231" WIDTH="41"/>
						<String ID="P21_ST00176" HPOS="723" VPOS="2179" WIDTH="135" HEIGHT="51" CONTENT="weit" WC="0.98" CC="0034"/>
						<SP ID="P21_SP00159" HPOS="858" VPOS="2231" WIDTH="39"/>
						<String ID="P21_ST00177" HPOS="897" VPOS="2193" WIDTH="202" HEIGHT="46" CONTENT="voran," WC="0.98" CC="035034"/>
						<SP ID="P21_SP00160" HPOS="1099" VPOS="2239" WIDTH="41"/>
						<String ID="P21_ST00178" HPOS="1140" VPOS="2168" WIDTH="128" HEIGHT="61" CONTENT="weil" WC="0.98" CC="0007"/>
						<SP ID="P21_SP00161" HPOS="1268" VPOS="2239" WIDTH="42"/>
						<String ID="P21_ST00179" HPOS="1310" VPOS="2191" WIDTH="61" HEIGHT="36" CONTENT="er" WC="0.49" CC="45"/>
						<SP ID="P21_SP00162" HPOS="1371" VPOS="2239" WIDTH="40"/>
						<String ID="P21_ST00180" HPOS="1411" VPOS="2165" WIDTH="91" HEIGHT="61" CONTENT="die" WC="0.97" CC="043"/>
						<SP ID="P21_SP00163" HPOS="1502" VPOS="2239" WIDTH="31"/>
						<String ID="P21_ST00181" HPOS="1533" VPOS="2161" WIDTH="460" HEIGHT="65" CONTENT="Leidenschaften" WC="1.00" CC="00100500003341"/>
						<SP ID="P21_SP00164" HPOS="1993" VPOS="2239" WIDTH="42"/>
						<String ID="P21_ST00182" HPOS="2035" VPOS="2168" WIDTH="188" HEIGHT="52" CONTENT="seiner" WC="0.99" CC="004006"/>
						<SP ID="P21_SP00165" HPOS="2223" VPOS="2239" WIDTH="41"/>
						<String ID="P21_ST00183" HPOS="2264" VPOS="2155" WIDTH="134" HEIGHT="62" CONTENT="Zeit" WC="0.98" CC="7003"/>
						<SP ID="P21_SP00166" HPOS="2398" VPOS="2239" WIDTH="33"/>
						<String ID="P21_ST00184" HPOS="2431" VPOS="2154" WIDTH="117" HEIGHT="70" CONTENT="hat," WC="0.98" CC="0063"/>
						<SP ID="P21_SP00167" HPOS="2548" VPOS="2239" WIDTH="43"/>
						<String ID="P21_ST00185" HPOS="2591" VPOS="2153" WIDTH="121" HEIGHT="62" CONTENT="und" WC="1.00" CC="000"/>
					</TextLine>
					<TextLine ID="P21_TL00020" HPOS="458" VPOS="2246" WIDTH="2254" HEIGHT="92">
						<String ID="P21_ST00186" HPOS="458" VPOS="2263" WIDTH="128" HEIGHT="61" CONTENT="weil" WC="0.99" CC="0020"/>
						<SP ID="P21_SP00168" HPOS="586" VPOS="2324" WIDTH="42"/>
						<String ID="P21_ST00187" HPOS="628" VPOS="2272" WIDTH="153" HEIGHT="52" CONTENT="seine" WC="0.99" CC="00500"/>
						<SP ID="P21_SP00169" HPOS="781" VPOS="2324" WIDTH="40"/>
						<String ID="P21_ST00188" HPOS="821" VPOS="2263" WIDTH="272" HEIGHT="75" CONTENT="Leistung" WC="0.99" CC="00306400"/>
						<SP ID="P21_SP00170" HPOS="1093" VPOS="2338" WIDTH="38"/>
						<String ID="P21_ST00189" HPOS="1131" VPOS="2259" WIDTH="358" HEIGHT="62" CONTENT="vervielfacht" WC="0.99" CC="056000750002"/>
						<SP ID="P21_SP00171" HPOS="1489" VPOS="2338" WIDTH="40"/>
						<String ID="P21_ST00190" HPOS="1529" VPOS="2257" WIDTH="144" HEIGHT="62" CONTENT="wird" WC="0.98" CC="0650"/>
						<SP ID="P21_SP00172" HPOS="1673" VPOS="2338" WIDTH="42"/>
						<String ID="P21_ST00191" HPOS="1715" VPOS="2257" WIDTH="168" HEIGHT="61" CONTENT="durch" WC="1.00" CC="00000"/>
						<SP ID="P21_SP00173" HPOS="1883" VPOS="2338" WIDTH="41"/>
						<String ID="P21_ST00192" HPOS="1924" VPOS="2254" WIDTH="92" HEIGHT="60" CONTENT="die" WC="1.00" CC="000"/>
						<SP ID="P21_SP00174" HPOS="2016" VPOS="2338" WIDTH="41"/>
						<String ID="P21_ST00193" HPOS="2057" VPOS="2250" WIDTH="209" HEIGHT="63" CONTENT="Arbeit" WC="0.97" CC="477610"/>
						<SP ID="P21_SP00175" HPOS="2266" VPOS="2338" WIDTH="42"/>
						<String ID="P21_ST00194" HPOS="2308" VPOS="2248" WIDTH="102" HEIGHT="61" CONTENT="der" WC="0.98" CC="006"/>
						<SP ID="P21_SP00176" HPOS="2410" VPOS="2338" WIDTH="38"/>
						<String ID="P21_ST00195" HPOS="2448" VPOS="2246" WIDTH="231" HEIGHT="63" CONTENT="kreißen" SUBS_TYPE="HypPart1" SUBS_CONTENT="kreißenden" WC="0.99" CC="0705006"/>
						<HYP HPOS="2679" VPOS="2246" WIDTH="33" CONTENT="-"/>
					</TextLine>
					<TextLine ID="P21_TL00021" HPOS="460" VPOS="2340" WIDTH="2249" HEIGHT="83">
						<String ID="P21_ST00196" HPOS="460" VPOS="2356" WIDTH="108" HEIGHT="61" CONTENT="den" SUBS_TYPE="HypPart2" SUBS_CONTENT="kreißenden" WC="0.98" CC="004"/>
						<SP ID="P21_SP00177" HPOS="568" VPOS="2417" WIDTH="18"/>
						<String ID="P21_ST00197" HPOS="586" VPOS="2356" WIDTH="366" HEIGHT="61" CONTENT="Menschheit," WC="0.99" CC="06000760242"/>
						<SP ID="P21_SP00178" HPOS="952" VPOS="2417" WIDTH="29"/>
						<String ID="P21_ST00198" HPOS="981" VPOS="2356" WIDTH="60" HEIGHT="61" CONTENT="In" WC="0.86" CC="02"/>
						<SP ID="P21_SP00179" HPOS="1041" VPOS="2417" WIDTH="27"/>
						<String ID="P21_ST00199" HPOS="1068" VPOS="2354" WIDTH="100" HEIGHT="61" CONTENT="der" WC="0.97" CC="006"/>
						<SP ID="P21_SP00180" HPOS="1168" VPOS="2417" WIDTH="16"/>
						<String ID="P21_ST00200" HPOS="1184" VPOS="2352" WIDTH="424" HEIGHT="71" CONTENT="Wissenschaft," WC="1.00" CC="0400600000334"/>
						<SP ID="P21_SP00181" HPOS="1608" VPOS="2423" WIDTH="19"/>
						<String ID="P21_ST00201" HPOS="1627" VPOS="2348" WIDTH="271" HEIGHT="65" CONTENT="vielmehr" WC="0.99" CC="04070006"/>
						<SP ID="P21_SP00182" HPOS="1898" VPOS="2423" WIDTH="24"/>
						<String ID="P21_ST00202" HPOS="1922" VPOS="2357" WIDTH="55" HEIGHT="52" CONTENT="in" WC="0.74" CC="50"/>
						<SP ID="P21_SP00183" HPOS="1977" VPOS="2423" WIDTH="27"/>
						<String ID="P21_ST00203" HPOS="2004" VPOS="2347" WIDTH="130" HEIGHT="60" CONTENT="dem" WC="1.00" CC="000"/>
						<SP ID="P21_SP00184" HPOS="2134" VPOS="2423" WIDTH="18"/>
						<String ID="P21_ST00204" HPOS="2152" VPOS="2340" WIDTH="557" HEIGHT="64" CONTENT="wissenschaftlichen" WC="1.00" CC="020003000033060060"/>
					</TextLine>
					<TextLine ID="P21_TL00022" HPOS="460" VPOS="2434" WIDTH="2253" HEIGHT="93">
						<String ID="P21_ST00205" HPOS="460" VPOS="2450" WIDTH="170" HEIGHT="62" CONTENT="Geist" WC="0.99" CC="50004"/>
						<SP ID="P21_SP00185" HPOS="630" VPOS="2512" WIDTH="33"/>
						<String ID="P21_ST00206" HPOS="663" VPOS="2448" WIDTH="99" HEIGHT="61" CONTENT="des" WC="0.99" CC="010"/>
						<SP ID="P21_SP00186" HPOS="762" VPOS="2512" WIDTH="33"/>
						<String ID="P21_ST00207" HPOS="795" VPOS="2448" WIDTH="417" HEIGHT="79" CONTENT="Jahrhunderts," WC="1.00" CC="4003060005404"/>
						<SP ID="P21_SP00187" HPOS="1212" VPOS="2527" WIDTH="36"/>
						<String ID="P21_ST00208" HPOS="1248" VPOS="2447" WIDTH="171" HEIGHT="62" CONTENT="findet" WC="1.00" CC="000004"/>
						<SP ID="P21_SP00188" HPOS="1419" VPOS="2527" WIDTH="32"/>
						<String ID="P21_ST00209" HPOS="1451" VPOS="2447" WIDTH="106" HEIGHT="60" CONTENT="sich" WC="0.99" CC="0500"/>
						<SP ID="P21_SP00189" HPOS="1557" VPOS="2527" WIDTH="35"/>
						<String ID="P21_ST00210" HPOS="1592" VPOS="2445" WIDTH="100" HEIGHT="62" CONTENT="der" WC="0.98" CC="006"/>
						<SP ID="P21_SP00190" HPOS="1692" VPOS="2527" WIDTH="34"/>
						<String ID="P21_ST00211" HPOS="1726" VPOS="2441" WIDTH="389" HEIGHT="67" CONTENT="Geistesstoff," WC="1.00" CC="0030100073114"/>
						<SP ID="P21_SP00191" HPOS="2115" VPOS="2527" WIDTH="42"/>
						<String ID="P21_ST00212" HPOS="2157" VPOS="2437" WIDTH="131" HEIGHT="61" CONTENT="dem" WC="1.00" CC="000"/>
						<SP ID="P21_SP00192" HPOS="2288" VPOS="2527" WIDTH="34"/>
						<String ID="P21_ST00213" HPOS="2322" VPOS="2434" WIDTH="90" HEIGHT="61" CONTENT="die" WC="1.00" CC="000"/>
						<SP ID="P21_SP00193" HPOS="2412" VPOS="2527" WIDTH="28"/>
						<String ID="P21_ST00214" HPOS="2440" VPOS="2434" WIDTH="273" HEIGHT="79" CONTENT="Schöpfer" WC="0.99" CC="50006406"/>
					</TextLine>
					<TextLine ID="P21_TL00023" HPOS="459" VPOS="2527" WIDTH="2254" HEIGHT="93">
						<String ID="P21_ST00215" HPOS="459" VPOS="2567" WIDTH="117" HEIGHT="36" CONTENT="von" WC="1.00" CC="000"/>
						<SP ID="P21_SP00194" HPOS="576" VPOS="2603" WIDTH="49"/>
						<String ID="P21_ST00216" HPOS="625" VPOS="2565" WIDTH="231" HEIGHT="55" CONTENT="morgen" WC="0.99" CC="060030"/>
						<SP ID="P21_SP00195" HPOS="856" VPOS="2620" WIDTH="50"/>
						<String ID="P21_ST00217" HPOS="906" VPOS="2542" WIDTH="117" HEIGHT="61" CONTENT="ihre" WC="0.97" CC="1660"/>
						<SP ID="P21_SP00196" HPOS="1023" VPOS="2620" WIDTH="47"/>
						<String ID="P21_ST00218" HPOS="1070" VPOS="2540" WIDTH="437" HEIGHT="63" CONTENT="Meisterwerke" WC="1.00" CC="000000600500"/>
						<SP ID="P21_SP00197" HPOS="1507" VPOS="2620" WIDTH="48"/>
						<String ID="P21_ST00219" HPOS="1555" VPOS="2537" WIDTH="340" HEIGHT="65" CONTENT="entnehmen" WC="1.00" CC="040030000"/>
						<SP ID="P21_SP00198" HPOS="1895" VPOS="2620" WIDTH="50"/>
						<String ID="P21_ST00220" HPOS="1945" VPOS="2532" WIDTH="294" HEIGHT="64" CONTENT="werden!«" WC="0.99" CC="03000603"/>
						<SP ID="P21_SP00199" HPOS="2239" VPOS="2620" WIDTH="63"/>
						<String ID="P21_ST00221" HPOS="2302" VPOS="2530" WIDTH="146" HEIGHT="61" CONTENT="Hier" WC="0.97" CC="0607"/>
						<SP ID="P21_SP00200" HPOS="2448" VPOS="2620" WIDTH="49"/>
						<String ID="P21_ST00222" HPOS="2497" VPOS="2537" WIDTH="73" HEIGHT="52" CONTENT="ist" WC="0.97" CC="303"/>
						<SP ID="P21_SP00201" HPOS="2570" VPOS="2620" WIDTH="50"/>
						<String ID="P21_ST00223" HPOS="2620" VPOS="2527" WIDTH="93" HEIGHT="62" CONTENT="die" WC="0.96" CC="064"/>
					</TextLine>
					<TextLine ID="P21_TL00024" HPOS="459" VPOS="2621" WIDTH="2253" HEIGHT="92">
						<String ID="P21_ST00224" HPOS="459" VPOS="2636" WIDTH="131" HEIGHT="61" CONTENT="Idee" WC="1.00" CC="2000"/>
						<SP ID="P21_SP00202" HPOS="590" VPOS="2697" WIDTH="57"/>
						<String ID="P21_ST00225" HPOS="647" VPOS="2636" WIDTH="98" HEIGHT="61" CONTENT="der" WC="0.97" CC="007"/>
						<SP ID="P21_SP00203" HPOS="745" VPOS="2697" WIDTH="40"/>
						<String ID="P21_ST00226" HPOS="785" VPOS="2635" WIDTH="367" HEIGHT="78" CONTENT="Vererbung:" WC="0.99" CC="1060676006"/>
						<SP ID="P21_SP00204" HPOS="1152" VPOS="2713" WIDTH="61"/>
						<String ID="P21_ST00227" HPOS="1213" VPOS="2644" WIDTH="82" HEIGHT="52" CONTENT="sie" WC="0.98" CC="050"/>
						<SP ID="P21_SP00205" HPOS="1295" VPOS="2713" WIDTH="49"/>
						<String ID="P21_ST00228" HPOS="1344" VPOS="2644" WIDTH="70" HEIGHT="52" CONTENT="ist" WC="0.98" CC="004"/>
						<SP ID="P21_SP00206" HPOS="1414" VPOS="2713" WIDTH="49"/>
						<String ID="P21_ST00229" HPOS="1463" VPOS="2634" WIDTH="149" HEIGHT="61" CONTENT="beim" WC="0.99" CC="0040"/>
						<SP ID="P21_SP00207" HPOS="1612" VPOS="2713" WIDTH="50"/>
						<String ID="P21_ST00230" HPOS="1662" VPOS="2649" WIDTH="186" HEIGHT="46" CONTENT="ersten" WC="1.00" CC="000500"/>
						<SP ID="P21_SP00208" HPOS="1848" VPOS="2713" WIDTH="50"/>
						<String ID="P21_ST00231" HPOS="1898" VPOS="2631" WIDTH="301" HEIGHT="63" CONTENT="Hinsehen" WC="0.99" CC="64000700"/>
						<SP ID="P21_SP00209" HPOS="2199" VPOS="2713" WIDTH="57"/>
						<String ID="P21_ST00232" HPOS="2256" VPOS="2624" WIDTH="170" HEIGHT="62" CONTENT="nichts" WC="0.99" CC="600000"/>
						<SP ID="P21_SP00210" HPOS="2426" VPOS="2713" WIDTH="60"/>
						<String ID="P21_ST00233" HPOS="2486" VPOS="2621" WIDTH="82" HEIGHT="62" CONTENT="als" WC="1.00" CC="000"/>
						<SP ID="P21_SP00211" HPOS="2568" VPOS="2713" WIDTH="52"/>
						<String ID="P21_ST00234" HPOS="2620" VPOS="2631" WIDTH="92" HEIGHT="52" CONTENT="ein" WC="0.96" CC="065"/>
					</TextLine>
					<TextLine ID="P21_TL00025" HPOS="459" VPOS="2724" WIDTH="2257" HEIGHT="84">
						<String ID="P21_ST00235" HPOS="459" VPOS="2729" WIDTH="216" HEIGHT="62" CONTENT="Faktor" WC="0.99" CC="200147"/>
						<SP ID="P21_SP00212" HPOS="675" VPOS="2791" WIDTH="40"/>
						<String ID="P21_ST00236" HPOS="715" VPOS="2729" WIDTH="99" HEIGHT="61" CONTENT="der" WC="0.97" CC="007"/>
						<SP ID="P21_SP00213" HPOS="814" VPOS="2791" WIDTH="40"/>
						<String ID="P21_ST00237" HPOS="854" VPOS="2729" WIDTH="504" HEIGHT="61" CONTENT="materialistischen" WC="1.00" CC="00036006003500000"/>
						<SP ID="P21_SP00214" HPOS="1358" VPOS="2791" WIDTH="41"/>
						<String ID="P21_ST00238" HPOS="1399" VPOS="2728" WIDTH="302" HEIGHT="62" CONTENT="Methode." WC="1.00" CC="00000004"/>
						<SP ID="P21_SP00215" HPOS="1701" VPOS="2791" WIDTH="44"/>
						<String ID="P21_ST00239" HPOS="1745" VPOS="2724" WIDTH="254" HEIGHT="66" CONTENT="Therese" WC="0.99" CC="5054500"/>
						<SP ID="P21_SP00216" HPOS="1999" VPOS="2791" WIDTH="32"/>
						<String ID="P21_ST00240" HPOS="2031" VPOS="2729" WIDTH="257" HEIGHT="79" CONTENT="Raquin?" WC="0.66" CC="5035009"/>
						<SP ID="P21_SP00217" HPOS="2288" VPOS="2808" WIDTH="42"/>
						<String ID="P21_ST00241" HPOS="2330" VPOS="2732" WIDTH="97" HEIGHT="62" CONTENT="Sie" WC="0.99" CC="300"/>
						<SP ID="P21_SP00218" HPOS="2427" VPOS="2808" WIDTH="42"/>
						<String ID="P21_ST00242" HPOS="2469" VPOS="2730" WIDTH="121" HEIGHT="64" CONTENT="und" WC="0.98" CC="500"/>
						<SP ID="P21_SP00219" HPOS="2590" VPOS="2808" WIDTH="41"/>
						<String ID="P21_ST00243" HPOS="2631" VPOS="2730" WIDTH="85" HEIGHT="63" CONTENT="ihr" WC="0.98" CC="004"/>
					</TextLine>
					<TextLine ID="P21_TL00026" HPOS="460" VPOS="2823" WIDTH="2256" HEIGHT="81">
						<String ID="P21_ST00244" HPOS="460" VPOS="2823" WIDTH="316" HEIGHT="62" CONTENT="Liebhaber" WC="0.99" CC="010705706"/>
						<SP ID="P21_SP00220" HPOS="776" VPOS="2885" WIDTH="49"/>
						<String ID="P21_ST00245" HPOS="825" VPOS="2823" WIDTH="125" HEIGHT="62" CONTENT="sind" WC="0.98" CC="0240"/>
						<SP ID="P21_SP00221" HPOS="950" VPOS="2885" WIDTH="49"/>
						<String ID="P21_ST00246" HPOS="999" VPOS="2823" WIDTH="464" HEIGHT="71" CONTENT="Menschentiere," WC="1.00" CC="00300700000604"/>
						<SP ID="P21_SP00222" HPOS="1463" VPOS="2894" WIDTH="60"/>
						<String ID="P21_ST00247" HPOS="1523" VPOS="2823" WIDTH="169" HEIGHT="61" CONTENT="nichts" WC="0.99" CC="060050"/>
						<SP ID="P21_SP00223" HPOS="1692" VPOS="2894" WIDTH="50"/>
						<String ID="P21_ST00248" HPOS="1742" VPOS="2832" WIDTH="213" HEIGHT="53" CONTENT="weiter." WC="0.99" CC="0004054"/>
						<SP ID="P21_SP00224" HPOS="1955" VPOS="2894" WIDTH="61"/>
						<String ID="P21_ST00249" HPOS="2016" VPOS="2823" WIDTH="142" HEIGHT="64" CONTENT="Erst" WC="0.96" CC="6603"/>
						<SP ID="P21_SP00225" HPOS="2158" VPOS="2894" WIDTH="50"/>
						<String ID="P21_ST00250" HPOS="2208" VPOS="2826" WIDTH="110" HEIGHT="61" CONTENT="auf" WC="0.96" CC="046"/>
						<SP ID="P21_SP00226" HPOS="2318" VPOS="2894" WIDTH="42"/>
						<String ID="P21_ST00251" HPOS="2360" VPOS="2826" WIDTH="92" HEIGHT="61" CONTENT="die" WC="0.98" CC="050"/>
						<SP ID="P21_SP00227" HPOS="2452" VPOS="2894" WIDTH="45"/>
						<String ID="P21_ST00252" HPOS="2497" VPOS="2826" WIDTH="219" HEIGHT="78" CONTENT="Länge," WC="0.99" CC="003004"/>
					</TextLine>
					<TextLine ID="P21_TL00027" HPOS="461" VPOS="2915" WIDTH="2256" HEIGHT="81">
						<String ID="P21_ST00253" HPOS="461" VPOS="2939" WIDTH="169" HEIGHT="38" CONTENT="wenn" WC="0.98" CC="0430"/>
						<SP ID="P21_SP00228" HPOS="630" VPOS="2977" WIDTH="41"/>
						<String ID="P21_ST00254" HPOS="671" VPOS="2940" WIDTH="132" HEIGHT="37" CONTENT="man" WC="1.00" CC="000"/>
						<SP ID="P21_SP00229" HPOS="803" VPOS="2977" WIDTH="42"/>
						<String ID="P21_ST00255" HPOS="845" VPOS="2916" WIDTH="89" HEIGHT="61" CONTENT="die" WC="1.00" CC="000"/>
						<SP ID="P21_SP00230" HPOS="934" VPOS="2977" WIDTH="43"/>
						<String ID="P21_ST00256" HPOS="977" VPOS="2916" WIDTH="279" HEIGHT="62" CONTENT="erhabene" WC="0.99" CC="45707000"/>
						<SP ID="P21_SP00231" HPOS="1256" VPOS="2978" WIDTH="42"/>
						<String ID="P21_ST00257" HPOS="1298" VPOS="2916" WIDTH="120" HEIGHT="61" CONTENT="und" WC="1.00" CC="100"/>
						<SP ID="P21_SP00232" HPOS="1418" VPOS="2978" WIDTH="38"/>
						<String ID="P21_ST00258" HPOS="1456" VPOS="2915" WIDTH="283" HEIGHT="62" CONTENT="rührende" WC="0.99" CC="60634000"/>
						<SP ID="P21_SP00233" HPOS="1739" VPOS="2978" WIDTH="32"/>
						<String ID="P21_ST00259" HPOS="1771" VPOS="2917" WIDTH="416" HEIGHT="79" CONTENT="Anstrengung" WC="0.99" CC="54012030500"/>
						<SP ID="P21_SP00234" HPOS="2187" VPOS="2996" WIDTH="41"/>
						<String ID="P21_ST00260" HPOS="2228" VPOS="2920" WIDTH="103" HEIGHT="61" CONTENT="des" WC="1.00" CC="000"/>
						<SP ID="P21_SP00235" HPOS="2331" VPOS="2996" WIDTH="33"/>
						<String ID="P21_ST00261" HPOS="2364" VPOS="2920" WIDTH="314" HEIGHT="61" CONTENT="Menschen" SUBS_TYPE="HypPart1" SUBS_CONTENT="Menschengeschlechtes" WC="0.99" CC="00600705"/>
						<HYP HPOS="2678" VPOS="2920" WIDTH="39" CONTENT="-"/>
					</TextLine>
					<TextLine ID="P21_TL00028" HPOS="461" VPOS="3007" WIDTH="2258" HEIGHT="82">
						<String ID="P21_ST00262" HPOS="461" VPOS="3011" WIDTH="360" HEIGHT="78" CONTENT="geschlechtes" SUBS_TYPE="HypPart2" SUBS_CONTENT="Menschengeschlechtes" WC="0.99" CC="000077007340"/>
						<SP ID="P21_SP00236" HPOS="821" VPOS="3089" WIDTH="42"/>
						<String ID="P21_ST00263" HPOS="863" VPOS="3011" WIDTH="292" HEIGHT="78" CONTENT="würdigen" WC="1.00" CC="00003000"/>
						<SP ID="P21_SP00237" HPOS="1155" VPOS="3089" WIDTH="40"/>
						<String ID="P21_ST00264" HPOS="1195" VPOS="3011" WIDTH="169" HEIGHT="71" CONTENT="lernt," WC="0.97" CC="745054"/>
						<SP ID="P21_SP00238" HPOS="1364" VPOS="3089" WIDTH="42"/>
						<String ID="P21_ST00265" HPOS="1406" VPOS="3011" WIDTH="103" HEIGHT="60" CONTENT="das" WC="0.98" CC="060"/>
						<SP ID="P21_SP00239" HPOS="1509" VPOS="3089" WIDTH="43"/>
						<String ID="P21_ST00266" HPOS="1552" VPOS="3034" WIDTH="106" HEIGHT="38" CONTENT="aus" WC="0.98" CC="050"/>
						<SP ID="P21_SP00240" HPOS="1658" VPOS="3089" WIDTH="43"/>
						<String ID="P21_ST00267" HPOS="1701" VPOS="3020" WIDTH="185" HEIGHT="53" CONTENT="seiner" WC="0.98" CC="006407"/>
						<SP ID="P21_SP00241" HPOS="1886" VPOS="3089" WIDTH="40"/>
						<String ID="P21_ST00268" HPOS="1926" VPOS="3007" WIDTH="254" HEIGHT="68" CONTENT="Tierheit" WC="0.99" CC="01020061"/>
						<SP ID="P21_SP00242" HPOS="2180" VPOS="3089" WIDTH="40"/>
						<String ID="P21_ST00269" HPOS="2220" VPOS="3014" WIDTH="122" HEIGHT="61" CONTENT="und" WC="0.96" CC="620"/>
						<SP ID="P21_SP00243" HPOS="2342" VPOS="3089" WIDTH="49"/>
						<String ID="P21_ST00270" HPOS="2391" VPOS="3030" WIDTH="149" HEIGHT="46" CONTENT="trotz" WC="0.97" CC="46206"/>
						<SP ID="P21_SP00244" HPOS="2540" VPOS="3089" WIDTH="42"/>
						<String ID="P21_ST00271" HPOS="2582" VPOS="3015" WIDTH="137" HEIGHT="61" CONTENT="aller" WC="0.97" CC="06706"/>
					</TextLine>
					<TextLine ID="P21_TL00029" HPOS="463" VPOS="3104" WIDTH="2255" HEIGHT="82">
						<String ID="P21_ST00272" HPOS="463" VPOS="3105" WIDTH="349" HEIGHT="70" CONTENT="Klammern," WC="0.99" CC="060000644"/>
						<SP ID="P21_SP00245" HPOS="812" VPOS="3175" WIDTH="42"/>
						<String ID="P21_ST00273" HPOS="854" VPOS="3104" WIDTH="90" HEIGHT="62" CONTENT="die" WC="0.98" CC="040"/>
						<SP ID="P21_SP00246" HPOS="944" VPOS="3175" WIDTH="42"/>
						<String ID="P21_ST00274" HPOS="986" VPOS="3127" WIDTH="61" HEIGHT="39" CONTENT="es" WC="0.95" CC="00"/>
						<SP ID="P21_SP00247" HPOS="1047" VPOS="3175" WIDTH="42"/>
						<String ID="P21_ST00275" HPOS="1089" VPOS="3105" WIDTH="157" HEIGHT="61" CONTENT="darin" WC="0.98" CC="04550"/>
						<SP ID="P21_SP00248" HPOS="1246" VPOS="3175" WIDTH="43"/>
						<String ID="P21_ST00276" HPOS="1289" VPOS="3104" WIDTH="318" HEIGHT="71" CONTENT="festhalten," WC="0.76" CC="60040500504"/>
						<SP ID="P21_SP00249" HPOS="1607" VPOS="3175" WIDTH="43"/>
						<String ID="P21_ST00277" HPOS="1650" VPOS="3106" WIDTH="132" HEIGHT="60" CONTENT="nach" WC="1.00" CC="0000"/>
						<SP ID="P21_SP00250" HPOS="1782" VPOS="3175" WIDTH="43"/>
						<String ID="P21_ST00278" HPOS="1825" VPOS="3106" WIDTH="305" HEIGHT="63" CONTENT="Anderem" WC="1.00" CC="5000000"/>
						<SP ID="P21_SP00251" HPOS="2130" VPOS="3175" WIDTH="42"/>
						<String ID="P21_ST00279" HPOS="2172" VPOS="3106" WIDTH="175" HEIGHT="80" CONTENT="langt:" WC="0.98" CC="406032"/>
						<SP ID="P21_SP00252" HPOS="2347" VPOS="3186" WIDTH="52"/>
						<String ID="P21_ST00280" HPOS="2399" VPOS="3108" WIDTH="77" HEIGHT="61" CONTENT="da" WC="1.00" CC="00"/>
						<SP ID="P21_SP00253" HPOS="2476" VPOS="3186" WIDTH="40"/>
						<String ID="P21_ST00281" HPOS="2516" VPOS="3108" WIDTH="202" HEIGHT="62" CONTENT="ändert" WC="0.99" CC="050041"/>
					</TextLine>
					<TextLine ID="P21_TL00030" HPOS="464" VPOS="3198" WIDTH="2254" HEIGHT="81">
						<String ID="P21_ST00282" HPOS="464" VPOS="3198" WIDTH="90" HEIGHT="62" CONTENT="die" WC="0.99" CC="030"/>
						<SP ID="P21_SP00254" HPOS="554" VPOS="3260" WIDTH="41"/>
						<String ID="P21_ST00283" HPOS="595" VPOS="3198" WIDTH="131" HEIGHT="62" CONTENT="Idee" WC="0.98" CC="3006"/>
						<SP ID="P21_SP00255" HPOS="726" VPOS="3260" WIDTH="40"/>
						<String ID="P21_ST00284" HPOS="766" VPOS="3198" WIDTH="101" HEIGHT="62" CONTENT="der" WC="0.98" CC="006"/>
						<SP ID="P21_SP00256" HPOS="867" VPOS="3260" WIDTH="30"/>
						<String ID="P21_ST00285" HPOS="897" VPOS="3198" WIDTH="344" HEIGHT="77" CONTENT="Vererbung" WC="0.99" CC="006057070"/>
						<SP ID="P21_SP00257" HPOS="1241" VPOS="3275" WIDTH="41"/>
						<String ID="P21_ST00286" HPOS="1282" VPOS="3198" WIDTH="82" HEIGHT="61" CONTENT="ihr" WC="0.95" CC="164"/>
						<SP ID="P21_SP00258" HPOS="1364" VPOS="3275" WIDTH="42"/>
						<String ID="P21_ST00287" HPOS="1406" VPOS="3198" WIDTH="231" HEIGHT="62" CONTENT="Gesicht" WC="0.99" CC="0000074"/>
						<SP ID="P21_SP00259" HPOS="1637" VPOS="3275" WIDTH="41"/>
						<String ID="P21_ST00288" HPOS="1678" VPOS="3199" WIDTH="119" HEIGHT="61" CONTENT="und" WC="1.00" CC="000"/>
						<SP ID="P21_SP00260" HPOS="1797" VPOS="3275" WIDTH="41"/>
						<String ID="P21_ST00289" HPOS="1838" VPOS="3199" WIDTH="119" HEIGHT="62" CONTENT="ihre" WC="0.98" CC="4030"/>
						<SP ID="P21_SP00261" HPOS="1957" VPOS="3275" WIDTH="40"/>
						<String ID="P21_ST00290" HPOS="1997" VPOS="3200" WIDTH="359" HEIGHT="79" CONTENT="Bedeutung," WC="1.00" CC="2000006304"/>
						<SP ID="P21_SP00262" HPOS="2356" VPOS="3279" WIDTH="46"/>
						<String ID="P21_ST00291" HPOS="2402" VPOS="3202" WIDTH="98" HEIGHT="62" CONTENT="Sie" WC="0.98" CC="230"/>
						<SP ID="P21_SP00263" HPOS="2500" VPOS="3279" WIDTH="40"/>
						<String ID="P21_ST00292" HPOS="2540" VPOS="3210" WIDTH="149" HEIGHT="54" CONTENT="inter" SUBS_TYPE="HypPart1" SUBS_CONTENT="interessiert" WC="0.99" CC="60005"/>
						<HYP HPOS="2689" VPOS="3210" WIDTH="29" CONTENT="-"/>
					</TextLine>
					<TextLine ID="P21_TL00031" HPOS="464" VPOS="3292" WIDTH="2254" HEIGHT="81">
						<String ID="P21_ST00293" HPOS="464" VPOS="3301" WIDTH="199" HEIGHT="53" CONTENT="essiert" SUBS_TYPE="HypPart2" SUBS_CONTENT="interessiert" WC="0.99" CC="0000054"/>
						<SP ID="P21_SP00264" HPOS="663" VPOS="3354" WIDTH="45"/>
						<String ID="P21_ST00294" HPOS="708" VPOS="3302" WIDTH="133" HEIGHT="67" CONTENT="jetzt" WC="0.97" CC="74165"/>
						<SP ID="P21_SP00265" HPOS="841" VPOS="3369" WIDTH="47"/>
						<String ID="P21_ST00295" HPOS="888" VPOS="3293" WIDTH="140" HEIGHT="61" CONTENT="nicht" WC="0.98" CC="77001"/>
						<SP ID="P21_SP00266" HPOS="1028" VPOS="3369" WIDTH="51"/>
						<String ID="P21_ST00296" HPOS="1079" VPOS="3292" WIDTH="157" HEIGHT="62" CONTENT="mehr" WC="0.97" CC="6005"/>
						<SP ID="P21_SP00267" HPOS="1236" VPOS="3369" WIDTH="47"/>
						<String ID="P21_ST00297" HPOS="1283" VPOS="3292" WIDTH="133" HEIGHT="62" CONTENT="bloß" WC="0.98" CC="7030"/>
						<SP ID="P21_SP00268" HPOS="1416" VPOS="3369" WIDTH="49"/>
						<String ID="P21_ST00298" HPOS="1465" VPOS="3292" WIDTH="369" HEIGHT="72" CONTENT="medizinisch," WC="0.99" CC="000476160074"/>
						<SP ID="P21_SP00269" HPOS="1834" VPOS="3369" WIDTH="51"/>
						<String ID="P21_ST00299" HPOS="1885" VPOS="3293" WIDTH="250" HEIGHT="63" CONTENT="sondern" WC="0.99" CC="0150060"/>
						<SP ID="P21_SP00270" HPOS="2135" VPOS="3369" WIDTH="49"/>
						<String ID="P21_ST00300" HPOS="2184" VPOS="3297" WIDTH="370" HEIGHT="76" CONTENT="soziologisch" WC="0.99" CC="026616305000"/>
						<SP ID="P21_SP00271" HPOS="2554" VPOS="3373" WIDTH="42"/>
						<String ID="P21_ST00301" HPOS="2596" VPOS="3296" WIDTH="122" HEIGHT="60" CONTENT="und" WC="0.99" CC="020"/>
					</TextLine>
					<TextLine ID="P21_TL00032" HPOS="464" VPOS="3384" WIDTH="2252" HEIGHT="75">
						<String ID="P21_ST00302" HPOS="464" VPOS="3386" WIDTH="307" HEIGHT="71" CONTENT="moralisch," WC="0.99" CC="0470060004"/>
						<SP ID="P21_SP00272" HPOS="771" VPOS="3457" WIDTH="51"/>
						<String ID="P21_ST00303" HPOS="822" VPOS="3386" WIDTH="81" HEIGHT="62" CONTENT="als" WC="1.00" CC="000"/>
						<SP ID="P21_SP00273" HPOS="903" VPOS="3457" WIDTH="51"/>
						<String ID="P21_ST00304" HPOS="954" VPOS="3395" WIDTH="118" HEIGHT="53" CONTENT="eins" WC="0.99" CC="0400"/>
						<SP ID="P21_SP00274" HPOS="1072" VPOS="3457" WIDTH="42"/>
						<String ID="P21_ST00305" HPOS="1114" VPOS="3386" WIDTH="99" HEIGHT="61" CONTENT="der" WC="0.98" CC="006"/>
						<SP ID="P21_SP00275" HPOS="1213" VPOS="3457" WIDTH="46"/>
						<String ID="P21_ST00306" HPOS="1259" VPOS="3384" WIDTH="197" HEIGHT="63" CONTENT="Bande" WC="1.00" CC="20000"/>
						<SP ID="P21_SP00276" HPOS="1456" VPOS="3457" WIDTH="48"/>
						<String ID="P21_ST00307" HPOS="1504" VPOS="3387" WIDTH="277" HEIGHT="61" CONTENT="zwischen" WC="0.99" CC="70200005"/>
						<SP ID="P21_SP00277" HPOS="1781" VPOS="3457" WIDTH="51"/>
						<String ID="P21_ST00308" HPOS="1832" VPOS="3387" WIDTH="110" HEIGHT="62" CONTENT="den" WC="0.98" CC="050"/>
						<SP ID="P21_SP00278" HPOS="1942" VPOS="3457" WIDTH="51"/>
						<String ID="P21_ST00309" HPOS="1993" VPOS="3388" WIDTH="334" HEIGHT="71" CONTENT="Menschen," WC="0.99" CC="005000504"/>
						<SP ID="P21_SP00279" HPOS="2327" VPOS="3459" WIDTH="57"/>
						<String ID="P21_ST00310" HPOS="2384" VPOS="3397" WIDTH="101" HEIGHT="52" CONTENT="mit" WC="0.97" CC="016"/>
						<SP ID="P21_SP00280" HPOS="2485" VPOS="3459" WIDTH="55"/>
						<String ID="P21_ST00311" HPOS="2540" VPOS="3388" WIDTH="176" HEIGHT="61" CONTENT="deren" WC="0.99" CC="00600"/>
					</TextLine>
					<TextLine ID="P21_TL00033" HPOS="464" VPOS="3480" WIDTH="2250" HEIGHT="80">
						<String ID="P21_ST00312" HPOS="464" VPOS="3480" WIDTH="157" HEIGHT="62" CONTENT="Hilfe" WC="0.99" CC="01700"/>
						<SP ID="P21_SP00281" HPOS="621" VPOS="3542" WIDTH="41"/>
						<String ID="P21_ST00313" HPOS="662" VPOS="3490" WIDTH="81" HEIGHT="53" CONTENT="sie" WC="1.00" CC="000"/>
						<SP ID="P21_SP00282" HPOS="743" VPOS="3543" WIDTH="32"/>
						<String ID="P21_ST00314" HPOS="775" VPOS="3490" WIDTH="344" HEIGHT="70" CONTENT="gemeinsam" WC="1.00" CC="000412000"/>
						<SP ID="P21_SP00283" HPOS="1119" VPOS="3560" WIDTH="33"/>
						<String ID="P21_ST00315" HPOS="1152" VPOS="3480" WIDTH="145" HEIGHT="62" CONTENT="ihrer" WC="0.97" CC="36605"/>
						<SP ID="P21_SP00284" HPOS="1297" VPOS="3560" WIDTH="32"/>
						<String ID="P21_ST00316" HPOS="1329" VPOS="3480" WIDTH="251" HEIGHT="62" CONTENT="höheren" WC="0.99" CC="0005600"/>
						<SP ID="P21_SP00285" HPOS="1580" VPOS="3560" WIDTH="32"/>
						<String ID="P21_ST00317" HPOS="1612" VPOS="3481" WIDTH="392" HEIGHT="79" CONTENT="Bestimmung" WC="0.99" CC="3004100350"/>
						<SP ID="P21_SP00286" HPOS="2004" VPOS="3560" WIDTH="41"/>
						<String ID="P21_ST00318" HPOS="2045" VPOS="3481" WIDTH="479" HEIGHT="79" CONTENT="entgegengehen." WC="1.00" CC="03400000000023"/>
						<SP ID="P21_SP00287" HPOS="2524" VPOS="3560" WIDTH="44"/>
						<String ID="P21_ST00319" HPOS="2568" VPOS="3482" WIDTH="146" HEIGHT="62" CONTENT="Von" WC="0.99" CC="002"/>
					</TextLine>
					<TextLine ID="P21_TL00034" HPOS="465" VPOS="3574" WIDTH="2253" HEIGHT="73">
						<String ID="P21_ST00320" HPOS="465" VPOS="3574" WIDTH="102" HEIGHT="62" CONTENT="der" WC="0.98" CC="005"/>
						<SP ID="P21_SP00288" HPOS="567" VPOS="3636" WIDTH="39"/>
						<String ID="P21_ST00321" HPOS="606" VPOS="3575" WIDTH="311" HEIGHT="63" CONTENT="modernen" WC="1.00" CC="03030000"/>
						<SP ID="P21_SP00289" HPOS="917" VPOS="3638" WIDTH="40"/>
						<String ID="P21_ST00322" HPOS="957" VPOS="3575" WIDTH="197" HEIGHT="62" CONTENT="Moral" WC="0.98" CC="00607"/>
						<SP ID="P21_SP00290" HPOS="1154" VPOS="3638" WIDTH="40"/>
						<String ID="P21_ST00323" HPOS="1194" VPOS="3575" WIDTH="98" HEIGHT="62" CONTENT="hat" WC="0.98" CC="004"/>
						<SP ID="P21_SP00291" HPOS="1292" VPOS="3638" WIDTH="41"/>
						<String ID="P21_ST00324" HPOS="1333" VPOS="3575" WIDTH="231" HEIGHT="62" CONTENT="Claude" WC="0.99" CC="070600"/>
						<SP ID="P21_SP00292" HPOS="1564" VPOS="3638" WIDTH="40"/>
						<String ID="P21_ST00325" HPOS="1604" VPOS="3575" WIDTH="273" HEIGHT="72" CONTENT="Bernard," WC="0.68" CC="20533604"/>
						<SP ID="P21_SP00293" HPOS="1877" VPOS="3647" WIDTH="50"/>
						<String ID="P21_ST00326" HPOS="1927" VPOS="3593" WIDTH="179" HEIGHT="45" CONTENT="erster" WC="0.98" CC="060306"/>
						<SP ID="P21_SP00294" HPOS="2106" VPOS="3647" WIDTH="39"/>
						<String ID="P21_ST00327" HPOS="2145" VPOS="3577" WIDTH="249" HEIGHT="61" CONTENT="Meister" WC="0.99" CC="0030604"/>
						<SP ID="P21_SP00295" HPOS="2394" VPOS="3647" WIDTH="50"/>
						<String ID="P21_ST00328" HPOS="2444" VPOS="3576" WIDTH="100" HEIGHT="62" CONTENT="der" WC="0.98" CC="050"/>
						<SP ID="P21_SP00296" HPOS="2544" VPOS="3647" WIDTH="41"/>
						<String ID="P21_ST00329" HPOS="2585" VPOS="3602" WIDTH="89" HEIGHT="36" CONTENT="mo" SUBS_TYPE="HypPart1" SUBS_CONTENT="modernen" WC="0.97" CC="03"/>
						<HYP HPOS="2674" VPOS="3602" WIDTH="44" CONTENT="-"/>
					</TextLine>
					<TextLine ID="P21_TL00035" HPOS="465" VPOS="3669" WIDTH="2254" HEIGHT="81">
						<String ID="P21_ST00330" HPOS="465" VPOS="3669" WIDTH="212" HEIGHT="62" CONTENT="dernen" SUBS_TYPE="HypPart2" SUBS_CONTENT="modernen" WC="0.98" CC="004606"/>
						<SP ID="P21_SP00297" HPOS="677" VPOS="3731" WIDTH="41"/>
						<String ID="P21_ST00331" HPOS="718" VPOS="3670" WIDTH="382" HEIGHT="80" CONTENT="Physiologie," WC="1.00" CC="105022050004"/>
						<SP ID="P21_SP00298" HPOS="1100" VPOS="3750" WIDTH="50"/>
						<String ID="P21_ST00332" HPOS="1150" VPOS="3685" WIDTH="214" HEIGHT="64" CONTENT="gesagt," WC="0.99" CC="0004033"/>
						<SP ID="P21_SP00299" HPOS="1364" VPOS="3750" WIDTH="41"/>
						<String ID="P21_ST00333" HPOS="1405" VPOS="3669" WIDTH="111" HEIGHT="62" CONTENT="daß" WC="1.00" CC="000"/>
						<SP ID="P21_SP00300" HPOS="1516" VPOS="3750" WIDTH="41"/>
						<String ID="P21_ST00334" HPOS="1557" VPOS="3679" WIDTH="82" HEIGHT="52" CONTENT="sie" WC="1.00" CC="000"/>
						<SP ID="P21_SP00301" HPOS="1639" VPOS="3750" WIDTH="42"/>
						<String ID="P21_ST00335" HPOS="1681" VPOS="3669" WIDTH="89" HEIGHT="62" CONTENT="die" WC="0.98" CC="060"/>
						<SP ID="P21_SP00302" HPOS="1770" VPOS="3750" WIDTH="41"/>
						<String ID="P21_ST00336" HPOS="1811" VPOS="3670" WIDTH="295" HEIGHT="62" CONTENT="Ursachen" WC="0.99" CC="77009000"/>
						<SP ID="P21_SP00303" HPOS="2106" VPOS="3750" WIDTH="42"/>
						<String ID="P21_ST00337" HPOS="2148" VPOS="3671" WIDTH="187" HEIGHT="70" CONTENT="suche," WC="0.99" CC="070003"/>
						<SP ID="P21_SP00304" HPOS="2335" VPOS="3750" WIDTH="42"/>
						<String ID="P21_ST00338" HPOS="2377" VPOS="3679" WIDTH="83" HEIGHT="53" CONTENT="sie" WC="1.00" CC="000"/>
						<SP ID="P21_SP00305" HPOS="2460" VPOS="3750" WIDTH="42"/>
						<String ID="P21_ST00339" HPOS="2502" VPOS="3670" WIDTH="217" HEIGHT="64" CONTENT="erkläre" WC="1.00" CC="0600001"/>
					</TextLine>
					<TextLine ID="P21_TL00036" HPOS="466" VPOS="3764" WIDTH="2253" HEIGHT="74">
						<String ID="P21_ST00340" HPOS="466" VPOS="3764" WIDTH="119" HEIGHT="61" CONTENT="und" WC="0.98" CC="600"/>
						<SP ID="P21_SP00306" HPOS="585" VPOS="3825" WIDTH="48"/>
						<String ID="P21_ST00341" HPOS="633" VPOS="3764" WIDTH="108" HEIGHT="62" CONTENT="auf" WC="0.98" CC="005"/>
						<SP ID="P21_SP00307" HPOS="741" VPOS="3826" WIDTH="42"/>
						<String ID="P21_ST00342" HPOS="783" VPOS="3773" WIDTH="82" HEIGHT="53" CONTENT="sie" WC="0.97" CC="070"/>
						<SP ID="P21_SP00308" HPOS="865" VPOS="3826" WIDTH="50"/>
						<String ID="P21_ST00343" HPOS="915" VPOS="3764" WIDTH="282" HEIGHT="64" CONTENT="einwirke." WC="0.99" CC="015005004"/>
						<SP ID="P21_SP00309" HPOS="1197" VPOS="3828" WIDTH="58"/>
						<String ID="P21_ST00344" HPOS="1255" VPOS="3764" WIDTH="97" HEIGHT="64" CONTENT="Sie" WC="0.94" CC="546"/>
						<SP ID="P21_SP00310" HPOS="1352" VPOS="3828" WIDTH="48"/>
						<String ID="P21_ST00345" HPOS="1400" VPOS="3764" WIDTH="170" HEIGHT="64" CONTENT="wolle" WC="0.98" CC="04706"/>
						<SP ID="P21_SP00311" HPOS="1570" VPOS="3828" WIDTH="48"/>
						<String ID="P21_ST00346" HPOS="1618" VPOS="3764" WIDTH="334" HEIGHT="62" CONTENT="bestimmen" WC="0.99" CC="750400000"/>
						<SP ID="P21_SP00312" HPOS="1952" VPOS="3828" WIDTH="51"/>
						<String ID="P21_ST00347" HPOS="2003" VPOS="3764" WIDTH="142" HEIGHT="62" CONTENT="über" WC="0.99" CC="0006"/>
						<SP ID="P21_SP00313" HPOS="2145" VPOS="3828" WIDTH="50"/>
						<String ID="P21_ST00348" HPOS="2195" VPOS="3764" WIDTH="131" HEIGHT="64" CONTENT="Gut" WC="0.99" CC="002"/>
						<SP ID="P21_SP00314" HPOS="2326" VPOS="3828" WIDTH="49"/>
						<String ID="P21_ST00349" HPOS="2375" VPOS="3765" WIDTH="122" HEIGHT="61" CONTENT="und" WC="0.98" CC="060"/>
						<SP ID="P21_SP00315" HPOS="2497" VPOS="3828" WIDTH="46"/>
						<String ID="P21_ST00350" HPOS="2543" VPOS="3765" WIDTH="176" HEIGHT="73" CONTENT="Böse," WC="0.99" CC="40004"/>
					</TextLine>
					<TextLine ID="P21_TL00037" HPOS="464" VPOS="3857" WIDTH="2257" HEIGHT="82">
						<String ID="P21_ST00351" HPOS="464" VPOS="3857" WIDTH="173" HEIGHT="62" CONTENT="wolle" WC="0.97" CC="02745"/>
						<SP ID="P21_SP00316" HPOS="637" VPOS="3919" WIDTH="40"/>
						<String ID="P21_ST00352" HPOS="677" VPOS="3858" WIDTH="106" HEIGHT="64" CONTENT="das" WC="1.00" CC="000"/>
						<SP ID="P21_SP00317" HPOS="783" VPOS="3922" WIDTH="42"/>
						<String ID="P21_ST00353" HPOS="825" VPOS="3868" WIDTH="125" HEIGHT="54" CONTENT="eine" WC="0.99" CC="0230"/>
						<SP ID="P21_SP00318" HPOS="950" VPOS="3922" WIDTH="41"/>
						<String ID="P21_ST00354" HPOS="991" VPOS="3859" WIDTH="236" HEIGHT="80" CONTENT="pflegen," WC="0.99" CC="32200003"/>
						<SP ID="P21_SP00319" HPOS="1227" VPOS="3939" WIDTH="42"/>
						<String ID="P21_ST00355" HPOS="1269" VPOS="3859" WIDTH="104" HEIGHT="63" CONTENT="das" WC="1.00" CC="000"/>
						<SP ID="P21_SP00320" HPOS="1373" VPOS="3939" WIDTH="42"/>
						<String ID="P21_ST00356" HPOS="1415" VPOS="3859" WIDTH="211" HEIGHT="61" CONTENT="andere" WC="0.99" CC="000060"/>
						<SP ID="P21_SP00321" HPOS="1626" VPOS="3939" WIDTH="41"/>
						<String ID="P21_ST00357" HPOS="1667" VPOS="3876" WIDTH="306" HEIGHT="46" CONTENT="ausrotten." WC="0.99" CC="0606106004"/>
						<SP ID="P21_SP00322" HPOS="1973" VPOS="3939" WIDTH="59"/>
						<String ID="P21_ST00358" HPOS="2032" VPOS="3858" WIDTH="145" HEIGHT="64" CONTENT="Und" WC="0.97" CC="700"/>
						<SP ID="P21_SP00323" HPOS="2177" VPOS="3939" WIDTH="41"/>
						<String ID="P21_ST00359" HPOS="2218" VPOS="3859" WIDTH="137" HEIGHT="63" CONTENT="wir?" WC="0.98" CC="0406"/>
						<SP ID="P21_SP00324" HPOS="2355" VPOS="3939" WIDTH="61"/>
						<String ID="P21_ST00360" HPOS="2416" VPOS="3859" WIDTH="170" HEIGHT="63" CONTENT="»Wir" WC="0.98" CC="3003"/>
						<SP ID="P21_SP00325" HPOS="2586" VPOS="3939" WIDTH="41"/>
						<String ID="P21_ST00361" HPOS="2627" VPOS="3884" WIDTH="63" HEIGHT="38" CONTENT="er" SUBS_TYPE="HypPart1" SUBS_CONTENT="erweitern" WC="0.98" CC="06"/>
						<HYP HPOS="2690" VPOS="3884" WIDTH="31" CONTENT="-"/>
					</TextLine>
					<TextLine ID="P21_TL00038" HPOS="465" VPOS="3953" WIDTH="2256" HEIGHT="80">
						<String ID="P21_ST00362" HPOS="465" VPOS="3960" WIDTH="236" HEIGHT="54" CONTENT="weitern" SUBS_TYPE="HypPart2" SUBS_CONTENT="erweitern" WC="0.98" CC="0344454"/>
						<SP ID="P21_SP00326" HPOS="701" VPOS="4014" WIDTH="51"/>
						<String ID="P21_ST00363" HPOS="752" VPOS="3953" WIDTH="92" HEIGHT="63" CONTENT="die" WC="0.99" CC="010"/>
						<SP ID="P21_SP00327" HPOS="844" VPOS="4016" WIDTH="47"/>
						<String ID="P21_ST00364" HPOS="891" VPOS="3953" WIDTH="166" HEIGHT="63" CONTENT="Rolle" WC="0.98" CC="00770"/>
						<SP ID="P21_SP00328" HPOS="1057" VPOS="4016" WIDTH="48"/>
						<String ID="P21_ST00365" HPOS="1105" VPOS="3953" WIDTH="101" HEIGHT="64" CONTENT="der" WC="1.00" CC="000"/>
						<SP ID="P21_SP00329" HPOS="1206" VPOS="4017" WIDTH="47"/>
						<String ID="P21_ST00366" HPOS="1253" VPOS="3953" WIDTH="906" HEIGHT="80" CONTENT="Experimentalwissenschaften," WC="1.00" CC="700153000007030056097000504"/>
						<SP ID="P21_SP00330" HPOS="2159" VPOS="4033" WIDTH="59"/>
						<String ID="P21_ST00367" HPOS="2218" VPOS="3962" WIDTH="107" HEIGHT="54" CONTENT="wir" WC="0.96" CC="044"/>
						<SP ID="P21_SP00331" HPOS="2325" VPOS="4033" WIDTH="48"/>
						<String ID="P21_ST00368" HPOS="2373" VPOS="3953" WIDTH="226" HEIGHT="64" CONTENT="dehnen" WC="0.99" CC="007000"/>
						<SP ID="P21_SP00332" HPOS="2599" VPOS="4033" WIDTH="42"/>
						<String ID="P21_ST00369" HPOS="2641" VPOS="3964" WIDTH="80" HEIGHT="53" CONTENT="sie" WC="0.98" CC="040"/>
					</TextLine>
				</TextBlock>
			</PrintSpace>
		</Page>
	</Layout>
</alto>
