3240 4572
1386 512 236 49 Heinrieß
1651 512 167 49 Mann
1854 536 9 11 -
1903 513 133 48 ZoCa

595 518 122 48 1374

595 705 207 61 mantel
868 705 116 60 und
1047 703 359 73 schmutziges
1473 699 266 61 Geschäft
1793 699 105 61 das
1955 699 319 61 Vaterland
2338 706 84 54 ist.
2498 699 127 61 Das
2684 701 146 64 Volk

595 808 171 51 meint
804 805 98 54 mit
946 797 126 58 dem
1113 793 236 61 Namen
1392 793 99 59 des
1517 792 376 62 Vaterlandes
1938 792 355 77 irgendeinen
2328 800 501 70 uneigennützigen

595 887 228 63 Traum,
883 888 93 61 Sie
1031 885 135 61 aber
1216 884 302 62 berechnen
1569 885 108 60 den
1730 884 249 61 Gewinn
2030 908 104 37 aus
2190 893 180 52 seiner
2434 884 400 80 Begeisterung

596 985 88 58 für
732 983 151 60 ihren
926 981 264 76 Ehrgeiz,
1249 979 118 61 ihre
1407 978 310 71 Habsucht,
1767 979 155 60 ihren
1964 978 426 78 Machthunger.
2451 979 204 60 Hinter
2704 981 128 59 dem

592 1075 191 62 Nebel
822 1082 182 54 seiner
1044 1073 402 78 Begeisterung
1494 1072 251 78 begehen
1795 1081 80 52 sie
1917 1072 115 60 ihre
2073 1072 367 61 Verbrechen,
2501 1072 98 61 Da
2638 1073 194 61 stehen

591 1178 96 62 sie,
744 1176 80 52 sie
882 1167 124 61 sind
1056 1167 139 60 nicht
1245 1167 90 60 die
1376 1166 271 62 Soldaten
1706 1166 98 61 der
1846 1164 393 72 Demokratie,-
2294 1166 118 60 und
2462 1166 74 60 da
2576 1175 80 52 sie
2695 1167 140 61 nicht

591 1261 114 60 ihre
746 1260 273 62 Soldaten
1061 1260 138 70 sind,
1242 1260 126 61 sind
1409 1268 80 53 sie
1529 1259 117 61 ihre
1686 1259 246 61 Henker.
1992 1258 120 62 Nie
2163 1258 227 61 werden
2432 1259 220 61 Führer
2691 1259 145 62 ihrer

590 1354 116 61 Art
746 1363 56 52 in
845 1363 162 52 einen
1049 1354 176 78 Krieg
1265 1354 216 71 ziehen,
1531 1354 108 60 den
1689 1362 80 52 sie
1818 1353 139 60 nicht
1997 1368 186 45 zuerst
2221 1374 102 37 zur
2364 1352 473 80 Unterdrückung

593 1447 98 62 des
750 1457 231 69 eigenen
1023 1448 222 61 Volkes
1296 1447 331 79 angezettelt
1677 1447 207 61 hätten.
1936 1446 147 59 Man
2134 1444 159 61 sollte
2333 1444 191 73 sehen,
2573 1470 123 37 was
2737 1454 99 63 sie,

595 1565 106 37 vor
758 1542 91 60 die
889 1541 172 62 Wahl
1110 1541 231 77 gestellt,
1392 1550 313 68 vorzögen:
1764 1538 432 62 auszuscheiden
2238 1561 103 37 aus
2384 1547 179 51 einem
2605 1538 230 78 großen,

595 1635 174 61 freien
795 1635 337 70 Vaterland,
1174 1636 138 60 oder
1352 1632 556 64 weiterzuherrschen
1951 1632 138 60 über
2130 1641 88 51 ein
2251 1631 274 77 besiegtes
2558 1632 116 60 und
2707 1656 97 37 ver-

595 1727 306 64 kleinertes.
960 1729 99 59 Da
1108 1729 194 61 stehen
1352 1736 80 52 sie
1480 1736 99 52 mit
1618 1727 155 60 ihren
1815 1721 243 66 Tressen
2110 1725 117 61 und
2266 1725 411 61 Helmbüschen
2722 1727 118 60 und

597 1823 249 61 heischen
891 1823 101 59 das
1034 1821 187 78 Opfer
1261 1821 99 61 des
1402 1821 305 61 Menschen
1752 1820 88 61 für
1881 1820 116 60 ihre
2030 1819 174 71 Ehre,
2248 1819 151 61 diese
2432 1820 407 62 Ramschware,

598 1915 89 61 für
727 1915 152 60 ihren
922 1914 403 71 Patriotismus,
1368 1914 191 61 diesen
1602 1913 172 61 Pofel.
1832 1913 156 77 Jesus
2037 1922 69 51 ist
2155 1936 107 37 nur
2312 1913 203 60 einmal
2555 1913 286 61 verurteilt

596 2009 251 72 worden,
908 2008 88 60 für
1044 2017 81 51 sie
1175 2008 103 61 soll
1329 2008 97 60 der
1467 2007 236 61 Mensch
1752 2007 257 61 zweimal
2058 2004 238 64 sterben.
2357 2004 148 79 Mag
2547 2007 132 61 alles
2721 2016 120 51 ein*

596 2115 236 58 stürzen,
877 2101 330 62 Frankreich
1251 2111 123 52 eine
1415 2102 178 60 Beute
1635 2102 99 61 des
1774 2101 447 77 Bürgerkrieges,
2272 2098 103 61 das
2417 2100 320 61 Vaterland
2785 2108 55 53 in

596 2196 187 61 Asche
822 2195 117 62 und
978 2190 358 77 Trümmern,
1382 2195 103 62 das
1527 2195 156 61 Heer
1722 2196 172 60 selbst
1934 2194 233 71 entehrt,
2218 2192 117 60 und
2375 2216 74 37 an
2500 2194 104 62 das
2644 2194 197 61 Kreuz

596 2299 98 52 mit
734 2291 127 60 dem
904 2289 342 75 Gedanken,
1285 2313 171 37 wenn
1498 2314 106 36 nur
1646 2290 97 60 der
1783 2289 169 62 Säbel
1993 2289 193 76 König
2225 2285 192 62 bleibt!

673 2385 187 61 Wäre
910 2409 61 39 es
1023 2409 105 39 uns
1179 2385 308 70 bestimmt,
1538 2407 107 38 aus
1696 2384 211 60 solcher
1954 2378 165 66 Tiefe
2168 2384 136 60 noch
2354 2382 213 61 wieder
2615 2404 73 37 an
2738 2380 103 63 das

598 2478 150 61 Licht
786 2502 75 37 zu
897 2479 307 78 gelangen?
1245 2477 293 62 Vielleicht
1570 2477 127 61 sind
1729 2486 104 50 wir
1865 2500 106 36 nur
2004 2476 201 59 darum
2238 2477 85 61 bis
2357 2474 108 62 auf
2492 2474 108 61 den
2635 2473 211 62 Grund

598 2571 99 62 des
741 2572 270 62 Grauens
1062 2572 321 79 gesunken,
1432 2571 129 61 weil
1611 2570 101 62 das
1758 2570 267 62 Geschick
2072 2571 268 76 tragische
2383 2568 200 62 Größe
2632 2568 212 71 wollte,

597 2674 123 52 eine
771 2666 141 61 über
951 2666 136 61 alles
1136 2665 282 62 erhabene
1453 2663 315 70 Schönheit,
1809 2663 160 61 Buße
2009 2662 155 61 wohl
2206 2663 155 70 auch,
2406 2661 118 61 und
2566 2661 148 61 dank
2756 2661 84 61 ihr

600 2757 90 61 die
714 2759 392 78 Verklärung?
1148 2757 381 79 Ungeheures
1570 2757 193 61 müßte
1805 2756 198 61 freilich
2037 2756 328 78 geschehen,
2408 2755 90 62 die
2531 2756 315 75 Reinigung

601 2850 100 62 der
742 2851 263 63 obersten
1047 2853 213 62 Stellen
1302 2851 99 61 der
1442 2850 599 76 Heeresverwaltung,
2084 2849 89 61 die
2214 2849 485 76 Ausräucherung
2747 2848 101 61 der

600 2945 451 78 Jesuitenschule,
1099 2947 90 61 die
1232 2947 99 61 der
1373 2945 382 61 Generalstab
1797 2953 88 61 ist,
1936 2943 118 61 und
2096 2943 254 61 dahinter
2392 2943 99 61 der
2531 2943 198 60 Kirche
2770 2966 75 37 zu

598 3039 159 70 Leib,
809 3039 148 61 denn
1006 3050 81 50 sie
1137 3039 146 61 steht
1332 3039 274 70 dahinter,
1655 3037 118 62 und
1814 3037 146 61 allen
2009 3037 155 61 ihren
2206 3036 272 71 Kunden,
2528 3036 318 77 Zöglingen

601 3132 118 60 und
761 3131 298 72 Söldnern,
1103 3132 128 62 dem
1272 3156 217 54 ganzen
1531 3132 158 60 Heer
1730 3131 100 61 der
1870 3131 509 68 Verschworenen,
2430 3128 84 61 bis
2557 3138 53 51 in
2652 3137 194 52 seinen

598 3226 188 70 Kern,
836 3226 100 61 der
984 3226 430 61 Unwissenheit
1466 3226 166 61 heißt.
1683 3225 174 61 Nicht
1905 3224 158 61 mehr
2111 3224 118 61 und
2277 3224 140 59 nicht
2465 3231 248 69 weniger
2764 3222 82 60 als

600 3329 125 52 eine
765 3319 383 79 Erneuerung
1195 3319 388 62 Frankreichs!
1745 3318 117 60 und
1904 3326 71 52 ist
2017 3318 117 60 dies
2178 3318 99 59 der
2319 3318 137 60 Sinn
2511 3316 118 61 und
2676 3316 173 61 Aus*

600 3437 146 53 gang
786 3414 101 61 des
929 3414 296 72 lebenden,
1266 3438 138 37 vom
1438 3413 268 62 Schicksal
1739 3414 385 76 geschaffenen
2149 3410 269 71 Werkes,
2454 3410 101 61 das
2591 3412 105 59 sich
2732 3410 117 60 hier

603 3507 72 59 ab
678 3508 243 61 wickelt?
971 3508 152 61 Zola
1164 3508 210 61 konnte
1416 3507 216 61 damals
1675 3507 167 61 nichts
1885 3505 203 72 sehen,
2140 3505 81 61 als
2265 3505 110 60 daß
2426 3528 133 38 zum
2608 3503 241 77 Anfang

603 3599 98 60 der
742 3601 160 61 Buße
944 3611 123 51 eine
1118 3625 150 37 neue
1301 3599 430 64 Schändlichkeit
1771 3599 236 78 geschah
2050 3598 118 61 und
2210 3598 111 61 daß
2362 3597 214 61 wieder
2608 3596 240 77 gelogen

605 3695 185 68 ward,
840 3695 134 61 aber
1021 3705 134 67 jetzt
1203 3705 74 51 im
1326 3695 238 61 Namen
1614 3695 101 61 des
1764 3692 270 62 Mitleids,
2086 3693 123 60 Der
2257 3690 384 76 Unschuldige
2689 3690 160 61 ward

606 3785 312 79 begnadigt.
963 3789 85 59 Er
1089 3789 202 61 bekam
1331 3790 140 58 nicht
1512 3798 119 52 sein
1665 3789 169 61 Recht
1875 3786 118 61 und
2034 3795 156 52 seine
2223 3785 178 68 Ehre,
2442 3806 131 36 man
2615 3782 106 61 ließ
2755 3784 91 59 ihn

609 3899 108 37 nur
771 3878 205 62 laufen.
1044 3880 168 61 Seine
1269 3881 245 60 Mörder
1578 3890 202 68 gingen
1837 3888 197 52 weiter
2089 3886 99 53 mit
2246 3876 144 60 allen
2448 3875 154 61 ihren
2661 3876 188 61 hohen

610 3968 267 63 Würden
925 3980 54 53 in
1021 3973 99 61 der
1161 3974 196 60 Sonne
1399 3974 212 60 umher.
1660 3975 173 59 Dazu
1882 3973 122 61 also
2049 3972 89 61 die
2180 3969 491 62 übermenschliche
2712 3970 137 61 An*
