3218 4572
688 461 125 53 1318

1476 475 237 52 Heinrieß
1740 479 168 51 Mann
1942 507 10 11 •

684 665 108 56 tut,
841 675 123 38 was
1013 654 107 61 alle
1161 656 233 73 wollen,
1446 660 117 61 und
1613 661 110 63 daß
1773 666 75 60 ich
1898 692 108 38 nur
2053 678 352 75 ausspreche,
2447 705 122 38 was
2621 686 83 61 ihr
2744 691 166 61 schon

679 743 140 61 seid.
861 744 269 62 Dennodi
1171 755 72 52 ist
1283 748 116 63 dies
1444 768 179 47 etwas
1665 755 392 69 Vereinzeltes
2100 767 117 61 und
2258 768 287 67 Sdiweres
2583 824 10 11 ,
2634 825 10 12 .
2683 805 46 33 .«
2774 782 133 64 Sein

678 834 145 62 Blick
879 839 217 60 vertieft
1150 842 124 61 sich,
1326 843 434 84 Vorahnungen
1820 853 434 70 durchrauschen
2311 863 121 74 ihn,
2488 891 115 38 von
2660 871 247 67 Werken

677 927 150 62 ohne
872 929 258 77 gleichen,
1181 933 171 64 deren
1393 938 155 63 Held
1598 942 118 64 dies
1758 945 153 64 Paris
1962 960 118 52 sein
2131 956 160 70 wird,
2348 959 155 63 diese
2542 962 152 74 Zeit,
2752 966 155 65 diese

674 1018 381 78 Menschheit,-
1110 1026 171 63 deren
1332 1032 267 75 größerer
1647 1037 155 64 Held
1852 1041 88 61 die
1989 1045 209 63 Arbeit
2252 1060 118 52 sein
2420 1056 159 72 wird,
2638 1058 90 62 die
2767 1061 94 61 An-

669 1128 305 64 strengung
1013 1129 301 63 vorwärts,
1357 1125 291 65 aufwärts.
1690 1130 88 62 Er
1817 1135 142 61 wird
1992 1145 82 54 sie
2106 1141 106 60 sich
2254 1144 323 80 auferlegen
2612 1152 117 61 und
2762 1155 142 61 wird

665 1213 83 52 sie
789 1205 165 63 ihnen
994 1210 343 83 auferlegen,
1379 1227 83 52 sie
1502 1221 178 63 sollen
1722 1225 112 63 ihm
1876 1228 186 79 folgen
2099 1281 104 15 ...
2246 1235 141 64 Und
2420 1263 105 40 aus
2560 1242 108 63 den
2702 1246 199 64 heißen

667 1299 302 63 Gesichten
1011 1303 100 63 des
1153 1307 282 82 Jünglings
1486 1313 293 67 hernieder
1830 1323 161 62 senkt
2039 1327 106 60 sich
2197 1328 230 65 feierlich
2479 1345 53 50 in
2580 1348 121 53 sein
2743 1342 160 62 Herz

662 1390 102 63 das
801 1393 308 66 Gewissen
1153 1409 152 54 einer
1338 1404 505 88 Verantwortung,
1877 1416 90 62 die
2000 1417 273 84 Sendung
2305 1435 151 53 einer
2487 1428 408 70 Führerschaft.

660 1486 88 59 Er
789 1487 115 61 läßt
945 1489 90 63 die
1077 1492 273 66 Muskeln
1390 1510 185 53 seines
1617 1505 221 62 starken
1873 1509 254 81 Körpers
2170 1517 230 78 spielen,
2442 1544 61 38 er
2542 1540 225 49 stemmt
2808 1530 89 62 die

660 1582 342 76 viereckigen
1054 1585 286 66 Schultern
1397 1616 176 55 gegen
1631 1608 160 52 einen
1832 1601 190 64 Druck
2071 1632 116 38 von
2248 1611 169 73 oben,
2470 1625 157 54 seine
2682 1620 213 65 breiten

659 1671 213 64 Hände
919 1677 212 75 greifen
1186 1705 94 49 zu,
1321 1694 110 52 wie
1488 1690 130 60 nach
1670 1691 127 63 dem
1845 1694 267 81 Inbegriff
2158 1702 100 63 des
2299 1705 252 78 Lebens,-
2605 1713 290 66 forschend

660 1765 120 60 und
820 1768 244 76 planend
1116 1774 217 62 umfaßt
1382 1802 61 37 er
1491 1792 96 52 mit
1637 1784 107 62 den
1796 1788 213 79 Augen
2060 1796 280 63 nochmals
2389 1801 129 62 dort
2565 1822 173 46 unten
2789 1809 103 63 das

658 1867 169 53 weite
870 1860 211 64 Gebiet
1121 1876 183 53 seiner
1345 1870 269 68 Zukunft,
1660 1877 132 63 Sein
1832 1881 145 63 Blick
2027 1895 71 52 ist
2137 1890 148 60 sanft
2326 1895 116 59 und
2490 1896 164 63 durch
2696 1900 158 64 Kurz-

656 1953 300 77 sichtigkeit
989 1962 281 74 ungewiß,
1304 1973 118 54 sein
1449 1967 192 65 Mund
1672 1973 333 66 schmollend
2038 1990 109 52 wie
2180 1983 89 61 bei
2296 1995 180 55 einem
2502 1990 261 77 Knaben,
2791 1996 101 62 der

653 2043 307 65 Ausdruck
1003 2069 170 53 ernst,
1217 2057 241 80 unruhig
1491 2063 115 60 und
1638 2063 376 79 bekümmert,-
2159 2076 137 62 aber
2329 2079 118 63 dies
2481 2091 70 53 ist
2583 2085 100 61 der
2714 2088 173 63 kurze

650 2137 234 64 Schädel
924 2152 98 51 mit
1063 2145 108 62 den
1225 2151 146 60 rund
1413 2155 117 60 und
1577 2180 186 55 genau
1813 2169 474 72 angewachsenen
2337 2174 235 65 Haaren
2621 2182 118 61 und
2787 2183 100 62 der

650 2241 415 71 eigensinnigen
1124 2239 171 72 Stirn,
1354 2244 242 66 Zeichen
1655 2260 151 54 einer
1862 2255 210 76 Rasse,-
2127 2262 117 63 dies
2302 2268 135 60 auch
2495 2269 84 62 ihr
2635 2273 231 65 Gesicht

648 2321 429 84 Marmorglätte
1136 2334 117 61 und
1313 2337 189 64 leichte
1559 2343 412 81 Erregbarkeit.
2031 2353 143 64 Hier
2229 2367 70 52 ist
2347 2361 100 62 der
2485 2359 205 83 Typus
2729 2378 155 68 jener

645 2417 522 81 Menschenführer,
1210 2427 90 63 die
1341 2455 136 39 vom
1511 2434 339 68 Mittelmeer
1883 2442 376 81 herkommen,
2305 2453 206 75 Cäsar,
2545 2458 314 72 Napoleon

645 2508 312 67 Garibaldi,
1011 2516 179 63 Diese
1230 2523 126 61 sind
1398 2526 168 73 stark,
1609 2542 185 69 wenig
1843 2535 188 75 heiter,
2083 2542 136 61 aber
2257 2569 114 38 von
2413 2571 242 42 warmer
2694 2513 185 105 Seele!

805 2606 183 62 Taten
1031 2611 125 61 sind
1197 2616 312 75 machtvoll,
1552 2624 117 61 und
1709 2625 117 63 ihre
1860 2629 299 67 Phantasie
2207 2638 93 60 eilt
2347 2649 194 55 immer
2582 2645 138 62 über
2760 2649 116 62 ihre

640 2691 185 67 Taten
867 2698 221 67 hinaus.
1143 2705 96 63 Sie
1281 2709 160 78 legen
1486 2714 99 62 der
1625 2716 164 65 Welt
1836 2723 117 62 ihre
1992 2725 195 65 Macht
2233 2733 116 71 auf,
2398 2738 184 75 gewiß
2631 2765 96 38 um
2776 2743 100 62 der

640 2791 194 60 Macht
874 2794 207 72 willen,
1123 2799 135 62 aber
1298 2805 136 60 auch
1478 2831 133 39 zum
1651 2810 189 65 Ruhm
1882 2825 151 54 einer
2071 2820 149 65 Idee.
2264 2824 98 64 Sie
2401 2831 126 59 sind
2567 2831 304 78 Eroberer,

637 2883 118 59 und
789 2883 148 63 dann
964 2888 419 70 Zivilisatoren,
1421 2898 96 62 Sie
1552 2902 199 64 führen
1787 2908 89 62 die
1901 2911 328 78 Menschen,
2260 2928 111 52 wie
2401 2923 155 75 jeder
2587 2935 82 53 sie
2702 2886 169 116 führt!

637 2977 165 59 durch
830 2978 244 66 Wirrnis
1110 2987 115 61 und
1258 2989 244 77 Leiden,-
1542 2996 136 63 aber
1717 3010 81 52 sie
1838 3003 262 78 glauben,
2142 3010 110 62 daß
2285 3022 81 52 sie
2406 3025 82 53 sie
2520 3043 132 38 zum
2687 3021 182 65 Glück

636 3073 202 57 fuhren
926 3120 14 14 .
971 3123 13 11 .
1026 3074 122 64 Der
1196 3088 170 72 junge
1416 3085 223 66 Führer
1688 3110 165 46 unter
1900 3107 209 54 seinem
2160 3102 584 85 Mansardenfenster,
2794 3125 74 54 im

628 3166 312 72 Angesicht
964 3191 115 37 von
1096 3170 174 73 Paris,
1302 3177 148 61 1860
1476 3189 53 52 in
1557 3191 151 55 einer
1733 3186 521 84 Schicksalsstunde,
2279 3200 221 65 schließt
2525 3205 89 62 die
2629 3208 214 73 Augen

627 3256 200 75 spricht
875 3283 107 37 vor
1030 3265 105 58 sich
1186 3265 117 63 hin.
1357 3270 188 66 Emile
1592 3278 169 75 Zola,
1920 3284 226 77 lauscht,
2197 3293 118 61 und
2362 3299 215 61 möchte
2625 3321 239 56 erraten,

625 3358 77 49 ob
744 3372 68 38 so
855 3358 91 54 die
991 3358 160 59 Weit
1191 3368 144 53 einst
1376 3363 258 67 lausdien
1676 3374 158 62 wird.

1558 3541 372 68 ARBEIT

697 3626 88 62 Er
832 3640 109 52 tritt
989 3642 54 53 in
1095 3637 108 62 den
1244 3640 220 82 Verlag
1504 3647 269 66 Hachette
1817 3664 88 52 ein
1948 3660 117 60 und
2106 3664 142 61 wird
2287 3665 90 62 bei
2418 3668 100 60 der
2556 3670 264 65 Reklame-

617 3741 37 36 -3
946 3725 36 62 k
1443 3763 123 38 was
1617 3765 61 38 er
1727 3745 83 62 als
1852 3748 341 85 Förderung
2233 3758 335 75 anerkennt,-
2607 3763 145 63 denn
2794 3791 61 38 er

620 3819 165 64 wem,
808 3819 88 58 für
922 3820 91 61 ihn
1041 3822 150 64 heißt
1217 3850 80 49 es,
1316 3853 116 39 von
1460 3853 172 44 unten
1660 3838 446 85 hinaufdrängen
2133 3849 117 60 und
2276 3852 138 59 nicht
2437 3857 414 75 verschmähen,

616 3908 137 57 auch
790 3908 108 62 den
932 3913 221 64 Betrieb
1189 3920 97 61 der
1310 3923 284 66 Literatur
1625 3955 75 36 zu
1735 3933 271 74 erlernen,
2038 3938 181 62 bevor
2250 3963 60 39 er
2342 3944 105 59 sich
2481 3944 173 66 ihrem
2682 3951 169 64 Geist
