3266 4572
1339 507 155 48 Hans
1531 506 292 49 Gatßmann
1858 529 10 11 •
1904 503 284 60 Baßnfaßrt

664 511 120 47 1392

664 698 126 59 frißt
829 695 95 70 du,
964 709 290 62 gespannt,
1294 701 99 51 mit
1432 691 376 60 halboifenem
1850 690 194 60 Mund
2085 689 91 61 die
2217 689 234 62 Zeilen?
2490 691 146 69 Ach,
2670 691 79 61 du
2782 693 105 61 be®

661 789 217 61 rausdit
933 788 111 58 dich
1101 808 72 37 an
1225 784 127 60 dem
1395 783 181 59 Mord
1624 792 99 50 mit
1770 782 451 71 Handbomben,
2270 783 101 59 der
2420 783 160 72 Qual
2630 784 100 61 der
2770 809 116 37 von

663 882 290 61 Granaten
993 878 259 76 tagelang
1291 874 497 62 Überschütteten?
1821 875 402 78 Wochentags,
2259 877 270 71 Elender,
2565 878 203 77 hängst
2809 879 78 61 du

660 973 137 61 über
837 972 125 61 dein
1002 969 125 61 Pult
1165 969 234 77 gebückt
1431 968 118 61 und
1581 968 171 61 baust
1784 968 243 71 Zahlen,
2060 968 243 71 Zahlen,
2338 969 110 61 den
2480 971 180 62 Inhalt
2693 972 193 61 deines

656 1066 238 69 Lebens,
919 1065 191 59 deiner
1134 1062 183 70 Seele,
1350 1071 54 51 in
1439 1061 281 61 sauberen
1752 1061 217 62 Reihen
2004 1086 106 37 vor
2143 1062 84 61 dir
2260 1063 117 61 auf.
2422 1063 148 63 Nun
2597 1065 290 61 berauscht

654 1160 104 61 sich
809 1157 161 61 deine
1017 1156 147 61 leere
1212 1155 167 62 Seele
1427 1179 92 37 am
1567 1151 134 65 Tod
1750 1155 99 62 der
1898 1156 273 71 Massen,
2220 1180 73 37 an
2352 1157 109 61 den
2509 1159 378 61 Abenteuern

654 1267 161 45 unter
853 1248 127 62 dem
1021 1249 222 70 Meere,
1276 1264 168 61 saugt
1475 1248 106 61 sich
1614 1248 115 61 voll
1762 1272 117 37 von
1914 1248 128 62 dem
2075 1249 165 61 Blute
2270 1274 75 36 zu
2372 1246 349 66 Tausenden
2761 1251 126 61 hin*

651 1343 285 79 gemähter
966 1342 241 77 Nigger,
1239 1342 151 61 säuft
1423 1350 55 53 in
1510 1350 244 70 gierigen
1788 1343 207 77 Zügen
2029 1343 102 61 das
2150 1344 131 60 Blut
2314 1344 99 61 der
2439 1347 447 75 vorgeschickten

651 1436 179 69 Inder,
871 1434 101 61 das
998 1434 131 61 Blut
1167 1434 381 71 zerfleischter,
1580 1436 453 61 verstümmelter
2063 1436 242 78 Körper,
2339 1437 141 61 Halt
2504 1446 89 52 ein
2626 1447 99 52 mit
2757 1437 130 62 dem

650 1530 207 60 Lesen!
915 1528 178 60 Blicke
1132 1551 106 37 aus
1280 1527 129 61 dem
1449 1528 266 61 Fenster!
1759 1528 124 62 Der
1922 1530 249 60 Himmel
2213 1530 216 71 strahlt,
2472 1530 90 62 die
2602 1531 285 77 Ewigkeit

651 1621 231 62 dunkler
914 1621 244 62 Wälder
1196 1622 221 61 rauscht
1464 1622 268 71 Frieden,
1775 1622 92 62 die
1914 1622 177 62 Liebe
2141 1632 154 52 eines
2344 1625 220 61 Kindes
2613 1649 74 37 zu
2736 1635 151 52 einer

647 1715 218 71 Blume,
906 1715 323 61 erschüttert
1268 1724 83 52 sie
1393 1716 115 60 dich
1550 1717 141 59 nicht
1731 1715 397 77 grenzenloser
2168 1716 85 61 als
2278 1712 133 66 Tod
2455 1717 118 61 und
2613 1719 273 62 Schlacht?

650 1809 228 77 Jauchze
925 1817 73 52 im
1049 1808 193 61 Leben
1291 1808 101 62 der
1437 1809 404 77 gesammelten
1881 1810 245 60 Bäuerin
2185 1809 181 62 hinter
2415 1810 128 62 dem
2592 1811 176 78 Pflug,
2811 1822 75 50 im

650 1903 277 61 schweren
971 1900 174 79 Gang
1201 1902 102 61 der
1357 1903 297 77 trächtigen
1695 1902 194 71 Kühe,
1948 1903 230 61 erblicke
2211 1903 391 79 Verheißung,
2660 1907 226 75 jauchze

650 2005 72 52 im
779 1994 237 78 Gesang
1078 1994 100 63 der
1240 1994 219 63 Kinder
1530 2005 75 52 im
1662 1994 180 63 hellen
1903 1996 395 62 Schulzimmer
2362 2020 107 38 vor
2533 1997 130 62 dem
2735 1998 151 62 alten

649 2088 205 63 Lehrer
898 2119 63 16 >—

725 2182 161 61 Höre
925 2181 119 71 auf,
1084 2205 137 38 vom
1253 2177 135 66 Tod
1427 2181 102 62 der
1563 2179 349 66 Tausenden
1953 2208 75 37 zu
2068 2184 155 61 lesen
2376 2177 63 84 —•
2486 2184 290 77 Vergehst
2808 2184 78 62 du

649 2276 137 61 nicht
831 2285 55 51 in
925 2271 229 65 Tränen
1205 2275 118 61 und
1364 2275 341 72 Wimmern,
1748 2275 116 62 dich
1915 2276 333 63 krümmend
2297 2278 141 61 über
2488 2278 90 61 die
2627 2278 259 62 Schmach

649 2368 99 62 des
788 2368 414 71 Sichmordens,
1244 2392 59 47 o,
1338 2368 243 62 fremder
1615 2368 282 62 Gefährte
1939 2369 99 62 der
2070 2369 180 61 Fahrt
2282 2370 166 61 durch
2481 2369 210 62 Felder
2723 2387 164 44 unter

649 2460 125 63 dem
814 2459 268 73 Himmel,
1124 2460 156 61 weht
1320 2460 115 61 dich
1478 2462 372 61 Bruderatem
1892 2463 140 61 nicht
2072 2463 332 62 fürchterlich
2446 2464 105 60 an?

722 2554 253 61 Braunes
1007 2553 305 73 Mädchen,
1345 2554 218 61 braune
1595 2556 289 70 Mäherin,
1919 2556 75 61 da
2025 2556 110 62 bist
2168 2556 78 61 du
2279 2556 214 62 wieder
2519 2558 118 60 und
2662 2556 222 63 winkst.

646 2646 173 62 Halte
851 2656 106 62 ein,
990 2647 154 79 Zug,
1178 2648 174 61 halte!
1489 2650 206 59 —Du
1722 2650 208 71 Ferne,
1964 2650 79 61 du
2076 2650 177 77 Junge
2286 2659 73 52 im
2386 2650 192 62 Schlaf
2602 2650 100 61 der
2734 2650 151 62 alten

646 2740 222 71 Möbel,
906 2764 169 38 wenn
1117 2741 78 61 du
1238 2741 128 62 dein
1408 2741 156 62 Kind
1605 2742 176 63 stillst.
1842 2744 148 70 Ach,
2032 2744 75 59 ich
2159 2744 216 61 möchte
2423 2744 133 61 mich
2607 2744 109 61 auf
2762 2753 124 52 eine

650 2833 195 62 Garbe
877 2834 158 79 legen
1068 2835 119 61 und
1219 2859 117 38 von
1371 2835 202 62 deinen
1607 2839 232 60 nackten
1872 2836 257 61 braunen
2161 2836 225 61 Armen
2420 2845 54 52 in
2508 2836 109 63 den
2651 2836 234 78 Wagen

647 2927 254 77 gehoben
942 2928 117 61 und
1098 2928 362 79 eingefahren
1502 2929 253 62 werden.
1816 2930 82 60 Ich
1949 2932 216 59 möchte
2215 2930 129 61 dein
2385 2930 124 61 Bett
2549 2930 195 70 sehen,
2795 2932 91 59 die

647 3018 389 63 himmelblaue
1077 3022 190 61 Decke
1308 3023 141 61 über
1488 3023 241 61 weißem
1770 3023 235 62 Linnen.
2057 3024 114 61 Die
2212 3023 239 61 Blumen
2502 3047 92 38 am
2644 3023 242 64 Fenster

647 3112 164 62 beten
852 3113 113 61 dich
1007 3139 91 48 an,
1131 3140 169 37 wenn
1334 3116 79 61 du
1446 3126 74 52 im
1554 3117 457 79 unbegreiflichen
2044 3117 427 79 Überschwang
2503 3117 99 61 der
2629 3117 257 62 Gefühle

647 3205 162 62 deine
856 3208 326 61 starrenden
1232 3210 205 61 Brüste
1486 3210 358 62 allabendlich
1900 3235 109 37 vor
2065 3210 129 62 dem
2253 3210 224 78 Spiegel
2535 3210 346 62 betrachtest.

645 3299 81 61 Ich
767 3301 146 61 weiß
955 3301 89 62 die
1075 3302 331 78 Bewegung
1446 3304 194 61 deines
1681 3304 257 62 braunen
1971 3305 224 70 Beines,
2221 3328 169 38 wenn
2424 3304 79 62 du
2536 3305 131 61 aufs
2700 3305 184 76 Lager

646 3400 217 69 steigst,
911 3394 102 61 das
1064 3395 262 61 Strecken
1383 3395 99 61 der
1530 3396 282 63 Schenkel-
1872 3396 113 61 Als
2037 3396 100 63 des
2188 3396 320 63 Kuhhirten
2556 3398 146 59 Blick
2750 3421 134 36 zum

646 3502 184 44 ersten
863 3487 163 62 Male
1068 3512 72 37 an
1183 3490 192 60 deiner
1414 3490 220 61 runden
1667 3490 182 61 Hüfte
1888 3515 258 47 zerrann,
2188 3516 123 37 was
2354 3492 247 59 dachtest
2641 3490 97 70 du,
2772 3499 112 52 wie

647 3600 59 38 er
753 3578 179 62 neben
981 3581 84 61 dir
1112 3581 92 78 lag
1252 3583 118 61 und
1419 3583 91 61 die
1559 3583 259 62 Flamme
1875 3595 186 52 seines
2110 3584 210 61 Blickes
2380 3584 114 60 dich
2543 3582 340 79 verschlang,

647 3671 205 75 gerade
900 3696 71 37 an
1023 3673 109 61 den
1181 3676 213 77 Jungen
1445 3700 107 37 aus
1610 3676 130 62 dem
1788 3677 482 70 Nachbarhause,
2329 3677 99 61 der
2485 3676 81 60 oft
2622 3685 55 51 in
2734 3676 149 62 allzu

649 3760 224 62 kurzem
922 3765 193 61 Hemd
1164 3766 98 61 der
1310 3767 220 61 Mutter
1580 3769 214 71 entlief,
1845 3770 109 60 auf
1996 3770 109 61 den
2155 3770 134 60 Hof
2329 3785 199 43 rannte
2585 3769 120 61 und
2763 3770 120 61 fiel?

650 3852 137 61 Wie
829 3855 76 61 du
947 3857 93 60 ihn
1082 3859 150 61 dann
1281 3861 105 60 auf
1392 3860 186 72 hobst,
1620 3871 155 52 seine
1823 3863 181 60 Blöße
2053 3863 148 60 sanft
2250 3861 339 71 zudecktest,
2631 3887 74 36 an
2754 3863 129 62 dein

651 3944 156 61 Herz
854 3946 325 64 liebkosend
1228 3950 274 64 drücktest
1550 3954 118 60 und
1710 3954 94 61 ihn
1856 3954 101 61 der
2005 3954 220 61 Mutter
2272 3953 407 79 wiedergabst?
2728 3955 153 62 Was
