3307 4572
1646 577 218 50 Gfossen

619 591 126 53 1404

620 778 224 50 zwischen
885 776 93 50 ihm
1018 770 96 52 und
1146 775 72 46 ein
1259 785 115 45 paar
1407 765 182 51 Cölner
1628 764 113 50 oder

624 854 330 51 Düsseldorfer
986 849 112 51 oder
1118 846 300 60 Hamburger
1437 844 200 56 Herren,
1668 841 75 50 die

621 939 63 43 im
692 931 408 50 Weinrestaurant
1109 925 141 60 lustig
1259 921 216 51 drauflos
1484 920 259 56 eroberten,

619 1013 77 47 für
719 1010 74 48 die
822 1008 86 49 alle
934 1002 319 53 anstoßenden
1277 1001 202 50 Gebiete
1500 1016 88 33 nur
1614 999 130 49 mehr

619 1098 134 39 unter
784 1084 103 51 dem
912 1080 363 62 Gesichtspunkt
1302 1079 81 50 der
1405 1076 339 59 Besitznahme,

620 1162 175 53 fremde
817 1161 161 50 Städte
1010 1178 89 31 nur
1131 1178 80 30 um
1244 1162 67 46 sie
1333 1157 141 60 lustig
1495 1160 84 44 mit
1598 1155 146 49 Born«

625 1242 89 51 bcn
747 1259 60 32 zu
827 1240 250 56 bewerfen,
1108 1236 176 51 fremde
1306 1236 245 50 Nationen
1576 1234 70 49 als
1669 1251 76 32 er*

626 1319 157 62 ledigt,
814 1316 200 51 fremdes
1038 1315 105 51 Gut
1174 1333 90 31 nur
1296 1314 166 49 behufs
1494 1311 253 51 Einbezie*

619 1397 128 61 hung
780 1415 60 31 zu
873 1395 260 51 betrachten
1166 1411 173 32 waren.
1373 1392 71 50 Er
1467 1391 111 51 aber
1599 1395 65 44 sei
1687 1389 62 49 da

623 1476 397 61 aufgesprungen:
1065 1471 144 51 »Sind
1249 1471 85 50 das
1373 1471 75 48 die
1480 1470 162 56 Leute,
1674 1469 74 49 für

620 1554 75 49 die
724 1557 89 45 wir
844 1551 185 61 siegen?
1061 1550 145 49 Dann
1239 1549 104 50 sind
1363 1554 47 56 ja
1432 1546 315 61 Niederlagen

619 1632 153 56 not!«,
795 1630 121 49 habe
939 1648 47 30 er
1009 1629 111 49 nach
1136 1629 259 58 Aussagen
1418 1631 123 56 jener
1566 1625 183 49 Herren

621 1714 117 44 »wie
771 1712 75 46 ein
875 1709 280 48 Besessener
1175 1705 246 62 gebrüllt«,
1453 1702 148 51 sodaß
1640 1720 108 32 man

618 1805 49 33 es
709 1791 47 46 in
798 1786 119 50 allen
958 1785 366 49 Nebenräumen
1372 1782 146 50 hören
1557 1781 190 49 konnte.

620 1865 222 51 Dennoch
892 1864 162 49 wurde
1103 1862 73 50 die
1217 1860 141 50 Sache
1396 1858 257 59 vertuscht,
1701 1876 48 32 er

625 1942 97 61 galt
756 1941 67 50 als
865 1946 73 45 ein
971 1938 280 63 glänzender
1273 1937 213 57 Offizier,
1518 1937 96 48 und
1636 1935 112 49 auch

621 2021 75 50 die
719 2031 347 50 angerammten
1090 2017 288 51 Preisrichter
1402 2032 149 45 zogen
1574 2034 49 31 es
1646 2031 103 41 vor,

624 2104 157 44 seinen
822 2096 194 51 Ausfall
1065 2095 316 63 pathologisch
1429 2112 60 31 zu
1538 2092 209 51 nehmen.

623 2175 137 50 Aber
807 2192 106 32 man
964 2180 212 56 zögerte,
1226 2173 77 49 ihn
1341 2171 174 51 wieder
1555 2170 194 49 hinaus*

626 2253 276 59 zuschicfcen,
934 2253 98 49 und
1063 2270 89 32 nur
1184 2257 126 45 seine
1341 2248 218 52 Freunde
1590 2266 158 32 waren

623 2332 81 51 der
733 2332 250 61 Meinung,
1016 2349 110 31 man
1157 2330 136 49 sollte
1315 2333 172 45 seinem
1510 2328 238 59 Drängen,

624 2429 60 31 an
723 2411 75 49 die
836 2411 151 48 Front
1026 2407 418 58 zurückzukehren,
1475 2406 110 49 bald
1623 2405 125 49 will*

621 2488 178 57 fahren,
831 2488 123 50 denn
977 2487 166 50 anders
1169 2486 164 49 würde
1357 2502 49 33 er
1433 2490 99 44 sein
1557 2482 190 52 Gleich*

626 2566 193 61 gewicht
850 2565 118 49 nicht
991 2565 128 49 mehr
1142 2563 231 61 erlangen.

686 2645 52 48 In
771 2643 81 51 der
874 2641 93 51 Tat
999 2642 158 50 wollte
1190 2652 148 40 etwas
1372 2646 46 44 in
1443 2645 173 44 seinem
1642 2638 107 51 Ge*

626 2722 111 50 sicht
778 2721 118 49 nicht
934 2719 129 51 mehr
1095 2739 60 31 zu
1188 2725 150 44 seiner
1369 2718 216 61 Haltung
1616 2722 134 43 stim*

633 2817 125 32 men:
794 2805 46 43 in
874 2803 149 45 seiner
1046 2798 158 48 Glätte
1230 2802 148 43 einem
1400 2794 353 51 verwaschenen

623 2877 156 49 Steine
819 2876 155 61 gleich,
1005 2893 101 32 war
1146 2893 49 32 cs
1235 2893 57 32 so
1333 2873 139 52 blank
1513 2872 96 51 und
1640 2872 114 48 doch

637 2972 55 32 so
725 2953 296 62 abgewandt,
1053 2972 56 31 so
1141 2953 90 50 hell
1258 2952 95 49 und
1376 2952 111 49 doch
1510 2970 97 30 von
1632 2956 126 43 einer

630 3031 362 61 Trostlosigkeit
1016 3041 235 52 getragen,
1268 3031 72 49 die
1355 3029 158 50 weder
1529 3028 72 50 die
1617 3028 141 60 Züge

628 3111 114 49 noch
784 3109 82 49 der
887 3108 251 50 Ausdruck
1170 3108 147 50 dieses
1352 3107 255 58 Gesichtes,
1639 3123 118 32 son*

628 3189 114 50 dem
775 3206 89 32 nur
893 3188 74 48 die
987 3186 321 62 Atmosphäre
1331 3186 148 49 dieses
1500 3184 255 50 Menschen

624 3272 185 44 verriet.
845 3264 115 50 Und
992 3264 136 50 dabei
1160 3281 101 32 war
1293 3274 147 37 etwas
1472 3281 56 30 so
1555 3266 202 45 intensiv

626 3343 359 51 Abwehrendes
1009 3348 45 45 in
1079 3343 109 58 ihm,
1220 3342 90 49 daß
1341 3360 50 30 es
1424 3341 132 49 keine
1587 3341 168 49 andere

628 3422 99 51 Art
761 3422 107 61 gab,
899 3422 93 49 ihm
1042 3432 226 49 entgegen
1308 3440 60 29 zu
1414 3419 232 56 kommen,
1688 3418 67 48 als

629 3499 94 50 ihm
757 3518 85 31 aus
877 3499 104 50 dem
1012 3498 159 61 Wege
1204 3516 60 30 zu
1298 3497 162 61 gehen.

694 3578 68 48 Ich
794 3596 102 30 war
926 3596 90 32 vor
1048 3583 174 43 meiner
1253 3575 212 50 Abfahrt
1504 3586 123 38 trotz
1675 3573 82 51 des

631 3654 209 51 Sturmes
882 3661 45 43 in
977 3655 90 49 den
1099 3654 121 50 Park
1259 3653 96 49 und
1396 3653 70 49 bis
1508 3671 59 31 zu
1608 3657 150 44 einem

633 3732 410 50 Gartenhäuschen
1091 3732 347 61 hingegangen,
1486 3730 85 49 das
1620 3729 138 50 schon

633 3808 72 47 die
746 3808 151 49 leeren
938 3809 148 51 Äcker
1126 3809 243 60 überhing,
1410 3808 165 49 dessen
1616 3807 141 50 bern*

634 3885 309 50 steinfarbene
964 3887 216 49 Scheiben
1212 3887 98 48 und
1330 3885 199 51 bemalte
1551 3885 207 50 Mauern

637 3963 113 47 aber
792 3968 132 43 einen
963 3964 343 50 sommerlichen
1336 3962 132 62 Trug
1500 3963 137 49 durch
1672 3963 86 49 alle

638 4038 179 51 rauhen
835 4039 200 50 Monate
1051 4040 214 49 hindurch
1282 4040 321 59 behaupteten.
1616 4039 142 50 Diese

1788 762 181 63 tapfere
1984 759 188 63 Pagode
2196 757 150 51 betrat
2366 756 65 50 ich
2454 755 301 62 ahnungslos.
2773 756 141 50 Denn

1787 858 93 31 vor
1894 844 86 44 mir
1995 855 101 32 war
2111 841 126 56 jener
2252 836 212 57 Offizier,
2486 835 86 49 auf
2581 839 150 44 einem
2747 834 169 60 Liege*

1791 917 151 51 Stuhle
1989 915 339 62 hingeworfen,
2375 914 98 50 und
2512 912 84 50 das
2639 912 190 50 Gesicht
2868 919 47 45 in

1792 996 74 50 die
1886 994 158 50 Lehne
2075 991 229 64 gedrückt,
2337 991 69 50 als
2439 991 62 50 ob
2533 1009 50 32 er
2604 988 203 56 schliefe,-
2826 1008 91 33 vor

1794 1074 105 50 dem
1929 1071 279 60 Windstoß,
2247 1071 82 50 der
2368 1070 151 49 hinter
2558 1074 86 44 mir
2684 1068 73 50 die
2788 1065 131 54 Türe

1795 1151 233 61 zuschlug,
2069 1166 173 46 sprang
2275 1166 51 32 er
2357 1148 94 58 auf,
2492 1147 97 50 und
2620 1146 60 49 da
2710 1164 102 31 war
2851 1165 68 39 es,

1795 1235 122 46 mein
1941 1229 140 50 Gott!
2116 1227 90 50 daß
2241 1226 63 49 ich
2329 1231 74 44 ein
2425 1244 96 31 von
2543 1223 170 51 wilden
2730 1221 187 53 Tränen

1795 1309 334 49 überströmtes
2183 1302 379 64 Männergesicht
2613 1301 306 60 überraschte,

1796 1386 97 51 und
1932 1404 90 32 vor
2060 1385 259 48 Entsetzen
2359 1382 115 50 über
2521 1381 156 49 diesen
2718 1378 202 52 Anblick

1797 1463 97 51 und
1940 1481 114 31 vom
2093 1460 192 52 Affekte
2335 1460 299 61 hingerissen,
2680 1462 91 46 wie
2820 1462 101 46 eine

1796 1543 201 60 Megäre
2056 1540 157 50 diesen
2265 1538 147 60 Krieg
2464 1536 258 52 verfluchte.
2782 1535 139 50 Aber

1797 1621 98 48 dies
1927 1630 244 39 verratene
2195 1616 189 52 Gesicht
2416 1615 96 49 und
2534 1613 80 51 der
2634 1612 121 51 Blick
2771 1613 152 50 dieser

1797 1696 350 63 jammervollen
2178 1696 179 60 Augen
2390 1705 172 49 entzog
2594 1692 89 50 sich
2714 1691 97 49 und
2844 1709 77 31 er*

1797 1775 171 50 kältete
1992 1775 113 49 noch
2126 1773 144 50 mehr,
2296 1772 253 50 »Draußen
2575 1776 61 43 ist
2663 1787 51 32 es
2736 1768 183 60 schön,«

1799 1865 130 49 sagte
1962 1871 50 32 er
2044 1852 174 50 schroff.

1860 1931 102 49 Das
1985 1931 198 57 nächste,
2215 1947 102 32 was
2340 1928 66 50 ich
2435 1945 98 32 von
2564 1926 93 49 ihm
2690 1923 100 59 sah,
2821 1940 103 33 war

1797 2015 99 44 sein
1928 2008 160 50 Name
2120 2018 136 39 unter
2288 2006 88 51 den
2411 2004 292 51 Gefallenen,

1861 2087 84 48 Ihn
1985 2086 84 49 sah
2111 2084 64 51 ich
2205 2091 113 56 jetzt
2347 2102 90 32 vor
2469 2088 106 45 mir:
2609 2101 98 32 von
2738 2079 185 51 Bildern

1800 2171 169 56 gejagt,
2017 2164 74 50 die
2139 2182 60 31 zu
2239 2164 174 49 Furien
2463 2162 90 49 sich
2600 2159 324 56 verdichteten,

1797 2243 99 50 und
1926 2248 91 45 wie
2049 2243 147 48 Orest
2227 2258 91 32 vor
2350 2239 138 51 ihnen
2520 2239 311 61 hingestürzt/
2863 2255 61 31 an

1800 2322 76 48 ihn
1909 2321 158 49 dachte
2098 2321 64 48 ich
2195 2326 124 53 jetzt.

1863 2401 140 49 Denn
2046 2399 97 50 hier
2189 2416 101 32 war
2338 2402 74 46 ein
2453 2394 302 63 Brennpunkt
2801 2399 127 55 jener

1802 2479 180 56 Kaste,
2023 2477 73 49 die
2136 2474 91 51 sich
2260 2495 61 30 zu
2354 2493 214 32 unserem
2609 2474 175 50 ebenso
2813 2490 115 30 ver*

1799 2557 170 49 haßten
2003 2561 90 43 wie
2128 2553 372 50 hassenswerten
2521 2547 407 65 Aushängeschild

1800 2633 226 52 vorschob
2070 2632 97 49 und
2199 2632 87 49 den
2317 2632 99 48 Ruf
2443 2647 191 33 unseres
2667 2628 132 51 edlen
2829 2626 101 50 und

1806 2711 334 52 unsterblichen
2182 2709 186 50 Volkes
2407 2708 163 62 täglich
2610 2707 316 51 verdunkelte.

1814 2791 70 49 Ich
1918 2788 185 50 mischte
2135 2787 112 49 mich
2280 2786 121 50 nicht
2431 2792 46 43 in
2510 2786 96 49 ihre
2639 2786 291 62 Gespräche;

1804 2887 51 32 es
1877 2868 158 50 lohnte
2058 2866 89 49 sich
2169 2866 144 57 nicht,-
2332 2866 97 49 und
2451 2871 66 43 sie
2540 2864 154 50 hatten
2714 2872 47 54 ja
2783 2864 143 51 recht!

1804 2947 138 53 Aber
1965 2965 56 30 so
2053 2951 90 43 wie
2176 2944 73 49 die
2281 2943 369 61 Kriegsberichte
2681 2943 82 50 der
2794 2948 134 45 einen

1805 3026 121 49 recht
1965 3023 168 58 haben,
2166 3041 87 32 nur
2285 3022 111 49 muß
2430 3040 108 30 man
2568 3040 85 30 zur
2686 3020 243 51 Orientie*

1811 3120 122 44 rung
1966 3100 113 51 auch
2112 3100 74 50 die
2218 3100 81 50 der
2332 3099 201 50 anderen
2567 3099 138 50 lesen.
2741 3099 65 50 So
2837 3104 93 43 äu*

1808 3182 157 49 Berten
1984 3186 67 44 sie
2081 3179 115 50 über
2222 3179 72 48 die
2316 3177 362 61 französischen
2678 3177 252 61 Zeitungen

1806 3257 394 61 unwiderlegliche
2233 3258 169 60 Dinge,
2444 3255 98 50 und
2572 3273 138 31 wenn
2742 3259 66 45 sie
2841 3254 89 51 sich

1805 3337 116 51 über
1960 3338 74 48 die
2074 3334 405 60 niederträchtigen
2519 3333 411 61 Beschimpfungen

1806 3418 154 48 dieser
1983 3415 162 50 Presse
2178 3412 322 57 unterhielten,
2531 3431 55 30 so
2608 3429 100 31 war
2731 3429 49 32 es
2813 3412 118 48 nicht

1806 3493 212 61 möglich,
2051 3493 138 49 ihnen
2214 3509 60 31 zu
2304 3489 372 61 widersprechen,
2699 3489 113 50 oder
2835 3488 96 51 ihre

1805 3573 187 49 starken
2031 3569 279 52 Ausdrücke
2359 3569 67 48 als
2468 3587 61 30 zu
2568 3567 127 50 stark
2735 3565 196 52 zurück*

1808 3655 247 45 zuweisen.

1868 3727 139 50 Aber
2046 3744 50 32 es
2138 3732 61 43 ist
2242 3723 199 51 wirklich
2465 3722 201 62 grotesk,
2699 3727 83 44 mit
2811 3722 122 49 wel*

1808 3805 99 51 eher
1937 3805 221 50 Naivität
2190 3805 160 56 Leute,
2382 3802 168 49 welche
2581 3802 142 49 selbst
2754 3800 75 51 die
2850 3802 81 48 In*

1806 3884 123 50 suite
1959 3882 294 58 handhaben,
2286 3880 178 50 überall
2497 3879 97 51 ihre
2625 3884 191 56 eigenen
2850 3879 83 48 In*

1808 3962 153 49 sulten
2009 3959 289 56 überhören,-
2351 3963 67 44 sie
2458 3958 186 48 merken
2689 3967 113 39 stets
2844 3972 89 33 nur

1809 4039 73 50 die
1922 4039 82 50 der
2045 4036 213 51 anderen.
2302 4034 114 51 Und
2456 4035 164 50 darum
2660 4034 186 51 werden
2881 4052 50 30 es
