<?xml version="1.0" encoding="UTF-8"?>
<alto xmlns:xsi="http://www.w3.org/2001/XMLSchema-instance" xmlns="http://www.loc.gov/standards/alto/ns-v2#" xsi:schemaLocation="http://www.loc.gov/standards/alto/ns-v2# http://www.loc.gov/standards/alto/v2/alto-2-0.xsd" xmlns:xlink="http://www.w3.org/1999/xlink">
	<Description>
		<MeasurementUnit>mm10</MeasurementUnit>
		<sourceImageInformation>
			<fileName>./bmtnabr_1915-11_01_0110.jp2</fileName>
		</sourceImageInformation>
		<OCRProcessing ID="OCRPROCESSING_1">
			<preProcessingStep>
				<processingSoftware>
					<softwareCreator>CCS Content Conversion Specialists GmbH, Germany</softwareCreator>
					<softwareName>CCS docWorks</softwareName>
					<softwareVersion>6.8-1.27</softwareVersion>
				</processingSoftware>
			</preProcessingStep>
			<ocrProcessingStep>
				<processingSoftware>
					<softwareCreator>ABBYY (BIT Software), Russia</softwareCreator>
					<softwareName>FineReader</softwareName>
					<softwareVersion>11.0</softwareVersion>
				</processingSoftware>
			</ocrProcessingStep>
			<postProcessingStep>
				<processingSoftware>
					<softwareCreator>CCS Content Conversion Specialists GmbH, Germany</softwareCreator>
					<softwareName>CCS docWorks</softwareName>
					<softwareVersion>6.8-1.27</softwareVersion>
					<applicationDescription>docWorks: Text modified manually, or automatically replaced</applicationDescription>
				</processingSoftware>
			</postProcessingStep>
		</OCRProcessing>
	</Description>
	<Styles>
		<TextStyle ID="TXT_0" FONTSIZE="12" FONTFAMILY="Arial"/>
		<TextStyle ID="TXT_1" FONTSIZE="18" FONTFAMILY="Times New Roman" FONTSTYLE="bold italics"/>
		<TextStyle ID="TXT_2" FONTSIZE="17" FONTFAMILY="Times New Roman"/>
		<ParagraphStyle ID="PAR_LEFT" ALIGN="Left"/>
		<ParagraphStyle ID="PAR_RIGHT" ALIGN="Right"/>
		<ParagraphStyle ID="PAR_BLOCK" ALIGN="Block"/>
	</Styles>
	<Layout>
		<Page ID="P110" PHYSICAL_IMG_NR="110" HEIGHT="4572" WIDTH="3252" PRINTED_IMG_NR="1412" PC="0.929">
			<TopMargin ID="P110_TM00001" HPOS="0" VPOS="0" WIDTH="3252" HEIGHT="479">
				<TextBlock ID="P110_TB00001" HPOS="602" VPOS="427" WIDTH="121" HEIGHT="50" STYLEREFS="TXT_0 PAR_LEFT">
					<TextLine ID="P110_TL00001" HPOS="602" VPOS="427" WIDTH="121" HEIGHT="50">
						<String ID="P110_ST00001" HPOS="602" VPOS="427" WIDTH="121" HEIGHT="50" CONTENT="1412" WC="1.00" CC="0000"/>
					</TextLine>
				</TextBlock>
				<TextBlock ID="P110_TB00002" HPOS="1630" VPOS="427" WIDTH="220" HEIGHT="50" STYLEREFS="TXT_1 PAR_RIGHT">
					<TextLine ID="P110_TL00002" HPOS="1631" VPOS="428" WIDTH="219" HEIGHT="49">
						<String ID="P110_ST00002" HPOS="1631" VPOS="428" WIDTH="219" HEIGHT="49" CONTENT="Gfossen" WC="0.61" CC="3515065"/>
					</TextLine>
				</TextBlock>
			</TopMargin>
			<LeftMargin ID="P110_LM00001" HPOS="0" VPOS="479" WIDTH="588" HEIGHT="3476"/>
			<RightMargin ID="P110_RM00001" HPOS="2884" VPOS="479" WIDTH="368" HEIGHT="3476"/>
			<BottomMargin ID="P110_BM00001" HPOS="0" VPOS="3955" WIDTH="3252" HEIGHT="617"/>
			<PrintSpace ID="P110_PS00001" HPOS="588" VPOS="479" WIDTH="2296" HEIGHT="3476">
				<TextBlock ID="P110_TB00003" HPOS="588" VPOS="613" WIDTH="1126" HEIGHT="3332" STYLEREFS="TXT_2 PAR_BLOCK">
					<TextLine ID="P110_TL00003" HPOS="599" VPOS="614" WIDTH="1112" HEIGHT="64">
						<String ID="P110_ST00003" HPOS="599" VPOS="616" WIDTH="92" HEIGHT="50" CONTENT="daß" WC="0.94" CC="754"/>
						<SP ID="P110_SP00001" HPOS="691" VPOS="666" WIDTH="32"/>
						<String ID="P110_ST00004" HPOS="723" VPOS="617" WIDTH="73" HEIGHT="49" CONTENT="die" WC="0.92" CC="965"/>
						<SP ID="P110_SP00002" HPOS="796" VPOS="666" WIDTH="32"/>
						<String ID="P110_ST00005" HPOS="828" VPOS="617" WIDTH="149" HEIGHT="61" CONTENT="Ziege" WC="0.96" CC="68670"/>
						<SP ID="P110_SP00003" HPOS="977" VPOS="678" WIDTH="39"/>
						<String ID="P110_ST00006" HPOS="1016" VPOS="622" WIDTH="61" HEIGHT="43" CONTENT="im" WC="0.83" CC="03"/>
						<SP ID="P110_SP00004" HPOS="1077" VPOS="678" WIDTH="42"/>
						<String ID="P110_ST00007" HPOS="1119" VPOS="632" WIDTH="178" HEIGHT="43" CONTENT="ganzen" WC="0.97" CC="966452"/>
						<SP ID="P110_SP00005" HPOS="1297" VPOS="678" WIDTH="33"/>
						<String ID="P110_ST00008" HPOS="1330" VPOS="614" WIDTH="118" HEIGHT="50" CONTENT="nicht" WC="0.97" CC="66074"/>
						<SP ID="P110_SP00006" HPOS="1448" VPOS="678" WIDTH="33"/>
						<String ID="P110_ST00009" HPOS="1481" VPOS="614" WIDTH="127" HEIGHT="50" CONTENT="mehr" WC="0.96" CC="2673"/>
						<SP ID="P110_SP00007" HPOS="1608" VPOS="678" WIDTH="32"/>
						<String ID="P110_ST00010" HPOS="1640" VPOS="614" WIDTH="71" HEIGHT="50" CONTENT="als" WC="0.93" CC="775"/>
					</TextLine>
					<TextLine ID="P110_TL00004" HPOS="601" VPOS="693" WIDTH="1108" HEIGHT="53">
						<String ID="P110_ST00011" HPOS="601" VPOS="696" WIDTH="30" HEIGHT="48" CONTENT="4" WC="0.02" CC="9"/>
						<SP ID="P110_SP00008" HPOS="631" VPOS="744" WIDTH="15"/>
						<String ID="P110_ST00012" HPOS="646" VPOS="696" WIDTH="149" HEIGHT="50" CONTENT="Rubel" WC="0.96" CC="36737"/>
						<SP ID="P110_SP00009" HPOS="795" VPOS="746" WIDTH="31"/>
						<String ID="P110_ST00013" HPOS="826" VPOS="707" WIDTH="118" HEIGHT="37" CONTENT="wert" WC="0.98" CC="4410"/>
						<SP ID="P110_SP00010" HPOS="944" VPOS="746" WIDTH="19"/>
						<String ID="P110_ST00014" HPOS="963" VPOS="711" WIDTH="110" HEIGHT="33" CONTENT="war." WC="0.97" CC="9302"/>
						<SP ID="P110_SP00011" HPOS="1073" VPOS="746" WIDTH="37"/>
						<String ID="P110_ST00015" HPOS="1110" VPOS="694" WIDTH="124" HEIGHT="49" CONTENT="Was" WC="0.97" CC="700"/>
						<SP ID="P110_SP00012" HPOS="1234" VPOS="746" WIDTH="25"/>
						<String ID="P110_ST00016" HPOS="1259" VPOS="694" WIDTH="109" HEIGHT="47" CONTENT="aber" WC="0.95" CC="5766"/>
						<SP ID="P110_SP00013" HPOS="1368" VPOS="746" WIDTH="21"/>
						<String ID="P110_ST00017" HPOS="1389" VPOS="693" WIDTH="105" HEIGHT="48" CONTENT="sind" WC="0.98" CC="5060"/>
						<SP ID="P110_SP00014" HPOS="1494" VPOS="746" WIDTH="21"/>
						<String ID="P110_ST00018" HPOS="1515" VPOS="694" WIDTH="31" HEIGHT="47" CONTENT="4" WC="1.00" CC="0"/>
						<SP ID="P110_SP00015" HPOS="1546" VPOS="746" WIDTH="16"/>
						<String ID="P110_ST00019" HPOS="1562" VPOS="693" WIDTH="147" HEIGHT="50" CONTENT="Rubel" WC="0.98" CC="05037"/>
					</TextLine>
					<TextLine ID="P110_TL00005" HPOS="599" VPOS="771" WIDTH="1113" HEIGHT="50">
						<String ID="P110_ST00020" HPOS="599" VPOS="773" WIDTH="77" HEIGHT="48" CONTENT="für" WC="0.98" CC="400"/>
						<SP ID="P110_SP00016" HPOS="676" VPOS="821" WIDTH="31"/>
						<String ID="P110_ST00021" HPOS="707" VPOS="772" WIDTH="88" HEIGHT="49" CONTENT="alle" WC="0.95" CC="5774"/>
						<SP ID="P110_SP00017" HPOS="795" VPOS="821" WIDTH="31"/>
						<String ID="P110_ST00022" HPOS="826" VPOS="790" WIDTH="96" HEIGHT="31" CONTENT="von" WC="0.96" CC="135"/>
						<SP ID="P110_SP00018" HPOS="922" VPOS="821" WIDTH="33"/>
						<String ID="P110_ST00023" HPOS="955" VPOS="771" WIDTH="104" HEIGHT="49" CONTENT="dem" WC="0.97" CC="060"/>
						<SP ID="P110_SP00019" HPOS="1059" VPOS="821" WIDTH="33"/>
						<String ID="P110_ST00024" HPOS="1092" VPOS="788" WIDTH="156" HEIGHT="31" CONTENT="armen" WC="0.98" CC="60252"/>
						<SP ID="P110_SP00020" HPOS="1248" VPOS="821" WIDTH="23"/>
						<String ID="P110_ST00025" HPOS="1271" VPOS="771" WIDTH="187" HEIGHT="48" CONTENT="Doktor" WC="0.98" CC="016045"/>
						<SP ID="P110_SP00021" HPOS="1458" VPOS="821" WIDTH="32"/>
						<String ID="P110_ST00026" HPOS="1490" VPOS="771" WIDTH="94" HEIGHT="49" CONTENT="ihm" WC="0.96" CC="550"/>
						<SP ID="P110_SP00022" HPOS="1584" VPOS="821" WIDTH="31"/>
						<String ID="P110_ST00027" HPOS="1615" VPOS="772" WIDTH="97" HEIGHT="48" CONTENT="und" WC="0.99" CC="020"/>
					</TextLine>
					<TextLine ID="P110_TL00006" HPOS="599" VPOS="848" WIDTH="1114" HEIGHT="52">
						<String ID="P110_ST00028" HPOS="599" VPOS="856" WIDTH="152" HEIGHT="44" CONTENT="seiner" WC="0.97" CC="037356"/>
						<SP ID="P110_SP00023" HPOS="751" VPOS="900" WIDTH="15"/>
						<String ID="P110_ST00029" HPOS="766" VPOS="851" WIDTH="190" HEIGHT="49" CONTENT="Familie" WC="0.98" CC="6604605"/>
						<SP ID="P110_SP00024" HPOS="956" VPOS="900" WIDTH="17"/>
						<String ID="P110_ST00030" HPOS="973" VPOS="854" WIDTH="280" HEIGHT="44" CONTENT="erwiesenen" WC="0.99" CC="5607404505"/>
						<SP ID="P110_SP00025" HPOS="1253" VPOS="900" WIDTH="12"/>
						<String ID="P110_ST00031" HPOS="1265" VPOS="848" WIDTH="310" HEIGHT="51" CONTENT="Wohltaten?" WC="0.99" CC="9007060436"/>
						<SP ID="P110_SP00026" HPOS="1575" VPOS="900" WIDTH="23"/>
						<String ID="P110_ST00032" HPOS="1598" VPOS="851" WIDTH="115" HEIGHT="48" CONTENT="Und" WC="0.95" CC="750"/>
					</TextLine>
					<TextLine ID="P110_TL00007" HPOS="598" VPOS="925" WIDTH="1114" HEIGHT="53">
						<String ID="P110_ST00033" HPOS="598" VPOS="933" WIDTH="89" HEIGHT="45" CONTENT="wie" WC="0.95" CC="077"/>
						<SP ID="P110_SP00027" HPOS="687" VPOS="978" WIDTH="39"/>
						<String ID="P110_ST00034" HPOS="726" VPOS="925" WIDTH="232" HEIGHT="51" CONTENT="zufrieden" WC="0.98" CC="744367044"/>
						<SP ID="P110_SP00028" HPOS="958" VPOS="978" WIDTH="40"/>
						<String ID="P110_ST00035" HPOS="998" VPOS="927" WIDTH="109" HEIGHT="48" CONTENT="muß" WC="0.98" CC="041"/>
						<SP ID="P110_SP00029" HPOS="1107" VPOS="978" WIDTH="42"/>
						<String ID="P110_ST00036" HPOS="1149" VPOS="925" WIDTH="80" HEIGHT="50" CONTENT="der" WC="0.97" CC="052"/>
						<SP ID="P110_SP00030" HPOS="1229" VPOS="978" WIDTH="42"/>
						<String ID="P110_ST00037" HPOS="1271" VPOS="925" WIDTH="93" HEIGHT="51" CONTENT="alte" WC="0.95" CC="6665"/>
						<SP ID="P110_SP00031" HPOS="1364" VPOS="978" WIDTH="38"/>
						<String ID="P110_ST00038" HPOS="1402" VPOS="927" WIDTH="189" HEIGHT="49" CONTENT="Doktor" WC="0.99" CC="205004"/>
						<SP ID="P110_SP00032" HPOS="1591" VPOS="978" WIDTH="49"/>
						<String ID="P110_ST00039" HPOS="1640" VPOS="928" WIDTH="72" HEIGHT="50" CONTENT="bei" WC="0.95" CC="760"/>
					</TextLine>
					<TextLine ID="P110_TL00008" HPOS="597" VPOS="1003" WIDTH="1115" HEIGHT="62">
						<String ID="P110_ST00040" HPOS="597" VPOS="1003" WIDTH="90" HEIGHT="49" CONTENT="sich" WC="0.95" CC="0777"/>
						<SP ID="P110_SP00033" HPOS="687" VPOS="1052" WIDTH="47"/>
						<String ID="P110_ST00041" HPOS="734" VPOS="1003" WIDTH="216" HEIGHT="62" CONTENT="gelächelt" WC="0.77" CC="027000280"/>
						<SP ID="P110_SP00034" HPOS="950" VPOS="1065" WIDTH="47"/>
						<String ID="P110_ST00042" HPOS="997" VPOS="1003" WIDTH="166" HEIGHT="60" CONTENT="haben," WC="0.98" CC="650064"/>
						<SP ID="P110_SP00035" HPOS="1163" VPOS="1065" WIDTH="49"/>
						<String ID="P110_ST00043" HPOS="1212" VPOS="1003" WIDTH="61" HEIGHT="49" CONTENT="da" WC="0.67" CC="06"/>
						<SP ID="P110_SP00036" HPOS="1273" VPOS="1065" WIDTH="48"/>
						<String ID="P110_ST00044" HPOS="1321" VPOS="1004" WIDTH="72" HEIGHT="50" CONTENT="die" WC="0.95" CC="076"/>
						<SP ID="P110_SP00037" HPOS="1393" VPOS="1065" WIDTH="48"/>
						<String ID="P110_ST00045" HPOS="1441" VPOS="1005" WIDTH="115" HEIGHT="49" CONTENT="Kuh" WC="0.96" CC="047"/>
						<SP ID="P110_SP00038" HPOS="1556" VPOS="1065" WIDTH="48"/>
						<String ID="P110_ST00046" HPOS="1604" VPOS="1025" WIDTH="108" HEIGHT="30" CONTENT="zum" WC="0.94" CC="645"/>
					</TextLine>
					<TextLine ID="P110_TL00009" HPOS="596" VPOS="1082" WIDTH="1116" HEIGHT="62">
						<String ID="P110_ST00047" HPOS="596" VPOS="1082" WIDTH="143" HEIGHT="62" CONTENT="Juden" WC="0.98" CC="03054"/>
						<SP ID="P110_SP00039" HPOS="739" VPOS="1144" WIDTH="33"/>
						<String ID="P110_ST00048" HPOS="772" VPOS="1082" WIDTH="211" HEIGHT="61" CONTENT="gebracht" WC="0.98" CC="04766072"/>
						<SP ID="P110_SP00040" HPOS="983" VPOS="1144" WIDTH="20"/>
						<String ID="P110_ST00049" HPOS="1003" VPOS="1082" WIDTH="174" HEIGHT="50" CONTENT="wurde." WC="0.98" CC="016064"/>
						<SP ID="P110_SP00041" HPOS="1177" VPOS="1144" WIDTH="37"/>
						<String ID="P110_ST00050" HPOS="1214" VPOS="1083" WIDTH="127" HEIGHT="60" CONTENT="»Na," WC="0.97" CC="0364"/>
						<SP ID="P110_SP00042" HPOS="1341" VPOS="1144" WIDTH="26"/>
						<String ID="P110_ST00051" HPOS="1367" VPOS="1083" WIDTH="64" HEIGHT="49" CONTENT="ich" WC="0.94" CC="690"/>
						<SP ID="P110_SP00043" HPOS="1431" VPOS="1144" WIDTH="24"/>
						<String ID="P110_ST00052" HPOS="1455" VPOS="1084" WIDTH="140" HEIGHT="50" CONTENT="werd'" WC="0.75" CC="00408"/>
						<SP ID="P110_SP00044" HPOS="1595" VPOS="1144" WIDTH="24"/>
						<String ID="P110_ST00053" HPOS="1619" VPOS="1084" WIDTH="93" HEIGHT="50" CONTENT="ihm" WC="0.95" CC="660"/>
					</TextLine>
					<TextLine ID="P110_TL00010" HPOS="596" VPOS="1159" WIDTH="1118" HEIGHT="65">
						<String ID="P110_ST00054" HPOS="596" VPOS="1159" WIDTH="91" HEIGHT="50" CONTENT="mal" WC="0.97" CC="017"/>
						<SP ID="P110_SP00045" HPOS="687" VPOS="1209" WIDTH="33"/>
						<String ID="P110_ST00055" HPOS="720" VPOS="1178" WIDTH="197" HEIGHT="31" CONTENT="unseren" WC="0.98" CC="6507362"/>
						<SP ID="P110_SP00046" HPOS="917" VPOS="1209" WIDTH="23"/>
						<String ID="P110_ST00056" HPOS="940" VPOS="1160" WIDTH="244" HEIGHT="50" CONTENT="deutschen" WC="0.99" CC="046000072"/>
						<SP ID="P110_SP00047" HPOS="1184" VPOS="1210" WIDTH="17"/>
						<String ID="P110_ST00057" HPOS="1201" VPOS="1162" WIDTH="135" HEIGHT="49" CONTENT="Witz" WC="0.97" CC="0705"/>
						<SP ID="P110_SP00048" HPOS="1336" VPOS="1211" WIDTH="33"/>
						<String ID="P110_ST00058" HPOS="1369" VPOS="1167" WIDTH="205" HEIGHT="56" CONTENT="zeigen,«" WC="0.98" CC="66406040"/>
						<SP ID="P110_SP00049" HPOS="1574" VPOS="1223" WIDTH="35"/>
						<String ID="P110_ST00059" HPOS="1609" VPOS="1176" WIDTH="105" HEIGHT="48" CONTENT="sagt" WC="0.98" CC="0506"/>
					</TextLine>
					<TextLine ID="P110_TL00011" HPOS="593" VPOS="1237" WIDTH="1120" HEIGHT="63">
						<String ID="P110_ST00060" HPOS="593" VPOS="1254" WIDTH="50" HEIGHT="32" CONTENT="er" WC="0.41" CC="46"/>
						<SP ID="P110_SP00050" HPOS="643" VPOS="1286" WIDTH="31"/>
						<String ID="P110_ST00061" HPOS="674" VPOS="1237" WIDTH="89" HEIGHT="49" CONTENT="sich" WC="0.99" CC="0600"/>
						<SP ID="P110_SP00051" HPOS="763" VPOS="1286" WIDTH="24"/>
						<String ID="P110_ST00062" HPOS="787" VPOS="1238" WIDTH="97" HEIGHT="48" CONTENT="und" WC="0.98" CC="500"/>
						<SP ID="P110_SP00052" HPOS="884" VPOS="1286" WIDTH="20"/>
						<String ID="P110_ST00063" HPOS="904" VPOS="1243" WIDTH="60" HEIGHT="43" CONTENT="ist" WC="0.97" CC="700"/>
						<SP ID="P110_SP00053" HPOS="964" VPOS="1286" WIDTH="23"/>
						<String ID="P110_ST00064" HPOS="987" VPOS="1238" WIDTH="277" HEIGHT="61" CONTENT="womöglich" WC="0.99" CC="004707700"/>
						<SP ID="P110_SP00054" HPOS="1264" VPOS="1299" WIDTH="25"/>
						<String ID="P110_ST00065" HPOS="1289" VPOS="1239" WIDTH="74" HEIGHT="50" CONTENT="die" WC="0.96" CC="055"/>
						<SP ID="P110_SP00055" HPOS="1363" VPOS="1299" WIDTH="25"/>
						<String ID="P110_ST00066" HPOS="1388" VPOS="1257" WIDTH="147" HEIGHT="43" CONTENT="ganze" WC="0.98" CC="05442"/>
						<SP ID="P110_SP00056" HPOS="1535" VPOS="1300" WIDTH="23"/>
						<String ID="P110_ST00067" HPOS="1558" VPOS="1240" WIDTH="155" HEIGHT="50" CONTENT="Nacht" WC="0.98" CC="46000"/>
					</TextLine>
					<TextLine ID="P110_TL00012" HPOS="593" VPOS="1315" WIDTH="1120" HEIGHT="60">
						<String ID="P110_ST00068" HPOS="593" VPOS="1315" WIDTH="215" HEIGHT="50" CONTENT="hindurch" WC="0.98" CC="06505390"/>
						<SP ID="P110_SP00057" HPOS="808" VPOS="1365" WIDTH="23"/>
						<String ID="P110_ST00069" HPOS="831" VPOS="1315" WIDTH="157" HEIGHT="60" CONTENT="heiter," WC="0.98" CC="0542664"/>
						<SP ID="P110_SP00058" HPOS="988" VPOS="1375" WIDTH="27"/>
						<String ID="P110_ST00070" HPOS="1015" VPOS="1317" WIDTH="73" HEIGHT="49" CONTENT="die" WC="0.96" CC="065"/>
						<SP ID="P110_SP00059" HPOS="1088" VPOS="1375" WIDTH="22"/>
						<String ID="P110_ST00071" HPOS="1110" VPOS="1334" WIDTH="51" HEIGHT="32" CONTENT="er" WC="0.38" CC="65"/>
						<SP ID="P110_SP00060" HPOS="1161" VPOS="1375" WIDTH="23"/>
						<String ID="P110_ST00072" HPOS="1184" VPOS="1336" WIDTH="76" HEIGHT="31" CONTENT="am" WC="0.45" CC="55"/>
						<SP ID="P110_SP00061" HPOS="1260" VPOS="1375" WIDTH="23"/>
						<String ID="P110_ST00073" HPOS="1283" VPOS="1319" WIDTH="100" HEIGHT="50" CONTENT="Bett" WC="0.99" CC="1200"/>
						<SP ID="P110_SP00062" HPOS="1383" VPOS="1375" WIDTH="20"/>
						<String ID="P110_ST00074" HPOS="1403" VPOS="1324" WIDTH="127" HEIGHT="46" CONTENT="einer" WC="0.97" CC="60456"/>
						<SP ID="P110_SP00063" HPOS="1530" VPOS="1375" WIDTH="23"/>
						<String ID="P110_ST00075" HPOS="1553" VPOS="1337" WIDTH="160" HEIGHT="33" CONTENT="armen" WC="0.97" CC="34046"/>
					</TextLine>
					<TextLine ID="P110_TL00013" HPOS="593" VPOS="1393" WIDTH="1120" HEIGHT="63">
						<String ID="P110_ST00076" HPOS="593" VPOS="1394" WIDTH="283" HEIGHT="50" CONTENT="Wöchnerin" WC="0.56" CC="066045365"/>
						<SP ID="P110_SP00064" HPOS="876" VPOS="1444" WIDTH="9"/>
						<String ID="P110_ST00077" HPOS="885" VPOS="1393" WIDTH="249" HEIGHT="63" CONTENT="verbringt." WC="0.99" CC="0247070061"/>
						<SP ID="P110_SP00065" HPOS="1134" VPOS="1456" WIDTH="13"/>
						<String ID="P110_ST00078" HPOS="1147" VPOS="1394" WIDTH="164" HEIGHT="51" CONTENT="Wenn" WC="0.98" CC="0603"/>
						<SP ID="P110_SP00066" HPOS="1311" VPOS="1456" WIDTH="17"/>
						<String ID="P110_ST00079" HPOS="1328" VPOS="1395" WIDTH="65" HEIGHT="50" CONTENT="ich" WC="0.95" CC="507"/>
						<SP ID="P110_SP00067" HPOS="1393" VPOS="1456" WIDTH="12"/>
						<String ID="P110_ST00080" HPOS="1405" VPOS="1397" WIDTH="157" HEIGHT="49" CONTENT="Maler" WC="0.96" CC="67765"/>
						<SP ID="P110_SP00068" HPOS="1562" VPOS="1456" WIDTH="8"/>
						<String ID="P110_ST00081" HPOS="1570" VPOS="1402" WIDTH="143" HEIGHT="53" CONTENT="wäre," WC="0.97" CC="05624"/>
					</TextLine>
					<TextLine ID="P110_TL00014" HPOS="592" VPOS="1472" WIDTH="1120" HEIGHT="54">
						<String ID="P110_ST00082" HPOS="592" VPOS="1472" WIDTH="161" HEIGHT="50" CONTENT="würde" WC="0.99" CC="00504"/>
						<SP ID="P110_SP00069" HPOS="753" VPOS="1522" WIDTH="17"/>
						<String ID="P110_ST00083" HPOS="770" VPOS="1473" WIDTH="64" HEIGHT="49" CONTENT="ich" WC="0.98" CC="500"/>
						<SP ID="P110_SP00070" HPOS="834" VPOS="1522" WIDTH="17"/>
						<String ID="P110_ST00084" HPOS="851" VPOS="1472" WIDTH="235" HEIGHT="50" CONTENT="bestimmt" WC="0.99" CC="05006170"/>
						<SP ID="P110_SP00071" HPOS="1086" VPOS="1522" WIDTH="15"/>
						<String ID="P110_ST00085" HPOS="1101" VPOS="1479" WIDTH="74" HEIGHT="45" CONTENT="ein" WC="0.94" CC="564"/>
						<SP ID="P110_SP00072" HPOS="1175" VPOS="1524" WIDTH="10"/>
						<String ID="P110_ST00086" HPOS="1185" VPOS="1474" WIDTH="102" HEIGHT="50" CONTENT="Bild" WC="0.98" CC="0360"/>
						<SP ID="P110_SP00073" HPOS="1287" VPOS="1524" WIDTH="17"/>
						<String ID="P110_ST00087" HPOS="1304" VPOS="1480" WIDTH="45" HEIGHT="45" CONTENT="in" WC="0.75" CC="05"/>
						<SP ID="P110_SP00074" HPOS="1349" VPOS="1525" WIDTH="19"/>
						<String ID="P110_ST00088" HPOS="1368" VPOS="1475" WIDTH="173" HEIGHT="50" CONTENT="diesem" WC="0.98" CC="065064"/>
						<SP ID="P110_SP00075" HPOS="1541" VPOS="1525" WIDTH="11"/>
						<String ID="P110_ST00089" HPOS="1552" VPOS="1477" WIDTH="160" HEIGHT="49" CONTENT="Genre" WC="0.97" CC="31464"/>
					</TextLine>
					<TextLine ID="P110_TL00015" HPOS="594" VPOS="1550" WIDTH="1118" HEIGHT="64">
						<String ID="P110_ST00090" HPOS="594" VPOS="1550" WIDTH="168" HEIGHT="59" CONTENT="malen," WC="0.97" CC="947434"/>
						<SP ID="P110_SP00076" HPOS="762" VPOS="1609" WIDTH="34"/>
						<String ID="P110_ST00091" HPOS="796" VPOS="1568" WIDTH="57" HEIGHT="32" CONTENT="so" WC="0.65" CC="51"/>
						<SP ID="P110_SP00077" HPOS="853" VPOS="1609" WIDTH="32"/>
						<String ID="P110_ST00092" HPOS="885" VPOS="1555" WIDTH="103" HEIGHT="46" CONTENT="eine" WC="0.96" CC="6650"/>
						<SP ID="P110_SP00078" HPOS="988" VPOS="1609" WIDTH="23"/>
						<String ID="P110_ST00093" HPOS="1011" VPOS="1552" WIDTH="155" HEIGHT="50" CONTENT="Nacht" WC="0.98" CC="04070"/>
						<SP ID="P110_SP00079" HPOS="1166" VPOS="1609" WIDTH="32"/>
						<String ID="P110_ST00094" HPOS="1198" VPOS="1558" WIDTH="47" HEIGHT="43" CONTENT="in" WC="0.44" CC="65"/>
						<SP ID="P110_SP00080" HPOS="1245" VPOS="1609" WIDTH="33"/>
						<String ID="P110_ST00095" HPOS="1278" VPOS="1558" WIDTH="127" HEIGHT="44" CONTENT="einer" WC="0.98" CC="60135"/>
						<SP ID="P110_SP00081" HPOS="1405" VPOS="1609" WIDTH="31"/>
						<String ID="P110_ST00096" HPOS="1436" VPOS="1553" WIDTH="276" HEIGHT="61" CONTENT="grauenvoll" WC="0.98" CC="0576660067"/>
					</TextLine>
					<TextLine ID="P110_TL00016" HPOS="594" VPOS="1628" WIDTH="1119" HEIGHT="53">
						<String ID="P110_ST00097" HPOS="594" VPOS="1644" WIDTH="158" HEIGHT="32" CONTENT="armen" WC="0.97" CC="63045"/>
						<SP ID="P110_SP00082" HPOS="752" VPOS="1676" WIDTH="23"/>
						<String ID="P110_ST00098" HPOS="775" VPOS="1628" WIDTH="158" HEIGHT="49" CONTENT="Hütte," WC="0.99" CC="000044"/>
						<SP ID="P110_SP00083" HPOS="933" VPOS="1677" WIDTH="25"/>
						<String ID="P110_ST00099" HPOS="958" VPOS="1629" WIDTH="96" HEIGHT="48" CONTENT="Mit" WC="0.96" CC="560"/>
						<SP ID="P110_SP00084" HPOS="1054" VPOS="1677" WIDTH="20"/>
						<String ID="P110_ST00100" HPOS="1074" VPOS="1630" WIDTH="168" HEIGHT="49" CONTENT="feinem" WC="0.98" CC="047150"/>
						<SP ID="P110_SP00085" HPOS="1242" VPOS="1679" WIDTH="24"/>
						<String ID="P110_ST00101" HPOS="1266" VPOS="1630" WIDTH="179" HEIGHT="50" CONTENT="Gefühl" WC="0.97" CC="553076"/>
						<SP ID="P110_SP00086" HPOS="1445" VPOS="1680" WIDTH="24"/>
						<String ID="P110_ST00102" HPOS="1469" VPOS="1630" WIDTH="96" HEIGHT="50" CONTENT="und" WC="0.96" CC="640"/>
						<SP ID="P110_SP00087" HPOS="1565" VPOS="1680" WIDTH="17"/>
						<String ID="P110_ST00103" HPOS="1582" VPOS="1632" WIDTH="131" HEIGHT="49" CONTENT="Ver*" WC="0.45" CC="0749"/>
					</TextLine>
					<TextLine ID="P110_TL00017" HPOS="593" VPOS="1705" WIDTH="1118" HEIGHT="54">
						<String ID="P110_ST00104" HPOS="593" VPOS="1705" WIDTH="139" HEIGHT="50" CONTENT="stand" WC="1.00" CC="01000"/>
						<SP ID="P110_SP00088" HPOS="732" VPOS="1755" WIDTH="38"/>
						<String ID="P110_ST00105" HPOS="770" VPOS="1705" WIDTH="174" HEIGHT="51" CONTENT="könnte" WC="0.99" CC="000006"/>
						<SP ID="P110_SP00089" HPOS="944" VPOS="1756" WIDTH="40"/>
						<String ID="P110_ST00106" HPOS="984" VPOS="1707" WIDTH="82" HEIGHT="49" CONTENT="der" WC="0.98" CC="013"/>
						<SP ID="P110_SP00090" HPOS="1066" VPOS="1756" WIDTH="30"/>
						<String ID="P110_ST00107" HPOS="1096" VPOS="1708" WIDTH="227" HEIGHT="49" CONTENT="Künstler" WC="0.99" CC="00000636"/>
						<SP ID="P110_SP00091" HPOS="1323" VPOS="1757" WIDTH="38"/>
						<String ID="P110_ST00108" HPOS="1361" VPOS="1708" WIDTH="93" HEIGHT="49" CONTENT="viel" WC="0.96" CC="0647"/>
						<SP ID="P110_SP00092" HPOS="1454" VPOS="1757" WIDTH="34"/>
						<String ID="P110_ST00109" HPOS="1488" VPOS="1727" WIDTH="87" HEIGHT="32" CONTENT="aus" WC="0.98" CC="040"/>
						<SP ID="P110_SP00093" HPOS="1575" VPOS="1759" WIDTH="33"/>
						<String ID="P110_ST00110" HPOS="1608" VPOS="1709" WIDTH="103" HEIGHT="50" CONTENT="dem" WC="0.98" CC="060"/>
					</TextLine>
					<TextLine ID="P110_TL00018" HPOS="594" VPOS="1784" WIDTH="1114" HEIGHT="62">
						<String ID="P110_ST00111" HPOS="594" VPOS="1784" WIDTH="124" HEIGHT="50" CONTENT="alten" WC="0.96" CC="57067"/>
						<SP ID="P110_SP00094" HPOS="718" VPOS="1834" WIDTH="21"/>
						<String ID="P110_ST00112" HPOS="739" VPOS="1785" WIDTH="273" HEIGHT="61" CONTENT="Hausgerät" WC="0.99" CC="064006590"/>
						<SP ID="P110_SP00095" HPOS="1012" VPOS="1846" WIDTH="31"/>
						<String ID="P110_ST00113" HPOS="1043" VPOS="1785" WIDTH="82" HEIGHT="51" CONTENT="der" WC="0.95" CC="056"/>
						<SP ID="P110_SP00096" HPOS="1125" VPOS="1846" WIDTH="26"/>
						<String ID="P110_ST00114" HPOS="1151" VPOS="1804" WIDTH="158" HEIGHT="32" CONTENT="armen" WC="0.97" CC="44065"/>
						<SP ID="P110_SP00097" HPOS="1309" VPOS="1846" WIDTH="22"/>
						<String ID="P110_ST00115" HPOS="1331" VPOS="1788" WIDTH="146" HEIGHT="48" CONTENT="Hütte" WC="0.99" CC="30001"/>
						<SP ID="P110_SP00098" HPOS="1477" VPOS="1846" WIDTH="33"/>
						<String ID="P110_ST00116" HPOS="1510" VPOS="1788" WIDTH="198" HEIGHT="49" CONTENT="machen." WC="0.99" CC="0600303"/>
					</TextLine>
					<TextLine ID="P110_TL00019" HPOS="593" VPOS="1861" WIDTH="1118" HEIGHT="67">
						<String ID="P110_ST00117" HPOS="593" VPOS="1861" WIDTH="114" HEIGHT="51" CONTENT="Und" WC="0.95" CC="760"/>
						<SP ID="P110_SP00099" HPOS="707" VPOS="1912" WIDTH="22"/>
						<String ID="P110_ST00118" HPOS="729" VPOS="1864" WIDTH="254" HEIGHT="60" CONTENT="prachtvoll" WC="0.99" CC="1040741077"/>
						<SP ID="P110_SP00100" HPOS="983" VPOS="1924" WIDTH="22"/>
						<String ID="P110_ST00119" HPOS="1005" VPOS="1864" WIDTH="162" HEIGHT="51" CONTENT="würde" WC="0.98" CC="08006"/>
						<SP ID="P110_SP00101" HPOS="1167" VPOS="1924" WIDTH="22"/>
						<String ID="P110_ST00120" HPOS="1189" VPOS="1865" WIDTH="89" HEIGHT="49" CONTENT="sich" WC="0.99" CC="0300"/>
						<SP ID="P110_SP00102" HPOS="1278" VPOS="1924" WIDTH="24"/>
						<String ID="P110_ST00121" HPOS="1302" VPOS="1865" WIDTH="72" HEIGHT="50" CONTENT="die" WC="0.98" CC="006"/>
						<SP ID="P110_SP00103" HPOS="1374" VPOS="1924" WIDTH="24"/>
						<String ID="P110_ST00122" HPOS="1398" VPOS="1865" WIDTH="313" HEIGHT="63" CONTENT="Beleuchtung" WC="0.99" CC="04735002640"/>
					</TextLine>
					<TextLine ID="P110_TL00020" HPOS="594" VPOS="1940" WIDTH="1117" HEIGHT="65">
						<String ID="P110_ST00123" HPOS="594" VPOS="1940" WIDTH="305" HEIGHT="50" CONTENT="ausnehmen:" WC="0.99" CC="7506000504"/>
						<SP ID="P110_SP00104" HPOS="899" VPOS="1990" WIDTH="56"/>
						<String ID="P110_ST00124" HPOS="955" VPOS="1947" WIDTH="74" HEIGHT="44" CONTENT="ein" WC="0.93" CC="665"/>
						<SP ID="P110_SP00105" HPOS="1029" VPOS="1991" WIDTH="48"/>
						<String ID="P110_ST00125" HPOS="1077" VPOS="1941" WIDTH="288" HEIGHT="51" CONTENT="brennendes" WC="0.99" CC="7662405060"/>
						<SP ID="P110_SP00106" HPOS="1365" VPOS="1992" WIDTH="51"/>
						<String ID="P110_ST00126" HPOS="1416" VPOS="1943" WIDTH="295" HEIGHT="62" CONTENT="Stümpfchen" WC="0.93" CC="0000000006"/>
					</TextLine>
					<TextLine ID="P110_TL00021" HPOS="593" VPOS="2015" WIDTH="1119" HEIGHT="62">
						<String ID="P110_ST00127" HPOS="593" VPOS="2015" WIDTH="224" HEIGHT="62" CONTENT="Talglicht" WC="0.98" CC="517077070"/>
						<SP ID="P110_SP00107" HPOS="817" VPOS="2077" WIDTH="47"/>
						<String ID="P110_ST00128" HPOS="864" VPOS="2019" WIDTH="86" HEIGHT="48" CONTENT="auf" WC="0.96" CC="370"/>
						<SP ID="P110_SP00108" HPOS="950" VPOS="2077" WIDTH="43"/>
						<String ID="P110_ST00129" HPOS="993" VPOS="2024" WIDTH="149" HEIGHT="44" CONTENT="einem" WC="0.97" CC="06453"/>
						<SP ID="P110_SP00109" HPOS="1142" VPOS="2077" WIDTH="47"/>
						<String ID="P110_ST00130" HPOS="1189" VPOS="2019" WIDTH="195" HEIGHT="51" CONTENT="schiefen" WC="0.98" CC="30076576"/>
						<SP ID="P110_SP00110" HPOS="1384" VPOS="2077" WIDTH="49"/>
						<String ID="P110_ST00131" HPOS="1433" VPOS="2018" WIDTH="133" HEIGHT="52" CONTENT="Tisch" WC="0.98" CC="67000"/>
						<SP ID="P110_SP00111" HPOS="1566" VPOS="2077" WIDTH="48"/>
						<String ID="P110_ST00132" HPOS="1614" VPOS="2021" WIDTH="98" HEIGHT="50" CONTENT="und" WC="0.95" CC="650"/>
					</TextLine>
					<TextLine ID="P110_TL00022" HPOS="593" VPOS="2095" WIDTH="1118" HEIGHT="62">
						<String ID="P110_ST00133" HPOS="593" VPOS="2095" WIDTH="136" HEIGHT="50" CONTENT="durch" WC="0.98" CC="05700"/>
						<SP ID="P110_SP00112" HPOS="729" VPOS="2145" WIDTH="41"/>
						<String ID="P110_ST00134" HPOS="770" VPOS="2095" WIDTH="83" HEIGHT="51" CONTENT="das" WC="0.98" CC="060"/>
						<SP ID="P110_SP00113" HPOS="853" VPOS="2146" WIDTH="42"/>
						<String ID="P110_ST00135" HPOS="895" VPOS="2102" WIDTH="178" HEIGHT="55" CONTENT="einzige" WC="0.98" CC="5037604"/>
						<SP ID="P110_SP00114" HPOS="1073" VPOS="2157" WIDTH="40"/>
						<String ID="P110_ST00136" HPOS="1113" VPOS="2096" WIDTH="184" HEIGHT="51" CONTENT="bereifte" WC="0.99" CC="73055006"/>
						<SP ID="P110_SP00115" HPOS="1297" VPOS="2157" WIDTH="33"/>
						<String ID="P110_ST00137" HPOS="1330" VPOS="2099" WIDTH="212" HEIGHT="58" CONTENT="Fenster," WC="0.98" CC="76400654"/>
						<SP ID="P110_SP00116" HPOS="1542" VPOS="2157" WIDTH="32"/>
						<String ID="P110_ST00138" HPOS="1574" VPOS="2098" WIDTH="137" HEIGHT="50" CONTENT="durch" WC="0.97" CC="05607"/>
					</TextLine>
					<TextLine ID="P110_TL00023" HPOS="593" VPOS="2174" WIDTH="1118" HEIGHT="63">
						<String ID="P110_ST00139" HPOS="593" VPOS="2174" WIDTH="291" HEIGHT="58" CONTENT="Eisblumen," WC="0.99" CC="3700060044"/>
						<SP ID="P110_SP00117" HPOS="884" VPOS="2232" WIDTH="48"/>
						<String ID="P110_ST00140" HPOS="932" VPOS="2175" WIDTH="84" HEIGHT="48" CONTENT="das" WC="0.97" CC="060"/>
						<SP ID="P110_SP00118" HPOS="1016" VPOS="2232" WIDTH="50"/>
						<String ID="P110_ST00141" HPOS="1066" VPOS="2175" WIDTH="383" HEIGHT="62" CONTENT="Morgengrauen" WC="0.99" CC="045047006417"/>
						<SP ID="P110_SP00119" HPOS="1449" VPOS="2237" WIDTH="50"/>
						<String ID="P110_ST00142" HPOS="1499" VPOS="2176" WIDTH="81" HEIGHT="50" CONTENT="des" WC="1.00" CC="010"/>
						<SP ID="P110_SP00120" HPOS="1580" VPOS="2237" WIDTH="41"/>
						<String ID="P110_ST00143" HPOS="1621" VPOS="2195" WIDTH="90" HEIGHT="31" CONTENT="an*" WC="0.96" CC="604"/>
					</TextLine>
					<TextLine ID="P110_TL00024" HPOS="592" VPOS="2251" WIDTH="1119" HEIGHT="64">
						<String ID="P110_ST00144" HPOS="592" VPOS="2251" WIDTH="283" HEIGHT="51" CONTENT="brechenden" WC="0.99" CC="0640732070"/>
						<SP ID="P110_SP00121" HPOS="875" VPOS="2302" WIDTH="33"/>
						<String ID="P110_ST00145" HPOS="908" VPOS="2251" WIDTH="172" HEIGHT="64" CONTENT="Tages." WC="0.98" CC="049022"/>
						<SP ID="P110_SP00122" HPOS="1080" VPOS="2315" WIDTH="33"/>
						<String ID="P110_ST00146" HPOS="1113" VPOS="2254" WIDTH="91" HEIGHT="51" CONTENT="Die" WC="0.94" CC="366"/>
						<SP ID="P110_SP00123" HPOS="1204" VPOS="2315" WIDTH="33"/>
						<String ID="P110_ST00147" HPOS="1237" VPOS="2255" WIDTH="128" HEIGHT="48" CONTENT="Frau" WC="0.95" CC="3664"/>
						<SP ID="P110_SP00124" HPOS="1365" VPOS="2315" WIDTH="32"/>
						<String ID="P110_ST00148" HPOS="1397" VPOS="2255" WIDTH="81" HEIGHT="48" CONTENT="hat" WC="1.00" CC="000"/>
						<SP ID="P110_SP00125" HPOS="1478" VPOS="2315" WIDTH="32"/>
						<String ID="P110_ST00149" HPOS="1510" VPOS="2268" WIDTH="95" HEIGHT="37" CONTENT="erst" WC="0.98" CC="3500"/>
						<SP ID="P110_SP00126" HPOS="1605" VPOS="2315" WIDTH="32"/>
						<String ID="P110_ST00150" HPOS="1637" VPOS="2255" WIDTH="74" HEIGHT="50" CONTENT="bei" WC="0.93" CC="764"/>
					</TextLine>
					<TextLine ID="P110_TL00025" HPOS="592" VPOS="2330" WIDTH="1117" HEIGHT="62">
						<String ID="P110_ST00151" HPOS="592" VPOS="2330" WIDTH="352" HEIGHT="61" CONTENT="Tagesanbruch" WC="0.99" CC="050726106300"/>
						<SP ID="P110_SP00127" HPOS="944" VPOS="2391" WIDTH="33"/>
						<String ID="P110_ST00152" HPOS="977" VPOS="2333" WIDTH="221" HEIGHT="59" CONTENT="geboren," WC="0.99" CC="06016604"/>
						<SP ID="P110_SP00128" HPOS="1198" VPOS="2392" WIDTH="31"/>
						<String ID="P110_ST00153" HPOS="1229" VPOS="2333" WIDTH="96" HEIGHT="48" CONTENT="und" WC="0.98" CC="600"/>
						<SP ID="P110_SP00129" HPOS="1325" VPOS="2392" WIDTH="22"/>
						<String ID="P110_ST00154" HPOS="1347" VPOS="2352" WIDTH="98" HEIGHT="30" CONTENT="nun" WC="0.95" CC="760"/>
						<SP ID="P110_SP00130" HPOS="1445" VPOS="2392" WIDTH="23"/>
						<String ID="P110_ST00155" HPOS="1468" VPOS="2334" WIDTH="131" HEIGHT="48" CONTENT="müht" WC="0.98" CC="0070"/>
						<SP ID="P110_SP00131" HPOS="1599" VPOS="2392" WIDTH="22"/>
						<String ID="P110_ST00156" HPOS="1621" VPOS="2334" WIDTH="88" HEIGHT="49" CONTENT="sich" WC="0.97" CC="0607"/>
					</TextLine>
					<TextLine ID="P110_TL00026" HPOS="592" VPOS="2409" WIDTH="1115" HEIGHT="65">
						<String ID="P110_ST00157" HPOS="592" VPOS="2409" WIDTH="81" HEIGHT="49" CONTENT="der" WC="0.95" CC="056"/>
						<SP ID="P110_SP00132" HPOS="673" VPOS="2458" WIDTH="47"/>
						<String ID="P110_ST00158" HPOS="720" VPOS="2409" WIDTH="93" HEIGHT="51" CONTENT="alte" WC="0.95" CC="5766"/>
						<SP ID="P110_SP00133" HPOS="813" VPOS="2460" WIDTH="48"/>
						<String ID="P110_ST00159" HPOS="861" VPOS="2410" WIDTH="187" HEIGHT="50" CONTENT="Doktor" WC="0.99" CC="260003"/>
						<SP ID="P110_SP00134" HPOS="1048" VPOS="2460" WIDTH="47"/>
						<String ID="P110_ST00160" HPOS="1095" VPOS="2429" WIDTH="80" HEIGHT="31" CONTENT="um" WC="0.37" CC="65"/>
						<SP ID="P110_SP00135" HPOS="1175" VPOS="2460" WIDTH="40"/>
						<String ID="P110_ST00161" HPOS="1215" VPOS="2411" WIDTH="84" HEIGHT="50" CONTENT="das" WC="0.98" CC="060"/>
						<SP ID="P110_SP00136" HPOS="1299" VPOS="2461" WIDTH="50"/>
						<String ID="P110_ST00162" HPOS="1349" VPOS="2411" WIDTH="358" HEIGHT="63" CONTENT="Neugeborene," WC="0.99" CC="036067045213"/>
					</TextLine>
					<TextLine ID="P110_TL00027" HPOS="593" VPOS="2488" WIDTH="1115" HEIGHT="63">
						<String ID="P110_ST00163" HPOS="593" VPOS="2488" WIDTH="149" HEIGHT="48" CONTENT="Keine" WC="0.98" CC="05053"/>
						<SP ID="P110_SP00137" HPOS="742" VPOS="2536" WIDTH="33"/>
						<String ID="P110_ST00164" HPOS="775" VPOS="2488" WIDTH="244" HEIGHT="59" CONTENT="Windeln," WC="0.99" CC="00405713"/>
						<SP ID="P110_SP00138" HPOS="1019" VPOS="2547" WIDTH="33"/>
						<String ID="P110_ST00165" HPOS="1052" VPOS="2489" WIDTH="104" HEIGHT="49" CONTENT="kein" WC="0.96" CC="0576"/>
						<SP ID="P110_SP00139" HPOS="1156" VPOS="2547" WIDTH="33"/>
						<String ID="P110_ST00166" HPOS="1189" VPOS="2494" WIDTH="202" HEIGHT="56" CONTENT="einziger" WC="0.98" CC="57557045"/>
						<SP ID="P110_SP00140" HPOS="1391" VPOS="2550" WIDTH="31"/>
						<String ID="P110_ST00167" HPOS="1422" VPOS="2491" WIDTH="192" HEIGHT="60" CONTENT="Lappen" WC="0.98" CC="060065"/>
						<SP ID="P110_SP00141" HPOS="1614" VPOS="2551" WIDTH="33"/>
						<String ID="P110_ST00168" HPOS="1647" VPOS="2496" WIDTH="61" HEIGHT="44" CONTENT="im" WC="0.63" CC="70"/>
					</TextLine>
					<TextLine ID="P110_TL00028" HPOS="592" VPOS="2565" WIDTH="1117" HEIGHT="62">
						<String ID="P110_ST00169" HPOS="592" VPOS="2565" WIDTH="164" HEIGHT="50" CONTENT="Hause" WC="0.97" CC="04517"/>
						<SP ID="P110_SP00142" HPOS="756" VPOS="2615" WIDTH="127"/>
						<String ID="P110_ST00170" HPOS="883" VPOS="2584" WIDTH="49" HEIGHT="31" CONTENT="es" WC="0.68" CC="60"/>
						<SP ID="P110_SP00143" HPOS="932" VPOS="2615" WIDTH="51"/>
						<String ID="P110_ST00171" HPOS="983" VPOS="2566" WIDTH="97" HEIGHT="61" CONTENT="gibt" WC="0.95" CC="9670"/>
						<SP ID="P110_SP00144" HPOS="1080" VPOS="2627" WIDTH="45"/>
						<String ID="P110_ST00172" HPOS="1125" VPOS="2566" WIDTH="151" HEIGHT="51" CONTENT="solche" WC="0.98" CC="057074"/>
						<SP ID="P110_SP00145" HPOS="1276" VPOS="2627" WIDTH="38"/>
						<String ID="P110_ST00173" HPOS="1314" VPOS="2568" WIDTH="197" HEIGHT="58" CONTENT="Armut," WC="0.98" CC="050564"/>
						<SP ID="P110_SP00146" HPOS="1511" VPOS="2627" WIDTH="49"/>
						<String ID="P110_ST00174" HPOS="1560" VPOS="2574" WIDTH="149" HEIGHT="44" CONTENT="meine" WC="0.97" CC="03754"/>
					</TextLine>
					<TextLine ID="P110_TL00029" HPOS="592" VPOS="2643" WIDTH="1117" HEIGHT="60">
						<String ID="P110_ST00175" HPOS="592" VPOS="2643" WIDTH="206" HEIGHT="57" CONTENT="Herren," WC="0.98" CC="0640454"/>
						<SP ID="P110_SP00147" HPOS="798" VPOS="2700" WIDTH="40"/>
						<String ID="P110_ST00176" HPOS="838" VPOS="2644" WIDTH="64" HEIGHT="48" CONTENT="ich" WC="0.95" CC="607"/>
						<SP ID="P110_SP00148" HPOS="902" VPOS="2700" WIDTH="33"/>
						<String ID="P110_ST00177" HPOS="935" VPOS="2645" WIDTH="250" HEIGHT="50" CONTENT="versichere" WC="0.99" CC="0000577654"/>
						<SP ID="P110_SP00149" HPOS="1185" VPOS="2700" WIDTH="34"/>
						<String ID="P110_ST00178" HPOS="1219" VPOS="2645" WIDTH="168" HEIGHT="58" CONTENT="Ihnen," WC="0.99" CC="000024"/>
						<SP ID="P110_SP00150" HPOS="1387" VPOS="2703" WIDTH="39"/>
						<String ID="P110_ST00179" HPOS="1426" VPOS="2646" WIDTH="81" HEIGHT="50" CONTENT="der" WC="0.96" CC="063"/>
						<SP ID="P110_SP00151" HPOS="1507" VPOS="2703" WIDTH="31"/>
						<String ID="P110_ST00180" HPOS="1538" VPOS="2653" WIDTH="171" HEIGHT="44" CONTENT="reinste" WC="0.97" CC="6674066"/>
					</TextLine>
					<TextLine ID="P110_TL00030" HPOS="591" VPOS="2720" WIDTH="1115" HEIGHT="61">
						<String ID="P110_ST00181" HPOS="591" VPOS="2720" WIDTH="284" HEIGHT="57" CONTENT="Realismus," WC="0.99" CC="0506600554"/>
						<SP ID="P110_SP00152" HPOS="875" VPOS="2777" WIDTH="48"/>
						<String ID="P110_ST00182" HPOS="923" VPOS="2729" WIDTH="74" HEIGHT="42" CONTENT="ein" WC="0.95" CC="245"/>
						<SP ID="P110_SP00153" HPOS="997" VPOS="2777" WIDTH="47"/>
						<String ID="P110_ST00183" HPOS="1044" VPOS="2723" WIDTH="283" HEIGHT="58" CONTENT="Realismus," WC="0.99" CC="0677600603"/>
						<SP ID="P110_SP00154" HPOS="1327" VPOS="2781" WIDTH="48"/>
						<String ID="P110_ST00184" HPOS="1375" VPOS="2724" WIDTH="82" HEIGHT="49" CONTENT="der" WC="0.95" CC="057"/>
						<SP ID="P110_SP00155" HPOS="1457" VPOS="2781" WIDTH="47"/>
						<String ID="P110_ST00185" HPOS="1504" VPOS="2724" WIDTH="70" HEIGHT="49" CONTENT="bis" WC="0.95" CC="760"/>
						<SP ID="P110_SP00156" HPOS="1574" VPOS="2781" WIDTH="49"/>
						<String ID="P110_ST00186" HPOS="1623" VPOS="2743" WIDTH="83" HEIGHT="32" CONTENT="ans" WC="0.97" CC="600"/>
					</TextLine>
					<TextLine ID="P110_TL00031" HPOS="592" VPOS="2797" WIDTH="1117" HEIGHT="55">
						<String ID="P110_ST00187" HPOS="592" VPOS="2797" WIDTH="339" HEIGHT="53" CONTENT="Phantastische" WC="0.99" CC="5773060050074"/>
						<SP ID="P110_SP00157" HPOS="931" VPOS="2850" WIDTH="32"/>
						<String ID="P110_ST00188" HPOS="963" VPOS="2801" WIDTH="156" HEIGHT="50" CONTENT="reicht!" WC="0.98" CC="6360705"/>
						<SP ID="P110_SP00158" HPOS="1119" VPOS="2851" WIDTH="34"/>
						<String ID="P110_ST00189" HPOS="1153" VPOS="2801" WIDTH="116" HEIGHT="50" CONTENT="Und" WC="0.95" CC="750"/>
						<SP ID="P110_SP00159" HPOS="1269" VPOS="2851" WIDTH="31"/>
						<String ID="P110_ST00190" HPOS="1300" VPOS="2801" WIDTH="60" HEIGHT="50" CONTENT="da" WC="1.00" CC="00"/>
						<SP ID="P110_SP00160" HPOS="1360" VPOS="2851" WIDTH="22"/>
						<String ID="P110_ST00191" HPOS="1382" VPOS="2801" WIDTH="80" HEIGHT="51" CONTENT="hat" WC="0.99" CC="020"/>
						<SP ID="P110_SP00161" HPOS="1462" VPOS="2852" WIDTH="21"/>
						<String ID="P110_ST00192" HPOS="1483" VPOS="2801" WIDTH="121" HEIGHT="51" CONTENT="denn" WC="0.99" CC="0600"/>
						<SP ID="P110_SP00162" HPOS="1604" VPOS="2852" WIDTH="25"/>
						<String ID="P110_ST00193" HPOS="1629" VPOS="2803" WIDTH="80" HEIGHT="49" CONTENT="der" WC="0.99" CC="002"/>
					</TextLine>
					<TextLine ID="P110_TL00032" HPOS="593" VPOS="2876" WIDTH="1115" HEIGHT="64">
						<String ID="P110_ST00194" HPOS="593" VPOS="2876" WIDTH="142" HEIGHT="50" CONTENT="Greis" WC="0.97" CC="44672"/>
						<SP ID="P110_SP00163" HPOS="735" VPOS="2926" WIDTH="40"/>
						<String ID="P110_ST00195" HPOS="775" VPOS="2877" WIDTH="137" HEIGHT="50" CONTENT="schon" WC="0.99" CC="00024"/>
						<SP ID="P110_SP00164" HPOS="912" VPOS="2927" WIDTH="44"/>
						<String ID="P110_ST00196" HPOS="956" VPOS="2884" WIDTH="155" HEIGHT="44" CONTENT="seinen" WC="0.98" CC="066057"/>
						<SP ID="P110_SP00165" HPOS="1111" VPOS="2928" WIDTH="40"/>
						<String ID="P110_ST00197" HPOS="1151" VPOS="2879" WIDTH="395" HEIGHT="61" CONTENT="fadenscheinigen" WC="0.99" CC="050430905757075"/>
						<SP ID="P110_SP00166" HPOS="1546" VPOS="2940" WIDTH="39"/>
						<String ID="P110_ST00198" HPOS="1585" VPOS="2880" WIDTH="123" HEIGHT="50" CONTENT="Rock" WC="0.97" CC="0507"/>
					</TextLine>
					<TextLine ID="P110_TL00033" HPOS="592" VPOS="2956" WIDTH="1115" HEIGHT="60">
						<String ID="P110_ST00199" HPOS="592" VPOS="2971" WIDTH="321" HEIGHT="45" CONTENT="ausgezogen," WC="0.99" CC="44004620553"/>
						<SP ID="P110_SP00167" HPOS="913" VPOS="3016" WIDTH="40"/>
						<String ID="P110_ST00200" HPOS="953" VPOS="2956" WIDTH="96" HEIGHT="50" CONTENT="und" WC="0.97" CC="600"/>
						<SP ID="P110_SP00168" HPOS="1049" VPOS="3016" WIDTH="39"/>
						<String ID="P110_ST00201" HPOS="1088" VPOS="2956" WIDTH="171" HEIGHT="51" CONTENT="darauf" WC="0.98" CC="060653"/>
						<SP ID="P110_SP00169" HPOS="1259" VPOS="3016" WIDTH="28"/>
						<String ID="P110_ST00202" HPOS="1287" VPOS="2957" WIDTH="83" HEIGHT="50" CONTENT="das" WC="0.97" CC="070"/>
						<SP ID="P110_SP00170" HPOS="1370" VPOS="3016" WIDTH="32"/>
						<String ID="P110_ST00203" HPOS="1402" VPOS="2959" WIDTH="180" HEIGHT="57" CONTENT="Hemd," WC="0.98" CC="15003"/>
						<SP ID="P110_SP00171" HPOS="1582" VPOS="3016" WIDTH="41"/>
						<String ID="P110_ST00204" HPOS="1623" VPOS="2959" WIDTH="84" HEIGHT="49" CONTENT="das" WC="0.97" CC="060"/>
					</TextLine>
					<TextLine ID="P110_TL00034" HPOS="591" VPOS="3034" WIDTH="1118" HEIGHT="53">
						<String ID="P110_ST00205" HPOS="591" VPOS="3049" WIDTH="50" HEIGHT="30" CONTENT="er" WC="0.36" CC="56"/>
						<SP ID="P110_SP00172" HPOS="641" VPOS="3079" WIDTH="32"/>
						<String ID="P110_ST00206" HPOS="673" VPOS="3050" WIDTH="97" HEIGHT="31" CONTENT="nun" WC="0.93" CC="666"/>
						<SP ID="P110_SP00173" HPOS="770" VPOS="3081" WIDTH="31"/>
						<String ID="P110_ST00207" HPOS="801" VPOS="3051" WIDTH="61" HEIGHT="31" CONTENT="zu" WC="0.38" CC="65"/>
						<SP ID="P110_SP00174" HPOS="862" VPOS="3082" WIDTH="17"/>
						<String ID="P110_ST00208" HPOS="879" VPOS="3034" WIDTH="227" HEIGHT="49" CONTENT="Windeln" WC="0.98" CC="0060474"/>
						<SP ID="P110_SP00175" HPOS="1106" VPOS="3083" WIDTH="32"/>
						<String ID="P110_ST00209" HPOS="1138" VPOS="3036" WIDTH="207" HEIGHT="50" CONTENT="zerreißt." WC="0.99" CC="142400303"/>
						<SP ID="P110_SP00176" HPOS="1345" VPOS="3086" WIDTH="34"/>
						<String ID="P110_ST00210" HPOS="1379" VPOS="3036" WIDTH="107" HEIGHT="50" CONTENT="Sein" WC="0.97" CC="0464"/>
						<SP ID="P110_SP00177" HPOS="1486" VPOS="3086" WIDTH="34"/>
						<String ID="P110_ST00211" HPOS="1520" VPOS="3037" WIDTH="189" HEIGHT="50" CONTENT="Gesicht" WC="0.98" CC="5625005"/>
					</TextLine>
					<TextLine ID="P110_TL00035" HPOS="591" VPOS="3110" WIDTH="1115" HEIGHT="54">
						<String ID="P110_ST00212" HPOS="591" VPOS="3114" WIDTH="61" HEIGHT="43" CONTENT="ist" WC="0.98" CC="006"/>
						<SP ID="P110_SP00178" HPOS="652" VPOS="3157" WIDTH="22"/>
						<String ID="P110_ST00213" HPOS="674" VPOS="3123" WIDTH="129" HEIGHT="36" CONTENT="ernst" WC="0.99" CC="30600"/>
						<SP ID="P110_SP00179" HPOS="803" VPOS="3159" WIDTH="24"/>
						<String ID="P110_ST00214" HPOS="827" VPOS="3110" WIDTH="96" HEIGHT="49" CONTENT="und" WC="0.98" CC="040"/>
						<SP ID="P110_SP00180" HPOS="923" VPOS="3159" WIDTH="22"/>
						<String ID="P110_ST00215" HPOS="945" VPOS="3111" WIDTH="325" HEIGHT="51" CONTENT="nachdenklich." WC="0.99" CC="0600954077004"/>
						<SP ID="P110_SP00181" HPOS="1270" VPOS="3162" WIDTH="25"/>
						<String ID="P110_ST00216" HPOS="1295" VPOS="3114" WIDTH="99" HEIGHT="49" CONTENT="Der" WC="0.98" CC="060"/>
						<SP ID="P110_SP00182" HPOS="1394" VPOS="3163" WIDTH="21"/>
						<String ID="P110_ST00217" HPOS="1415" VPOS="3114" WIDTH="148" HEIGHT="49" CONTENT="kleine" WC="0.97" CC="076747"/>
						<SP ID="P110_SP00183" HPOS="1563" VPOS="3163" WIDTH="23"/>
						<String ID="P110_ST00218" HPOS="1586" VPOS="3133" WIDTH="120" HEIGHT="31" CONTENT="neu*" WC="0.95" CC="4654"/>
					</TextLine>
					<TextLine ID="P110_TL00036" HPOS="591" VPOS="3187" WIDTH="1122" HEIGHT="65">
						<String ID="P110_ST00219" HPOS="591" VPOS="3187" WIDTH="231" HEIGHT="61" CONTENT="geborene" WC="0.98" CC="96723643"/>
						<SP ID="P110_SP00184" HPOS="822" VPOS="3248" WIDTH="21"/>
						<String ID="P110_ST00220" HPOS="843" VPOS="3189" WIDTH="313" HEIGHT="62" CONTENT="Judenbengel" WC="0.99" CC="66050025067"/>
						<SP ID="P110_SP00185" HPOS="1156" VPOS="3251" WIDTH="31"/>
						<String ID="P110_ST00221" HPOS="1187" VPOS="3192" WIDTH="186" HEIGHT="60" CONTENT="zappelt" WC="0.99" CC="4600360"/>
						<SP ID="P110_SP00186" HPOS="1373" VPOS="3252" WIDTH="23"/>
						<String ID="P110_ST00222" HPOS="1396" VPOS="3210" WIDTH="89" HEIGHT="31" CONTENT="vor" WC="0.98" CC="005"/>
						<SP ID="P110_SP00187" HPOS="1485" VPOS="3252" WIDTH="25"/>
						<String ID="P110_ST00223" HPOS="1510" VPOS="3192" WIDTH="94" HEIGHT="49" CONTENT="ihm" WC="0.97" CC="060"/>
						<SP ID="P110_SP00188" HPOS="1604" VPOS="3252" WIDTH="23"/>
						<String ID="P110_ST00224" HPOS="1627" VPOS="3194" WIDTH="86" HEIGHT="48" CONTENT="auf" WC="0.94" CC="744"/>
					</TextLine>
					<TextLine ID="P110_TL00037" HPOS="588" VPOS="3265" WIDTH="1118" HEIGHT="67">
						<String ID="P110_ST00225" HPOS="588" VPOS="3265" WIDTH="105" HEIGHT="49" CONTENT="dem" WC="0.96" CC="046"/>
						<SP ID="P110_SP00189" HPOS="693" VPOS="3314" WIDTH="17"/>
						<String ID="P110_ST00226" HPOS="710" VPOS="3267" WIDTH="113" HEIGHT="58" CONTENT="Bett," WC="0.99" CC="16000"/>
						<SP ID="P110_SP00190" HPOS="823" VPOS="3325" WIDTH="18"/>
						<String ID="P110_ST00227" HPOS="841" VPOS="3266" WIDTH="96" HEIGHT="50" CONTENT="und" WC="0.96" CC="640"/>
						<SP ID="P110_SP00191" HPOS="937" VPOS="3325" WIDTH="16"/>
						<String ID="P110_ST00228" HPOS="953" VPOS="3266" WIDTH="81" HEIGHT="51" CONTENT="der" WC="0.97" CC="007"/>
						<SP ID="P110_SP00192" HPOS="1034" VPOS="3325" WIDTH="19"/>
						<String ID="P110_ST00229" HPOS="1053" VPOS="3269" WIDTH="162" HEIGHT="49" CONTENT="Christ" WC="1.00" CC="004000"/>
						<SP ID="P110_SP00193" HPOS="1215" VPOS="3325" WIDTH="22"/>
						<String ID="P110_ST00230" HPOS="1237" VPOS="3275" WIDTH="164" HEIGHT="43" CONTENT="nimmt" WC="1.00" CC="30000"/>
						<SP ID="P110_SP00194" HPOS="1401" VPOS="3325" WIDTH="16"/>
						<String ID="P110_ST00231" HPOS="1417" VPOS="3270" WIDTH="83" HEIGHT="49" CONTENT="das" WC="1.00" CC="000"/>
						<SP ID="P110_SP00195" HPOS="1500" VPOS="3325" WIDTH="13"/>
						<String ID="P110_ST00232" HPOS="1513" VPOS="3270" WIDTH="193" HEIGHT="62" CONTENT="Jüdchen" WC="0.70" CC="4000735"/>
					</TextLine>
					<TextLine ID="P110_TL00038" HPOS="591" VPOS="3345" WIDTH="1115" HEIGHT="53">
						<String ID="P110_ST00233" HPOS="591" VPOS="3345" WIDTH="86" HEIGHT="47" CONTENT="auf" WC="0.96" CC="720"/>
						<SP ID="P110_SP00196" HPOS="677" VPOS="3392" WIDTH="34"/>
						<String ID="P110_ST00234" HPOS="711" VPOS="3350" WIDTH="160" HEIGHT="44" CONTENT="seinen" WC="0.98" CC="050356"/>
						<SP ID="P110_SP00197" HPOS="871" VPOS="3394" WIDTH="40"/>
						<String ID="P110_ST00235" HPOS="911" VPOS="3346" WIDTH="127" HEIGHT="48" CONTENT="Arm" WC="0.99" CC="030"/>
						<SP ID="P110_SP00198" HPOS="1038" VPOS="3394" WIDTH="49"/>
						<String ID="P110_ST00236" HPOS="1087" VPOS="3346" WIDTH="97" HEIGHT="50" CONTENT="und" WC="0.95" CC="650"/>
						<SP ID="P110_SP00199" HPOS="1184" VPOS="3396" WIDTH="39"/>
						<String ID="P110_ST00237" HPOS="1223" VPOS="3347" WIDTH="178" HEIGHT="50" CONTENT="wickelt" WC="0.99" CC="0007370"/>
						<SP ID="P110_SP00200" HPOS="1401" VPOS="3397" WIDTH="40"/>
						<String ID="P110_ST00238" HPOS="1441" VPOS="3366" WIDTH="50" HEIGHT="32" CONTENT="es" WC="0.99" CC="00"/>
						<SP ID="P110_SP00201" HPOS="1491" VPOS="3398" WIDTH="43"/>
						<String ID="P110_ST00239" HPOS="1534" VPOS="3354" WIDTH="46" HEIGHT="43" CONTENT="in" WC="0.65" CC="70"/>
						<SP ID="P110_SP00202" HPOS="1580" VPOS="3398" WIDTH="42"/>
						<String ID="P110_ST00240" HPOS="1622" VPOS="3347" WIDTH="84" HEIGHT="50" CONTENT="das" WC="0.97" CC="070"/>
					</TextLine>
					<TextLine ID="P110_TL00039" HPOS="589" VPOS="3422" WIDTH="1117" HEIGHT="65">
						<String ID="P110_ST00241" HPOS="589" VPOS="3422" WIDTH="173" HEIGHT="57" CONTENT="Hemd," WC="0.99" CC="05003"/>
						<SP ID="P110_SP00203" HPOS="762" VPOS="3479" WIDTH="33"/>
						<String ID="P110_ST00242" HPOS="795" VPOS="3422" WIDTH="84" HEIGHT="51" CONTENT="das" WC="0.97" CC="060"/>
						<SP ID="P110_SP00204" HPOS="879" VPOS="3479" WIDTH="34"/>
						<String ID="P110_ST00243" HPOS="913" VPOS="3441" WIDTH="48" HEIGHT="32" CONTENT="er" WC="0.49" CC="45"/>
						<SP ID="P110_SP00205" HPOS="961" VPOS="3479" WIDTH="32"/>
						<String ID="P110_ST00244" HPOS="993" VPOS="3443" WIDTH="98" HEIGHT="31" CONTENT="von" WC="0.96" CC="046"/>
						<SP ID="P110_SP00206" HPOS="1091" VPOS="3479" WIDTH="34"/>
						<String ID="P110_ST00245" HPOS="1125" VPOS="3430" WIDTH="158" HEIGHT="46" CONTENT="seinen" WC="0.99" CC="027500"/>
						<SP ID="P110_SP00207" HPOS="1283" VPOS="3479" WIDTH="33"/>
						<String ID="P110_ST00246" HPOS="1316" VPOS="3431" WIDTH="194" HEIGHT="56" CONTENT="eigenen" WC="0.98" CC="5603560"/>
						<SP ID="P110_SP00208" HPOS="1510" VPOS="3487" WIDTH="33"/>
						<String ID="P110_ST00247" HPOS="1543" VPOS="3426" WIDTH="163" HEIGHT="50" CONTENT="Schul*" WC="0.97" CC="097674"/>
					</TextLine>
					<TextLine ID="P110_TL00040" HPOS="589" VPOS="3501" WIDTH="1118" HEIGHT="60">
						<String ID="P110_ST00248" HPOS="589" VPOS="3511" WIDTH="102" HEIGHT="37" CONTENT="tern" WC="0.65" CC="2046"/>
						<SP ID="P110_SP00209" HPOS="691" VPOS="3548" WIDTH="34"/>
						<String ID="P110_ST00249" HPOS="725" VPOS="3518" WIDTH="207" HEIGHT="43" CONTENT="gezogen" WC="0.98" CC="0544034"/>
						<SP ID="P110_SP00210" HPOS="932" VPOS="3561" WIDTH="33"/>
						<String ID="P110_ST00250" HPOS="965" VPOS="3501" WIDTH="93" HEIGHT="50" CONTENT="hat." WC="0.98" CC="0613"/>
						<SP ID="P110_SP00211" HPOS="1058" VPOS="3561" WIDTH="42"/>
						<String ID="P110_ST00251" HPOS="1100" VPOS="3504" WIDTH="148" HEIGHT="49" CONTENT="Darin" WC="0.98" CC="07033"/>
						<SP ID="P110_SP00212" HPOS="1248" VPOS="3561" WIDTH="35"/>
						<String ID="P110_ST00252" HPOS="1283" VPOS="3504" WIDTH="139" HEIGHT="49" CONTENT="steckt" WC="0.98" CC="073070"/>
						<SP ID="P110_SP00213" HPOS="1422" VPOS="3561" WIDTH="32"/>
						<String ID="P110_ST00253" HPOS="1454" VPOS="3505" WIDTH="74" HEIGHT="49" CONTENT="die" WC="0.95" CC="065"/>
						<SP ID="P110_SP00214" HPOS="1528" VPOS="3561" WIDTH="32"/>
						<String ID="P110_ST00254" HPOS="1560" VPOS="3505" WIDTH="147" HEIGHT="49" CONTENT="rechte" WC="0.97" CC="439703"/>
					</TextLine>
					<TextLine ID="P110_TL00041" HPOS="589" VPOS="3579" WIDTH="1119" HEIGHT="63">
						<String ID="P110_ST00255" HPOS="589" VPOS="3579" WIDTH="192" HEIGHT="60" CONTENT="Lösung" WC="0.99" CC="101560"/>
						<SP ID="P110_SP00215" HPOS="781" VPOS="3639" WIDTH="18"/>
						<String ID="P110_ST00256" HPOS="799" VPOS="3579" WIDTH="80" HEIGHT="49" CONTENT="der" WC="0.99" CC="020"/>
						<SP ID="P110_SP00216" HPOS="879" VPOS="3639" WIDTH="16"/>
						<String ID="P110_ST00257" HPOS="895" VPOS="3580" WIDTH="290" HEIGHT="62" CONTENT="Judenfrage," WC="0.99" CC="47060076060"/>
						<SP ID="P110_SP00217" HPOS="1185" VPOS="3642" WIDTH="24"/>
						<String ID="P110_ST00258" HPOS="1209" VPOS="3587" WIDTH="149" HEIGHT="45" CONTENT="meine" WC="0.98" CC="04706"/>
						<SP ID="P110_SP00218" HPOS="1358" VPOS="3642" WIDTH="22"/>
						<String ID="P110_ST00259" HPOS="1380" VPOS="3584" WIDTH="204" HEIGHT="48" CONTENT="Herren!" WC="0.98" CC="6523440"/>
						<SP ID="P110_SP00219" HPOS="1584" VPOS="3642" WIDTH="26"/>
						<String ID="P110_ST00260" HPOS="1610" VPOS="3584" WIDTH="98" HEIGHT="50" CONTENT="Der" WC="0.98" CC="032"/>
					</TextLine>
					<TextLine ID="P110_TL00042" HPOS="592" VPOS="3656" WIDTH="1115" HEIGHT="66">
						<String ID="P110_ST00261" HPOS="592" VPOS="3656" WIDTH="345" HEIGHT="62" CONTENT="achtzigjährige" WC="0.99" CC="79703706005705"/>
						<SP ID="P110_SP00220" HPOS="937" VPOS="3718" WIDTH="23"/>
						<String ID="P110_ST00262" HPOS="960" VPOS="3659" WIDTH="156" HEIGHT="49" CONTENT="nackte" WC="0.97" CC="658703"/>
						<SP ID="P110_SP00221" HPOS="1116" VPOS="3718" WIDTH="24"/>
						<String ID="P110_ST00263" HPOS="1140" VPOS="3660" WIDTH="97" HEIGHT="48" CONTENT="und" WC="0.95" CC="670"/>
						<SP ID="P110_SP00222" HPOS="1237" VPOS="3718" WIDTH="24"/>
						<String ID="P110_ST00264" HPOS="1261" VPOS="3679" WIDTH="95" HEIGHT="30" CONTENT="von" WC="0.96" CC="063"/>
						<SP ID="P110_SP00223" HPOS="1356" VPOS="3718" WIDTH="24"/>
						<String ID="P110_ST00265" HPOS="1380" VPOS="3661" WIDTH="81" HEIGHT="50" CONTENT="der" WC="0.95" CC="066"/>
						<SP ID="P110_SP00224" HPOS="1461" VPOS="3718" WIDTH="13"/>
						<String ID="P110_ST00266" HPOS="1474" VPOS="3661" WIDTH="233" HEIGHT="61" CONTENT="Morgen*" WC="0.98" CC="0320574"/>
					</TextLine>
					<TextLine ID="P110_TL00043" HPOS="592" VPOS="3733" WIDTH="1114" HEIGHT="66">
						<String ID="P110_ST00267" HPOS="592" VPOS="3733" WIDTH="122" HEIGHT="50" CONTENT="kälte" WC="0.98" CC="75000"/>
						<SP ID="P110_SP00225" HPOS="714" VPOS="3783" WIDTH="31"/>
						<String ID="P110_ST00268" HPOS="745" VPOS="3737" WIDTH="218" HEIGHT="49" CONTENT="zitternde" WC="0.98" CC="670076605"/>
						<SP ID="P110_SP00226" HPOS="963" VPOS="3786" WIDTH="33"/>
						<String ID="P110_ST00269" HPOS="996" VPOS="3739" WIDTH="186" HEIGHT="60" CONTENT="Körper" WC="0.99" CC="003006"/>
						<SP ID="P110_SP00227" HPOS="1182" VPOS="3799" WIDTH="33"/>
						<String ID="P110_ST00270" HPOS="1215" VPOS="3739" WIDTH="82" HEIGHT="49" CONTENT="des" WC="0.96" CC="055"/>
						<SP ID="P110_SP00228" HPOS="1297" VPOS="3799" WIDTH="33"/>
						<String ID="P110_ST00271" HPOS="1330" VPOS="3740" WIDTH="211" HEIGHT="49" CONTENT="Doktors" WC="0.99" CC="2341330"/>
						<SP ID="P110_SP00229" HPOS="1541" VPOS="3799" WIDTH="41"/>
						<String ID="P110_ST00272" HPOS="1582" VPOS="3741" WIDTH="124" HEIGHT="50" CONTENT="kann" WC="0.96" CC="7603"/>
					</TextLine>
					<TextLine ID="P110_TL00044" HPOS="593" VPOS="3812" WIDTH="1113" HEIGHT="65">
						<String ID="P110_ST00273" HPOS="593" VPOS="3815" WIDTH="62" HEIGHT="44" CONTENT="im" WC="0.39" CC="74"/>
						<SP ID="P110_SP00230" HPOS="655" VPOS="3859" WIDTH="40"/>
						<String ID="P110_ST00274" HPOS="695" VPOS="3812" WIDTH="127" HEIGHT="50" CONTENT="Bilde" WC="0.97" CC="05705"/>
						<SP ID="P110_SP00231" HPOS="822" VPOS="3862" WIDTH="47"/>
						<String ID="P110_ST00275" HPOS="869" VPOS="3819" WIDTH="62" HEIGHT="44" CONTENT="im" WC="0.47" CC="63"/>
						<SP ID="P110_SP00232" HPOS="931" VPOS="3863" WIDTH="33"/>
						<String ID="P110_ST00276" HPOS="964" VPOS="3815" WIDTH="371" HEIGHT="62" CONTENT="Vordergründe" WC="0.99" CC="005074045405"/>
						<SP ID="P110_SP00233" HPOS="1335" VPOS="3877" WIDTH="40"/>
						<String ID="P110_ST00277" HPOS="1375" VPOS="3817" WIDTH="174" HEIGHT="51" CONTENT="stehen." WC="0.98" CC="0560443"/>
						<SP ID="P110_SP00234" HPOS="1549" VPOS="3877" WIDTH="44"/>
						<String ID="P110_ST00278" HPOS="1593" VPOS="3819" WIDTH="113" HEIGHT="49" CONTENT="Viel" WC="0.97" CC="0626"/>
					</TextLine>
					<TextLine ID="P110_TL00045" HPOS="594" VPOS="3887" WIDTH="1112" HEIGHT="58">
						<String ID="P110_ST00279" HPOS="594" VPOS="3887" WIDTH="97" HEIGHT="51" CONTENT="läßt" WC="0.99" CC="0030"/>
						<SP ID="P110_SP00235" HPOS="691" VPOS="3938" WIDTH="41"/>
						<String ID="P110_ST00280" HPOS="732" VPOS="3890" WIDTH="87" HEIGHT="48" CONTENT="sich" WC="0.97" CC="0607"/>
						<SP ID="P110_SP00236" HPOS="819" VPOS="3938" WIDTH="41"/>
						<String ID="P110_ST00281" HPOS="860" VPOS="3892" WIDTH="217" HEIGHT="50" CONTENT="natürlich" WC="1.00" CC="200037000"/>
						<SP ID="P110_SP00237" HPOS="1077" VPOS="3942" WIDTH="42"/>
						<String ID="P110_ST00282" HPOS="1119" VPOS="3913" WIDTH="86" HEIGHT="30" CONTENT="aus" WC="0.98" CC="005"/>
						<SP ID="P110_SP00238" HPOS="1205" VPOS="3943" WIDTH="41"/>
						<String ID="P110_ST00283" HPOS="1246" VPOS="3901" WIDTH="174" HEIGHT="44" CONTENT="seinem" WC="0.97" CC="437655"/>
						<SP ID="P110_SP00239" HPOS="1420" VPOS="3945" WIDTH="42"/>
						<String ID="P110_ST00284" HPOS="1462" VPOS="3896" WIDTH="244" HEIGHT="49" CONTENT="Gesichts*" WC="0.99" CC="640607504"/>
					</TextLine>
				</TextBlock>
				<TextBlock ID="P110_TB00004" HPOS="1754" VPOS="615" WIDTH="1129" HEIGHT="3340" STYLEREFS="TXT_2 PAR_BLOCK">
					<TextLine ID="P110_TL00046" HPOS="1760" VPOS="616" WIDTH="1120" HEIGHT="66">
						<String ID="P110_ST00285" HPOS="1760" VPOS="616" WIDTH="247" HEIGHT="58" CONTENT="ausdruck," WC="0.64" CC="560034074"/>
						<SP ID="P110_SP00240" HPOS="2007" VPOS="674" WIDTH="40"/>
						<String ID="P110_ST00286" HPOS="2047" VPOS="622" WIDTH="148" HEIGHT="46" CONTENT="sowie" WC="0.96" CC="03977"/>
						<SP ID="P110_SP00241" HPOS="2195" VPOS="674" WIDTH="39"/>
						<String ID="P110_ST00287" HPOS="2234" VPOS="618" WIDTH="105" HEIGHT="50" CONTENT="dem" WC="0.96" CC="055"/>
						<SP ID="P110_SP00242" HPOS="2339" VPOS="674" WIDTH="41"/>
						<String ID="P110_ST00288" HPOS="2380" VPOS="619" WIDTH="81" HEIGHT="50" CONTENT="der" WC="0.95" CC="066"/>
						<SP ID="P110_SP00243" HPOS="2461" VPOS="674" WIDTH="31"/>
						<String ID="P110_ST00289" HPOS="2492" VPOS="626" WIDTH="171" HEIGHT="56" CONTENT="jungen" WC="0.98" CC="754042"/>
						<SP ID="P110_SP00244" HPOS="2663" VPOS="682" WIDTH="32"/>
						<String ID="P110_ST00290" HPOS="2695" VPOS="622" WIDTH="185" HEIGHT="53" CONTENT="Mutter" WC="0.97" CC="036457"/>
					</TextLine>
					<TextLine ID="P110_TL00047" HPOS="1760" VPOS="694" WIDTH="1119" HEIGHT="65">
						<String ID="P110_ST00291" HPOS="1760" VPOS="694" WIDTH="207" HEIGHT="51" CONTENT="machen:" WC="0.98" CC="8307510"/>
						<SP ID="P110_SP00245" HPOS="1967" VPOS="745" WIDTH="42"/>
						<String ID="P110_ST00292" HPOS="2009" VPOS="701" WIDTH="67" HEIGHT="43" CONTENT="sie" WC="0.94" CC="274"/>
						<SP ID="P110_SP00246" HPOS="2076" VPOS="745" WIDTH="41"/>
						<String ID="P110_ST00293" HPOS="2117" VPOS="696" WIDTH="118" HEIGHT="50" CONTENT="sieht" WC="0.99" CC="00600"/>
						<SP ID="P110_SP00247" HPOS="2235" VPOS="746" WIDTH="41"/>
						<String ID="P110_ST00294" HPOS="2276" VPOS="698" WIDTH="86" HEIGHT="48" CONTENT="auf" WC="0.94" CC="565"/>
						<SP ID="P110_SP00248" HPOS="2362" VPOS="746" WIDTH="34"/>
						<String ID="P110_ST00295" HPOS="2396" VPOS="697" WIDTH="70" HEIGHT="48" CONTENT="ihr" WC="0.96" CC="504"/>
						<SP ID="P110_SP00249" HPOS="2466" VPOS="746" WIDTH="40"/>
						<String ID="P110_ST00296" HPOS="2506" VPOS="698" WIDTH="373" HEIGHT="61" CONTENT="Neugeborenes" WC="0.99" CC="056057403150"/>
					</TextLine>
					<TextLine ID="P110_TL00048" HPOS="1759" VPOS="772" WIDTH="1121" HEIGHT="61">
						<String ID="P110_ST00297" HPOS="1759" VPOS="772" WIDTH="98" HEIGHT="51" CONTENT="und" WC="0.96" CC="550"/>
						<SP ID="P110_SP00250" HPOS="1857" VPOS="823" WIDTH="30"/>
						<String ID="P110_ST00298" HPOS="1887" VPOS="773" WIDTH="215" HEIGHT="51" CONTENT="wundert" WC="0.98" CC="0500547"/>
						<SP ID="P110_SP00251" HPOS="2102" VPOS="824" WIDTH="32"/>
						<String ID="P110_ST00299" HPOS="2134" VPOS="774" WIDTH="90" HEIGHT="50" CONTENT="sich" WC="1.00" CC="0000"/>
						<SP ID="P110_SP00252" HPOS="2224" VPOS="824" WIDTH="33"/>
						<String ID="P110_ST00300" HPOS="2257" VPOS="776" WIDTH="115" HEIGHT="49" CONTENT="über" WC="0.98" CC="0036"/>
						<SP ID="P110_SP00253" HPOS="2372" VPOS="825" WIDTH="22"/>
						<String ID="P110_ST00301" HPOS="2394" VPOS="776" WIDTH="99" HEIGHT="57" CONTENT="das," WC="0.98" CC="0303"/>
						<SP ID="P110_SP00254" HPOS="2493" VPOS="833" WIDTH="23"/>
						<String ID="P110_ST00302" HPOS="2516" VPOS="795" WIDTH="99" HEIGHT="31" CONTENT="was" WC="0.98" CC="041"/>
						<SP ID="P110_SP00255" HPOS="2615" VPOS="833" WIDTH="24"/>
						<String ID="P110_ST00303" HPOS="2639" VPOS="777" WIDTH="80" HEIGHT="49" CONTENT="der" WC="0.99" CC="011"/>
						<SP ID="P110_SP00256" HPOS="2719" VPOS="833" WIDTH="22"/>
						<String ID="P110_ST00304" HPOS="2741" VPOS="779" WIDTH="139" HEIGHT="50" CONTENT="Dok*" WC="0.95" CC="6474"/>
					</TextLine>
					<TextLine ID="P110_TL00049" HPOS="1760" VPOS="852" WIDTH="1118" HEIGHT="61">
						<String ID="P110_ST00305" HPOS="1760" VPOS="862" WIDTH="75" HEIGHT="38" CONTENT="tor" WC="0.60" CC="406"/>
						<SP ID="P110_SP00257" HPOS="1835" VPOS="900" WIDTH="32"/>
						<String ID="P110_ST00306" HPOS="1867" VPOS="857" WIDTH="82" HEIGHT="44" CONTENT="mit" WC="0.97" CC="053"/>
						<SP ID="P110_SP00258" HPOS="1949" VPOS="901" WIDTH="33"/>
						<String ID="P110_ST00307" HPOS="1982" VPOS="852" WIDTH="94" HEIGHT="49" CONTENT="ihm" WC="0.95" CC="660"/>
						<SP ID="P110_SP00259" HPOS="2076" VPOS="901" WIDTH="33"/>
						<String ID="P110_ST00308" HPOS="2109" VPOS="853" WIDTH="200" HEIGHT="50" CONTENT="anstellt," WC="0.98" CC="440267744"/>
						<SP ID="P110_SP00260" HPOS="2309" VPOS="903" WIDTH="38"/>
						<String ID="P110_ST00309" HPOS="2347" VPOS="854" WIDTH="197" HEIGHT="50" CONTENT="»Dieser" WC="0.98" CC="2066367"/>
						<SP ID="P110_SP00261" HPOS="2544" VPOS="904" WIDTH="20"/>
						<String ID="P110_ST00310" HPOS="2564" VPOS="872" WIDTH="141" HEIGHT="41" CONTENT="arme," WC="0.97" CC="55064"/>
						<SP ID="P110_SP00262" HPOS="2705" VPOS="913" WIDTH="24"/>
						<String ID="P110_ST00311" HPOS="2729" VPOS="856" WIDTH="149" HEIGHT="52" CONTENT="kleine" WC="0.97" CC="070766"/>
					</TextLine>
					<TextLine ID="P110_TL00050" HPOS="1760" VPOS="928" WIDTH="1122" HEIGHT="64">
						<String ID="P110_ST00312" HPOS="1760" VPOS="928" WIDTH="113" HEIGHT="62" CONTENT="Jude" WC="0.97" CC="4503"/>
						<SP ID="P110_SP00263" HPOS="1873" VPOS="990" WIDTH="32"/>
						<String ID="P110_ST00313" HPOS="1905" VPOS="929" WIDTH="117" HEIGHT="50" CONTENT="wird" WC="1.00" CC="0020"/>
						<SP ID="P110_SP00264" HPOS="2022" VPOS="990" WIDTH="32"/>
						<String ID="P110_ST00314" HPOS="2054" VPOS="931" WIDTH="115" HEIGHT="61" CONTENT="groß" WC="0.99" CC="0020"/>
						<SP ID="P110_SP00265" HPOS="2169" VPOS="992" WIDTH="31"/>
						<String ID="P110_ST00315" HPOS="2200" VPOS="931" WIDTH="185" HEIGHT="50" CONTENT="werden" WC="0.99" CC="044040"/>
						<SP ID="P110_SP00266" HPOS="2385" VPOS="992" WIDTH="23"/>
						<String ID="P110_ST00316" HPOS="2408" VPOS="932" WIDTH="96" HEIGHT="49" CONTENT="und" WC="0.97" CC="600"/>
						<SP ID="P110_SP00267" HPOS="2504" VPOS="992" WIDTH="22"/>
						<String ID="P110_ST00317" HPOS="2526" VPOS="932" WIDTH="220" HEIGHT="51" CONTENT="vielleicht" WC="0.99" CC="0767067000"/>
						<SP ID="P110_SP00268" HPOS="2746" VPOS="992" WIDTH="24"/>
						<String ID="P110_ST00318" HPOS="2770" VPOS="936" WIDTH="112" HEIGHT="49" CONTENT="auch" WC="0.98" CC="5300"/>
					</TextLine>
					<TextLine ID="P110_TL00051" HPOS="1761" VPOS="1007" WIDTH="1121" HEIGHT="59">
						<String ID="P110_ST00319" HPOS="1761" VPOS="1011" WIDTH="98" HEIGHT="45" CONTENT="sein" WC="0.96" CC="0476"/>
						<SP ID="P110_SP00269" HPOS="1859" VPOS="1056" WIDTH="18"/>
						<String ID="P110_ST00320" HPOS="1877" VPOS="1007" WIDTH="156" HEIGHT="49" CONTENT="Hemd" WC="0.97" CC="2540"/>
						<SP ID="P110_SP00270" HPOS="2033" VPOS="1056" WIDTH="23"/>
						<String ID="P110_ST00321" HPOS="2056" VPOS="1007" WIDTH="236" HEIGHT="59" CONTENT="abziehen," WC="0.50" CC="571770554"/>
						<SP ID="P110_SP00271" HPOS="2292" VPOS="1066" WIDTH="23"/>
						<String ID="P110_ST00322" HPOS="2315" VPOS="1027" WIDTH="80" HEIGHT="31" CONTENT="um" WC="0.56" CC="34"/>
						<SP ID="P110_SP00272" HPOS="2395" VPOS="1066" WIDTH="23"/>
						<String ID="P110_ST00323" HPOS="2418" VPOS="1028" WIDTH="48" HEIGHT="31" CONTENT="es" WC="1.00" CC="00"/>
						<SP ID="P110_SP00273" HPOS="2466" VPOS="1066" WIDTH="24"/>
						<String ID="P110_ST00324" HPOS="2490" VPOS="1014" WIDTH="149" HEIGHT="45" CONTENT="einem" WC="0.96" CC="37429"/>
						<SP ID="P110_SP00274" HPOS="2639" VPOS="1066" WIDTH="19"/>
						<String ID="P110_ST00325" HPOS="2658" VPOS="1011" WIDTH="224" HEIGHT="50" CONTENT="Christen" WC="0.98" CC="07360367"/>
					</TextLine>
					<TextLine ID="P110_TL00052" HPOS="1761" VPOS="1087" WIDTH="1122" HEIGHT="58">
						<String ID="P110_ST00326" HPOS="1761" VPOS="1103" WIDTH="61" HEIGHT="31" CONTENT="zu" WC="0.33" CC="66"/>
						<SP ID="P110_SP00275" HPOS="1822" VPOS="1134" WIDTH="49"/>
						<String ID="P110_ST00327" HPOS="1871" VPOS="1087" WIDTH="170" HEIGHT="58" CONTENT="geben," WC="0.97" CC="967034"/>
						<SP ID="P110_SP00276" HPOS="2041" VPOS="1145" WIDTH="47"/>
						<String ID="P110_ST00328" HPOS="2088" VPOS="1105" WIDTH="137" HEIGHT="31" CONTENT="wenn" WC="0.98" CC="0044"/>
						<SP ID="P110_SP00277" HPOS="2225" VPOS="1145" WIDTH="42"/>
						<String ID="P110_ST00329" HPOS="2267" VPOS="1106" WIDTH="48" HEIGHT="30" CONTENT="er" WC="0.71" CC="22"/>
						<SP ID="P110_SP00278" HPOS="2315" VPOS="1145" WIDTH="48"/>
						<String ID="P110_ST00330" HPOS="2363" VPOS="1088" WIDTH="89" HEIGHT="50" CONTENT="sich" WC="0.98" CC="1007"/>
						<SP ID="P110_SP00279" HPOS="2452" VPOS="1145" WIDTH="40"/>
						<String ID="P110_ST00331" HPOS="2492" VPOS="1087" WIDTH="82" HEIGHT="51" CONTENT="der" WC="0.95" CC="066"/>
						<SP ID="P110_SP00280" HPOS="2574" VPOS="1145" WIDTH="41"/>
						<String ID="P110_ST00332" HPOS="2615" VPOS="1088" WIDTH="268" HEIGHT="52" CONTENT="Geschichte" WC="0.99" CC="0610750045"/>
					</TextLine>
					<TextLine ID="P110_TL00053" HPOS="1761" VPOS="1163" WIDTH="1117" HEIGHT="53">
						<String ID="P110_ST00333" HPOS="1761" VPOS="1168" WIDTH="150" HEIGHT="46" CONTENT="seiner" WC="0.98" CC="356407"/>
						<SP ID="P110_SP00281" HPOS="1911" VPOS="1214" WIDTH="35"/>
						<String ID="P110_ST00334" HPOS="1946" VPOS="1163" WIDTH="189" HEIGHT="51" CONTENT="Geburt" WC="0.99" CC="340050"/>
						<SP ID="P110_SP00282" HPOS="2135" VPOS="1214" WIDTH="32"/>
						<String ID="P110_ST00335" HPOS="2167" VPOS="1169" WIDTH="229" HEIGHT="45" CONTENT="erinnert«" WC="0.98" CC="556633500"/>
						<SP ID="P110_SP00283" HPOS="2396" VPOS="1214" WIDTH="97"/>
						<String ID="P110_ST00336" HPOS="2493" VPOS="1166" WIDTH="140" HEIGHT="50" CONTENT="denkt" WC="0.99" CC="06200"/>
						<SP ID="P110_SP00284" HPOS="2633" VPOS="1216" WIDTH="20"/>
						<String ID="P110_ST00337" HPOS="2653" VPOS="1167" WIDTH="225" HEIGHT="49" CONTENT="vielleicht" WC="0.99" CC="0457725073"/>
					</TextLine>
					<TextLine ID="P110_TL00054" HPOS="1761" VPOS="1243" WIDTH="1119" HEIGHT="53">
						<String ID="P110_ST00338" HPOS="1761" VPOS="1246" WIDTH="47" HEIGHT="45" CONTENT="in" WC="1.00" CC="00"/>
						<SP ID="P110_SP00285" HPOS="1808" VPOS="1291" WIDTH="41"/>
						<String ID="P110_ST00339" HPOS="1849" VPOS="1247" WIDTH="187" HEIGHT="44" CONTENT="naivem" WC="0.98" CC="366062"/>
						<SP ID="P110_SP00286" HPOS="2036" VPOS="1291" WIDTH="39"/>
						<String ID="P110_ST00340" HPOS="2075" VPOS="1243" WIDTH="97" HEIGHT="48" CONTENT="und" WC="0.97" CC="600"/>
						<SP ID="P110_SP00287" HPOS="2172" VPOS="1291" WIDTH="31"/>
						<String ID="P110_ST00341" HPOS="2203" VPOS="1243" WIDTH="149" HEIGHT="50" CONTENT="edlem" WC="0.98" CC="30070"/>
						<SP ID="P110_SP00288" HPOS="2352" VPOS="1293" WIDTH="36"/>
						<String ID="P110_ST00342" HPOS="2388" VPOS="1243" WIDTH="221" HEIGHT="51" CONTENT="Glauben" WC="0.98" CC="2752063"/>
						<SP ID="P110_SP00289" HPOS="2609" VPOS="1294" WIDTH="40"/>
						<String ID="P110_ST00343" HPOS="2649" VPOS="1243" WIDTH="82" HEIGHT="52" CONTENT="der" WC="0.96" CC="054"/>
						<SP ID="P110_SP00290" HPOS="2731" VPOS="1295" WIDTH="30"/>
						<String ID="P110_ST00344" HPOS="2761" VPOS="1246" WIDTH="119" HEIGHT="50" CONTENT="Alte" WC="0.98" CC="0700"/>
					</TextLine>
					<TextLine ID="P110_TL00055" HPOS="1760" VPOS="1320" WIDTH="1113" HEIGHT="63">
						<String ID="P110_ST00345" HPOS="1760" VPOS="1322" WIDTH="75" HEIGHT="48" CONTENT="bei" WC="0.97" CC="016"/>
						<SP ID="P110_SP00291" HPOS="1835" VPOS="1370" WIDTH="33"/>
						<String ID="P110_ST00346" HPOS="1868" VPOS="1322" WIDTH="102" HEIGHT="48" CONTENT="sich." WC="0.97" CC="07074"/>
						<SP ID="P110_SP00292" HPOS="1970" VPOS="1370" WIDTH="39"/>
						<String ID="P110_ST00347" HPOS="2009" VPOS="1320" WIDTH="142" HEIGHT="51" CONTENT="Wird" WC="0.97" CC="0750"/>
						<SP ID="P110_SP00293" HPOS="2151" VPOS="1371" WIDTH="32"/>
						<String ID="P110_ST00348" HPOS="2183" VPOS="1322" WIDTH="84" HEIGHT="49" CONTENT="das" WC="0.97" CC="060"/>
						<SP ID="P110_SP00294" HPOS="2267" VPOS="1371" WIDTH="33"/>
						<String ID="P110_ST00349" HPOS="2300" VPOS="1327" WIDTH="42" HEIGHT="56" CONTENT="je" WC="0.45" CC="46"/>
						<SP ID="P110_SP00295" HPOS="2342" VPOS="1383" WIDTH="33"/>
						<String ID="P110_ST00350" HPOS="2375" VPOS="1322" WIDTH="278" HEIGHT="61" CONTENT="geschehen?" WC="0.99" CC="0600057309"/>
						<SP ID="P110_SP00296" HPOS="2653" VPOS="1383" WIDTH="34"/>
						<String ID="P110_ST00351" HPOS="2687" VPOS="1323" WIDTH="186" HEIGHT="51" CONTENT="Wahr*" WC="0.99" CC="00054"/>
					</TextLine>
					<TextLine ID="P110_TL00056" HPOS="1761" VPOS="1399" WIDTH="1119" HEIGHT="59">
						<String ID="P110_ST00352" HPOS="1761" VPOS="1399" WIDTH="232" HEIGHT="51" CONTENT="scheinlich" WC="0.80" CC="0000666000"/>
						<SP ID="P110_SP00297" HPOS="1993" VPOS="1450" WIDTH="31"/>
						<String ID="P110_ST00353" HPOS="2024" VPOS="1399" WIDTH="126" HEIGHT="50" CONTENT="wohl" WC="0.98" CC="0407"/>
						<SP ID="P110_SP00298" HPOS="2150" VPOS="1450" WIDTH="24"/>
						<String ID="P110_ST00354" HPOS="2174" VPOS="1400" WIDTH="134" HEIGHT="58" CONTENT="nicht," WC="0.99" CC="060004"/>
						<SP ID="P110_SP00299" HPOS="2308" VPOS="1458" WIDTH="29"/>
						<String ID="P110_ST00355" HPOS="2337" VPOS="1400" WIDTH="110" HEIGHT="50" CONTENT="aber" WC="0.95" CC="2765"/>
						<SP ID="P110_SP00300" HPOS="2447" VPOS="1458" WIDTH="22"/>
						<String ID="P110_ST00356" HPOS="2469" VPOS="1418" WIDTH="49" HEIGHT="32" CONTENT="es" WC="0.67" CC="60"/>
						<SP ID="P110_SP00301" HPOS="2518" VPOS="1458" WIDTH="23"/>
						<String ID="P110_ST00357" HPOS="2541" VPOS="1407" WIDTH="60" HEIGHT="44" CONTENT="ist" WC="0.95" CC="705"/>
						<SP ID="P110_SP00302" HPOS="2601" VPOS="1458" WIDTH="24"/>
						<String ID="P110_ST00358" HPOS="2625" VPOS="1402" WIDTH="118" HEIGHT="49" CONTENT="nicht" WC="0.98" CC="06070"/>
						<SP ID="P110_SP00303" HPOS="2743" VPOS="1458" WIDTH="22"/>
						<String ID="P110_ST00359" HPOS="2765" VPOS="1421" WIDTH="115" HEIGHT="32" CONTENT="aus*" WC="0.98" CC="0504"/>
					</TextLine>
					<TextLine ID="P110_TL00057" HPOS="1761" VPOS="1477" WIDTH="1118" HEIGHT="62">
						<String ID="P110_ST00360" HPOS="1761" VPOS="1477" WIDTH="307" HEIGHT="61" CONTENT="geschlossen," WC="0.99" CC="040076600764"/>
						<SP ID="P110_SP00304" HPOS="2068" VPOS="1538" WIDTH="40"/>
						<String ID="P110_ST00361" HPOS="2108" VPOS="1477" WIDTH="90" HEIGHT="50" CONTENT="daß" WC="0.97" CC="070"/>
						<SP ID="P110_SP00305" HPOS="2198" VPOS="1538" WIDTH="35"/>
						<String ID="P110_ST00362" HPOS="2233" VPOS="1496" WIDTH="49" HEIGHT="31" CONTENT="es" WC="0.69" CC="60"/>
						<SP ID="P110_SP00306" HPOS="2282" VPOS="1538" WIDTH="34"/>
						<String ID="P110_ST00363" HPOS="2316" VPOS="1478" WIDTH="238" HEIGHT="61" CONTENT="geschieht." WC="0.99" CC="0600056733"/>
						<SP ID="P110_SP00307" HPOS="2554" VPOS="1539" WIDTH="43"/>
						<String ID="P110_ST00364" HPOS="2597" VPOS="1479" WIDTH="100" HEIGHT="50" CONTENT="Das" WC="0.97" CC="061"/>
						<SP ID="P110_SP00308" HPOS="2697" VPOS="1539" WIDTH="36"/>
						<String ID="P110_ST00365" HPOS="2733" VPOS="1478" WIDTH="146" HEIGHT="60" CONTENT="beste," WC="0.98" CC="750044"/>
					</TextLine>
					<TextLine ID="P110_TL00058" HPOS="1759" VPOS="1557" WIDTH="1112" HEIGHT="61">
						<String ID="P110_ST00366" HPOS="1759" VPOS="1574" WIDTH="100" HEIGHT="32" CONTENT="was" WC="0.98" CC="040"/>
						<SP ID="P110_SP00309" HPOS="1859" VPOS="1606" WIDTH="33"/>
						<String ID="P110_ST00367" HPOS="1892" VPOS="1560" WIDTH="87" HEIGHT="45" CONTENT="wir" WC="0.95" CC="066"/>
						<SP ID="P110_SP00310" HPOS="1979" VPOS="1606" WIDTH="31"/>
						<String ID="P110_ST00368" HPOS="2010" VPOS="1568" WIDTH="86" HEIGHT="37" CONTENT="tun" WC="0.94" CC="456"/>
						<SP ID="P110_SP00311" HPOS="2096" VPOS="1606" WIDTH="33"/>
						<String ID="P110_ST00369" HPOS="2129" VPOS="1557" WIDTH="203" HEIGHT="57" CONTENT="können," WC="0.98" CC="3046614"/>
						<SP ID="P110_SP00312" HPOS="2332" VPOS="1614" WIDTH="33"/>
						<String ID="P110_ST00370" HPOS="2365" VPOS="1562" WIDTH="59" HEIGHT="44" CONTENT="ist" WC="0.96" CC="604"/>
						<SP ID="P110_SP00313" HPOS="2424" VPOS="1614" WIDTH="105"/>
						<String ID="P110_ST00371" HPOS="2529" VPOS="1557" WIDTH="217" HEIGHT="61" CONTENT="glauben," WC="0.99" CC="00650564"/>
						<SP ID="P110_SP00314" HPOS="2746" VPOS="1618" WIDTH="33"/>
						<String ID="P110_ST00372" HPOS="2779" VPOS="1558" WIDTH="92" HEIGHT="49" CONTENT="daß" WC="0.97" CC="043"/>
					</TextLine>
					<TextLine ID="P110_TL00059" HPOS="1760" VPOS="1634" WIDTH="1119" HEIGHT="60">
						<String ID="P110_ST00373" HPOS="1760" VPOS="1634" WIDTH="149" HEIGHT="50" CONTENT="dieses" WC="0.98" CC="065060"/>
						<SP ID="P110_SP00315" HPOS="1909" VPOS="1684" WIDTH="23"/>
						<String ID="P110_ST00374" HPOS="1932" VPOS="1634" WIDTH="247" HEIGHT="60" CONTENT="geschehen" WC="0.98" CC="049075753"/>
						<SP ID="P110_SP00316" HPOS="2179" VPOS="1694" WIDTH="24"/>
						<String ID="P110_ST00375" HPOS="2203" VPOS="1635" WIDTH="124" HEIGHT="49" CONTENT="kann" WC="0.96" CC="5156"/>
						<SP ID="P110_SP00317" HPOS="2327" VPOS="1694" WIDTH="21"/>
						<String ID="P110_ST00376" HPOS="2348" VPOS="1634" WIDTH="97" HEIGHT="50" CONTENT="und" WC="0.96" CC="550"/>
						<SP ID="P110_SP00318" HPOS="2445" VPOS="1694" WIDTH="20"/>
						<String ID="P110_ST00377" HPOS="2465" VPOS="1634" WIDTH="131" HEIGHT="50" CONTENT="wird." WC="0.99" CC="00502"/>
						<SP ID="P110_SP00319" HPOS="2596" VPOS="1694" WIDTH="24"/>
						<String ID="P110_ST00378" HPOS="2620" VPOS="1635" WIDTH="99" HEIGHT="50" CONTENT="Der" WC="0.94" CC="356"/>
						<SP ID="P110_SP00320" HPOS="2719" VPOS="1694" WIDTH="19"/>
						<String ID="P110_ST00379" HPOS="2738" VPOS="1635" WIDTH="141" HEIGHT="50" CONTENT="Dok*" WC="0.98" CC="4104"/>
					</TextLine>
					<TextLine ID="P110_TL00060" HPOS="1759" VPOS="1710" WIDTH="1118" HEIGHT="60">
						<String ID="P110_ST00380" HPOS="1759" VPOS="1723" WIDTH="77" HEIGHT="38" CONTENT="tor" WC="0.82" CC="050"/>
						<SP ID="P110_SP00321" HPOS="1836" VPOS="1761" WIDTH="39"/>
						<String ID="P110_ST00381" HPOS="1875" VPOS="1710" WIDTH="80" HEIGHT="50" CONTENT="hat" WC="0.98" CC="050"/>
						<SP ID="P110_SP00322" HPOS="1955" VPOS="1761" WIDTH="40"/>
						<String ID="P110_ST00382" HPOS="1995" VPOS="1710" WIDTH="112" HEIGHT="51" CONTENT="aber" WC="0.94" CC="6766"/>
						<SP ID="P110_SP00323" HPOS="2107" VPOS="1761" WIDTH="39"/>
						<String ID="P110_ST00383" HPOS="2146" VPOS="1712" WIDTH="140" HEIGHT="49" CONTENT="schon" WC="0.98" CC="00745"/>
						<SP ID="P110_SP00324" HPOS="2286" VPOS="1761" WIDTH="41"/>
						<String ID="P110_ST00384" HPOS="2327" VPOS="1717" WIDTH="75" HEIGHT="44" CONTENT="ein" WC="0.96" CC="450"/>
						<SP ID="P110_SP00325" HPOS="2402" VPOS="1761" WIDTH="39"/>
						<String ID="P110_ST00385" HPOS="2441" VPOS="1712" WIDTH="155" HEIGHT="58" CONTENT="Recht," WC="0.98" CC="060054"/>
						<SP ID="P110_SP00326" HPOS="2596" VPOS="1770" WIDTH="41"/>
						<String ID="P110_ST00386" HPOS="2637" VPOS="1712" WIDTH="143" HEIGHT="49" CONTENT="daran" WC="0.97" CC="04543"/>
						<SP ID="P110_SP00327" HPOS="2780" VPOS="1770" WIDTH="34"/>
						<String ID="P110_ST00387" HPOS="2814" VPOS="1732" WIDTH="63" HEIGHT="30" CONTENT="zu" WC="0.81" CC="30"/>
					</TextLine>
					<TextLine ID="P110_TL00061" HPOS="1760" VPOS="1789" WIDTH="1119" HEIGHT="62">
						<String ID="P110_ST00388" HPOS="1760" VPOS="1789" WIDTH="217" HEIGHT="60" CONTENT="glauben," WC="0.98" CC="07510544"/>
						<SP ID="P110_SP00328" HPOS="1977" VPOS="1849" WIDTH="32"/>
						<String ID="P110_ST00389" HPOS="2009" VPOS="1789" WIDTH="121" HEIGHT="50" CONTENT="denn" WC="0.97" CC="0652"/>
						<SP ID="P110_SP00329" HPOS="2130" VPOS="1849" WIDTH="33"/>
						<String ID="P110_ST00390" HPOS="2163" VPOS="1795" WIDTH="46" HEIGHT="44" CONTENT="in" WC="0.51" CC="63"/>
						<SP ID="P110_SP00330" HPOS="2209" VPOS="1849" WIDTH="33"/>
						<String ID="P110_ST00391" HPOS="2242" VPOS="1789" WIDTH="94" HEIGHT="50" CONTENT="ihm" WC="0.93" CC="665"/>
						<SP ID="P110_SP00331" HPOS="2336" VPOS="1849" WIDTH="33"/>
						<String ID="P110_ST00392" HPOS="2369" VPOS="1795" WIDTH="59" HEIGHT="45" CONTENT="ist" WC="0.95" CC="605"/>
						<SP ID="P110_SP00332" HPOS="2428" VPOS="1849" WIDTH="33"/>
						<String ID="P110_ST00393" HPOS="2461" VPOS="1809" WIDTH="49" HEIGHT="31" CONTENT="es" WC="0.80" CC="30"/>
						<SP ID="P110_SP00333" HPOS="2510" VPOS="1849" WIDTH="31"/>
						<String ID="P110_ST00394" HPOS="2541" VPOS="1797" WIDTH="47" HEIGHT="54" CONTENT="ja" WC="0.27" CC="77"/>
						<SP ID="P110_SP00334" HPOS="2588" VPOS="1851" WIDTH="33"/>
						<String ID="P110_ST00395" HPOS="2621" VPOS="1790" WIDTH="139" HEIGHT="50" CONTENT="schon" WC="0.97" CC="00766"/>
						<SP ID="P110_SP00335" HPOS="2760" VPOS="1851" WIDTH="33"/>
						<String ID="P110_ST00396" HPOS="2793" VPOS="1808" WIDTH="86" HEIGHT="43" CONTENT="ge*" WC="0.96" CC="054"/>
					</TextLine>
					<TextLine ID="P110_TL00062" HPOS="1759" VPOS="1868" WIDTH="1118" HEIGHT="61">
						<String ID="P110_ST00397" HPOS="1759" VPOS="1868" WIDTH="213" HEIGHT="49" CONTENT="schehen:" WC="0.69" CC="06000564"/>
						<SP ID="P110_SP00336" HPOS="1972" VPOS="1917" WIDTH="46"/>
						<String ID="P110_ST00398" HPOS="2018" VPOS="1868" WIDTH="168" HEIGHT="49" CONTENT="»Habe" WC="0.98" CC="00473"/>
						<SP ID="P110_SP00337" HPOS="2186" VPOS="1917" WIDTH="31"/>
						<String ID="P110_ST00399" HPOS="2217" VPOS="1868" WIDTH="65" HEIGHT="48" CONTENT="ich" WC="0.95" CC="607"/>
						<SP ID="P110_SP00338" HPOS="2282" VPOS="1917" WIDTH="33"/>
						<String ID="P110_ST00400" HPOS="2315" VPOS="1886" WIDTH="50" HEIGHT="31" CONTENT="es" WC="0.59" CC="52"/>
						<SP ID="P110_SP00339" HPOS="2365" VPOS="1917" WIDTH="34"/>
						<String ID="P110_ST00401" HPOS="2399" VPOS="1881" WIDTH="155" HEIGHT="48" CONTENT="getan," WC="0.98" CC="040641"/>
						<SP ID="P110_SP00340" HPOS="2554" VPOS="1929" WIDTH="34"/>
						<String ID="P110_ST00402" HPOS="2588" VPOS="1887" WIDTH="56" HEIGHT="30" CONTENT="so" WC="0.68" CC="05"/>
						<SP ID="P110_SP00341" HPOS="2644" VPOS="1929" WIDTH="32"/>
						<String ID="P110_ST00403" HPOS="2676" VPOS="1869" WIDTH="115" HEIGHT="48" CONTENT="wird" WC="0.99" CC="0060"/>
						<SP ID="P110_SP00342" HPOS="2791" VPOS="1929" WIDTH="35"/>
						<String ID="P110_ST00404" HPOS="2826" VPOS="1887" WIDTH="51" HEIGHT="32" CONTENT="es" WC="0.67" CC="60"/>
					</TextLine>
					<TextLine ID="P110_TL00063" HPOS="1759" VPOS="1945" WIDTH="1118" HEIGHT="57">
						<String ID="P110_ST00405" HPOS="1759" VPOS="1947" WIDTH="113" HEIGHT="48" CONTENT="auch" WC="0.99" CC="6000"/>
						<SP ID="P110_SP00343" HPOS="1872" VPOS="1995" WIDTH="33"/>
						<String ID="P110_ST00406" HPOS="1905" VPOS="1952" WIDTH="74" HEIGHT="43" CONTENT="ein" WC="0.93" CC="476"/>
						<SP ID="P110_SP00344" HPOS="1979" VPOS="1995" WIDTH="33"/>
						<String ID="P110_ST00407" HPOS="2012" VPOS="1945" WIDTH="194" HEIGHT="51" CONTENT="anderer" WC="0.98" CC="5306663"/>
						<SP ID="P110_SP00345" HPOS="2206" VPOS="1996" WIDTH="32"/>
						<String ID="P110_ST00408" HPOS="2238" VPOS="1959" WIDTH="110" HEIGHT="43" CONTENT="tun,-" WC="0.98" CC="05044"/>
						<SP ID="P110_SP00346" HPOS="2348" VPOS="2002" WIDTH="29"/>
						<String ID="P110_ST00409" HPOS="2377" VPOS="1947" WIDTH="79" HEIGHT="49" CONTENT="bin" WC="0.98" CC="006"/>
						<SP ID="P110_SP00347" HPOS="2456" VPOS="2002" WIDTH="23"/>
						<String ID="P110_ST00410" HPOS="2479" VPOS="1947" WIDTH="64" HEIGHT="49" CONTENT="ich" WC="0.97" CC="007"/>
						<SP ID="P110_SP00348" HPOS="2543" VPOS="2002" WIDTH="25"/>
						<String ID="P110_ST00411" HPOS="2568" VPOS="1947" WIDTH="122" HEIGHT="50" CONTENT="denn" WC="0.98" CC="0520"/>
						<SP ID="P110_SP00349" HPOS="2690" VPOS="2002" WIDTH="24"/>
						<String ID="P110_ST00412" HPOS="2714" VPOS="1948" WIDTH="163" HEIGHT="49" CONTENT="besser" WC="0.99" CC="020006"/>
					</TextLine>
					<TextLine ID="P110_TL00064" HPOS="1760" VPOS="2023" WIDTH="1113" HEIGHT="61">
						<String ID="P110_ST00413" HPOS="1760" VPOS="2023" WIDTH="68" HEIGHT="49" CONTENT="als" WC="0.95" CC="606"/>
						<SP ID="P110_SP00350" HPOS="1828" VPOS="2072" WIDTH="25"/>
						<String ID="P110_ST00414" HPOS="1853" VPOS="2029" WIDTH="72" HEIGHT="43" CONTENT="ein" WC="0.95" CC="670"/>
						<SP ID="P110_SP00351" HPOS="1925" VPOS="2072" WIDTH="23"/>
						<String ID="P110_ST00415" HPOS="1948" VPOS="2023" WIDTH="268" HEIGHT="59" CONTENT="anderer?«," WC="0.99" CC="5300457004"/>
						<SP ID="P110_SP00352" HPOS="2216" VPOS="2082" WIDTH="33"/>
						<String ID="P110_ST00416" HPOS="2249" VPOS="2034" WIDTH="107" HEIGHT="50" CONTENT="sagt" WC="0.99" CC="0600"/>
						<SP ID="P110_SP00353" HPOS="2356" VPOS="2084" WIDTH="32"/>
						<String ID="P110_ST00417" HPOS="2388" VPOS="2042" WIDTH="48" HEIGHT="32" CONTENT="er" WC="0.47" CC="63"/>
						<SP ID="P110_SP00354" HPOS="2436" VPOS="2084" WIDTH="33"/>
						<String ID="P110_ST00418" HPOS="2469" VPOS="2024" WIDTH="103" HEIGHT="57" CONTENT="sich," WC="0.98" CC="05902"/>
						<SP ID="P110_SP00355" HPOS="2572" VPOS="2084" WIDTH="24"/>
						<String ID="P110_ST00419" HPOS="2596" VPOS="2043" WIDTH="80" HEIGHT="29" CONTENT="um" WC="1.00" CC="00"/>
						<SP ID="P110_SP00356" HPOS="2676" VPOS="2084" WIDTH="23"/>
						<String ID="P110_ST00420" HPOS="2699" VPOS="2024" WIDTH="90" HEIGHT="50" CONTENT="sich" WC="1.00" CC="0000"/>
						<SP ID="P110_SP00357" HPOS="2789" VPOS="2084" WIDTH="23"/>
						<String ID="P110_ST00421" HPOS="2812" VPOS="2043" WIDTH="61" HEIGHT="31" CONTENT="zu" WC="0.45" CC="46"/>
					</TextLine>
					<TextLine ID="P110_TL00065" HPOS="1759" VPOS="2102" WIDTH="1119" HEIGHT="57">
						<String ID="P110_ST00422" HPOS="1759" VPOS="2102" WIDTH="253" HEIGHT="50" CONTENT="stärken,,." WC="0.99" CC="0606050343"/>
						<SP ID="P110_SP00358" HPOS="2012" VPOS="2152" WIDTH="28"/>
						<String ID="P110_ST00423" HPOS="2040" VPOS="2103" WIDTH="166" HEIGHT="48" CONTENT="Dieser" WC="0.97" CC="373065"/>
						<SP ID="P110_SP00359" HPOS="2206" VPOS="2152" WIDTH="24"/>
						<String ID="P110_ST00424" HPOS="2230" VPOS="2102" WIDTH="346" HEIGHT="57" CONTENT="»Allmensch«," WC="0.99" CC="157706000003"/>
						<SP ID="P110_SP00360" HPOS="2576" VPOS="2159" WIDTH="21"/>
						<String ID="P110_ST00425" HPOS="2597" VPOS="2121" WIDTH="90" HEIGHT="31" CONTENT="wie" WC="0.96" CC="045"/>
						<SP ID="P110_SP00361" HPOS="2687" VPOS="2159" WIDTH="22"/>
						<String ID="P110_ST00426" HPOS="2709" VPOS="2103" WIDTH="63" HEIGHT="48" CONTENT="ich" WC="1.00" CC="000"/>
						<SP ID="P110_SP00362" HPOS="2772" VPOS="2159" WIDTH="19"/>
						<String ID="P110_ST00427" HPOS="2791" VPOS="2103" WIDTH="87" HEIGHT="48" CONTENT="den" WC="0.96" CC="054"/>
					</TextLine>
					<TextLine ID="P110_TL00066" HPOS="1758" VPOS="2176" WIDTH="1119" HEIGHT="65">
						<String ID="P110_ST00428" HPOS="1758" VPOS="2176" WIDTH="109" HEIGHT="65" CONTENT="Typ" WC="0.97" CC="060"/>
						<SP ID="P110_SP00363" HPOS="1867" VPOS="2241" WIDTH="32"/>
						<String ID="P110_ST00429" HPOS="1899" VPOS="2187" WIDTH="124" HEIGHT="54" CONTENT="jenes" WC="0.98" CC="36100"/>
						<SP ID="P110_SP00364" HPOS="2023" VPOS="2241" WIDTH="33"/>
						<String ID="P110_ST00430" HPOS="2056" VPOS="2180" WIDTH="126" HEIGHT="50" CONTENT="alten" WC="0.95" CC="67576"/>
						<SP ID="P110_SP00365" HPOS="2182" VPOS="2241" WIDTH="32"/>
						<String ID="P110_ST00431" HPOS="2214" VPOS="2182" WIDTH="212" HEIGHT="48" CONTENT="Doktors" WC="0.99" CC="0506150"/>
						<SP ID="P110_SP00366" HPOS="2426" VPOS="2241" WIDTH="40"/>
						<String ID="P110_ST00432" HPOS="2466" VPOS="2199" WIDTH="182" HEIGHT="31" CONTENT="nennen" WC="0.98" CC="551160"/>
						<SP ID="P110_SP00367" HPOS="2648" VPOS="2241" WIDTH="33"/>
						<String ID="P110_ST00433" HPOS="2681" VPOS="2180" WIDTH="196" HEIGHT="59" CONTENT="möchte," WC="1.00" CC="0000031"/>
					</TextLine>
					<TextLine ID="P110_TL00067" HPOS="1759" VPOS="2258" WIDTH="1111" HEIGHT="57">
						<String ID="P110_ST00434" HPOS="1759" VPOS="2277" WIDTH="138" HEIGHT="30" CONTENT="wenn" WC="0.98" CC="0503"/>
						<SP ID="P110_SP00368" HPOS="1897" VPOS="2307" WIDTH="32"/>
						<String ID="P110_ST00435" HPOS="1929" VPOS="2275" WIDTH="50" HEIGHT="32" CONTENT="er" WC="0.44" CC="46"/>
						<SP ID="P110_SP00369" HPOS="1979" VPOS="2307" WIDTH="31"/>
						<String ID="P110_ST00436" HPOS="2010" VPOS="2258" WIDTH="112" HEIGHT="48" CONTENT="auch" WC="0.95" CC="5690"/>
						<SP ID="P110_SP00370" HPOS="2122" VPOS="2307" WIDTH="33"/>
						<String ID="P110_ST00437" HPOS="2155" VPOS="2277" WIDTH="89" HEIGHT="30" CONTENT="nur" WC="0.95" CC="346"/>
						<SP ID="P110_SP00371" HPOS="2244" VPOS="2307" WIDTH="32"/>
						<String ID="P110_ST00438" HPOS="2276" VPOS="2264" WIDTH="74" HEIGHT="43" CONTENT="ein" WC="0.95" CC="066"/>
						<SP ID="P110_SP00372" HPOS="2350" VPOS="2307" WIDTH="31"/>
						<String ID="P110_ST00439" HPOS="2381" VPOS="2258" WIDTH="252" HEIGHT="49" CONTENT="Einzelner" WC="0.98" CC="700637655"/>
						<SP ID="P110_SP00373" HPOS="2633" VPOS="2307" WIDTH="31"/>
						<String ID="P110_ST00440" HPOS="2664" VPOS="2277" WIDTH="115" HEIGHT="38" CONTENT="war," WC="0.96" CC="0673"/>
						<SP ID="P110_SP00374" HPOS="2779" VPOS="2315" WIDTH="35"/>
						<String ID="P110_ST00441" HPOS="2814" VPOS="2277" WIDTH="56" HEIGHT="30" CONTENT="so" WC="0.69" CC="06"/>
					</TextLine>
					<TextLine ID="P110_TL00068" HPOS="1759" VPOS="2335" WIDTH="1118" HEIGHT="50">
						<String ID="P110_ST00442" HPOS="1759" VPOS="2335" WIDTH="81" HEIGHT="48" CONTENT="hat" WC="0.95" CC="660"/>
						<SP ID="P110_SP00375" HPOS="1840" VPOS="2383" WIDTH="38"/>
						<String ID="P110_ST00443" HPOS="1878" VPOS="2353" WIDTH="50" HEIGHT="30" CONTENT="er" WC="0.33" CC="67"/>
						<SP ID="P110_SP00376" HPOS="1928" VPOS="2383" WIDTH="41"/>
						<String ID="P110_ST00444" HPOS="1969" VPOS="2335" WIDTH="110" HEIGHT="48" CONTENT="doch" WC="1.00" CC="0000"/>
						<SP ID="P110_SP00377" HPOS="2079" VPOS="2383" WIDTH="42"/>
						<String ID="P110_ST00445" HPOS="2121" VPOS="2335" WIDTH="114" HEIGHT="50" CONTENT="über" WC="0.96" CC="0746"/>
						<SP ID="P110_SP00378" HPOS="2235" VPOS="2385" WIDTH="31"/>
						<String ID="P110_ST00446" HPOS="2266" VPOS="2342" WIDTH="172" HEIGHT="43" CONTENT="seinem" WC="0.98" CC="026560"/>
						<SP ID="P110_SP00379" HPOS="2438" VPOS="2385" WIDTH="35"/>
						<String ID="P110_ST00447" HPOS="2473" VPOS="2335" WIDTH="165" HEIGHT="50" CONTENT="Grabe" WC="0.97" CC="47504"/>
						<SP ID="P110_SP00380" HPOS="2638" VPOS="2385" WIDTH="39"/>
						<String ID="P110_ST00448" HPOS="2677" VPOS="2335" WIDTH="73" HEIGHT="50" CONTENT="die" WC="0.96" CC="074"/>
						<SP ID="P110_SP00381" HPOS="2750" VPOS="2385" WIDTH="33"/>
						<String ID="P110_ST00449" HPOS="2783" VPOS="2336" WIDTH="94" HEIGHT="49" CONTENT="Be*" WC="0.95" CC="634"/>
					</TextLine>
					<TextLine ID="P110_TL00069" HPOS="1758" VPOS="2413" WIDTH="1119" HEIGHT="62">
						<String ID="P110_ST00450" HPOS="1758" VPOS="2414" WIDTH="259" HEIGHT="61" CONTENT="völkerung" WC="0.54" CC="007055569"/>
						<SP ID="P110_SP00382" HPOS="2017" VPOS="2475" WIDTH="49"/>
						<String ID="P110_ST00451" HPOS="2066" VPOS="2419" WIDTH="123" HEIGHT="44" CONTENT="einer" WC="0.96" CC="57636"/>
						<SP ID="P110_SP00383" HPOS="2189" VPOS="2475" WIDTH="50"/>
						<String ID="P110_ST00452" HPOS="2239" VPOS="2430" WIDTH="178" HEIGHT="45" CONTENT="ganzen" WC="0.99" CC="040720"/>
						<SP ID="P110_SP00384" HPOS="2417" VPOS="2475" WIDTH="37"/>
						<String ID="P110_ST00453" HPOS="2454" VPOS="2413" WIDTH="134" HEIGHT="52" CONTENT="Stadt" WC="0.99" CC="00600"/>
						<SP ID="P110_SP00385" HPOS="2588" VPOS="2475" WIDTH="46"/>
						<String ID="P110_ST00454" HPOS="2634" VPOS="2419" WIDTH="243" HEIGHT="56" CONTENT="vereinigt." WC="0.99" CC="0651047013"/>
					</TextLine>
					<TextLine ID="P110_TL00070" HPOS="1758" VPOS="2491" WIDTH="1117" HEIGHT="50">
						<String ID="P110_ST00455" HPOS="1758" VPOS="2491" WIDTH="143" HEIGHT="50" CONTENT="Diese" WC="0.99" CC="00405"/>
						<SP ID="P110_SP00386" HPOS="1901" VPOS="2541" WIDTH="31"/>
						<String ID="P110_ST00456" HPOS="1932" VPOS="2491" WIDTH="255" HEIGHT="50" CONTENT="russischen" WC="0.99" CC="4530609004"/>
						<SP ID="P110_SP00387" HPOS="2187" VPOS="2541" WIDTH="20"/>
						<String ID="P110_ST00457" HPOS="2207" VPOS="2491" WIDTH="195" HEIGHT="50" CONTENT="Weiber" WC="0.98" CC="066045"/>
						<SP ID="P110_SP00388" HPOS="2402" VPOS="2541" WIDTH="31"/>
						<String ID="P110_ST00458" HPOS="2433" VPOS="2491" WIDTH="97" HEIGHT="50" CONTENT="und" WC="0.98" CC="400"/>
						<SP ID="P110_SP00389" HPOS="2530" VPOS="2541" WIDTH="32"/>
						<String ID="P110_ST00459" HPOS="2562" VPOS="2493" WIDTH="124" HEIGHT="48" CONTENT="diese" WC="1.00" CC="00000"/>
						<SP ID="P110_SP00390" HPOS="2686" VPOS="2541" WIDTH="31"/>
						<String ID="P110_ST00460" HPOS="2717" VPOS="2510" WIDTH="158" HEIGHT="31" CONTENT="armen" WC="0.96" CC="65077"/>
					</TextLine>
					<TextLine ID="P110_TL00071" HPOS="1758" VPOS="2569" WIDTH="1116" HEIGHT="62">
						<String ID="P110_ST00461" HPOS="1758" VPOS="2569" WIDTH="224" HEIGHT="62" CONTENT="Jüdinnen" WC="0.99" CC="40750440"/>
						<SP ID="P110_SP00391" HPOS="1982" VPOS="2631" WIDTH="33"/>
						<String ID="P110_ST00462" HPOS="2015" VPOS="2569" WIDTH="152" HEIGHT="49" CONTENT="haben" WC="0.97" CC="55054"/>
						<SP ID="P110_SP00392" HPOS="2167" VPOS="2631" WIDTH="22"/>
						<String ID="P110_ST00463" HPOS="2189" VPOS="2588" WIDTH="271" HEIGHT="32" CONTENT="zusammen" WC="0.99" CC="40050056"/>
						<SP ID="P110_SP00393" HPOS="2460" VPOS="2631" WIDTH="23"/>
						<String ID="P110_ST00464" HPOS="2483" VPOS="2575" WIDTH="124" HEIGHT="43" CONTENT="seine" WC="0.98" CC="03607"/>
						<SP ID="P110_SP00394" HPOS="2607" VPOS="2631" WIDTH="23"/>
						<String ID="P110_ST00465" HPOS="2630" VPOS="2570" WIDTH="134" HEIGHT="50" CONTENT="Füße" WC="0.96" CC="5085"/>
						<SP ID="P110_SP00395" HPOS="2764" VPOS="2631" WIDTH="24"/>
						<String ID="P110_ST00466" HPOS="2788" VPOS="2587" WIDTH="86" HEIGHT="43" CONTENT="ge*" WC="0.97" CC="024"/>
					</TextLine>
					<TextLine ID="P110_TL00072" HPOS="1756" VPOS="2648" WIDTH="1117" HEIGHT="61">
						<String ID="P110_ST00467" HPOS="1756" VPOS="2648" WIDTH="131" HEIGHT="55" CONTENT="küßt," WC="0.98" CC="00463"/>
						<SP ID="P110_SP00396" HPOS="1887" VPOS="2703" WIDTH="22"/>
						<String ID="P110_ST00468" HPOS="1909" VPOS="2648" WIDTH="148" HEIGHT="49" CONTENT="haben" WC="0.98" CC="70022"/>
						<SP ID="P110_SP00397" HPOS="2057" VPOS="2703" WIDTH="26"/>
						<String ID="P110_ST00469" HPOS="2083" VPOS="2648" WIDTH="87" HEIGHT="49" CONTENT="sich" WC="0.97" CC="0607"/>
						<SP ID="P110_SP00398" HPOS="2170" VPOS="2703" WIDTH="25"/>
						<String ID="P110_ST00470" HPOS="2195" VPOS="2653" WIDTH="283" HEIGHT="56" CONTENT="gemeinsam" WC="0.99" CC="904600050"/>
						<SP ID="P110_SP00399" HPOS="2478" VPOS="2709" WIDTH="19"/>
						<String ID="P110_ST00471" HPOS="2497" VPOS="2667" WIDTH="58" HEIGHT="30" CONTENT="an" WC="0.46" CC="64"/>
						<SP ID="P110_SP00400" HPOS="2555" VPOS="2709" WIDTH="19"/>
						<String ID="P110_ST00472" HPOS="2574" VPOS="2653" WIDTH="157" HEIGHT="44" CONTENT="seinen" WC="0.98" CC="036334"/>
						<SP ID="P110_SP00401" HPOS="2731" VPOS="2709" WIDTH="22"/>
						<String ID="P110_ST00473" HPOS="2753" VPOS="2648" WIDTH="120" HEIGHT="61" CONTENT="Sarg" WC="0.97" CC="3620"/>
					</TextLine>
					<TextLine ID="P110_TL00073" HPOS="1756" VPOS="2724" WIDTH="1114" HEIGHT="62">
						<String ID="P110_ST00474" HPOS="1756" VPOS="2724" WIDTH="225" HEIGHT="62" CONTENT="gedrängt" WC="0.99" CC="06060200"/>
						<SP ID="P110_SP00402" HPOS="1981" VPOS="2786" WIDTH="36"/>
						<String ID="P110_ST00475" HPOS="2017" VPOS="2724" WIDTH="96" HEIGHT="49" CONTENT="und" WC="0.99" CC="030"/>
						<SP ID="P110_SP00403" HPOS="2113" VPOS="2786" WIDTH="37"/>
						<String ID="P110_ST00476" HPOS="2150" VPOS="2743" WIDTH="271" HEIGHT="32" CONTENT="zusammen" WC="0.98" CC="64067437"/>
						<SP ID="P110_SP00404" HPOS="2421" VPOS="2786" WIDTH="38"/>
						<String ID="P110_ST00477" HPOS="2459" VPOS="2730" WIDTH="214" HEIGHT="56" CONTENT="geweint." WC="0.99" CC="04056003"/>
						<SP ID="P110_SP00405" HPOS="2673" VPOS="2786" WIDTH="42"/>
						<String ID="P110_ST00478" HPOS="2715" VPOS="2725" WIDTH="155" HEIGHT="50" CONTENT="Acht*" WC="0.99" CC="00004"/>
					</TextLine>
					<TextLine ID="P110_TL00074" HPOS="1756" VPOS="2801" WIDTH="1119" HEIGHT="64">
						<String ID="P110_ST00479" HPOS="1756" VPOS="2803" WIDTH="275" HEIGHT="62" CONTENT="undfünfzig" WC="0.68" CC="6090034700"/>
						<SP ID="P110_SP00406" HPOS="2031" VPOS="2865" WIDTH="16"/>
						<String ID="P110_ST00480" HPOS="2047" VPOS="2803" WIDTH="134" HEIGHT="62" CONTENT="Jahre" WC="0.96" CC="46725"/>
						<SP ID="P110_SP00407" HPOS="2181" VPOS="2865" WIDTH="16"/>
						<String ID="P110_ST00481" HPOS="2197" VPOS="2803" WIDTH="168" HEIGHT="49" CONTENT="Dienst" WC="0.98" CC="675100"/>
						<SP ID="P110_SP00408" HPOS="2365" VPOS="2865" WIDTH="21"/>
						<String ID="P110_ST00482" HPOS="2386" VPOS="2804" WIDTH="75" HEIGHT="48" CONTENT="für" WC="0.97" CC="204"/>
						<SP ID="P110_SP00409" HPOS="2461" VPOS="2865" WIDTH="18"/>
						<String ID="P110_ST00483" HPOS="2479" VPOS="2801" WIDTH="72" HEIGHT="51" CONTENT="die" WC="0.95" CC="075"/>
						<SP ID="P110_SP00410" HPOS="2551" VPOS="2865" WIDTH="18"/>
						<String ID="P110_ST00484" HPOS="2569" VPOS="2803" WIDTH="306" HEIGHT="58" CONTENT="Menschheit," WC="0.99" CC="06600005734"/>
					</TextLine>
					<TextLine ID="P110_TL00075" HPOS="1756" VPOS="2880" WIDTH="1118" HEIGHT="64">
						<String ID="P110_ST00485" HPOS="1756" VPOS="2881" WIDTH="378" HEIGHT="61" CONTENT="achtundfünfzig" WC="1.00" CC="20704500000670"/>
						<SP ID="P110_SP00411" HPOS="2134" VPOS="2942" WIDTH="33"/>
						<String ID="P110_ST00486" HPOS="2167" VPOS="2881" WIDTH="132" HEIGHT="63" CONTENT="Jahre" WC="0.97" CC="47024"/>
						<SP ID="P110_SP00412" HPOS="2299" VPOS="2944" WIDTH="40"/>
						<String ID="P110_ST00487" HPOS="2339" VPOS="2880" WIDTH="362" HEIGHT="51" CONTENT="unermüdlicher" WC="0.99" CC="6076009049006"/>
						<SP ID="P110_SP00413" HPOS="2701" VPOS="2944" WIDTH="33"/>
						<String ID="P110_ST00488" HPOS="2734" VPOS="2881" WIDTH="140" HEIGHT="50" CONTENT="Liebe" WC="0.97" CC="07076"/>
					</TextLine>
					<TextLine ID="P110_TL00076" HPOS="1756" VPOS="2957" WIDTH="1118" HEIGHT="61">
						<String ID="P110_ST00489" HPOS="1756" VPOS="2957" WIDTH="150" HEIGHT="51" CONTENT="haben" WC="0.97" CC="67036"/>
						<SP ID="P110_SP00414" HPOS="1906" VPOS="3008" WIDTH="50"/>
						<String ID="P110_ST00490" HPOS="1956" VPOS="2959" WIDTH="87" HEIGHT="49" CONTENT="alle" WC="0.95" CC="6762"/>
						<SP ID="P110_SP00415" HPOS="2043" VPOS="3008" WIDTH="41"/>
						<String ID="P110_ST00491" HPOS="2084" VPOS="2964" WIDTH="281" HEIGHT="54" CONTENT="wenigstens" WC="0.99" CC="0066000600"/>
						<SP ID="P110_SP00416" HPOS="2365" VPOS="3018" WIDTH="49"/>
						<String ID="P110_ST00492" HPOS="2414" VPOS="2959" WIDTH="168" HEIGHT="49" CONTENT="einmal" WC="0.98" CC="470057"/>
						<SP ID="P110_SP00417" HPOS="2582" VPOS="3018" WIDTH="39"/>
						<String ID="P110_ST00493" HPOS="2621" VPOS="2978" WIDTH="82" HEIGHT="30" CONTENT="um" WC="0.34" CC="75"/>
						<SP ID="P110_SP00418" HPOS="2703" VPOS="3018" WIDTH="38"/>
						<String ID="P110_ST00494" HPOS="2741" VPOS="2964" WIDTH="133" HEIGHT="43" CONTENT="einen" WC="0.96" CC="26457"/>
					</TextLine>
					<TextLine ID="P110_TL00077" HPOS="1755" VPOS="3036" WIDTH="1116" HEIGHT="62">
						<String ID="P110_ST00495" HPOS="1755" VPOS="3037" WIDTH="118" HEIGHT="60" CONTENT="Sarg" WC="0.97" CC="1750"/>
						<SP ID="P110_SP00419" HPOS="1873" VPOS="3097" WIDTH="33"/>
						<String ID="P110_ST00496" HPOS="1906" VPOS="3041" WIDTH="47" HEIGHT="46" CONTENT="in" WC="0.29" CC="76"/>
						<SP ID="P110_SP00420" HPOS="1953" VPOS="3097" WIDTH="32"/>
						<String ID="P110_ST00497" HPOS="1985" VPOS="3037" WIDTH="193" HEIGHT="61" CONTENT="gleicher" WC="0.98" CC="07650745"/>
						<SP ID="P110_SP00421" HPOS="2178" VPOS="3098" WIDTH="31"/>
						<String ID="P110_ST00498" HPOS="2209" VPOS="3039" WIDTH="328" HEIGHT="59" CONTENT="Begeisterung" WC="0.99" CC="070060055020"/>
						<SP ID="P110_SP00422" HPOS="2537" VPOS="3098" WIDTH="41"/>
						<String ID="P110_ST00499" HPOS="2578" VPOS="3036" WIDTH="97" HEIGHT="51" CONTENT="und" WC="0.96" CC="630"/>
						<SP ID="P110_SP00423" HPOS="2675" VPOS="3098" WIDTH="31"/>
						<String ID="P110_ST00500" HPOS="2706" VPOS="3044" WIDTH="46" HEIGHT="43" CONTENT="in" WC="0.39" CC="65"/>
						<SP ID="P110_SP00424" HPOS="2752" VPOS="3098" WIDTH="34"/>
						<String ID="P110_ST00501" HPOS="2786" VPOS="3054" WIDTH="85" HEIGHT="43" CONTENT="ge*" WC="0.99" CC="020"/>
					</TextLine>
					<TextLine ID="P110_TL00078" HPOS="1756" VPOS="3112" WIDTH="1115" HEIGHT="65">
						<String ID="P110_ST00502" HPOS="1756" VPOS="3120" WIDTH="275" HEIGHT="44" CONTENT="meinsamer" WC="0.72" CC="006600056"/>
						<SP ID="P110_SP00425" HPOS="2031" VPOS="3164" WIDTH="40"/>
						<String ID="P110_ST00503" HPOS="2071" VPOS="3112" WIDTH="182" HEIGHT="52" CONTENT="Trauer" WC="0.99" CC="045013"/>
						<SP ID="P110_SP00426" HPOS="2253" VPOS="3164" WIDTH="47"/>
						<String ID="P110_ST00504" HPOS="2300" VPOS="3120" WIDTH="240" HEIGHT="56" CONTENT="vereinigt." WC="0.99" CC="0662520003"/>
						<SP ID="P110_SP00427" HPOS="2540" VPOS="3176" WIDTH="50"/>
						<String ID="P110_ST00505" HPOS="2590" VPOS="3116" WIDTH="91" HEIGHT="48" CONTENT="Die" WC="0.95" CC="074"/>
						<SP ID="P110_SP00428" HPOS="2681" VPOS="3176" WIDTH="39"/>
						<String ID="P110_ST00506" HPOS="2720" VPOS="3125" WIDTH="151" HEIGHT="52" CONTENT="ganze" WC="0.98" CC="74410"/>
					</TextLine>
					<TextLine ID="P110_TL00079" HPOS="1755" VPOS="3194" WIDTH="1118" HEIGHT="61">
						<String ID="P110_ST00507" HPOS="1755" VPOS="3194" WIDTH="133" HEIGHT="49" CONTENT="Stadt" WC="0.98" CC="04700"/>
						<SP ID="P110_SP00429" HPOS="1888" VPOS="3243" WIDTH="45"/>
						<String ID="P110_ST00508" HPOS="1933" VPOS="3194" WIDTH="217" HEIGHT="61" CONTENT="begleitet" WC="0.99" CC="030765540"/>
						<SP ID="P110_SP00430" HPOS="2150" VPOS="3255" WIDTH="47"/>
						<String ID="P110_ST00509" HPOS="2197" VPOS="3194" WIDTH="94" HEIGHT="58" CONTENT="ihn," WC="0.95" CC="6764"/>
						<SP ID="P110_SP00431" HPOS="2291" VPOS="3255" WIDTH="47"/>
						<String ID="P110_ST00510" HPOS="2338" VPOS="3194" WIDTH="72" HEIGHT="49" CONTENT="die" WC="0.97" CC="061"/>
						<SP ID="P110_SP00432" HPOS="2410" VPOS="3255" WIDTH="56"/>
						<String ID="P110_ST00511" HPOS="2466" VPOS="3194" WIDTH="209" HEIGHT="49" CONTENT="Glocken" WC="0.99" CC="0060056"/>
						<SP ID="P110_SP00433" HPOS="2675" VPOS="3255" WIDTH="54"/>
						<String ID="P110_ST00512" HPOS="2729" VPOS="3194" WIDTH="144" HEIGHT="49" CONTENT="aller" WC="0.95" CC="97744"/>
					</TextLine>
					<TextLine ID="P110_TL00080" HPOS="1756" VPOS="3270" WIDTH="1115" HEIGHT="62">
						<String ID="P110_ST00513" HPOS="1756" VPOS="3271" WIDTH="341" HEIGHT="51" CONTENT="Gotteshäuser" WC="0.99" CC="523350095035"/>
						<SP ID="P110_SP00434" HPOS="2097" VPOS="3322" WIDTH="21"/>
						<String ID="P110_ST00514" HPOS="2118" VPOS="3271" WIDTH="172" HEIGHT="59" CONTENT="läuten," WC="0.98" CC="7040723"/>
						<SP ID="P110_SP00435" HPOS="2290" VPOS="3330" WIDTH="24"/>
						<String ID="P110_ST00515" HPOS="2314" VPOS="3271" WIDTH="95" HEIGHT="50" CONTENT="und" WC="0.97" CC="440"/>
						<SP ID="P110_SP00436" HPOS="2409" VPOS="3330" WIDTH="22"/>
						<String ID="P110_ST00516" HPOS="2431" VPOS="3276" WIDTH="46" HEIGHT="43" CONTENT="in" WC="0.51" CC="63"/>
						<SP ID="P110_SP00437" HPOS="2477" VPOS="3330" WIDTH="22"/>
						<String ID="P110_ST00517" HPOS="2499" VPOS="3271" WIDTH="121" HEIGHT="50" CONTENT="allen" WC="0.96" CC="47764"/>
						<SP ID="P110_SP00438" HPOS="2620" VPOS="3330" WIDTH="25"/>
						<String ID="P110_ST00518" HPOS="2645" VPOS="3270" WIDTH="226" HEIGHT="62" CONTENT="Sprachen" WC="0.99" CC="00150760"/>
					</TextLine>
					<TextLine ID="P110_TL00081" HPOS="1754" VPOS="3349" WIDTH="1115" HEIGHT="63">
						<String ID="P110_ST00519" HPOS="1754" VPOS="3350" WIDTH="188" HEIGHT="49" CONTENT="werden" WC="0.98" CC="026066"/>
						<SP ID="P110_SP00439" HPOS="1942" VPOS="3399" WIDTH="33"/>
						<String ID="P110_ST00520" HPOS="1975" VPOS="3351" WIDTH="71" HEIGHT="48" CONTENT="die" WC="0.95" CC="076"/>
						<SP ID="P110_SP00440" HPOS="2046" VPOS="3399" WIDTH="24"/>
						<String ID="P110_ST00521" HPOS="2070" VPOS="3350" WIDTH="183" HEIGHT="49" CONTENT="Gebete" WC="0.97" CC="457056"/>
						<SP ID="P110_SP00441" HPOS="2253" VPOS="3399" WIDTH="33"/>
						<String ID="P110_ST00522" HPOS="2286" VPOS="3351" WIDTH="75" HEIGHT="47" CONTENT="für" WC="0.98" CC="014"/>
						<SP ID="P110_SP00442" HPOS="2361" VPOS="3399" WIDTH="32"/>
						<String ID="P110_ST00523" HPOS="2393" VPOS="3349" WIDTH="77" HEIGHT="49" CONTENT="ihn" WC="0.96" CC="470"/>
						<SP ID="P110_SP00443" HPOS="2470" VPOS="3399" WIDTH="23"/>
						<String ID="P110_ST00524" HPOS="2493" VPOS="3366" WIDTH="253" HEIGHT="46" CONTENT="gesungen." WC="0.99" CC="060430064"/>
						<SP ID="P110_SP00444" HPOS="2746" VPOS="3412" WIDTH="24"/>
						<String ID="P110_ST00525" HPOS="2770" VPOS="3350" WIDTH="99" HEIGHT="49" CONTENT="Der" WC="0.97" CC="070"/>
					</TextLine>
					<TextLine ID="P110_TL00082" HPOS="1755" VPOS="3427" WIDTH="1115" HEIGHT="50">
						<String ID="P110_ST00526" HPOS="1755" VPOS="3427" WIDTH="168" HEIGHT="50" CONTENT="Pastor" WC="0.98" CC="530727"/>
						<SP ID="P110_SP00445" HPOS="1923" VPOS="3477" WIDTH="39"/>
						<String ID="P110_ST00527" HPOS="1962" VPOS="3427" WIDTH="97" HEIGHT="50" CONTENT="und" WC="0.97" CC="610"/>
						<SP ID="P110_SP00446" HPOS="2059" VPOS="3477" WIDTH="40"/>
						<String ID="P110_ST00528" HPOS="2099" VPOS="3427" WIDTH="80" HEIGHT="50" CONTENT="der" WC="0.96" CC="073"/>
						<SP ID="P110_SP00447" HPOS="2179" VPOS="3477" WIDTH="32"/>
						<String ID="P110_ST00529" HPOS="2211" VPOS="3427" WIDTH="235" HEIGHT="50" CONTENT="Rabbiner" WC="0.98" CC="06777664"/>
						<SP ID="P110_SP00448" HPOS="2446" VPOS="3477" WIDTH="38"/>
						<String ID="P110_ST00530" HPOS="2484" VPOS="3427" WIDTH="140" HEIGHT="50" CONTENT="reden" WC="0.98" CC="65060"/>
						<SP ID="P110_SP00449" HPOS="2624" VPOS="3477" WIDTH="42"/>
						<String ID="P110_ST00531" HPOS="2666" VPOS="3446" WIDTH="58" HEIGHT="31" CONTENT="an" WC="0.33" CC="67"/>
						<SP ID="P110_SP00450" HPOS="2724" VPOS="3477" WIDTH="42"/>
						<String ID="P110_ST00532" HPOS="2766" VPOS="3427" WIDTH="104" HEIGHT="50" CONTENT="dem" WC="0.97" CC="061"/>
					</TextLine>
					<TextLine ID="P110_TL00083" HPOS="1756" VPOS="3505" WIDTH="1113" HEIGHT="62">
						<String ID="P110_ST00533" HPOS="1756" VPOS="3507" WIDTH="182" HEIGHT="50" CONTENT="offenen" WC="0.98" CC="6005362"/>
						<SP ID="P110_SP00451" HPOS="1938" VPOS="3557" WIDTH="43"/>
						<String ID="P110_ST00534" HPOS="1981" VPOS="3506" WIDTH="179" HEIGHT="57" CONTENT="Grabe," WC="0.97" CC="460734"/>
						<SP ID="P110_SP00452" HPOS="2160" VPOS="3563" WIDTH="46"/>
						<String ID="P110_ST00535" HPOS="2206" VPOS="3506" WIDTH="124" HEIGHT="61" CONTENT="jeder" WC="0.97" CC="47054"/>
						<SP ID="P110_SP00453" HPOS="2330" VPOS="3567" WIDTH="47"/>
						<String ID="P110_ST00536" HPOS="2377" VPOS="3511" WIDTH="47" HEIGHT="45" CONTENT="in" WC="0.75" CC="05"/>
						<SP ID="P110_SP00454" HPOS="2424" VPOS="3567" WIDTH="41"/>
						<String ID="P110_ST00537" HPOS="2465" VPOS="3511" WIDTH="152" HEIGHT="45" CONTENT="seiner" WC="0.97" CC="357367"/>
						<SP ID="P110_SP00455" HPOS="2617" VPOS="3567" WIDTH="40"/>
						<String ID="P110_ST00538" HPOS="2657" VPOS="3505" WIDTH="212" HEIGHT="62" CONTENT="Sprache," WC="0.99" CC="00097054"/>
					</TextLine>
					<TextLine ID="P110_TL00084" HPOS="1754" VPOS="3584" WIDTH="1117" HEIGHT="62">
						<String ID="P110_ST00539" HPOS="1754" VPOS="3585" WIDTH="127" HEIGHT="61" CONTENT="jeder" WC="0.98" CC="45005"/>
						<SP ID="P110_SP00456" HPOS="1881" VPOS="3646" WIDTH="47"/>
						<String ID="P110_ST00540" HPOS="1928" VPOS="3590" WIDTH="46" HEIGHT="44" CONTENT="in" WC="0.69" CC="60"/>
						<SP ID="P110_SP00457" HPOS="1974" VPOS="3646" WIDTH="48"/>
						<String ID="P110_ST00541" HPOS="2022" VPOS="3590" WIDTH="150" HEIGHT="44" CONTENT="seiner" WC="0.98" CC="246063"/>
						<SP ID="P110_SP00458" HPOS="2172" VPOS="3646" WIDTH="38"/>
						<String ID="P110_ST00542" HPOS="2210" VPOS="3586" WIDTH="114" HEIGHT="56" CONTENT="Art," WC="0.97" CC="2504"/>
						<SP ID="P110_SP00459" HPOS="2324" VPOS="3646" WIDTH="47"/>
						<String ID="P110_ST00543" HPOS="2371" VPOS="3584" WIDTH="98" HEIGHT="50" CONTENT="und" WC="0.97" CC="620"/>
						<SP ID="P110_SP00460" HPOS="2469" VPOS="3646" WIDTH="38"/>
						<String ID="P110_ST00544" HPOS="2507" VPOS="3584" WIDTH="112" HEIGHT="49" CONTENT="doch" WC="1.00" CC="0000"/>
						<SP ID="P110_SP00461" HPOS="2619" VPOS="3646" WIDTH="40"/>
						<String ID="P110_ST00545" HPOS="2659" VPOS="3590" WIDTH="83" HEIGHT="43" CONTENT="mit" WC="0.96" CC="470"/>
						<SP ID="P110_SP00462" HPOS="2742" VPOS="3646" WIDTH="39"/>
						<String ID="P110_ST00546" HPOS="2781" VPOS="3584" WIDTH="90" HEIGHT="49" CONTENT="den" WC="0.98" CC="040"/>
					</TextLine>
					<TextLine ID="P110_TL00085" HPOS="1756" VPOS="3661" WIDTH="1117" HEIGHT="62">
						<String ID="P110_ST00547" HPOS="1756" VPOS="3662" WIDTH="197" HEIGHT="61" CONTENT="gleichen" WC="0.98" CC="06575734"/>
						<SP ID="P110_SP00463" HPOS="1953" VPOS="3723" WIDTH="35"/>
						<String ID="P110_ST00548" HPOS="1988" VPOS="3662" WIDTH="248" HEIGHT="50" CONTENT="Gefühlen." WC="0.98" CC="455077250"/>
						<SP ID="P110_SP00464" HPOS="2236" VPOS="3723" WIDTH="46"/>
						<String ID="P110_ST00549" HPOS="2282" VPOS="3664" WIDTH="51" HEIGHT="48" CONTENT="In" WC="0.67" CC="06"/>
						<SP ID="P110_SP00465" HPOS="2333" VPOS="3723" WIDTH="41"/>
						<String ID="P110_ST00550" HPOS="2374" VPOS="3662" WIDTH="172" HEIGHT="50" CONTENT="diesem" WC="0.99" CC="060060"/>
						<SP ID="P110_SP00466" HPOS="2546" VPOS="3723" WIDTH="33"/>
						<String ID="P110_ST00551" HPOS="2579" VPOS="3661" WIDTH="294" HEIGHT="61" CONTENT="Augenblick" WC="0.98" CC="2506677790"/>
					</TextLine>
					<TextLine ID="P110_TL00086" HPOS="1756" VPOS="3739" WIDTH="1113" HEIGHT="64">
						<String ID="P110_ST00552" HPOS="1756" VPOS="3746" WIDTH="60" HEIGHT="45" CONTENT="ist" WC="0.97" CC="600"/>
						<SP ID="P110_SP00467" HPOS="1816" VPOS="3791" WIDTH="47"/>
						<String ID="P110_ST00553" HPOS="1863" VPOS="3740" WIDTH="112" HEIGHT="49" CONTENT="doch" WC="0.97" CC="0507"/>
						<SP ID="P110_SP00468" HPOS="1975" VPOS="3791" WIDTH="49"/>
						<String ID="P110_ST00554" HPOS="2024" VPOS="3740" WIDTH="74" HEIGHT="51" CONTENT="die" WC="0.95" CC="076"/>
						<SP ID="P110_SP00469" HPOS="2098" VPOS="3791" WIDTH="50"/>
						<String ID="P110_ST00555" HPOS="2148" VPOS="3741" WIDTH="335" HEIGHT="62" CONTENT="»Judenfrage«" WC="0.99" CC="304063000660"/>
						<SP ID="P110_SP00470" HPOS="2483" VPOS="3803" WIDTH="54"/>
						<String ID="P110_ST00556" HPOS="2537" VPOS="3739" WIDTH="332" HEIGHT="50" CONTENT="überwunden." WC="0.99" CC="00550650353"/>
					</TextLine>
					<TextLine ID="P110_TL00087" HPOS="1755" VPOS="3817" WIDTH="1114" HEIGHT="52">
						<String ID="P110_ST00557" HPOS="1755" VPOS="3820" WIDTH="99" HEIGHT="49" CONTENT="Der" WC="0.95" CC="066"/>
						<SP ID="P110_SP00471" HPOS="1854" VPOS="3869" WIDTH="32"/>
						<String ID="P110_ST00558" HPOS="1886" VPOS="3820" WIDTH="166" HEIGHT="48" CONTENT="Pastor" WC="0.99" CC="060016"/>
						<SP ID="P110_SP00472" HPOS="2052" VPOS="3869" WIDTH="40"/>
						<String ID="P110_ST00559" HPOS="2092" VPOS="3819" WIDTH="96" HEIGHT="49" CONTENT="und" WC="0.92" CC="649"/>
						<SP ID="P110_SP00473" HPOS="2188" VPOS="3869" WIDTH="32"/>
						<String ID="P110_ST00560" HPOS="2220" VPOS="3819" WIDTH="80" HEIGHT="49" CONTENT="der" WC="0.97" CC="007"/>
						<SP ID="P110_SP00474" HPOS="2300" VPOS="3869" WIDTH="32"/>
						<String ID="P110_ST00561" HPOS="2332" VPOS="3817" WIDTH="233" HEIGHT="51" CONTENT="Rabbiner" WC="0.98" CC="06006766"/>
						<SP ID="P110_SP00475" HPOS="2565" VPOS="3869" WIDTH="30"/>
						<String ID="P110_ST00562" HPOS="2595" VPOS="3817" WIDTH="151" HEIGHT="50" CONTENT="haben" WC="0.97" CC="73017"/>
						<SP ID="P110_SP00476" HPOS="2746" VPOS="3869" WIDTH="33"/>
						<String ID="P110_ST00563" HPOS="2779" VPOS="3819" WIDTH="90" HEIGHT="49" CONTENT="sich" WC="0.99" CC="0600"/>
					</TextLine>
					<TextLine ID="P110_TL00088" HPOS="1754" VPOS="3896" WIDTH="1117" HEIGHT="59">
						<String ID="P110_ST00564" HPOS="1754" VPOS="3916" WIDTH="61" HEIGHT="31" CONTENT="an" WC="0.67" CC="60"/>
						<SP ID="P110_SP00477" HPOS="1815" VPOS="3947" WIDTH="40"/>
						<String ID="P110_ST00565" HPOS="1855" VPOS="3897" WIDTH="172" HEIGHT="51" CONTENT="diesem" WC="0.98" CC="066014"/>
						<SP ID="P110_SP00478" HPOS="2027" VPOS="3948" WIDTH="41"/>
						<String ID="P110_ST00566" HPOS="2068" VPOS="3896" WIDTH="162" HEIGHT="51" CONTENT="Grabe" WC="0.97" CC="54605"/>
						<SP ID="P110_SP00479" HPOS="2230" VPOS="3948" WIDTH="41"/>
						<String ID="P110_ST00567" HPOS="2271" VPOS="3902" WIDTH="47" HEIGHT="44" CONTENT="in" WC="1.00" CC="00"/>
						<SP ID="P110_SP00480" HPOS="2318" VPOS="3948" WIDTH="42"/>
						<String ID="P110_ST00568" HPOS="2360" VPOS="3901" WIDTH="332" HEIGHT="54" CONTENT="gemeinsamer" WC="0.98" CC="93640606955"/>
						<SP ID="P110_SP00481" HPOS="2692" VPOS="3955" WIDTH="39"/>
						<String ID="P110_ST00569" HPOS="2731" VPOS="3897" WIDTH="140" HEIGHT="50" CONTENT="Liebe" WC="0.98" CC="06007"/>
					</TextLine>
				</TextBlock>
			</PrintSpace>
		</Page>
	</Layout>
</alto>
