3265 4572
2579 493 121 49 1369

1244 498 236 50 Heinrieß
1509 499 169 49 Mann
1714 522 8 11 •
1762 498 133 49 Zofa

456 691 375 62 Geistesform
869 715 74 37 zu
983 689 319 63 entwickeln
1336 689 117 61 und
1486 712 74 37 zu
1593 687 246 62 erhöhen
1881 686 125 62 sind
2039 693 104 54 wir
2176 681 362 64 hundertfach
2571 705 130 38 ver*

455 785 240 61 bunden.
752 783 97 63 Sie
888 785 226 59 wollten
1173 785 91 58 ihn
1325 782 394 61 ausschließen!
1776 781 113 61 Die
1932 778 450 79 Unglücklichen,
2439 785 82 52 sie
2570 799 131 38 ver*

455 877 198 61 maßen
694 877 123 71 sich,
859 877 93 61 ihn
992 901 75 37 zu
1115 885 179 52 einem
1335 876 398 76 Abtrünnigen
1776 899 73 35 zu
1890 874 293 77 stempeln,
2345 871 119 61 und
2505 893 195 38 waren

455 973 169 59 selbst
677 971 297 71 bestimmt,
1030 979 191 52 seinen
1263 970 247 78 Stempel
1566 993 74 37 zu
1694 987 213 59 tragen.
1968 969 198 61 Wenn
2225 966 205 62 anders
2487 974 212 53 seinem

456 1063 154 61 Volk
643 1072 121 52 eine
798 1063 251 59 Zukunft
1081 1063 249 76 gehörte,
1372 1065 312 57 bestimmte
1719 1061 135 60 auch
1888 1084 59 38 er
1979 1069 98 55 sie.
2121 1060 192 71 Mehr,
2356 1060 81 61 als
2479 1082 63 38 es
2583 1058 115 61 ihm

454 1155 345 77 mitgegeben
841 1155 165 72 hatte,
1047 1155 162 61 sollte
1251 1178 59 37 er
1350 1154 207 61 diesem
1585 1154 150 62 Volk
1768 1154 375 61 hinterlassen.
2185 1154 199 76 Lange
2413 1153 134 61 nach
2582 1153 115 61 ihm

454 1251 247 57 mochten
743 1249 168 75 Züge
952 1272 114 37 von
1108 1248 111 60 ihm
1261 1249 252 59 national
1554 1248 215 71 heißen,
1821 1248 89 61 die
1960 1272 60 37 es
2069 1248 150 61 ohne
2267 1248 94 60 ihn
2412 1248 141 60 nicht
2592 1270 105 54 ge*

454 1341 232 60 worden
728 1350 206 52 wären.
991 1342 159 59 Euer
1193 1340 298 62 Volkstum
1533 1341 142 60 wird
1716 1342 159 60 mehr
1917 1341 81 61 als
2040 1341 168 61 heute
2256 1364 60 38 es
2365 1341 170 61 selbst
2575 1349 119 53 sein

454 1432 162 61 durch
658 1435 155 68 mich,
854 1434 76 58 ich
972 1432 123 61 lebe
1145 1434 130 61 euch
1325 1456 123 49 vor,
1498 1456 124 37 was
1669 1434 84 59 ihr
1801 1434 229 61 werden
2079 1435 140 60 sollt.
2276 1434 100 71 Ich,
2429 1442 87 53 ein
2557 1434 138 59 Ah*

454 1525 312 78 trünniger?
822 1525 99 61 Ob
963 1526 76 60 ich
1082 1526 102 60 das
1225 1525 318 62 Vaterland
1585 1525 141 61 liebe
1767 1526 140 61 oder
1947 1526 163 60 nicht:
2163 1526 78 60 ich
2281 1526 94 60 bin
2418 1549 59 37 es
2511 1526 183 61 selbst.

454 1619 132 61 Daß
626 1619 75 60 ich
743 1619 134 60 mich
924 1628 132 67 jetzt
1104 1619 349 71 ausschließe,
1504 1619 278 64 verbannt
1830 1619 94 60 bin
1975 1619 117 60 und
2142 1619 295 77 schweige,
2487 1628 70 52 ist
2606 1628 88 51 ein

451 1713 200 76 großes
676 1712 259 72 Zeichen,
976 1712 116 61 und
1132 1722 146 51 mein
1312 1713 161 60 Land
1514 1713 169 61 selbst
1724 1713 184 61 richtet
1948 1736 60 38 es
2041 1713 106 61 sich
2183 1712 112 61 auf.
2336 1712 171 61 Nicht
2547 1713 151 61 ohne

454 1804 105 60 den
601 1806 361 59 Widerstand
1016 1813 181 52 seiner
1242 1806 195 61 besten
1479 1806 196 61 Kräfte
1725 1806 253 61 überläßt
2035 1829 60 38 es
2150 1806 106 61 sich
2307 1806 209 61 diesem
2566 1829 132 38 ver*

452 1898 279 60 wickelten
771 1898 248 60 Rückfall
1059 1907 55 52 in
1156 1900 513 61 untermenschliche
1708 1900 317 71 Zustände,
2075 1900 98 61 der
2222 1900 114 61 ihm
2385 1898 168 61 heute
2592 1900 70 59 be-

456 1999 156 51 reitet
651 1991 154 60 wird.
856 1990 112 61 Die
1009 1991 357 61 Wortführer
1406 1992 117 60 und
1564 1992 294 72 Anwälte,
1909 1994 89 59 die
2040 2015 60 37 er
2140 1991 188 73 findet,
2379 2000 155 52 seine
2575 1991 78 61 Lo-

451 2083 170 76 giker,
662 2083 495 77 Propagandisten,
1209 2084 221 61 Drauf*
1479 2086 116 59 und
1644 2085 400 78 Durchgänger
2092 2094 207 69 mögen
2349 2085 107 61 sich
2505 2094 189 69 später

455 2192 430 54 verantworten,
934 2199 167 37 wenn
1155 2185 80 53 sie
1286 2201 58 37 es
1392 2178 255 72 können,-
1696 2179 103 60 das
1841 2187 121 52 eine
2011 2179 147 61 steht
2208 2179 108 61 fest
2355 2202 117 38 von
2514 2203 177 37 vorn*

452 2268 205 61 herein:
714 2277 80 52 sie
849 2269 183 60 haben
1090 2293 60 37 es
1206 2272 228 61 leichter.
1494 2272 123 59 Ihre
1659 2272 340 76 Gesinnung
2054 2272 256 77 verlangt
2365 2273 155 69 nicht,
2580 2272 111 62 daß

451 2370 80 52 sie
571 2361 386 76 Verbannung
1011 2362 118 60 und
1169 2362 320 79 Schweigen
1541 2380 268 61 ertragen.
1875 2365 81 59 Im
1999 2365 299 77 Gegenteil
2354 2365 196 60 ziehen
2608 2373 82 52 sie

451 2452 235 61 Nutzen
752 2453 229 72 daraus,
1047 2455 109 61 daß
1212 2464 103 52 wir
1381 2457 208 60 andern
1646 2457 305 76 schweigen
2018 2458 118 60 und
2195 2458 277 61 verbannt
2534 2460 157 71 sind,-

455 2568 131 37 man
628 2546 125 60 hört
793 2569 105 37 nur
938 2555 95 62 sie,
1076 2570 60 37 es
1178 2555 68 52 ist
1286 2547 83 61 ihr
1407 2558 334 68 günstigster
1782 2550 368 76 Augenblick.
2195 2550 174 61 Nicht
2408 2550 158 61 mehr
2608 2551 82 61 als

454 2638 329 71 menschlich,
814 2662 167 37 wenn
1015 2648 79 52 sie
1126 2640 92 60 ihn
1253 2640 402 62 wahrnähmen
1700 2644 116 58 und
1857 2643 154 61 ihren
2045 2644 385 77 vorgeblichen
2464 2645 225 61 Patrio*

450 2739 193 52 tismus
684 2732 134 59 noch
859 2732 175 60 lauter
1073 2733 340 72 beteuerten,
1457 2734 81 61 als
1581 2743 80 52 sie
1705 2759 58 37 es
1797 2737 263 61 vielleicht
2095 2753 100 45 tun
2229 2738 254 72 würden,
2519 2762 170 37 wenn

450 2823 140 60 nicht
635 2832 102 51 wir
794 2824 208 60 andern
1052 2826 174 59 damit
1274 2834 55 51 in
1360 2826 441 77 Vergessenheit
1856 2852 75 37 zu
1987 2829 235 78 bringen
2270 2839 209 53 wären.
2536 2831 152 61 Man

450 2916 188 59 müßte
677 2923 79 54 sie
797 2917 105 60 sich
944 2917 262 72 ansehen,
1247 2918 74 60 ob
1364 2942 59 38 es
1473 2919 141 61 nicht
1655 2921 135 59 auch
1824 2937 161 46 sonst
2018 2923 168 60 schon
2222 2923 90 60 die
2343 2946 214 50 waren,
2600 2923 90 63 die

449 3008 104 60 das
596 3008 316 61 Profitieren
953 3012 349 60 verstanden,
1343 3012 223 61 Waren
1608 3022 80 52 sie
1730 3030 152 44 etwa
1922 3015 311 78 Kämpfer?
2291 3016 167 62 Oder
2497 3019 92 74 lag
2629 3041 59 39 es

449 3101 260 61 vielleicht
748 3111 55 51 in
844 3104 142 59 ihrer
1024 3104 128 72 Art,
1200 3129 122 36 was
1372 3106 89 60 die
1509 3107 196 60 Macht
1863 3109 91 59 die
1994 3110 196 60 Macht
2239 3111 99 60 der
2379 3111 309 61 Menschen

449 3195 116 60 und
606 3195 97 60 der
742 3195 187 78 Dinge
1085 3198 388 72 herbeiführte,
1523 3223 131 37 zum
1694 3200 205 62 Besten
1950 3226 75 36 zu
2073 3204 260 71 wenden,
2384 3205 118 60 und
2552 3207 134 58 auch

447 3309 74 40 zu
562 3288 171 61 ihrem
776 3297 226 70 eigenen
1044 3290 234 61 Besten?
1317 3292 148 72 Wie,
1505 3317 168 37 wenn
1707 3318 134 37 man
1881 3295 170 61 ihnen
2093 3313 176 60 sagte,
2313 3298 109 61 daß
2463 3307 80 51 sie
2585 3299 103 61 das

447 3379 360 79 Ungeheure,
850 3383 102 60 das
991 3391 129 67 jetzt
1145 3383 370 62 Wirklichkeit
1548 3394 82 64 ist,
1673 3387 109 61 daß
1815 3396 79 52 sie
1928 3388 102 61 das
2055 3387 288 63 Äußerste
2376 3414 115 36 von
2525 3391 161 77 Lüge

447 3474 118 60 und
620 3474 422 64 Schändlichkeit
1098 3478 365 79 eigenhändig
1518 3488 98 53 mit
1672 3481 410 77 herbeigeführt
2124 3483 200 71 haben,
2484 3485 75 59 da
2606 3495 82 51 sie

445 3567 106 60 sich
591 3576 56 67 ja
686 3576 193 53 immer
919 3577 53 52 in
1024 3570 170 61 feiner
1232 3571 192 61 Weise
1471 3572 296 61 zweifelnd
1815 3574 304 62 verhielten
2168 3599 177 55 gegen
2396 3600 67 37 so
2511 3577 177 78 grobe

446 3660 236 77 Begriffe
723 3671 108 52 wie
870 3662 301 63 Wahrheit
1211 3665 115 61 und
1368 3665 419 79 Gerechtigkeit,
1839 3668 134 60 Wir
2021 3668 208 62 fanden
2270 3669 169 62 nichts
2489 3673 197 71 daran,

447 3760 55 54 in
559 3754 98 62 der
1562 3762 98 60 der
1717 3762 309 60 friedlichen
2075 3764 219 61 Zeiten,
2352 3764 91 61 Ihr
2482 3760 208 68 Talent

446 3848 193 61 wirkte
681 3850 250 74 modern,
973 3853 83 60 ihr
1098 3853 339 61 Geschmack
1477 3878 122 37 war
1641 3854 80 62 oft
1766 3855 99 61 der
1904 3873 257 46 zarteste.
2208 3857 212 62 Gaben
2460 3867 82 53 sie
2582 3859 108 61 sich

446 3944 398 72 pessimistisch,
901 3946 294 78 leugneten
1253 3956 78 53 sie
1390 3949 277 77 geistreich
1726 3948 109 62 den
1891 3949 322 63 Fortschritt
2269 3953 119 61 und
2443 3975 101 55 gar
2600 3953 90 61 die
