3274 4572
2494 493 122 51 1351

1165 504 239 53 Heinrich
1433 503 169 50 Mann
1637 527 11 11 •
1687 501 133 51 Zofa
1999 540 9 10 .

376 703 132 63 nach
572 702 108 61 den
736 698 375 64 Umständen.
1178 696 196 62 Wenn
1439 702 180 52 meine
1685 692 287 61 Personen
2035 710 134 38 zum
2212 684 201 63 Guten
2480 683 138 61 nidit

376 795 420 77 durchdringen,
852 794 128 76 liegt
1035 814 61 38 es
1152 791 203 69 daran,
1420 787 109 61 daß
1585 794 104 53 wir
1746 800 110 46 erst
1921 806 93 37 am
2081 780 244 76 Anfang
2389 799 231 39 unserer

374 884 875 80 Vervollkommnungsfähigkeit
1320 882 251 61 stehen.«
1654 880 173 60 Denn
1901 900 58 38 er
2030 875 173 62 selbst
2272 871 167 63 stand
2513 871 108 60 da*

374 984 140 61 mais
571 1007 90 37 am
718 981 263 75 Anfang,
1040 979 118 60 und
1214 976 89 60 die
1350 975 435 75 Anstrengung,
1837 971 89 61 die
1976 993 58 38 er
2081 969 275 70 vorhatte,
2408 965 210 62 konnte

374 1077 163 76 lange
585 1075 244 60 währen.
889 1073 259 68 Freiheit,
1209 1067 437 77 Gerechtigkeit?
1704 1065 119 60 »Idi
1879 1064 206 77 glaube
2142 1063 132 59 eher
2324 1084 72 37 an
2455 1068 162 52 einen

374 1178 231 68 stetigen
664 1164 249 71 Marsch,
972 1164 98 60 der
1117 1162 294 61 Wahrheit
1477 1176 283 59 entgegen.
1826 1157 136 59 Aus
2027 1157 97 59 der
2180 1155 281 60 Kenntnis
2518 1152 100 61 der

374 1261 301 61 Wahrheit
716 1260 159 59 allein
917 1257 222 60 können
1187 1255 224 59 bessere
1450 1252 207 61 soziale
1698 1249 297 61 Zustände
2044 1251 338 58 entstehen.«
2443 1247 173 60 Denn

376 1355 115 61 dies
533 1375 122 38 war
694 1360 117 52 sein
853 1359 220 67 eigener
1112 1347 173 78 Weg.
1345 1346 80 60 Im
1465 1346 214 76 Beginn
1731 1343 177 61 schien
1958 1365 60 37 er
2066 1341 218 72 düster,-
2331 1341 91 60 die
2470 1340 148 59 Ein*

374 1445 366 79 dringlichkeit
788 1445 99 60 des
937 1459 180 44 ersten
1158 1440 428 62 Naturalismus
1642 1460 124 38 war
1822 1436 141 60 eben
2015 1451 227 60 erzeugt
2298 1434 165 61 durch
2514 1431 103 61 das

374 1540 204 63 Fieber
641 1547 179 53 seiner
875 1533 451 77 Verzweiflung,
1392 1556 58 36 er
1515 1530 195 61 wirkte
1776 1536 98 53 mit
1939 1535 179 54 seiner
2183 1526 193 70 Sucht,
2439 1525 179 60 leiden

374 1658 74 37 zu
504 1633 225 61 machen
785 1632 147 59 beim
988 1627 244 62 Anblick
1298 1627 99 61 des
1453 1625 240 61 Lebens.
1748 1623 144 61 Und
1949 1646 60 37 er
2057 1620 212 61 machte
2326 1619 181 61 leiden
2566 1627 55 52 in

377 1724 405 79 agitatorischer
821 1722 235 62 Absicht
1226 1719 219 78 geheim
1494 1732 205 56 zuerst,
1751 1716 151 60 dann
1945 1714 172 61 offen:
2160 1721 55 52 in
2258 1712 129 61 dem
2419 1710 202 72 Maße,

374 1829 110 52 wie
552 1841 59 38 er
674 1825 255 70 geistiger
992 1813 174 63 ward.
1224 1813 343 77 Vergeistigt
1624 1811 133 59 aber
1813 1808 239 61 wurden
2110 1806 153 61 Zola
2330 1804 118 61 und
2505 1813 117 52 sein

374 1911 174 62 Werk
595 1910 163 61 durch
798 1909 223 71 Arbeit,
1070 1907 206 61 Arbeit
1326 1930 91 37 am
1458 1903 358 72 Wirklichen,
1865 1902 108 61 den
2015 1900 205 62 Willen
2269 1923 134 36 zum
2453 1897 172 61 wirk*

374 2006 94 60 lieh
509 2004 267 62 Wahren.
833 2003 132 62 Sein
1007 2000 184 62 Werk
1239 1999 348 70 wiederholt,
1644 1996 186 61 indem
1888 2019 62 38 es
2006 1994 159 71 wird,
2226 1992 103 61 das
2371 1992 251 61 Werden

376 2099 97 60 der
520 2098 154 59 Welt
729 2095 191 62 selbst:
978 2109 185 46 zuerst
1220 2094 88 58 die
1365 2091 267 70 Materie,
1694 2089 118 61 und
1868 2112 103 37 aus
2022 2088 99 69 ihr,
2171 2086 163 61 durch
2394 2085 226 71 Arbeit,

377 2192 162 59 durch
580 2192 339 75 Bewegung,
962 2188 266 61 erwächst
1268 2187 98 61 der
1408 2185 166 61 Geist
1614 2184 117 60 und
1771 2183 90 60 die
1901 2180 358 63 Herrlichkeit
2301 2179 99 61 des
2441 2179 180 60 Men*

376 2284 172 60 sehen.
605 2283 124 60 Wir
776 2281 278 77 kämpfen,
1108 2281 168 59 nichts
1326 2287 68 53 ist
1444 2278 119 61 also
1613 2276 325 77 unmöglich.
1982 2273 271 61 Rührend
2302 2273 118 60 und
2458 2272 140 77 groß

374 2376 82 61 Im
487 2376 365 76 Augenblick,
895 2375 75 59 da
1009 2398 60 36 er
1108 2372 169 61 selbst
1308 2372 242 76 beginnt,
1591 2371 227 75 beginnt
1850 2370 89 58 die
1964 2366 651 76 Vervollkommnungs*

377 2467 274 78 Fähigkeit.
710 2467 141 60 Und
891 2466 89 60 die
1019 2465 348 61 Menschheit
1416 2462 147 61 kann
1614 2464 138 58 nicht
1799 2458 494 78 zurückgeblieben
2344 2466 140 61 sein,
2536 2457 82 61 als

377 2583 58 38 er
475 2560 167 60 selbst
683 2559 105 61 auf
819 2566 208 54 seinem
1069 2558 193 76 Gipfel
1301 2556 160 61 steht.
1521 2555 51 61 L
1574 2555 17 22 /
1592 2555 366 61 Assommoir
2009 2561 68 52 ist
2126 2551 137 61 noch
2312 2551 169 60 nichts
2532 2551 84 60 als

378 2662 121 52 eine
538 2653 220 76 Predigt
797 2652 98 59 der
918 2646 328 65 Tatsachen.
1289 2649 61 60 In
1393 2648 293 61 Germinal
1727 2646 169 77 klingt
1936 2645 211 61 überall
2188 2645 103 60 das
2333 2644 282 76 Evange*

377 2747 132 59 lium
542 2746 96 59 der
664 2744 278 76 künftigen
967 2742 347 62 Menschheit
1348 2765 89 47 an,
1473 2763 58 37 es
1564 2740 143 60 wird
1740 2739 205 60 hörbar
1978 2747 74 52 im
2077 2737 317 61 Erdboden
2427 2737 193 71 selbst,

378 2862 103 38 aus
523 2839 176 60 dieser
739 2837 134 61 doch
905 2860 67 38 so
1012 2837 324 76 langsamen
1370 2834 117 60 und
1531 2833 410 78 gleichgültigen
1968 2832 160 61 Erde
2170 2841 188 51 ertönt
2399 2855 59 38 es
2500 2855 118 37 von

379 2932 108 62 den
529 2928 521 77 Hammerschlägen
1093 2928 97 60 der
1221 2927 385 76 Bergarbeiter
1648 2926 130 61 dort
1809 2941 195 56 unten,
2037 2926 118 60 und
2189 2947 92 37 am
2306 2923 174 61 Ende
2513 2923 113 61 will

381 3050 59 37 es
482 3025 330 61 ausbrechen
856 3025 115 58 und
994 3020 366 63 Wirklichkeit
1390 3020 247 62 werden.
1686 3019 527 62 »Menschenkeime
2246 3019 216 59 trieben
2498 3016 128 62 dort

379 3137 191 53 unten,
612 3127 89 52 ein
741 3118 301 61 schwarzes
1075 3115 155 60 Heer
1270 3138 114 37 von
1411 3114 247 59 Rächern
1701 3113 201 60 keimte
1943 3113 254 76 langsam
2239 3119 54 53 in
2336 3111 110 61 den
2472 3111 154 61 Für*

382 3214 147 70 dien,
571 3212 186 61 wuchs
798 3209 205 62 herauf
1036 3208 86 61 für
1163 3208 88 61 die
1276 3208 180 59 Ernte
1498 3208 98 59 des
1638 3207 373 60 kommenden
2038 3205 428 78 Jahrhunderts,-
2504 3213 119 52 sein

382 3306 306 62 Keimtrieb
729 3327 120 38 war
890 3303 190 70 daran,
1124 3302 87 59 die
1244 3300 158 61 Erde
1441 3323 74 37 zu
1555 3322 334 55 sprengen.«
2035 3299 167 60 Auch
2245 3307 55 51 in
2334 3298 291 76 L'Argent

382 3400 110 61 will
534 3422 59 39 es
633 3407 78 54 sie
752 3420 287 54 sprengen.
1082 3396 141 59 Hier
1263 3394 230 60 arbeitet
1525 3393 141 61 nicht
1698 3392 156 61 mehr
1895 3415 106 37 nur
2034 3392 98 60 der
2165 3391 230 77 dumpfe
2422 3391 201 76 Drang

383 3494 99 60 der
522 3492 327 61 Proletarier
887 3488 117 63 und
1044 3488 138 61 nicht
1221 3488 155 60 mehr
1425 3510 105 38 nur
1580 3487 88 60 die
1717 3486 183 60 Rache
1949 3494 153 52 eines
2150 3485 336 69 Nihilisten,-
2538 3491 85 69 je*

383 3586 173 60 mand
603 3594 70 53 ist
720 3585 90 71 da,
861 3584 96 61 der
1006 3582 101 61 das
1155 3580 444 62 bevorstehende
1639 3577 468 78 Menschenglück
2156 3586 55 51 in
2262 3586 87 51 ein
2392 3576 231 78 System

384 3679 197 77 bringt.
640 3679 86 61 Es
777 3678 207 61 könnte
1031 3675 399 71 bevorstehen,-
1484 3674 102 60 das
1643 3673 230 77 System
1931 3673 204 58 scheint
2190 3670 294 71 lückenlos,
2535 3678 88 52 ein

384 3769 331 65 Traumbild
754 3782 161 68 steigt
955 3772 205 61 daraus
1205 3768 112 72 auf,
1361 3768 88 62 die
1488 3767 323 80 glückselige
1851 3765 186 71 Stadt,
2080 3765 98 61 der
2220 3781 274 61 entgegen
2537 3763 92 61 die

386 3864 307 64 Menschen
734 3866 270 62 wandern
1045 3873 104 54 seit
1202 3887 65 38 so
1308 3862 180 62 vielen
1530 3861 457 77 Jahrhunderten,
2030 3858 191 61 Dabei
2254 3867 68 52 ist
2364 3858 119 61 dies
2524 3857 99 61 der

387 3958 224 64 Roman
652 3961 100 61 des
793 3960 233 68 Geldes,
1069 3958 89 61 die
1197 3957 168 62 kurze
1404 3955 356 62 Herrlichkeit
1792 3962 149 52 eines
1966 3953 454 78 Börsenpiraten,
2462 3951 168 78 heftig
