3266 4572
1399 466 185 52 Roßert
1618 463 343 60 Zetfermayer
1989 483 9 12 •
2034 457 155 52 Ließe

674 476 124 52 1400

752 666 148 61 Kein
928 662 238 64 Grauen
1207 657 253 69 erschien,
1503 653 134 61 aber
1675 649 250 79 plötzlich
1966 656 122 53 eine
2128 646 240 62 lebhafte
2391 644 291 77 Rührung,
2723 643 75 60 da
2829 643 78 60 ich

674 760 135 61 mich
851 781 71 37 an
964 756 106 60 den
1111 752 143 61 Blick
1296 750 99 59 des
1444 745 240 64 Weibes
1727 752 287 54 erinnerte.
2072 741 207 61 Fühlte
2328 740 76 59 ich
2455 738 75 61 da
2577 737 140 61 nicht
2766 736 142 61 den*

675 853 162 68 noch,
886 848 109 60 daß
1042 869 60 37 es
1150 860 178 45 etwas
1375 840 137 79 gab,
1562 840 103 61 das
1714 837 135 63 mich
1898 836 348 62 erschütterte
2293 834 118 61 und
2465 830 184 62 band?
2705 828 206 63 Etwas

677 940 297 66 außerhalb
1016 947 208 53 meines
1265 935 242 71 Lebens,
1548 934 103 60 das
1691 933 135 61 mich
1869 929 296 62 freundlich
2206 925 322 80 begleitete?
2569 924 114 62 Die
2723 922 188 78 Emp*

674 1037 225 75 findung
938 1033 198 61 wurde
1176 1029 146 62 beim
1355 1027 242 63 Anblick
1637 1028 99 61 des
1776 1024 364 64 entkräfteten
2174 1020 349 79 Geschöpfes
2557 1042 106 39 vor
2702 1025 103 54 mir
2843 1039 69 38 so

675 1131 245 70 deutlich,
964 1127 109 61 daß
1115 1126 75 62 ich
1232 1124 228 70 erfaßte,
1502 1131 111 53 wie
1652 1146 132 37 man
1826 1143 60 39 es
1926 1119 178 63 lieben
2146 1117 226 62 konnte.

750 1222 96 62 Sie
885 1221 228 61 wandte
1154 1218 108 63 sich
1303 1217 129 61 dem
1472 1216 195 62 Herde
1707 1239 90 38 zu.
1841 1215 89 59 Ihr
1968 1234 202 55 graues
2211 1208 169 64 Kleid
2420 1207 196 63 reichte
2655 1206 85 61 bis
2780 1227 132 38 zum

673 1317 213 70 Boden,
929 1315 118 61 und
1089 1314 77 61 ich
1204 1314 185 61 verlor
1428 1311 163 78 jeden
1632 1309 210 78 Begriff
1883 1307 184 71 dafür,
2118 1305 111 62 daß
2277 1312 82 54 sie
2408 1311 87 52 ein
2536 1301 237 62 Mensch
2814 1306 97 55 sei.

675 1411 164 61 Aber
886 1409 78 61 ich
1013 1410 154 60 hatte
1214 1408 90 61 die
1337 1404 382 79 Vorstellung,
1769 1404 76 59 ich
1893 1401 135 62 säße
2076 1400 89 61 bei
2212 1399 85 61 ihr
2344 1406 55 52 in
2448 1404 182 53 einem
2672 1394 242 69 Garten,

674 1503 118 62 und
833 1512 80 53 sie
953 1503 224 77 spreche
1216 1502 131 59 leise
1387 1523 73 37 zu
1501 1508 103 52 mir
1642 1507 99 52 mit
1782 1497 106 60 den
1926 1493 394 70 unbewußten,
2362 1489 391 77 unschuldigen
2789 1486 128 63 Ge*

674 1598 213 61 bärden
938 1606 150 52 eines
1139 1594 234 63 Kindes.
1432 1594 122 60 Ihre
1602 1593 215 61 kleinen
1874 1590 384 61 schüchternen
2307 1585 217 77 Augen
2574 1582 187 62 hatten
2809 1580 107 61 sich

675 1691 365 70 verwandelt,
1082 1712 192 39 waren
1314 1687 139 79 groß
1493 1686 118 61 und
1660 1684 204 63 dunkel
1911 1682 324 80 geworden,
2284 1688 96 52 sie
2428 1700 122 38 war
2598 1700 60 38 es
2705 1684 72 68 ja,
2829 1674 90 61 die

678 1785 179 61 dasaß
898 1794 54 50 in
994 1784 127 60 dem
1163 1804 213 56 grauen
1417 1780 184 71 Kleid,
1652 1778 103 61 das
1803 1778 86 61 bis
1936 1799 102 38 zur
2077 1773 159 61 Erde
2283 1772 214 70 reichte,
2547 1770 118 61 und
2712 1768 91 61 die
2843 1790 75 38 zu

678 1888 103 52 mir
819 1878 206 80 sprach.

755 1973 82 61 Ich
880 1971 112 63 hob
1035 1973 101 59 das
1160 1969 194 62 Hemd
1395 1992 103 38 aus
1539 1966 98 61 der
1663 1965 270 71 Schüssel,
1976 1964 103 62 das
2108 1964 159 61 heiße
2291 1963 244 61 Wasser
2566 1960 204 80 tropfte
2803 1982 118 38 von

679 2076 220 53 meinen
939 2065 270 69 Händen,
1251 2064 89 61 die
1379 2060 317 64 Leinwand
1737 2060 279 70 knirschte,
2069 2058 81 61 als
2201 2057 76 61 ich
2319 2065 80 53 sie
2439 2054 296 62 auswand.
2795 2053 127 59 Das

678 2161 168 62 Weib
901 2161 171 59 nahm
1127 2167 80 53 sie
1263 2166 103 52 mir
1423 2156 73 61 ab
1553 2154 117 61 und
1726 2154 204 77 bängte
1986 2161 80 52 sie
2123 2175 73 37 an
2254 2151 108 59 den
2420 2149 177 61 Herd.
2665 2147 260 62 Klarheit

680 2255 116 61 und
820 2253 328 61 Entzücken
1187 2251 455 68 verschwanden,
1685 2257 122 52 eine
1846 2246 181 62 sanfte
2051 2243 316 78 Mattigkeit
2413 2243 161 61 blieb.
2618 2241 83 61 Ich
2742 2256 175 46 setzte

680 2349 134 59 mich
857 2372 72 36 an
971 2347 108 61 den
1120 2342 161 65 Tisch
1322 2345 117 61 und
1479 2344 189 61 blickte
1718 2351 55 52 in
1821 2342 90 60 die
1959 2339 186 62 offene
2184 2332 122 66 Tür
2354 2336 98 61 des
2494 2335 240 62 Herdes.
2794 2333 125 60 Das

680 2443 190 61 Feuer
909 2443 194 76 spielte
1143 2448 54 52 in
1240 2448 221 68 rosigen
1505 2438 274 68 Schatten,
1821 2452 207 44 atmete
2070 2441 108 52 wie
2220 2440 89 52 ein
2350 2425 149 66 Tier.

758 2537 254 62 Plötzlich
1061 2534 225 61 überfiel
1334 2533 135 61 mich
1517 2533 258 76 Hunger,
1825 2530 115 60 und
1989 2529 76 60 ich
2114 2526 170 63 nahm
2334 2526 88 60 die
2475 2521 270 63 Eßschale
2785 2544 136 38 vom

678 2632 209 61 Herde.
928 2629 113 63 Als
1083 2631 76 59 ich
1199 2637 170 70 gierig
1408 2650 269 54 gegessen
1712 2626 171 69 hatte,
1925 2623 103 61 sah
2062 2622 76 61 ich
2171 2629 55 52 in
2262 2619 101 61 das
2395 2618 150 61 Licht
2585 2617 98 61 der
2717 2615 202 70 Kerze,

678 2726 109 61 auf
821 2726 108 60 den
970 2720 179 74 Tisch,
1200 2723 108 60 den
1350 2722 189 70 Altar,
1588 2720 103 60 das
1731 2718 144 71 Bett,
1926 2725 55 52 in
2030 2717 130 58 dem
2216 2712 249 80 plötzlich
2522 2711 99 61 der
2662 2707 261 62 Sdiinder

677 2819 191 62 schlief
910 2827 98 53 mit
1056 2817 243 63 offenem
1340 2816 204 60 Mund.
1602 2813 83 61 Ich
1733 2812 103 61 sah
1886 2811 94 61 ihn
2029 2808 164 78 lange
2243 2831 73 37 an
2366 2805 118 62 und
2531 2805 209 59 konnte
2789 2800 136 62 mich

685 2914 139 61 nicht
865 2913 282 62 besinnen.
1192 2911 233 61 Endlich
1465 2907 285 64 verweilte
1790 2906 78 61 ich
1909 2905 87 61 bei
2038 2904 130 61 dem
2208 2899 346 80 glänzenden
2583 2896 202 62 Metall
2827 2895 98 61 der

685 3008 274 61 Eßschale
998 3007 119 60 und
1157 3007 190 60 dachte
1385 3012 229 68 traurig,
1655 3026 67 38 so
1762 3000 229 62 müßten
2025 2998 153 61 wohl
2211 2996 90 61 die
2325 2990 166 66 Tiere
2524 3001 55 53 in
2615 2991 89 61 die
2737 2991 190 76 Dinge

682 3103 256 61 schauen.

760 3196 87 61 Ich
886 3219 122 38 war
1049 3193 176 62 allein.
1285 3191 269 62 Heimlich
1594 3191 144 76 legte
1776 3187 79 61 ich
1903 3194 220 53 meinen
2164 3181 287 63 Revolver
2499 3189 55 52 in
2608 3179 103 61 das
2754 3177 171 62 Stroh

685 3292 119 63 und
835 3290 361 62 beobachtete
1237 3287 108 61 den
1378 3286 208 70 Mann,
1627 3285 74 59 ob
1736 3306 59 37 er
1827 3282 141 60 nicht
1999 3278 213 63 blinzle.
2258 3277 174 60 Dann
2466 3275 203 62 löschte
2711 3273 75 61 ich
2822 3272 103 61 das

688 3388 151 59 Licht
879 3386 118 60 und
1037 3385 144 75 legte
1221 3382 135 60 mich
1399 3380 129 61 aufs
1571 3379 189 62 Stroh.

766 3480 114 60 Die
919 3478 191 62 Nacht
1150 3484 243 69 verging.
1441 3469 296 65 Traumlos
1779 3469 269 62 erwachte
2090 3466 75 61 ich
2209 3488 103 38 aus
2354 3460 576 65 ununterbrochenem

692 3573 195 63 Schlaf.
948 3573 87 61 Es
1075 3595 122 38 war
1246 3570 138 61 noch
1432 3567 224 72 dunkel,
1704 3567 135 59 aber
1887 3564 103 60 das
2033 3560 164 62 Weib
2248 3583 122 37 war
2417 3558 166 61 schon
2635 3554 116 71 auf,
2803 3554 129 61 kam

693 3668 184 60 herein
919 3667 117 60 und
1077 3666 150 59 holte
1275 3671 147 53 mein
1472 3662 284 60 trockenes
1806 3657 190 61 Hemd
2047 3678 137 38 vom
2225 3652 209 61 Herde.
2493 3650 172 60 Dann
2715 3647 218 61 brachte

696 3769 78 52 sie
812 3760 242 61 Wasser
1094 3760 117 59 und
1251 3767 89 51 ein
1381 3755 299 62 Handtuch
1723 3752 117 61 und
1882 3749 207 63 endlich
2132 3757 124 52 eine
2298 3744 192 63 Schale
2532 3742 184 61 Milch,

774 3852 84 60 Ich
899 3852 253 61 schnallte
1192 3861 217 52 meinen
1445 3850 169 62 Säbel
1648 3847 116 61 und
1797 3845 284 62 Revolver
2122 3865 114 46 um,
2278 3837 118 62 und
2438 3837 80 61 als
2560 3836 75 61 ich
2678 3836 166 61 schon
2879 3843 54 53 in

703 3945 97 61 der
838 3940 123 66 Tür
999 3970 137 47 war,
1178 3946 144 60 blieb
1361 3945 78 60 ich
1479 3943 214 62 stehen.
1752 3940 131 62 Wie
1925 3948 122 52 eine
2086 3936 262 74 Ahnung
2389 3932 127 60 kam
2559 3931 207 61 wieder
2805 3930 131 61 leise
