3239 4572
2551 481 120 48 1389

1127 513 155 49 Hans
1319 507 295 53 Gathmann
1650 526 9 12 *
1694 496 285 62 Bahnfahrt

1518 710 63 61 II.

1182 870 741 87 BAHNFAHRT.

520 1084 84 60 Idi
645 1089 176 68 steige
862 1087 107 52 ein.
1012 1075 127 60 Das
1180 1069 218 62 Polster
1437 1075 72 51 ist
1548 1064 136 60 hart
1723 1060 170 61 Noch
1929 1056 135 62 sehe
2097 1054 76 61 ich
2208 1051 89 61 die
2331 1045 218 65 Turme
2583 1044 100 62 der

446 1176 166 63 Stadt
650 1183 55 52 in
747 1172 99 61 der
877 1169 206 61 letzten
1107 1164 584 71 Nachmittagssonne,
1735 1154 82 60 Ich
1850 1150 192 61 werde
2075 1146 133 63 euch
2243 1154 88 51 nie
2356 1162 329 57 vergessen,

446 1270 254 61 krumme
733 1262 260 69 Straßen,
1034 1258 137 61 auch
1213 1254 114 61 dich
1368 1253 156 66 nicht,
1558 1247 325 62 Marktfrau
1925 1252 98 52 mit
2064 1242 109 59 den
2215 1238 189 61 dicken
2445 1233 241 62 Ourken

448 1372 56 53 in
546 1360 99 61 der
677 1353 419 80 Morgenhitze,
1138 1350 83 59 Ich
1255 1345 195 62 werde
1483 1343 116 60 dich
1624 1350 196 52 immer
1851 1337 237 61 knarren
2122 1333 196 67 hören,
2351 1329 111 61 alte
2495 1327 191 75 Stiege

449 1479 75 38 zu
565 1463 226 67 jungem
829 1446 211 62 Leben.
1083 1440 292 63 Vielleicht
1415 1436 241 61 kämmst
1696 1432 79 61 du
1816 1441 132 66 jetzt
1980 1427 164 61 deine
2177 1427 279 58 schweren
2489 1421 199 59 Haare

449 1549 212 66 Maria,
680 1543 119 62 und
815 1539 199 63 denkst
1031 1560 72 37 an
1122 1535 148 61 mich.
1294 1532 84 60 Ich
1394 1529 195 62 werde
1606 1527 115 61 dich
1738 1525 163 76 lange
1919 1522 138 61 nicht
2074 1516 405 69 Wiedersehen,
2495 1511 195 62 werde

453 1642 122 61 fern
613 1661 120 38 von
774 1635 84 60 dir
898 1640 138 60 sein,
1079 1628 135 62 aber
1255 1625 137 61 doch
1434 1632 119 53 sein
1586 1629 110 52 wie
1729 1619 93 60 du.
1862 1615 194 62 Leben
2081 1621 70 52 ist
2184 1620 193 52 immer
2409 1615 151 70 gütig
2593 1628 98 37 um

456 1756 127 47 uns,
623 1729 212 69 Leben,
870 1726 103 60 das
1016 1747 106 38 uns
1166 1719 241 78 ewiglich
1449 1726 127 52 eint.

536 1825 188 69 Siehe,
764 1822 169 62 schon
974 1819 246 61 strecken
1270 1813 106 62 sich
1417 1811 210 61 Felder
1665 1814 136 54 weit
1849 1828 76 38 zu
1972 1800 259 78 welligen
2279 1793 258 80 Hügeln,
2578 1789 119 62 und

457 1944 108 39 aus
606 1919 217 61 kleinen
856 1915 272 61 Häusern
1168 1917 164 68 steigt
1370 1905 207 62 Rauch.
1622 1901 83 71 O,
1729 1907 111 53 wie
1874 1897 118 61 faßt
2023 1894 133 61 mich
2192 1888 326 69 Sehnsucht,
2551 1892 146 53 mein

458 2013 203 63 müdes
694 2010 204 76 Haupt
931 2015 54 52 in
1018 2004 203 62 deinen
1255 1999 181 64 Schoß
1462 2021 74 37 zu
1569 1996 180 77 legen,
1774 1992 216 61 braune
2022 1986 269 63 Mäherin
2325 1992 73 51 im
2415 1980 284 62 Weizen*

462 2107 131 69 feld,
606 2101 327 69 Sehnsucht,
946 2099 162 61 deine
1119 2095 210 62 derben
1340 2090 210 64 Hände
1567 2098 56 53 in
1639 2095 220 53 meinen
1872 2085 235 60 Haaren
2116 2104 73 37 zu
2201 2075 231 82 spüren!

461 2200 214 61 möchte
715 2197 77 62 ich
833 2203 75 52 im
950 2192 190 62 Grase
1180 2188 198 76 liegen,
1418 2181 337 69 wunschlos,
1797 2176 118 64 und
1964 2185 55 51 in
2061 2175 102 60 das
2207 2167 306 67 unfaßliche
2554 2162 145 64 Blau

463 2310 235 51 starren,
724 2288 104 61 das
862 2286 141 62 über
1035 2292 103 52 mir
1168 2297 136 53 rast,
1332 2278 118 62 und
1474 2300 219 38 warum
1728 2273 148 61 ahne
1901 2270 76 61 ich
2011 2268 103 61 das
2147 2264 179 63 sanfte
2353 2260 348 75 Geborgen*

463 2395 139 59 sein,
644 2382 103 61 das
790 2380 133 61 mich
965 2377 253 62 erfassen
1257 2371 218 70 würde,
1517 2391 168 38 wenn
1719 2366 97 69 du.
1849 2362 287 68 Mäherin,
2169 2366 98 53 mit
2298 2354 193 62 deiner
2522 2348 180 65 Hand

465 2486 184 55 meine
682 2475 184 63 Stirne
907 2468 350 65 zudecktest?
1296 2466 145 69 Ach,
1482 2463 76 61 ich
1600 2460 146 62 habe
1787 2457 90 62 die
1912 2452 345 69 Gewißheit,
2297 2448 79 61 du
2415 2454 157 53 wirst
2611 2452 90 52 ein

467 2569 346 63 uneheliches
853 2565 156 62 Kind
1050 2561 199 64 haben.
1293 2559 89 61 Es
1422 2556 161 62 hockt
1623 2562 56 54 in
1719 2554 101 61 der
1860 2551 259 60 finsteren
2161 2543 197 65 Stube.
2409 2541 90 61 Es
2540 2536 165 81 spielt

467 2673 99 52 mit
590 2660 155 64 Sand
781 2658 118 62 und
924 2656 145 61 allen
1103 2654 211 61 bunten
1350 2646 481 76 Schmetterlingen
1865 2651 183 54 seiner
2074 2636 289 67 Kindheit,
2389 2631 119 64 und
2538 2631 168 61 deine

467 2757 220 68 Eltern,
720 2752 286 67 Mäherin,
1039 2748 174 62 sehen
1255 2769 60 39 es
1348 2743 243 62 erbittert
1624 2764 92 37 am
1749 2735 198 65 Tische
1987 2730 324 78 unschuldig
2352 2728 91 61 die
2483 2725 224 77 knappe

471 2849 194 78 Suppe
712 2843 206 64 löffeln.
971 2841 151 61 War
1169 2838 75 62 ich
1294 2837 141 61 nicht
1483 2833 80 62 oft
1611 2842 55 52 in
1708 2830 99 61 der
1848 2830 287 75 stickigen,
2182 2823 294 75 rauchigen
2526 2816 183 64 Stube

472 2940 241 69 abends,
753 2960 169 38 wenn
964 2935 127 61 dein
1130 2932 213 67 Vater,
1387 2927 128 62 dein
1566 2935 143 52 einst
1756 2946 67 38 so
1873 2921 197 62 wilder
2108 2918 216 69 Vater,
2367 2913 193 62 erbost
2608 2909 108 61 auf

475 3037 90 60 die
604 3032 168 63 Diele
811 3031 226 78 spuckte
1079 3025 118 62 und
1235 3020 397 81 vergehenden
1672 3018 209 77 Auges
1930 3015 92 61 die
2070 3029 185 45 ersten
2306 3004 404 68 Gehversuche

476 3129 192 61 deines
708 3123 432 77 neugeborenen
1181 3116 278 62 Fleisches
1491 3135 118 40 von
1649 3109 298 64 Stuhlbein
1987 3131 75 37 zu
2097 3102 294 65 Stuhlbein
2432 3100 134 62 sah?
2606 3097 105 60 Bin

477 3223 76 61 ich
603 3220 141 61 nicht
792 3216 80 63 oft
921 3224 97 52 mit
1073 3213 82 59 dir
1204 3210 90 61 die
1342 3232 168 53 enge,
1557 3204 264 77 wacklige
1862 3203 191 76 Stiege
2102 3197 486 77 hinaufgegangen
2638 3213 73 38 zu

479 3314 221 61 deinem
716 3312 183 76 Lager
932 3305 117 64 und
1079 3323 127 59 trug
1238 3312 110 52 wie
1382 3300 77 61 du
1492 3308 90 53 ein
1615 3295 337 64 flackerndes
1985 3293 151 61 Licht
2168 3300 54 52 in
2249 3290 99 60 der
2371 3285 341 79 gestreckten

481 3406 210 62 Hand?
739 3403 143 62 Und
929 3399 102 65 sah
1078 3407 110 53 wie
1229 3397 78 61 du
1347 3393 275 70 Wolken,
1671 3392 202 62 Sterne
1912 3387 228 71 ziehen,-
2178 3385 164 60 deine
2382 3378 330 68 Sehnsucht,

482 3500 164 61 deine
686 3498 213 77 Angst,
940 3493 161 63 deine
1139 3490 193 69 Liebe,
1382 3487 128 61 dein
1544 3483 455 78 Geborgensein,
2030 3478 164 61 deine
2225 3470 254 65 Träume
2517 3492 197 39 waren

482 3603 165 61 mein,
688 3594 217 58 braune
928 3587 296 68 Mäherin,
1263 3584 115 68 ach,
1412 3580 77 61 du
1530 3576 348 65 schwandest
1911 3575 166 61 schon
2112 3572 200 75 längst,
2344 3590 98 38 wo
2475 3566 110 61 bist
2617 3562 101 71 du,

484 3688 76 58 ich
602 3684 137 62 sehe
780 3683 115 61 dich
937 3681 138 61 nicht
1115 3678 173 60 mehr.
1331 3676 122 60 Der
2545 3672 134 77 Zug
1669 3669 158 62 fährt,

562 3778 284 62 Fabriken
886 3775 234 63 tauchen
1161 3770 115 62 auf.
1328 3769 408 66 Schornsteine,
1776 3761 181 79 gelbe,
1997 3768 218 70 riesige,
2255 3755 219 63 stechen
2516 3761 56 52 in
2610 3750 111 62 den

487 3872 209 61 blauen
736 3869 251 63 Himmel
1035 3865 117 64 und
1199 3863 200 63 stoßen
1449 3858 331 80 gewaltigen
1827 3854 191 61 Rauch
2069 3876 105 36 aus
2225 3850 155 61 ihren
2428 3844 293 63 Mäulern.

487 3966 84 59 Ich
612 3966 182 59 kenne
834 3963 161 70 euch,
1037 3961 84 62 ihr
1161 3957 269 63 Arbeiter
1478 3977 74 38 an
1600 3948 356 65 keuchenden
1994 3945 359 69 hdaschinen,
2396 3942 137 61 auch
2583 3939 141 69 dich.
