2672 4183
1435 1122 118 41 LES

700 1289 592 91 JOYEUSETÉS
1358 1311 236 72 D'UN
1663 1314 610 76 CATALOGUE

1001 1847 26 25 N
1045 1834 239 42 feuilletant
1307 1851 64 25 ces
1392 1837 180 52 jours-ci
1604 1853 86 27 une
1712 1853 113 28 assez
1859 1841 159 52 longue
2045 1841 97 41 liste
2171 1842 51 39 de
2257 1844 62 38 mé-

1002 1906 146 41 thodes
1171 1921 110 40 pour
1305 1908 141 41 divers
1469 1910 283 42 instruments
1787 1912 50 40 de
1869 1913 219 53 musique,
2124 1927 89 27 mes
2239 1928 110 40 yeux

1001 1992 42 26 se
1072 1988 98 32 sont
1202 1982 139 51 portés
1376 1995 73 27 sur
1483 1997 86 26 une
1606 1984 115 40 foule
1765 1985 327 54 d'appellations
2143 1987 205 50 bizarres,

999 2051 276 54 hétérogènes
1298 2058 57 36 où
1374 2053 70 55 j'ai
1476 2058 197 38 retrouvé
1712 2056 73 40 des
1806 2070 125 28 noms
1965 2072 83 38 que
2069 2067 128 32 certes
2227 2059 38 53 je
2294 2073 54 26 ne

999 2125 273 41 m'attendais
1290 2140 72 38 pas
1383 2129 23 36 à
1434 2136 248 32 rencontrer
1718 2142 52 26 en
1804 2129 235 40 semblable
2072 2130 270 54 compagnie.

998 2196 98 50 Que
1115 2197 327 42 d'instruments
1460 2199 168 40 oubliés
1644 2204 7 36 !
1675 2213 86 40 que
1780 2200 52 40 de
1862 2208 181 33 travaux
2079 2201 191 53 ignorés!

663 2268 47 40 Je
729 2269 80 41 cite
829 2283 56 26 au
907 2270 169 40 hasard.
1101 2270 413 50 Connaissez-vous,
1537 2274 137 38 même
1707 2273 50 39 de
1776 2287 119 39 nom,
1919 2274 38 40 le
1986 2282 177 45 serpent
2190 2275 154 42 basson

609 2340 64 40 dit
694 2349 177 46 serpent
891 2342 143 47 droit;
1054 2343 140 39 même
1218 2343 181 40 étendue
1419 2357 83 40 que
1519 2343 38 41 le
1582 2345 166 51 basson,
1774 2346 50 39 de
1844 2345 78 40 Xut
1938 2359 126 39 grave
2082 2359 55 26 au
2171 2354 146 33 contre-

611 2413 42 38 la
676 2411 53 55 (le
751 2413 50 40 ré
821 2413 178 54 suraigu
1019 2427 75 41 par
1114 2414 264 55 extension)?
1402 2415 61 40 De
1482 2416 111 53 plus,
1613 2424 109 32 cette
1742 2430 171 40 gamme
1934 2417 82 42 fort
2039 2418 182 42 étendue
2241 2433 75 40 pos-

609 2484 94 40 sède
724 2493 99 32 tous
845 2499 62 26 ses
931 2486 212 40 accidents
1326 2495 39 31 et
1385 2488 225 40 bémolisés
1618 2521 9 19 ,
1744 2503 61 26 un
1827 2491 96 38 rêve
1939 2494 8 36 !

661 2557 395 43 Connaissez-vous
1077 2561 40 39 la
1138 2561 268 54 harpo-lyre
1410 2592 11 19 ,
1444 2575 56 26 ou
1519 2562 167 53 guitare
1707 2562 341 54 perfectionnée?
2078 2564 37 53 je
2145 2564 91 40 suis
2269 2569 73 37 sûr

606 2630 58 40 du
685 2632 226 41 contraire.
936 2632 205 41 Uauteur
1162 2633 49 40 de
1230 2642 106 32 cette
1361 2634 217 40 merveille
1610 2634 220 54 s'appelait
1862 2635 40 41 J.
1937 2636 52 41 F.
2022 2634 229 56 Salomon;
2285 2652 54 25 au

606 2712 191 32 costume
814 2704 51 40 de
888 2706 38 39 la
947 2718 185 39 gravure
1152 2706 243 53 reproduite
1416 2707 105 40 dans
1543 2721 44 26 ce
1609 2709 196 46 numéro,
1829 2707 67 53 j'ai
1917 2709 37 40 le
1975 2709 110 40 droit
2108 2710 51 40 de
2181 2724 134 41 suppo-

606 2789 64 27 ser
692 2776 108 53 qu'il
820 2777 168 41 existait
1008 2782 23 35 à
1052 2778 195 54 l'époque
1269 2778 50 40 de
1339 2779 39 39 la
1404 2780 318 40 Restauration.

661 2848 119 40 Dans
802 2863 43 26 sa
868 2850 177 53 préface,
1070 2851 184 40 Fauteur
1277 2851 60 40 dit
1358 2865 7 26 :
1389 2867 22 23 (c
1432 2852 164 54 Depuis
1618 2853 256 55 vingt-cinq
1897 2868 90 37 ans,
2012 2854 37 55 je
2083 2855 182 54 professe
2299 2855 41 40 la

602 2921 183 52 guitare,
809 2929 156 33 autant
983 2937 87 39 par
1091 2924 114 52 goût
1234 2938 83 39 que
1354 2938 74 39 par
1468 2926 108 50 état;
1614 2924 69 53 j'ai
1723 2925 194 53 toujours
1956 2929 130 52 pensé
2125 2941 85 39 que
2248 2928 87 38 Ton

600 2994 180 53 pouvait
802 2996 177 38 reculer
1015 2995 62 40 les
1113 2995 154 41 bornes
1296 2997 49 39 de
1379 3005 65 31 cet
1474 2997 266 40 instrument
1773 3008 40 31 et
1853 3013 69 25 me
1962 2999 88 39 suis
2088 3013 97 26 sans
2222 3012 113 26 cesse

599 3068 160 53 occupé
776 3067 50 40 de
846 3067 38 40 le
905 3068 332 53 perfectionner.
1267 3084 22 23 »
1312 3069 153 47 Quelle
1482 3070 230 41 innocente
1734 3071 162 40 manie!
1920 3088 17 20 «
1963 3071 146 51 Enfin,
2131 3074 120 51 après
2282 3072 51 40 de

600 3141 242 38 nombreux
860 3140 127 39 essais
1004 3153 108 41 pour
1127 3140 183 54 lesquels
1326 3156 21 23 »
1368 3141 31 40 il
1419 3142 67 40 n'a
1511 3158 17 20 «
1546 3143 183 52 épargné
1750 3143 46 38 ni
1808 3143 169 52 peines,
1993 3144 45 38 ni
2051 3144 242 52 sacrifices,
2313 3161 18 20 »

599 3211 64 41 M.
687 3212 202 41 Salomon
912 3225 110 27 nous
1037 3213 142 39 donne
1198 3213 40 39 la
1253 3213 265 53 harpo-lyre;
1543 3229 17 21 «
1578 3213 99 40 c'est
1695 3228 61 26 un
1776 3215 263 40 instrument
2054 3215 77 54 qui
2153 3216 109 40 tient
2282 3217 52 40 de

602 3284 39 41 la
661 3286 132 53 harpe
816 3294 38 32 et
875 3286 50 39 de
946 3285 40 40 la
1018 3287 99 52 lyre
1148 3286 173 52 antique
1325 3316 9 20 ,
1371 3285 31 40 il
1433 3294 62 31 est
1526 3286 163 40 destiné
1729 3291 22 35 à
1791 3287 104 40 tirer
1931 3288 40 40 la
2010 3288 169 54 guitare
2210 3289 50 40 de
2293 3290 41 40 la

599 3358 193 52 position
813 3359 219 40 médiocre
1054 3358 155 53 qu'elle
1230 3371 158 41 occupe
1408 3358 138 54 parmi
1578 3358 57 40 les
1673 3366 141 33 autres
1846 3359 300 43 instruments.
2192 3361 141 42 Outre

600 3428 106 53 qu'il
727 3430 174 53 produit
921 3431 72 40 des
1028 3444 98 27 sons
1155 3431 101 40 bien
1289 3430 244 55 supérieurs
1570 3443 54 28 en
1664 3431 202 41 intensité
1902 3440 41 32 et
1979 3446 53 27 en
2064 3434 180 53 qualité,
2287 3448 44 26 sa
