2672 4183
983 525 496 47 BIBLIOGRAPHIE

2054 535 47 40 81

416 661 64 43 M.
525 664 121 43 Delle
685 667 122 42 Sedie
851 670 158 41 débute
1046 685 77 40 par
1159 673 73 40 des
1270 675 284 54 explications
1604 680 305 55 anatomiques
1951 696 74 27 sur
2067 683 42 40 la

360 736 319 44 conformation
700 741 71 40 des
792 743 157 52 parties
971 743 189 41 internes
1182 746 59 40 du
1263 759 123 41 corps
1401 752 57 36 où
1474 748 40 42 la
1534 751 100 41 voix
1655 754 135 52 prend
1812 755 240 54 naissance,
2071 764 40 33 et

363 823 73 28 sur
458 811 40 41 la
520 813 192 41 manière
732 816 107 38 dont
858 815 38 39 le
917 816 210 42 chanteur
1156 818 92 42 doit
1279 820 102 40 faire
1411 821 272 44 fonctionner
1709 839 65 28 ces
1803 828 171 53 parties.
1997 830 114 41 C'est

363 883 64 40 M.
449 884 39 40 le
507 886 179 40 docteur
708 886 152 41 Mandl
880 887 77 54 qui
978 888 65 41 lui
1064 903 24 27 a
1114 889 148 43 fourni
1290 905 44 28 ce
1362 895 169 41 travail.
1551 895 195 55 J'avoue,
1771 913 112 40 pour
1909 914 69 27 ma
1999 912 110 45 part,

361 970 85 40 que
465 957 38 53 je
527 959 90 38 suis
647 972 81 39 peu
759 960 193 54 partisan
983 963 51 41 de
1067 964 325 44 l'intervention
1419 969 51 42 de
1499 969 250 44 l'anatomie
1773 973 106 41 dans
1907 975 40 39 le
1978 976 135 40 talent

361 1029 26 40 d
406 1043 60 27 un
503 1030 227 43 chanteur.
754 1032 35 42 G
807 1042 78 42 est,
907 1034 37 55 je
976 1038 125 53 crois,
1123 1039 187 56 Stéphen
1348 1042 51 40 de
1430 1042 42 42 la
1507 1044 261 55 Madeleine,
1793 1047 239 54 professeur
2061 1049 52 40 de

363 1103 144 52 chant,
531 1117 89 28 non
655 1120 96 27 sans
787 1108 189 56 quelque
1008 1111 165 51 mérite,
1204 1115 94 53 qui,
1324 1115 39 42 le
1388 1118 201 53 premier,
1614 1119 30 40 il
1664 1134 28 39 y
1718 1134 22 26 a
1770 1135 85 27 une
1888 1122 225 53 vingtaine

359 1176 27 39 d
403 1178 173 48 années,
618 1178 254 45 introduisit
908 1192 107 33 cette
1051 1187 127 40 mode
1224 1187 107 41 dans
1380 1190 158 41 l'étude
1570 1193 52 39 de
1660 1193 97 40 l'art
1785 1194 187 54 lyrique,
2008 1196 106 40 dont

360 1248 220 43 n'avaient
606 1265 170 28 aucune
797 1254 91 41 idée
922 1256 58 40 les
1008 1257 168 41 artistes
1206 1259 59 40 du
1300 1269 137 46 temps
1460 1265 136 51 passé,
1620 1265 76 52 qui
1718 1268 237 51 cependant
1975 1267 109 40 chan-

361 1321 139 41 taient
525 1322 254 45 infiniment
808 1328 148 40 mieux
993 1343 85 40 que
1106 1344 109 27 ceux
1244 1332 336 55 d'aujourd'hui.
1625 1336 113 40 Mais
1766 1350 178 40 passons
1972 1354 73 25 sur
2069 1354 45 26 ce

360 1395 190 42 sacrifice
578 1412 85 40 que
687 1400 61 40 M.
776 1401 119 41 Delle
931 1402 121 40 Sedie
1074 1417 24 25 a
1130 1416 74 27 cru
1234 1404 149 41 devoir
1415 1406 103 41 faire
1547 1411 23 37 à
1592 1408 265 42 l'innocente
1884 1412 144 40 manie
2053 1415 59 38 du

372 1482 95 28 our.
492 1470 227 56 L'attaque
737 1473 59 41 du
812 1488 78 26 son
913 1482 62 33 est
994 1478 85 38 très
1099 1479 422 52 remarquablement
1543 1481 166 41 traitée.
1737 1485 69 39 Au
1828 1482 88 43 lieu
1937 1486 50 38 de
2008 1493 106 33 cette

358 1542 200 41 méthode
598 1544 205 53 fatigante
832 1547 50 40 de
918 1546 91 41 filer
1043 1548 37 40 le
1114 1562 93 38 son,
1241 1550 77 53 qui
1347 1551 188 41 consiste
1568 1557 23 36 à
1620 1553 169 42 donner
1822 1556 41 40 la
1894 1565 101 32 note
2031 1561 83 37 très

355 1614 137 54 piano
497 1647 11 20 ,
540 1620 23 36 à
599 1616 163 42 l'enfler
802 1627 41 33 et
869 1622 23 38 à
930 1620 41 40 la
1012 1620 239 54 diminuer,
1288 1623 64 39 M.
1398 1623 119 41 Delle
1557 1623 122 43 Sedie
1719 1627 176 54 prescrit
1933 1629 180 41 d'abord

359 1686 239 56 d'attaquer
626 1689 38 41 le
684 1703 78 27 son
790 1691 83 40 fort
900 1700 41 33 et
961 1693 50 40 de
1032 1693 38 41 le
1089 1693 237 56 diminuer,
1350 1702 42 34 et
1412 1696 168 42 ensuite
1607 1698 51 40 de
1679 1698 232 55 l'attaquer
1932 1702 116 40 doux
2076 1710 39 32 et

358 1760 51 40 de
437 1761 178 53 renfler,
641 1776 45 27 ce
705 1764 77 54 qui
806 1765 183 41 conduit
1009 1780 56 27 au
1090 1768 140 40 même
1264 1769 77 39 but
1367 1783 102 27 avec
1502 1771 223 55 beaucoup
1747 1773 98 54 plus
1875 1773 50 40 de
1956 1775 156 52 sûreté,

361 1834 198 41 d'autant
585 1849 85 41 que
690 1837 39 40 le
757 1839 141 39 même
924 1852 159 41 moyen
1111 1847 62 34 est
1192 1841 207 54 appliqué
1425 1846 24 37 à
1468 1843 72 40 des
1572 1845 263 41 successions
1857 1846 51 41 de
1938 1847 113 41 deux
2075 1855 41 33 et

359 1905 52 40 de
437 1907 104 40 trois
577 1921 134 30 noies.
756 1909 60 41 La
851 1910 145 42 fusion
1032 1912 72 40 des
1136 1913 198 54 registres
1372 1928 163 42 occupe
1576 1930 86 27 une
1693 1919 122 53 place
1853 1919 263 55 importante

359 1980 108 40 dans
500 1994 45 27 ce
579 1982 139 42 traité.
754 1982 315 56 L'intonation,
1091 1985 331 56 l'homogénéité
1455 1989 105 40 dans
1587 1990 237 42 l'émission
1849 1993 72 39 des
1949 2007 97 27 sons
2074 2003 42 32 et

360 2052 59 41 les
441 2053 140 40 divers
601 2055 205 41 exercices
828 2057 60 40 du
910 2057 132 42 chant
1062 2067 97 32 sont
1177 2060 302 54 parfaitement
1499 2062 254 55 développés
1768 2065 107 40 dans
1891 2079 86 27 une
2000 2067 116 40 foule

365 2124 258 55 d'exemples
639 2142 11 35 ;
674 2128 110 39 mais
804 2131 219 51 peut-être
1044 2144 69 27 me
1134 2131 192 41 sera-t-il
1348 2133 159 53 permis
1528 2133 55 42 ici
1611 2135 51 40 de
1683 2135 104 41 faire
1808 2138 198 40 observer
2029 2152 87 40 que

362 2197 68 41 M.
461 2197 123 42 Delle
615 2199 121 41 Sedie
771 2210 171 45 compte
970 2216 60 27 un
1059 2217 83 39 peu
1175 2211 96 48 trop
1300 2218 74 27 sur
1398 2206 60 40 les
1489 2220 179 40 moyens
1690 2210 267 52 pécuniaires
1978 2211 51 39 de
2051 2225 63 26 ses

362 2270 136 41 élèves
521 2284 52 27 en
593 2271 95 41 leur
708 2275 359 41 recommandant
1096 2276 52 40 de
1168 2277 235 53 travailler,
1427 2286 125 33 outre
1574 2293 43 27 sa
1639 2294 156 41 propre
1817 2283 214 53 méthode,
2055 2285 61 39 les

359 2343 205 41 vocalises
585 2344 51 40 de
665 2344 139 41 Danzi
825 2354 41 32 et
892 2347 196 54 d'Alary,
1111 2358 41 31 et
1184 2349 60 40 les
1277 2350 207 41 exercices
1510 2351 50 40 de
1589 2351 151 43 Garcia
1775 2363 40 32 et
1840 2356 51 39 de
1916 2356 199 41 madame

366 2415 262 43 Damoreau.

413 2488 80 41 J'ai
522 2489 99 41 hâte
651 2490 207 42 d'arriver
879 2497 24 36 à
931 2493 40 40 la
997 2494 139 54 partie
1168 2495 40 40 la
1235 2497 101 53 plus
1366 2497 263 53 importante
1655 2499 52 40 de
1741 2513 45 27 ce
1815 2503 298 53 remarquable

358 2561 140 40 traité.
526 2562 61 41 La
611 2563 190 42 manière
823 2565 51 40 de
896 2566 187 54 corriger
1104 2567 60 40 les
1186 2568 323 54 imperfections
1531 2570 50 40 de
1602 2572 41 40 la
1665 2572 99 40 voix
1785 2587 53 26 en
1860 2582 63 32 est
1942 2574 151 41 l'intro-

357 2634 195 52 duction,
562 2648 70 27 car
653 2650 45 25 ce
722 2636 110 54 sujet
858 2639 162 40 n'avait
1039 2638 153 54 jamais
1214 2642 65 38 été
1300 2642 172 41 abordé.
1493 2644 80 40 Les
1602 2645 147 40 études
1768 2653 40 33 et
1828 2646 59 40 les
1908 2648 205 40 exercices

360 2708 314 51 expressément
703 2712 218 51 composés
950 2725 76 40 par
1062 2712 61 40 M.
1152 2712 122 40 Delle
1300 2714 122 40 Sedie
1450 2729 110 39 pour
1587 2718 202 52 parvenir
1809 2722 23 36 à
1860 2732 45 26 ce
1933 2720 181 41 résultat

361 2787 99 30 sont
496 2789 270 32 savamment
792 2782 240 49 combinés,
1052 2792 40 32 et
1123 2784 30 40 il
1176 2793 63 31 est
1258 2789 83 36 très
1362 2787 224 40 consolant
1615 2802 109 39 pour
1751 2789 60 40 les
1833 2791 136 40 élèves
1991 2792 96 53 d'ap-

361 2850 184 52 prendre
573 2865 84 39 que
679 2852 59 40 les
761 2853 167 42 défauts
959 2857 160 38 mêmes
1137 2857 52 39 de
1219 2857 93 40 leur
1330 2871 159 40 organe
1522 2869 215 45 pourront
1761 2863 99 52 plus
1881 2862 130 42 d'une
2032 2863 80 41 fois

360 2922 94 41 leur
475 2924 137 40 servir
632 2939 111 40 pour
762 2926 204 52 produire
983 2928 72 40 des
1076 2928 116 41 effets
1214 2930 309 54 dramatiques.

418 2996 230 55 L'analyse
677 3007 40 31 et
747 2998 363 55 l'interprétation
1147 3002 71 40 des
1248 3003 109 40 rôles
1392 3013 113 44 sont,
1528 3005 51 40 de
1614 3013 119 33 toute
1764 3006 39 42 la
1833 3009 199 41 méthode
2060 3010 52 41 de

362 3068 62 45 M,
453 3069 120 41 Delle
594 3071 139 52 Sedie,
749 3085 45 28 ce
816 3073 77 54 qui
917 3082 103 45 peut
1041 3074 38 40 le
1100 3074 98 54 plus
1218 3075 320 54 puissamment
1559 3080 257 40 contribuer
1838 3085 21 36 à
1882 3081 160 42 former
2060 3084 51 40 de

355 3142 157 53 grands
527 3144 181 41 artistes.
730 3145 132 41 Aussi
883 3146 154 41 n'est-il
1051 3161 75 40 pas
1142 3148 50 39 de
1208 3148 116 41 soins
1339 3149 109 54 qu'il
1462 3163 53 27 ne
1537 3163 43 28 se
1597 3153 82 39 soit
1701 3153 166 40 donnés
1884 3167 110 41 pour
2009 3155 103 41 faire

358 3229 142 40 passer
531 3217 104 40 dans
656 3218 162 55 l'esprit
839 3228 41 32 et
900 3220 106 40 dans
1029 3220 126 42 l'âme
1175 3222 73 41 des
1269 3223 248 55 chanteurs,
1540 3224 59 42 les
1621 3226 229 54 profondes
1872 3241 239 30 ressources

358 3301 86 40 que
478 3302 77 26 son
593 3290 136 42 talent
762 3291 64 42 lui
856 3306 24 27 a
905 3292 79 42 fait
1006 3294 231 41 découvrir
1269 3304 41 33 et
1340 3305 155 34 mettre
1524 3311 53 26 en
1605 3299 212 54 pratique.
1852 3300 85 41 Des
1971 3302 140 54 signes

359 3360 140 53 placés
531 3363 227 42 au-dessus
791 3365 72 40 des
892 3374 121 33 notes
1047 3367 236 54 indiquent
1317 3370 51 40 de
1397 3369 40 41 la
1467 3370 189 40 manière
1676 3371 39 39 la
1735 3372 99 53 plus
1860 3373 252 54 ingénieuse

359 3435 352 43 non-seulement
731 3438 278 55 l'expression
1030 3450 41 32 et
1092 3441 180 42 l'accent
1296 3457 152 40 propre
1470 3444 108 54 qu'il
1600 3443 92 41 faut
1712 3445 168 42 donner
1902 3452 22 36 à
1946 3449 167 55 chaque

359 3508 153 53 phrase
539 3523 57 27 ou
630 3511 179 53 parcelle
841 3512 51 41 de
920 3513 154 54 phrase
1095 3514 107 40 d'un
1232 3514 142 53 motif,
1394 3515 110 41 mais
1531 3529 152 28 encore
1711 3517 38 41 le
1770 3518 158 43 timbre
1953 3523 159 44 spécial

1973 3568 11 8 J

1924 3596 23 38 6

578 3581 77 42 VI.
