2672 4183
1035 511 75 39 LA
1141 508 382 49 CHRONIQUE
1556 507 312 41 MUSICALE

561 516 56 52 76

617 656 118 47 Puis,
756 658 22 37 à
798 657 41 39 la
860 656 94 40 date
976 656 59 40 du
1060 656 48 40 25
1135 655 96 53 juin
1252 654 51 41 de
1324 654 40 41 la
1385 655 140 39 même
1547 655 134 39 année
1707 668 7 26 :
1749 670 19 21 «
1791 654 212 40 Convenu
2027 667 100 40 que,
2153 668 73 26 sur
2248 656 41 38 la

561 741 162 28 somme
762 728 167 40 donnée
968 731 23 37 à
1034 727 62 42 M.
1144 727 134 42 Louis
1319 741 110 41 pour
1465 728 125 40 achat
1629 728 50 39 de
1712 726 296 50 trombonnes,
2052 726 63 41 M.
2158 726 133 40 Louis

561 809 220 44 remettra,
803 804 121 51 après
944 802 119 40 avoir
1096 809 152 33 retenu
1284 801 38 40 le
1355 808 96 46 port
1484 800 72 41 des
1594 800 83 40 dits
1718 800 299 52 instruments,
2055 800 40 39 la
2130 813 165 27 somme

559 874 231 41 d'environ
811 875 195 40 soixante
1025 882 40 33 et
1087 874 136 41 douze
1240 874 125 40 livres
1387 874 108 53 qu'il
1515 874 115 40 avait
1652 887 126 42 reçue
1799 874 49 40 de
1868 881 114 46 trop.
2007 872 122 41 Cette
2150 872 144 40 affaire

560 956 63 32 est
641 947 250 41 totalement
914 947 221 41 terminée.
1160 963 17 20 »

616 1020 118 40 Pour
755 1019 143 40 savoir
918 1019 39 40 la
980 1019 256 41 nationalité
1256 1019 70 39 des
1349 1018 307 40 trombonistes
1682 1027 40 31 et
1755 1019 40 39 la
1826 1019 97 39 date
1956 1018 50 39 de
2038 1018 231 40 l'introduc-

559 1092 94 41 tion
673 1092 58 41 du
752 1092 228 41 trombone
1000 1094 24 37 à
1053 1091 261 50 l'orchestre,
1351 1104 110 27 nous
1494 1091 178 39 n'avons
1705 1093 99 50 qu'à
1839 1089 217 41 consulter
2088 1092 61 38 les
2187 1091 110 39 états

560 1166 372 52 d'émargements
954 1166 224 39 conservés
1199 1178 85 27 aux
1302 1164 195 40 archives
1517 1164 51 39 de
1589 1163 188 53 l'Opéra.

616 1239 122 40 Nous
756 1253 28 39 y
800 1238 135 40 lisons
957 1244 151 48 quatre
1127 1251 124 27 noms
1272 1237 78 54 qui
1375 1246 92 44 ont,
1491 1237 100 40 sauf
1606 1237 39 40 le
1665 1235 188 54 dernier,
1878 1251 85 26 une
1989 1236 305 55 physionomie

561 1313 313 40 éminemment
895 1313 210 52 tudesque
1131 1327 7 25 :
1164 1311 164 53 Sieber,
1352 1312 160 52 Moser,
1537 1311 148 40 Braun
1708 1319 41 32 et
1766 1311 122 50 Nau;
1914 1324 110 26 nous
2053 1324 240 41 apprenons

561 1399 86 40 que
670 1385 148 40 Braun
842 1393 40 32 et
905 1385 98 40 Nau
1025 1392 96 33 sont
1141 1385 138 40 entrés
1300 1387 23 37 à
1344 1383 173 56 l'Opéra
1539 1397 53 28 en
1621 1397 107 42 1774
1747 1394 38 31 et
1806 1397 52 26 en
1897 1385 123 53 1775.
2151 1383 112 41 N'ou-

565 1458 110 40 bliez
696 1472 73 40 pas
792 1471 66 27 ces
873 1457 112 41 deux
1006 1458 132 40 dates.

614 1530 183 41 Suivant
820 1544 60 27 un
904 1544 128 39 usage
1054 1530 283 41 traditionnel
1358 1534 22 36 à
1401 1529 278 52 l'Académie,
1702 1529 59 40 les
1783 1529 321 54 symphonistes
2134 1529 160 40 étaient

561 1613 182 31 souvent
764 1604 183 52 engagés
981 1606 23 36 à
1037 1602 176 54 remplir
1243 1602 360 41 simultanément
1638 1602 215 54 plusieurs
1888 1602 225 40 fonctions.
2151 1602 144 40 Sieber

559 1676 139 53 jouait
718 1676 58 40 du
799 1689 77 27 cor
893 1683 41 32 et
954 1675 49 39 de
1024 1677 40 38 la
1084 1676 138 53 harpe
1243 1685 38 30 et
1302 1689 53 25 ne
1376 1675 184 40 recevait
1578 1682 206 46 pourtant
1803 1688 85 39 que
1909 1674 99 40 huit
2028 1682 116 32 cents
2165 1674 128 40 livres

562 1763 77 39 par
660 1763 68 36 an,
755 1762 112 40 pour
886 1762 66 25 ces
972 1748 112 39 deux
1109 1748 153 40 talents
1285 1748 33 39 si
1340 1747 346 52 dissemblables;
1709 1754 96 33 tout
1826 1760 166 27 comme
2027 1760 60 26 un
2119 1748 175 39 nommé

562 1821 150 51 Louis,
732 1821 123 40 basse
876 1821 57 39 du
954 1820 149 54 grand
1119 1820 151 40 chœur
1274 1853 10 16 ,
1302 1820 76 54 qui
1394 1820 181 40 donnait
1595 1820 58 39 du
1670 1832 78 27 cor
1762 1820 54 39 de
1831 1819 147 40 chasse
1984 1851 7 18 ,
2012 1834 85 26 aux
2116 1820 152 53 appoin-

560 1900 185 34 tements
766 1893 50 39 de
838 1900 90 43 sept
948 1900 117 32 cents
1087 1892 143 51 livres,
1253 1900 40 32 et
1327 1892 58 39 Le
1419 1891 254 51 Marchand,
1711 1892 76 53 qui
1818 1892 232 52 émargeait
2082 1892 63 40 six
2178 1902 116 30 cents

558 1965 128 39 livres
711 1981 18 20 «
752 1973 96 33 tant
867 1977 165 27 comme
1055 1964 152 40 basson
1229 1977 83 40 que
1328 1977 109 41 pour
1456 1963 122 54 jouer
1599 1964 59 39 du
1681 1963 253 42 tambourin
1956 1980 38 24 ».
2017 1964 152 49 Quant
2186 1968 22 36 à
2232 1978 60 26 un

559 2037 191 40 membre
772 2036 49 40 de
840 2036 40 40 la
902 2036 158 40 célèbre
1082 2036 198 54 dynastie
1301 2036 70 40 des
1394 2036 182 52 Caraffe,
1611 2035 167 41 Caraffe
1812 2049 22 27 2
1841 2042 13 15 e
1858 2068 11 16 ,
1907 2037 184 52 premier
2127 2036 160 47 violon,

554 2109 69 54 les]
626 2109 115 40 états
754 2109 366 54 d'émargements
1141 2109 193 53 ajoutent
1354 2123 55 26 au
1425 2109 175 40 dessous
1615 2108 50 39 de
1684 2122 76 27 son
1778 2121 106 27 nom
1904 2124 8 25 :
1935 2124 17 21 «
1971 2109 66 40 lui
2051 2122 110 40 pour
2175 2108 119 54 jouer

559 2183 58 38 du
634 2182 145 39 violon
800 2189 39 32 et
862 2182 147 40 battre
1026 2182 58 39 les
1106 2181 214 40 timballes
1347 2197 34 25 ».
1408 2181 165 41 Caraffe
1595 2181 130 49 avait,
1747 2180 66 40 lui
1818 2213 8 18 ,
1851 2181 136 40 douze
2009 2190 116 31 cents
2147 2182 141 43 livres,

563 2254 226 40 Peut-être
811 2254 174 40 avait-il
1006 2255 150 38 trouvé
1178 2253 36 40 le
1236 2267 154 40 moyen
1413 2254 51 39 de
1484 2253 118 52 jouer
1632 2267 62 26 ses
1723 2254 111 39 deux
1865 2253 157 54 parties
2058 2268 51 26 en
2151 2256 141 38 même

561 2335 138 46 temps
714 2331 7 36 !
747 2328 165 50 Braun,
938 2340 61 27 un
1016 2327 72 40 des
1109 2327 142 40 futurs
1282 2326 324 52 trombonistes,
1644 2326 102 42 était
1779 2328 118 38 entré
1938 2343 17 20 «
1994 2335 96 32 tant
2125 2340 167 26 comme

557 2407 226 46 trompette
804 2412 85 40 que
910 2413 111 40 pour
1047 2399 121 54 jouer
1197 2399 59 39 du
1296 2412 91 27 cor.
1439 2414 23 23 »
1505 2398 120 42 Cette
1663 2399 282 53 promiscuité
1983 2412 110 27 nous
2133 2399 159 39 semble

558 2474 193 50 étrange;
776 2471 109 40 mais
908 2471 56 41 lel
997 2472 102 40 était
1133 2472 38 39 le
1202 2471 236 53 règlement
1472 2471 52 40 de
1561 2470 261 41 l'Académie
1858 2480 40 31 et
1938 2471 32 41 il
2006 2471 94 54 n'y
2118 2472 116 40 avait
2269 2476 23 36 à

558 2544 102 40 faire
682 2557 169 26 aucune
872 2543 226 53 objection.

615 2616 36 40 Il
673 2624 63 32 est
756 2615 274 41 indubitable
1049 2629 84 40 que
1157 2616 150 40 Braun
1329 2622 61 33 est
1410 2629 116 26 venu
1548 2618 22 37 à
1592 2615 192 54 l'Opéra,
1808 2629 53 27 en
1890 2629 124 41 1774,
2043 2629 110 40 pour
2173 2616 120 53 jouer

556 2688 39 40 la
611 2687 137 54 partie
768 2688 51 39 de
842 2689 224 39 trombone
1374 2701 50 27 en
1445 2688 184 47 Aulide,
1653 2688 38 40 le
1720 2702 48 39 19
1789 2688 108 40 avril
1918 2701 10 39 ;
1952 2697 40 32 et
2013 2689 38 39 le
2076 2700 22 27 2
2119 2690 102 38 août
2242 2688 51 40 de

555 2760 40 39 la
614 2762 139 38 même
769 2761 151 51 année,
945 2760 31 40 il
998 2774 23 25 a
1042 2768 103 32 tenu
1169 2761 59 38 les
1249 2760 107 40 trois
1384 2761 158 52 parties
1575 2761 50 38 de
1655 2762 228 39 trombone
1917 2761 39 39 d'
1967 2760 184 55 Orphée,
2187 2760 106 40 dans

555 2832 41 40 la
618 2832 270 53 magnifique
911 2833 121 39 scène
1048 2832 71 40 des
1143 2832 167 53 Enfers,
1330 2846 100 26 avec
1453 2846 64 26 ses
1534 2832 116 40 deux
1669 2833 228 52 collègues,
1917 2833 143 40 Moser
2078 2843 40 30 et
2133 2833 158 40 Sieber.

559 2905 212 40 Pourtant
792 2906 38 39 le
849 2906 229 40 trombone
1095 2919 52 26 ne
1168 2905 138 53 figure
1324 2919 73 40 pas
1418 2919 151 27 encore
1591 2919 73 27 sur
1685 2906 59 40 les
1766 2907 129 51 états;
1931 2919 53 27 en
2026 2906 107 53 1778
2165 2914 39 32 et
2241 2919 51 26 en

562 2991 126 40 1779,
709 2978 60 40 les
791 2986 152 45 quatre
964 2978 232 39 musiciens
1216 2978 169 39 —Nau
1408 2978 119 40 étant
1548 2979 116 38 entré
1685 2991 52 26 en
1765 2979 119 52 1775.
1897 3000 48 8 —
1969 2987 98 30 sont
2087 2977 169 53 appelés
2280 2991 9 26 :

555 3050 230 50 cornistes;
809 3063 51 27 en
889 3064 13 26 1
915 3050 100 54 780,
1034 3063 55 26 on
1106 3050 90 40 voit
1212 3050 159 53 figurer
1392 3059 107 32 cette
1523 3050 123 52 triple
1667 3049 341 50 dénomination,
2044 3050 176 39 suivant
2256 3049 38 39 le

555 3123 154 39 cumul
733 3123 108 40 usité
860 3126 22 36 à
903 3121 174 55 l'Opéra
1102 3137 7 25 :
1146 3136 107 39 cors,
1293 3123 187 40 trombes
1517 3131 39 31 et
1589 3130 273 45 trompettes;
1901 3122 124 51 mais,
2069 3136 52 26 en
2166 3123 126 54 1784,

557 3209 110 26 nous
684 3209 111 27 nous
816 3196 288 54 rapprochons
1120 3195 51 40 de
1191 3196 41 39 la
1249 3195 206 40 véritable
1471 3194 286 54 appellation;
1775 3208 56 26 on
1853 3194 51 40 lit
1921 3209 8 26 :
1947 3195 113 40 deux
2075 3196 221 40 trombons

555 3275 40 32 et
620 3276 266 47 trompettes.
926 3269 60 40 Le
1017 3269 231 40 trombone
1286 3281 42 26 se
1361 3268 128 40 serait
1524 3268 108 40 donc
1661 3267 148 54 appelé
1837 3267 177 40 d'abord
2051 3269 169 39 trombe
2254 3277 41 31 et

554 3341 218 40 trombon.
806 3342 49 38 Je
887 3342 112 38 crois
1036 3341 107 53 qu'il
1177 3348 61 32 est
1274 3340 122 40 facile
1425 3340 265 53 d'expliquer
1723 3347 108 32 cette
1874 3339 215 40 anomalie
2125 3354 8 26 :
2173 3340 120 39 Dans

555 3419 141 33 toutes
717 3413 58 39 les
797 3414 230 52 partitions
1045 3414 51 40 de
1118 3421 107 33 cette
1251 3415 182 52 époque,
1472 3422 40 32 et
1543 3414 140 38 même
1715 3412 96 54 plus
1844 3414 110 50 tard,
1984 3412 58 40 les
2076 3412 189 56 composi-

555 3490 117 33 teurs
691 3484 291 54 employaient
999 3487 38 40 le
1055 3495 131 32 terme
1204 3486 149 41 italien
1377 3501 8 26 :
1411 3484 215 43 tromboni
1631 3518 8 19 ,
1664 3493 41 32 et
1726 3485 59 40 les
1817 3483 219 56 employés
2064 3486 50 38 de
2145 3484 143 50 caisse,
