2672 4183
597 491 54 40 86

1047 488 78 40 LA
1156 488 383 50 CHRONIQUE
1571 488 314 43 MUSICALE

593 634 113 37 venir
736 635 183 47 qu'après
953 646 77 36 que
1061 642 92 30 tous
1180 635 57 37 les
1278 635 253 51 chercheurs,
1559 639 98 35 dans
1687 637 154 47 chaque
1868 636 288 48 département,
2185 642 148 30 auront

594 700 140 47 depuis
754 701 228 48 longtemps
1003 701 58 37 dit
1082 702 88 37 leur
1190 703 159 37 dernier
1369 712 99 29 mot.

646 767 98 51 Déjà
775 768 82 36 l'on
901 780 233 26 commence
1153 800 7 17 ,
1189 773 47 34 de
1273 778 93 30 tous
1402 772 107 36 côtés
1528 802 8 18 ,
1564 774 22 34 à
1613 774 205 48 s'occuper
1845 773 48 35 de
1924 771 292 38 collectionner
2258 781 75 25 nos

596 834 141 37 chants
762 834 227 48 populaires
1015 835 162 37 anciens
1199 844 38 29 et
1258 838 227 48 modernes,
1505 838 169 38 citadins
1696 846 40 29 et
1762 851 161 24 ruraux.
1954 838 103 36 MM.
2081 837 47 36 de
2150 835 37 37 la
2209 834 104 37 Ville-

595 901 181 48 marqué,
800 902 48 36 de
884 901 308 49 Coussemaker,
1224 904 185 37 Frédéric
1444 905 177 48 Rivarès,
1657 907 107 36 J.-B.
1790 904 224 48 Wekerlin,
2055 905 62 35 Du
2157 904 176 45 Mersan,

594 968 150 36 Gérard
765 969 48 35 de
835 969 162 44 Nerval,
1024 969 243 48 Francisque
1294 970 162 48 Michel,
1482 972 159 36 Leroux
1661 973 47 36 de
1740 973 140 49 Lincy,
1902 972 167 39 J.-D.-J.
2094 971 240 47 Sallaberry,

593 1035 178 37 Armand
806 1034 201 47 Guéraud,
1046 1035 171 35 Damase
1250 1036 179 45 Arbaud,
1461 1038 93 35 Max
1587 1038 184 48 Buchon,
1797 1040 171 46 Prosper
1999 1038 146 47 Tarbé,
2173 1037 161 36 Jérôme

597 1099 180 49 Bujeaud
795 1107 39 29 et
853 1100 200 49 plusieurs
1073 1109 133 28 autres
1221 1109 72 29 ont
1314 1101 81 49 déjà
1421 1102 166 50 déblayé
1609 1105 47 35 de
1672 1105 228 35 nombreux
1920 1105 168 35 terrains
2108 1102 161 50 partiels
2297 1109 40 29 et

594 1167 138 47 publié
760 1167 68 36 des
852 1174 166 30 travaux
1053 1167 47 36 de
1129 1167 119 37 détail
1281 1168 389 50 importants,jalons
1698 1170 92 37 bien
1818 1170 200 49 précieux,
2039 1177 39 29 et
2098 1169 70 48 qui
2199 1176 138 28 seront

596 1234 120 36 d'une
736 1233 137 37 valeur
894 1232 254 38 inestimable
1167 1247 105 35 pour
1297 1236 58 36 les
1383 1237 152 37 érudits
1562 1238 68 47 qui
1659 1244 205 30 tenteront
1888 1248 49 26 en
1959 1237 161 47 société,
2144 1236 135 48 quand
2300 1235 36 35 le

597 1308 182 29 moment
809 1313 85 24 sera
923 1312 120 37 venu,
1063 1302 37 36 la
1129 1301 220 38 formation
1367 1312 162 30 savante
1557 1312 38 29 et
1626 1305 205 37 définitive
1853 1304 54 37 du
1939 1304 149 37 recueil
2117 1303 153 48 unique
2298 1310 39 28 et

597 1368 174 48 général.
797 1368 30 36 Il
847 1375 59 29 est
926 1368 226 38 seulement
1184 1373 21 33 à
1229 1378 193 40 regretter
1449 1383 77 36 que
1554 1372 36 37 la
1624 1371 184 50 majorité
1835 1373 69 35 des
1933 1379 163 29 auteurs
2124 1382 79 37 que
2234 1381 103 25 nous

597 1446 155 25 venons
773 1435 46 36 de
838 1435 99 37 citer
957 1446 41 26 se
1018 1436 132 36 soient
1170 1436 89 49 plus
1281 1439 171 47 occupés
1474 1438 47 37 de
1536 1439 37 35 la
1594 1438 132 48 poésie
1746 1450 77 37 que
1842 1439 54 36 du
1917 1438 135 48 chant,
2075 1439 67 35 des
2160 1436 174 48 paroles,

597 1512 158 26 comme
778 1514 53 24 on
853 1502 71 45 dit,
946 1514 79 36 que
1046 1503 48 36 de
1114 1503 38 36 la
1172 1504 202 48 musique.

649 1569 55 36 La
738 1568 214 37 recherche
986 1570 68 35 des
1084 1569 175 48 origines
1293 1580 39 27 et
1350 1571 68 37 des
1440 1579 128 29 textes
1594 1572 200 48 primitifs,
1830 1571 99 39 celle
1962 1573 69 37 des
2066 1570 201 38 variantes
2300 1575 39 29 et

597 1636 70 35 des
689 1634 295 38 circonstances
1004 1647 69 36 qui
1094 1643 72 29 ont
1194 1636 158 48 présidé
1385 1641 22 33 à
1441 1637 88 37 leur
1564 1637 234 49 formation,
1835 1639 249 37 constituent
2114 1648 80 25 une
2226 1643 111 29 vaste

599 1702 99 36 série
719 1702 191 47 d'études,
933 1702 95 35 d'un
1050 1701 97 37 haut
1167 1710 37 28 et
1226 1703 180 47 puissant
1424 1704 157 36 intérêt.
1614 1705 84 36 Une
1713 1705 147 49 phrase
1881 1706 47 36 de
1949 1705 128 45 chant,
2101 1716 45 24 en
2166 1709 172 43 passant

599 1768 48 36 de
666 1768 145 36 bouche
836 1780 46 24 en
904 1767 154 48 bouche,
1085 1776 37 28 et
1141 1768 124 50 grâce
1287 1773 22 31 à
1332 1770 66 36 des
1427 1770 69 36 lois
1518 1771 196 37 curieuses
1735 1774 22 32 à
1780 1771 192 49 analyser
1993 1771 48 35 de
2058 1773 110 47 près,
2185 1769 154 37 devient

600 1834 214 37 forcément
848 1841 82 29 tout
960 1841 126 29 autre.
1117 1835 111 36 Telle
1242 1835 167 48 période
1430 1836 218 48 mélodique
1655 1837 99 48 finit
1768 1850 80 36 par
1869 1837 207 48 s'oxyder,
2117 1834 221 50 lorsqu'elle

600 1907 103 28 reste
725 1900 220 50 longtemps
977 1912 50 25 au
1061 1908 153 29 contact
1236 1901 49 36 du
1307 1909 163 29 courant
1485 1902 223 50 populaire.
1743 1903 78 36 Car
1853 1903 38 37 la
1926 1915 143 35 masse,
2105 1902 74 36 elle
2215 1901 120 46 aussi,

599 1973 113 28 entre
729 1973 171 30 souvent
920 1978 103 35 pour
1040 1966 209 49 beaucoup
1270 1968 97 35 dans
1388 1968 35 36 la
1440 1968 274 49 composition
1730 1970 48 35 de
1797 1982 63 24 ces
1884 1970 154 47 chants,
2056 1980 90 24 sans
2164 1980 48 24 en
2229 1968 109 36 avoir

600 2033 251 46 conscience,
878 2044 49 25 en
962 2034 286 35 transformant
1282 2035 54 45 (et
1374 2036 265 48 transformer
1677 2036 199 36 d'instinct
1881 2065 8 18 ,
1925 2036 169 36 n'est-ce
2128 2046 69 37 pas
2230 2046 81 24 com-

594 2100 165 47 poser?)
782 2098 57 37 les
859 2111 197 36 passages,
1077 2107 92 41 trop
1188 2099 182 38 difficiles
1392 2100 271 37 d'intonation
1691 2114 103 36 pour
1827 2102 89 47 elle,
1952 2114 49 24 en
2036 2102 175 35 d'autres
2245 2099 92 49 plus

599 2163 152 49 faciles,
774 2165 153 48 d'après
949 2165 69 36 des
1036 2165 75 36 lois
1129 2166 107 35 aussi
1255 2167 196 36 certaines
1469 2179 78 35 que
1566 2167 120 36 celles
1705 2169 48 34 de
1775 2168 37 36 la
1837 2168 268 48 phonétique;
2138 2166 75 37 lois
2238 2167 100 35 dont

601 2242 53 24 011
678 2242 147 36 pourra
847 2243 54 24 un
923 2232 90 47 jour
1033 2232 159 48 prévoir
1213 2232 160 37 l'action
1389 2236 20 33 à
1426 2233 189 48 l'avance,
1634 2234 92 36 bien
1742 2234 167 47 qu'elles
1922 2234 178 47 doivent,
2117 2232 218 46 d'ailleurs,

600 2297 132 36 varier
753 2297 289 38 sensiblement
1073 2311 95 24 avec
1202 2299 56 36 les
1292 2300 176 47 époques
1503 2308 38 29 et
1571 2302 57 35 les
1663 2301 193 48 localités,
1893 2301 57 36 les
1986 2300 189 37 tonalités
2210 2307 38 29 et
2281 2299 57 36 les

602 2375 128 25 races.

652 2613 54 35 La
740 2613 236 37 conclusion
1011 2614 47 36 de
1090 2626 63 24 ces
1188 2614 333 47 considérations,
1542 2617 94 35 c'est
1657 2627 78 37 que
1755 2617 47 35 de
1832 2615 113 37 telles
1980 2615 237 37 recherches
2250 2613 87 49 (qui

600 2679 225 47 paraîtront
847 2692 91 24 sans
958 2680 121 37 doute
1101 2681 92 36 bien
1214 2681 135 37 futiles
1365 2685 22 33 à
1409 2683 172 36 certains
1608 2682 265 48 indifférents)
1910 2683 173 48 exigent,
2116 2694 102 37 pour
2254 2681 83 36 être

599 2745 112 37 faites
733 2746 290 37 sérieusement
1044 2754 38 30 et
1103 2747 328 49 complètement,
1461 2749 69 36 des
1553 2749 247 37 travailleurs
1820 2750 165 48 érudits,
2022 2761 48 25 en
2100 2752 83 34 très
2212 2748 126 48 grand

600 2813 184 45 nombre,
807 2813 130 37 armés
960 2821 39 29 et
1020 2813 193 39 cuirassés
1243 2818 22 33 à
1296 2814 174 38 l'avance
1506 2816 119 36 d'une
1662 2816 182 49 patience
1884 2817 49 36 de
1968 2815 271 38 Bénédictins.
2281 2815 57 36 Le

600 2880 146 36 recueil
768 2881 46 35 de
836 2893 67 24 nos
925 2881 186 37 mélodies
1133 2883 216 37 nationales
1381 2890 39 30 et
1442 2884 226 49 populaires
1701 2897 47 24 ne
1774 2896 153 38 pourra
1961 2884 95 36 donc
2095 2883 156 37 exister
2288 2894 49 24 un

592 2958 108 36 jour,
726 2959 72 36 que
812 2960 81 37 par
912 2949 99 35 suite
1032 2949 175 49 d'efforts
1230 2949 222 37 nombreux
1473 2957 37 29 et
1529 2958 162 29 souvent
1712 2951 178 38 réitérés.
1985 2950 64 36 On
2081 2962 257 36 remarquera

600 3014 199 47 peut-être
822 3026 78 35 que
918 3014 37 50 je
978 3027 50 24 ne
1049 3015 108 48 parle
1180 3015 50 37 ici
1250 3027 76 37 que
1347 3017 47 35 de
1416 3029 75 23 nos
1522 3017 135 36 chants
1683 3017 231 49 populaires
1939 3017 175 51 français
2148 3030 9 22 :
2192 3018 94 35 c'est
2317 3019 21 33 à

600 3080 153 48 chaque
776 3081 158 47 peuple,
959 3092 50 25 en
1029 3081 106 47 effet,
1157 3083 48 35 de
1225 3083 206 48 s'occuper
1453 3083 69 35 des
1542 3083 108 35 siens
1673 3095 49 24 en
1744 3083 246 48 particulier»

656 3219 63 40 M.
747 3219 175 54 Loquin
943 3220 169 40 résume
1133 3219 118 40 enfin
1269 3220 158 41 l'étude
1442 3221 145 54 rapide
1609 3221 108 54 qu'il
1742 3235 22 26 a
1789 3221 97 41 faite
1907 3235 75 27 sur
2000 3228 95 35 tant
2127 3222 50 41 de
2208 3223 130 54 sujets

600 3289 218 42 différents
842 3299 41 33 et
902 3292 177 40 conclut
1101 3304 53 27 en
1176 3304 66 28 ces
1259 3299 154 33 termes
1439 3307 8 25 :

650 3415 138 36 Mieux
830 3417 181 48 partagés
1052 3428 77 37 que
1169 3428 73 25 nos
1275 3417 247 47 devanciers,
1559 3429 103 25 nous
1697 3429 289 40 commençons
2022 3421 22 34 à
2082 3419 112 36 avoir
2226 3418 109 37 enfin

602 3482 236 37 conscience
861 3483 52 35 du
936 3483 73 37 but
1028 3495 88 26 vers
1131 3484 134 48 lequel
1293 3496 104 25 nous
1429 3496 104 26 nous
1562 3485 216 48 dirigeons.
1819 3486 53 36 Le
1903 3485 124 48 phare
2062 3485 272 45 consolateur,
