2672 4183
1007 1180 892 73 BIBLIOGRAPHIE

985 1655 139 40 'ART
1156 1658 295 49 LYRIQUE.
1557 1660 159 40 Traité
1735 1662 184 50 complet
1940 1660 54 41 de
2015 1661 130 41 chant
2185 1670 43 33 et
2267 1665 54 40 de

982 1729 295 40 déclamation
1313 1732 192 53 lyrique,
1536 1745 75 40 par
1634 1733 50 38 E.
1708 1731 144 42 DELLE
1874 1733 137 40 SEDIE.
2112 1735 61 40 La
2208 1736 109 40 belle

982 1808 41 33 et
1060 1803 159 50 grande
1261 1802 110 40 école
1411 1803 205 41 italienne
1653 1804 174 40 n'existe
1866 1806 97 52 plus
2002 1807 152 53 depuis
2190 1809 102 53 long-

980 1879 153 46 temps,
1157 1881 42 33 et
1221 1887 207 40 personne
1449 1875 50 40 de
1521 1875 39 40 la
1582 1877 249 51 génération
1863 1878 181 39 actuelle
2073 1891 52 27 ne
2159 1881 161 40 saurait

981 1957 40 25 se
1054 1943 157 54 figurer
1239 1947 196 39 combien
1463 1948 159 39 étaient
1650 1948 158 52 grands
1848 1949 59 39 les
1938 1949 153 41 talents
2126 1952 51 38 de
2206 1964 81 26 mes-

978 2015 144 41 dames
1166 2018 149 52 Pasta,
1359 2019 238 52 Malibran,
1635 2020 218 51 Pisaroni,
1890 2021 346 41 Méric-Lalande
2276 2030 41 33 et

582 2083 175 55 Sontag,
783 2086 108 40 ainsi
917 2100 83 40 que
1034 2089 50 39 de
1118 2098 105 32 cette
1265 2091 197 41 brillante
1491 2093 165 53 pléiade
1689 2094 51 39 de
1772 2094 229 40 chanteurs
2030 2095 76 54 qui
2145 2095 171 41 avaient

581 2168 110 41 pour
727 2171 123 26 noms
902 2159 108 41 Galli
1032 2192 10 21 ,
1091 2162 225 53 Pellegrini
1340 2194 11 21 ,
1396 2164 161 41 Davide
1581 2197 9 20 ,
1635 2166 218 53 Bordogni
1879 2197 11 20 ,
1934 2167 167 39 Rubini
2126 2203 10 17 ,
2180 2169 64 39 Ta
2250 2181 40 27 m
2303 2190 11 7 -

582 2227 144 41 burini
754 2237 41 33 et
825 2230 230 45 Lablache.
1151 2234 116 52 Seul,
1298 2236 138 52 parmi
1476 2237 59 39 les
1573 2237 210 49 hommes,
1811 2237 62 40 M.
1913 2238 121 40 Belle
2066 2239 122 40 Sedie
2211 2250 104 43 peut

580 2300 277 52 aujourd'hui
893 2303 102 41 faire
1039 2318 153 27 encore
1229 2307 279 54 comprendre
1548 2322 45 26 ce
1627 2323 84 39 que
1749 2310 65 40 fut
1853 2310 37 40 le
1928 2310 132 41 chant
2093 2311 164 53 italien,
2290 2316 23 36 à

579 2385 87 28 une
715 2375 164 54 époque
930 2380 56 36 où
1032 2377 59 40 les
1132 2378 145 40 études
1315 2380 159 40 étaient
1520 2382 202 40 sérieuses
1759 2390 40 32 et
1838 2387 57 36 où
1943 2397 84 27 une
2069 2384 106 41 belle
2213 2385 101 40 voix

579 2459 96 27 sans
712 2448 153 40 travail
896 2448 161 43 n'avait
1091 2464 83 40 que
1211 2465 81 40 peu
1314 2451 456 55 d'applaudissements
1797 2458 24 37 à
1847 2457 163 52 espérer
2034 2456 104 40 d'un
2164 2458 148 52 public

578 2519 134 40 rendu
763 2519 177 42 difficile
981 2529 42 32 et
1065 2522 276 41 connaisseur
1383 2537 73 40 par
1488 2524 58 40 les
1590 2525 168 40 artistes
1797 2528 266 39 eux-mêmes
2087 2543 10 34 ;
2211 2530 75 53 épo-

576 2605 86 40 que
698 2598 57 34 où
790 2600 97 34 tous
925 2594 60 39 les
1028 2594 228 42 chanteurs
1288 2596 276 42 vocalisaient
1602 2598 96 53 plus
1740 2612 57 26 ou
1835 2599 140 40 moins
2007 2600 124 51 bien,
2174 2609 39 32 et
2253 2606 56 36 où

576 2664 87 41 Ton
691 2666 134 39 savait
853 2667 217 52 apprécier
1101 2667 239 42 l'immense
1359 2670 109 53 parti
1501 2670 136 53 qu'un
1664 2671 122 40 ténor
1808 2680 102 45 peut
1936 2672 102 40 tirer
2072 2674 51 39 de
2150 2673 40 40 la
2211 2674 100 40 voix

573 2737 51 40 de
650 2738 98 40 tête.
771 2737 113 41 C'est
910 2738 111 41 donc
1043 2752 60 27 un
1124 2740 190 41 heureux
1336 2749 146 33 retour
1499 2756 92 26 vers
1623 2743 59 40 les
1722 2744 138 40 saines
1895 2745 243 54 traditions,
2172 2753 41 33 et
2246 2760 58 27 un

572 2822 103 40 gage
705 2810 106 40 d'un
839 2811 134 53 grand
1001 2815 170 50 progrès
1201 2826 109 40 pour
1343 2813 179 41 l'avenir
1551 2815 58 41 du
1643 2816 144 53 chant,
1808 2831 83 40 que
1911 2827 168 45 promet
2100 2832 86 28 une
2212 2821 62 39 mé-

572 2880 129 41 thode
733 2882 179 41 méditée
945 2892 40 33 et
1014 2884 125 41 écrite
1169 2899 75 40 par
1271 2893 65 33 cet
1362 2886 206 42 excellent
1585 2888 204 43 virtuose.

624 2954 108 40 Sous
758 2954 39 40 le
826 2955 98 40 titre
949 2956 50 40 de
1026 2956 118 41 l'Art
1171 2958 195 54 lyrique,
1385 2960 134 39 traité
1545 2962 189 51 complet
1760 2962 52 39 de
1839 2963 131 40 chant
1999 2970 40 33 et
2070 2964 55 39 de
2154 2965 125 39 décla-

569 3027 165 39 mation
758 3027 179 54 lyrique
944 3060 8 19 ,
974 3028 60 41 M.
1055 3029 118 39 Belle
1188 3029 122 40 Sedie
1329 3029 119 42 vient
1468 3032 49 39 de
1540 3032 169 53 publier
1729 3033 93 39 l'un
1841 3034 71 38 des
1928 3034 97 54 plus
2046 3035 260 53 importants

569 3107 180 32 travaux
781 3100 75 53 qui
886 3100 116 40 aient
1032 3099 149 53 jamais
1218 3115 105 39 paru
1354 3116 74 26 sur
1457 3103 97 40 l'art
1583 3104 58 39 du
1673 3104 144 40 chant.
1852 3105 64 40 Be
1936 3108 138 38 même
2095 3121 83 39 que
2199 3108 106 41 dans

567 3179 98 32 tous
695 3172 59 39 les
787 3185 207 41 ouvrages
1020 3172 263 54 théoriques,
1307 3173 31 40 il
1369 3188 23 25 a
1426 3174 96 40 bien
1554 3175 106 40 fallu
1691 3176 145 40 traiter
1866 3178 184 40 certains
2072 3179 131 54 sujets
2224 3182 77 52 qui

566 3243 107 40 l'ont
710 3244 92 54 déjà
841 3245 65 40 été
941 3245 70 39 des
1053 3246 218 38 centaines
1305 3245 51 40 de
1383 3245 104 50 fois;
1522 3247 108 39 mais
1662 3248 40 40 la
1741 3249 178 40 seconde
1946 3251 133 53 partie
2116 3252 51 40 de
2195 3260 107 33 cette

567 3316 213 52 méthode,
802 3318 78 52 qui
920 3317 242 55 s'applique
1200 3318 301 54 spécialement
1535 3333 54 27 au
1621 3320 133 40 chant
1782 3321 288 56 dramatique,
2094 3332 62 33 est
2182 3333 120 33 toute

566 3388 198 41 nouvelle
785 3390 105 41 dans
912 3404 43 26 sa
976 3390 132 41 forme
1129 3398 41 33 et
1190 3393 138 52 paraît
1348 3392 172 53 appelée
1536 3396 23 37 à
1582 3393 151 40 rendre
1752 3394 50 40 de
1821 3396 82 39 très
1924 3398 159 49 grands
2104 3399 194 41 services.
