2672 4183
445 461 80 42 LA
557 459 289 51 MUSIQUE
880 460 156 42 DANS
1070 458 379 44 L'YMAGERIE
1486 456 85 42 DU
1607 452 219 43 MOYEN
1861 450 121 43 AGE

2073 450 52 43 55

428 625 30 41 4
459 617 14 18 0
510 611 68 42 Un
596 612 178 42 tournoi
778 643 8 10 .
887 611 119 40 Dans
1026 611 40 40 la
1088 610 160 53 galerie
1266 609 248 54 supérieure
1535 620 42 28 se
1595 606 199 41 tiennent
1815 616 62 30 un
1898 603 156 55 joueur
2075 599 51 42 de

376 686 255 41 tambourin
652 694 40 33 et
713 699 61 27 un
795 685 219 41 hautbois.
1115 682 125 41 Folio
1269 683 95 53 193.

432 762 41 40 5°
502 761 129 40 Heer
662 759 104 41 Otto
797 771 95 42 \um
915 757 149 40 Turne
1070 788 8 9 .
1174 755 119 39 Dans
1325 767 46 26 ce
1392 753 195 52 tournoi,
1610 752 165 40 chacun
1806 752 73 39 des
1909 757 174 34 tenants
2105 763 23 27 a

374 835 186 41 derrière
593 833 65 40 lui
688 846 62 26 un
777 831 231 41 musicien.
1037 830 76 50 Ici,
1143 832 101 38 c'est
1269 842 60 26 un
1362 834 232 46 trompette
1622 833 41 33 et
1690 839 62 27 un
1775 825 350 41 tambourineur.

374 908 124 40 Nous
520 913 256 34 retrouvons
797 904 40 40 la
861 904 140 39 même
1022 901 264 56 disposition
1302 901 107 40 dans
1432 913 61 28 un
1515 897 228 43 bas-relief
1760 896 59 42 du
1842 897 153 40 chœur
2016 896 51 40 de
2088 897 40 39 la

372 978 247 42 cathédrale
654 979 51 39 de
725 976 260 43 Worcester.
1015 976 75 42 Un
1117 976 72 40 des
1223 976 291 40 combattants
1537 988 23 26 a
1583 972 187 41 derrière
1796 971 64 40 lui
1884 984 61 26 un
1969 969 134 40 timba-

367 1053 92 54 lier,
491 1061 40 33 et
569 1067 61 26 un
664 1051 215 42 musicien
912 1064 97 41 joue
1038 1049 51 42 de
1120 1050 42 39 la
1195 1056 232 47 trompette
1460 1047 185 41 derrière
1683 1060 79 26 son
1795 1043 258 43 adversaire.

375 1126 126 41 Folio
525 1127 96 53 196.

428 1202 44 38 6°
501 1201 121 38 Derr
651 1199 231 40 Tanhuser
885 1232 10 9 .
999 1196 121 41 Cette
1149 1195 239 40 miniature
1411 1195 243 53 représente
1675 1192 39 40 le
1741 1191 388 41 maître-chanteur

373 1273 180 51 célèbre,
578 1273 106 40 dont
710 1272 41 40 la
768 1271 177 53 légende
967 1284 23 26 a
1011 1270 164 54 inspiré
1197 1274 23 35 à
1244 1269 67 41 M.
1338 1268 263 53 R.Wagner
1622 1267 37 40 le
1682 1265 109 54 sujet
1811 1264 50 41 de
1884 1277 77 27 son
1981 1264 145 53 opéra.

372 1347 61 40 Le
454 1347 122 54 poète
604 1355 61 31 est
692 1345 179 49 debout,
893 1350 173 47 portant
1087 1343 39 40 le
1148 1350 205 33 manteau
1377 1350 41 31 et
1439 1342 39 39 la
1507 1340 116 40 croix
1652 1339 51 39 de
1726 1336 148 42 Malte.
1901 1336 198 40 Non-seu-

372 1420 164 40 lement
562 1432 113 28 nous
697 1432 167 40 voyons
891 1417 53 41 ici
979 1431 86 26 une
1091 1416 341 54 représentation
1459 1414 59 40 du
1553 1411 211 42 chevalier
1787 1409 212 52 bavarois,
2020 1409 109 40 mais

370 1507 153 27 encore
545 1507 63 26 ses
630 1492 163 55 poésies
814 1498 96 33 sont
932 1492 263 39 conservées.
1223 1489 71 40 On
1313 1496 105 47 peut
1439 1501 51 27 en
1514 1495 176 32 trouver
1708 1499 60 26 un
1788 1484 136 53 grand
1946 1483 183 40 nombre

368 1567 109 41 dans
495 1567 38 40 le
554 1566 105 41 livre
673 1566 50 40 de
744 1579 84 26 von
851 1564 74 41 der
943 1564 170 53 Hagen,
1138 1563 110 41 ainsi
1272 1576 83 40 que
1377 1562 49 40 de
1446 1562 38 40 la
1507 1559 204 54 musique
1728 1559 102 39 tirée
1851 1557 71 40 des
1946 1569 150 27 manus-

367 1641 102 40 crits
507 1641 77 52 (1).
628 1640 121 40 Dans
784 1639 39 40 le
856 1651 201 28 nouveau
1099 1638 193 39 Journal
1332 1636 54 40 de
1421 1634 185 40 Munich
1642 1632 173 55 (Neuer
1854 1629 275 41 Munchener

371 1713 238 55 Zeitung),
640 1713 127 53 1859,
793 1714 61 39 les
874 1712 250 42 Aventures
1146 1712 58 39 du
1229 1710 170 54 repenti
1420 1708 57 41 du
1513 1706 256 54 Vensbergu
1791 1712 97 33 sont
1908 1703 220 41 racontées

376 1788 106 40 dans
523 1788 58 39 les
616 1787 98 54 plus
745 1786 156 55 grands
938 1785 167 52 détails,
1136 1792 40 33 et
1207 1783 186 41 Fauteur
1423 1796 23 26 a
1481 1795 49 27 su
1565 1782 167 53 séparer
1757 1778 208 42 l'histoire
1998 1777 51 39 de
2086 1777 41 39 la

368 1860 192 55 légende.
585 1859 155 41 Citons
762 1872 155 27 encore
938 1871 74 27 sur
1051 1870 46 27 ce
1124 1857 108 53 sujet
1257 1870 8 28 :
1293 1856 156 53 Haupt
1486 1853 276 54 Zeitschrift
1776 1852 94 53 fur
1899 1849 229 42 deutsches

369 1933 258 42 Alterthum
652 1931 213 55 (Leipzig,
896 1931 125 54 1848)
1055 1940 40 31 et
1120 1929 168 41 Zander
1304 1929 167 51 (Fried)
1500 1928 69 40 die
1599 1925 417 53 Tannhaùser-sage
2037 1923 89 41 und

367 2007 84 40 der
468 2005 323 55 Minnes'ànger
819 2005 256 40 Tanliaiiser
1097 2002 294 54 (Kœnisberg,
1421 2001 126 50 iB5B,
1571 2000 97 53 in-4
1670 2006 14 16 0
1688 1999 34 55 ).
1820 1997 124 41 Folio
1966 1998 100 50 264.

424 2095 25 39 7
454 2086 14 16 0
497 2080 215 40 Reinmar
741 2078 81 40 der
853 2077 191 41 Vidiller
1066 2077 58 51 (le
1145 2074 228 55 Vielleur).
1469 2074 58 40 Le
1549 2076 123 51 poète
1691 2072 100 54 joue
1811 2072 132 39 d'une
1963 2069 161 54 grande

367 2152 127 40 vielle
517 2156 22 36 à
572 2160 150 44 quatre
743 2150 163 51 cordes,
927 2149 237 40 semblable
1190 2154 23 35 à
1234 2147 123 41 celles
1391 2160 85 40 que
1510 2159 110 27 nous
1654 2158 133 27 avons
1815 2143 179 40 décrites
2025 2142 97 54 plus

367 2225 123 42 haut.
515 2224 247 41 Au-dessus
783 2223 51 40 de
856 2237 45 26 sa
921 2224 99 49 tête,
1044 2236 57 26 on
1126 2229 103 47 peut
1250 2220 96 41 voir
1374 2233 86 27 une
1480 2218 127 40 vielle
1628 2218 59 39 du
1721 2217 139 40 même
1891 2229 128 40 genre
2049 2228 74 27 sur

367 2312 61 27 un
451 2300 181 39 écusson
654 2305 41 32 et
717 2311 61 26 un
801 2310 159 40 casque
983 2295 158 55 auquel
1174 2295 37 40 le
1237 2295 141 39 même
1400 2292 268 41 instrument
1690 2298 84 32 sert
1802 2289 50 40 de
1886 2288 162 40 cimier.
2086 2287 36 39 Il

364 2373 92 40 faut
487 2384 267 41 remarquer,
779 2370 106 40 dans
907 2383 46 27 ce
973 2370 160 50 dessin,
1159 2368 38 40 la
1227 2367 125 58 façon
1374 2366 107 40 dont
1510 2365 38 40 le
1570 2363 213 41 musicien
1807 2362 109 41 tient
1936 2362 40 39 la
1997 2359 125 42 vielle

364 2454 39 32 et
422 2446 51 40 de
489 2445 141 54 quelle
658 2444 189 40 manière
868 2451 62 33 est
952 2443 100 54 posé
1074 2441 191 41 l'archet.
1360 2439 122 41 Folio
1510 2439 96 40 312.

421 2519 43 39 8°
494 2518 179 41 Master
703 2516 222 42 Heinrich
945 2528 81 28 von
1049 2515 193 40 Meissen
1265 2513 256 41 surnommé
1543 2509 254 42 Frauenlob
1821 2509 195 50 (chantre
2050 2507 72 40 des

365 2591 216 54 femmes.)
718 2590 77 49 Ici,
823 2590 101 40 c'est
950 2602 87 27 une
1080 2587 117 54 joute
1237 2584 221 42 musicale.
1497 2585 58 39 Le
1595 2583 98 54 juge
1726 2591 62 31 est
1820 2581 103 41 assis
1956 2594 74 26 sur
2061 2593 61 27 un

366 2667 125 38 trône
524 2672 40 33 et
591 2664 162 40 semble
783 2664 200 39 décerner
1011 2661 37 40 le
1082 2660 94 54 prix
1213 2662 23 37 à
1274 2673 60 26 un
1367 2657 232 51 musicien,
1621 2656 163 40 debout
1806 2669 74 26 sur
1901 2668 62 27 un
1994 2653 125 55 tapis,

367 2738 153 54 jouant
541 2738 52 39 de
633 2738 39 39 la
693 2736 140 42 vielle.
855 2738 174 37 Autour
1058 2735 57 38 du
1137 2733 249 52 vainqueur
1419 2744 42 26 se
1483 2737 215 47 groupent
1729 2742 63 26 ses
1827 2736 292 33 concurrents.

369 2810 69 40 On
463 2823 28 39 y
513 2818 153 31 trouve
701 2822 61 26 un
792 2806 222 52 hautbois,
1040 2818 87 27 une
1145 2805 139 47 vielle,
1311 2816 87 27 une
1419 2814 271 38 cornemuse,
1715 2815 61 26 un
1806 2799 252 41 tambourin
2082 2808 40 31 et

368 2896 87 27 une
477 2881 118 44 flûte.
625 2881 121 40 Dans
769 2893 59 26 un
857 2879 100 40 coin
990 2878 50 40 de
1070 2878 36 39 la
1150 2877 249 49 miniature,
1427 2875 107 39 deux
1573 2874 195 51 femmes,
1812 2873 117 39 l'une
1963 2886 74 25 sur
2060 2886 61 25 un

367 2958 198 47 écusson,
585 2954 154 40 l'autre
760 2966 53 26 en
838 2951 167 52 cimier,
1030 2950 190 53 figurent
1247 2948 58 40 les
1338 2960 139 27 armes
1505 2945 215 56 parlantes
1741 2945 59 40 du
1823 2947 197 38 trouvère
2045 2944 75 55 (2).

440 3028 123 41 Folio
583 3027 100 54 399.

448 3116 23 40 9
477 3108 14 17 0
525 3102 75 40 Un
622 3100 234 55 psaltérion
878 3103 22 37 à
922 3105 205 47 quatorze
1149 3095 159 42 cordes.
1408 3093 125 42 Folio
1554 3107 50 40 41
1616 3107 40 27 o.

426 3182 68 35 io°
526 3177 97 40 Der
651 3174 129 41 Vilde
800 3172 346 42 Alexander.~
1164 3170 100 41 Une
1280 3168 132 55 harpe
1428 3173 23 35 à
1472 3167 137 41 douze
1631 3166 162 41 cordes.
1804 3189 52 6 —
1876 3163 243 55 Folio4i2.

410 3365 188 40 (I)HAGEN
618 3361 238 45 (Friederich,
880 3361 176 33 Heinrich
1078 3370 71 23 von
1172 3358 90 43 der).
1286 3357 271 42 Minnesinger.
1578 3354 157 44 Leipzig.
1759 3353 102 34 1838.
1888 3354 17 33 5
1928 3353 69 34 vol.
2022 3353 85 43 in-4
2110 3360 10 11 0

368 3435 84 23 avec
473 3425 190 43 planches.

413 3487 50 40 (2)
485 3485 100 32 Nous
609 3494 113 23 avons
743 3484 189 43 reproduit
947 3488 90 28 cette
1057 3482 200 32 miniature
1273 3480 89 33 dans
1383 3480 31 31 le
1439 3478 154 33 numéro
1615 3477 48 32 du
1692 3476 20 51 i
1732 3476 20 51 5
1772 3476 199 51 septembre.
