3093 4572
996 347 254 64 Gottfried
1282 348 151 51 Benn
1498 362 20 25 *
1582 349 102 52 Die
1715 351 247 53 Phimose

2484 351 96 57 145

375 541 133 69 sich
559 542 142 80 fest,
752 542 115 71 der
915 543 289 86 klappert
1251 552 154 63 uns!
1479 544 296 74 Hundert
1824 548 762 75 Neandertalmenschen:

371 635 175 82 jeder
580 662 120 42 nur
733 637 141 69 eine
907 636 206 71 kleine
1147 637 410 70 Unebenheit
1596 668 100 39 —:
1743 640 79 69 da
1852 659 224 52 tastete
2106 643 112 70 der
2253 645 332 85 Klumpen

375 727 133 69 sich
543 727 214 80 heran,
792 731 185 81 jetzt:
1027 730 204 80 Dorn,
1281 731 232 70 bereits
1545 730 327 72 lateinisch
1905 737 506 83 untergebracht,
2448 739 136 71 und

374 819 435 83 bürgerlicher
837 820 291 72 Muskel!

466 913 188 71 Doch
704 913 130 80 Sie,
886 942 115 42 zur
1043 914 580 84 Selbstbesinnung
1673 933 375 67 unterwegs,
2102 919 137 70 Ihre
2286 920 291 82 Quaddel

370 1003 184 84 glüht
587 1036 70 38 so
690 1005 161 70 still!
901 1007 145 69 Still
1074 1008 158 70 über
1254 1007 438 80 Sündenfälle,
1733 1008 257 80 Flüche,
2026 1009 452 89 Paradiesäpfel
2511 1056 67 6 —

370 1097 151 68 alles
546 1097 125 70 alte
694 1098 335 81 Backobst,
1058 1101 135 69 und
1218 1101 144 69 dass
1388 1102 114 68 wir
1528 1103 66 67 in
1622 1101 464 85 Hauptworten
2112 1103 243 74 denken
2391 1107 142 71 muß-

371 1207 107 51 ten
525 1230 66 6 —
634 1191 201 70 welch
868 1191 171 81 Blut,
1093 1192 200 71 welch
1329 1192 293 71 Grauen!
1705 1193 109 70 Sie
1862 1214 123 50 erst
2032 1197 263 70 mußten
2344 1229 63 39 es
2457 1230 124 40 neu

370 1280 293 72 fordern:
696 1282 417 73 Strömendes
1146 1285 136 71 und
1314 1285 433 80 Modulation,
1785 1286 349 71 vielleicht:
2164 1289 294 71 Verbales
2488 1332 90 38 —,

371 1372 109 71 Sie
529 1394 127 51 erst
700 1376 193 71 sehen
927 1377 234 72 klarer:
1227 1379 247 84 Dinger
1521 1409 80 41 an
1651 1379 181 71 sich?
1899 1380 191 80 Nein,
2140 1381 442 73 verkommene

370 1466 467 84 Jahrmiiliarde
874 1499 102 41 —:
1023 1469 162 71 flach
1234 1506 69 9 —
1349 1470 262 80 blühen,
1663 1473 136 71 und
1860 1471 249 70 erfüllt!
2189 1471 61 70 0
2308 1474 273 71 Bruder!

367 1558 115 71 Als
515 1562 115 68 wir
661 1560 166 71 noch
859 1562 112 69 auf
1002 1562 560 72 Wurzelstrünken
1597 1564 183 84 lange
1811 1595 116 40 vor
1957 1564 149 70 dem
2134 1564 314 73 Einbaum
2481 1569 103 69 die

367 1652 240 84 großen
628 1652 256 72 Ströme
901 1654 550 73 hinuntertrieben
1463 1657 210 70 hinter
1689 1658 149 69 dem
1848 1658 224 79 Bären,
2092 1658 203 71 braun
2312 1658 133 71 und
2463 1691 118 41 von

370 1744 113 69 der
499 1742 260 72 Traube
790 1746 371 72 berauscht!
1209 1747 113 71 Als
1342 1748 227 71 Taube
1593 1747 80 71 da
1692 1778 147 52 war,
1862 1750 417 83 Spechthain,
2313 1751 224 71 Amber-

369 1837 213 80 baum,
618 1837 90 70 als
727 1838 113 70 der
855 1838 207 72 Büffel
1082 1840 454 80 durchschritt,
1566 1841 412 86 hochbetagt,
2007 1842 104 70 die
2131 1842 167 82 Flut,
2328 1846 113 67 mit
2460 1844 122 71 den

369 1929 298 71 Hörnern
691 1962 82 40 an
804 1931 126 71 den
962 1932 228 86 Augen
1223 1934 136 71 und
1391 1935 147 70 dem
1588 1963 258 56 grauen,
1916 1936 661 73 schlammbedeckten

367 2021 182 70 Bart!
626 2023 115 71 Als
792 2054 64 40 es
907 2025 167 71 noch
1126 2026 228 70 rauher
1388 2028 167 68 Laut
1588 2056 145 52 war,
1785 2029 256 79 Brunst,
2092 2028 489 73 Auer-Fleisch!

460 2113 61 70 0
554 2115 199 71 welch
802 2117 186 83 Weg!
1062 2118 220 71 Welch
1331 2122 102 68 ein
1469 2119 237 71 kleiner
1738 2120 247 72 Winkel
2022 2150 123 42 nur
2181 2162 67 8 —
2283 2123 298 71 abwärts!

367 2204 304 74 Endlich:
719 2209 142 70 Sie!
916 2209 260 85 Später!
1228 2212 276 70 Früher!
1571 2212 271 81 Kreuze,
1889 2213 362 81 Minaretts,
2303 2214 239 84 Kupfer-

366 2299 304 86 kuppeln,
699 2302 560 84 Jenseits-Dächer
1289 2305 135 71 und
1455 2306 571 84 Vertikalgebäude
2067 2348 71 9 —
2181 2307 188 71 zwölf
2402 2308 143 84 Jahr-

364 2395 307 70 tausende
719 2393 164 86 lang,
934 2395 136 71 und
1118 2426 99 40 wo
1265 2426 148 42 man
1466 2399 312 71 hinsieht:
1829 2399 202 69 Gram
2088 2400 137 70 und
2274 2401 306 70 schweres

366 2484 201 71 Herz!
634 2486 205 71 Wenn
894 2517 149 42 man
1098 2489 152 70 aber
1293 2489 221 81 lehrte,
1573 2490 125 71 den
1744 2491 239 84 Reigen
2041 2493 193 71 sehen
2293 2493 132 71 und
2469 2494 109 70 das

366 2576 220 71 Leben
632 2578 295 71 formend
972 2580 437 83 überwinden,
1461 2584 220 70 würde
1729 2583 79 71 da
1857 2584 114 70 der
2002 2584 150 72 Tod
2196 2586 178 70 nicht
2424 2588 152 77 sein,

364 2668 115 71 der
510 2669 304 74 Schatten
849 2672 169 81 blau,
1054 2674 67 69 in
1154 2673 148 70 dem
1334 2673 107 71 die
1476 2673 250 74 Glücke
1759 2677 268 70 stehen?

456 2762 192 72 Blau:
713 2764 141 70 Sie:
910 2766 64 69 in
1021 2766 169 71 ihrer
1225 2767 217 85 Wiege
1480 2797 112 41 aus
1623 2768 214 80 Moos,
1872 2769 313 70 zwischen
2218 2769 124 70 den
2374 2764 197 75 Ästen

364 2854 172 70 einer
567 2854 232 83 Palme,
850 2856 191 73 Blau:
1089 2860 137 71 ich:
1279 2861 112 68 auf
1424 2861 208 70 einem
1668 2861 415 85 Lagunenriff
2114 2861 133 71 und
2280 2862 290 70 weidend

362 2946 106 71 die
503 2948 275 73 Koralle.
844 2950 158 71 Blau
1035 2954 146 68 wir:
1215 2952 303 84 gekeltert
1547 2984 115 41 aus
1695 2955 222 71 fernen
1952 2955 248 80 Festen,
2248 2955 134 70 und
2427 2955 146 70 blau

364 3039 105 69 die
508 3040 214 81 Hand,
774 3040 104 71 die
919 3042 109 70 Sie
1075 3045 152 83 jetzt
1275 3045 362 72 schneidet:
1686 3077 111 40 aus
1847 3049 170 68 eines
2064 3046 263 71 tieferen
2360 3046 213 84 Auges

364 3131 290 73 Traum?
699 3175 74 8 —

1458 3229 36 38 ♦

455 3317 90 72 So
593 3337 180 62 etwa,
825 3321 116 68 mit
976 3319 235 74 dürren
1246 3322 281 82 Worten,
1580 3323 248 84 begann
1877 3324 103 73 die
2012 3322 367 85 Operation.
2446 3322 85 71 Or-

361 3412 330 81 ganisches
740 3413 134 70 und
906 3412 508 86 Anorganisches
1463 3418 348 83 vereinigte
1860 3416 132 71 sich
2041 3446 78 40 zu
2168 3417 206 69 einem
2410 3415 122 73 Vor-

361 3533 183 53 gang,
591 3503 114 72 der
745 3505 372 72 schließlich
1156 3509 343 72 anschwoll
1542 3511 66 69 in
1649 3509 124 71 den
1803 3510 262 68 Donner
2097 3506 113 71 der
2234 3507 339 85 Synthese.

362 3595 146 71 Was
566 3596 152 70 aber
770 3637 67 10 —
888 3597 202 86 fragte
1138 3600 135 71 sich
1322 3600 115 71 der
1481 3601 175 80 Arzt,
1709 3600 104 71 die
1861 3599 226 71 Hände
2135 3601 66 69 in
2252 3600 325 74 Sublimat

360 3686 317 73 tauchend
719 3731 69 9 —
828 3690 115 71 soll
991 3722 113 42 aus
1154 3694 124 69 mir
1324 3694 274 80 werden,
1650 3723 183 42 wenn
1881 3691 141 85 jede
2070 3694 244 70 meiner
2346 3694 182 71 Hand-

360 3778 235 86 lungen
629 3811 72 42 so
734 3782 243 72 schwer
1007 3783 161 72 wird
1203 3816 123 43 von
1359 3785 187 71 allem
1583 3784 580 72 überwundenen?
