3159 4572
861 380 188 68 Henry
1081 399 101 34 van
1214 382 60 52 de
1313 383 155 52 Velde
1519 401 21 23 *
1592 387 310 53 Ferdinand
1934 388 201 54 Kodier

2497 389 102 58 133

390 574 373 81 aufdecken,
800 576 202 71 durch
1035 579 235 71 welche
1295 581 244 73 Phasen
1564 583 112 70 der
1700 584 264 72 Meister
1987 617 323 56 gegangen
2339 593 99 77 ist,
2467 593 134 70 und

391 668 161 71 nach
584 668 282 71 welchen
903 669 556 88 Umwandlungen
1501 702 67 42 er
1601 677 252 71 endlich
1886 710 214 40 seinen
2133 683 252 70 wahren
2422 683 175 84 Weg,

387 788 174 40 seine
593 762 218 81 eigene
847 762 496 73 Persönlichkeit
1374 767 325 82 gefunden
1735 769 127 70 hat.

480 851 231 72 Weder
758 856 136 68 sein
931 857 257 81 Lehrer,
1241 857 113 72 der
1388 858 245 73 Genfer
1667 861 456 75 Landschafter
2155 866 223 82 Menn,
2432 870 165 70 noch

390 941 204 86 Goya,
646 946 126 68 den
821 975 68 41 er
937 948 542 74 leidenschaftlich
1530 955 65 67 in
1629 954 280 82 Spanien
1952 957 265 70 studiert
2250 961 125 79 hat,
2428 962 168 69 noch

386 1036 253 71 Bastien
654 1081 28 15 -
700 1039 270 85 Lepage,
1037 1042 112 72 der
1205 1046 65 68 in
1327 1048 207 67 einem
1599 1049 302 79 gewissen
1957 1049 391 82 Augenblick
2411 1056 183 70 einen

387 1130 226 70 höchst
645 1133 428 81 gefährlichen
1107 1135 258 71 Einfluß
1398 1139 109 69 auf
1539 1168 171 41 seine
1736 1139 438 88 Entwicklung
2206 1145 227 82 gehabt
2466 1149 126 78 hat,

387 1223 213 71 hätten
650 1227 60 81 je
758 1225 132 74 ihm
941 1228 212 72 helfen
1186 1228 277 82 können,
1515 1234 217 68 seinen
1765 1235 253 72 wahren
2052 1234 155 84 Weg
2241 1235 150 72 oder
2423 1242 171 68 seine

385 1317 217 80 eigene
650 1317 495 75 Persönlichkeit
1192 1352 80 38 zu
1322 1323 372 71 entdecken.
1766 1326 111 69 Bei
1928 1326 203 69 dieser
2182 1327 412 85 Gelegenheit

382 1436 175 42 muss
598 1437 147 44 man
786 1413 380 80 annehmen,
1209 1412 126 71 daß
1375 1417 66 69 in
1484 1417 207 69 einem
1726 1420 307 81 gewissen
2066 1420 396 83 Augenblick
2492 1426 100 67 ein

385 1500 367 83 plötzliches
785 1501 407 85 Zuströmen,
1224 1509 140 68 eine
1395 1509 141 82 jähe
1564 1510 336 71 Rückkehr
1931 1511 149 70 aller
2113 1511 479 84 Eigenschaften

382 1595 205 67 seiner
621 1595 192 70 Rasse
861 1597 134 70 und
1042 1599 119 70 alle
1208 1600 102 70 die
1342 1602 473 70 autochthonen
1848 1602 315 73 Einflüsse
2193 1606 66 69 in
2292 1608 131 69 ihm
2457 1610 136 69 eine

381 1686 211 71 solche
617 1686 502 89 Erschütterung
1150 1694 552 81 hervorbrachten,
1730 1696 124 69 daß
1887 1726 66 40 er
1985 1698 117 70 alle
2127 1698 323 72 Elemente
2480 1702 74 69 ab-

381 1779 336 71 schüttelte
743 1782 134 68 und
895 1815 125 39 von
1045 1785 135 71 sich
1205 1803 109 62 tat,
1336 1787 101 68 die
1463 1816 66 40 er
1548 1789 65 69 in
1632 1788 110 70 der
1760 1789 375 85 Berührung
2151 1793 118 67 mit
2286 1792 305 71 fremdem

383 1870 206 72 Genie
636 1874 136 69 und
820 1874 277 73 fremder
1129 1878 392 71 Sensibilität
1559 1882 325 70 erworben
1920 1884 189 80 hatte,
2160 1915 71 42 so
2271 1883 125 73 daß
2428 1915 66 41 er
2525 1888 66 69 in

379 1966 134 68 sich
538 1963 125 75 den
688 1967 390 81 glänzenden
1103 1970 332 86 Epigonen
1462 1973 87 69 im
1576 1973 388 87 Schlepptau
1990 1976 109 71 des
2124 1977 465 73 französischen

378 2056 135 70 und
547 2061 376 81 spanischen
960 2061 236 71 Genies
1230 2064 299 83 besiegte.

471 2149 320 72 Während
825 2155 87 67 im
941 2154 258 85 Verfolg
1230 2156 113 70 der
1375 2157 403 70 Streitereien
1811 2159 134 71 und
1980 2159 278 84 heftigen
2287 2161 298 85 Kämpfe,

377 2240 103 70 die
513 2241 202 73 durch
1163 2250 489 81 hervorgerufen
1677 2279 228 52 waren,
1934 2251 243 72 Hodler
2210 2281 120 43 nur
2363 2257 64 66 in
2462 2255 123 70 den

377 2333 596 84 fortgeschrittenen
1022 2340 503 73 künstlerischen
1562 2343 267 71 Kreisen
1878 2344 113 70 der
2023 2345 283 73 Schweiz
2353 2347 88 70 als
2475 2349 113 69 der

378 2427 369 82 Begründer
794 2433 172 67 einer
1014 2433 329 84 künftigen
1387 2437 358 70 nationalen
1779 2437 232 70 Schule
2044 2438 275 83 begrüßt
2347 2441 237 81 wurde,

374 2519 261 72 wurden
670 2523 132 71 ihm
830 2525 64 68 in
921 2523 210 71 Berlin
1158 2526 135 68 und
1317 2526 334 72 München
1676 2528 136 70 und
1837 2531 65 67 in
1921 2528 183 73 Wien
2130 2531 455 84 Huldigungen

376 2612 211 80 zuteil,
639 2612 104 71 die
791 2615 132 71 ihm
956 2617 166 70 wohl
1164 2620 178 68 nicht
1374 2650 71 38 so
1478 2639 273 65 spontan
1785 2621 135 70 und
1953 2653 72 39 so
2057 2626 309 80 einmütig
2398 2655 150 54 zuge-

374 2704 207 83 billigt
612 2706 258 73 worden
903 2723 228 67 wären,
1183 2740 186 41 wenn
1417 2714 178 68 nicht
1634 2714 111 68 das
1779 2718 434 78 germanische
2246 2716 338 71 Publikum

373 2798 247 81 gefühlt
653 2800 191 80 hätte,
880 2800 126 70 daß
1037 2831 68 40 er
1135 2814 116 62 der
1279 2822 170 57 erste
1468 2812 208 94 große
1705 2817 10 39 <
1716 2813 221 70 lJlafer
1957 2822 137 61 rein
2458 2815 138 70 fflrt

372 2892 119 68 seit
540 2890 113 71 der
700 2894 238 81 großen
974 2893 141 72 Zeit
1162 2895 113 71 der
1307 2897 367 73 Primitiven
1722 2899 136 70 und
1905 2900 113 72 der
2050 2899 141 73 Zeit
2236 2903 113 70 der
2378 2903 206 70 Maler

373 2983 113 70 der
517 2984 349 75 deutschen
903 2987 418 72 Renaissance
1354 2992 100 68 ist.

468 3073 157 73 Und
679 3078 301 89 während
1044 3111 64 40 es
1166 3111 73 42 so
1294 3083 65 68 in
1416 3082 441 72 Deutschland
1911 3083 135 75 und
2102 3087 63 67 in
2222 3080 360 77 Österreich

369 3196 148 52 war,
576 3168 238 74 konnte
854 3171 244 72 Hodler
1138 3175 66 70 in
1248 3172 379 79 Frankreich
1667 3205 120 42 nur
1829 3179 182 71 einen
2052 3179 530 85 Achtungserfolg

369 3262 313 82 erringen.

465 3354 133 70 Der
649 3354 197 85 Krieg
893 3355 135 72 und
1077 3358 113 69 der
1238 3358 339 85 plötzliche
1624 3361 135 70 und
1808 3361 234 83 heftige
2077 3360 345 85 Umschlag
2469 3364 113 71 der

369 3443 438 86 Sympathien,
844 3447 125 72 den
994 3478 69 41 er
1087 3450 169 70 beim
1275 3449 339 75 Publikum
1642 3454 482 84 hervorgerufen
2151 3455 126 79 hat,
2314 3455 100 72 bei
2432 3457 147 70 dem

369 3537 358 84 Publikum,
780 3539 110 71 das
931 3543 58 83 ja
1031 3542 361 86 überhaupt
1423 3546 301 85 impulsiv
1756 3548 98 79 ist,
1890 3547 110 70 der
2033 3546 547 75 Charakterstärke

368 3631 344 82 ermangelt
760 3634 136 69 und
946 3634 166 73 ohne
1159 3637 344 70 zerebrales
1554 3637 511 85 Gegengewicht,
2116 3641 175 72 nicht
2339 3642 200 83 gründ-

367 3722 146 80 lich,
571 3723 277 73 sondern
889 3726 465 85 wankelmütig,
1413 3730 253 71 können
1717 3732 202 69 nichts
1967 3760 79 41 an
2095 3731 239 71 diesem
2376 3734 204 72 Stand

367 3814 113 72 der
504 3815 212 85 Dinge
740 3817 262 73 ändern.
1053 3819 157 72 Eine
1234 3821 346 71 affektierte
1597 3822 293 74 Vorliebe
1915 3824 164 70 kann
2107 3826 64 69 in
2201 3824 378 76 Frankreich
