2453 3182
1329 287 83 28 ODE
1430 287 51 28 VI.

908 373 74 29 Was
1002 370 89 40 greife
1110 370 47 29 ich
1176 368 55 30 wie
1252 369 46 28 ein
1318 367 173 30 Sterbender
1511 368 72 29 nach
1604 367 272 39 Schmetterlingen?

909 417 81 29 Kälte
1010 416 36 28 ist
1065 415 30 28 in
1115 413 116 29 deinem
1249 412 131 30 Bereich!

910 461 103 28 Lieber
1033 459 88 28 nehm
1139 458 48 28 ich
1206 457 47 28 das
1275 456 196 39 Hasenpanier

910 505 72 28 Und
1002 504 58 37 jage
1082 501 50 29 auf
1148 502 105 28 scheue
1272 500 210 33 Fledermäuse;

911 550 88 27 Denn
1018 546 135 29 wahrlich
1172 545 39 29 du
1231 545 56 28 bist
1305 544 284 34 tollkirschenschön,

911 592 70 29 Und
1001 591 107 29 deinen
1127 589 294 30 Tollkirschenmund
1442 588 119 30 berührt

988 637 61 27 Der
1068 635 88 28 Tolle
1176 643 61 19 nur.

820 822 44 28 Da
883 819 79 30 ward
983 828 47 19 aus
1050 817 67 29 dem
1141 817 130 38 feurigen
1291 817 70 28 Leib
1387 817 65 29 eine
1475 818 144 29 schwarze
1640 817 124 33 Gestalt;
1793 817 46 27 ein
1863 816 107 28 silbern
1993 816 124 28 bleicher

706 867 76 28 Bach
801 865 66 29 flofs
888 864 134 33 vorüber,
1049 862 78 28 darin
1151 861 150 38 glitzerten
1325 861 45 29 die
1391 862 191 29 Kieselsteine.
1623 862 50 27 Ich
1693 861 80 28 weifs
1799 861 86 33 nicht,
1913 861 39 28 ob
1977 860 46 29 die
2043 860 60 29 blut-

707 912 84 28 losen
812 909 114 38 Lippen
946 907 72 28 oder
1038 906 46 28 die
1098 905 120 28 Wellen
1238 906 182 29 murmelten:

1126 988 184 28 Kieselsteine
1330 988 30 28 in
1380 988 67 29 dem
1466 989 83 34 Bach,

1128 1032 146 33 Mancher,
1295 1032 58 28 den
1372 1032 47 29 ich
1437 1033 94 28 leiden
1552 1043 71 28 mag,

1204 1075 184 29 Kieselsteine
1409 1077 84 29 bunt!

1129 1120 138 28 Mancher
1287 1121 55 27 wie
1362 1121 46 27 die
1429 1131 84 28 graue
1533 1121 72 34 Zeit,

1129 1164 140 28 Mancher
1289 1165 54 27 wie
1364 1165 46 27 die
1430 1165 147 38 Ewigkeit,

1207 1208 260 38 Kieselkugelrund.

1131 1253 139 28 Mancher
1289 1253 55 28 wie
1364 1253 46 28 'ne
1430 1253 89 28 Erbse
1540 1254 81 35 ldein,

1132 1297 78 28 Mufs
1231 1297 46 28 ich
1298 1297 77 28 denn
1395 1297 151 28 zufrieden
1565 1298 69 35 sein,

1207 1341 185 29 Kieselsteine
1414 1341 82 28 bunt.

1132 1408 7 7 .
1154 1408 6 7 .
1175 1408 7 7 .
1195 1387 75 27 War
1290 1386 48 28 ich
1358 1386 78 27 doch
1455 1387 45 26 'ne
1522 1386 85 29 wilde
1625 1388 80 34 Katz,

1133 1432 80 28 Hätt'
1227 1431 78 29 wohl
1320 1440 49 28 gar
1383 1430 58 28 den
1461 1430 124 28 zweiten
1598 1431 98 29 Schatz

1209 1474 183 30 Kieselsteine
1414 1474 81 28 bunt.

1133 1521 75 28 War
1228 1520 48 29 ich
1294 1519 78 29 doch
1392 1518 47 28 ein
1459 1518 105 28 bunter
1584 1518 112 39 Specht,

1133 1566 115 27 Wären
1267 1564 53 29 mir
1340 1563 72 29 auch
1431 1562 92 29 zehne
1544 1563 91 34 recht,

1213 1608 183 30 Kieselsteine
1418 1608 81 28 bunt.

1137 1653 194 35 Kieselsteine,
1351 1653 92 28 ldeine
1463 1651 104 34 Rund',

1137 1698 183 28 Kieselsteine
1340 1697 74 29 rund
1435 1696 61 30 und
1517 1696 84 34 bunt,

1213 1743 202 29 Kieselkleiner
1435 1740 105 31 Mund.

836 1788 44 28 Da
901 1786 104 29 blickte
1026 1786 47 29 das
1088 1787 88 28 Weib
1198 1787 54 35 auf,
1271 1787 47 29 ich
1337 1788 132 28 erschrak
1487 1786 60 28 und
1569 1785 79 28 ward
1668 1786 88 29 wach.

1730 1874 121 29 Lothar
1872 1875 110 28 Albert
2003 1874 126 28 Schultz

751 2499 76 12 WALTER
838 2498 102 14 LEISTIKOW,
950 2495 93 14 ZIERSTÜCK

1504 2723 0 0 28
