3406 4325
2726 3744 69 53 53

2274 416 40 47 J.
2351 412 429 50 Canneel-Claes

2481 487 298 48 Jardiniste.

357 1692 178 48 Jardin
573 1699 147 50 privé
755 1698 30 42 à
821 1694 356 48 Schaerbeek.

367 2192 152 41 Terrain
559 2209 50 24 en
649 2197 145 49 pente.
833 2190 233 57 Superficie
1103 2195 49 38 22
1194 2209 48 25 m.
1281 2209 62 25 sur
1382 2196 40 38 31
1473 2210 49 24 m.

364 2266 56 41 Un
460 2269 180 52 premier
677 2265 167 56 plateau
883 2265 218 43 horizontal
1138 2272 64 37 est
1238 2265 199 56 découpé
1474 2284 47 25 au

363 2343 143 39 niveau
541 2340 52 43 du
631 2340 217 48 bâtiment,
884 2345 20 37 à
941 2340 32 43 la
1006 2340 158 56 façade
1197 2340 152 57 duquel
1385 2340 17 42 il
1437 2358 64 25 cor-

363 2415 180 55 respond
588 2431 73 39 par
701 2432 40 24 sa
785 2414 174 55 largeur.
1002 2416 56 41 Un
1101 2421 117 36 autre
1260 2414 167 56 plateau
1467 2415 55 42 de

362 2490 139 41 valeur
531 2490 269 55 équivalente
831 2497 65 34 est
927 2493 209 50 aménagé
1168 2507 46 24 au
1248 2492 142 39 niveau
1425 2488 80 43 infé-

364 2568 103 38 rieur
496 2564 52 42 du
580 2563 143 57 jardin.
756 2564 107 42 Enfin
898 2582 44 24 un
973 2568 212 38 troisième
1217 2563 179 56 plateau,
1429 2564 94 42 d'un

363 2642 143 39 niveau
556 2637 312 44 intermédiaire
912 2640 200 53 s'agence
1156 2644 118 36 entre
1321 2637 54 43 les
1418 2637 104 43 deux

364 2719 153 41 autres;
543 2731 50 25 ce
619 2712 181 56 plateau,
827 2719 145 37 centre
997 2712 51 44 du
1075 2712 138 57 jardin,
1239 2719 65 35 est
1324 2716 126 38 traité
1474 2730 48 24 en

364 2788 184 42 couleurs
571 2794 46 36 et
639 2791 167 40 réservé
829 2806 71 24 aux
922 2787 133 48 fleurs,
1080 2786 135 43 tandis
1237 2804 83 39 que
1344 2786 54 43 les
1420 2786 104 43 deux

364 2869 137 36 autres
543 2862 192 56 plateaux
774 2865 66 53 qui
883 2862 260 42 l'encadrent
1178 2867 92 37 sont
1309 2860 192 43 uniformé-

366 2944 114 35 ment
502 2942 240 37 recouverts
764 2936 94 42 d'un
880 2940 108 52 tapis
1009 2942 93 36 vert
1122 2935 55 43 de
1200 2953 144 37 gazon.
1371 2937 49 40 Le
1445 2935 60 55 pla-

365 3018 97 36 teau
494 3011 155 43 central
682 3015 190 38 contient
901 3029 46 24 un
980 3011 131 42 bassin
1144 3010 173 54 allongé,
1352 3012 48 39 où
1431 3012 97 39 trois

365 3089 77 53 jets
480 3086 124 42 d'eau
644 3086 286 42 déterminent
967 3091 45 37 et
1048 3090 255 38 accentuent
1339 3085 98 41 l'axe
1474 3083 52 42 du

365 3159 143 58 jardin.
537 3163 37 39 A
604 3164 99 39 côté
731 3160 56 43 de
816 3160 270 47 l'habitation,
1117 3159 101 43 dans
1248 3158 34 43 le
1312 3157 214 55 rectangle

367 3234 143 56 perdu,
544 3253 77 25 une
653 3234 172 56 pergola
856 3241 65 36 est
950 3238 240 50 aménagée
1219 3233 100 43 dans
1350 3232 157 54 l'aligne-

367 3316 114 36 ment
515 3309 56 43 de
607 3309 31 42 la
675 3309 159 56 façade
869 3316 46 35 et
949 3308 78 43 fait
1060 3311 104 40 suite
1200 3311 20 38 à
1259 3325 76 24 une
1370 3305 157 56 galerie

366 3391 202 36 couverte
602 3384 51 43 du
692 3384 220 42 bâtiment.
947 3385 209 40 Orientée
1191 3400 46 24 au
1274 3381 252 46 Sud-Ouest,

367 3465 119 36 cette
519 3459 173 55 pergola
724 3464 66 36 est
818 3457 192 43 l'endroit
1038 3456 123 44 choisi
1195 3473 100 39 pour
1325 3455 34 42 le
1390 3472 138 38 repos;

368 3533 74 42 l'on
474 3552 22 37 y
528 3536 101 53 jouit
658 3532 125 43 d'une
813 3551 80 24 vue
924 3532 244 43 dominante
1197 3549 62 24 sur
1291 3528 238 44 l'ensemble

366 3608 52 42 du
452 3606 142 59 jardin.
626 3608 7 56 (
644 3610 195 53 Propriét.
874 3608 50 42 H.
959 3608 46 47 L.,
1039 3624 21 24 a
1093 3603 436 56 Woluwe-St-Pierre.)

1610 3529 178 48 Jardin
1827 3533 147 52 privé
2010 3532 29 41 à
2076 3525 240 48 Woluwe
2357 3523 375 48 Saint-Pierre.

1615 3605 85 40 Vue
1729 3605 360 52 axonométrique.
