3406 4325
2669 3775 69 55 59

315 1166 156 48 Ecole
506 1171 30 43 à
574 1169 137 48 Brno
747 1169 83 58 (C.
856 1169 48 48 S.
934 1170 88 58 R.).

320 1241 249 45 Architecte
601 1245 34 41 B.
667 1244 136 42 Fuchs.

1569 1170 153 48 Ecole
1758 1175 30 42 à
1826 1171 224 57 Prague.

1571 1245 249 43 Architecte
1849 1249 66 40 W.
1947 1247 142 55 Fryda.

313 1462 193 33 vement
546 1454 248 43 résumées
838 1455 67 43 les
948 1457 289 51 principales
1279 1460 175 50 acquisi-

313 1527 124 43 tions
487 1528 57 42 de
590 1529 42 41 la
679 1530 255 51 technique
980 1533 430 51 montessorienne,
1457 1535 23 41 à

313 1602 206 52 laquelle
557 1619 49 28 se
643 1605 281 49 rattachent,
963 1621 116 27 avec
1118 1607 81 42 des
1239 1609 240 43 variantes

312 1676 105 50 plus
451 1694 62 26 ou
545 1679 155 42 moins
735 1679 328 51 importantes,
1099 1682 67 41 les
1201 1683 277 51 techniques

312 1751 349 52 pédagogiques
724 1755 273 43 modernes.
1061 1756 77 42 On
1200 1757 277 50 appréciera

313 1826 418 44 l'extraordinaire
773 1830 166 49 portée
984 1830 58 42 de
1084 1839 122 34 cette
1248 1831 232 43 véritable

310 1901 287 50 révolution,
642 1903 36 41 si
724 1904 92 41 Ton
859 1904 117 43 tient
1019 1913 187 42 compte
1249 1922 91 36 que
1383 1923 93 26 non

311 1976 267 43 seulement
604 1977 90 42 elle
720 1977 151 44 libère
896 1979 42 42 la
962 1980 325 50 personnalité
1312 1981 137 42 enfan-

312 2050 109 51 tine,
464 2051 43 42 la
550 2051 265 52 développe
857 2063 46 33 et
943 2054 42 42 la
1026 2055 203 50 prépare
1270 2056 25 41 à
1336 2056 118 42 l'ado-

310 2124 219 43 lescence
554 2134 45 35 et
622 2126 26 43 à
672 2127 43 42 la
739 2128 240 50 maturité,
1005 2129 120 42 mais
1152 2130 127 42 aussi
1304 2130 171 51 qu'elle

309 2199 93 51 agit
454 2200 317 44 directement
825 2218 80 27 sur
957 2203 127 43 l'état
1135 2203 232 53 physique
1420 2205 55 42 de

309 2274 212 44 l'enfant.
559 2277 108 41 Une
703 2277 205 51 enquête
943 2278 193 42 récente
1172 2279 110 42 d'un
1315 2279 128 42 méde-

309 2349 76 42 cin
420 2350 262 42 américain
716 2351 231 44 n'a-t-elle
982 2368 81 34 pas
1100 2353 249 43 démontré
1384 2369 92 36 que

308 2423 42 42 la
392 2424 187 42 tension
619 2441 241 27 nerveuse
901 2426 25 42 à
964 2426 205 52 laquelle
1211 2427 263 43 l'ancienne

306 2499 259 51 pédagogie
616 2501 276 42 soumettait
940 2501 67 42 les
1058 2501 188 43 enfants
1297 2511 69 33 est
1416 2518 56 26 en

305 2574 179 49 grande
526 2574 154 50 partie
719 2576 313 50 responsable
1070 2592 96 26 non
1209 2577 263 42 seulement

309 2647 57 42 de
413 2648 42 42 la
502 2649 191 50 myopie
738 2650 121 42 mais
908 2666 174 26 encore
1130 2651 81 42 des
1260 2651 214 42 diverses

308 2738 194 27 erreurs
539 2723 59 42 de
631 2724 279 43 réfraction.
948 2725 73 42 En
1055 2734 150 40 outre,
1242 2725 138 51 grâce
1416 2741 57 26 au

309 2797 281 50 freudisme,
621 2799 93 42 l'on
745 2816 24 25 a
801 2815 62 34 pu
894 2799 170 43 établir
1095 2815 114 27 avec
1241 2800 233 42 certitude

305 2871 67 42 les
423 2872 244 51 multiples
721 2873 348 44 déformations
1119 2874 257 51 physiques
1429 2883 43 33 et

303 2946 234 44 mentales
567 2948 280 51 auxquelles
877 2964 174 35 pousse
1082 2948 391 44 inévitablement

305 3021 289 43 l'éducation
623 3022 80 51 qui
736 3023 218 50 opprime
985 3023 42 42 la
1060 3024 323 50 personnalité
1418 3024 54 42 de

304 3095 211 44 l'enfant.

302 3317 133 44 C'est
464 3319 57 42 de
550 3328 123 34 cette
701 3320 107 42 idée
837 3320 358 44 fondamentale
1303 3321 43 42 le
1373 3337 72 27 res-

301 3402 106 40 pect
447 3393 58 42 de
547 3393 43 43 la
631 3395 327 49 personnalité
999 3395 247 44 enfantine
1379 3411 90 36 que

304 3467 98 43 doit
440 3468 166 51 partir,
646 3468 121 44 ainsi
806 3486 94 35 que
939 3470 203 44 l'écrivit
1182 3470 288 44 l'architecte

305 3541 289 51 Kaufmann,
640 3543 315 52 l'expression
1000 3544 368 44 architecturale
1415 3545 57 42 de

303 3616 179 45 l'école.
516 3618 140 43 Voici
691 3619 43 42 la
773 3620 292 51 description
1100 3636 92 35 que
1228 3620 156 43 donne
1418 3636 52 26 ce

1568 1464 337 34 constructeur
1945 1458 140 42 d'une
2123 1459 133 43 école
2292 1461 299 44 Montessori
2629 1465 111 50 qu'il

1573 1540 172 44 conçut
1774 1546 120 35 pour
1924 1532 42 42 la
1996 1532 115 42 ville
2141 1534 57 44 de
2228 1534 259 44 Francfort
2515 1555 9 24 :

1573 1604 129 43 Pour
1742 1622 64 25 un
1846 1615 180 42 groupe
2069 1608 250 43 d'environ
2359 1620 156 34 trente
2556 1614 188 43 enfants

1580 1679 209 50 (d'après
1820 1680 301 44 Montessori
2154 1683 30 41 il
2214 1685 111 41 n'en
2357 1701 106 26 sera
2494 1702 83 34 pas
2608 1688 136 42 réuni

1573 1753 306 52 davantage),
1932 1771 94 27 une
2079 1759 179 48 grande
2312 1760 115 42 salle
2480 1762 264 51 principale

1571 1842 106 27 sera
1744 1829 288 51 appropriée
2098 1848 117 26 avec
2282 1834 232 51 quelques
2580 1837 164 43 niches

1570 1917 188 28 comme
1790 1903 142 43 salles
1963 1906 228 43 voisines.
2221 1908 69 41 La
2320 1909 178 51 grande
2529 1911 116 42 salle
2676 1922 68 33 est

1570 1976 42 42 la
1652 1977 116 42 salle
1806 1979 268 51 principale
2114 1981 58 42 de
2211 1983 184 43 travail.
2437 1985 93 42 Les
2570 1986 150 43 instru-

1570 2060 155 34 ments
1769 2053 281 52 techniques
2094 2066 107 33 sont
2245 2056 122 44 fixés
2410 2075 59 26 au
2510 2075 123 34 mur,
2676 2061 67 42 les

1572 2125 212 44 fenêtres
1827 2127 165 43 basses
2036 2139 292 41 permettent
2370 2149 59 26 au
2471 2134 174 51 regard
2688 2136 56 41 de

1572 2200 199 44 l'enfant
1803 2202 57 42 de
1893 2203 280 52 s'échapper
2204 2221 110 27 vers
2349 2207 43 42 le
2426 2207 158 51 jardin
2617 2210 102 51 adja-

1568 2284 108 34 cent
1700 2278 174 49 auquel
1901 2278 213 44 donnent
2137 2280 139 42 accès
2300 2297 92 27 une
2417 2298 59 26 ou
2502 2283 241 50 plusieurs

1568 2357 161 41 portes
1770 2351 58 42 de
1867 2360 124 34 cette
2032 2353 118 43 salle
2187 2355 280 52 principale.
2508 2358 110 42 Une
2660 2358 82 43 des

1568 2423 165 43 niches
1764 2426 213 44 voisines
2009 2437 98 34 sert
2138 2429 58 42 de
2227 2430 117 43 salle
2376 2431 57 42 de
2466 2442 251 33 concentra-

1568 2498 98 42 tion
1708 2515 60 26 ou
1811 2500 58 42 de
1911 2517 142 35 repos
2084 2519 9 35 ;
2140 2503 43 42 là
2224 2504 158 43 s'isole
2424 2506 198 44 l'enfant
2663 2508 78 51 qui

1570 2574 98 42 doit
1700 2574 256 45 s'adonner
1987 2576 26 43 à
2043 2594 64 25 un
2139 2579 249 49 problème
2420 2581 192 50 spécial,
2643 2591 101 34 tout

1568 2663 189 27 comme
1788 2649 143 44 ferait
1962 2651 208 51 l'adulte,
2201 2654 78 51 qui
2314 2654 212 44 effectue
2558 2673 62 25 un
2653 2665 68 33 tra-

1567 2722 93 42 vail
1684 2723 200 43 intensif
1900 2742 9 34 ;
1938 2725 55 50 là,
2017 2743 60 26 au
2100 2729 256 49 contraire,
2379 2729 43 42 la
2445 2731 297 52 tranquillité

1568 2806 69 33 est
1664 2798 191 43 fournie
1878 2799 26 43 à
1927 2817 64 25 un
2015 2802 167 42 enfant
2203 2804 208 51 quelque
2434 2821 91 34 peu
2551 2805 191 51 fatigué.

1568 2872 110 42 Une
1720 2882 137 33 autre
1897 2874 141 43 niche
2079 2886 98 34 sert
2218 2878 58 42 de
2318 2879 142 50 dépôt
2499 2896 94 26 aux
2632 2896 82 27 cou-

1567 2946 182 44 chettes
1771 2964 122 34 pour
1917 2949 42 43 la
1984 2950 145 43 sieste
2152 2952 26 41 à
2199 2952 133 50 midi,
2356 2969 94 26 une
2472 2954 140 43 niche
2635 2955 105 51 plus

1566 3031 134 33 vaste
1721 3032 71 33 est
1813 3023 221 44 installée
2055 3042 58 26 en
2133 3042 94 26 vue
2249 3027 62 43 du
2332 3028 164 51 lavage
2517 3029 25 42 à
2563 3030 178 50 grande

1566 3110 87 28 eau
1680 3106 46 33 et
1752 3096 26 43 à
1804 3098 187 42 celle-ci
2018 3109 107 34 sont
2150 3102 227 50 annexés,
2403 3112 101 34 tout
2529 3104 183 42 naturel-

1566 3170 191 50 lement,
1780 3171 68 43 les
1872 3173 157 43 W.-C.
2045 3192 8 33 ;
2081 3175 148 51 enfin,
2251 3176 30 42 il
2303 3193 28 34 y
2352 3193 24 25 a
2399 3177 96 42 lieu
2519 3178 58 42 de
2598 3195 112 34 pour-

1566 3245 106 42 voir
1695 3261 176 28 encore
1896 3248 396 46 l'établissement
2316 3251 140 43 d'une
2474 3253 146 49 petite
2643 3254 72 41 cui-

1564 3319 105 43 sine
1700 3336 122 35 pour
1854 3322 207 51 enfants,
2094 3324 61 43 où
2187 3334 101 33 tout
2321 3335 71 34 est
2424 3327 257 51 approprié
2713 3328 24 42 à

1566 3393 104 44 leur
1696 3395 143 43 taille.
1866 3397 69 42 La
1961 3398 117 42 salle
2102 3400 214 42 centrale
2340 3416 116 27 avec
2481 3401 68 43 les
2573 3402 166 43 niches

1564 3470 240 43 constitue
1824 3472 41 42 la
1889 3472 187 51 cellule,
2098 3474 299 52 l'unité-type
2415 3475 82 52 qui
2520 3477 98 43 doit
2638 3477 101 43 être

1565 3544 196 51 répétée
1797 3562 60 26 au
1892 3562 79 28 cas
2008 3547 63 43 où
2105 3548 31 42 il
2172 3566 27 34 y
2234 3566 25 26 a
2296 3566 64 26 un
2393 3550 204 44 nombre
2633 3552 105 50 plus

1559 3619 150 51 grand
1744 3620 254 46 d'enfants.
2032 3623 191 44 Notons
2258 3641 92 35 que
2385 3625 117 43 dans
2537 3627 42 41 la
2617 3627 115 42 salle
