2989 4041
106 195 77 34 Der
208 203 97 24 neue
331 192 159 44 Lessing

171 260 135 28 Hamburg
341 261 43 24 hat
417 261 70 24 seine
522 259 184 27 Dramaturgie
739 257 80 25 durch
854 255 125 27 Gotthold

107 302 122 28 Ephraim
263 302 118 26 Lessing,
416 300 88 25 Berlin
541 300 71 24 seine
647 297 246 28 dramaturgischen
928 295 33 25 Be-

105 343 162 27 merkungen
300 342 81 25 durch
414 341 126 24 nunmehr
576 339 106 25 Gottlob
715 338 97 24 Arthur
846 337 130 25 Eloesser.

108 383 67 25 Herr
199 382 121 27 Eloesser
343 384 31 23 ist
398 382 46 25 der
466 381 160 27 Dramaturg
649 379 47 25 des
717 377 262 29 Lessing-Theaters,

108 426 69 23 nicht
195 425 67 24 ohne
278 423 94 25 vorher
390 420 224 27 Theaterkritiker
631 419 46 25 der
694 419 161 26 Vossischen
870 417 109 27 Zeitung

106 471 122 21 gewesen
247 472 30 17 zu
296 465 61 24 sein.
394 462 75 25 Nicht
487 461 67 26 ohne
572 461 49 24 daß
642 461 37 24 sie
698 460 95 25 vorher
812 460 35 23 im
865 457 113 28 Verlage

104 505 190 29 Lessingscher
323 503 85 26 Erben
437 502 127 26 erschien.
610 501 49 24 Die
687 499 230 26 Verwandtschaft
946 501 32 22 ist

106 546 152 26 bedeutend,
275 551 79 23 sogar
372 544 96 25 erblich
486 542 143 26 belastend.
646 541 68 26 Wen
731 541 85 24 dürfte
835 548 27 17 es
880 539 97 29 füglich

103 587 132 27 wundern,
260 586 49 23 daß
332 585 54 24 sich
410 584 66 24 Herr
500 583 96 25 Arthur
620 582 121 25 Eloesser
765 581 210 28 dramaturgisch

103 627 112 24 bemüht.

103 685 29 23 A.
167 682 140 26 Schönheit
331 682 45 24 des
400 681 155 26 Schmerzes

168 739 21 16 a.
226 730 47 25 Die
292 730 97 26 Träne:
412 726 61 32 „Als
494 729 97 27 Joseph
613 728 81 25 Kainz
715 728 33 23 im
771 726 113 25 reiferen
904 724 71 26 Alter

102 772 51 24 den
176 770 78 25 Orest
278 771 99 27 spielte,
402 771 98 24 stürzte
525 770 51 23 ihm
602 767 120 30 plötzlich
749 768 41 23 die
814 766 94 29 Träne,
935 765 40 25 die

102 812 54 24 ihm
172 813 73 23 sonst
264 811 68 24 nicht
351 810 72 25 mehr
443 810 77 25 leicht
538 810 68 27 kam,
627 810 23 23 in
670 809 112 24 blanken
801 806 107 27 Bächen
927 812 48 19 aus

102 853 58 24 dem
183 852 81 27 Auge.
301 850 63 26 War
388 857 27 18 er
438 857 29 18 so
490 850 100 27 traurig
612 850 63 24 über
697 849 47 24 das
768 847 138 27 Schicksal
929 847 46 25 des

103 892 97 26 Orest?
235 892 73 25 Ganz
327 891 82 29 gewiß
428 891 76 24 nicht.
539 891 68 24 Aber
626 897 27 17 er
671 891 70 24 hatte
759 889 55 24 sich
833 896 31 18 so
883 890 24 23 in
926 888 49 25 den

101 934 80 26 Orest
207 932 169 28 verwandelt,
404 932 48 25 daß
480 939 27 16 er
536 931 58 25 dem
621 930 79 25 Orest
729 930 116 25 zuhören
871 929 103 25 konnte,

101 976 50 23 und
172 975 31 25 da
222 976 93 22 weinte
334 981 26 17 er
380 981 48 16 vor
446 972 63 25 Lust
527 973 63 24 über
609 971 40 25 die
667 970 144 26 Schönheit
829 970 45 25 der
892 969 82 26 Verse

101 1017 24 23 in
157 1017 85 23 seiner
271 1010 133 28 Stimme.''
451 1012 87 30 Orest,
569 1013 85 24 dieser
684 1012 52 24 alte
766 1010 209 26 Goethekenner,

99 1057 97 24 weinte
223 1063 47 17 vor
298 1055 62 24 Lust
390 1056 62 23 über
480 1053 41 25 die
548 1053 96 29 Träne,
673 1053 42 24 die
743 1054 24 22 in
787 1050 170 26 Schmerzens-

100 1097 102 24 bächen
232 1096 58 24 dem
320 1094 195 28 Dramaturgen
544 1093 121 25 Eloesser
696 1094 34 23 im
761 1092 114 25 reiferen
903 1090 71 30 Alter

100 1144 48 18 aus
168 1137 58 25 dem
248 1136 98 24 andern
366 1136 74 27 Auge
460 1136 105 24 stürzte.

99 1193 30 25 B.
164 1192 48 26 Die
230 1193 142 24 Schönheit
392 1193 46 23 des
456 1191 97 25 Essens

168 1248 22 18 a.
236 1240 48 26 Die
323 1240 170 26 Kunsttunke.
550 1238 156 30 „Poetische
744 1236 124 26 Dramen.
924 1236 53 25 Der

102 1282 126 26 deutsche
246 1282 107 25 Dichter
372 1281 51 25 will
442 1282 71 23 seine
532 1279 195 26 dramatischen
746 1278 127 25 Gedichte
892 1277 84 30 gleich

100 1323 25 23 in
154 1322 98 25 Poesie
282 1321 148 27 anrichten,
460 1322 67 23 statt
557 1319 92 25 diesen
677 1318 121 26 Edelsaft
825 1324 49 19 aus
901 1317 73 24 einer

99 1363 119 25 schönen
241 1362 216 26 Fleischlichkeit
481 1360 244 26 herausschmoren
750 1366 31 18 zu
805 1359 98 24 lassen.
938 1358 36 24 Im

99 1403 106 28 Anfang
222 1410 59 18 war
298 1403 48 25 der
363 1402 109 28 Braten,
490 1409 42 17 am
550 1400 74 26 Ende
638 1407 58 19 war
710 1400 43 25 die
915 1398 60 25 Und

99 1445 73 24 diese
188 1442 211 28 Fleischlichkeit
414 1444 46 24 hat
475 1444 56 25 sich
548 1451 34 17 au
597 1442 120 26 Goethen
731 1441 171 29 vollgetunkt.
918 1440 56 28 Der

100 1483 100 27 Braten
228 1486 33 24 ist
289 1491 32 19 so
348 1491 55 22 gar,
433 1484 49 25 daß
511 1491 60 18 man
600 1484 59 25 dem
686 1483 73 27 Koch
788 1483 51 25 den
868 1483 105 25 Cirain

99 1526 112 24 machen
231 1525 57 26 soll.

165 1576 23 24 b.
225 1574 55 26 Das
299 1573 250 26 Wirtschaftsbuch:
586 1573 188 30 „Oekonomie.
809 1573 50 25 Die
878 1572 100 29 großen

103 1614 168 26 Dramatiker
291 1614 58 26 sind
369 1616 91 24 immer
481 1614 226 25 haushälterische
727 1613 66 26 nach
816 1613 147 27 Sesshaftig-

98 1657 53 24 keit
174 1656 49 25 und
247 1656 157 24 vornehmer
426 1654 211 29 Bürgerlichkeit
658 1654 178 29 verlangende
858 1653 115 26 Naturen

98 1704 130 22 gewesen,
266 1696 192 29 Shakespeare,
480 1695 118 29 Moliere,
623 1695 108 29 Goethe,
756 1694 119 30 Schiller,
899 1694 74 26 Ibsen

101 1739 84 24 haben
208 1736 269 26 Wirtschaftsbücher
670 1736 124 24 Heinrich
819 1743 51 18 von
896 1735 80 25 Kleist

99 1779 44 25 hat
160 1780 57 23 dem
235 1778 97 28 großen
348 1777 195 28 Dramaturgen
558 1778 89 24 diesen
664 1776 118 25 Gefallen
799 1776 70 24 nicht
887 1778 85 26 getan.

100 1819 57 25 Nun
176 1820 43 24 hat
238 1826 28 18 es
287 1819 44 25 der
351 1818 82 26 Kleist
453 1818 94 26 davon.

98 1884 29 24 C.
162 1884 47 24 Die
233 1884 141 24 Schönheit
399 1884 45 26 der
468 1882 170 29 Geselligkeit

162 1940 22 17 a.
224 1931 234 29 Dramaturgische
491 1931 127 25 Naivität:
653 1930 138 29 „Künstler
824 1929 51 25 und
899 1929 73 25 Kind.

99 1973 63 24 Man
188 1972 68 25 kann
284 1979 46 20 aus
358 1973 45 23 der
431 1971 177 26 Gesellschaft
633 1978 51 17 von
711 1969 204 30 Schauspielern
943 1976 29 17 so

99 2014 73 25 frohe
194 2013 50 24 und
265 2013 187 24 unbelastende
472 2012 183 27 Stimmungen
675 2011 158 25 mitnehmen
854 2011 51 24 wie
926 2016 47 18 aus

99 2056 45 22 der
165 2061 51 18 von
416 2053 57 25 Wir
496 2055 94 22 tanzen
611 2050 347 30 Ringelringelringelringel-

99 2096 79 24 reihn.

98 2152 29 24 D.
162 2151 53 24 Der
233 2150 160 29 Dramaturg
411 2152 62 23 über
492 2149 82 26 Kunst

163 2207 17 16 x
202 2199 40 24 für
263 2200 39 23 ein
325 2206 26 19 u:
374 2198 71 29 „Das
466 2198 89 27 Rätsel
579 2197 45 25 der
647 2196 242 29 Schauspielkunst.
927 2195 45 24 Als

98 2240 93 25 Talma
212 2240 57 24 eine
290 2239 81 28 große
394 2239 132 28 tragische
547 2237 75 28 Rolle
644 2237 99 29 spielte,
763 2237 90 25 wurde
873 2244 28 19 er
922 2243 50 17 von

98 2282 46 23 der
167 2280 190 28 Beobachtung
380 2279 162 29 überrascht,
566 2278 50 25 daß
640 2279 54 24 sein
717 2277 123 28 Vortrag,
863 2275 59 26 weil
946 2283 27 17 er

98 2322 122 26 plötzlich
240 2327 34 18 an
292 2322 40 23 ein
351 2320 133 27 schweres
504 2319 148 26 häusliches
672 2318 63 26 Leid
757 2317 101 26 denken
878 2316 96 25 mußte,

97 2369 70 21 ganz
187 2361 189 25 unwillkürlich
397 2362 23 23 in
442 2362 70 24 einer
532 2359 135 26 Vibration
688 2359 110 29 zitterte,
818 2359 50 24 wie
887 2365 30 17 er
935 2359 39 23 sie

96 2404 69 24 noch
191 2404 40 23 nie
259 2409 33 18 an
318 2402 54 24 sich
399 2401 82 25 erlebt
506 2401 79 24 hatte.
626 2400 40 25 Da
693 2399 43 25 auf
762 2399 48 25 das
836 2398 136 25 Publikum

96 2446 59 22 eine
176 2443 149 28 ungeheure
344 2441 130 29 Wirkung
493 2442 119 27 ausging,
633 2447 29 19 so
683 2439 122 26 beschloß
825 2446 38 21 er,
885 2439 89 24 diesen

97 2490 87 19 neuen
208 2483 103 25 Tonfall
338 2482 102 28 künftig
474 2482 39 25 als
539 2481 166 26 Kunstmittel
741 2487 31 18 zu
809 2479 165 26 verwenden.

99 2526 54 24 Aus
177 2526 86 23 dieser
285 2524 190 27 Beobachtung
495 2524 42 23 ein
560 2522 73 25 Buch
657 2521 121 29 gemacht
798 2534 35 6 —
853 2519 51 26 und
927 2520 47 24 das

97 2566 91 27 Rätsel
217 2566 44 24 der
289 2564 235 28 Schauspielkunst
561 2564 32 24 ist
813 2560 93 25 Gelöst
943 2561 31 23 ist

98 2607 105 24 hiermit
217 2606 48 25 das
279 2605 90 27 Rätsel
385 2606 48 23 wie
449 2605 41 23 ein
504 2602 226 26 Theaterkritiker
746 2602 51 25 und
812 2601 162 26 Dramaturg

99 2647 55 25 sich
181 2647 80 24 selbst
297 2647 22 23 in
346 2645 112 25 schöner
485 2644 211 25 Fleischlichkeit
731 2642 132 26 enthüllen
898 2642 76 24 kann.

100 2688 86 24 Wenn
207 2694 28 18 er
259 2686 120 29 plötzlich
404 2693 33 17 an
460 2684 270 26 Wirtschaftsbücher
754 2682 79 26 denkt
856 2683 62 25 oder
942 2688 32 18 an

99 2728 99 29 Tunke,
230 2729 87 23 zittert
348 2734 27 17 er
407 2725 188 26 unwillkürlich
629 2724 51 26 und
704 2724 82 25 findet
810 2723 41 25 die
875 2722 83 25 Schau-

99 2768 145 28 spielkunst
268 2769 75 27 bong.
384 2767 48 25 Die
456 2767 88 25 Träne
567 2768 83 24 stürzt
673 2767 24 23 in
720 2766 108 25 Bächen
854 2765 52 25 und
929 2764 45 25 der

99 2809 186 28 Schauspieler
312 2810 32 23 ist
370 2808 129 25 entdeckt.
543 2807 112 26 Vibriert
684 2807 44 24 der
755 2806 68 25 Herr
846 2806 114 29 .Theater-

99 2849 110 25 kritiker
235 2849 77 29 nicht,
337 2848 116 26 schmort
480 2848 45 24 der
550 2847 106 28 Braten,
683 2847 49 25 daß
759 2849 73 26 jener
859 2846 115 25 nachher

100 2891 72 24 seine
196 2889 101 25 Freude
322 2891 51 28 hat,
397 2896 29 18 so
450 2890 89 27 ärgert
562 2888 42 24 ihn
628 2889 45 23 der
698 2887 151 25 Aufenthalt
872 2887 52 25 und
947 2893 27 18 er

101 2931 68 27 speit
186 2930 84 25 Tinte.

167 2987 15 17 u
207 2978 40 25 für
275 2980 39 22 ein
340 2985 29 18 x:
396 2976 183 30 „Stildramen.
629 2975 46 26 Ein
701 2976 99 25 Drama
829 2975 147 27 stilisieren,

104 3020 77 28 heißt,
209 3019 50 25 daß
285 3020 45 24 mit
356 3018 82 25 Kunst
464 3017 155 29 weglassen,
646 3023 55 18 was
728 3023 60 18 man
814 3023 51 18 von
894 3016 82 25 Natur

101 3060 72 25 nicht
337 3058 46 25 Ein
414 3058 99 25 Drama
546 3058 155 28 kritisieren,
734 3057 77 28 heißt,
844 3057 47 25 das
925 3063 51 18 von

103 3100 82 26 Natur
205 3100 155 29 weglassen,
381 3106 56 18 was
456 3105 59 18 man
538 3099 46 24 mit
604 3098 81 26 Kunst
706 3098 70 25 nicht
796 3098 77 24 kann.

169 3156 48 25 Mit
248 3156 98 25 diesem
378 3154 89 26 Geiste
498 3155 65 24 wird
597 3154 47 26 das
675 3153 238 29 Lessing-Theater
946 3161 31 16 zu

104 3196 87 25 Berlin
214 3196 112 28 geleitet

649 3238 176 29 Herwarth
838 3238 137 29 Walden

106 3411 109 45 Gang

107 3476 79 33 Kurt
209 3474 170 39 Heynicke

111 3544 115 24 Nacht

108 3584 134 25 Straße

110 3624 254 25 Gaslaternen

111 3704 119 26 Weib:
259 3705 41 25 Ich
322 3706 40 24 bin
383 3712 29 18 so
434 3705 76 25 müde
530 3705 98 24 meiner
649 3704 160 27 Schmerzen
830 3704 67 28 Weg;

208 3746 46 24 der
273 3745 167 28 Domengurt
462 3752 41 18 um
524 3746 83 24 meine
629 3744 102 26 Lenden
751 3746 112 26 springt:

207 3785 113 26 Gebäre!

111 3841 167 26 Stimme:
311 3841 82 26 Gebet

1056 191 72 24 Wei
1141 191 13 24 b
1168 198 5 17 :
1205 191 41 24 Ich
1268 191 40 24 bin
1331 190 47 25 das
1399 189 60 25 Blut
1480 189 44 25 der
1547 189 69 25 Welt

1150 231 41 24 die
1213 231 68 24 Erde
1305 231 68 24 wird
1393 231 25 23 in
1440 229 60 25 Blut
1522 231 132 23 ertrinken

1150 271 41 24 die
1216 270 87 25 Sonne
1329 271 75 24 stirbt

1150 311 45 24 der
1221 311 125 24 Schmerz
1373 313 77 26 steigt
1475 312 25 23 in
1526 311 40 24 die
1591 309 108 26 Hütten!

1052 369 169 25 Stimme:
1254 368 83 25 Gehe!

1053 425 118 25 Weib:
1205 426 53 24 Aus
1280 426 103 23 meinen
1405 424 105 25 Lenden
1534 424 70 25 blüht
1627 424 46 26 des
1696 423 111 27 Leidens
1833 423 93 24 Frucht

1148 468 77 26 gesät
1247 466 46 24 mit
1317 465 122 24 Freuden
1461 466 129 23 wimmert
1615 463 78 27 Ernte
1719 464 159 25 Schmerzen
1905 465 21 22 in

1212 506 41 24 die
1275 506 54 24 Zeit

1148 548 45 23 der
1216 546 162 28 Augenblick
1404 547 32 23 ist
1461 545 127 29 Ewigkeit

1146 586 159 26 Erkenntnis
1325 586 56 25 fällt
1404 593 46 19 aus
1471 586 113 24 tiefstem
1604 586 86 25 Leide.

1049 645 95 24 Stim
1157 652 24 17 m
1192 651 13 18 e
1219 643 4 26 :
1257 643 114 26 Gebäre!

1049 702 134 24 Schrei
1240 701 25 24 M
1278 708 13 17 u
1303 708 11 17 s
1326 702 5 22 i
1343 701 14 24 k
1379 701 61 23 der
1462 700 93 25 Erde

1051 759 143 24 Donner
1442 756 128 25 Fallen

1049 889 94 28 Berg

1049 929 141 25 Schnee

1052 970 109 28 Gipfe
1171 969 7 24 1
1188 976 23 17 w
1223 976 13 17 e
1247 976 16 20 g

1051 1050 128 25 Greis:
1209 1049 53 25 Das
1282 1049 71 24 Ende
1372 1049 78 28 steigt

1147 1091 41 24 die
1209 1090 68 25 Erde
1299 1089 56 25 fällt
1376 1096 49 18 von
1447 1089 100 24 meiner
1568 1087 70 24 Stirn

1147 1132 95 28 genug!

1051 1188 169 24 Stimme:
1246 1187 100 27 Steige!

1052 1245 77 24 Grei
1141 1252 11 17 s
1166 1252 5 17 :
1202 1244 57 25 Von
1280 1245 103 23 meinen
1403 1243 93 28 Augen
1516 1241 56 27 fällt
1593 1241 40 24 die
1654 1240 68 25 Erde

1147 1285 39 24 ich
1206 1284 70 25 fühle
1293 1283 111 25 Himmel
1423 1282 201 26 überströmend
1642 1282 84 23 meine
1745 1280 75 24 Seele
1839 1279 87 24 fassen

1148 1325 38 25 ich
1207 1326 41 24 bin
1269 1324 156 26 Erkenntnis
1446 1323 64 28 groß
1532 1321 148 30 geworden.

1051 1384 150 24 Stimme
1221 1389 66 18 von
1308 1383 130 23 unten:
1460 1379 85 25 Nimm
1568 1378 55 26 mit!

1051 1440 130 24 Greis:
1212 1440 54 23 Aus
1289 1439 101 24 meinen
1411 1436 90 25 Füßen
1522 1435 56 26 zieh
1600 1435 40 24 ich
1664 1434 77 24 letzte
1762 1433 114 25 Dornen,

1148 1479 142 26 erblühend
1308 1480 79 23 tastet
1405 1477 87 26 Sonne
1512 1477 48 23 mir
1581 1477 37 23 ins
1638 1475 80 28 Haar,

1147 1519 194 26 unmenschlich
1367 1518 42 25 faß
1433 1517 40 25 ich

1147 1560 72 25 Ende

1146 1601 73 25 Gott!

1050 1642 128 25 Sonne
1198 1640 108 30 glüht
1326 1639 125 28 Rosen
1477 1639 33 24 in
1529 1638 68 25 den
1617 1632 157 31 Schnee]

1146 1682 36 26 So
1206 1682 132 24 schreiten
1360 1682 46 24 wir
1430 1680 44 25 auf
1497 1679 64 25 Leid
1583 1678 77 25 dahin

1146 1731 47 18 aus
1213 1723 109 24 tausend
1345 1721 162 25 Schmerzen
1525 1720 128 24 wachsen)
1668 1718 210 26 Dornenkränze

1146 1764 100 26 Geburt
1263 1764 50 24 und
1333 1762 85 28 Liebe,
1436 1761 57 26 Tod
1513 1760 58 26 sind
1588 1760 97 25 Leiden

1146 1812 47 19 aus
1218 1804 132 24 uferlosen
1376 1802 99 28 Klagen
1500 1800 135 26 schluchzt
1661 1802 39 23 ein
1727 1799 71 27 Berg
1821 1805 103 21 empor:

1146 1852 41 18 am
1213 1844 85 28 Gipfel
1324 1843 57 27 fällt
1407 1842 158 26 Erkenntnis
1590 1842 25 24 in
1640 1841 40 24 die
1707 1840 90 25 Brust:

1144 1887 47 23 wir
1213 1885 57 25 sind
1290 1886 39 22 ein
1352 1884 90 24 Hauch
1463 1890 47 19 aus
1531 1882 93 25 Gottes
1647 1880 80 26 Mund

1145 1928 40 24 ein
1209 1927 129 26 Atemzug
1361 1926 32 24 ist
1416 1931 78 17 unser
1516 1923 97 25 Leben!

1145 1966 91 26 Erlöse

1144 2008 98 25 Sonne!

1050 2065 117 24 Musik
1207 2065 62 24 des
1305 2063 121 24 Todes

1047 2113 145 26 Glühen
1292 2112 159 26 Steigen

1048 2251 153 29 Kapelle

1049 2293 121 24 Abend

1049 2329 393 28 Schmerzensreiche
1465 2329 136 25 Mutter
1623 2329 61 23 mit
1712 2327 75 25 dem

1210 2372 147 25 Knaben

1048 2413 121 25 Musik
1190 2413 64 24 der
1273 2410 134 28 Kirche

1049 2496 63 23 Die
1131 2494 154 25 Stimme
1305 2493 64 24 der
1388 2489 439 27 Schmerzensreichen:

1145 2534 77 28 Ewig
1242 2534 38 24 ihr
1299 2533 165 24 Schmerzen
1484 2532 48 24 der
1551 2531 72 24 Welt

1145 2574 73 30 Ewig
1239 2574 41 25 die
1298 2574 80 25 Liebe
1400 2573 46 25 der
1468 2572 169 25 Schmerzen.

1146 2615 23 25 O
1190 2616 81 27 ewige
1291 2614 162 25 Schmerzen
1471 2614 46 23 der
1535 2613 90 24 Liebe!

1051 2672 68 24 Der
1146 2672 124 25 Abend
1296 2670 103 26 blüht
1426 2668 92 27 Gold

1048 2810 106 25 Müde

1052 2851 135 29 Mittag

1049 2924 70 24 Der
1139 2923 120 28 ewige
1279 2921 228 24 Wanderer:

1147 2962 55 25 Der
1221 2961 164 29 ewigreiche
1404 2960 58 29 Tag
1480 2961 74 24 kniet
1574 2967 51 18 vor
1644 2960 49 24 des
1714 2958 113 29 Mittags
1846 2957 54 25 Tor

1151 3003 50 25 Auf
1221 3003 103 24 meinen
1339 3001 119 26 Scheitel
1479 3003 85 23 rastet
1583 3000 48 25 der
1645 2999 187 28 Bestimmung
1850 2997 76 26 heiße

1214 3043 89 26 Sonne

1150 3086 67 26 ewig

1150 3124 117 26 wandre!

1148 3166 42 24 Ich
1212 3166 42 24 bin
1276 3164 46 25 der
1344 3164 100 28 gleiche
1466 3163 58 29 Tag
1545 3163 45 26 des
1613 3162 112 25 Leidens

1152 3206 46 24 der
1219 3206 149 24 urbetretne
1848 3206 3 24 i

1151 3244 228 30 gottgepeitschte

1151 3284 232 28 Menschen-Weg.

1148 3327 43 25 Ich

1150 3369 40 25 bin
1811 3384 6 8 ,
1839 3369 4 25 -

1054 3423 146 25 Donner
1284 3422 115 25 Staub
1484 3422 91 24 Erde

1055 3552 64 25 Die
1146 3554 114 26 ewige
1287 3551 91 26 Glut

1057 3593 63 24 Die
1152 3592 143 25 Sünder

1056 3664 63 25 Die
1142 3664 164 26 Sünder:
1341 3665 83 26 Glühe
1448 3665 85 25 Nacht

1152 3704 123 29 zergliihe
1296 3705 84 25 Nacht
1402 3705 41 25 die
1464 3704 84 26 Nacht
1568 3705 46 25 der
1635 3705 93 25 Seelen

1152 3745 143 25 Schmerze
1315 3745 58 29 Tag

1153 3785 182 25 zerschmerze
1356 3785 57 29 Tag
1435 3786 49 24 den
1505 3785 125 26 Schmerz
1653 3785 45 25 der
1721 3785 105 26 Sünden

1057 3841 37 24 St
1106 3841 4 28 i
1122 3849 24 17 m
1157 3841 52 26 nie
1229 3842 66 24 der
1318 3842 221 25 schwarzen
1563 3841 133 28 Engel:
1722 3841 99 25 Leidet!

2005 189 62 25 Die
2093 189 156 25 Sünder:
2284 189 56 25 Wir
2366 189 83 25 leiden
2475 189 40 24 die
2542 188 74 24 Erde.

2101 229 55 26 Wir
2174 229 84 26 leiden
2275 231 42 24 die
2330 229 71 26 Lust.

2101 270 22 24 O
2143 277 79 18 unsre
2241 269 79 26 Brust
2341 276 33 18 an
2395 269 92 26 Ketten
2507 269 46 24 der
2573 269 75 25 Erde.

2003 326 120 25 Musik
2156 327 60 24 der
2251 326 225 25 Schmerzen

2004 374 181 25 Flammen
2352 374 124 28 Rauch

2001 502 67 26 Der
2098 504 114 28 ewige
2241 504 141 24 Garten

2001 543 63 24 Die
2096 543 156 29 Seligen

2001 583 230 26 Mondnacht

2001 656 66 24 Die
2086 656 177 29 Seligen;

2099 697 58 25 Wir
2176 697 147 25 schweben
2344 698 32 22 im
2397 697 80 23 Arme
2497 697 48 23 des
2565 696 105 26 ewigen
2691 694 98 24 Monds

2098 737 92 25 Sterne
2213 737 123 26 erblühen

2100 777 101 25 Freude
2223 777 58 25 sind
2302 779 54 24 wir.

2098 818 161 25 Schmerzen
2279 818 80 25 fallen
2380 818 45 25 auf
2444 818 67 24 Erde
2533 818 52 24 und
2603 817 92 28 Raum.

2098 859 127 27 Raumlos
2248 859 59 25 sind
2327 860 48 23 wir

2099 900 150 27 sonnigster
2270 899 106 24 Sonnen
2398 900 149 27 sonnigster
2568 898 106 24 Traum.

2001 955 64 25 Die
2096 955 195 25 silbernen
2322 954 134 29 Engel:
2488 955 112 24 Freude!

2001 1011 122 26 Musik
2143 1012 63 23 der
2226 1011 145 24 Freude

2001 1134 64 24 Die
2089 1134 135 24 tiefste
2248 1132 183 29 Ewigkeit

2002 1173 68 25 Der
2090 1173 107 27 Kreis
2215 1173 62 25 der
2295 1172 134 26 Sterne

2004 1214 69 25 Der
2094 1215 115 27 ewige
2230 1214 108 24 Stern

2001 1254 120 25 Musik
2141 1254 64 24 der
2225 1254 95 24 Welt

2002 1327 65 24 Die
2089 1327 155 26 Sterne:
2277 1327 38 25 Im
2336 1327 87 25 Schoß
2446 1327 45 24 der
2515 1327 56 24 Zeit
2591 1326 96 25 schläft
2710 1325 136 29 Ewigkeit.

2101 1367 55 26 Wir
2179 1369 59 25 sind
2260 1369 33 24 im
2317 1368 63 25 Arm
2401 1367 45 26 der
2469 1366 128 31 Ewigkeit

2099 1408 199 26 Unendlichkeit
2322 1409 32 24 ist
2375 1408 50 26 alle
2446 1408 63 25 Zeit.

2099 1449 56 26 Wir
2176 1450 58 24 sind
2253 1449 41 25 die
2315 1449 145 25 Menschen
2481 1449 64 26 alles
2565 1449 112 24 Leidens

2099 1490 189 28 herangeblüht

2098 1530 165 29 Vollendung

2098 1571 127 28 Ewigkeit

2098 1614 33 23 im
2155 1612 98 26 Kreise.

2003 1668 68 26 Der
2093 1670 116 27 ewige
2230 1668 128 25 Stern:
2382 1666 132 26 Wandelt!

2001 1726 66 24 Die
2086 1725 156 25 Sterne:

2098 1766 59 25 Tief
2177 1767 22 23 in
2220 1766 60 24 dem
2300 1765 89 25 Schoß
2408 1765 48 24 der
2476 1764 57 25 Zeit
2552 1761 99 28 schläft
2669 1763 135 28 Ewigkeit

2098 1807 83 25 Urtief
2202 1808 34 24 im
2257 1806 87 25 Schoß
2368 1806 45 24 der
2435 1804 161 26 Schmerzen
2617 1804 171 26 schlummert
2808 1803 71 24 Gott

2097 1847 62 27 Gott
2183 1849 32 23 ist
2237 1847 45 25 der
2304 1847 163 24 Schmerzen
2488 1845 170 25 Endlichkeit.

2000 1906 70 24 Der
2090 1905 123 27 ewige
2232 1903 131 24 Stern:

2098 1945 44 24 Ich
2161 1945 55 24 bin!

2002 2003 167 24 Brausen
2234 2000 194 29 Rauschen

2001 2051 120 24 Musik
2166 2050 62 25 der
2275 2049 151 24 Welten

2408 2121 72 25 Ende

2002 2324 77 35 Das
2104 2324 206 45 Tagebuch
2337 2323 67 34 der
2431 2322 49 44 „S

2004 2392 57 26 Wir
2081 2392 221 26 veröffentlichen
2319 2391 159 28 Fragmente
2499 2397 48 18 aus
2567 2390 59 24 dem
2648 2387 141 30 Tagebuch
2811 2388 71 23 einer

2003 2434 149 25 bekannten
2178 2432 223 29 Schauspielerin,
2429 2431 41 25 die
2496 2430 58 26 sich
2578 2437 48 18 vor
2653 2430 102 26 einigen
2783 2428 98 25 Jahren

2002 2481 92 22 wegen
2114 2474 208 27 unbefriedigten
2340 2472 211 25 künstlerischen
2563 2470 146 29 Ehrgeizes
2727 2471 49 23 das
2794 2469 87 25 Leben

2178 2515 85 24 nahm.
2306 2512 48 26 Mit
2379 2512 138 26 Erlaubnis
2542 2512 46 24 der
2614 2510 91 26 Erben.

2609 2576 75 25 Erste
2704 2576 177 26 Fortsetzung

2004 2654 35 25 10.
2059 2652 149 26 November
2229 2653 41 24 191
2284 2652 4 27 .

2068 2708 144 27 Karlchens
2256 2709 190 27 gutgemeinter
2489 2706 51 25 und
2582 2707 123 23 mitunter
2749 2704 130 29 geradezu

2004 2750 177 28 prachtvoller
2211 2749 144 29 Cynismus
2386 2747 147 26 vernichtet
2561 2746 68 25 mich
2659 2745 140 29 geradezu.
2848 2744 33 24 Er

2003 2791 100 29 spricht
2127 2791 63 24 über
2213 2789 174 26 Prostitution
2411 2790 25 23 in
2623 2786 82 26 Kunst
2730 2785 51 25 und
2806 2785 75 28 jedes

2004 2831 77 25 Wort
2104 2830 61 26 zielt
2187 2830 43 26 auf
2253 2829 78 26 mich!

2068 2870 33 26 Er
2125 2871 119 25 bemerkt
2270 2870 47 25 das
2352 2877 47 21 gar
2427 2869 76 26 nicht.
2544 2869 69 24 Aber
2648 2867 40 25 ich
2721 2866 77 30 glühe
2831 2873 49 18 vor

2004 2912 97 26 Scham
2121 2912 51 24 und
2193 2911 112 25 schüttle
2324 2912 68 24 mich
2411 2917 49 19 vor
2479 2909 63 26 Ekel

2068 2952 49 25 Bin
2141 2953 42 25 ich
2208 2953 57 23 eine
2288 2950 99 26 Dirne?

2068 2993 100 25 Dirnen
2188 2992 58 26 sind
2268 2992 114 28 Weiber,
2404 2991 41 25 die
2467 2991 55 24 ihre
2545 2990 83 25 Gunst
2649 2989 52 26 und
2724 2989 54 24 ihre
2799 2989 84 28 Reize

2004 3034 39 25 für
2067 3034 67 24 Geld
2155 3032 154 26 verkaufen.

2068 3074 104 25 Ehrlich
2194 3074 102 28 gemein
2317 3073 58 24 sind
2398 3073 39 23 sie
2456 3070 52 26 und
2528 3070 73 26 offen
2620 3069 142 26 schamlos.

2068 3114 44 26 Sie
2136 3115 83 27 geben
2242 3113 56 26 sich
2323 3114 69 28 preis
2423 3125 33 4 —
2487 3113 40 23 ein
2552 3110 146 28 treffendes
2721 3110 88 28 Wort;
2843 3110 38 24 sie

2004 3157 100 27 „geben
2211 3154 42 25 für
2272 3155 75 23 einen
2490 3164 34 5 —

2069 3195 79 29 Oder,
2163 3196 50 24 wie
2228 3194 131 26 Karlchen
2371 3193 56 25 sich
2444 3199 32 19 so
2492 3191 215 29 geschmackvoll
2723 3191 154 25 ausdrückt:

2005 3239 37 23 sie
2062 3236 113 24 machen
2190 3236 42 24 die
2249 3234 82 26 Beine
2347 3235 66 25 breit
2432 3234 40 24 für
2491 3233 67 25 Geld
2574 3248 34 3 —

2068 3276 42 26 Ich
2133 3278 42 23 tue
2197 3277 26 26 ja
2246 3274 50 26 viel
2319 3274 195 25 Schlimmeres.
2554 3273 43 25 Ich
2619 3275 74 27 zeige
2714 3274 84 24 meine
2820 3279 45 17 ver-

2005 3317 161 25 stecktesten
2189 3317 156 23 inneren
2367 3314 81 28 Reize
2470 3321 92 18 coram
2585 3314 103 29 pubiico
2711 3329 32 3 —

2068 3357 82 25 Unter
2175 3357 58 24 dem
2257 3355 134 25 Vorwand
2414 3355 46 25 der
2735 3353 80 25 kitzle
2840 3353 39 24 ich

2005 3399 55 24 ihre
2077 3397 81 26 Sinne
2174 3397 44 24 auf
2232 3411 33 4 —
2281 3396 130 25 Männern
2427 3396 54 24 und
2496 3396 110 29 Frauen,
2625 3396 42 25 die
2683 3394 52 26 den
2749 3393 117 25 Eintritts-

2005 3440 70 27 preis
2089 3438 85 25 daran
2188 3443 100 22 wagen.
2314 3436 76 25 Nicht
2407 3437 46 23 mit
2470 3436 188 28 körperlicher,
2676 3436 45 24 mit
2736 3433 143 26 seelischer

2004 3478 153 29 Preisgabe!

2068 3518 65 26 Eine
2159 3518 97 25 schöne
2284 3517 183 26 Konkurrenz!
2512 3516 63 26 Eine
2601 3516 163 27 schmutzige
2790 3513 74 26 Preis-

2005 3559 191 28 unterbietung!

2068 3599 82 25 Dabei
2195 3597 93 29 belüge
2335 3598 40 26 ich
2422 3598 67 25 mich
2536 3597 51 25 und
2631 3597 108 27 betrüge
2795 3597 82 23 meine

2006 3639 160 27 Kundschaft
2187 3653 31 4 —

2069 3679 64 25 Was
2152 3681 40 23 sie
2211 3679 125 28 erhalten,
2357 3679 52 25 will
2430 3680 40 24 ich
2493 3678 75 24 ihnen
2587 3683 47 21 gar
2655 3677 69 24 nicht
2745 3677 84 27 geben
2847 3689 30 3 —

2004 3727 42 18 um
2064 3721 92 24 keinen
2173 3719 75 25 Preis
2266 3735 32 3 —

2069 3760 59 25 Und
2147 3767 55 18 was
2223 3761 38 24 sie
2281 3767 29 18 so
2333 3759 70 29 billig
2424 3757 163 28 einhandeln,
2609 3757 48 25 das
2678 3756 95 28 wollen
2792 3758 38 25 sie
2851 3759 26 25 ja

2006 3803 31 23 im
2065 3800 108 26 Grunde
2199 3808 47 21 gar
2272 3799 71 25 nicht
2369 3799 91 26 haibern
2488 3798 66 25 denn
2582 3796 47 27 das
2658 3798 103 25 können
2787 3799 38 23 sie
2851 3799 26 26 ja

2004 3843 108 22 nimmer
2135 3841 134 24 bezahlen.
