3223 4572
1108 539 166 51 ‘Franz
1306 539 170 61 Kafka
1509 564 9 10 -
1553 539 103 51 Die
1697 539 370 61 Verwandfung

2591 542 121 49 1189

459 727 202 62 stoßen
812 751 61 39 es
916 728 184 80 klang,
1143 738 111 54 wie
1296 753 170 39 wenn
1509 729 99 63 der
1642 729 185 63 Wind
1867 747 164 45 saust
2184 729 118 63 und
2342 753 120 39 nun
2502 732 103 61 sah
2648 756 62 38 er

459 821 93 61 ihn
595 823 156 70 auch,
784 831 110 53 wie
927 847 77 49 er,
1041 825 99 61 der
1173 823 99 63 der
1305 825 255 62 Nächste
1593 849 74 37 an
1701 825 100 62 der
1827 820 157 67 Türe
2018 849 143 47 war,
2195 823 91 64 die
2319 825 179 62 Hand
2530 850 179 55 gegen

459 915 108 62 den
619 919 225 59 offenen
884 917 196 63 Mund
1129 917 225 63 drückte
1404 917 119 61 und
1571 917 256 79 langsam
1876 920 367 71 zurückwich,
2294 920 84 62 als
2429 921 280 62 vertreibe

458 1009 91 61 ihn
591 1019 123 53 eine
756 1011 365 73 unsichtbare,
1162 1013 357 77 gleichmäßig
1561 1013 400 62 fortwirkende
1994 1014 183 61 Kraft.
2222 1014 115 62 Die
2371 1015 221 62 Mutter

458 1114 81 52 sie
581 1107 165 60 stand
787 1105 118 62 hier
953 1123 147 44 trotz
1142 1105 100 62 der
1282 1107 421 62 Anwesenheit
1753 1108 102 61 des
1895 1108 361 63 Prokuristen
2305 1119 101 52 mit
2445 1134 118 39 von
2606 1110 101 63 der

458 1198 189 62 Nacht
686 1199 99 61 her
826 1202 136 58 noch
1014 1199 376 78 aufgelösten,
1441 1201 134 59 hoch
1627 1203 107 58 sich
1783 1202 385 62 sträubenden
2210 1203 238 62 Haaren
2600 1204 104 63 sah

455 1310 191 44 zuerst
685 1302 98 52 mit
822 1293 304 79 gefalteten
1160 1293 250 61 Händen
1446 1293 109 61 den
1588 1294 188 61 Vater
1816 1320 93 47 an,
1950 1306 129 67 ging
2112 1297 152 61 dann
2298 1308 146 51 zwei
2477 1300 228 61 Schritte

455 1410 74 37 zu
573 1386 229 79 Gregor
842 1387 93 61 hin
978 1388 118 61 und
1140 1387 86 61 fiel
1269 1396 246 52 inmitten
1557 1387 146 62 ihrer
1743 1399 150 67 rings
1937 1414 97 37 um
2074 1400 83 52 sie
2190 1391 199 62 herum
2422 1394 106 61 sich
2563 1418 105 37 aus-

455 1480 326 62 breitenden
830 1481 186 61 Röcke
1066 1481 212 71 nieder,
1328 1481 105 61 das
1485 1481 232 62 Gesicht
1764 1507 146 53 ganz
1961 1485 408 61 unauffindbar
2427 1510 74 37 zu
2558 1486 147 62 ihrer

455 1574 169 62 Brust
656 1575 247 76 gesenkt.
941 1576 124 60 Der
1090 1575 188 62 Vater
1296 1575 169 61 ballte
1499 1585 99 51 mit
1632 1576 388 79 feindseligem
2039 1578 311 62 Ausdruck
2383 1579 91 62 die
2498 1580 206 73 Faust,

455 1668 81 61 als
587 1669 169 60 wolle
804 1691 61 39 er
907 1668 231 79 Gregor
1187 1678 54 52 in
1291 1679 122 51 sein
1462 1669 255 62 Zimmer
1767 1672 433 71 zurückstoßen,
2258 1673 103 61 sah
2404 1674 107 61 sich
2554 1674 151 62 dann

455 1762 249 61 unsicher
761 1771 72 51 im
884 1762 440 61 Wohnzimmer
1380 1787 116 49 um,
1546 1763 335 62 beschattete
1938 1764 152 61 dann
2148 1775 99 52 mit
2295 1766 109 62 den
2454 1767 251 63 Händen

455 1855 89 61 die
585 1856 215 76 Augen
844 1856 118 61 und
1002 1866 228 61 weinte,
1272 1856 110 62 daß
1424 1857 108 61 sich
1574 1867 156 51 seine
1772 1860 268 77 mächtige
2081 1860 171 62 Brust
2293 1861 298 63 schüttelte.

533 1949 228 78 Gregor
800 1965 110 46 trat
950 1974 118 37 nun
1094 1973 100 56 gar
1227 1951 140 60 nicht
1408 1960 54 52 in
1490 1951 103 61 das
1627 1951 275 72 Zimmer,
1936 1954 253 62 sondern
2222 1954 188 63 lehnte
2444 1957 108 60 sich
2586 1980 117 38 von

454 2050 162 52 innen
668 2065 73 38 an
793 2043 109 62 den
962 2043 447 80 festgeriegelten
1451 2040 307 83 Türflügel,
1809 2070 70 37 so
1930 2046 110 63 daß
2091 2058 119 52 sein
2252 2049 140 61 Leib
2443 2073 108 38 nur
2599 2076 104 36 zur

454 2136 192 69 Hälfte
689 2136 118 61 und
847 2138 244 61 darüber
1141 2139 100 61 der
1289 2139 202 62 seitlich
1541 2150 258 68 geneigte
1848 2142 170 78 Kopf
2060 2167 75 37 zu
2185 2143 176 62 sehen
2411 2168 141 49 war,
2603 2154 99 54 mit

454 2229 128 61 dem
625 2253 59 38 er
723 2255 75 36 zu
840 2230 109 63 den
983 2232 251 62 anderen
1275 2233 408 79 hinüberlugte.
1728 2234 88 64 Es
1852 2260 126 37 war
2010 2239 330 60 inzwischen
2375 2239 109 61 viel
2528 2239 172 63 heller

449 2323 335 78 geworden,-
832 2323 117 62 klar
997 2326 168 61 stand
1213 2327 109 61 auf
1364 2327 101 61 der
1513 2327 249 63 anderen
1804 2328 383 64 Straßenseite
2237 2340 90 52 ein
2368 2332 331 62 Ausschnitt

450 2417 113 67 des,
591 2420 613 77 gegenüberliegenden
1248 2421 273 62 endlosen
1568 2424 464 76 grauschwarzen
2074 2425 235 62 Hauses
2469 2450 62 40 es
2575 2451 123 39 war

450 2520 89 51 ein
596 2511 418 64 Krankenhaus
1174 2524 98 51 mit
1328 2524 193 52 seinen
1594 2515 125 61 hart
1787 2516 90 61 die
1935 2517 185 61 Front
2177 2517 518 67 durchbrechenden

447 2605 409 79 regelmäßigen
907 2608 307 72 Fenstern,-
1270 2609 99 61 der
1410 2609 194 77 Regen
1655 2610 88 61 fiel
1792 2611 138 61 noch
1980 2611 220 72 nieder,
2250 2614 137 61 aber
2439 2639 106 37 nur
2598 2625 100 53 mit

446 2699 236 76 großen,
734 2700 215 61 einzeln
999 2702 306 61 sichtbaren
1355 2702 119 61 und
1527 2703 242 61 förmlich
1820 2705 136 60 auch
2007 2708 217 60 einzeln
2230 2717 176 52 weise
2455 2709 110 61 auf
2605 2711 92 62 die

447 2792 160 62 Erde
665 2793 624 79 hinuntergeworfenen
1339 2792 273 82 Tropfen,
1688 2798 127 61 Das
1874 2799 586 80 Frühstücksgeschirr
2529 2805 166 62 stand

447 2895 55 52 in
545 2886 341 62 überreicher
934 2888 148 61 Zahl
1140 2888 108 61 auf
1298 2888 129 61 dem
1468 2886 182 75 Tisch,
1701 2891 150 62 denn
1894 2892 91 62 für
2034 2893 111 63 den
2177 2895 191 62 Vater
2420 2921 123 37 war
2591 2898 103 63 das

446 2979 315 63 Frühstück
832 2981 90 62 die
986 2984 302 76 wichtigste
1354 2984 281 62 Mahlzeit
1707 2986 101 61 des
1875 2982 218 83 Tages,
2153 2989 91 62 die
2312 3013 59 38 er
2438 2991 91 62 bei
2596 2992 101 63 der

446 3074 244 61 Lektüre
746 3075 416 62 verschiedener
1217 3076 323 79 Zeitungen
1598 3080 378 79 stundenlang
2034 3083 221 78 hinzog.
2326 3084 237 65 Gerade
2620 3111 74 38 an

447 3166 99 63 der
602 3170 322 76 gegenüber
980 3172 290 77 liegenden
1328 3172 201 62 Wand
1587 3173 132 79 hing
1776 3184 123 52 eine
1956 3177 419 81 Photographie
2435 3180 258 78 Gregors

446 3285 108 38 aus
606 3272 184 52 seiner
831 3263 342 72 Militärzeit,
1231 3264 90 62 die
1371 3264 94 62 ihn
1515 3267 83 61 als
1641 3268 290 62 Leutnant
1982 3269 303 77 darstellte,
2328 3282 111 53 wie
2481 3297 78 49 er,
2603 3276 91 61 die

444 3357 180 61 Hand
663 3382 92 37 am
798 3358 222 79 Degen,
1062 3360 219 77 sorglos
1330 3361 265 71 lächelnd,
1645 3362 250 79 Respekt
1936 3366 90 60 für
2074 3375 158 53 seine
2272 3368 259 78 Haltung
2573 3371 120 60 und

445 3451 270 62 Uniform
765 3453 302 78 verlangte.
1128 3453 112 63 Die
1288 3450 121 64 Tür
1456 3479 132 37 zum
1637 3456 366 65 Vorzimmer
2060 3484 122 37 war
2237 3462 275 77 geöffnet,
2572 3464 121 61 und

444 3568 130 38 man
626 3546 122 71 sah,
799 3546 74 62 da
922 3549 134 61 auch
1109 3547 88 61 die
1239 3547 443 79 Wohnungstür
1724 3553 152 59 offen
1919 3575 140 50 war,
2102 3554 108 61 auf
2244 3554 111 61 den
2404 3555 288 79 Vorplatz

444 3639 100 61 der
595 3639 321 81 Wohnung
966 3641 199 63 hinaus
1217 3641 118 63 und
1376 3643 108 61 auf
1518 3643 109 62 den
1669 3644 215 79 Beginn
1927 3645 100 61 der
2068 3647 249 62 abwärts
2371 3648 319 65 führenden

442 3728 243 85 Treppe,

524 3829 241 73 »Nun,«
811 3848 158 61 sagte
1013 3831 226 78 Gregor
1281 3831 116 61 und
1429 3855 121 38 war
1590 3833 106 61 sich
1740 3833 207 62 dessen
1982 3834 155 61 wohl
2180 3834 254 74 bewußt,
2477 3838 112 63 daß
2632 3862 61 40 er

441 3920 100 62 der
582 3932 215 70 einzige
839 3949 138 47 war,
1023 3926 98 61 der
1154 3926 90 62 die
1275 3926 163 62 Ruhe
1472 3926 256 62 bewahrt
1761 3927 171 74 hatte,
1979 3931 112 60 »ich
2126 3931 193 62 werde
2354 3935 136 60 mich
2524 3934 168 77 gleich

440 4016 293 75 anziehen,
787 4020 90 61 die
927 4020 327 63 Kollektion
1311 4025 541 76 zusammenpacken
1914 4024 120 62 und
2090 4026 349 78 wegfahren.
2502 4029 190 61 Wollt
