3242 4572
1272 500 197 52 Otoßar
1496 502 221 49 Brezina
1738 524 9 12 •
1783 498 170 53 Geßet

2604 497 114 51 1231

1222 1263 399 77 GEBET
1677 1265 279 74 <1897>

1283 1082 277 73 Otokar
1585 1085 330 70 Březina

1075 1405 368 61 (Nachdichtung
1476 1423 97 32 von
1607 1405 174 50 Albert
1813 1405 299 57 Ehrenstein)

473 1563 150 59 Dein
663 1563 291 74 mächtiger
995 1560 175 61 Wille
1211 1560 141 61 stieß
1393 1584 106 37 aus
1542 1585 210 37 unsern
1793 1560 334 62 steinfahlen
2172 1560 270 77 Wangen

473 1654 101 61 das
616 1654 128 61 Blut
786 1663 82 52 ins
911 1654 220 60 Antlitz
1172 1653 100 61 der
1311 1653 239 72 Feinde,

473 1748 115 60 und
629 1747 101 61 das
764 1748 467 76 Augenleudhten
1273 1747 100 62 der
1406 1748 219 62 Feinde
1658 1749 266 61 machtest
1956 1749 102 60 Du
2091 1748 118 61 klar
2242 1758 110 51 wie
2387 1748 90 62 die
2511 1748 202 63 Sterne

473 1841 164 59 durch
681 1864 203 38 unsere
925 1841 270 62 Wolken,

471 1933 134 60 Aus
648 1956 225 38 unserm
915 1933 321 78 Schweigen
1278 1935 236 59 flatterte
1556 1935 105 61 auf
1698 1935 83 59 ihr
1819 1935 292 77 Jauchzen,

474 2049 229 37 unserer
744 2026 392 61 Grabhlumen
1178 2027 387 78 Knospenluft

473 2143 174 52 sogen
689 2129 81 52 sie
811 2130 88 51 ein
941 2120 82 60 als
1065 2121 266 61 süßesten
1373 2123 165 59 Duft,

471 2212 164 60 Aber
676 2236 169 36 unser
888 2213 290 79 Gespenst

470 2304 182 61 schlich
695 2314 53 51 in
790 2305 83 61 ihr
913 2302 306 75 Träumen,
1265 2308 161 60 kroch
1470 2317 52 52 in
1566 2308 108 61 den
1715 2309 213 77 Reigen
1971 2308 145 62 ihrer
2155 2309 221 71 Lieder,
2418 2305 221 77 Tänze,

470 2397 114 61 und
625 2407 74 51 im
739 2407 338 53 einsamsten
1120 2399 306 63 Schweben
1468 2402 245 61 erlebten
1757 2412 81 51 sie
1880 2426 204 38 unsere
2125 2403 361 79 Begegnung,

469 2568 213 61 Deines
727 2567 424 64 Geheimnisses
1192 2570 257 61 Schatten
1491 2571 195 62 senkte
1729 2573 105 60 sich
1876 2572 114 61 kalt

587 2684 230 37 unserer
859 2661 203 61 Seelen
1103 2661 315 79 Zwiespalt
1461 2673 70 50 ist
1569 2664 103 61 alt!

469 2754 194 59 Unser
703 2763 233 52 reinstes
977 2755 166 70 Licht,
1179 2755 101 61 das
1322 2756 102 60 Du
1467 2756 109 61 den
1617 2758 218 61 Blicken
1879 2759 326 70 entzündet,

470 2845 257 78 beschlug
767 2847 237 60 urschrill
1045 2848 154 61 ihren
1241 2849 240 78 Spiegel,

471 2939 119 60 und
630 2938 98 62 der
770 2939 258 62 Sommer
1068 2942 144 61 ihrer
1251 2943 107 60 reif
1390 2944 278 61 tosenden
1710 2946 183 61 Ernte
1933 2946 245 62 flammte
2213 2971 199 57 empor

469 3032 429 79 Steppenbrand
940 3059 240 38 unseren
1221 3036 227 62 Fluren,

468 3125 152 62 Ihrer
661 3126 231 62 Stimme
932 3128 291 61 enthaucht
1263 3130 199 61 Hauch
1504 3131 197 77 glüher
1741 3132 238 73 Winde,

471 3220 93 61 die
607 3244 117 37 von
766 3220 267 62 altersher
1073 3247 131 36 uns:
1249 3222 307 64 wirbelnde
1598 3225 248 72 Stürme,

465 3314 141 61 Leid
644 3315 407 62 verschütteten
1091 3316 297 70 Weinens,
1430 3319 350 62 verzweifelt
1821 3320 353 64 Gewimmer
2216 3323 101 62 der
2356 3319 319 69 Trümmer.

469 3407 296 62 Gefahren
808 3410 305 61 schimmert
1152 3410 83 61 ihr
1273 3412 258 70 Lächeln,

468 3525 137 37 vom
648 3502 316 63 Gedenken
1006 3513 302 54 umwittert
1349 3507 291 77 sangloser
1682 3507 166 79 Siege
1889 3504 208 78 Toter,-

468 3596 114 70 ach,
624 3595 117 62 ihre
781 3596 424 63 Düsterstirnen
1247 3598 245 79 spiegeln
1534 3600 110 61 den
1679 3600 259 63 Schatten

469 3691 429 61 unenträtselter
939 3687 185 76 Tode,
1164 3692 273 79 verhängt
1475 3716 106 39 vor
1623 3692 229 64 Äonen.

464 3780 61 61 In
568 3807 208 38 unsern
819 3785 117 61 und
977 3785 154 62 ihren
1172 3788 216 61 Hirnen
1430 3796 193 69 ringen
1664 3788 263 62 verkrallt

466 3875 89 61 die
598 3878 275 62 Stimmen
915 3882 99 61 der
1054 3878 221 75 Tiefen,
1317 3882 158 61 Echo
1517 3883 99 61 der
1660 3883 502 79 Vätergedanken,

466 3967 391 68 Vermächtnis
899 3983 55 52 in
995 3970 222 68 Trauer
1258 3976 115 62 und
1415 3976 203 62 Schuld
1660 3993 302 46 erstarrten
2004 3979 215 63 Blutes,
