3260 4572
621 486 124 51 1246

883 488 67 49 E.
975 506 47 31 v.
1047 488 157 50 Aster
1231 511 12 13 •
1276 486 360 52 Künstferisdße
1669 488 117 49 und
1804 488 439 61 wissensdaftßcße
2274 492 316 65 Psydofogte

700 676 197 61 Damit
928 676 259 61 kommen
1221 685 102 50 wir
1354 676 103 61 auf
1484 683 157 54 einen
1669 699 182 38 neuen
1878 676 194 62 Punkt.
2099 677 111 62 Die
2234 678 353 82 Lebenslüge
2713 691 136 60 oder

624 784 250 45 ersetzen
922 777 102 51 wir
1072 769 101 60 das
1215 767 190 71 Wort,
1456 776 53 52 in
1560 767 128 62 dem
1738 769 202 62 bereits
1982 779 123 52 eine
2147 771 345 80 abschätzige
2533 780 318 63 moralische

620 861 277 78 Wertung
934 862 184 72 steckt,
1160 861 164 61 durch
1367 871 85 52 ein
1495 864 299 62 neutrales:
1838 865 102 61 das
1973 865 141 72 Bild,
2157 866 102 63 das
2300 869 105 60 sich
2448 870 99 61 der
2579 871 271 66 Einzelne

619 978 114 37 von
775 955 103 60 sich
919 954 169 62 selbst
1128 956 115 59 und
1283 964 210 53 seinem
1524 951 133 66 Tun
1700 958 194 73 macht,
1928 960 117 60 und
2087 969 53 52 in
2177 960 129 63 dem
2340 986 58 38 er
2430 962 127 73 lebt,
2600 965 95 61 hat
2730 977 120 53 eine

618 1056 235 67 gewisse
892 1047 301 73 Funktion,
1239 1057 160 53 einen
1442 1049 137 62 Sinn
1621 1059 75 52 im
1737 1052 204 62 Dienst
1982 1053 97 62 des
2121 1054 237 62 Lebens.
2415 1057 87 61 Es
2544 1066 69 53 ist
2652 1075 196 57 etwas,

618 1139 101 63 das
769 1141 138 61 nicht
956 1166 105 36 nur
1108 1166 107 38 vor
1263 1142 523 84 Selbstverachtung
1834 1148 234 71 schützt,
2118 1150 245 60 sondern
2415 1152 133 60 auch
2598 1177 105 37 vor
2749 1179 64 53 ge-

616 1241 202 53 wissen
868 1235 397 80 Hemmungen
1324 1237 99 62 des
1465 1238 254 63 Wollens
1768 1241 117 61 und
1932 1241 321 75 Handelns,
2303 1243 102 61 das
2454 1245 130 61 dem
2623 1246 225 64 Wollen

614 1329 117 59 und
787 1327 265 64 Handeln
1104 1331 229 62 Einheit
1381 1334 117 61 und
1560 1334 282 63 Stoßkraft
1898 1336 189 62 erhält.
2156 1337 127 61 Das
2342 1339 507 78 »Vordergrunds*

614 1420 382 65 bewußtsein«
1042 1433 70 53 ist
1152 1435 87 51 ein
1288 1428 210 71 Mittel,
1547 1429 200 61 dessen
1789 1429 104 61 sich
1936 1430 88 61 die
2072 1431 209 78 Psyche
2337 1442 74 50 im
2459 1433 222 80 Kampf
2723 1459 125 38 ums

615 1515 217 61 Dasein
864 1517 241 73 bedient,
1140 1528 86 52 ein
1260 1519 317 81 Erzeugnis
1612 1523 98 62 des
1735 1523 720 80 Selbsterhaltungstriebes,
2491 1528 99 61 des
2615 1528 232 63 Willens

616 1632 131 38 zum
780 1611 207 63 Leben,
1029 1613 126 62 Das
1193 1614 376 64 »Gewissen«
1698 1641 131 38 man
1872 1618 177 62 denke
2087 1628 132 68 jetzt
2260 1621 138 61 nicht
2439 1646 105 37 nur
2585 1647 71 37 an
2689 1624 159 61 Bau*

620 1712 225 55 meister
878 1706 225 73 Solneß,
1152 1710 243 61 sondern
1447 1713 132 59 auch
1631 1736 73 36 an
1744 1712 422 64 Rosmersholm
2217 1715 115 61 und
2372 1715 264 63 Rebekka
2676 1717 172 64 West

736 1806 68 53 ist
846 1807 87 54 ein
973 1800 239 63 Zeichen
1254 1804 99 62 des
1396 1804 447 78 »gebrochenen«
1883 1806 228 62 Willens
2152 1831 131 39 zum
2323 1809 191 62 Leben
2558 1811 117 61 und
2714 1835 131 38 zum

618 1890 199 72 Glück,
860 1892 98 61 des
999 1903 53 52 in
1095 1895 208 62 diesem
1338 1896 137 62 Sinn
1517 1899 496 79 niedergehenden,
2057 1901 97 61 der
2187 1901 511 64 Instinktsicherheit
2730 1906 118 61 und

619 1984 409 63 Zielsicherheit
1066 1988 324 75 beraubten,
1427 1993 412 76 degenerierten
1872 1993 238 63 Lebens.
2152 1994 132 64 Wir
2325 1997 123 61 sind
2488 1997 117 62 hier
2637 1999 210 61 wieder

618 2078 108 61 fast
765 2079 165 61 schon
972 2105 72 36 an
1086 2082 107 61 den
1231 2083 267 62 Grenzen
1531 2084 414 65 künstlerischer
1985 2088 116 61 und
2135 2091 531 62 wissenschaftlicher
2698 2093 147 78 Psy*

618 2172 242 77 chologie
901 2176 297 77 angelangt
1239 2177 118 61 und
1397 2179 388 61 unwillkürlich
1819 2181 215 62 denken
2076 2191 103 52 wir
2220 2207 72 37 an
2335 2192 160 54 einen
2537 2186 307 62 modernen

618 2265 183 73 Geist,
859 2276 55 52 in
971 2268 127 61 dem
1157 2272 98 59 der
1311 2271 230 62 Denker
1597 2273 107 61 den
1762 2275 223 62 Dichter
2041 2277 329 79 überwiegt:
2439 2303 71 36 an
2567 2280 276 62 Friedrich

614 2359 372 66 Nietzsche.
1053 2364 113 61 Die
1215 2373 189 53 innere
1446 2366 475 75 Verwandschaft,
1972 2371 90 60 die
2110 2373 269 60 zwischen
2427 2373 192 62 Ibsens
2660 2374 184 62 Lehre

613 2478 114 37 von
770 2456 97 61 der
901 2456 422 80 »Lebenslüge«
1359 2460 116 61 und
1517 2470 179 52 einem
1738 2463 98 61 der
1876 2465 370 78 originellsten
2279 2466 434 64 Bestandstücke
2746 2470 98 61 der

614 2548 353 80 Philosophie
1008 2552 345 75 Nietzsches,
1403 2564 180 52 seiner
1622 2552 244 67 Theorie
1909 2558 98 62 des
2048 2559 412 64 Ressentiment
2499 2562 235 72 besteht,
2774 2572 70 53 ist

616 2644 436 63 unverkennbar.

691 2736 187 61 Durch
926 2738 89 61 die
1058 2738 319 65 Geschichte
1425 2743 101 61 der
1566 2743 212 74 Moral,
1829 2746 140 61 lehrt
2010 2746 316 74 Nietzsche,
2377 2748 147 61 zieht
2571 2750 107 59 sich
2721 2759 120 52 eine

615 2828 259 78 doppelte
914 2831 562 81 Betrachtungsweise
1518 2837 117 63 und
1659 2839 480 78 Wertungsweise
2173 2841 98 61 der
2303 2841 207 79 Dinge,
2546 2842 87 61 die
2666 2851 175 54 ritter*

614 2922 128 61 liehe
790 2924 117 61 und
956 2926 87 60 die
1084 2929 357 76 priesterliche
1481 2931 301 79 Wertung,
1827 2933 98 62 der
1964 2934 256 62 Herren*
2270 2936 117 60 und
2435 2936 89 61 die
2566 2936 272 61 Sklaven*

613 3016 196 72 moral,
835 3018 87 61 die
942 3018 191 63 Moral
1159 3021 96 61 der
1279 3021 197 64 Stärke
1500 3025 117 61 und
1644 3027 98 59 der
1767 3027 312 71 Schwäche,
2104 3029 87 60 die
2218 3029 211 71 Moral,
2458 3029 88 61 die
2570 3029 268 61 zwischen

614 3126 170 61 »gut«
815 3112 115 61 und
959 3113 290 62 »schlecht«
1278 3117 117 59 und
1420 3117 88 62 die
1532 3119 269 63 zwischen
1831 3137 168 61 »gut«
2039 3122 118 61 und
2184 3122 209 62 »böse«
2430 3122 408 61 unterscheidet.

610 3203 122 61 Für
771 3206 91 59 die
902 3209 422 77 ursprüngliche,
1367 3212 88 60 die
1495 3215 348 62 natürliche
1869 3215 287 78 Wertung
2189 3216 118 61 und
2337 3215 365 77 Betrachtung
2742 3216 97 59 der

611 3297 188 79 Dinge
832 3307 69 54 ist
936 3317 168 61 »gut«
1142 3302 102 64 das
1269 3303 212 74 Starke,
1508 3306 268 80 Kräftige,
1801 3309 428 77 Lebensfähige,
2262 3309 291 60 »schlecht«
2584 3309 101 59 das
2712 3307 127 61 Ge*

609 3400 169 69 ringe.
804 3391 312 76 Schwache,
1140 3395 506 82 Lebensunfähige,
1676 3400 443 63 Verkümmerte,
2152 3402 131 77 Jene
2317 3401 171 59 andre
2521 3399 318 61 moralische

609 3484 284 80 Wertung
919 3486 152 73 aber,
1105 3489 89 62 die
1220 3491 194 63 Moral
1439 3493 98 62 des
1563 3494 426 74 Ressentiment,
2017 3504 109 52 wie
2158 3503 81 52 sie
2272 3516 92 36 am
2398 3490 352 62 deutlichsten
2783 3502 55 50 in

611 3579 97 60 der
746 3580 196 63 Moral
991 3584 99 61 des
1132 3583 415 66 Christentums
1596 3606 203 62 zutage
1848 3598 129 61 tritt,
2017 3588 154 62 sucht
2213 3588 89 60 die
2344 3585 216 70 Stärke,
2601 3585 89 61 die
2731 3611 108 35 un*

609 3670 343 66 bekümmert
983 3678 117 61 und
1135 3678 97 62 frei
1265 3679 106 63 sich
1404 3681 143 62 ihrer
1574 3682 193 62 Macht
1798 3683 243 70 bedient,
2076 3681 82 61 als
2194 3688 86 52 ein
2306 3679 195 71 Böses,
2525 3688 56 66 ja
2614 3678 79 62 als
2720 3679 118 63 das

613 3763 148 62 Böse
785 3790 73 37 zu
882 3768 421 76 brandmarken,
1329 3782 80 52 sie
1433 3783 145 70 singt
1603 3776 101 62 das
1721 3777 125 61 Lob
1874 3776 99 61 des
1993 3773 348 70 Schwachen,
2361 3772 98 61 des
2477 3772 359 78 Demütigen,

614 3856 218 72 dessen,
865 3860 97 61 der
994 3863 104 60 sich
1129 3874 180 53 seiner
1339 3867 193 61 Macht
1566 3869 268 77 freiwillig
1876 3867 306 63 entäußert.
2227 3865 175 61 Diese
2435 3865 194 61 Moral
2662 3874 69 53 ist
2763 3874 72 53 im

613 3947 241 65 Grunde
878 3954 165 62 nichts
1070 3965 189 53 weiter
1292 3959 80 61 als
1406 3969 88 52 ein
1521 3961 208 74 Mittel,
1754 3961 201 61 dessen
1982 3960 108 61 sich
2115 3959 89 61 die
2232 3957 490 79 Unterliegenden,
2747 3959 89 62 die
