3256 4572
739 471 132 50 Aiax
899 471 196 50 Scßefer
1125 496 8 12 -
1173 461 143 60 Üßer
1960 470 142 51 östficßes
2103 467 280 51 Christentum

2570 469 115 49 1271

434 663 165 61 durch
625 663 223 78 Kampf
866 686 177 55 gegen
1071 663 101 62 das
1200 663 153 61 Böse
1379 661 137 63 dodi
1544 686 107 36 nur
1678 661 108 61 den
1816 660 291 62 Gesetzen
2141 668 186 53 seiner
2351 658 186 62 Mittel
2573 660 119 61 und

434 757 240 61 dadurch
707 758 112 60 ihm
852 757 170 62 seihst
1053 757 232 62 indirekt
1317 781 72 37 zu
1422 755 287 73 verfallen,
1739 754 293 80 entspricht
2057 753 277 62 durchaus
2360 752 100 62 der
2478 753 214 62 Volks*

433 852 330 79 religiosität.
798 853 59 61 In
892 852 179 62 dieser
1090 852 213 79 Sphäre
1323 852 98 62 des
1440 851 179 62 Übels
1640 851 118 62 und
1775 851 100 61 des
1892 852 191 61 Bösen
2106 849 134 63 aber
2267 848 197 64 stehen
2494 848 89 61 für
2602 848 90 61 die

432 956 187 53 innere
659 947 389 79 Anschauung
1090 947 133 61 auch
1275 947 104 61 alle
1420 946 185 62 Mittel
1655 947 117 61 und
1816 946 283 79 Systeme,
2160 946 89 61 die
2309 945 100 62 der
2451 943 239 64 Mensch

429 1065 177 55 gegen
646 1040 150 63 Übel
838 1041 117 62 und
994 1042 178 61 Böses
1214 1040 307 62 entwickelt
1562 1041 114 71 hat,
1720 1040 165 62 Staat
1925 1041 118 60 und
2084 1040 187 74 Recht,
2316 1039 371 80 Vergeltung,

431 1135 200 73 Strafe,
673 1136 211 61 Moral,
928 1136 113 60 Die
1083 1134 320 62 moralische
1430 1135 434 78 Entrüstung
1902 1136 100 60 des
2018 1135 486 78 Westeuropäers
2548 1134 141 61 über

429 1229 371 70 Verbrechen,
860 1230 387 72 Prostitution,
1307 1229 203 61 Laster
1568 1228 133 61 aller
1758 1229 117 60 Art
1930 1238 70 52 ist
2057 1229 166 61 durch
2281 1230 154 60 diese
2493 1238 193 52 innere

429 1322 456 80 Stellungnahme
918 1322 469 80 ausgeschlossen.
1425 1322 95 62 Sie
1561 1322 178 62 macht
1781 1323 128 60 dem
1951 1323 550 61 herzerweichenden
2536 1323 110 61 Mit-

431 1417 176 61 leiden
657 1418 155 60 Platz
860 1418 118 60 und
1027 1417 98 61 der
1168 1416 361 62 Verbrecher:
1586 1417 103 60 das
1739 1425 69 53 ist
1859 1417 116 61 hier
2026 1441 73 37 an
2151 1434 172 45 erster
2365 1418 171 61 Stelle
2586 1417 100 61 der

437 1510 476 79 »Unglückliche«.
958 1512 148 60 Eine
1134 1511 174 78 große
1332 1510 323 62 moralische
1681 1510 487 80 Weitherzigkeit,
2210 1511 335 62 verbunden
2587 1520 99 52 mit

432 1611 178 54 einem
665 1605 168 61 tiefen
890 1614 110 52 wie
1049 1605 419 61 horizontlosen
1518 1605 453 62 Hineinschauen
2023 1614 55 53 in
2131 1606 89 63 die
2271 1606 265 63 Gewebe
2586 1606 100 61 der

428 1704 225 55 inneren
695 1698 315 72 Schicksale,
1054 1699 89 60 die
1185 1707 53 52 in
1283 1699 108 61 den
1426 1698 201 62 Seelen
1665 1699 190 62 Gutes
1896 1700 118 60 und
2047 1700 182 63 Böses
2270 1723 68 40 so
2372 1700 106 61 tief
2506 1708 183 53 mein*

429 1790 412 74 anderflechten,
892 1802 68 52 ist
1008 1801 122 53 eine
1189 1793 99 61 der
1344 1802 278 70 positiven
1689 1793 221 79 Folgen
1977 1794 181 61 dieser
2221 1794 276 79 Haltung,
2559 1794 128 61 Das

428 1882 215 63 Gefühl
669 1886 87 61 für
790 1887 88 61 die
902 1882 208 82 Tragik
1144 1887 99 61 des
1269 1887 239 71 Lebens,
1544 1888 91 61 für
1666 1887 89 62 die
1791 1888 447 63 individuelle
2272 1888 417 64 Unlokalisier*

427 1975 211 64 barkeit
679 1980 100 61 der
820 1980 204 62 Schuld
1066 1982 116 60 und
1224 1982 98 60 des
1364 1982 188 61 Bösen
1595 1991 70 52 ist
1707 1984 175 60 daher
1923 1984 118 60 hier
2080 2009 69 37 so
2198 1985 235 77 mächtig
2477 2008 209 54 ausge*

431 2070 182 74 bildet,
641 2072 110 61 daß
777 2074 140 61 eben
941 2083 55 52 in
1024 2075 96 60 der
1139 2075 128 61 Idee
1295 2075 98 61 des
1411 2070 396 84 Tragischen
1835 2078 89 60 die
1951 2078 236 62 ethische
2221 2079 117 61 und
2371 2079 92 61 die
2489 2079 195 61 ästhe*

428 2164 163 62 tische
646 2166 256 79 Haltung
958 2192 129 37 zum
1148 2169 216 61 Dasein
1422 2170 246 61 überaus
1718 2170 153 62 leicht
1918 2171 545 63 zusammenfließen.
2513 2173 171 61 Auch

432 2257 162 62 durch
644 2260 108 61 den
803 2260 353 73 Quietismus
1205 2263 181 61 dieses
1427 2264 256 62 sittlichen
1726 2265 180 61 Ideals
1957 2267 263 61 hindurch
2271 2267 126 62 sind
2446 2268 238 61 ethische

432 2352 117 61 und
582 2353 321 62 ästhetische
945 2354 258 79 Haltung
1242 2357 108 61 viel
1391 2356 160 62 tiefer
1589 2367 186 69 geeint
1810 2359 80 61 als
1934 2368 74 52 im
2054 2359 260 73 Westen,
2357 2370 111 52 wie
2510 2361 174 61 über*

434 2447 173 78 haupt
655 2447 151 61 diese
853 2448 346 78 Religiosität
1247 2450 89 61 die
1386 2451 362 62 ästhetischen
1798 2453 300 63 Elemente
2148 2455 101 61 des
2296 2455 386 62 Hellenismus

431 2541 107 60 viel
578 2540 156 62 tiefer
775 2550 53 51 in
870 2542 105 60 sich
1017 2542 436 78 aufgenommen
1510 2545 97 61 hat
1655 2555 109 53 wie
1815 2547 103 61 das
1967 2549 276 61 westliche
2286 2549 396 62 Christentum

895 2635 115 61 Ein
1050 2635 300 79 Leontjew
1391 2646 68 54 ist
1500 2640 212 61 ebenso
1754 2641 151 61 stark
1947 2641 212 63 Ästhet
2200 2652 110 52 wie
2351 2644 329 77 Religiöser.

429 2726 158 78 <Vgl.
622 2728 188 61 hierzu
842 2730 311 79 Masaryks
1196 2730 484 76 Charakteristik.)
1722 2734 191 62 Sehen
1946 2746 105 52 wir
2083 2761 117 37 nun
2235 2738 104 60 auf
2369 2738 109 60 den
2515 2738 170 62 Geist

431 2822 274 59 einzelner
746 2823 267 61 ethischen
1048 2824 363 79 Kategorien,
1454 2827 203 62 welche
1699 2828 102 62 das
1836 2831 268 61 russische
2139 2832 321 62 orthodoxe
2493 2833 192 62 Ethos

431 2922 99 52 mit
569 2914 127 61 dem
739 2916 321 62 christlichen
1104 2920 97 59 der
1224 2920 362 62 Westvölker
1627 2946 75 37 zu
1741 2923 165 63 teilen
1948 2926 222 62 scheint.
2215 2926 115 62 Die
2363 2927 321 79 Religiösen

431 3007 189 62 beider
644 3008 234 63 Kirchen
921 3011 261 79 predigen
1226 3012 87 62 die
1340 3015 231 62 Demut,
1600 3016 168 62 Aber
1802 3019 153 62 diese
1980 3020 221 62 Demut
2234 3030 69 53 ist
2344 3030 74 53 im
2446 3022 238 63 Westen

431 3125 105 37 vor
577 3101 161 62 allem
780 3104 105 59 auf
909 3105 89 61 die
1030 3105 281 80 Messung
1344 3107 271 79 bezogen,
1651 3111 204 63 welche
1890 3113 90 62 die
2013 3114 216 62 Person
2264 3139 73 37 an
2371 3116 107 61 sich
2513 3116 173 63 selbst

432 3196 301 78 angesichts
776 3196 251 64 Gottes
1067 3209 330 64 vornimmt,-
1444 3212 80 52 sie
1572 3204 223 63 schließt
1836 3207 186 72 Stolz,
2073 3209 381 80 Selbstgefühl
2503 3234 179 56 gegen

432 3290 108 61 den
582 3290 524 75 Nebenmenschen,
1147 3318 176 55 gegen
1367 3298 109 60 den
1518 3298 165 62 Staat
1734 3325 144 39 usw.
1924 3303 140 62 nicht
2115 3328 116 39 aus.
2283 3306 280 78 Dagegen
2614 3316 71 52 ist

431 3384 88 60 die
578 3384 216 63 Demut
850 3386 99 62 des
1006 3388 352 62 orthodoxen
1419 3391 265 63 Christus
1742 3402 125 55 eine
1916 3396 202 79 heftige
2168 3398 350 63 Prostration
2577 3424 108 37 vor

431 3477 141 62 allen
613 3480 244 78 Dingen,
900 3488 121 55 eine
1055 3491 52 52 in
1142 3482 108 62 den
1284 3494 239 53 reinsten
1551 3486 635 81 Erscheinungsformen
2221 3492 111 61 fast
2365 3492 317 80 wollüstige

431 3572 146 63 Glut
616 3575 283 77 gesuchter
932 3575 587 82 Selbsterniedrigung,
1579 3581 90 62 die
1709 3584 107 59 sich
1857 3585 190 62 zumal
2099 3585 146 63 beim
2280 3586 224 64 Russen
2546 3612 136 56 gern

429 3675 99 55 mit
583 3676 151 55 einer
772 3670 117 61 Art
936 3671 291 63 seelischen
1276 3673 416 64 Masochismus
1750 3678 306 63 verbindet.
2109 3680 235 64 Gerade
2394 3706 108 38 vor
2550 3684 131 61 dem

432 3760 223 65 Sünder
693 3764 146 62 wirft
880 3765 104 61 sich
1027 3767 177 62 dieser
1243 3767 237 63 Mensch
1521 3795 92 36 am
1655 3772 231 62 liebsten
1929 3774 108 61 auf
2070 3774 90 64 die
2195 3777 168 73 Knie,
2399 3802 98 38 um
2530 3788 156 54 seine

432 3857 416 65 Gemeinschaft
906 3869 54 54 in
1011 3862 98 62 der
1158 3862 195 63 Sünde
1401 3889 73 38 zu
1521 3866 319 80 bezeugen,-
1880 3894 96 36 um
2019 3894 74 38 zu
2135 3881 296 67 erweisen,
2471 3873 112 64 daß
2626 3900 61 38 er

431 3952 280 79 geheimer
753 3955 358 80 Mitgenosse
1152 3966 180 55 seines
1373 3960 211 77 großen
1618 3961 217 65 Elends
1877 3972 83 54 ist.
2002 3965 114 63 Die
2158 3969 278 63 westliche
2469 3970 220 63 Demut
