3293 4572
717 486 65 49 E.
807 505 47 32 v.
877 486 159 52 Aster
1107 510 304 13 •
1412 482 57 55 Künstferiscße
1502 483 124 50 und
1647 478 449 65 wissenscßaftficße
2127 478 321 64 Psycßofogie

2593 479 124 52 1257

451 676 181 63 Geste
673 678 138 61 über
851 678 92 61 ihn
986 676 245 78 hinweg,
1273 675 89 61 die
1404 674 151 71 Ehe,
1597 673 91 62 die
1730 697 59 38 er
1832 671 108 64 auf
1971 671 252 63 Freiheit
2265 670 120 62 und
2417 669 298 63 Wahrheit

451 770 252 79 gründen
755 772 136 72 will,
933 770 132 79 geht
1121 795 72 36 an
1244 769 97 62 der
1381 768 248 62 Freiheit
1677 768 118 62 und
1834 767 309 62 Wahrheit
2191 765 165 64 elend
2403 765 312 79 zugrunde,

451 864 116 61 und
607 875 108 52 wie
755 890 132 37 zum
920 864 176 63 Hohn
1140 873 146 70 zeigt
1326 863 107 62 sich
1477 863 259 62 daneben
1780 872 123 52 eine
1938 862 149 73 Ehe,
2124 871 56 53 in
2214 862 102 62 der
2347 859 240 64 wirklidi
2624 861 90 62 die

451 958 314 79 Ehegatten
798 960 380 62 vollkommen
1220 958 161 63 wahr
1420 957 452 79 gegeneinander
1913 957 150 72 sind,
2107 957 121 62 und
2270 957 90 62 die
2401 972 103 63 gut
2544 955 170 62 dabei

451 1052 148 61 fährt
753 1054 135 61 aber
936 1076 106 39 nur
1090 1052 263 73 deshalb,
1405 1051 127 61 weil
1585 1051 141 61 eben
1768 1052 160 61 Frau
1971 1051 193 79 Sörby
2205 1075 75 38 zu
2322 1051 110 61 den
2477 1050 234 62 Frauen

451 1146 211 78 gehört,
699 1146 89 61 die
821 1170 59 39 es
915 1146 202 61 einmal
1151 1155 98 51 mit
1283 1146 99 60 der
1406 1144 296 62 Wahrheit
1736 1162 205 44 anstatt
1974 1154 98 52 mit
2098 1146 98 60 der
2223 1145 161 79 Lüge
2408 1145 301 79 probieren

452 1240 117 60 und
618 1240 87 61 die
757 1240 99 61 der
897 1240 202 78 klugen
1141 1239 428 77 Überzeugung
1609 1239 153 72 sind,
1806 1239 112 61 daß
1961 1263 132 37 man
2138 1248 99 53 mit
2269 1240 100 60 der
2410 1238 299 62 Wahrheit

452 1356 93 38 am
577 1334 192 61 besten
803 1334 161 63 fährt.
1018 1334 200 61 Worin
1254 1333 129 77 liegt
1416 1333 99 60 der
1541 1333 390 61 Pessimismus
1965 1333 98 61 der
2095 1333 363 62 »Wildente«
2478 1333 24 61 ?
2535 1332 176 63 Nicht

452 1438 55 52 in
550 1430 127 59 dem
719 1427 348 72 Gedanken,
1110 1428 111 61 daß
1264 1451 60 37 es
1366 1426 311 62 Menschen
1720 1426 133 77 gibt,
1896 1427 89 61 die
2026 1451 74 37 zu
2140 1427 248 62 schwach
2429 1427 144 72 sind,
2617 1427 92 62 die

451 1524 302 60 Wahrheit
785 1545 74 37 zu
891 1539 271 59 ertragen,
1198 1521 118 61 und
1343 1520 235 62 deshalb
1606 1544 108 37 nur
1740 1529 54 52 in
1813 1521 160 77 Lüge
1998 1520 161 62 leben
2186 1521 245 71 können,
2459 1521 249 62 sondern

452 1625 55 52 in
557 1617 96 60 der
693 1616 105 61 sich
841 1615 462 77 aufdrängenden
1347 1612 454 80 Überzeugung,
1843 1614 112 62 daß
1997 1615 136 61 auch
2175 1615 90 61 die
2307 1615 402 79 Wahrhaftig*

452 1710 108 61 keit
600 1710 184 71 selbst,
827 1732 95 38 wo
963 1717 80 53 sie
1085 1709 362 77 triumphiert,
1482 1732 107 37 nur
1622 1708 233 62 deshalb
1889 1717 157 71 siegt,
2082 1709 128 61 weil
2236 1718 81 53 sie
2349 1710 210 78 gerade
2592 1710 117 61 hier

454 1804 80 61 als
660 1803 173 61 rechte
859 1802 353 77 Lebenslüge
1248 1826 92 37 am
1375 1802 190 62 Platze
1601 1826 134 38 war.
1772 1803 76 61 Ist
1881 1804 141 61 nicht
2054 1803 295 62 schließlich
2377 1803 100 62 der
2486 1803 223 62 Wahr*

454 1897 467 62 heitsfanatismus
963 1897 98 60 des
1105 1896 249 78 Gregers
1397 1896 201 62 Werle
1639 1897 170 61 selbst
1851 1906 152 53 seine
2043 1897 372 79 Lebenslüge,
2460 1899 91 60 die
2592 1899 115 61 ihm

452 1991 138 60 über
613 1998 152 54 seine
783 1990 585 78 Lebensunfähigkeit,
1395 1998 119 54 sein
1540 1991 565 77 Lebensungeschick,
2131 2000 120 53 sein
2269 1992 438 75 Außenstehen,

452 2092 117 51 sein
605 2082 232 71 Gefühl,
872 2084 209 61 überall
1114 2085 99 60 der
1245 2085 343 61 Dreizehnte
1621 2085 91 62 bei
1744 2082 160 65 Tisch
1938 2109 74 37 zu
2045 2094 137 63 sein,
2208 2086 334 78 gewaltsam
2578 2087 127 61 hin*

454 2175 306 76 weghelfen
803 2176 136 60 soll?

526 2269 165 61 Zwei
709 2270 184 61 Ideale
917 2270 125 61 sind
1070 2294 76 49 es,
1166 2294 73 37 an
1260 2270 88 61 die
1367 2272 104 60 sich
1490 2270 332 62 Nietzsches
1841 2273 115 61 und
1974 2273 192 62 Ibsens
2184 2274 182 61 Liebe
2384 2274 316 64 klammert:

450 2362 100 59 das
569 2362 146 61 Ideal
742 2363 98 62 des
858 2363 221 61 Lebens
1107 2364 116 60 und
1251 2364 103 61 das
1386 2363 99 62 der
1503 2364 486 79 Wahrhaftigkeit.
2011 2366 139 62 Wie
2170 2368 97 60 der
2284 2368 420 62 berauschende

447 2453 300 74 Reichtum,
792 2456 87 61 die
912 2457 177 72 Fülle,
1122 2458 519 78 Mannigfaltigkeit
1683 2459 118 60 und
1836 2459 327 81 Bewegung
2204 2462 100 61 des
2338 2462 230 62 Lebens
2613 2463 90 63 die

450 2547 305 62 Sehnsucht
795 2551 117 60 und
953 2551 101 61 das
1087 2551 270 62 Interesse
1399 2552 100 61 des
1533 2553 252 63 Dichters
1828 2555 192 72 weckt,
2063 2556 173 60 sehen
2277 2565 105 52 wir
2413 2557 92 61 bei
2537 2557 166 63 Ibsen

447 2642 256 77 nirgends
729 2644 305 71 deutlicher,
1060 2645 80 61 als
1166 2654 54 52 in
1246 2654 211 52 seinem
1485 2646 226 79 Epilog,
1750 2647 235 61 »Wenn
2012 2658 103 52 wir
2138 2645 185 66 Toten
2351 2651 352 74 erwachen«,

447 2743 54 52 in
536 2735 126 61 dem
696 2736 102 61 das
813 2738 208 72 Leben,
1042 2739 101 60 das
1162 2739 196 61 Leben
1385 2748 54 52 in
1460 2740 180 61 dieser
1656 2740 180 73 Welt,
1856 2740 180 64 dieser
2057 2743 354 73 »köstlichen,
2430 2747 275 60 wunder*

447 2851 214 49 samen,
701 2829 350 62 rätselvollen
1085 2830 210 73 Welt«,
1336 2832 99 61 der
1475 2833 207 61 Arbeit
1724 2834 99 61 des
1865 2834 301 64 Künstlers
2208 2839 499 78 entgegengestellt

446 2921 159 71 wird,
648 2921 89 60 die
767 2922 195 62 Leben
1005 2932 53 52 in
1099 2940 157 45 toten
1300 2924 182 63 kalten
1524 2943 216 46 starren
1776 2927 157 63 Stein
1976 2931 366 64 verwandelt.
2389 2932 129 62 Das
2559 2933 148 62 Zu*

445 3026 604 53 sammenstimmen
1084 3017 191 64 beider
1308 3020 187 62 Ideale
1625 3022 99 61 der
1750 3021 304 76 Gedanke,
2088 3025 113 63 daß
2237 3026 100 62 der
2363 3026 345 65 Wahrhafte

446 3108 240 78 zugleich
728 3108 97 63 der
864 3110 406 81 Lebensfähige
1315 3115 118 60 und
1465 3114 255 80 Kräftige
1761 3125 86 63 ist,
1890 3117 229 80 bedingt
2162 3120 89 61 die
2293 3124 412 76 optimistische,

445 3202 103 61 das
582 3204 320 61 unheilbare
929 3205 707 65 Auseinanderfallen
1672 3210 191 61 beider
1896 3210 267 65 bedeutet
2197 3214 111 62 den
2344 3218 364 62 unvermeid*

444 3295 167 62 liehen
638 3295 307 83 Übergang
971 3323 73 37 zu
1071 3308 149 53 einer
1245 3303 457 76 pessimistischen
1729 3303 195 65 Welt*
1951 3307 118 61 und
2084 3308 621 84 Lebensanschauung:

445 3390 89 61 die
574 3392 176 61 Liebe
798 3416 102 37 zur
938 3393 462 80 Wahrhaftigkeit
1449 3398 119 60 und
1609 3398 91 61 die
1740 3398 177 62 Liebe
1957 3425 134 37 zum
2131 3402 197 61 Leben
2370 3403 186 64 lassen
2599 3408 108 60 sich

446 3484 140 63 nicht
633 3495 344 71 vereinigen,
1020 3488 102 61 das
1162 3489 195 61 Leben
1399 3514 147 54 ganz
1587 3515 68 38 so
1697 3492 173 62 sehen
1913 3502 109 54 wie
2067 3519 59 38 es
2170 3496 234 61 wirklich
2448 3507 96 62 ist,
2587 3501 121 61 und

445 3601 58 38 es
546 3578 150 63 dann
741 3580 137 62 doch
917 3582 256 78 bejahen,
1216 3592 92 54 mit
1353 3585 176 61 voller
1561 3586 292 62 Intensität
1893 3587 237 79 bejahen
2290 3600 155 69 jenes
2482 3592 226 64 höchst*

441 3676 272 73 gesteckte
737 3675 146 74 Ziel,
917 3700 97 38 um
1048 3676 100 62 das
1174 3677 330 64 Nietzsches
1537 3703 208 54 ganzes
1771 3680 461 81 Philosophieren
2266 3685 227 80 ständig
2520 3686 188 75 kreist,

444 3774 69 53 ist
555 3769 324 79 unmöglich.

517 3862 113 63 Die
665 3864 243 64 Glücks*
934 3865 118 63 und
1075 3867 536 75 Lebenssehnsucht,
1639 3869 90 61 die
1754 3872 394 77 optimistische
2171 3872 540 86 Kampfstimmung

440 3953 331 67 Nietzsches
820 3961 118 62 und
978 3961 192 63 Ibsens
1218 3971 70 53 ist
1338 3962 89 62 bei
1470 3962 325 80 Strindberg
1842 3989 118 39 von
1993 3967 339 65 vornherein
2377 3971 143 62 nicht
2567 3997 142 39 vor*
