<?xml version="1.0" encoding="UTF-8"?>
<alto xmlns:xsi="http://www.w3.org/2001/XMLSchema-instance" xmlns="http://www.loc.gov/standards/alto/ns-v2#" xsi:schemaLocation="http://www.loc.gov/standards/alto/ns-v2# http://www.loc.gov/standards/alto/v2/alto-2-0.xsd" xmlns:xlink="http://www.w3.org/1999/xlink">
	<Description>
		<MeasurementUnit>mm10</MeasurementUnit>
		<sourceImageInformation>
			<fileName>./bmtnabr_1915-10_01_0031.jp2</fileName>
		</sourceImageInformation>
		<OCRProcessing ID="OCRPROCESSING_1">
			<preProcessingStep>
				<processingSoftware>
					<softwareCreator>CCS Content Conversion Specialists GmbH, Germany</softwareCreator>
					<softwareName>CCS docWorks</softwareName>
					<softwareVersion>6.8-1.27</softwareVersion>
				</processingSoftware>
			</preProcessingStep>
			<ocrProcessingStep>
				<processingSoftware>
					<softwareCreator>ABBYY (BIT Software), Russia</softwareCreator>
					<softwareName>FineReader</softwareName>
					<softwareVersion>11.0</softwareVersion>
				</processingSoftware>
			</ocrProcessingStep>
			<postProcessingStep>
				<processingSoftware>
					<softwareCreator>CCS Content Conversion Specialists GmbH, Germany</softwareCreator>
					<softwareName>CCS docWorks</softwareName>
					<softwareVersion>6.8-1.27</softwareVersion>
					<applicationDescription>docWorks: Text modified manually, or automatically replaced</applicationDescription>
				</processingSoftware>
			</postProcessingStep>
		</OCRProcessing>
	</Description>
	<Styles>
		<TextStyle ID="TXT_0" FONTSIZE="19" FONTFAMILY="Times New Roman" FONTSTYLE="italics"/>
		<TextStyle ID="TXT_1" FONTSIZE="20" FONTFAMILY="Times New Roman"/>
		<TextStyle ID="TXT_2" FONTSIZE="21" FONTFAMILY="Times New Roman"/>
		<TextStyle ID="TXT_3" FONTSIZE="21" FONTFAMILY="Times New Roman" FONTSTYLE="italics"/>
		<ParagraphStyle ID="PAR_LEFT" ALIGN="Left"/>
		<ParagraphStyle ID="PAR_RIGHT" ALIGN="Right"/>
		<ParagraphStyle ID="PAR_BLOCK" ALIGN="Block"/>
	</Styles>
	<Layout>
		<Page ID="P31" PHYSICAL_IMG_NR="31" HEIGHT="4572" WIDTH="3252" PRINTED_IMG_NR="1197" PC="0.957">
			<TopMargin ID="P31_TM00001" HPOS="0" VPOS="0" WIDTH="3252" HEIGHT="526">
				<TextBlock ID="P31_TB00001" HPOS="1041" VPOS="453" WIDTH="964" HEIGHT="70" STYLEREFS="TXT_0 PAR_LEFT">
					<TextLine ID="P31_TL00001" HPOS="1043" VPOS="456" WIDTH="962" HEIGHT="66">
						<String ID="P31_ST00001" HPOS="1043" VPOS="464" WIDTH="167" HEIGHT="48" CONTENT="Tranz" WC="0.70" CC="80024"/>
						<SP ID="P31_SP00001" HPOS="1210" VPOS="512" WIDTH="34"/>
						<String ID="P31_ST00002" HPOS="1244" VPOS="460" WIDTH="168" HEIGHT="62" CONTENT="Kafßa" WC="0.80" CC="00080"/>
						<SP ID="P31_SP00002" HPOS="1412" VPOS="522" WIDTH="36"/>
						<String ID="P31_ST00003" HPOS="1448" VPOS="484" WIDTH="9" HEIGHT="11" CONTENT="■" WC="0.20" CC="8"/>
						<SP ID="P31_SP00003" HPOS="1457" VPOS="522" WIDTH="34"/>
						<String ID="P31_ST00004" HPOS="1491" VPOS="460" WIDTH="104" HEIGHT="51" CONTENT="Die" WC="0.95" CC="246"/>
						<SP ID="P31_SP00004" HPOS="1595" VPOS="522" WIDTH="41"/>
						<String ID="P31_ST00005" HPOS="1636" VPOS="456" WIDTH="369" HEIGHT="62" CONTENT="Verwandfung" WC="0.63" CC="76014571050"/>
					</TextLine>
				</TextBlock>
				<TextBlock ID="P31_TB00002" HPOS="2524" VPOS="450" WIDTH="122" HEIGHT="52" STYLEREFS="TXT_1 PAR_RIGHT">
					<TextLine ID="P31_TL00002" HPOS="2524" VPOS="450" WIDTH="122" HEIGHT="52">
						<String ID="P31_ST00006" HPOS="2524" VPOS="450" WIDTH="122" HEIGHT="52" CONTENT="1197" WC="1.00" CC="0000"/>
					</TextLine>
				</TextBlock>
			</TopMargin>
			<LeftMargin ID="P31_LM00001" HPOS="0" VPOS="526" WIDTH="394" HEIGHT="3510"/>
			<RightMargin ID="P31_RM00001" HPOS="2649" VPOS="526" WIDTH="603" HEIGHT="3510"/>
			<BottomMargin ID="P31_BM00001" HPOS="0" VPOS="4036" WIDTH="3252" HEIGHT="536"/>
			<PrintSpace ID="P31_PS00001" HPOS="394" VPOS="526" WIDTH="2255" HEIGHT="3510">
				<TextBlock ID="P31_TB00003" HPOS="394" VPOS="640" WIDTH="2255" HEIGHT="3380" STYLEREFS="TXT_2 PAR_BLOCK">
					<TextLine ID="P31_TL00003" HPOS="396" VPOS="641" WIDTH="2249" HEIGHT="91">
						<String ID="P31_ST00007" HPOS="396" VPOS="663" WIDTH="186" HEIGHT="69" CONTENT="wenig" WC="0.97" CC="62056"/>
						<SP ID="P31_SP00005" HPOS="582" VPOS="732" WIDTH="24"/>
						<String ID="P31_ST00008" HPOS="606" VPOS="654" WIDTH="169" HEIGHT="61" CONTENT="Milch" WC="0.97" CC="30757"/>
						<SP ID="P31_SP00006" HPOS="775" VPOS="732" WIDTH="35"/>
						<String ID="P31_ST00009" HPOS="810" VPOS="652" WIDTH="349" HEIGHT="79" CONTENT="ringsherum" WC="0.99" CC="6309075650"/>
						<SP ID="P31_SP00007" HPOS="1159" VPOS="732" WIDTH="33"/>
						<String ID="P31_ST00010" HPOS="1192" VPOS="652" WIDTH="339" HEIGHT="61" CONTENT="verschüttet" WC="1.00" CC="04500000600"/>
						<SP ID="P31_SP00008" HPOS="1531" VPOS="732" WIDTH="33"/>
						<String ID="P31_ST00011" HPOS="1564" VPOS="673" WIDTH="141" HEIGHT="47" CONTENT="war," WC="0.95" CC="9354"/>
						<SP ID="P31_SP00009" HPOS="1705" VPOS="732" WIDTH="33"/>
						<String ID="P31_ST00012" HPOS="1738" VPOS="656" WIDTH="84" HEIGHT="54" CONTENT="sie" WC="1.00" CC="000"/>
						<SP ID="P31_SP00010" HPOS="1822" VPOS="732" WIDTH="33"/>
						<String ID="P31_ST00013" HPOS="1855" VPOS="645" WIDTH="115" HEIGHT="62" CONTENT="hob" WC="0.93" CC="727"/>
						<SP ID="P31_SP00011" HPOS="1970" VPOS="732" WIDTH="36"/>
						<String ID="P31_ST00014" HPOS="2006" VPOS="644" WIDTH="93" HEIGHT="62" CONTENT="ihn" WC="0.96" CC="270"/>
						<SP ID="P31_SP00012" HPOS="2099" VPOS="732" WIDTH="33"/>
						<String ID="P31_ST00015" HPOS="2132" VPOS="644" WIDTH="167" HEIGHT="77" CONTENT="gleich" WC="0.99" CC="050500"/>
						<SP ID="P31_SP00013" HPOS="2299" VPOS="732" WIDTH="37"/>
						<String ID="P31_ST00016" HPOS="2336" VPOS="641" WIDTH="118" HEIGHT="71" CONTENT="auf," WC="0.96" CC="5254"/>
						<SP ID="P31_SP00014" HPOS="2454" VPOS="732" WIDTH="35"/>
						<String ID="P31_ST00017" HPOS="2489" VPOS="665" WIDTH="156" HEIGHT="37" CONTENT="zwar" WC="0.97" CC="6006"/>
					</TextLine>
					<TextLine ID="P31_TL00004" HPOS="396" VPOS="735" WIDTH="2250" HEIGHT="80">
						<String ID="P31_ST00018" HPOS="396" VPOS="750" WIDTH="139" HEIGHT="61" CONTENT="nicht" WC="0.97" CC="05780"/>
						<SP ID="P31_SP00015" HPOS="535" VPOS="811" WIDTH="41"/>
						<String ID="P31_ST00019" HPOS="576" VPOS="758" WIDTH="96" HEIGHT="52" CONTENT="mit" WC="0.98" CC="120"/>
						<SP ID="P31_SP00016" HPOS="672" VPOS="811" WIDTH="42"/>
						<String ID="P31_ST00020" HPOS="714" VPOS="748" WIDTH="108" HEIGHT="62" CONTENT="den" WC="0.97" CC="700"/>
						<SP ID="P31_SP00017" HPOS="822" VPOS="811" WIDTH="41"/>
						<String ID="P31_ST00021" HPOS="863" VPOS="748" WIDTH="204" HEIGHT="62" CONTENT="bloßen" WC="0.98" CC="774400"/>
						<SP ID="P31_SP00018" HPOS="1067" VPOS="811" WIDTH="42"/>
						<String ID="P31_ST00022" HPOS="1109" VPOS="746" WIDTH="270" HEIGHT="69" CONTENT="Händen," WC="0.99" CC="0009004"/>
						<SP ID="P31_SP00019" HPOS="1379" VPOS="815" WIDTH="43"/>
						<String ID="P31_ST00023" HPOS="1422" VPOS="743" WIDTH="246" HEIGHT="63" CONTENT="sondern" WC="0.99" CC="0500060"/>
						<SP ID="P31_SP00020" HPOS="1668" VPOS="815" WIDTH="43"/>
						<String ID="P31_ST00024" HPOS="1711" VPOS="750" WIDTH="99" HEIGHT="52" CONTENT="mit" WC="0.97" CC="024"/>
						<SP ID="P31_SP00021" HPOS="1810" VPOS="815" WIDTH="41"/>
						<String ID="P31_ST00025" HPOS="1851" VPOS="750" WIDTH="183" HEIGHT="52" CONTENT="einem" WC="0.99" CC="04050"/>
						<SP ID="P31_SP00022" HPOS="2034" VPOS="815" WIDTH="42"/>
						<String ID="P31_ST00026" HPOS="2076" VPOS="739" WIDTH="240" HEIGHT="68" CONTENT="Fetzen," WC="0.99" CC="6050004"/>
						<SP ID="P31_SP00023" HPOS="2316" VPOS="815" WIDTH="43"/>
						<String ID="P31_ST00027" HPOS="2359" VPOS="735" WIDTH="119" HEIGHT="62" CONTENT="und" WC="0.99" CC="300"/>
						<SP ID="P31_SP00024" HPOS="2478" VPOS="815" WIDTH="40"/>
						<String ID="P31_ST00028" HPOS="2518" VPOS="753" WIDTH="128" HEIGHT="59" CONTENT="trug" WC="0.99" CC="0600"/>
					</TextLine>
					<TextLine ID="P31_TL00005" HPOS="401" VPOS="830" WIDTH="2244" HEIGHT="92">
						<String ID="P31_ST00029" HPOS="401" VPOS="844" WIDTH="91" HEIGHT="62" CONTENT="ihn" WC="0.94" CC="564"/>
						<SP ID="P31_SP00025" HPOS="492" VPOS="906" WIDTH="52"/>
						<String ID="P31_ST00030" HPOS="544" VPOS="844" WIDTH="217" HEIGHT="61" CONTENT="hinaus." WC="0.98" CC="7600504"/>
						<SP ID="P31_SP00026" HPOS="761" VPOS="906" WIDTH="70"/>
						<String ID="P31_ST00031" HPOS="831" VPOS="843" WIDTH="229" HEIGHT="79" CONTENT="Gregor" WC="0.98" CC="050055"/>
						<SP ID="P31_SP00027" HPOS="1060" VPOS="922" WIDTH="48"/>
						<String ID="P31_ST00032" HPOS="1108" VPOS="866" WIDTH="122" HEIGHT="37" CONTENT="war" WC="0.98" CC="004"/>
						<SP ID="P31_SP00028" HPOS="1230" VPOS="922" WIDTH="50"/>
						<String ID="P31_ST00033" HPOS="1280" VPOS="840" WIDTH="229" HEIGHT="61" CONTENT="äußerst" WC="0.98" CC="0080606"/>
						<SP ID="P31_SP00029" HPOS="1509" VPOS="922" WIDTH="49"/>
						<String ID="P31_ST00034" HPOS="1558" VPOS="845" WIDTH="306" HEIGHT="70" CONTENT="neugierig," WC="1.00" CC="0200006304"/>
						<SP ID="P31_SP00030" HPOS="1864" VPOS="922" WIDTH="51"/>
						<String ID="P31_ST00035" HPOS="1915" VPOS="858" WIDTH="123" HEIGHT="38" CONTENT="was" WC="1.00" CC="010"/>
						<SP ID="P31_SP00031" HPOS="2038" VPOS="922" WIDTH="52"/>
						<String ID="P31_ST00036" HPOS="2090" VPOS="843" WIDTH="82" HEIGHT="52" CONTENT="sie" WC="0.97" CC="045"/>
						<SP ID="P31_SP00032" HPOS="2172" VPOS="922" WIDTH="50"/>
						<String ID="P31_ST00037" HPOS="2222" VPOS="856" WIDTH="134" HEIGHT="38" CONTENT="zum" WC="1.00" CC="000"/>
						<SP ID="P31_SP00033" HPOS="2356" VPOS="922" WIDTH="44"/>
						<String ID="P31_ST00038" HPOS="2400" VPOS="830" WIDTH="245" HEIGHT="62" CONTENT="Ersätze" WC="0.98" CC="7400660"/>
					</TextLine>
					<TextLine ID="P31_TL00006" HPOS="397" VPOS="924" WIDTH="2247" HEIGHT="94">
						<String ID="P31_ST00039" HPOS="397" VPOS="941" WIDTH="228" HEIGHT="77" CONTENT="bringen" WC="0.99" CC="7600050"/>
						<SP ID="P31_SP00034" HPOS="625" VPOS="1018" WIDTH="50"/>
						<String ID="P31_ST00040" HPOS="675" VPOS="938" WIDTH="218" HEIGHT="71" CONTENT="würde," WC="0.98" CC="007064"/>
						<SP ID="P31_SP00035" HPOS="893" VPOS="1018" WIDTH="50"/>
						<String ID="P31_ST00041" HPOS="943" VPOS="937" WIDTH="118" HEIGHT="61" CONTENT="und" WC="0.99" CC="200"/>
						<SP ID="P31_SP00036" HPOS="1061" VPOS="1018" WIDTH="50"/>
						<String ID="P31_ST00042" HPOS="1111" VPOS="960" WIDTH="58" HEIGHT="38" CONTENT="er" WC="0.64" CC="07"/>
						<SP ID="P31_SP00037" HPOS="1169" VPOS="1018" WIDTH="51"/>
						<String ID="P31_ST00043" HPOS="1220" VPOS="936" WIDTH="211" HEIGHT="61" CONTENT="machte" WC="0.99" CC="007700"/>
						<SP ID="P31_SP00038" HPOS="1431" VPOS="1018" WIDTH="49"/>
						<String ID="P31_ST00044" HPOS="1480" VPOS="934" WIDTH="107" HEIGHT="61" CONTENT="sich" WC="0.99" CC="0500"/>
						<SP ID="P31_SP00039" HPOS="1587" VPOS="1018" WIDTH="52"/>
						<String ID="P31_ST00045" HPOS="1639" VPOS="933" WIDTH="89" HEIGHT="61" CONTENT="die" WC="0.97" CC="060"/>
						<SP ID="P31_SP00040" HPOS="1728" VPOS="1018" WIDTH="49"/>
						<String ID="P31_ST00046" HPOS="1777" VPOS="928" WIDTH="489" HEIGHT="65" CONTENT="verschiedensten" WC="1.00" CC="007000500060606"/>
						<SP ID="P31_SP00041" HPOS="2266" VPOS="1018" WIDTH="54"/>
						<String ID="P31_ST00047" HPOS="2320" VPOS="924" WIDTH="324" HEIGHT="64" CONTENT="Gedanken" WC="0.99" CC="70006600"/>
					</TextLine>
					<TextLine ID="P31_TL00007" HPOS="398" VPOS="1021" WIDTH="2246" HEIGHT="75">
						<String ID="P31_ST00048" HPOS="398" VPOS="1035" WIDTH="257" HEIGHT="61" CONTENT="darüber." WC="0.99" CC="00407054"/>
						<SP ID="P31_SP00042" HPOS="655" VPOS="1096" WIDTH="43"/>
						<String ID="P31_ST00049" HPOS="698" VPOS="1032" WIDTH="264" HEIGHT="64" CONTENT="Niemals" WC="0.99" CC="0050370"/>
						<SP ID="P31_SP00043" HPOS="962" VPOS="1096" WIDTH="43"/>
						<String ID="P31_ST00050" HPOS="1005" VPOS="1031" WIDTH="135" HEIGHT="62" CONTENT="aber" WC="0.97" CC="0066"/>
						<SP ID="P31_SP00044" HPOS="1140" VPOS="1096" WIDTH="42"/>
						<String ID="P31_ST00051" HPOS="1182" VPOS="1030" WIDTH="153" HEIGHT="61" CONTENT="hätte" WC="0.99" CC="70020"/>
						<SP ID="P31_SP00045" HPOS="1335" VPOS="1096" WIDTH="41"/>
						<String ID="P31_ST00052" HPOS="1376" VPOS="1053" WIDTH="61" HEIGHT="36" CONTENT="er" WC="0.42" CC="56"/>
						<SP ID="P31_SP00046" HPOS="1437" VPOS="1096" WIDTH="41"/>
						<String ID="P31_ST00053" HPOS="1478" VPOS="1044" WIDTH="221" HEIGHT="44" CONTENT="erraten" WC="0.99" CC="0640050"/>
						<SP ID="P31_SP00047" HPOS="1699" VPOS="1096" WIDTH="42"/>
						<String ID="P31_ST00054" HPOS="1741" VPOS="1026" WIDTH="245" HEIGHT="70" CONTENT="können," WC="0.99" CC="6212004"/>
						<SP ID="P31_SP00048" HPOS="1986" VPOS="1096" WIDTH="42"/>
						<String ID="P31_ST00055" HPOS="2028" VPOS="1047" WIDTH="123" HEIGHT="39" CONTENT="was" WC="1.00" CC="000"/>
						<SP ID="P31_SP00049" HPOS="2151" VPOS="1096" WIDTH="44"/>
						<String ID="P31_ST00056" HPOS="2195" VPOS="1022" WIDTH="90" HEIGHT="62" CONTENT="die" WC="0.99" CC="020"/>
						<SP ID="P31_SP00050" HPOS="2285" VPOS="1096" WIDTH="42"/>
						<String ID="P31_ST00057" HPOS="2327" VPOS="1021" WIDTH="317" HEIGHT="62" CONTENT="Schwester" WC="0.99" CC="600000305"/>
					</TextLine>
					<TextLine ID="P31_TL00008" HPOS="398" VPOS="1116" WIDTH="2244" HEIGHT="75">
						<String ID="P31_ST00058" HPOS="398" VPOS="1139" WIDTH="55" HEIGHT="51" CONTENT="in" WC="0.77" CC="04"/>
						<SP ID="P31_SP00051" HPOS="453" VPOS="1190" WIDTH="48"/>
						<String ID="P31_ST00059" HPOS="501" VPOS="1129" WIDTH="144" HEIGHT="61" CONTENT="ihrer" WC="0.99" CC="07000"/>
						<SP ID="P31_SP00052" HPOS="645" VPOS="1190" WIDTH="43"/>
						<String ID="P31_ST00060" HPOS="688" VPOS="1127" WIDTH="161" HEIGHT="63" CONTENT="Güte" WC="1.00" CC="1000"/>
						<SP ID="P31_SP00053" HPOS="849" VPOS="1190" WIDTH="39"/>
						<String ID="P31_ST00061" HPOS="888" VPOS="1126" WIDTH="237" HEIGHT="61" CONTENT="wirklich" WC="0.99" CC="06305000"/>
						<SP ID="P31_SP00054" HPOS="1125" VPOS="1190" WIDTH="49"/>
						<String ID="P31_ST00062" HPOS="1174" VPOS="1140" WIDTH="99" HEIGHT="46" CONTENT="tat." WC="0.97" CC="2054"/>
						<SP ID="P31_SP00055" HPOS="1273" VPOS="1190" WIDTH="70"/>
						<String ID="P31_ST00063" HPOS="1343" VPOS="1122" WIDTH="97" HEIGHT="61" CONTENT="Sie" WC="0.98" CC="040"/>
						<SP ID="P31_SP00056" HPOS="1440" VPOS="1190" WIDTH="41"/>
						<String ID="P31_ST00064" HPOS="1481" VPOS="1121" WIDTH="219" HEIGHT="61" CONTENT="brachte" WC="0.99" CC="7600050"/>
						<SP ID="P31_SP00057" HPOS="1700" VPOS="1190" WIDTH="42"/>
						<String ID="P31_ST00065" HPOS="1742" VPOS="1120" WIDTH="132" HEIGHT="71" CONTENT="ihm," WC="0.99" CC="1003"/>
						<SP ID="P31_SP00058" HPOS="1874" VPOS="1191" WIDTH="44"/>
						<String ID="P31_ST00066" HPOS="1918" VPOS="1144" WIDTH="96" HEIGHT="37" CONTENT="um" WC="0.75" CC="40"/>
						<SP ID="P31_SP00059" HPOS="2014" VPOS="1191" WIDTH="43"/>
						<String ID="P31_ST00067" HPOS="2057" VPOS="1127" WIDTH="194" HEIGHT="53" CONTENT="seinen" WC="0.99" CC="007303"/>
						<SP ID="P31_SP00060" HPOS="2251" VPOS="1191" WIDTH="45"/>
						<String ID="P31_ST00068" HPOS="2296" VPOS="1116" WIDTH="346" HEIGHT="62" CONTENT="Geschmadc" WC="0.84" CC="000000067"/>
					</TextLine>
					<TextLine ID="P31_TL00009" HPOS="397" VPOS="1211" WIDTH="2243" HEIGHT="90">
						<String ID="P31_ST00069" HPOS="397" VPOS="1247" WIDTH="74" HEIGHT="38" CONTENT="zu" WC="0.63" CC="70"/>
						<SP ID="P31_SP00061" HPOS="471" VPOS="1285" WIDTH="41"/>
						<String ID="P31_ST00070" HPOS="512" VPOS="1224" WIDTH="216" HEIGHT="77" CONTENT="prüfen," WC="0.99" CC="2606004"/>
						<SP ID="P31_SP00062" HPOS="728" VPOS="1301" WIDTH="45"/>
						<String ID="P31_ST00071" HPOS="773" VPOS="1232" WIDTH="123" HEIGHT="50" CONTENT="eine" WC="0.97" CC="5502"/>
						<SP ID="P31_SP00063" HPOS="896" VPOS="1301" WIDTH="41"/>
						<String ID="P31_ST00072" HPOS="937" VPOS="1243" WIDTH="180" HEIGHT="55" CONTENT="ganze" WC="0.98" CC="80060"/>
						<SP ID="P31_SP00064" HPOS="1117" VPOS="1301" WIDTH="41"/>
						<String ID="P31_ST00073" HPOS="1158" VPOS="1216" WIDTH="309" HEIGHT="70" CONTENT="Auswahl," WC="0.99" CC="50000604"/>
						<SP ID="P31_SP00065" HPOS="1467" VPOS="1301" WIDTH="45"/>
						<String ID="P31_ST00074" HPOS="1512" VPOS="1215" WIDTH="136" HEIGHT="61" CONTENT="alles" WC="0.98" CC="16700"/>
						<SP ID="P31_SP00066" HPOS="1648" VPOS="1301" WIDTH="42"/>
						<String ID="P31_ST00075" HPOS="1690" VPOS="1214" WIDTH="108" HEIGHT="61" CONTENT="auf" WC="0.95" CC="076"/>
						<SP ID="P31_SP00067" HPOS="1798" VPOS="1301" WIDTH="34"/>
						<String ID="P31_ST00076" HPOS="1832" VPOS="1224" WIDTH="152" HEIGHT="51" CONTENT="einer" WC="0.98" CC="04406"/>
						<SP ID="P31_SP00068" HPOS="1984" VPOS="1301" WIDTH="42"/>
						<String ID="P31_ST00077" HPOS="2026" VPOS="1214" WIDTH="149" HEIGHT="59" CONTENT="alten" WC="0.98" CC="07504"/>
						<SP ID="P31_SP00069" HPOS="2175" VPOS="1301" WIDTH="33"/>
						<String ID="P31_ST00078" HPOS="2208" VPOS="1211" WIDTH="251" HEIGHT="76" CONTENT="Zeitung" WC="0.99" CC="6042030"/>
						<SP ID="P31_SP00070" HPOS="2459" VPOS="1301" WIDTH="41"/>
						<String ID="P31_ST00079" HPOS="2500" VPOS="1233" WIDTH="105" HEIGHT="37" CONTENT="aus" SUBS_TYPE="HypPart1" SUBS_CONTENT="ausgebreitet," WC="0.99" CC="000"/>
						<HYP HPOS="2605" VPOS="1233" WIDTH="35" CONTENT="-"/>
					</TextLine>
					<TextLine ID="P31_TL00010" HPOS="397" VPOS="1304" WIDTH="2243" HEIGHT="91">
						<String ID="P31_ST00080" HPOS="397" VPOS="1317" WIDTH="282" HEIGHT="78" CONTENT="gebreitet," SUBS_TYPE="HypPart2" SUBS_CONTENT="ausgebreitet," WC="0.99" CC="0070053662"/>
						<SP ID="P31_SP00071" HPOS="679" VPOS="1395" WIDTH="37"/>
						<String ID="P31_ST00081" HPOS="716" VPOS="1317" WIDTH="97" HEIGHT="59" CONTENT="Da" WC="0.48" CC="36"/>
						<SP ID="P31_SP00072" HPOS="813" VPOS="1395" WIDTH="35"/>
						<String ID="P31_ST00082" HPOS="848" VPOS="1340" WIDTH="120" HEIGHT="35" CONTENT="war" WC="0.98" CC="005"/>
						<SP ID="P31_SP00073" HPOS="968" VPOS="1395" WIDTH="33"/>
						<String ID="P31_ST00083" HPOS="1001" VPOS="1314" WIDTH="140" HEIGHT="61" CONTENT="altes" WC="0.98" CC="56500"/>
						<SP ID="P31_SP00074" HPOS="1141" VPOS="1395" WIDTH="29"/>
						<String ID="P31_ST00084" HPOS="1170" VPOS="1309" WIDTH="441" HEIGHT="64" CONTENT="halbverfaultes" WC="1.00" CC="75000050006000"/>
						<SP ID="P31_SP00075" HPOS="1611" VPOS="1395" WIDTH="28"/>
						<String ID="P31_ST00085" HPOS="1639" VPOS="1308" WIDTH="293" HEIGHT="71" CONTENT="Gemüse,-" WC="1.00" CC="00000044"/>
						<SP ID="P31_SP00076" HPOS="1932" VPOS="1395" WIDTH="24"/>
						<String ID="P31_ST00086" HPOS="1956" VPOS="1307" WIDTH="272" HEIGHT="60" CONTENT="Knochen" WC="0.99" CC="0020705"/>
						<SP ID="P31_SP00077" HPOS="2228" VPOS="1395" WIDTH="27"/>
						<String ID="P31_ST00087" HPOS="2255" VPOS="1328" WIDTH="137" HEIGHT="38" CONTENT="vom" WC="0.98" CC="050"/>
						<SP ID="P31_SP00078" HPOS="2392" VPOS="1395" WIDTH="25"/>
						<String ID="P31_ST00088" HPOS="2417" VPOS="1304" WIDTH="223" HEIGHT="61" CONTENT="Nacht*" WC="0.99" CC="400064"/>
					</TextLine>
					<TextLine ID="P31_TL00011" HPOS="398" VPOS="1398" WIDTH="2246" HEIGHT="85">
						<String ID="P31_ST00089" HPOS="398" VPOS="1411" WIDTH="147" HEIGHT="61" CONTENT="mahl" WC="0.97" CC="0075"/>
						<SP ID="P31_SP00079" HPOS="545" VPOS="1472" WIDTH="51"/>
						<String ID="P31_ST00090" HPOS="596" VPOS="1411" WIDTH="116" HEIGHT="69" CONTENT="her," WC="0.97" CC="7044"/>
						<SP ID="P31_SP00080" HPOS="712" VPOS="1480" WIDTH="51"/>
						<String ID="P31_ST00091" HPOS="763" VPOS="1409" WIDTH="89" HEIGHT="61" CONTENT="die" WC="0.98" CC="060"/>
						<SP ID="P31_SP00081" HPOS="852" VPOS="1480" WIDTH="48"/>
						<String ID="P31_ST00092" HPOS="900" VPOS="1432" WIDTH="115" HEIGHT="38" CONTENT="von" WC="0.99" CC="030"/>
						<SP ID="P31_SP00082" HPOS="1015" VPOS="1480" WIDTH="51"/>
						<String ID="P31_ST00093" HPOS="1066" VPOS="1403" WIDTH="485" HEIGHT="80" CONTENT="festgewordener" WC="0.99" CC="30059003600305"/>
						<SP ID="P31_SP00083" HPOS="1551" VPOS="1483" WIDTH="49"/>
						<String ID="P31_ST00094" HPOS="1600" VPOS="1402" WIDTH="210" HEIGHT="61" CONTENT="weißer" WC="1.00" CC="000006"/>
						<SP ID="P31_SP00084" HPOS="1810" VPOS="1483" WIDTH="42"/>
						<String ID="P31_ST00095" HPOS="1852" VPOS="1400" WIDTH="195" HEIGHT="63" CONTENT="Sauce" WC="0.99" CC="50500"/>
						<SP ID="P31_SP00085" HPOS="2047" VPOS="1483" WIDTH="50"/>
						<String ID="P31_ST00096" HPOS="2097" VPOS="1398" WIDTH="281" HEIGHT="77" CONTENT="umgeben" WC="0.99" CC="0000706"/>
						<SP ID="P31_SP00086" HPOS="2378" VPOS="1483" WIDTH="41"/>
						<String ID="P31_ST00097" HPOS="2419" VPOS="1420" WIDTH="225" HEIGHT="48" CONTENT="waren,-" WC="0.99" CC="0260040"/>
					</TextLine>
					<TextLine ID="P31_TL00012" HPOS="399" VPOS="1492" WIDTH="2245" HEIGHT="90">
						<String ID="P31_ST00098" HPOS="399" VPOS="1514" WIDTH="88" HEIGHT="52" CONTENT="ein" WC="0.99" CC="003"/>
						<SP ID="P31_SP00087" HPOS="487" VPOS="1566" WIDTH="50"/>
						<String ID="P31_ST00099" HPOS="537" VPOS="1527" WIDTH="137" HEIGHT="55" CONTENT="paar" WC="0.96" CC="3636"/>
						<SP ID="P31_SP00088" HPOS="674" VPOS="1582" WIDTH="40"/>
						<String ID="P31_ST00100" HPOS="714" VPOS="1505" WIDTH="252" HEIGHT="59" CONTENT="Rosinen" WC="0.99" CC="1404207"/>
						<SP ID="P31_SP00089" HPOS="966" VPOS="1582" WIDTH="49"/>
						<String ID="P31_ST00101" HPOS="1015" VPOS="1500" WIDTH="118" HEIGHT="62" CONTENT="und" WC="0.99" CC="300"/>
						<SP ID="P31_SP00090" HPOS="1133" VPOS="1582" WIDTH="41"/>
						<String ID="P31_ST00102" HPOS="1174" VPOS="1497" WIDTH="311" HEIGHT="72" CONTENT="Mandeln,-" WC="0.99" CC="350007010"/>
						<SP ID="P31_SP00091" HPOS="1485" VPOS="1582" WIDTH="50"/>
						<String ID="P31_ST00103" HPOS="1535" VPOS="1505" WIDTH="87" HEIGHT="52" CONTENT="ein" WC="0.94" CC="365"/>
						<SP ID="P31_SP00092" HPOS="1622" VPOS="1582" WIDTH="45"/>
						<String ID="P31_ST00104" HPOS="1667" VPOS="1494" WIDTH="189" HEIGHT="70" CONTENT="Käse," WC="0.99" CC="00004"/>
						<SP ID="P31_SP00093" HPOS="1856" VPOS="1582" WIDTH="51"/>
						<String ID="P31_ST00105" HPOS="1907" VPOS="1493" WIDTH="109" HEIGHT="60" CONTENT="den" WC="0.98" CC="006"/>
						<SP ID="P31_SP00094" HPOS="2016" VPOS="1582" WIDTH="45"/>
						<String ID="P31_ST00106" HPOS="2061" VPOS="1492" WIDTH="229" HEIGHT="77" CONTENT="Gregor" WC="0.98" CC="560027"/>
						<SP ID="P31_SP00095" HPOS="2290" VPOS="1582" WIDTH="49"/>
						<String ID="P31_ST00107" HPOS="2339" VPOS="1515" WIDTH="110" HEIGHT="37" CONTENT="vor" WC="0.98" CC="006"/>
						<SP ID="P31_SP00096" HPOS="2449" VPOS="1582" WIDTH="50"/>
						<String ID="P31_ST00108" HPOS="2499" VPOS="1498" WIDTH="145" HEIGHT="52" CONTENT="zwei" WC="0.96" CC="5067"/>
					</TextLine>
					<TextLine ID="P31_TL00013" HPOS="398" VPOS="1587" WIDTH="2247" HEIGHT="89">
						<String ID="P31_ST00109" HPOS="398" VPOS="1595" WIDTH="196" HEIGHT="81" CONTENT="Tagen" WC="0.98" CC="60006"/>
						<SP ID="P31_SP00097" HPOS="594" VPOS="1676" WIDTH="53"/>
						<String ID="P31_ST00110" HPOS="647" VPOS="1597" WIDTH="89" HEIGHT="60" CONTENT="für" WC="0.96" CC="505"/>
						<SP ID="P31_SP00098" HPOS="736" VPOS="1676" WIDTH="51"/>
						<String ID="P31_ST00111" HPOS="787" VPOS="1595" WIDTH="382" HEIGHT="79" CONTENT="ungenießbar" WC="1.00" CC="00030000006"/>
						<SP ID="P31_SP00099" HPOS="1169" VPOS="1676" WIDTH="50"/>
						<String ID="P31_ST00112" HPOS="1219" VPOS="1592" WIDTH="203" HEIGHT="61" CONTENT="erklärt" WC="0.99" CC="0500042"/>
						<SP ID="P31_SP00100" HPOS="1422" VPOS="1676" WIDTH="48"/>
						<String ID="P31_ST00113" HPOS="1470" VPOS="1591" WIDTH="184" HEIGHT="71" CONTENT="hatte,-" WC="0.99" CC="7031020"/>
						<SP ID="P31_SP00101" HPOS="1654" VPOS="1676" WIDTH="57"/>
						<String ID="P31_ST00114" HPOS="1711" VPOS="1597" WIDTH="89" HEIGHT="54" CONTENT="ein" WC="0.98" CC="040"/>
						<SP ID="P31_SP00102" HPOS="1800" VPOS="1676" WIDTH="52"/>
						<String ID="P31_ST00115" HPOS="1852" VPOS="1590" WIDTH="290" HEIGHT="59" CONTENT="trockenes" WC="0.99" CC="561640030"/>
						<SP ID="P31_SP00103" HPOS="2142" VPOS="1676" WIDTH="49"/>
						<String ID="P31_ST00116" HPOS="2191" VPOS="1587" WIDTH="167" HEIGHT="69" CONTENT="Brot," WC="0.97" CC="05544"/>
						<SP ID="P31_SP00104" HPOS="2358" VPOS="1676" WIDTH="51"/>
						<String ID="P31_ST00117" HPOS="2409" VPOS="1594" WIDTH="88" HEIGHT="52" CONTENT="ein" WC="0.97" CC="006"/>
						<SP ID="P31_SP00105" HPOS="2497" VPOS="1676" WIDTH="50"/>
						<String ID="P31_ST00118" HPOS="2547" VPOS="1592" WIDTH="98" HEIGHT="52" CONTENT="mit" WC="0.98" CC="006"/>
					</TextLine>
					<TextLine ID="P31_TL00014" HPOS="399" VPOS="1677" WIDTH="2247" HEIGHT="77">
						<String ID="P31_ST00119" HPOS="399" VPOS="1693" WIDTH="195" HEIGHT="59" CONTENT="Butter" WC="0.99" CC="000506"/>
						<SP ID="P31_SP00106" HPOS="594" VPOS="1752" WIDTH="48"/>
						<String ID="P31_ST00120" HPOS="642" VPOS="1690" WIDTH="386" HEIGHT="61" CONTENT="beschmiertes" WC="1.00" CC="731000530000"/>
						<SP ID="P31_SP00107" HPOS="1028" VPOS="1752" WIDTH="43"/>
						<String ID="P31_ST00121" HPOS="1071" VPOS="1688" WIDTH="139" HEIGHT="59" CONTENT="Brot" WC="0.96" CC="0636"/>
						<SP ID="P31_SP00108" HPOS="1210" VPOS="1752" WIDTH="49"/>
						<String ID="P31_ST00122" HPOS="1259" VPOS="1685" WIDTH="118" HEIGHT="61" CONTENT="und" WC="1.00" CC="000"/>
						<SP ID="P31_SP00109" HPOS="1377" VPOS="1752" WIDTH="49"/>
						<String ID="P31_ST00123" HPOS="1426" VPOS="1694" WIDTH="90" HEIGHT="52" CONTENT="ein" WC="0.98" CC="040"/>
						<SP ID="P31_SP00110" HPOS="1516" VPOS="1752" WIDTH="51"/>
						<String ID="P31_ST00124" HPOS="1567" VPOS="1691" WIDTH="97" HEIGHT="52" CONTENT="mit" WC="0.98" CC="050"/>
						<SP ID="P31_SP00111" HPOS="1664" VPOS="1752" WIDTH="40"/>
						<String ID="P31_ST00125" HPOS="1704" VPOS="1682" WIDTH="198" HEIGHT="61" CONTENT="Butter" WC="0.98" CC="050626"/>
						<SP ID="P31_SP00112" HPOS="1902" VPOS="1752" WIDTH="49"/>
						<String ID="P31_ST00126" HPOS="1951" VPOS="1680" WIDTH="390" HEIGHT="61" CONTENT="beschmiertes" WC="0.99" CC="700900646300"/>
						<SP ID="P31_SP00113" HPOS="2341" VPOS="1752" WIDTH="45"/>
						<String ID="P31_ST00127" HPOS="2386" VPOS="1677" WIDTH="118" HEIGHT="61" CONTENT="und" WC="0.98" CC="600"/>
						<SP ID="P31_SP00114" HPOS="2504" VPOS="1752" WIDTH="39"/>
						<String ID="P31_ST00128" HPOS="2543" VPOS="1699" WIDTH="103" HEIGHT="55" CONTENT="ge*" WC="0.97" CC="062"/>
					</TextLine>
					<TextLine ID="P31_TL00015" HPOS="399" VPOS="1771" WIDTH="2247" HEIGHT="75">
						<String ID="P31_ST00129" HPOS="399" VPOS="1785" WIDTH="254" HEIGHT="61" CONTENT="salzenes" WC="0.92" CC="00060000"/>
						<SP ID="P31_SP00115" HPOS="653" VPOS="1846" WIDTH="42"/>
						<String ID="P31_ST00130" HPOS="695" VPOS="1785" WIDTH="153" HEIGHT="60" CONTENT="Brot," WC="0.98" CC="06152"/>
						<SP ID="P31_SP00116" HPOS="848" VPOS="1846" WIDTH="68"/>
						<String ID="P31_ST00131" HPOS="916" VPOS="1780" WIDTH="339" HEIGHT="62" CONTENT="Außerdem" WC="1.00" CC="10006000"/>
						<SP ID="P31_SP00117" HPOS="1255" VPOS="1846" WIDTH="42"/>
						<String ID="P31_ST00132" HPOS="1297" VPOS="1778" WIDTH="182" HEIGHT="63" CONTENT="stellte" WC="0.98" CC="0707750"/>
						<SP ID="P31_SP00118" HPOS="1479" VPOS="1846" WIDTH="42"/>
						<String ID="P31_ST00133" HPOS="1521" VPOS="1787" WIDTH="81" HEIGHT="52" CONTENT="sie" WC="1.00" CC="000"/>
						<SP ID="P31_SP00119" HPOS="1602" VPOS="1846" WIDTH="41"/>
						<String ID="P31_ST00134" HPOS="1643" VPOS="1802" WIDTH="75" HEIGHT="37" CONTENT="zu" WC="0.64" CC="70"/>
						<SP ID="P31_SP00120" HPOS="1718" VPOS="1846" WIDTH="43"/>
						<String ID="P31_ST00135" HPOS="1761" VPOS="1775" WIDTH="129" HEIGHT="62" CONTENT="dem" WC="1.00" CC="000"/>
						<SP ID="P31_SP00121" HPOS="1890" VPOS="1846" WIDTH="42"/>
						<String ID="P31_ST00136" HPOS="1932" VPOS="1774" WIDTH="145" HEIGHT="62" CONTENT="allen" WC="0.99" CC="07010"/>
						<SP ID="P31_SP00122" HPOS="2077" VPOS="1846" WIDTH="45"/>
						<String ID="P31_ST00137" HPOS="2122" VPOS="1774" WIDTH="135" HEIGHT="61" CONTENT="noch" WC="0.99" CC="0400"/>
						<SP ID="P31_SP00123" HPOS="2257" VPOS="1846" WIDTH="45"/>
						<String ID="P31_ST00138" HPOS="2302" VPOS="1773" WIDTH="109" HEIGHT="61" CONTENT="den" WC="0.98" CC="004"/>
						<SP ID="P31_SP00124" HPOS="2411" VPOS="1846" WIDTH="42"/>
						<String ID="P31_ST00139" HPOS="2453" VPOS="1771" WIDTH="193" HEIGHT="61" CONTENT="wahr*" WC="0.98" CC="00744"/>
					</TextLine>
					<TextLine ID="P31_TL00016" HPOS="399" VPOS="1865" WIDTH="2247" HEIGHT="84">
						<String ID="P31_ST00140" HPOS="399" VPOS="1878" WIDTH="276" HEIGHT="62" CONTENT="scheinlich" WC="0.73" CC="0900600190"/>
						<SP ID="P31_SP00125" HPOS="675" VPOS="1940" WIDTH="51"/>
						<String ID="P31_ST00141" HPOS="726" VPOS="1887" WIDTH="87" HEIGHT="51" CONTENT="ein" WC="0.98" CC="033"/>
						<SP ID="P31_SP00126" HPOS="813" VPOS="1940" WIDTH="51"/>
						<String ID="P31_ST00142" HPOS="864" VPOS="1875" WIDTH="90" HEIGHT="61" CONTENT="für" WC="0.96" CC="506"/>
						<SP ID="P31_SP00127" HPOS="954" VPOS="1940" WIDTH="50"/>
						<String ID="P31_ST00143" HPOS="1004" VPOS="1873" WIDTH="220" HEIGHT="62" CONTENT="allemal" WC="1.00" CC="0040000"/>
						<SP ID="P31_SP00128" HPOS="1224" VPOS="1940" WIDTH="52"/>
						<String ID="P31_ST00144" HPOS="1276" VPOS="1873" WIDTH="90" HEIGHT="61" CONTENT="für" WC="0.96" CC="503"/>
						<SP ID="P31_SP00129" HPOS="1366" VPOS="1940" WIDTH="43"/>
						<String ID="P31_ST00145" HPOS="1409" VPOS="1872" WIDTH="229" HEIGHT="77" CONTENT="Gregor" WC="0.98" CC="070056"/>
						<SP ID="P31_SP00130" HPOS="1638" VPOS="1949" WIDTH="49"/>
						<String ID="P31_ST00146" HPOS="1687" VPOS="1870" WIDTH="357" HEIGHT="61" CONTENT="bestimmten" WC="0.99" CC="7005000050"/>
						<SP ID="P31_SP00131" HPOS="2044" VPOS="1949" WIDTH="42"/>
						<String ID="P31_ST00147" HPOS="2086" VPOS="1867" WIDTH="184" HEIGHT="80" CONTENT="Napf," WC="0.98" CC="05033"/>
						<SP ID="P31_SP00132" HPOS="2270" VPOS="1949" WIDTH="45"/>
						<String ID="P31_ST00148" HPOS="2315" VPOS="1877" WIDTH="53" HEIGHT="51" CONTENT="in" WC="0.66" CC="60"/>
						<SP ID="P31_SP00133" HPOS="2368" VPOS="1949" WIDTH="43"/>
						<String ID="P31_ST00149" HPOS="2411" VPOS="1865" WIDTH="109" HEIGHT="63" CONTENT="den" WC="1.00" CC="000"/>
						<SP ID="P31_SP00134" HPOS="2520" VPOS="1949" WIDTH="43"/>
						<String ID="P31_ST00150" HPOS="2563" VPOS="1873" WIDTH="83" HEIGHT="52" CONTENT="sie" WC="1.00" CC="000"/>
					</TextLine>
					<TextLine ID="P31_TL00017" HPOS="401" VPOS="1959" WIDTH="2244" HEIGHT="89">
						<String ID="P31_ST00151" HPOS="401" VPOS="1972" WIDTH="245" HEIGHT="61" CONTENT="Wasser" WC="0.99" CC="800006"/>
						<SP ID="P31_SP00135" HPOS="646" VPOS="2033" WIDTH="48"/>
						<String ID="P31_ST00152" HPOS="694" VPOS="1992" WIDTH="282" HEIGHT="56" CONTENT="gegossen" WC="1.00" CC="04030000"/>
						<SP ID="P31_SP00136" HPOS="976" VPOS="2048" WIDTH="50"/>
						<String ID="P31_ST00153" HPOS="1026" VPOS="1968" WIDTH="170" HEIGHT="61" CONTENT="hatte." WC="0.98" CC="700404"/>
						<SP ID="P31_SP00137" HPOS="1196" VPOS="2048" WIDTH="70"/>
						<String ID="P31_ST00154" HPOS="1266" VPOS="1966" WIDTH="143" HEIGHT="62" CONTENT="Und" WC="0.97" CC="620"/>
						<SP ID="P31_SP00138" HPOS="1409" VPOS="2048" WIDTH="50"/>
						<String ID="P31_ST00155" HPOS="1459" VPOS="1990" WIDTH="105" HEIGHT="37" CONTENT="aus" WC="0.97" CC="070"/>
						<SP ID="P31_SP00139" HPOS="1564" VPOS="2048" WIDTH="43"/>
						<String ID="P31_ST00156" HPOS="1607" VPOS="1963" WIDTH="357" HEIGHT="79" CONTENT="Zartgefühl," WC="0.99" CC="60650440074"/>
						<SP ID="P31_SP00140" HPOS="1964" VPOS="2048" WIDTH="51"/>
						<String ID="P31_ST00157" HPOS="2015" VPOS="1963" WIDTH="74" HEIGHT="61" CONTENT="da" WC="1.00" CC="00"/>
						<SP ID="P31_SP00141" HPOS="2089" VPOS="2048" WIDTH="50"/>
						<String ID="P31_ST00158" HPOS="2139" VPOS="1972" WIDTH="83" HEIGHT="52" CONTENT="sie" WC="0.99" CC="020"/>
						<SP ID="P31_SP00142" HPOS="2222" VPOS="2048" WIDTH="49"/>
						<String ID="P31_ST00159" HPOS="2271" VPOS="1962" WIDTH="212" HEIGHT="68" CONTENT="wußte," WC="0.99" CC="000304"/>
						<SP ID="P31_SP00143" HPOS="2483" VPOS="2048" WIDTH="53"/>
						<String ID="P31_ST00160" HPOS="2536" VPOS="1959" WIDTH="109" HEIGHT="61" CONTENT="daß" WC="0.98" CC="040"/>
					</TextLine>
					<TextLine ID="P31_TL00018" HPOS="402" VPOS="2055" WIDTH="2242" HEIGHT="87">
						<String ID="P31_ST00161" HPOS="402" VPOS="2066" WIDTH="227" HEIGHT="76" CONTENT="Gregor" WC="0.98" CC="060046"/>
						<SP ID="P31_SP00144" HPOS="629" VPOS="2142" WIDTH="24"/>
						<String ID="P31_ST00162" HPOS="653" VPOS="2089" WIDTH="107" HEIGHT="37" CONTENT="vor" WC="0.98" CC="014"/>
						<SP ID="P31_SP00145" HPOS="760" VPOS="2142" WIDTH="32"/>
						<String ID="P31_ST00163" HPOS="792" VPOS="2063" WIDTH="84" HEIGHT="61" CONTENT="ihr" WC="0.96" CC="405"/>
						<SP ID="P31_SP00146" HPOS="876" VPOS="2142" WIDTH="31"/>
						<String ID="P31_ST00164" HPOS="907" VPOS="2063" WIDTH="140" HEIGHT="60" CONTENT="nicht" WC="0.95" CC="66974"/>
						<SP ID="P31_SP00147" HPOS="1047" VPOS="2142" WIDTH="33"/>
						<String ID="P31_ST00165" HPOS="1080" VPOS="2085" WIDTH="165" HEIGHT="39" CONTENT="essen" WC="1.00" CC="00000"/>
						<SP ID="P31_SP00148" HPOS="1245" VPOS="2142" WIDTH="27"/>
						<String ID="P31_ST00166" HPOS="1272" VPOS="2061" WIDTH="220" HEIGHT="70" CONTENT="würde," WC="0.99" CC="005004"/>
						<SP ID="P31_SP00149" HPOS="1492" VPOS="2142" WIDTH="26"/>
						<String ID="P31_ST00167" HPOS="1518" VPOS="2060" WIDTH="277" HEIGHT="62" CONTENT="entfernte" WC="0.99" CC="043600610"/>
						<SP ID="P31_SP00150" HPOS="1795" VPOS="2142" WIDTH="33"/>
						<String ID="P31_ST00168" HPOS="1828" VPOS="2069" WIDTH="81" HEIGHT="52" CONTENT="sie" WC="1.00" CC="000"/>
						<SP ID="P31_SP00151" HPOS="1909" VPOS="2142" WIDTH="33"/>
						<String ID="P31_ST00169" HPOS="1942" VPOS="2058" WIDTH="106" HEIGHT="61" CONTENT="sich" WC="0.99" CC="0500"/>
						<SP ID="P31_SP00152" HPOS="2048" VPOS="2142" WIDTH="37"/>
						<String ID="P31_ST00170" HPOS="2085" VPOS="2057" WIDTH="178" HEIGHT="78" CONTENT="eiligst" WC="0.99" CC="0206005"/>
						<SP ID="P31_SP00153" HPOS="2263" VPOS="2142" WIDTH="33"/>
						<String ID="P31_ST00171" HPOS="2296" VPOS="2055" WIDTH="118" HEIGHT="62" CONTENT="und" WC="0.98" CC="400"/>
						<SP ID="P31_SP00154" HPOS="2414" VPOS="2142" WIDTH="35"/>
						<String ID="P31_ST00172" HPOS="2449" VPOS="2055" WIDTH="195" HEIGHT="60" CONTENT="drehte" WC="1.00" CC="050000"/>
					</TextLine>
					<TextLine ID="P31_TL00019" HPOS="401" VPOS="2149" WIDTH="2243" HEIGHT="87">
						<String ID="P31_ST00173" HPOS="401" VPOS="2182" WIDTH="169" HEIGHT="54" CONTENT="sogar" WC="0.99" CC="00006"/>
						<SP ID="P31_SP00155" HPOS="570" VPOS="2236" WIDTH="49"/>
						<String ID="P31_ST00174" HPOS="619" VPOS="2157" WIDTH="108" HEIGHT="61" CONTENT="den" WC="0.97" CC="035"/>
						<SP ID="P31_SP00156" HPOS="727" VPOS="2236" WIDTH="43"/>
						<String ID="P31_ST00175" HPOS="770" VPOS="2156" WIDTH="277" HEIGHT="64" CONTENT="Schlüssel" WC="0.99" CC="500700027"/>
						<SP ID="P31_SP00157" HPOS="1047" VPOS="2236" WIDTH="52"/>
						<String ID="P31_ST00176" HPOS="1099" VPOS="2180" WIDTH="114" HEIGHT="46" CONTENT="um," WC="0.96" CC="604"/>
						<SP ID="P31_SP00158" HPOS="1213" VPOS="2236" WIDTH="55"/>
						<String ID="P31_ST00177" HPOS="1268" VPOS="2155" WIDTH="174" HEIGHT="61" CONTENT="damit" WC="0.99" CC="00043"/>
						<SP ID="P31_SP00159" HPOS="1442" VPOS="2236" WIDTH="48"/>
						<String ID="P31_ST00178" HPOS="1490" VPOS="2179" WIDTH="107" HEIGHT="36" CONTENT="nur" WC="0.98" CC="006"/>
						<SP ID="P31_SP00160" HPOS="1597" VPOS="2236" WIDTH="43"/>
						<String ID="P31_ST00179" HPOS="1640" VPOS="2152" WIDTH="230" HEIGHT="78" CONTENT="Gregor" WC="0.98" CC="060036"/>
						<SP ID="P31_SP00161" HPOS="1870" VPOS="2236" WIDTH="42"/>
						<String ID="P31_ST00180" HPOS="1912" VPOS="2151" WIDTH="226" HEIGHT="61" CONTENT="merken" WC="1.00" CC="005000"/>
						<SP ID="P31_SP00162" HPOS="2138" VPOS="2236" WIDTH="43"/>
						<String ID="P31_ST00181" HPOS="2181" VPOS="2150" WIDTH="207" HEIGHT="70" CONTENT="könne," WC="0.99" CC="020004"/>
						<SP ID="P31_SP00163" HPOS="2388" VPOS="2236" WIDTH="43"/>
						<String ID="P31_ST00182" HPOS="2431" VPOS="2149" WIDTH="110" HEIGHT="60" CONTENT="daß" WC="1.00" CC="000"/>
						<SP ID="P31_SP00164" HPOS="2541" VPOS="2236" WIDTH="43"/>
						<String ID="P31_ST00183" HPOS="2584" VPOS="2170" WIDTH="60" HEIGHT="38" CONTENT="er" WC="0.71" CC="05"/>
					</TextLine>
					<TextLine ID="P31_TL00020" HPOS="403" VPOS="2244" WIDTH="2239" HEIGHT="84">
						<String ID="P31_ST00184" HPOS="403" VPOS="2276" WIDTH="60" HEIGHT="38" CONTENT="es" WC="1.00" CC="00"/>
						<SP ID="P31_SP00165" HPOS="463" VPOS="2314" WIDTH="43"/>
						<String ID="P31_ST00185" HPOS="506" VPOS="2253" WIDTH="104" HEIGHT="61" CONTENT="sich" WC="1.00" CC="0000"/>
						<SP ID="P31_SP00166" HPOS="610" VPOS="2314" WIDTH="42"/>
						<String ID="P31_ST00186" HPOS="652" VPOS="2276" WIDTH="67" HEIGHT="36" CONTENT="so" WC="0.81" CC="03"/>
						<SP ID="P31_SP00167" HPOS="719" VPOS="2314" WIDTH="44"/>
						<String ID="P31_ST00187" HPOS="763" VPOS="2250" WIDTH="279" HEIGHT="78" CONTENT="behaglich" WC="0.99" CC="700007090"/>
						<SP ID="P31_SP00168" HPOS="1042" VPOS="2328" WIDTH="43"/>
						<String ID="P31_ST00188" HPOS="1085" VPOS="2250" WIDTH="226" HEIGHT="61" CONTENT="machen" WC="0.99" CC="800005"/>
						<SP ID="P31_SP00169" HPOS="1311" VPOS="2328" WIDTH="43"/>
						<String ID="P31_ST00189" HPOS="1354" VPOS="2249" WIDTH="183" HEIGHT="70" CONTENT="dürfe," WC="0.98" CC="006504"/>
						<SP ID="P31_SP00170" HPOS="1537" VPOS="2328" WIDTH="35"/>
						<String ID="P31_ST00190" HPOS="1572" VPOS="2258" WIDTH="109" HEIGHT="51" CONTENT="wie" WC="0.98" CC="040"/>
						<SP ID="P31_SP00171" HPOS="1681" VPOS="2328" WIDTH="43"/>
						<String ID="P31_ST00191" HPOS="1724" VPOS="2270" WIDTH="60" HEIGHT="39" CONTENT="er" WC="0.69" CC="06"/>
						<SP ID="P31_SP00172" HPOS="1784" VPOS="2328" WIDTH="40"/>
						<String ID="P31_ST00192" HPOS="1824" VPOS="2245" WIDTH="187" HEIGHT="62" CONTENT="wolle." WC="0.98" CC="046704"/>
						<SP ID="P31_SP00173" HPOS="2011" VPOS="2328" WIDTH="56"/>
						<String ID="P31_ST00193" HPOS="2067" VPOS="2245" WIDTH="258" HEIGHT="78" CONTENT="Gregors" WC="0.99" CC="1530060"/>
						<SP ID="P31_SP00174" HPOS="2325" VPOS="2328" WIDTH="43"/>
						<String ID="P31_ST00194" HPOS="2368" VPOS="2244" WIDTH="274" HEIGHT="61" CONTENT="Beinchen" WC="0.89" CC="03500000"/>
					</TextLine>
					<TextLine ID="P31_TL00021" HPOS="402" VPOS="2338" WIDTH="2239" HEIGHT="84">
						<String ID="P31_ST00195" HPOS="402" VPOS="2348" WIDTH="334" HEIGHT="68" CONTENT="schwirrten," WC="0.99" CC="00006660004"/>
						<SP ID="P31_SP00175" HPOS="736" VPOS="2416" WIDTH="49"/>
						<String ID="P31_ST00196" HPOS="785" VPOS="2345" WIDTH="83" HEIGHT="61" CONTENT="als" WC="1.00" CC="000"/>
						<SP ID="P31_SP00176" HPOS="868" VPOS="2416" WIDTH="52"/>
						<String ID="P31_ST00197" HPOS="920" VPOS="2368" WIDTH="61" HEIGHT="37" CONTENT="es" WC="1.00" CC="00"/>
						<SP ID="P31_SP00177" HPOS="981" VPOS="2416" WIDTH="50"/>
						<String ID="P31_ST00198" HPOS="1031" VPOS="2354" WIDTH="134" HEIGHT="68" CONTENT="jetzt" WC="0.98" CC="15205" STYLEREFS="TXT_3"/>
						<SP ID="P31_SP00178" HPOS="1165" VPOS="2422" WIDTH="48"/>
						<String ID="P31_ST00199" HPOS="1213" VPOS="2367" WIDTH="134" HEIGHT="38" CONTENT="zum" WC="0.95" CC="760"/>
						<SP ID="P31_SP00179" HPOS="1347" VPOS="2422" WIDTH="48"/>
						<String ID="P31_ST00200" HPOS="1395" VPOS="2344" WIDTH="192" HEIGHT="60" CONTENT="Essen" WC="0.98" CC="70024"/>
						<SP ID="P31_SP00180" HPOS="1587" VPOS="2422" WIDTH="51"/>
						<String ID="P31_ST00201" HPOS="1638" VPOS="2352" WIDTH="144" HEIGHT="68" CONTENT="ging." WC="0.98" CC="00704"/>
						<SP ID="P31_SP00181" HPOS="1782" VPOS="2422" WIDTH="77"/>
						<String ID="P31_ST00202" HPOS="1859" VPOS="2340" WIDTH="170" HEIGHT="63" CONTENT="Seine" WC="0.98" CC="20540"/>
						<SP ID="P31_SP00182" HPOS="2029" VPOS="2422" WIDTH="51"/>
						<String ID="P31_ST00203" HPOS="2080" VPOS="2338" WIDTH="280" HEIGHT="61" CONTENT="Wunden" WC="0.98" CC="760050"/>
						<SP ID="P31_SP00183" HPOS="2360" VPOS="2422" WIDTH="49"/>
						<String ID="P31_ST00204" HPOS="2409" VPOS="2338" WIDTH="232" HEIGHT="61" CONTENT="mußten" WC="0.98" CC="007445"/>
					</TextLine>
					<TextLine ID="P31_TL00022" HPOS="402" VPOS="2432" WIDTH="2242" HEIGHT="86">
						<String ID="P31_ST00205" HPOS="402" VPOS="2439" WIDTH="259" HEIGHT="79" CONTENT="übrigens" WC="0.99" CC="07400170"/>
						<SP ID="P31_SP00184" HPOS="661" VPOS="2518" WIDTH="43"/>
						<String ID="P31_ST00206" HPOS="704" VPOS="2441" WIDTH="135" HEIGHT="59" CONTENT="auch" WC="0.95" CC="0687"/>
						<SP ID="P31_SP00185" HPOS="839" VPOS="2518" WIDTH="43"/>
						<String ID="P31_ST00207" HPOS="882" VPOS="2439" WIDTH="166" HEIGHT="60" CONTENT="schon" WC="0.99" CC="00042"/>
						<SP ID="P31_SP00186" HPOS="1048" VPOS="2518" WIDTH="35"/>
						<String ID="P31_ST00208" HPOS="1083" VPOS="2437" WIDTH="339" HEIGHT="77" CONTENT="vollständig" WC="1.00" CC="01700000010"/>
						<SP ID="P31_SP00187" HPOS="1422" VPOS="2518" WIDTH="32"/>
						<String ID="P31_ST00209" HPOS="1454" VPOS="2436" WIDTH="204" HEIGHT="78" CONTENT="geheilt" WC="0.99" CC="0204405"/>
						<SP ID="P31_SP00188" HPOS="1658" VPOS="2518" WIDTH="33"/>
						<String ID="P31_ST00210" HPOS="1691" VPOS="2444" WIDTH="140" HEIGHT="61" CONTENT="sein," WC="0.99" CC="00203"/>
						<SP ID="P31_SP00189" HPOS="1831" VPOS="2518" WIDTH="34"/>
						<String ID="P31_ST00211" HPOS="1865" VPOS="2458" WIDTH="60" HEIGHT="38" CONTENT="er" WC="0.48" CC="36"/>
						<SP ID="P31_SP00190" HPOS="1925" VPOS="2518" WIDTH="35"/>
						<String ID="P31_ST00212" HPOS="1960" VPOS="2433" WIDTH="178" HEIGHT="61" CONTENT="fühlte" WC="0.98" CC="007710"/>
						<SP ID="P31_SP00191" HPOS="2138" VPOS="2518" WIDTH="33"/>
						<String ID="P31_ST00213" HPOS="2171" VPOS="2433" WIDTH="160" HEIGHT="60" CONTENT="keine" WC="0.98" CC="06500"/>
						<SP ID="P31_SP00192" HPOS="2331" VPOS="2518" WIDTH="25"/>
						<String ID="P31_ST00214" HPOS="2356" VPOS="2432" WIDTH="288" HEIGHT="61" CONTENT="Behinde*" WC="0.95" CC="02001000"/>
					</TextLine>
					<TextLine ID="P31_TL00023" HPOS="401" VPOS="2524" WIDTH="2243" HEIGHT="86">
						<String ID="P31_ST00215" HPOS="401" VPOS="2556" WIDTH="141" HEIGHT="54" CONTENT="rung" WC="0.82" CC="7000"/>
						<SP ID="P31_SP00193" HPOS="542" VPOS="2610" WIDTH="40"/>
						<String ID="P31_ST00216" HPOS="582" VPOS="2533" WIDTH="173" HEIGHT="69" CONTENT="mehr," WC="0.97" CC="02754"/>
						<SP ID="P31_SP00194" HPOS="755" VPOS="2610" WIDTH="43"/>
						<String ID="P31_ST00217" HPOS="798" VPOS="2555" WIDTH="60" HEIGHT="38" CONTENT="er" WC="0.79" CC="04"/>
						<SP ID="P31_SP00195" HPOS="858" VPOS="2610" WIDTH="41"/>
						<String ID="P31_ST00218" HPOS="899" VPOS="2547" WIDTH="224" HEIGHT="46" CONTENT="staunte" WC="0.99" CC="0400451"/>
						<SP ID="P31_SP00196" HPOS="1123" VPOS="2610" WIDTH="42"/>
						<String ID="P31_ST00219" HPOS="1165" VPOS="2530" WIDTH="244" HEIGHT="60" CONTENT="darüber" WC="0.99" CC="0260704"/>
						<SP ID="P31_SP00197" HPOS="1409" VPOS="2610" WIDTH="42"/>
						<String ID="P31_ST00220" HPOS="1451" VPOS="2530" WIDTH="117" HEIGHT="60" CONTENT="und" WC="0.97" CC="700"/>
						<SP ID="P31_SP00198" HPOS="1568" VPOS="2610" WIDTH="42"/>
						<String ID="P31_ST00221" HPOS="1610" VPOS="2530" WIDTH="193" HEIGHT="59" CONTENT="dachte" WC="0.99" CC="000720"/>
						<SP ID="P31_SP00199" HPOS="1803" VPOS="2610" WIDTH="42"/>
						<String ID="P31_ST00222" HPOS="1845" VPOS="2527" WIDTH="195" HEIGHT="72" CONTENT="daran," WC="0.98" CC="055004"/>
						<SP ID="P31_SP00200" HPOS="2040" VPOS="2610" WIDTH="42"/>
						<String ID="P31_ST00223" HPOS="2082" VPOS="2535" WIDTH="111" HEIGHT="52" CONTENT="wie" WC="0.97" CC="060"/>
						<SP ID="P31_SP00201" HPOS="2193" VPOS="2610" WIDTH="43"/>
						<String ID="P31_ST00224" HPOS="2236" VPOS="2549" WIDTH="60" HEIGHT="38" CONTENT="er" WC="0.68" CC="06"/>
						<SP ID="P31_SP00202" HPOS="2296" VPOS="2610" WIDTH="39"/>
						<String ID="P31_ST00225" HPOS="2335" VPOS="2549" WIDTH="108" HEIGHT="36" CONTENT="vor" WC="0.96" CC="046"/>
						<SP ID="P31_SP00203" HPOS="2443" VPOS="2610" WIDTH="40"/>
						<String ID="P31_ST00226" HPOS="2483" VPOS="2524" WIDTH="161" HEIGHT="61" CONTENT="mehr" WC="0.97" CC="0066"/>
					</TextLine>
					<TextLine ID="P31_TL00024" HPOS="401" VPOS="2620" WIDTH="2243" HEIGHT="80">
						<String ID="P31_ST00227" HPOS="401" VPOS="2629" WIDTH="81" HEIGHT="59" CONTENT="als" WC="0.98" CC="050"/>
						<SP ID="P31_SP00204" HPOS="482" VPOS="2688" WIDTH="51"/>
						<String ID="P31_ST00228" HPOS="533" VPOS="2636" WIDTH="180" HEIGHT="51" CONTENT="einem" WC="0.98" CC="25430"/>
						<SP ID="P31_SP00205" HPOS="713" VPOS="2688" WIDTH="41"/>
						<String ID="P31_ST00229" HPOS="754" VPOS="2626" WIDTH="212" HEIGHT="60" CONTENT="Monat" WC="0.99" CC="00006"/>
						<SP ID="P31_SP00206" HPOS="966" VPOS="2688" WIDTH="48"/>
						<String ID="P31_ST00230" HPOS="1014" VPOS="2625" WIDTH="106" HEIGHT="61" CONTENT="sich" WC="1.00" CC="0000"/>
						<SP ID="P31_SP00207" HPOS="1120" VPOS="2688" WIDTH="50"/>
						<String ID="P31_ST00231" HPOS="1170" VPOS="2634" WIDTH="98" HEIGHT="50" CONTENT="mit" WC="0.98" CC="005"/>
						<SP ID="P31_SP00208" HPOS="1268" VPOS="2688" WIDTH="48"/>
						<String ID="P31_ST00232" HPOS="1316" VPOS="2623" WIDTH="130" HEIGHT="63" CONTENT="dem" WC="0.97" CC="070"/>
						<SP ID="P31_SP00209" HPOS="1446" VPOS="2688" WIDTH="41"/>
						<String ID="P31_ST00233" HPOS="1487" VPOS="2623" WIDTH="232" HEIGHT="61" CONTENT="Messer" WC="0.99" CC="040046"/>
						<SP ID="P31_SP00210" HPOS="1719" VPOS="2688" WIDTH="48"/>
						<String ID="P31_ST00234" HPOS="1767" VPOS="2645" WIDTH="146" HEIGHT="55" CONTENT="ganz" WC="0.99" CC="0006"/>
						<SP ID="P31_SP00211" HPOS="1913" VPOS="2700" WIDTH="41"/>
						<String ID="P31_ST00235" HPOS="1954" VPOS="2630" WIDTH="188" HEIGHT="68" CONTENT="wenig" WC="0.98" CC="00560"/>
						<SP ID="P31_SP00212" HPOS="2142" VPOS="2700" WIDTH="43"/>
						<String ID="P31_ST00236" HPOS="2185" VPOS="2630" WIDTH="53" HEIGHT="52" CONTENT="in" WC="0.91" CC="10"/>
						<SP ID="P31_SP00213" HPOS="2238" VPOS="2700" WIDTH="45"/>
						<String ID="P31_ST00237" HPOS="2283" VPOS="2620" WIDTH="109" HEIGHT="62" CONTENT="den" WC="1.00" CC="000"/>
						<SP ID="P31_SP00214" HPOS="2392" VPOS="2700" WIDTH="41"/>
						<String ID="P31_ST00238" HPOS="2433" VPOS="2620" WIDTH="211" HEIGHT="77" CONTENT="Finger" WC="0.98" CC="214907"/>
					</TextLine>
					<TextLine ID="P31_TL00025" HPOS="399" VPOS="2711" WIDTH="2245" HEIGHT="86">
						<String ID="P31_ST00239" HPOS="399" VPOS="2721" WIDTH="353" HEIGHT="76" CONTENT="geschnitten," WC="1.00" CC="010003001034"/>
						<SP ID="P31_SP00215" HPOS="752" VPOS="2797" WIDTH="42"/>
						<String ID="P31_ST00240" HPOS="794" VPOS="2717" WIDTH="117" HEIGHT="61" CONTENT="und" WC="1.00" CC="000"/>
						<SP ID="P31_SP00216" HPOS="911" VPOS="2797" WIDTH="33"/>
						<String ID="P31_ST00241" HPOS="944" VPOS="2728" WIDTH="109" HEIGHT="50" CONTENT="wie" WC="0.98" CC="060"/>
						<SP ID="P31_SP00217" HPOS="1053" VPOS="2797" WIDTH="42"/>
						<String ID="P31_ST00242" HPOS="1095" VPOS="2716" WIDTH="112" HEIGHT="61" CONTENT="ihm" WC="0.97" CC="070"/>
						<SP ID="P31_SP00218" HPOS="1207" VPOS="2797" WIDTH="34"/>
						<String ID="P31_ST00243" HPOS="1241" VPOS="2716" WIDTH="155" HEIGHT="62" CONTENT="diese" WC="0.99" CC="05000"/>
						<SP ID="P31_SP00219" HPOS="1396" VPOS="2797" WIDTH="18"/>
						<String ID="P31_ST00244" HPOS="1414" VPOS="2716" WIDTH="241" HEIGHT="61" CONTENT="Wunde" WC="0.98" CC="94000"/>
						<SP ID="P31_SP00220" HPOS="1655" VPOS="2797" WIDTH="42"/>
						<String ID="P31_ST00245" HPOS="1697" VPOS="2716" WIDTH="138" HEIGHT="60" CONTENT="noch" WC="1.00" CC="0100"/>
						<SP ID="P31_SP00221" HPOS="1835" VPOS="2797" WIDTH="40"/>
						<String ID="P31_ST00246" HPOS="1875" VPOS="2730" WIDTH="333" HEIGHT="62" CONTENT="vorgestern" WC="0.99" CC="0040005460"/>
						<SP ID="P31_SP00222" HPOS="2208" VPOS="2797" WIDTH="43"/>
						<String ID="P31_ST00247" HPOS="2251" VPOS="2735" WIDTH="187" HEIGHT="55" CONTENT="genug" WC="0.99" CC="00060"/>
						<SP ID="P31_SP00223" HPOS="2438" VPOS="2797" WIDTH="42"/>
						<String ID="P31_ST00248" HPOS="2480" VPOS="2711" WIDTH="164" HEIGHT="62" CONTENT="weh*" WC="0.99" CC="0004"/>
					</TextLine>
					<TextLine ID="P31_TL00026" HPOS="401" VPOS="2808" WIDTH="2243" HEIGHT="83">
						<String ID="P31_ST00249" HPOS="401" VPOS="2831" WIDTH="165" HEIGHT="60" CONTENT="getan" WC="0.97" CC="04565"/>
						<SP ID="P31_SP00224" HPOS="566" VPOS="2891" WIDTH="43"/>
						<String ID="P31_ST00250" HPOS="609" VPOS="2813" WIDTH="170" HEIGHT="62" CONTENT="hatte." WC="0.99" CC="006004"/>
						<SP ID="P31_SP00225" HPOS="779" VPOS="2891" WIDTH="47"/>
						<String ID="P31_ST00251" HPOS="826" VPOS="2813" WIDTH="212" HEIGHT="61" CONTENT="»Sollte" WC="0.98" CC="5006720"/>
						<SP ID="P31_SP00226" HPOS="1038" VPOS="2891" WIDTH="54"/>
						<String ID="P31_ST00252" HPOS="1092" VPOS="2813" WIDTH="73" HEIGHT="59" CONTENT="ich" WC="1.00" CC="000"/>
						<SP ID="P31_SP00227" HPOS="1165" VPOS="2891" WIDTH="51"/>
						<String ID="P31_ST00253" HPOS="1216" VPOS="2822" WIDTH="132" HEIGHT="66" CONTENT="jetzt" WC="0.97" CC="70473"/>
						<SP ID="P31_SP00228" HPOS="1348" VPOS="2891" WIDTH="42"/>
						<String ID="P31_ST00254" HPOS="1390" VPOS="2820" WIDTH="246" HEIGHT="68" CONTENT="weniger" WC="0.99" CC="0306046"/>
						<SP ID="P31_SP00229" HPOS="1636" VPOS="2891" WIDTH="42"/>
						<String ID="P31_ST00255" HPOS="1678" VPOS="2809" WIDTH="337" HEIGHT="79" CONTENT="Feingefühl" WC="0.99" CC="1050006070"/>
						<SP ID="P31_SP00230" HPOS="2015" VPOS="2891" WIDTH="35"/>
						<String ID="P31_ST00256" HPOS="2050" VPOS="2808" WIDTH="253" HEIGHT="62" CONTENT="haben?«" WC="0.98" CC="7075063"/>
						<SP ID="P31_SP00231" HPOS="2303" VPOS="2891" WIDTH="47"/>
						<String ID="P31_ST00257" HPOS="2350" VPOS="2808" WIDTH="192" HEIGHT="61" CONTENT="dachte" WC="0.99" CC="000750"/>
						<SP ID="P31_SP00232" HPOS="2542" VPOS="2891" WIDTH="42"/>
						<String ID="P31_ST00258" HPOS="2584" VPOS="2831" WIDTH="60" HEIGHT="38" CONTENT="er" WC="0.57" CC="26"/>
					</TextLine>
					<TextLine ID="P31_TL00027" HPOS="401" VPOS="2902" WIDTH="2244" HEIGHT="82">
						<String ID="P31_ST00259" HPOS="401" VPOS="2907" WIDTH="118" HEIGHT="62" CONTENT="und" WC="0.98" CC="600"/>
						<SP ID="P31_SP00233" HPOS="519" VPOS="2969" WIDTH="56"/>
						<String ID="P31_ST00260" HPOS="575" VPOS="2923" WIDTH="200" HEIGHT="61" CONTENT="saugte" WC="0.99" CC="002060"/>
						<SP ID="P31_SP00234" HPOS="775" VPOS="2984" WIDTH="57"/>
						<String ID="P31_ST00261" HPOS="832" VPOS="2908" WIDTH="167" HEIGHT="60" CONTENT="schon" WC="0.99" CC="00022"/>
						<SP ID="P31_SP00235" HPOS="999" VPOS="2984" WIDTH="48"/>
						<String ID="P31_ST00262" HPOS="1047" VPOS="2914" WIDTH="169" HEIGHT="69" CONTENT="gierig" WC="0.99" CC="020600"/>
						<SP ID="P31_SP00236" HPOS="1216" VPOS="2984" WIDTH="50"/>
						<String ID="P31_ST00263" HPOS="1266" VPOS="2928" WIDTH="72" HEIGHT="37" CONTENT="an" WC="1.00" CC="00"/>
						<SP ID="P31_SP00237" HPOS="1338" VPOS="2984" WIDTH="49"/>
						<String ID="P31_ST00264" HPOS="1387" VPOS="2905" WIDTH="129" HEIGHT="60" CONTENT="dem" WC="1.00" CC="000"/>
						<SP ID="P31_SP00238" HPOS="1516" VPOS="2984" WIDTH="42"/>
						<String ID="P31_ST00265" HPOS="1558" VPOS="2904" WIDTH="179" HEIGHT="71" CONTENT="Käse," WC="0.99" CC="00034"/>
						<SP ID="P31_SP00239" HPOS="1737" VPOS="2984" WIDTH="52"/>
						<String ID="P31_ST00266" HPOS="1789" VPOS="2928" WIDTH="73" HEIGHT="36" CONTENT="zu" WC="0.65" CC="60"/>
						<SP ID="P31_SP00240" HPOS="1862" VPOS="2984" WIDTH="51"/>
						<String ID="P31_ST00267" HPOS="1913" VPOS="2903" WIDTH="129" HEIGHT="63" CONTENT="dem" WC="1.00" CC="000"/>
						<SP ID="P31_SP00241" HPOS="2042" VPOS="2984" WIDTH="50"/>
						<String ID="P31_ST00268" HPOS="2092" VPOS="2926" WIDTH="61" HEIGHT="38" CONTENT="es" WC="1.00" CC="00"/>
						<SP ID="P31_SP00242" HPOS="2153" VPOS="2984" WIDTH="51"/>
						<String ID="P31_ST00269" HPOS="2204" VPOS="2902" WIDTH="94" HEIGHT="61" CONTENT="ihn" WC="0.95" CC="264"/>
						<SP ID="P31_SP00243" HPOS="2298" VPOS="2984" WIDTH="53"/>
						<String ID="P31_ST00270" HPOS="2351" VPOS="2924" WIDTH="108" HEIGHT="39" CONTENT="vor" WC="0.97" CC="035"/>
						<SP ID="P31_SP00244" HPOS="2459" VPOS="2984" WIDTH="41"/>
						<String ID="P31_ST00271" HPOS="2500" VPOS="2902" WIDTH="145" HEIGHT="61" CONTENT="allen" WC="0.99" CC="07020"/>
					</TextLine>
					<TextLine ID="P31_TL00028" HPOS="401" VPOS="2994" WIDTH="2245" HEIGHT="85">
						<String ID="P31_ST00272" HPOS="401" VPOS="3001" WIDTH="246" HEIGHT="61" CONTENT="anderen" WC="0.98" CC="6000626"/>
						<SP ID="P31_SP00245" HPOS="647" VPOS="3062" WIDTH="28"/>
						<String ID="P31_ST00273" HPOS="675" VPOS="2999" WIDTH="234" HEIGHT="80" CONTENT="Speisen" WC="0.99" CC="0000046"/>
						<SP ID="P31_SP00246" HPOS="909" VPOS="3079" WIDTH="26"/>
						<String ID="P31_ST00274" HPOS="935" VPOS="2999" WIDTH="182" HEIGHT="61" CONTENT="sofort" WC="0.98" CC="005074"/>
						<SP ID="P31_SP00247" HPOS="1117" VPOS="3079" WIDTH="24"/>
						<String ID="P31_ST00275" HPOS="1141" VPOS="2998" WIDTH="118" HEIGHT="61" CONTENT="und" WC="0.98" CC="500"/>
						<SP ID="P31_SP00248" HPOS="1259" VPOS="3079" WIDTH="26"/>
						<String ID="P31_ST00276" HPOS="1285" VPOS="2998" WIDTH="458" HEIGHT="61" CONTENT="nachdrücklichst" WC="0.89" CC="000006020000005"/>
						<SP ID="P31_SP00249" HPOS="1743" VPOS="3079" WIDTH="25"/>
						<String ID="P31_ST00277" HPOS="1768" VPOS="3020" WIDTH="258" HEIGHT="54" CONTENT="gezogen" WC="1.00" CC="0070000"/>
						<SP ID="P31_SP00250" HPOS="2026" VPOS="3079" WIDTH="27"/>
						<String ID="P31_ST00278" HPOS="2053" VPOS="2996" WIDTH="171" HEIGHT="62" CONTENT="hatte." WC="0.99" CC="005204"/>
						<SP ID="P31_SP00251" HPOS="2224" VPOS="3079" WIDTH="37"/>
						<String ID="P31_ST00279" HPOS="2261" VPOS="2996" WIDTH="178" HEIGHT="61" CONTENT="Rasch" WC="0.99" CC="44000"/>
						<SP ID="P31_SP00252" HPOS="2439" VPOS="3079" WIDTH="28"/>
						<String ID="P31_ST00280" HPOS="2467" VPOS="2994" WIDTH="179" HEIGHT="63" CONTENT="hinter" WC="0.98" CC="753305"/>
					</TextLine>
					<TextLine ID="P31_TL00029" HPOS="401" VPOS="3088" WIDTH="2244" HEIGHT="82">
						<String ID="P31_ST00281" HPOS="401" VPOS="3095" WIDTH="268" HEIGHT="62" CONTENT="einander" WC="1.00" CC="02000026"/>
						<SP ID="P31_SP00253" HPOS="669" VPOS="3157" WIDTH="49"/>
						<String ID="P31_ST00282" HPOS="718" VPOS="3095" WIDTH="118" HEIGHT="61" CONTENT="und" WC="0.98" CC="500"/>
						<SP ID="P31_SP00254" HPOS="836" VPOS="3157" WIDTH="49"/>
						<String ID="P31_ST00283" HPOS="885" VPOS="3102" WIDTH="97" HEIGHT="52" CONTENT="mit" WC="0.96" CC="233"/>
						<SP ID="P31_SP00255" HPOS="982" VPOS="3157" WIDTH="47"/>
						<String ID="P31_ST00284" HPOS="1029" VPOS="3116" WIDTH="107" HEIGHT="38" CONTENT="vor" WC="0.98" CC="005"/>
						<SP ID="P31_SP00256" HPOS="1136" VPOS="3157" WIDTH="39"/>
						<String ID="P31_ST00285" HPOS="1175" VPOS="3092" WIDTH="400" HEIGHT="78" CONTENT="Befriedigung" WC="1.00" CC="020600040500"/>
						<SP ID="P31_SP00257" HPOS="1575" VPOS="3170" WIDTH="50"/>
						<String ID="P31_ST00286" HPOS="1625" VPOS="3091" WIDTH="312" HEIGHT="61" CONTENT="tränenden" WC="1.00" CC="060000004"/>
						<SP ID="P31_SP00258" HPOS="1937" VPOS="3170" WIDTH="42"/>
						<String ID="P31_ST00287" HPOS="1979" VPOS="3091" WIDTH="219" HEIGHT="77" CONTENT="Augen" WC="0.98" CC="36006"/>
						<SP ID="P31_SP00259" HPOS="2198" VPOS="3170" WIDTH="51"/>
						<String ID="P31_ST00288" HPOS="2249" VPOS="3088" WIDTH="295" HEIGHT="63" CONTENT="verzehrte" WC="0.99" CC="006600620"/>
						<SP ID="P31_SP00260" HPOS="2544" VPOS="3170" WIDTH="41"/>
						<String ID="P31_ST00289" HPOS="2585" VPOS="3111" WIDTH="60" HEIGHT="38" CONTENT="er" WC="0.74" CC="05"/>
					</TextLine>
					<TextLine ID="P31_TL00030" HPOS="401" VPOS="3184" WIDTH="2244" HEIGHT="80">
						<String ID="P31_ST00290" HPOS="401" VPOS="3190" WIDTH="110" HEIGHT="61" CONTENT="den" WC="0.98" CC="005"/>
						<SP ID="P31_SP00261" HPOS="511" VPOS="3251" WIDTH="33"/>
						<String ID="P31_ST00291" HPOS="544" VPOS="3191" WIDTH="182" HEIGHT="70" CONTENT="Käse," WC="0.99" CC="00004"/>
						<SP ID="P31_SP00262" HPOS="726" VPOS="3261" WIDTH="40"/>
						<String ID="P31_ST00292" HPOS="766" VPOS="3189" WIDTH="103" HEIGHT="61" CONTENT="das" WC="1.00" CC="000"/>
						<SP ID="P31_SP00263" HPOS="869" VPOS="3261" WIDTH="36"/>
						<String ID="P31_ST00293" HPOS="905" VPOS="3187" WIDTH="259" HEIGHT="63" CONTENT="Gemüse" WC="1.00" CC="000000"/>
						<SP ID="P31_SP00264" HPOS="1164" VPOS="3261" WIDTH="34"/>
						<String ID="P31_ST00294" HPOS="1198" VPOS="3186" WIDTH="118" HEIGHT="61" CONTENT="und" WC="0.95" CC="560"/>
						<SP ID="P31_SP00265" HPOS="1316" VPOS="3261" WIDTH="32"/>
						<String ID="P31_ST00295" HPOS="1348" VPOS="3186" WIDTH="90" HEIGHT="61" CONTENT="die" WC="1.00" CC="000"/>
						<SP ID="P31_SP00266" HPOS="1438" VPOS="3261" WIDTH="35"/>
						<String ID="P31_ST00296" HPOS="1473" VPOS="3186" WIDTH="224" HEIGHT="72" CONTENT="Sauce,-" WC="1.00" CC="3000040"/>
						<SP ID="P31_SP00267" HPOS="1697" VPOS="3261" WIDTH="33"/>
						<String ID="P31_ST00297" HPOS="1730" VPOS="3186" WIDTH="91" HEIGHT="61" CONTENT="die" WC="0.98" CC="060"/>
						<SP ID="P31_SP00268" HPOS="1821" VPOS="3261" WIDTH="36"/>
						<String ID="P31_ST00298" HPOS="1857" VPOS="3185" WIDTH="233" HEIGHT="62" CONTENT="frischen" WC="0.99" CC="45500005"/>
						<SP ID="P31_SP00269" HPOS="2090" VPOS="3261" WIDTH="28"/>
						<String ID="P31_ST00299" HPOS="2118" VPOS="3184" WIDTH="238" HEIGHT="80" CONTENT="Speisen" WC="0.99" CC="0040003"/>
						<SP ID="P31_SP00270" HPOS="2356" VPOS="3264" WIDTH="36"/>
						<String ID="P31_ST00300" HPOS="2392" VPOS="3184" WIDTH="253" HEIGHT="77" CONTENT="dagegen" WC="1.00" CC="0000004"/>
					</TextLine>
					<TextLine ID="P31_TL00031" HPOS="402" VPOS="3278" WIDTH="2240" HEIGHT="76">
						<String ID="P31_ST00301" HPOS="402" VPOS="3284" WIDTH="337" HEIGHT="61" CONTENT="schmeckten" WC="1.00" CC="0000007100"/>
						<SP ID="P31_SP00271" HPOS="739" VPOS="3345" WIDTH="41"/>
						<String ID="P31_ST00302" HPOS="780" VPOS="3281" WIDTH="112" HEIGHT="63" CONTENT="ihm" WC="0.99" CC="300"/>
						<SP ID="P31_SP00272" HPOS="892" VPOS="3345" WIDTH="41"/>
						<String ID="P31_ST00303" HPOS="933" VPOS="3283" WIDTH="153" HEIGHT="68" CONTENT="nicht," WC="0.99" CC="000033"/>
						<SP ID="P31_SP00273" HPOS="1086" VPOS="3351" WIDTH="36"/>
						<String ID="P31_ST00304" HPOS="1122" VPOS="3304" WIDTH="58" HEIGHT="38" CONTENT="er" WC="0.66" CC="06"/>
						<SP ID="P31_SP00274" HPOS="1180" VPOS="3351" WIDTH="32"/>
						<String ID="P31_ST00305" HPOS="1212" VPOS="3280" WIDTH="208" HEIGHT="61" CONTENT="konnte" WC="1.00" CC="020000"/>
						<SP ID="P31_SP00275" HPOS="1420" VPOS="3351" WIDTH="41"/>
						<String ID="P31_ST00306" HPOS="1461" VPOS="3280" WIDTH="140" HEIGHT="60" CONTENT="nicht" WC="0.98" CC="60005"/>
						<SP ID="P31_SP00276" HPOS="1601" VPOS="3351" WIDTH="40"/>
						<String ID="P31_ST00307" HPOS="1641" VPOS="3279" WIDTH="204" HEIGHT="61" CONTENT="einmal" WC="0.98" CC="004337"/>
						<SP ID="P31_SP00277" HPOS="1845" VPOS="3351" WIDTH="42"/>
						<String ID="P31_ST00308" HPOS="1887" VPOS="3279" WIDTH="156" HEIGHT="61" CONTENT="ihren" WC="0.98" CC="10630"/>
						<SP ID="P31_SP00278" HPOS="2043" VPOS="3351" WIDTH="37"/>
						<String ID="P31_ST00309" HPOS="2080" VPOS="3278" WIDTH="226" HEIGHT="62" CONTENT="Geruch" WC="0.99" CC="006600"/>
						<SP ID="P31_SP00279" HPOS="2306" VPOS="3351" WIDTH="42"/>
						<String ID="P31_ST00310" HPOS="2348" VPOS="3293" WIDTH="294" HEIGHT="61" CONTENT="vertragen" WC="0.99" CC="056660044"/>
					</TextLine>
					<TextLine ID="P31_TL00032" HPOS="402" VPOS="3372" WIDTH="2242" HEIGHT="85">
						<String ID="P31_ST00311" HPOS="402" VPOS="3378" WIDTH="118" HEIGHT="60" CONTENT="und" WC="0.98" CC="400"/>
						<SP ID="P31_SP00280" HPOS="520" VPOS="3438" WIDTH="50"/>
						<String ID="P31_ST00312" HPOS="570" VPOS="3378" WIDTH="275" HEIGHT="79" CONTENT="schleppte" WC="1.00" CC="000700030"/>
						<SP ID="P31_SP00281" HPOS="845" VPOS="3457" WIDTH="50"/>
						<String ID="P31_ST00313" HPOS="895" VPOS="3399" WIDTH="169" HEIGHT="55" CONTENT="sogar" WC="0.99" CC="04000"/>
						<SP ID="P31_SP00282" HPOS="1064" VPOS="3457" WIDTH="40"/>
						<String ID="P31_ST00314" HPOS="1104" VPOS="3374" WIDTH="88" HEIGHT="62" CONTENT="die" WC="0.99" CC="030"/>
						<SP ID="P31_SP00283" HPOS="1192" VPOS="3457" WIDTH="42"/>
						<String ID="P31_ST00315" HPOS="1234" VPOS="3374" WIDTH="232" HEIGHT="71" CONTENT="Sachen," WC="0.99" CC="3000224"/>
						<SP ID="P31_SP00284" HPOS="1466" VPOS="3457" WIDTH="43"/>
						<String ID="P31_ST00316" HPOS="1509" VPOS="3373" WIDTH="91" HEIGHT="61" CONTENT="die" WC="0.98" CC="060"/>
						<SP ID="P31_SP00285" HPOS="1600" VPOS="3457" WIDTH="43"/>
						<String ID="P31_ST00317" HPOS="1643" VPOS="3396" WIDTH="59" HEIGHT="38" CONTENT="er" WC="0.69" CC="06"/>
						<SP ID="P31_SP00286" HPOS="1702" VPOS="3457" WIDTH="42"/>
						<String ID="P31_ST00318" HPOS="1744" VPOS="3397" WIDTH="167" HEIGHT="38" CONTENT="essen" WC="1.00" CC="00000"/>
						<SP ID="P31_SP00287" HPOS="1911" VPOS="3457" WIDTH="42"/>
						<String ID="P31_ST00319" HPOS="1953" VPOS="3373" WIDTH="213" HEIGHT="70" CONTENT="wollte," WC="0.99" CC="0370500"/>
						<SP ID="P31_SP00288" HPOS="2166" VPOS="3457" WIDTH="43"/>
						<String ID="P31_ST00320" HPOS="2209" VPOS="3380" WIDTH="89" HEIGHT="52" CONTENT="ein" WC="0.99" CC="020"/>
						<SP ID="P31_SP00289" HPOS="2298" VPOS="3457" WIDTH="42"/>
						<String ID="P31_ST00321" HPOS="2340" VPOS="3372" WIDTH="304" HEIGHT="60" CONTENT="Stückchen" WC="0.99" CC="600070000"/>
					</TextLine>
					<TextLine ID="P31_TL00033" HPOS="402" VPOS="3466" WIDTH="2239" HEIGHT="85">
						<String ID="P31_ST00322" HPOS="402" VPOS="3481" WIDTH="194" HEIGHT="52" CONTENT="weiter" WC="0.99" CC="005142"/>
						<SP ID="P31_SP00290" HPOS="596" VPOS="3533" WIDTH="41"/>
						<String ID="P31_ST00323" HPOS="637" VPOS="3495" WIDTH="143" HEIGHT="56" CONTENT="weg." WC="0.99" CC="0003"/>
						<SP ID="P31_SP00291" HPOS="780" VPOS="3551" WIDTH="45"/>
						<String ID="P31_ST00324" HPOS="825" VPOS="3472" WIDTH="86" HEIGHT="61" CONTENT="Er" WC="0.39" CC="75"/>
						<SP ID="P31_SP00292" HPOS="911" VPOS="3551" WIDTH="41"/>
						<String ID="P31_ST00325" HPOS="952" VPOS="3495" WIDTH="121" HEIGHT="37" CONTENT="war" WC="0.97" CC="006"/>
						<SP ID="P31_SP00293" HPOS="1073" VPOS="3551" WIDTH="40"/>
						<String ID="P31_ST00326" HPOS="1113" VPOS="3471" WIDTH="165" HEIGHT="59" CONTENT="schon" WC="0.99" CC="09000"/>
						<SP ID="P31_SP00294" HPOS="1278" VPOS="3551" WIDTH="42"/>
						<String ID="P31_ST00327" HPOS="1320" VPOS="3469" WIDTH="182" HEIGHT="77" CONTENT="längst" WC="0.99" CC="404003"/>
						<SP ID="P31_SP00295" HPOS="1502" VPOS="3551" WIDTH="40"/>
						<String ID="P31_ST00328" HPOS="1542" VPOS="3477" WIDTH="98" HEIGHT="52" CONTENT="mit" WC="0.98" CC="022"/>
						<SP ID="P31_SP00296" HPOS="1640" VPOS="3551" WIDTH="41"/>
						<String ID="P31_ST00329" HPOS="1681" VPOS="3468" WIDTH="165" HEIGHT="61" CONTENT="allem" WC="0.98" CC="56020"/>
						<SP ID="P31_SP00297" HPOS="1846" VPOS="3551" WIDTH="43"/>
						<String ID="P31_ST00330" HPOS="1889" VPOS="3468" WIDTH="160" HEIGHT="76" CONTENT="fertig" WC="0.98" CC="565040"/>
						<SP ID="P31_SP00298" HPOS="2049" VPOS="3551" WIDTH="41"/>
						<String ID="P31_ST00331" HPOS="2090" VPOS="3466" WIDTH="118" HEIGHT="62" CONTENT="und" WC="1.00" CC="000"/>
						<SP ID="P31_SP00299" HPOS="2208" VPOS="3551" WIDTH="33"/>
						<String ID="P31_ST00332" HPOS="2241" VPOS="3467" WIDTH="90" HEIGHT="76" CONTENT="lag" WC="0.97" CC="700"/>
						<SP ID="P31_SP00300" HPOS="2331" VPOS="3551" WIDTH="33"/>
						<String ID="P31_ST00333" HPOS="2364" VPOS="3488" WIDTH="107" HEIGHT="37" CONTENT="nur" WC="0.98" CC="006"/>
						<SP ID="P31_SP00301" HPOS="2471" VPOS="3551" WIDTH="33"/>
						<String ID="P31_ST00334" HPOS="2504" VPOS="3466" WIDTH="137" HEIGHT="58" CONTENT="noch" WC="0.98" CC="0070"/>
					</TextLine>
					<TextLine ID="P31_TL00034" HPOS="403" VPOS="3558" WIDTH="2243" HEIGHT="85">
						<String ID="P31_ST00335" HPOS="403" VPOS="3566" WIDTH="117" HEIGHT="61" CONTENT="faul" WC="0.96" CC="5056"/>
						<SP ID="P31_SP00302" HPOS="520" VPOS="3627" WIDTH="42"/>
						<String ID="P31_ST00336" HPOS="562" VPOS="3567" WIDTH="107" HEIGHT="60" CONTENT="auf" WC="0.96" CC="064"/>
						<SP ID="P31_SP00303" HPOS="669" VPOS="3627" WIDTH="28"/>
						<String ID="P31_ST00337" HPOS="697" VPOS="3566" WIDTH="99" HEIGHT="62" CONTENT="der" WC="0.98" CC="005"/>
						<SP ID="P31_SP00304" HPOS="796" VPOS="3628" WIDTH="39"/>
						<String ID="P31_ST00338" HPOS="835" VPOS="3565" WIDTH="240" HEIGHT="78" CONTENT="gleichen" WC="0.99" CC="00500042"/>
						<SP ID="P31_SP00305" HPOS="1075" VPOS="3643" WIDTH="36"/>
						<String ID="P31_ST00339" HPOS="1111" VPOS="3563" WIDTH="188" HEIGHT="73" CONTENT="Stelle," WC="0.98" CC="2206704"/>
						<SP ID="P31_SP00306" HPOS="1299" VPOS="3643" WIDTH="43"/>
						<String ID="P31_ST00340" HPOS="1342" VPOS="3562" WIDTH="81" HEIGHT="61" CONTENT="als" WC="1.00" CC="000"/>
						<SP ID="P31_SP00307" HPOS="1423" VPOS="3643" WIDTH="43"/>
						<String ID="P31_ST00341" HPOS="1466" VPOS="3561" WIDTH="90" HEIGHT="62" CONTENT="die" WC="0.99" CC="020"/>
						<SP ID="P31_SP00308" HPOS="1556" VPOS="3643" WIDTH="42"/>
						<String ID="P31_ST00342" HPOS="1598" VPOS="3562" WIDTH="319" HEIGHT="61" CONTENT="Schwester" WC="1.00" CC="000000006"/>
						<SP ID="P31_SP00309" HPOS="1917" VPOS="3643" WIDTH="42"/>
						<String ID="P31_ST00343" HPOS="1959" VPOS="3585" WIDTH="132" HEIGHT="38" CONTENT="zum" WC="0.95" CC="660"/>
						<SP ID="P31_SP00310" HPOS="2091" VPOS="3643" WIDTH="34"/>
						<String ID="P31_ST00344" HPOS="2125" VPOS="3561" WIDTH="265" HEIGHT="68" CONTENT="Zeichen," WC="0.99" CC="04600304"/>
						<SP ID="P31_SP00311" HPOS="2390" VPOS="3643" WIDTH="41"/>
						<String ID="P31_ST00345" HPOS="2431" VPOS="3558" WIDTH="110" HEIGHT="61" CONTENT="daß" WC="1.00" CC="000"/>
						<SP ID="P31_SP00312" HPOS="2541" VPOS="3643" WIDTH="44"/>
						<String ID="P31_ST00346" HPOS="2585" VPOS="3581" WIDTH="61" HEIGHT="38" CONTENT="er" WC="0.55" CC="44"/>
					</TextLine>
					<TextLine ID="P31_TL00035" HPOS="401" VPOS="3653" WIDTH="2244" HEIGHT="83">
						<String ID="P31_ST00347" HPOS="401" VPOS="3661" WIDTH="105" HEIGHT="60" CONTENT="sich" WC="0.99" CC="0200"/>
						<SP ID="P31_SP00313" HPOS="506" VPOS="3721" WIDTH="18"/>
						<String ID="P31_ST00348" HPOS="524" VPOS="3660" WIDTH="408" HEIGHT="62" CONTENT="zurückziehen" WC="0.99" CC="746007620040"/>
						<SP ID="P31_SP00314" HPOS="932" VPOS="3722" WIDTH="17"/>
						<String ID="P31_ST00349" HPOS="949" VPOS="3659" WIDTH="159" HEIGHT="72" CONTENT="solle," WC="0.99" CC="025004"/>
						<SP ID="P31_SP00315" HPOS="1108" VPOS="3731" WIDTH="25"/>
						<String ID="P31_ST00350" HPOS="1133" VPOS="3659" WIDTH="251" HEIGHT="77" CONTENT="langsam" WC="0.99" CC="6150040"/>
						<SP ID="P31_SP00316" HPOS="1384" VPOS="3736" WIDTH="29"/>
						<String ID="P31_ST00351" HPOS="1413" VPOS="3655" WIDTH="109" HEIGHT="62" CONTENT="den" WC="1.00" CC="000"/>
						<SP ID="P31_SP00317" HPOS="1522" VPOS="3736" WIDTH="27"/>
						<String ID="P31_ST00352" HPOS="1549" VPOS="3655" WIDTH="279" HEIGHT="63" CONTENT="Schlüssel" WC="1.00" CC="400000006"/>
						<SP ID="P31_SP00318" HPOS="1828" VPOS="3736" WIDTH="34"/>
						<String ID="P31_ST00353" HPOS="1862" VPOS="3655" WIDTH="313" HEIGHT="61" CONTENT="umdrehte." WC="0.99" CC="400606654"/>
						<SP ID="P31_SP00319" HPOS="2175" VPOS="3736" WIDTH="38"/>
						<String ID="P31_ST00354" HPOS="2213" VPOS="3655" WIDTH="126" HEIGHT="59" CONTENT="Das" WC="0.98" CC="050"/>
						<SP ID="P31_SP00320" HPOS="2339" VPOS="3736" WIDTH="35"/>
						<String ID="P31_ST00355" HPOS="2374" VPOS="3653" WIDTH="271" HEIGHT="61" CONTENT="schreckte" WC="0.99" CC="000600700"/>
					</TextLine>
					<TextLine ID="P31_TL00036" HPOS="402" VPOS="3746" WIDTH="2243" HEIGHT="81">
						<String ID="P31_ST00356" HPOS="402" VPOS="3754" WIDTH="93" HEIGHT="61" CONTENT="ihn" WC="0.95" CC="075"/>
						<SP ID="P31_SP00321" HPOS="495" VPOS="3815" WIDTH="58"/>
						<String ID="P31_ST00357" HPOS="553" VPOS="3758" WIDTH="183" HEIGHT="59" CONTENT="sofort" WC="0.99" CC="003062"/>
						<SP ID="P31_SP00322" HPOS="736" VPOS="3817" WIDTH="57"/>
						<String ID="P31_ST00358" HPOS="793" VPOS="3755" WIDTH="126" HEIGHT="72" CONTENT="auf," WC="0.98" CC="0704"/>
						<SP ID="P31_SP00323" HPOS="919" VPOS="3827" WIDTH="57"/>
						<String ID="P31_ST00359" HPOS="976" VPOS="3754" WIDTH="277" HEIGHT="62" CONTENT="trotzdem" WC="0.99" CC="07546000"/>
						<SP ID="P31_SP00324" HPOS="1253" VPOS="3827" WIDTH="48"/>
						<String ID="P31_ST00360" HPOS="1301" VPOS="3775" WIDTH="60" HEIGHT="40" CONTENT="er" WC="0.70" CC="05"/>
						<SP ID="P31_SP00325" HPOS="1361" VPOS="3827" WIDTH="48"/>
						<String ID="P31_ST00361" HPOS="1409" VPOS="3751" WIDTH="168" HEIGHT="61" CONTENT="schon" WC="0.97" CC="00765"/>
						<SP ID="P31_SP00326" HPOS="1577" VPOS="3827" WIDTH="51"/>
						<String ID="P31_ST00362" HPOS="1628" VPOS="3750" WIDTH="109" HEIGHT="62" CONTENT="fast" WC="0.98" CC="3600"/>
						<SP ID="P31_SP00327" HPOS="1737" VPOS="3827" WIDTH="48"/>
						<String ID="P31_ST00363" HPOS="1785" VPOS="3750" WIDTH="404" HEIGHT="70" CONTENT="schlummerte," WC="1.00" CC="000050026304"/>
						<SP ID="P31_SP00328" HPOS="2189" VPOS="3827" WIDTH="49"/>
						<String ID="P31_ST00364" HPOS="2238" VPOS="3746" WIDTH="120" HEIGHT="62" CONTENT="und" WC="0.98" CC="040"/>
						<SP ID="P31_SP00329" HPOS="2358" VPOS="3827" WIDTH="49"/>
						<String ID="P31_ST00365" HPOS="2407" VPOS="3770" WIDTH="60" HEIGHT="38" CONTENT="er" WC="0.68" CC="06"/>
						<SP ID="P31_SP00330" HPOS="2467" VPOS="3827" WIDTH="50"/>
						<String ID="P31_ST00366" HPOS="2517" VPOS="3747" WIDTH="128" HEIGHT="61" CONTENT="eilte" WC="0.97" CC="03756"/>
					</TextLine>
					<TextLine ID="P31_TL00037" HPOS="403" VPOS="3841" WIDTH="2244" HEIGHT="87">
						<String ID="P31_ST00367" HPOS="403" VPOS="3848" WIDTH="211" HEIGHT="62" CONTENT="wieder" WC="0.99" CC="044006"/>
						<SP ID="P31_SP00331" HPOS="614" VPOS="3910" WIDTH="42"/>
						<String ID="P31_ST00368" HPOS="656" VPOS="3866" WIDTH="164" HEIGHT="45" CONTENT="unter" WC="0.99" CC="30006"/>
						<SP ID="P31_SP00332" HPOS="820" VPOS="3911" WIDTH="42"/>
						<String ID="P31_ST00369" HPOS="862" VPOS="3849" WIDTH="101" HEIGHT="62" CONTENT="das" WC="0.99" CC="030"/>
						<SP ID="P31_SP00333" HPOS="963" VPOS="3911" WIDTH="43"/>
						<String ID="P31_ST00370" HPOS="1006" VPOS="3849" WIDTH="294" HEIGHT="79" CONTENT="Kanapee." WC="1.00" CC="00000004"/>
						<SP ID="P31_SP00334" HPOS="1300" VPOS="3928" WIDTH="60"/>
						<String ID="P31_ST00371" HPOS="1360" VPOS="3845" WIDTH="165" HEIGHT="62" CONTENT="Aber" WC="0.96" CC="3706"/>
						<SP ID="P31_SP00335" HPOS="1525" VPOS="3928" WIDTH="40"/>
						<String ID="P31_ST00372" HPOS="1565" VPOS="3868" WIDTH="61" HEIGHT="38" CONTENT="es" WC="1.00" CC="00"/>
						<SP ID="P31_SP00336" HPOS="1626" VPOS="3928" WIDTH="41"/>
						<String ID="P31_ST00373" HPOS="1667" VPOS="3844" WIDTH="220" HEIGHT="62" CONTENT="kostete" WC="0.99" CC="0005040"/>
						<SP ID="P31_SP00337" HPOS="1887" VPOS="3928" WIDTH="41"/>
						<String ID="P31_ST00374" HPOS="1928" VPOS="3843" WIDTH="93" HEIGHT="62" CONTENT="ihn" WC="0.97" CC="070"/>
						<SP ID="P31_SP00338" HPOS="2021" VPOS="3928" WIDTH="42"/>
						<String ID="P31_ST00375" HPOS="2063" VPOS="3843" WIDTH="175" HEIGHT="77" CONTENT="große" WC="0.99" CC="06000"/>
						<SP ID="P31_SP00339" HPOS="2238" VPOS="3928" WIDTH="42"/>
						<String ID="P31_ST00376" HPOS="2280" VPOS="3841" WIDTH="367" HEIGHT="64" CONTENT="Selbstüber*" WC="0.64" CC="60670007360"/>
					</TextLine>
					<TextLine ID="P31_TL00038" HPOS="403" VPOS="3937" WIDTH="2246" HEIGHT="83">
						<String ID="P31_ST00377" HPOS="403" VPOS="3942" WIDTH="290" HEIGHT="78" CONTENT="Windung," WC="0.99" CC="03305404"/>
						<SP ID="P31_SP00340" HPOS="693" VPOS="4020" WIDTH="42"/>
						<String ID="P31_ST00378" HPOS="735" VPOS="3944" WIDTH="137" HEIGHT="61" CONTENT="auch" WC="0.97" CC="6007"/>
						<SP ID="P31_SP00341" HPOS="872" VPOS="4020" WIDTH="53"/>
						<String ID="P31_ST00379" HPOS="925" VPOS="3968" WIDTH="107" HEIGHT="37" CONTENT="nur" WC="0.95" CC="066"/>
						<SP ID="P31_SP00342" HPOS="1032" VPOS="4020" WIDTH="42"/>
						<String ID="P31_ST00380" HPOS="1074" VPOS="3943" WIDTH="90" HEIGHT="62" CONTENT="die" WC="0.99" CC="030"/>
						<SP ID="P31_SP00343" HPOS="1164" VPOS="4020" WIDTH="41"/>
						<String ID="P31_ST00381" HPOS="1205" VPOS="3942" WIDTH="172" HEIGHT="62" CONTENT="kurze" WC="0.97" CC="06660"/>
						<SP ID="P31_SP00344" HPOS="1377" VPOS="4020" WIDTH="42"/>
						<String ID="P31_ST00382" HPOS="1419" VPOS="3942" WIDTH="149" HEIGHT="70" CONTENT="Zeit," WC="0.98" CC="04304"/>
						<SP ID="P31_SP00345" HPOS="1568" VPOS="4020" WIDTH="42"/>
						<String ID="P31_ST00383" HPOS="1610" VPOS="3938" WIDTH="275" HEIGHT="63" CONTENT="während" WC="0.99" CC="0075000"/>
						<SP ID="P31_SP00346" HPOS="1885" VPOS="4020" WIDTH="40"/>
						<String ID="P31_ST00384" HPOS="1925" VPOS="3938" WIDTH="235" HEIGHT="62" CONTENT="welcher" WC="0.99" CC="0070067"/>
						<SP ID="P31_SP00347" HPOS="2160" VPOS="4020" WIDTH="42"/>
						<String ID="P31_ST00385" HPOS="2202" VPOS="3937" WIDTH="90" HEIGHT="62" CONTENT="die" WC="0.99" CC="030"/>
						<SP ID="P31_SP00348" HPOS="2292" VPOS="4020" WIDTH="43"/>
						<String ID="P31_ST00386" HPOS="2335" VPOS="3937" WIDTH="314" HEIGHT="62" CONTENT="Schwester" WC="1.00" CC="200000006"/>
					</TextLine>
				</TextBlock>
			</PrintSpace>
		</Page>
	</Layout>
</alto>
