3256 4572
795 505 135 49 Max
958 502 196 52 Scßefer
1183 527 9 12 *
1231 490 146 62 ÜBer
1405 497 216 54 östficßes
1655 498 119 50 und
1793 494 261 53 westftcßes
2094 492 341 51 Christcntum

2621 488 120 49 1265

497 698 188 61 diesen
727 695 289 79 qualitativ
1057 700 300 71 eigenartig
1398 689 289 80 gefärbten
1734 686 338 62 »Christus«
2122 706 103 58 gar
2273 682 142 63 nicht
2465 681 81 61 als
2597 680 149 62 Ein*

496 792 112 59 heit
665 798 240 53 existiert
961 788 118 61 und
1135 785 231 79 vergißt,
1423 784 109 61 daß
1591 806 58 39 es
1708 781 150 63 ohne
1908 781 190 61 diesen
2151 778 267 62 Christus
2467 799 108 38 nur
2623 784 123 53 eine

496 884 231 61 Anzahl
754 883 216 62 Völker
1009 891 54 52 in
1104 880 262 63 Rußland
1405 879 116 79 gibt
1648 878 135 61 aber
1822 878 124 60 kein
1978 874 159 64 Volk.
2188 874 226 61 Dimitri
2449 870 294 63 Meresch*

499 978 238 79 kowsky
777 993 124 63 sagt
939 1000 145 54 ganz
1125 976 200 76 richtig,
1366 973 88 61 bei
1498 972 409 77 Dostojewsky
1948 969 186 61 könne
2184 991 133 38 man
2368 967 90 62 die
2509 964 234 63 Formel

500 1073 159 60 »Das
685 1072 265 61 russische
975 1070 150 62 Volk
1150 1070 126 59 ruht
1309 1091 145 55 ganz
1487 1075 53 52 in
1576 1066 97 61 der
1698 1062 539 80 Rechtgläubigkeit«
2267 1061 137 62 auch
2430 1060 309 62 umkehren

495 1175 76 52 in:
628 1166 146 61 »Die
823 1188 179 56 ganze
1049 1160 501 80 Rechtgläubigkeit
1597 1160 130 60 ruht
1774 1167 75 51 im
1889 1156 305 62 russischen
2236 1155 207 62 Volk«,
2490 1154 144 62 Und
2677 1178 61 36 er

495 1277 140 44 setzt
666 1259 183 72 hinzu,
877 1258 108 61 daß
1012 1256 150 61 dann
1188 1255 139 61 nicht
1367 1254 102 61 das
1494 1253 158 61 Volk
1694 1251 80 61 als
1807 1250 139 61 Leib
1982 1249 229 71 Gottes,
2245 1250 246 60 sondern
2533 1247 188 63 »Gott

497 1354 98 60 der
619 1353 158 71 Leib,
819 1353 89 60 die
948 1348 485 77 Fleischwerdung
1474 1347 99 61 der
1596 1345 363 63 Volksseele«
2004 1350 99 64 sei,
2143 1344 103 60 das
2270 1341 160 63 Volk
2474 1343 120 59 also
2630 1341 106 61 ab*

495 1447 175 72 solut,
727 1446 148 62 Gott
929 1444 208 61 relativ.
1202 1443 126 60 Das
1391 1449 70 54 ist
1524 1448 54 52 in
1638 1439 98 61 der
1783 1434 114 65 Tat
2061 1446 110 52 wie
2227 1435 507 78 Mereschkowsky

494 1540 232 61 treffend
765 1538 247 63 bemerkt
1169 1560 107 37 nur
1324 1543 123 54 eine
1487 1532 392 77 Anwendung
1927 1555 117 38 von
2085 1529 353 63 Feuerbachs
2470 1526 265 75 Theorie,

500 1632 133 63 nach
674 1632 98 60 der
820 1632 97 60 der
955 1630 236 61 Mensch
1234 1628 144 63 Gott
1417 1627 135 61 nach
1593 1635 211 53 seinem
1846 1623 318 63 Ebenbilde
2204 1622 226 73 schaffe,
2481 1646 98 37 um
2627 1623 108 61 sich

495 1735 54 51 in
607 1726 207 61 diesem
872 1724 119 62 Idol
1047 1724 171 62 selbst
1275 1721 330 62 anzubeten.
1665 1720 148 61 Man
1863 1717 134 63 darf
2037 1717 139 63 nicht
2223 1719 190 59 Herrn
2462 1717 272 61 Maurice

496 1819 200 61 Barres
739 1818 209 77 fragen,
991 1839 124 38 was
1157 1824 87 52 ein
1285 1832 161 62 guter
1485 1813 271 62 Katholik
1795 1820 110 64 sei,-
1952 1811 118 61 und
2117 1834 170 37 wenn
2330 1809 135 61 auch
2507 1810 227 61 Dosto*

492 1912 216 76 jewsky
749 1919 86 52 ein
878 1910 234 61 echterer
1154 1909 196 61 Christ
1389 1917 67 52 ist
1497 1907 81 61 als
1611 1907 268 62 Maurice
1911 1905 221 69 Barres,
2173 1927 67 38 so
2273 1903 133 61 darf
2430 1927 131 37 man
2597 1904 136 61 doch

497 2004 134 61 auch
673 2004 91 60 ihn
807 2004 139 60 nicht
985 2018 226 45 zuerst
1254 2002 210 76 fragen,
1506 2023 124 39 was
1673 2008 87 52 ein
1803 1998 295 62 russischer
2131 1997 195 62 Christ
2364 2004 97 54 sei,
2505 1997 228 61 Dosto*

496 2097 244 78 jewskys
779 2097 461 75 Abweichungen
1290 2119 115 37 von
1456 2095 98 61 der
1602 2093 355 63 orthodoxen
2006 2092 346 78 Religiosität
2400 2091 181 61 lassen
2623 2091 108 61 sich

495 2191 101 60 alle
631 2190 104 61 auf
769 2199 150 52 eine
944 2189 230 61 Formel
1212 2187 426 63 zurückfuhren:
1663 2186 151 61 Was
1855 2186 147 61 beim
2043 2185 184 61 echten
2264 2183 323 78 Gläubigen
2621 2209 112 35 un*

496 2283 288 60 bewußter
819 2281 905 78 Volks*Anthropomorphismus
1760 2288 68 52 ist
1860 2279 118 61 und
2009 2302 123 38 was
2166 2302 59 36 er
2247 2277 181 61 sofort
2453 2276 277 62 ablehnen

492 2375 216 70 würde,
756 2398 169 38 wenn
976 2397 60 38 er
1084 2397 59 38 es
1195 2374 78 60 als
1323 2373 217 62 solchen
1591 2373 282 71 erkännte,
1921 2371 102 61 das
2072 2380 69 51 ist
2187 2370 90 61 bei
2317 2369 416 79 Dostojewsky

497 2492 130 37 zum
668 2468 299 60 bewußten
1008 2467 344 61 Russentum
1393 2467 305 76 geworden
1741 2464 117 61 und
1897 2465 142 60 wird
2079 2463 359 79 gleichwohl
2470 2472 99 52 mit
2602 2463 129 61 dem

490 2561 170 61 Wert
701 2561 99 61 des
842 2559 638 77 Christlich*Relsgiösen
1522 2558 137 61 noch
1700 2558 314 61 umkleidet.
2057 2557 143 61 Und
2241 2557 103 61 das
2386 2566 68 52 ist
2606 2557 129 61 reli*

490 2664 120 68 giös
652 2655 332 77 gesprochen
1141 2653 89 60 die
1271 2652 195 62 Sünde
1506 2651 456 77 Dostojewskys.

566 2747 271 61 Nehmen
894 2756 103 51 wir
1051 2746 121 61 also
1220 2745 262 62 zunächst
1530 2745 364 77 unabhängig
1943 2768 117 38 von
2109 2744 112 61 ihm
2270 2765 243 40 unseren
2554 2742 176 79 Weg.

491 2840 191 61 Adolf
735 2863 117 38 von
909 2839 263 61 Harnack
1228 2839 115 77 gibt
1399 2846 55 52 in
1512 2838 128 60 dem
1698 2836 466 79 Sitzungsbericht
2221 2836 99 61 der
2373 2836 362 61 Preußischen

492 2933 320 62 Akademie
867 2956 136 38 vom
1059 2933 51 59 6,
1167 2932 256 60 Februar
1477 2932 147 60 1913
1685 2939 86 52 ein
1831 2930 483 78 ausgezeichnetes
2373 2953 362 38 zusammen*

492 3027 292 62 fassendes
816 3027 123 61 Bild
972 3027 97 59 der
1102 3034 223 52 inneren
1362 3024 364 79 Gegensätze
1759 3025 99 61 der
1889 3024 201 61 beiden
2124 3024 328 61 christlichen
2477 3024 259 71 Kirchen,

492 3121 145 61 ihres
655 3119 230 63 Geistes
904 3118 105 73 und
1009 3118 248 73 Kultus,
1268 3118 102 61 das
1381 3118 262 61 vielleicht
1659 3117 307 62 indesnoch
1985 3126 123 53 eine
2124 3117 540 79 Vereinheitlichung
2682 3125 54 53 in

495 3215 99 61 der
633 3213 270 78 Richtung
962 3222 266 69 verträgt,
1286 3212 108 61 daß
1452 3212 89 61 die
1601 3236 114 37 von
1767 3212 265 61 Flarnack
2082 3211 395 79 aufgeführten
2515 3211 221 61 Unter*

496 3307 215 63 schiede
762 3307 102 60 auf
910 3315 88 52 ein
1050 3307 192 60 letztes
1291 3305 219 77 Prinzip
1562 3306 99 60 des
1705 3306 362 78 religiösen
2112 3305 278 62 Geistes
2430 3304 308 77 zurückge*

494 3401 149 63 führt
675 3400 230 62 werden
941 3400 118 61 und
1092 3400 89 61 die
1206 3399 287 61 Differenz
1534 3408 73 52 im
1642 3408 227 52 inneren
1896 3398 612 78 Frömmigkeitsgeiste
2546 3396 193 63 beider

490 3495 251 63 Formen
783 3497 99 61 des
927 3495 321 61 christlichen
1284 3493 298 63 Glaubens
1618 3493 237 62 schärfer
1888 3516 265 54 erwogen
2187 3493 157 62 wird,
2380 3492 221 77 Folgen
2634 3500 105 53 wir

490 3606 188 44 zuerst
716 3589 278 61 Harnack,

571 3683 116 61 Mit
727 3683 168 61 Recht
934 3682 173 62 wählt
1145 3682 260 61 Harnack
1447 3681 80 61 als
1568 3680 536 77 westeuropäisches
2128 3678 474 80 Vergleichsglied
2634 3702 106 37 nur

497 3777 91 61 die
645 3777 269 63 römische
972 3777 200 63 Kirche
1328 3776 117 61 und
1501 3775 157 62 keine
1715 3775 98 61 der
1869 3775 498 77 protestantischen
2423 3774 321 77 Religions*

499 3869 235 65 formen.
779 3871 89 61 Es
910 3880 158 52 wäre
1110 3880 121 52 eine
1272 3869 203 77 völlige
1515 3867 391 79 Verkennung
1957 3869 99 59 der
2098 3867 506 79 Größenordnung
2644 3869 99 59 der

496 3961 118 64 hier
673 3965 404 78 vorliegenden
1117 3963 593 70 Verschiedenheiten,
1761 3963 109 61 den
1920 3961 499 64 Protestantismus
2462 3961 283 63 heranzu*
