3260 4572
652 472 123 52 1252

911 476 65 50 E.
1005 496 45 31 v.
1074 478 156 49 Aster
1258 503 12 13 •
1300 479 358 51 Künstfenscße
1691 488 115 44 und
1826 487 438 62 wissenscßaftficße

725 662 148 61 Man
915 665 139 60 wird
1089 690 58 36 es
1180 665 233 61 darnach
1447 668 138 60 nicht
1616 669 424 76 mißverstehen,
2068 698 165 40 wenn
2269 678 74 61 ich
2378 705 114 38 von
2528 692 148 55 einer
2709 688 163 65 durch

651 754 102 60 das
793 756 482 61 Bekanntwerden
1325 758 96 60 der
1468 758 399 66 Darwinschen
1909 764 220 64 Lehren
2180 775 308 61 wesentlich
2539 800 333 60 angeregten

645 848 366 78 biologischen
1058 851 563 77 Betrachtungsweise
1678 864 53 52 in
1782 858 98 61 der
1928 860 361 84 Psychologie
2338 869 117 62 und
2503 876 366 64 verwandten

643 940 339 77 Disziplinen
1007 942 216 76 spreche
1242 944 116 59 und
1386 945 147 62 diese
1566 947 332 82 biologische
1927 954 98 61 der
2058 958 806 85 mechanisch-physikalischen

639 1032 561 78 Betrachtungsweise
1251 1041 442 74 entgegenstelle.
1752 1044 111 62 Die
1919 1048 330 80 biologische
2299 1054 569 84 Betrachtungsweise

635 1125 261 61 bedeutet
943 1128 137 61 nicht
1128 1138 86 52 ein
1266 1130 426 68 Zurückführen
1744 1139 98 61 der
1889 1142 362 82 Psychologie
2302 1151 106 59 auf
2446 1152 249 80 Biologie
2747 1161 117 59 und

631 1218 88 60 die
743 1218 762 79 physikalisch-mechanische
1531 1231 139 61 nicht
1697 1241 86 52 ein
1802 1234 423 68 Zurückführen
2252 1242 99 61 der
2375 1246 482 81 psychologischen

630 1311 106 59 auf
753 1312 88 61 die
868 1312 245 63 Gesetze
1141 1317 98 60 der
1264 1318 310 66 Mechanik.
1608 1325 328 66 Nietzsches
1962 1330 360 82 Psychologie
2347 1345 69 53 ist
2432 1340 139 61 nicht
2589 1342 269 80 Biologie,

631 1406 111 61 und
758 1406 276 80 Lessings,
1046 1408 294 79 Spinozas,
1359 1415 358 67 oderLockes
1736 1421 361 83 Psychologie
2115 1436 67 52 ist
2200 1430 138 61 nicht
2356 1431 222 79 Physik.
2594 1436 163 63 Aber
2774 1440 89 61 die

626 1497 338 65 DenKweise
986 1502 99 61 des
1118 1521 241 45 ersteren
1393 1516 69 54 ist
1495 1518 122 54 eine
1642 1537 115 38 von
1785 1515 97 61 der
1905 1518 266 80 Biologie,
2200 1521 88 63 die
2314 1524 98 61 des
2437 1525 261 65 letzteren
2727 1540 122 55 eine

625 1615 135 38 vom
800 1594 234 80 Beispiel
1075 1598 96 61 der
1212 1599 208 79 Physik
1461 1603 98 62 her
1598 1605 347 68 beeinflußte.
1997 1613 120 61 Der
2159 1624 121 54 eine
2319 1619 143 61 sieht
2501 1629 75 54 im
2618 1623 202 63 Seelen-

623 1684 157 62 leben
808 1697 85 50 ein
912 1689 104 61 sich
1034 1692 361 64 wandelndes
1414 1695 261 75 Gebilde,
1703 1702 121 71 das,
1849 1704 106 61 sich
1981 1707 242 62 äußeren
2241 1709 612 88 Lebensbedingungen

624 1783 335 74 anpassend,
1019 1793 160 52 einen
1239 1796 195 53 immer
1481 1815 183 39 neuen
1706 1794 239 64 Anblick
1992 1802 268 75 gewährt,
2310 1807 105 59 sich
2472 1807 381 69 fortwährend

620 1872 352 79 schöpferisch
1019 1876 246 81 betätigt,
1317 1905 59 37 er
1423 1886 252 62 versucht
1725 1888 150 63 diese
1923 1891 391 83 Schöpfungen
2365 1901 117 61 und
2531 1902 117 63 dies
2699 1905 124 62 Sich-

618 1967 259 61 wandeln
929 1994 100 38 aus
1080 1972 106 61 den
1230 1975 312 79 Aufgaben
1594 1980 98 62 der
1731 2007 183 39 neuen
1957 1986 276 64 Situation
2275 2014 74 38 zu
2389 1996 324 73 verstehen,-
2755 2000 98 62 der

618 2059 201 62 andere
851 2062 151 63 sucht
1028 2066 132 61 nach
1184 2067 202 63 letzten
1413 2075 519 64 unveränderlichen
1957 2079 334 66 Elementen
2318 2088 116 61 und
2460 2089 107 61 den
2594 2092 260 75 Kräften,

615 2151 88 63 die
743 2155 131 60 nach
917 2167 214 69 ewigen
1167 2160 289 65 Gesetzen
1484 2167 150 61 diese
1667 2169 294 65 Elemente
1987 2179 527 64 zusammenführen
2549 2186 117 61 und
2699 2211 114 37 von-

614 2249 260 60 einander
906 2267 247 48 trennen.
1189 2255 147 63 Nun
1371 2267 68 53 ist
1472 2263 258 61 natürlich
1764 2264 88 63 bei
1886 2276 149 53 einer
2067 2273 335 62 methodisch
2437 2281 407 75 einigermaßen

610 2339 479 80 festgeworoenen
1123 2348 420 78 Wissenschaft,
1585 2365 108 53 wie
1735 2382 59 37 es
1835 2361 89 61 die
1966 2362 221 80 heutige
2219 2366 361 82 Psychologie
2620 2381 87 64 ist,
2741 2375 103 62 das

607 2433 345 82 Eindringen
1002 2450 150 53 eines
1203 2468 183 39 neuen
1438 2447 495 82 Gesichtspunktes
1983 2457 98 61 der
2128 2460 393 82 Betrachtung,
2571 2466 118 61 hier
2741 2469 99 63 des

607 2527 383 80 biologischen,
1032 2537 139 60 nicht
1204 2555 195 57 etwas,
1427 2541 100 61 das
1567 2545 106 61 sich
1715 2570 115 37 von
1872 2549 167 62 heute
2074 2553 107 61 auf
2204 2577 230 57 morgen
2469 2559 277 75 vollzieht,
2783 2572 54 53 in

606 2621 184 62 keiner
1270 2633 196 63 führen
1500 2661 145 38 neue
1678 2639 462 83 Gesichtspunkte
2181 2649 181 62 sofort
2401 2675 73 38 zu
2507 2663 149 53 einer
2689 2657 119 62 voll-

606 2718 288 76 ständigen
911 2719 491 88 Umgruppierung
1429 2730 117 60 und
1564 2732 383 84 Umwälzung
1971 2738 98 64 der
2096 2743 327 62 vorhanden
2444 2746 391 82 Grundlagen,

604 2810 241 61 sondern
896 2823 77 52 sie
1023 2817 177 62 haben
1244 2838 133 45 stets
1411 2847 104 38 nur
1556 2835 122 54 eine
1712 2829 332 65 allmähliche
2084 2835 348 82 Ergänzung
2472 2842 117 60 und
2629 2843 164 61 Modi-

609 2901 223 63 fikation
875 2906 282 64 derselben
1200 2936 100 38 zur
1333 2915 194 81 Folge.
1573 2920 111 62 Die
1720 2922 437 81 Grundbegriffe
2192 2931 116 61 und
2340 2932 318 64 Methoden
2693 2937 134 61 aber

602 2995 97 59 der
750 2997 254 80 heutigen
1056 3003 349 82 Philosophie
1454 3030 366 48 entstammen
1863 3020 99 61 der
2001 3021 388 83 Aufklärung,
2431 3029 399 63 insbesondere

600 3094 73 53 im
715 3094 380 62 wesentlichen
1137 3099 96 61 der
1274 3104 301 75 englischen
1617 3108 356 81 Philosophie
2013 3115 99 61 des
2158 3118 85 61 18.
2269 3118 416 77 Jahrhunderts,
2730 3123 99 62 der

596 3180 623 88 Bewußtseinsanalyse
1282 3195 212 65 Lockes
1565 3203 116 60 und
1743 3205 250 74 Humes,-
2064 3210 127 61 sind
2266 3212 121 62 also
2458 3216 364 77 physikalisch

595 3284 294 59 orientiert.
957 3282 146 63 Man
1161 3287 227 64 braucht
1443 3317 104 38 nur
1594 3320 71 38 an
1716 3298 89 62 die
1846 3301 678 82 Vorstellungsmechanik
2573 3311 117 60 und
2732 3312 88 60 die

591 3367 621 87 Assoz-iationsgesetze
1268 3407 73 37 zu
1400 3384 231 69 denken.
1700 3392 95 62 Sie
1835 3396 227 61 werden
2114 3400 133 59 auch
2290 3409 208 53 meiner
2539 3402 281 78 Meinung

595 3464 130 60 nach
775 3468 136 61 noch
962 3481 189 53 weiter
1199 3480 415 65 unzweifelhaft
1663 3495 120 53 eine
1834 3489 333 81 Grundlage
2218 3494 98 61 des
2365 3494 452 77 Begriffsgerüsts

590 3556 95 60 der
718 3557 358 84 Psychologie
1119 3571 348 75 ausmachen,
1510 3576 134 62 aber
1683 3588 332 56 interessant
2064 3585 116 60 und
2230 3585 228 61 deutlich
2507 3588 125 58 sind
2681 3588 134 61 doch

590 3650 88 60 die
719 3651 401 88 Wandlungen
1164 3665 115 60 und
1312 3666 469 69 Modifikationen
1823 3699 72 37 zu
1928 3677 360 71 beobachten,
2323 3679 88 59 die
2451 3679 89 60 die
2581 3697 232 46 neueste

592 3740 401 88 Entwicklung,
1043 3763 108 53 wie
1199 3767 103 52 mir
1348 3762 217 73 scheint,
1617 3767 271 63 durchaus
1938 3786 162 46 unter
2149 3772 128 58 dem
2327 3772 118 60 teils
2495 3772 317 75 bewußten,

586 3835 120 59 teils
770 3840 373 68 unbewußten
1208 3851 225 64 Einfluß
1490 3857 98 61 der
1651 3859 367 79 biologischen
2084 3863 569 78 Betrachtungsweise
2710 3891 69 55 ge-

584 3948 262 44 nommen
897 3934 105 63 hat.
1059 3939 83 63 Ich
1192 3943 176 64 denke
1416 3948 162 63 dabei
1627 3953 139 61 nicht
1814 3978 105 36 nur
1968 3979 72 37 an
2088 3956 181 61 solche
2310 3957 206 78 Dinge,
2567 3961 89 60 die
2705 3971 111 51 wie
