3279 4572
544 437 123 50 1284

1556 439 216 49 Gfossen

538 632 353 57 eigennützigen
908 628 357 61 Spekulationen
1283 626 80 48 der
1378 626 241 48 herrschen-

538 706 91 48 den
639 706 380 61 kapitalistischen
1037 705 94 48 und
1140 702 312 50 militärischen
1462 702 183 58 Kreise,

538 783 82 51 der
676 783 250 60 mächtigen
975 779 307 61 bürgerlichen
1330 779 187 56 Presse,
1564 778 81 51 der

535 861 216 49 Politiker
784 861 94 49 und
898 858 313 61 Diplomaten,
1239 862 81 43 mit
1353 856 127 49 ihren
1504 857 105 60 Ope-

535 943 210 43 rationen
764 937 84 49 auf
858 936 103 48 dem
980 934 196 50 Gebiete
1194 933 80 51 der
1296 933 348 51 ausländischen

534 1014 251 56 Anleihen,
825 1013 80 48 der
935 1011 572 62 Regierungslieferungen
1547 1012 97 49 und

531 1091 287 57 -Subsidien,
841 1091 80 49 des
943 1091 316 61 Börsenspiels
1293 1089 97 50 und
1422 1091 81 49 des
1535 1098 72 43 wü-

534 1169 165 51 tenden
748 1169 334 49 Karrierismus
1132 1168 80 50 der
1264 1168 380 62 unproduktiven

534 1246 353 57 {militärischen)
919 1247 190 54 Berufe,-
1141 1247 160 49 hierzu
1334 1247 203 61 gehören
1570 1248 73 50 die

529 1327 333 58 Erwägungen
908 1326 82 49 der
1037 1326 189 61 Könige
1273 1326 98 49 und
1409 1327 234 57 Minister,

529 1404 72 49 die
649 1404 310 51 Diversionen
1015 1409 47 44 in
1110 1403 80 51 der
1237 1404 226 61 Richtung
1517 1411 126 44 eines

529 1481 197 59 Krieges
760 1498 147 45 gegen
940 1482 172 49 äußere
1143 1481 176 50 Feinde
1350 1482 294 59 vornehmer,

527 1577 81 31 um
648 1558 89 50 den
776 1559 207 49 sozialen
1016 1559 182 61 Kampf
1226 1559 80 50 der
1347 1561 294 49 arbeitenden

529 1637 199 51 Massen
751 1654 146 45 gegen
920 1637 72 51 die
1016 1638 273 61 Privilegien
1323 1638 80 50 des
1425 1639 215 61 Kapitals

530 1715 97 50 und
680 1717 80 49 des
818 1715 369 51 Grundbesitzes
1241 1717 396 51 abzuschwächen.

526 1794 179 48 Hierzu
747 1794 202 60 gehören
982 1793 172 49 endlich
1187 1793 73 52 die
1292 1795 232 50 tierischen
1560 1795 53 50 In-

527 1872 171 48 stinkte
759 1872 81 49 der
901 1877 339 56 gegenseitigen
1295 1873 344 61 Entfremdung

527 1961 136 38 unter
685 1949 88 50 den
795 1949 336 61 Angehörigen
1162 1950 343 51 verschiedener
1527 1952 74 49 Na-

526 2033 175 51 tionen,
751 2028 238 58 Instinkte,
1037 2028 72 49 die
1159 2029 85 48 auf
1286 2029 351 60 prähistorische

524 2104 167 50 Zeiten
724 2104 314 61 zurückgehen
1079 2105 96 49 und
1207 2117 114 39 stets
1354 2107 172 48 darauf
1552 2124 56 44 ge-

522 2182 157 50 richtet
718 2183 117 58 sind,
874 2183 89 51 den
1002 2183 314 61 berüchtigten
1350 2184 284 50 »Erbfeind«

527 2279 60 31 zu
619 2260 165 57 finden,
806 2260 165 51 dessen
992 2262 134 49 Rolle
1159 2268 45 43 in
1227 2262 80 49 der
1325 2263 310 61 Vorstellung

521 2338 80 49 des
649 2338 308 49 betreffenden
1006 2339 177 50 Volkes
1231 2339 109 50 bald
1389 2339 81 51 der
1517 2344 117 55 eine,

524 2416 108 49 bald
663 2416 80 50 der
775 2416 169 50 andere
966 2418 218 49 Nachbar
1217 2419 184 48 ausübt.
1437 2418 199 51 Hierher

521 2494 201 60 gehören
769 2494 109 51 aber
931 2495 112 50 auch
1091 2495 74 50 die
1213 2495 278 51 natürlichen
1538 2497 63 48 Be-

524 2573 278 61 strebungen
850 2579 123 45 eines
1023 2592 178 44 ganzen
1250 2574 206 58 Volkes,
1505 2579 127 45 seine

524 2650 405 61 Unabhängigkeit
975 2672 60 30 zu
1082 2653 266 58 bewahren,
1395 2653 84 49 das
1528 2653 103 62 Joch

521 2728 196 49 fremder
738 2729 234 51 Eroberer
992 2730 295 51 abzuwerfen
1316 2730 97 50 und
1434 2731 88 50 sich
1546 2731 85 50 das

521 2806 137 49 Recht
705 2825 60 30 zu
813 2808 287 61 erkämpfen,
1147 2814 47 44 in
1241 2814 150 44 seiner
1439 2815 192 56 eigenen

522 2883 195 61 Sprache
756 2883 199 61 denken,
995 2886 228 50 schreiben
1272 2886 96 50 und
1414 2888 216 61 sprechen

520 2980 60 31 zu
611 2961 209 51 dürfen.«

581 3040 52 48 In
665 3040 105 50 dem
802 3041 344 61 komplizierten
1178 3043 175 50 Prozeß
1386 3044 80 49 der
1495 3044 108 49 Mili-

519 3123 276 55 tarisierung
817 3118 220 62 Europas
1070 3125 62 43 im
1156 3120 168 50 letzten
1347 3121 177 50 Viertel
1547 3121 80 50 des

520 3195 134 50 XIX,
689 3195 325 58 Jahrhunderts
1062 3198 118 49 habe
1227 3199 403 60 Deutschland,

519 3272 116 50 kraft
656 3279 148 44 seiner
825 3275 384 61 geographischen
1229 3278 124 59 Lage
1370 3276 95 50 und
1481 3283 149 45 seiner

519 3350 264 52 Geschichte
822 3358 102 44 eine
963 3352 257 51 besondere
1250 3354 132 51 Rolle
1423 3356 203 61 gespielt,

517 3427 98 50 »Es
648 3434 126 45 wäre
806 3430 105 49 sehr
943 3431 321 60 oberflächlich,
1297 3432 332 51 ausschließlich

517 3510 46 43 in
594 3506 171 51 diesem
795 3509 326 61 kriegerischen
1154 3510 133 49 Staat
1319 3510 72 49 die
1424 3511 205 51 Ursache

515 3587 123 55 jenes
660 3584 265 53 Zustandes
955 3606 60 31 zu
1038 3587 235 60 erblichen,
1296 3589 72 51 bei
1394 3589 104 51 dem
1519 3590 72 48 Eu-

520 3676 115 44 ropa
674 3680 95 31 von
808 3664 106 61 Jahr
953 3684 60 30 zu
1051 3666 105 61 Jahr
1196 3666 128 50 mehr
1363 3667 97 49 und
1500 3667 127 50 mehr

521 3750 133 36 unter
671 3737 83 50 das
775 3740 100 60 Joch
893 3741 79 50 der
994 3745 273 61 Rüstungen
1289 3751 155 55 geriet.
1465 3745 129 51 Unse-

522 3830 73 33 rer
610 3815 194 51 Ansicht
825 3820 109 48 nach
957 3825 58 44 ist
1037 3827 100 44 eine
1159 3824 299 49 schädliche
1481 3824 116 49 Illu-

517 3895 153 53 sion,
679 3910 45 30 w
727 3910 88 32 enn
825 3895 150 51 dieCh
981 3904 258 45 anvinisten
1249 3900 80 51 der
1336 3901 289 50 verschiede-

1692 644 89 30 nen
1799 626 197 57 Länder,
2012 626 73 49 die
2107 632 83 43 mit
2210 628 315 51 Deutschland
2548 637 61 45 im
2634 636 172 61 Kriege

1691 701 164 62 liegen,
1870 710 112 54 jetzt
1996 705 271 58 versichern,
2284 725 49 30 es
2358 715 196 54 genüge,
2571 710 203 52 Deutsch-

1691 778 110 51 land
1841 799 59 30 zu
1941 781 367 59 zerschmettern,
2350 783 145 51 damit
2534 791 47 44 in
2614 787 201 61 Europa

1691 857 98 49 und
1820 863 46 43 in
1899 857 80 51 der
2012 876 179 43 ganzen
2225 862 136 50 Welt
2394 862 165 60 Glück,
2593 865 220 59 Freiheit,

1692 936 165 49 Friede
1899 936 86 50 den
2018 938 252 51 Menschen
2311 960 109 30 zum
2462 942 350 62 Wohlgefallen

1691 1014 256 51 einkehren.
1966 1016 328 52 Andererseits
2311 1023 127 46 wäre
2455 1039 49 31 es
2515 1022 117 48 nicht
2641 1023 172 50 wieder

1692 1093 326 59 oberflächlich,
2051 1115 91 31 vor
2181 1097 88 49 den
2302 1098 387 52 Besonderheiten
2731 1101 84 49 der

1690 1171 294 50 historischen
1993 1173 132 50 Rolle
2143 1173 81 51 des
2243 1174 327 63 kriegerischen
2581 1177 203 52 Deutsch-

1691 1248 132 51 lands
1856 1256 46 43 in
1935 1251 80 50 der
2036 1252 137 49 Mitte
2206 1252 82 51 des
2321 1253 355 52 militarisierten
2699 1257 72 48 Eu-

1691 1345 138 44 ropas
1864 1328 72 51 die
1968 1331 175 61 Augen
2176 1350 61 30 zu
2269 1332 266 51 schließen.«

1759 1408 102 48 Das
1909 1408 211 51 Problem
2168 1409 82 50 der
2297 1411 516 62 Kriegsursachen,

1690 1486 83 48 das
1790 1486 96 49 hier
1903 1503 88 32 nur
2007 1487 112 48 kurz
2129 1488 201 60 gestreift
2347 1493 73 54 ist,
2430 1488 117 50 wird
2565 1494 45 44 in
2624 1489 152 61 gründ-

1688 1563 131 50 licher
1852 1566 165 48 Weise
2058 1571 46 43 in
2144 1571 148 44 einem
2325 1567 209 49 Aufsatz
2573 1587 98 31 von
2706 1569 71 50 W
2801 1608 9 10 .

1687 1642 234 61 Maisky
1937 1648 45 42 in
2001 1642 80 51 der
2088 1643 380 61 Januarnummer
2477 1644 79 50 der
2568 1646 200 49 »Russki-

1686 1721 261 60 jaSapiski«
1959 1721 256 50 behandelt.
2236 1723 190 48 Danach
2445 1728 59 45 ist
2513 1723 80 51 der
2603 1724 172 61 Kamp
2793 1726 23 47 f

1686 1798 268 50 zwischen
1987 1799 383 51 Deutschland
2403 1802 120 61 und
2523 1802 280 61 England

1686 1893 86 31 um
1813 1875 87 50 die
1935 1877 473 51 Weltherrschaft
2441 1879 73 50 die
2546 1881 137 57 Axe,
2716 1882 85 48 auf

1684 1953 80 48 der
1785 1953 79 49 der
1881 1954 233 61 Komplex
2137 1955 78 50 der
2231 1955 421 63 Kriegsereignisse
2674 1958 124 51 ruht.

1683 2032 188 49 Freilich
1894 2038 58 43 ist
1969 2033 194 61 Maisky
2178 2034 286 62 keineswegs
2488 2035 79 50 der
2585 2037 213 57 Ansicht,

1683 2109 89 51 daß
1791 2110 79 50 der
1886 2112 351 50 wirtschaftliche
2253 2113 97 49 und
2358 2113 236 62 politische
2605 2114 165 62 Gegen-

1683 2198 103 38 satz
1825 2189 223 50 zwischen
2090 2190 313 50 Deutschland
2443 2192 96 48 und
2572 2192 224 61 England

1683 2265 253 63 unbedingt
1950 2274 14 55 j
1975 2286 24 30 e
2010 2279 19 37 t
2038 2287 25 29 z
2072 2278 19 39 t
2107 2287 60 32 zu
2184 2274 125 45 einer
2318 2269 325 61 kriegerischen
2653 2272 112 47 Aus
2774 2296 27 16 -

1682 2344 413 62 einandersetzung
2128 2347 119 49 hätte
2280 2347 164 49 führen
2478 2354 203 43 müssen.
2726 2348 68 49 Es

1681 2425 66 45 sei
1794 2420 222 51 vielmehr
2055 2423 104 51 sehr
2200 2437 83 48 gut
2323 2424 205 50 denkbar
2567 2442 233 44 gewesen,

1681 2498 90 51 daß
1805 2499 80 50 der
1917 2500 397 52 Zusammenstoß
2347 2503 74 48 bei
2455 2503 216 61 größerer
2695 2503 74 51 Ge-

1679 2577 313 50 schicklichkeit
2002 2579 80 50 der
2088 2580 304 61 Diplomaten
2403 2580 94 51 und
2506 2582 79 49 der
2587 2580 186 51 Zurück-

1679 2655 254 62 dämmung
1974 2658 80 48 der
2093 2658 432 62 kriegsschürenden
2568 2658 238 63 Tätigkeit

1678 2734 81 50 der
1794 2734 343 51 Chauvinisten
2178 2735 96 50 und
2317 2737 331 60 Imperialisten
2689 2756 84 30 ver-

1679 2813 178 49 mieden
1888 2813 190 51 worden
2100 2819 143 52 wäre,
2265 2814 95 50 und
2383 2814 96 50 dies
2505 2833 137 32 umso
2666 2815 131 50 mehr

1678 2889 67 51 als
1789 2890 87 50 sich
1917 2909 89 31 vor
2048 2890 104 51 dem
2184 2891 170 61 Kriege
2387 2891 73 50 die
2493 2891 303 61 Möglichkeit

1679 2974 124 44 eines
1860 2969 487 62 deutsch-englischen
2396 2970 304 61 Ausgleiches
2754 2977 48 43 in

1678 3046 319 51 Vorderasien
2045 3048 97 49 und
2189 3049 175 48 Afrika
2407 3048 179 50 darbot.
2647 3049 158 49 Wäre

1677 3123 110 50 Zeit
1804 3142 260 43 gewonnen
2081 3124 208 60 worden,
2307 3144 56 31 so
2372 3125 121 51 hätte
2502 3125 83 50 das
2596 3125 172 50 Wachs-

1677 3214 100 37 tum
1810 3201 80 51 der
1913 3203 302 49 Demokratie
2248 3203 210 50 diesseits
2492 3203 95 49 und
2613 3209 187 55 jenseits

1677 3280 80 50 des
1791 3280 182 51 Kanals
2007 3281 385 61 möglicherweise
2425 3288 132 44 einen
2581 3281 219 50 Zustand

1677 3359 267 61 geschaffen,
1980 3359 102 49 »bei
2115 3360 104 50 dem
2252 3379 60 31 an
2344 3360 138 51 Stelle
2516 3359 80 51 des
2620 3360 150 48 Faust-

1674 3438 170 49 rechtes
1862 3438 75 50 bei
1955 3438 79 49 der
2057 3439 191 61 Lösung
2272 3438 342 62 komplizierter
2640 3441 132 44 natio-

1674 3515 129 48 naler
1841 3516 185 61 Fragen
2068 3516 251 50 humanere
2360 3515 97 50 und
2497 3513 297 49 kulturellere

1673 3593 235 60 politische
1940 3593 263 50 Methoden
2237 3603 204 50 getreten
2474 3595 207 45 wären.«

1734 3671 70 50 Es
1838 3678 60 43 ist
1928 3671 322 54 verständlich,
2283 3670 89 48 daß
2391 3669 73 48 bei
2487 3669 79 48 der
2589 3667 173 50 Schilde-

1672 3765 120 45 rung
1814 3749 81 48 der
1917 3746 265 51 treibenden
2201 3746 179 56 Kräfte,
2402 3744 75 50 die
2499 3763 106 30 zum
2626 3745 172 61 Kriege

1673 3826 185 60 geführt
1899 3825 174 56 haben,
2115 3824 117 49 nicht
2272 3841 88 31 nur
2403 3821 74 51 die
2509 3822 167 50 Politik
2721 3822 82 51 der

1673 3902 265 50 feindlichen
1958 3901 190 50 Staaten
2171 3901 151 50 scharf
2342 3901 229 58 kritisiert,
2595 3901 202 51 sondern
