3305 4572
642 483 124 51 1256

901 487 66 50 E.
992 506 44 29 v.
1065 485 155 51 Aster
1247 509 7 12 •
1289 484 359 52 Künstfertscße
1680 484 118 48 uncf
1816 484 444 62 tvissenscßafificße
2292 487 321 63 Psycßofogte

637 675 123 61 Der
801 675 220 61 höchste
1053 669 200 80 Typus
1301 671 98 61 des
1432 671 305 61 Menschen
1788 678 68 54 ist
1906 671 295 78 derjenige,
2245 673 99 61 der
2386 675 128 61 dem
2546 675 191 63 Lehen
2775 689 97 53 mit

640 767 141 61 allen
821 775 190 53 seinen
1046 762 466 65 Grausamkeiten
1547 763 118 60 und
1696 762 314 64 schlimmen
2046 765 189 62 Seiten
2270 776 86 52 ins
2389 767 175 78 Auge
2597 793 73 37 zu
2702 771 173 64 sehen

638 882 228 54 vermag
914 859 116 61 und
1078 880 60 38 es
1186 856 274 61 trotzdem
1501 856 214 78 bejaht,
1768 857 181 63 dieses
1990 859 200 61 Leben
2234 860 217 76 bejaht,
2493 863 128 59 weil
2664 887 59 38 es
2764 865 112 62 ihm

636 951 212 79 gefällt,
889 951 124 59 weil
1054 973 58 38 er
1153 950 104 61 sich
1299 949 113 60 ihm
1451 950 332 76 gewachsen
1818 951 117 61 und
1977 960 53 52 in
2075 951 113 61 ihm
2231 953 254 62 heimisch
2530 954 162 74 fühlt,
2738 958 138 62 nicht

633 1045 126 61 weil
806 1067 59 38 er
912 1044 105 60 sich
1069 1052 88 52 ein
1207 1043 232 76 Jenseits
1489 1043 139 62 oder
1679 1053 124 53 eine
1853 1045 242 78 goldene
2136 1047 255 62 Zukunft
2441 1049 236 79 vorlügt.
2728 1050 148 64 Man

633 1138 141 61 sieht
823 1161 113 36 nun
980 1136 267 78 zugleich,
1290 1146 109 53 wie
1447 1137 117 61 hier
1604 1137 89 62 bei
1728 1138 301 62 Nietzsche
2079 1150 97 52 mit
2229 1141 107 61 den

633 1230 98 61 des
771 1230 219 61 Lebens
1040 1228 115 63 und
1187 1237 180 54 seines
1408 1230 225 63 Wertes
1676 1232 105 61 sich
1834 1233 102 61 das
1977 1233 154 61 Ideal
2164 1233 99 63 der
2302 1233 575 82 Wahrhaftigkeit

631 1322 300 62 verbindet
965 1324 138 60 Wer
1135 1324 128 60 dem
1289 1325 190 61 Leben
1515 1334 84 53 ins
1625 1326 178 79 Auge
1836 1351 75 39 zu
1943 1327 170 63 sehen
2147 1351 250 55 vermag,
2434 1354 118 37 wer
2577 1331 105 61 sich
2710 1334 167 62 nichts

632 1416 238 78 vorlügt,
919 1424 67 53 ist
1036 1418 98 59 der
1172 1412 203 83 Typus
1425 1419 100 61 des
1576 1420 442 79 aufsteigenden,
2067 1420 225 64 starken
2334 1423 236 62 Lebens,
2612 1424 83 62 So
2737 1429 140 60 wird

632 1510 89 60 die
768 1510 486 78 Wahrhaftigkeit,
1315 1511 91 61 die
1454 1511 320 79 Fähigkeit,
1826 1514 161 61 wahr
2037 1539 73 36 zu
2161 1524 146 62 sein,
2356 1539 132 40 zum
2538 1519 336 79 wichtigsten

635 1603 273 62 Prüfstein
934 1604 89 61 für
1047 1604 108 61 den
1176 1604 169 62 Wert
1370 1605 99 63 des
1488 1608 291 61 einzelnen
1797 1608 236 62 Lebens.
2063 1611 112 59 Die
2197 1627 180 45 ersten
2397 1611 480 67 Persönlichkeits*

632 1698 196 71 ideale,
853 1697 88 62 die
965 1697 263 62 Nitzsche
1262 1698 258 74 aufsteflt,
1557 1725 72 37 an
1665 1702 89 61 die
1788 1726 58 37 er
1877 1703 212 78 glaubt:
2126 1705 101 59 das
2254 1705 152 60 Ideal
2439 1706 99 61 des
2571 1708 305 78 tragischen

632 1790 292 62 Künstlers
950 1792 115 61 und
1097 1791 100 62 das
1234 1792 98 62 des
1365 1793 353 78 Freigeistes,
1752 1796 229 62 werden
2016 1820 115 38 von
2165 1797 112 61 ihm
2310 1799 404 63 nacheinander
2747 1826 130 39 ver*

632 1884 244 72 worfen,
926 1886 125 61 weil
1092 1909 60 37 er
1191 1886 116 61 ihre
1350 1886 224 74 Stärke,
1618 1889 115 61 ihre
1774 1889 461 80 Überlegenheit,
2284 1892 268 77 jedesmal
2611 1895 82 61 als
2752 1905 122 54 eine

631 2000 104 37 nur
774 1979 329 72 scheinbare,
1145 1980 83 61 als
1270 1980 106 62 auf
1411 1989 180 53 einem
1627 1981 464 82 Selbstbetrug
2129 1985 310 73 beruhend,
2480 2011 74 36 zu
2596 1989 278 64 erkennen

630 2072 204 76 glaubt.
887 2072 122 62 Der
1055 2074 264 78 tragische
1360 2075 270 63 Künstler
1686 2078 116 60 und
1853 2077 97 62 der
1985 2087 114 53 rein
2135 2079 383 64 Erkennende
2559 2082 197 62 fliehen
2799 2092 73 53 im

631 2163 237 64 Grunde
894 2166 101 62 das
1012 2166 195 62 Leben
1235 2168 119 61 und
1370 2168 232 62 flüchten
1629 2171 106 59 sich
1764 2180 54 52 in
1837 2171 91 62 die
1947 2171 215 80 Sphäre
2182 2172 97 62 des
2307 2173 361 64 ästhetischen
2687 2176 185 62 Bildes

628 2258 139 61 oder
791 2260 99 60 des
924 2261 318 62 abstrakten
1267 2262 250 79 Begriffs,
1545 2271 80 53 sie
1652 2266 361 60 verwandeln
2041 2266 102 62 das
2170 2267 194 61 Leben
2400 2276 55 52 in
2483 2277 86 52 ein
2598 2268 151 79 Spiel
2775 2270 97 62 der

630 2354 297 63 Phantasie
969 2356 138 61 oder
1148 2356 100 61 des
1289 2356 381 64 Verstandes:
1715 2359 152 61 dann
1910 2369 70 52 ist
2020 2384 60 38 es
2124 2361 135 61 auch
2300 2362 169 72 leicht,
2510 2364 107 61 sich
2659 2388 175 38 vorzu-

630 2447 180 78 lügen,
838 2472 128 38 man
986 2449 145 61 habe
1158 2450 90 61 die
1275 2450 297 62 Schrecken
1600 2451 98 63 des
1723 2453 222 62 Lebens
1980 2454 407 75 überwunden,
2413 2481 97 36 um
2545 2458 110 61 den
2679 2456 193 63 Über»

630 2541 226 78 legenen
873 2566 73 38 zu
985 2544 221 77 spielen.
1249 2545 122 61 Der
1406 2545 232 63 Mensch
1675 2547 98 61 der
1803 2541 130 78 Tat,
1972 2548 98 61 der
2102 2548 383 75 Wirklichkeit,
2521 2550 99 63 des
2645 2552 226 61 Lebens

630 2637 184 70 selbst,
834 2637 95 61 der
946 2637 377 64 Übermensch
1348 2648 69 53 ist
1442 2641 135 60 auch
1604 2641 97 62 der
1728 2649 178 70 einzig
1934 2642 253 61 innerlich
2206 2644 311 61 wahrhafte
2533 2646 249 62 Mensch,
2810 2646 61 61 In

632 2729 233 61 alledem
905 2732 192 75 spricht
1138 2732 100 61 das
1279 2733 388 78 persönlichste
1700 2735 342 78 Empfinden
2076 2735 319 74 Nitzsches,
2439 2761 59 38 er
2538 2738 134 64 haßt
2704 2740 166 61 nichts

632 2822 156 61 mehr
837 2823 80 61 als
964 2832 152 69 jenes
1166 2827 102 60 sich
1318 2827 168 61 selbst
1525 2828 117 60 und
1685 2830 206 59 andere
1931 2830 270 77 Belügen.
2253 2831 224 61 Darum
2518 2855 121 38 war
2681 2856 59 37 es
2782 2832 89 61 die

630 2916 196 78 größte
852 2917 420 80 Enttäuschung
1304 2930 182 52 seines
1512 2922 243 74 Lebens,
1789 2924 81 61 als
1906 2947 58 38 er
1997 2924 181 62 hinter
2204 2925 99 62 der
2330 2926 201 63 Größe
2564 2928 118 61 und
2709 2928 162 59 FreL

631 3010 113 61 heit
768 3010 230 61 Richard
1014 3011 287 78 Wagners
1328 3014 280 62 Kleinheit
1639 3016 117 61 und
1784 3016 378 64 Kleinlichkeit
2196 3042 74 38 zu
2303 3019 299 62 entdecken
2630 3019 240 79 glaubte.

707 3104 61 61 In
811 3104 178 62 dieser
1021 3105 493 82 Unterstreichung
1554 3112 100 61 des
1688 3110 231 64 Wertes
1955 3112 98 61 der
2085 3112 479 80 Wahrhaftigkeit
2596 3114 275 78 begegnet

631 3221 58 38 er
736 3198 106 61 sich
892 3208 97 51 mit
1041 3199 210 63 Ibsen,
1307 3202 278 63 »Freiheit
1633 3206 117 61 und
1799 3204 327 74 Wahrheit,
2179 3207 103 62 das
2330 3208 125 61 sind
2504 3208 88 61 die
2634 3207 235 62 Stützen

628 3291 98 61 der
767 3291 424 63 Gesellschaft«.
1246 3295 176 62 Diese
1461 3295 477 81 Wahrhaftigkeit
1977 3307 70 54 ist
2089 3301 265 61 zunächst
2395 3300 476 77 Wahrhaftigkeit

628 3408 176 54 gegen
848 3387 234 73 andere,
1126 3387 150 63 dann
1319 3391 136 61 aber
1494 3390 473 81 Wahrhaftigkeit
2006 3418 182 54 gegen
2239 3396 105 60 sich
2386 3394 182 63 selbst.
2620 3394 249 59 Freilich:

626 3479 120 61 Der
787 3480 319 62 moralische
1139 3481 377 79 Optimismus
1558 3485 98 61 der
1688 3485 233 64 Stützen
1964 3489 99 60 der
2099 3486 373 64 Gesellschaft
2504 3486 202 77 schlägt
2738 3485 132 61 bald

627 3597 114 48 um,
768 3574 88 61 die
886 3574 349 63 »Wildente«
1265 3585 143 72 zeigt
1434 3603 105 38 uns
1566 3580 176 61 hinter
1766 3582 154 61 ihren
1948 3580 500 64 komödienhaften
2475 3579 203 78 Zügen
2710 3587 159 53 einen

628 3665 99 60 tief
769 3668 301 76 tragischen
1120 3670 399 79 Hintergrund.
1571 3673 123 62 Der
1741 3674 306 63 Fanatiker
2096 3676 100 59 der
2248 3672 330 68 Wahrheit,
2621 3670 248 78 Gregers

628 3758 215 73 Werfe,
876 3763 141 60 wird
1049 3789 100 36 zur
1181 3766 439 63 halbkomischen
1656 3768 190 79 Figur,
1882 3770 143 59 eben
2060 3777 118 52 sein
2212 3766 655 62 Wahrheitsfanatismus

627 3852 113 60 läßt
781 3853 91 61 ihn
913 3858 358 77 untergehen,
1313 3860 133 61 aber
1486 3861 139 61 nicht
1658 3862 204 61 einmal
1895 3871 55 52 in
1985 3861 294 77 tragischer
2314 3857 199 62 Größe
2547 3858 117 60 und
2698 3858 172 61 damit

628 3944 135 61 doch
806 3946 80 61 als
927 3946 189 79 Sieger
1157 3952 367 78 untergehen,
1566 3954 246 62 sondern
1855 3955 102 61 das
1997 3952 193 63 Leben
2234 3951 132 78 geht
2408 3959 97 53 mit
2546 3950 323 79 spöttischer
