3325 4572
639 494 122 49 1300

1670 500 219 48 GCossen

635 684 186 50 stücken
856 685 136 49 allein
1025 685 102 51 kein
1151 685 146 51 Hund
1329 686 147 48 hinter
1498 685 104 51 dem
1627 686 128 50 Ofen

635 764 170 49 hervor
839 764 93 49 und
967 770 44 43 in
1044 764 83 49 das
1151 762 199 51 Theater
1381 764 374 49 hineinzulocken

634 844 72 47 ist.
750 842 116 49 Nun
907 841 248 60 verspricht
1194 841 83 48 das
1312 841 206 50 Gerücht
1551 841 74 51 die
1658 842 97 50 Er®

634 918 169 61 lösung
835 918 80 50 des
938 918 243 50 Mimikers
1213 936 98 31 von
1344 918 105 50 dem
1480 920 157 62 Zeug,
1670 921 84 48 das

633 1014 49 31 er
713 1015 110 30 vom
850 995 244 50 »Dichter«
1129 1015 59 29 zu
1221 996 137 51 reden
1382 997 254 61 bekommt,
1660 1000 97 49 und

630 1076 80 48 des
737 1075 178 49 Malers
940 1094 98 30 von
1065 1076 87 49 den
1179 1076 207 60 Städten,
1404 1077 194 60 Parken,
1616 1078 139 51 Sälen

629 1170 135 41 usw,,
792 1152 73 48 die
892 1170 47 32 er
967 1155 86 47 auf
1065 1153 72 50 die
1153 1153 163 51 Bühne
1341 1155 162 50 stellen
1522 1157 123 50 muß.
1664 1157 93 51 Die

628 1230 117 49 nicht
756 1230 316 52 »modernen«
1086 1232 271 59 Menschen,
1376 1233 71 51 die
1465 1235 137 49 schon
1621 1236 136 62 lange

629 1306 118 49 nicht
788 1307 131 50 mehr
960 1315 46 42 in
1051 1308 83 51 das
1169 1307 202 53 Theater
1405 1311 171 62 gehen,
1609 1313 149 50 sollen

626 1385 173 50 wieder
832 1392 74 43 ein
927 1385 207 53 Theater
1166 1388 292 61 bekommen,
1491 1397 46 43 in
1560 1391 105 51 dem
1691 1399 66 43 sie

628 1463 119 50 nicht
778 1470 100 45 eine
903 1466 90 49 öde
1016 1466 337 52 dramatisierte
1374 1470 383 62 Zeitungsnotitz

628 1548 119 44 zwei
781 1543 97 51 drei
902 1543 212 52 Stunden
1148 1547 110 61 lang
1291 1547 114 51 über
1437 1548 89 50 sidi
1560 1550 195 61 ergehen

624 1620 157 49 lassen
804 1621 150 51 sollen
977 1622 113 50 oder
1113 1630 100 44 eine
1237 1625 520 63 Gemäldeausstellung

629 1697 293 63 besichtigen.
974 1701 158 49 Sollen
1181 1702 171 50 endlich
1401 1703 83 50 das
1527 1707 227 48 mimische

629 1774 315 54 Tanztheater
986 1778 175 60 haben,
1194 1786 46 43 in
1282 1781 103 49 dem
1418 1782 81 50 der
1531 1783 224 61 magische

629 1854 193 50 Mensch
847 1856 97 49 und
968 1857 116 48 nicht
1105 1858 83 49 der
1209 1858 220 51 moderne
1447 1861 192 49 Mensch
1656 1862 97 48 Er®

629 1932 250 63 scheinung
896 1934 130 50 wird.
1052 1936 99 49 Der
1159 1936 194 51 Mensch
1371 1938 122 50 kann
1510 1940 88 48 sich
1617 1945 136 44 näm*

629 2011 81 48 lieh
728 2016 47 44 in
794 2011 80 50 der
896 2011 337 62 rhythmischen
1255 2016 271 62 Bewegung
1547 2018 120 50 Gott
1687 2023 66 45 sei

629 2088 142 50 Dank
813 2107 92 32 nur
946 2091 343 50 elementarisch
1331 2094 285 51 ausdrücken
1658 2097 96 48 und

629 2166 119 49 nicht
781 2167 192 49 modern
1009 2168 306 52 differenziert
1348 2171 96 49 und
1466 2173 288 61 zerspältelt/

629 2261 49 32 er
710 2244 109 50 muß
855 2262 121 43 ganz
1011 2246 60 49 da
1104 2252 98 44 sein
1236 2249 97 49 und
1371 2251 119 48 nicht
1528 2268 88 31 nur
1653 2270 99 32 was

628 2323 277 59 vorstellen,-
944 2342 51 32 er
1044 2327 109 48 muß
1197 2327 132 51 leben
1372 2329 95 49 und
1508 2329 118 50 nicht
1664 2350 89 30 nur

626 2399 234 57 scheinen,-
901 2421 51 32 er
992 2404 111 49 muß
1145 2411 81 43 mit
1260 2411 149 45 einem
1442 2407 150 49 Wort
1634 2408 118 50 nicht

628 2483 81 43 mit
748 2478 146 51 Hülfe
936 2481 268 59 gefälschter
1237 2482 217 52 Wechsel
1495 2502 141 33 unser
1670 2487 79 47 In®

625 2567 173 39 teresse
849 2558 315 61 erschleichen,
1221 2561 202 49 sondern
1472 2563 137 50 durch
1650 2569 99 45 sein

625 2634 332 61 menschliches,
978 2637 85 49 das
1086 2637 125 52 heißt
1232 2639 301 61 pathetisches
1555 2642 192 49 Dasein,

626 2712 65 48 Ist
713 2729 48 32 es
785 2712 308 59 übertrieben,
1113 2733 113 32 vom
1250 2717 330 52 dramatischen
1602 2719 148 52 Ballet

625 2788 74 49 die
720 2787 235 64 Tragödie
988 2811 60 29 zu
1080 2793 220 60 erhoffen,
1321 2796 74 49 die
1416 2803 102 51 wir,
1541 2798 208 60 modern,

626 2867 119 49 nicht
762 2867 151 50 haben
936 2869 212 51 können?
1171 2872 137 51 Aber
1329 2874 228 63 vorläufig
1578 2876 170 50 wollen

624 2949 88 43 wir
743 2944 84 50 das
861 2945 300 54 dramatische
1181 2949 163 51 Ballett
1362 2952 67 49 als
1453 2968 168 36 unsere
1650 2954 98 50 Er®

624 3022 171 62 lösung
817 3042 113 30 vom
955 3027 337 59 gesprochenen
1310 3027 327 53 Theaterstück
1661 3032 86 51 be®

624 3100 194 60 grüßen,
854 3121 59 29 an
945 3103 83 49 das
1062 3103 90 60 Sie,
1174 3105 235 51 verehrter
1429 3108 236 60 Direktor,
1691 3128 56 31 so

621 3177 92 49 viel
747 3178 127 51 Ihrer
910 3180 158 50 Kunst
1108 3183 254 60 vergeblich
1404 3187 343 49 verschwendet

620 3255 168 59 haben,
822 3257 121 50 denn
977 3258 156 51 diesen
1156 3260 193 51 Stücken
1382 3262 97 49 hilft
1500 3263 104 51 kein
1627 3265 120 50 Gott

620 3340 46 44 in
709 3354 141 32 unser
884 3338 324 52 Wohlwollen
1250 3339 112 51 oder
1393 3358 84 45 gar
1510 3343 231 51 Gefallen,

681 3414 130 50 Also
842 3415 85 50 das
955 3413 334 54 Tanztheater!
1312 3418 240 52 Erlauben
1575 3420 76 51 Sie
1673 3428 71 43 ei®

619 3509 104 32 nem
756 3491 124 51 alten
920 3490 186 55 Tänzer
1145 3502 147 56 einige
1316 3497 282 63 Ratschläge,
1639 3500 102 49 Das

619 3569 273 62 Wichtigste
925 3578 61 43 ist
1018 3573 82 49 der
1132 3574 193 51 Fokine,
1369 3575 69 50 Ich
1472 3583 149 44 meine
1653 3578 88 51 da®

619 3653 81 43 mit
734 3649 117 48 nicht
883 3649 88 51 den
1005 3652 211 60 genialen
1239 3654 182 50 Russen
1457 3655 149 50 dieses
1628 3655 113 51 Na®

620 3742 145 40 mens,
788 3728 200 48 sondern
1014 3729 87 48 den
1118 3730 184 60 Begriff,
1320 3732 81 49 der
1424 3751 50 31 er
1490 3734 250 61 geworden

619 3805 71 43 ist,
705 3801 140 50 Ohne
856 3804 75 48 ihn
943 3805 108 61 geht
1059 3824 49 32 es
1120 3808 127 49 nicht.
1261 3809 143 50 Ohne
1414 3810 148 50 dieses
1573 3810 166 62 rhyth®

623 3878 162 49 mische
811 3880 167 57 Genie,
1001 3883 83 49 das
1108 3889 45 44 in
1184 3885 81 50 der
1280 3886 166 50 Musik
1470 3889 269 57 schwimmt,

621 3955 110 61 geht
762 3974 50 32 es
846 3958 128 50 nicht.
1011 3961 141 50 Ohne
1174 3963 148 50 dieses
1348 3965 169 59 Genie,
1540 3966 104 51 dem
1667 3968 72 49 die

1801 686 268 64 Bewegung
2087 689 278 61 eingeboren
2384 696 75 55 ist,
2476 692 102 50 kein
2589 695 174 49 Ballett.
2785 697 143 51 Ohne

1804 764 77 49 ihn
1915 765 122 49 kann
2072 785 109 31 man
2213 769 127 49 wohl
2387 770 317 53 dasbekannte
2736 775 190 51 Ballett*

1804 842 372 54 divertissement
2216 847 210 59 machen,
2459 847 83 51 das
2585 855 86 44 wir
2703 870 96 31 von
2834 871 92 31 un®

1804 939 132 32 seren
1956 922 377 61 Operntheatern
2356 926 200 51 kennen:
2581 927 96 50 drei
2697 930 198 56 Quadril-

1804 1000 73 49 len
1910 1000 233 51 Mädchen
2167 1007 46 45 in
2238 1004 311 52 abstehenden
2572 1007 179 50 weißen
2774 1009 151 49 Rock»

1804 1078 133 59 dien,-
1969 1078 81 50 der
2074 1078 212 61 »Stern«,
2309 1081 81 51 der
2412 1089 83 43 mit
2516 1084 87 49 den
2625 1085 165 49 Füßen
2815 1086 70 50 Ko-

1805 1156 179 51 loratur
2028 1164 148 57 singt/
2224 1160 98 49 und
2369 1162 81 49 der
2491 1162 199 50 absurde
2731 1164 192 61 hybride

1805 1232 270 62 »Tänzer«,
2116 1236 81 51 der
2237 1245 89 43 wie
2360 1245 100 44 eine
2493 1241 271 51 muskulöse
2796 1244 128 49 Frau

1804 1312 219 60 aussieht,
2041 1326 103 38 rote
2161 1315 303 61 geschminkte
2481 1317 226 51 Bäckdien
2726 1319 81 49 hat
2829 1321 96 48 und

1804 1397 131 45 einen
1957 1393 158 50 Mund
2147 1399 89 44 wie
2269 1400 72 44 ein
2365 1395 170 51 kleines
2559 1397 144 60 Herz,
2726 1399 95 48 und
2844 1397 80 51 der

1804 1470 87 49 den
1927 1471 194 51 »Stern«
2168 1476 45 44 5n
2255 1473 81 49 der
2378 1475 340 61 »Apotheose«
2761 1482 163 44 immer

1802 1566 58 31 so
1893 1567 78 31 um
2006 1550 73 48 die
2111 1547 149 52 Taille
2291 1551 99 49 faßt
2422 1552 97 50 und
2550 1552 89 50 den
2661 1553 260 51 Habituees

1802 1631 63 44 im
1890 1627 182 50 Parkett
2095 1627 193 61 hinhält,
2310 1630 145 49 damit
2495 1636 67 44 sie
2586 1632 334 51 hineinbeißen.

1802 1705 167 49 Dieses
1980 1706 386 51 Divertissement
2383 1713 60 45 ist
2459 1713 102 45 eine
2578 1710 215 57 sexuelle,
2811 1711 113 48 aber

1802 1782 131 50 keine
1959 1782 322 52 künstlerische
2303 1786 388 61 Angelegenheit,
2713 1788 206 50 weshalb

1801 1860 80 49 der
1913 1861 154 48 Mann
2109 1862 130 50 darin
2271 1868 46 55 ja
2350 1863 112 50 auch
2495 1865 118 49 nicht
2643 1866 280 60 verkommt,

1801 1938 117 50 nicht
1952 1940 167 50 anders
2153 1941 69 49 als
2257 1942 116 50 eben
2407 1948 46 44 in
2476 1943 172 50 diesem
2671 1943 249 51 seltsamen

1800 2013 423 66 2wittergeschöpf.
2258 2020 113 48 Und
2406 2020 58 49 da
2487 2020 124 50 diese
2633 2021 288 51 Divertisse®

1800 2105 148 38 ments
1984 2094 88 50 den
2095 2096 153 49 Mann
2282 2097 328 61 ausschließen,
2643 2106 188 43 müssen
2853 2105 68 44 sie

1801 2172 111 48 auch
1959 2178 161 45 immer
2162 2191 119 44 ganz
2323 2176 338 49 undramatisch
2702 2182 97 45 sein
2834 2183 86 50 <sie

1800 2249 104 49 sind
1921 2249 212 51 überdies
2153 2252 109 48 auch
2274 2253 113 49 noch
2396 2253 146 61 völlig
2550 2253 296 62 blödsinnig).

1800 2327 145 60 Also,
1968 2328 74 51 Sie
2067 2336 188 43 müssen
2277 2331 179 51 Fokine
2478 2331 164 51 haben.
2677 2332 244 50 Vielleicht

1800 2406 194 49 erobern
2006 2407 72 49 die
2088 2407 831 66 deutsch-österreidiischenTruppen

1799 2484 86 47 auf
1921 2483 143 51 ihrem
2096 2486 454 52 unwiderstehlichen
2582 2488 334 61 Siegesmarsch

1797 2561 136 50 durch
1973 2563 216 50 Rußland
2230 2576 262 51 unterwegs
2535 2567 111 48 auch
2680 2566 88 50 den
2801 2567 116 48 rieh®

1797 2646 125 56 tigen
1945 2641 195 59 Fokine,
2163 2642 95 60 der,
2293 2643 199 61 glauben
2516 2644 75 50 Sie
2614 2649 100 55 mir,
2736 2646 75 48 für
2834 2644 82 50 das

1797 2718 216 61 geplante
2037 2717 205 53 Theater
2275 2722 231 61 wichtiger
2538 2728 73 51 ist,
2636 2723 66 48 als
2726 2722 72 51 die
2820 2724 97 49 Er®

1796 2797 211 62 oberung
2039 2816 99 32 von
2166 2799 216 50 Grodno,
2417 2801 154 48 Einen
2594 2801 180 50 Fokine
2807 2802 110 49 muß

1797 2893 108 32 man
1928 2874 167 52 haben.
2120 2877 140 49 Alles
2284 2878 170 50 andere
2477 2878 96 50 läßt
2594 2879 89 49 sich
2705 2879 214 56 schaffen,

1795 2959 90 44 wie
1918 2972 109 31 man
2062 2954 97 50 hier
2183 2961 44 43 in
2251 2956 152 49 Berlin
2426 2967 117 50 sagt,
2581 2957 220 49 Glauben
2826 2957 93 57 Sie,

1794 3032 237 51 verehrter
2064 3033 126 51 Herr
2223 3034 237 59 Direktor,
2493 3036 132 58 nicht,
2658 3036 89 49 daß
2782 3053 48 32 es
2855 3041 62 44 im

1794 3109 163 51 Ballett
1980 3110 73 50 die
2079 3110 376 63 »Ausstattung«
2484 3113 176 50 mache!
2697 3113 67 48 Ich
2797 3112 119 51 habe

1795 3189 85 48 auf
1915 3189 183 50 Proben
2152 3189 73 50 die
2257 3191 183 49 Russen
2491 3196 44 44 in
2577 3191 130 49 Zivil
2747 3203 168 38 tanzen

1791 3265 173 60 sehen,
1998 3267 97 49 und
2135 3286 48 30 es
2225 3286 101 30 war
2366 3269 289 50 hinreißend!
2690 3269 134 50 Stern
2859 3273 58 45 ist

1792 3344 118 48 nicht
1959 3344 205 59 Fokine,
2222 3347 95 48 und
2366 3345 135 51 Stern
2558 3353 59 43 ist
2665 3347 250 49 außerdem

1792 3422 117 49 nicht
1931 3424 155 48 Bakst,
2130 3424 137 50 Aber
2302 3425 71 49 bei
2407 3425 89 49 den
2529 3427 181 48 Russen
2744 3442 100 30 war
2865 3442 51 30 es

1790 3500 118 50 nicht
1938 3502 169 59 Bakst,
2153 3502 80 49 der
2265 3503 181 57 Maler,
2479 3503 82 49 der
2594 3503 124 49 diese
2757 3502 159 47 Kunst

1790 3578 78 49 des
1886 3579 215 50 Ballettes
2124 3580 137 50 schuf.
2290 3582 99 48 Der
2411 3580 137 50 stand
2570 3579 148 50 neben
2735 3578 180 49 Fokine

1788 3657 97 49 und
1919 3657 89 50 ließ
2044 3658 90 48 sich
2168 3677 85 30 aus
2295 3659 167 48 dessen
2497 3659 304 47 Inventionen
2834 3654 81 48 der

1787 3735 273 61 Bewegung
2093 3735 75 50 die
2192 3737 187 48 Farben
2413 3734 231 56 einfallen,
2667 3733 73 48 die
2763 3749 49 32 er
2834 3733 86 48 auf

1788 3813 89 49 den
1910 3814 232 61 billigsten
2166 3814 124 48 Stoff
2316 3812 81 49 der
2426 3809 187 51 Tänzer
2642 3809 151 50 malte.
2829 3810 83 49 An

1787 3892 189 48 Malern
2011 3895 82 45 mit
2125 3890 246 49 Phantasie
2404 3888 97 49 und
2534 3888 160 49 Laune
2726 3886 188 50 werden

1787 3968 78 49 Sie
1898 3966 199 61 Mangel
2130 3965 117 50 nicht
2288 3965 163 48 haben.
2486 3964 137 49 Auch
2657 3983 60 30 an
2750 3965 162 50 Musi®
