2956 4160
478 221 645 74 L'ORIGINE
1199 221 160 71 DU

2540 229 155 94 565

280 381 207 58 Avant
541 399 121 62 que
719 377 127 60 l'on
915 377 255 83 songeât
1237 374 32 61 à
1335 373 221 64 établir
1613 380 84 59 les
1764 378 193 61 droits
2016 380 74 58 de
2151 380 265 60 Stamitz
2474 396 60 44 et
2603 382 103 62 des

164 472 454 64 Mannheimer
721 490 100 39 sur
855 470 56 58 la
948 467 277 61 création
1263 468 75 60 de
1371 470 56 59 la
1463 472 398 82 symphonie,
1899 493 80 39 on
2016 472 135 59 leur
2185 470 202 62 faisait
2417 472 287 62 honneur

98 567 126 84 déjà
277 567 73 59 de
402 562 369 64 l'invention
827 561 83 61 du
1855 561 308 61 crescendo.
1329 562 185 60 Trois
1565 561 302 64 écrivains
1918 565 302 60 servaient
2272 566 74 59 de
2398 567 254 60 caution
2686 590 12 37 :

101 665 260 79 Burney,
402 655 341 62 Reichardt
780 670 59 45 et
878 654 326 61 Schubart.
1248 655 88 60 Ce
1373 655 244 61 dernier
1651 674 157 42 reste
1842 659 56 58 la
1947 658 289 59 moindre
2355 658 267 62 autorité

97 776 117 39 non
252 752 342 62 seulement
628 768 311 62 parceque
976 768 106 40 son
1119 748 176 72 livre,
1331 744 157 64 écrit
1524 747 75 61 de
1634 747 311 62 mémoire
1979 749 274 83 pendant
2290 771 59 39 sa
2378 750 322 84 captivité,

97 861 55 47 et
186 841 296 87 imprimé
519 839 174 85 après
727 861 60 39 sa
823 856 188 57 mort,
1047 862 77 37 ne
1160 837 240 62 fournit
1436 862 106 61 pas
1578 841 75 59 de
1688 841 140 60 date
1875 839 258 85 précise,
2186 844 154 59 mais
2391 866 311 61 parceque

96 940 255 61 nombre
387 937 73 60 de
494 956 88 39 ses
616 933 408 61 affirmations
1058 932 273 84 pèchent
1368 955 109 61 par
1513 935 424 60 l'exactitude.
1992 936 90 58 Le
2116 957 253 61 passage
2406 938 108 82 qui
2552 960 113 38 con-

94 1054 176 39 cerne
303 1028 357 63 l'orchestre
696 1026 73 61 de
809 1025 386 62 Mannheim
1244 1027 127 59 vise
1408 1027 524 84 principalement
1980 1050 75 37 au
2439 1053 11 36 :
2577 1031 121 61 Son

102 1124 145 76 forte
266 1138 85 45 est
389 1144 81 38 un
508 1135 310 57 tonnerre,
855 1140 108 40 son
1926 1119 291 59 crescendo
1330 1142 117 36 une
1484 1135 325 59 cataracte,
1846 1143 108 38 son
2391 1144 82 38 un
2526 1144 130 39 mur-

92 1238 173 39 mure
300 1214 294 61 cristallin
646 1213 73 59 de
766 1209 224 62 rivière
1038 1213 109 81 qui
1195 1210 317 84 s'éloigne,
1556 1234 107 38 son
1931 1235 122 37 une
2104 1213 243 61 haleine
2394 1214 83 60 du
2525 1215 139 83 prin-

92 1326 197 66 temps
408 1305 329 73 Schubart,
774 1305 330 73 d'ailleurs,
1142 1321 221 43 trouve
1400 1327 118 37 aux
1556 1327 240 39 œuvres
1832 1305 75 60 de
2247 1308 55 58 le
2576 1329 122 37 une

153 1402 166 58 mine
353 1401 305 58 vieillotte
759 1423 14 47 ;
826 1398 143 60 c'est
1023 1397 81 59 du
1159 1412 204 69 temps
1418 1398 73 58 de
1549 1398 367 60 Cannabich
1978 1399 155 82 qu'il
2194 1421 30 37 a
2283 1399 271 59 entendu
2615 1401 83 59 les

91 1496 326 60 musiciens
470 1493 74 60 de
599 1491 407 72 Mannheim,
1067 1506 60 44 et
1183 1492 150 58 c'est
1394 1491 365 61 Cannabich
1823 1492 157 83 qu'il
2039 1507 183 45 vante
2274 1514 250 38 comme

89 1586 273 61 créateur
417 1585 74 59 de
548 1582 376 62 l'exécution
981 1581 174 85 égale
1281 1585 108 81 qui
1444 1582 190 84 règne
1693 1585 149 58 dans
1900 1599 96 44 cet
2053 1583 334 74 orchestre,
2448 1605 250 38 comme

88 1681 372 59 l'inventeur
494 1677 74 61 de
668 1693 139 44 tous
844 1698 97 38 ces
976 1677 286 60 miracles
1297 1699 122 60 que
1455 1677 298 83 l'Europe
1791 1676 238 60 admire
2148 1676 6 26 1

271 1770 342 62 Reichardt
649 1785 59 45 et
740 1771 248 82 Burney
1018 1790 122 40 non
1170 1770 139 81 plus
1338 1792 76 37 ne
1443 1784 351 46 connurent
1822 1769 359 61 l'orchestre
2210 1769 74 60 de
2311 1769 387 61 Mannheim

89 1887 116 60 que
242 1886 136 38 sous
412 1864 55 59 la
502 1863 306 60 direction
845 1862 74 59 de
955 1860 393 75 Cannabich,
1383 1863 361 81 longtemps
1780 1860 174 84 après
1989 1864 54 57 la
2079 1877 167 44 mort
2283 1860 73 60 de
2410 1862 283 59 Stamitz.

88 1957 160 61 C'est
285 1957 72 60 de
403 1975 164 63 1772
607 1977 120 61 que
764 1954 138 60 date
938 1956 56 58 le
1029 1953 315 84 fragment
1381 1970 262 45 souvent
1681 1953 123 61 cité
1842 1954 103 60 des
1996 1976 269 61 voyages
2311 1953 73 60 de
2425 1954 269 83 Burney,

88 2048 78 63 où
201 2066 135 45 sont
373 2047 266 62 célébrés
674 2050 83 58 les
792 2046 180 62 fastes
1008 2048 330 60 musicaux
1373 2047 74 60 de
1498 2048 56 59 la
1607 2046 312 62 résidence
1971 2050 271 80 palatine
2280 2069 12 36 :
2420 2047 167 60 C'est
2638 2044 55 61 là

87 2164 117 61 que
240 2142 285 71 Stamitz,
562 2138 251 63 stimulé
851 2163 108 61 par
996 2141 83 60 les
1115 2161 242 40 œuvres
1392 2140 74 59 de
1499 2141 345 80 Jommelli,
1875 2163 30 36 a
1942 2163 160 59 pour
2137 2141 55 58 la
2232 2137 307 85 première
2573 2136 120 62 fois

83 2234 222 62 étendu
360 2236 84 59 les
500 2235 232 58 limites
783 2235 73 60 de
906 2232 443 61 l'ouverture...
1408 2232 163 61 C'est
1608 2234 146 59 dans
1791 2248 163 44 cette
1989 2234 142 58 salle
2167 2254 122 61 que
2325 2245 137 46 sont
2497 2230 104 62 nés
2637 2232 53 59 le

92 2328 283 61 crescendo
400 2342 59 45 et
494 2328 55 58 le
1090 2325 368 61 diminuendo.
991 2326 90 60 Le
2137 2325 196 84 piano,
1353 2347 122 61 que
1524 2328 127 58 l'on
1705 2326 406 83 n'employait
2165 2325 523 83 principalement

83 2420 180 83 qu'en
323 2422 174 81 guise
1022 2419 213 75 à'écho,
813 2420 55 59 le
1717 2417 190 83 forte,
1138 2419 327 60 devinrent
1508 2420 152 60 ainsi
1698 2419 74 60 de
1806 2417 333 62 véritables
2175 2418 284 60 couleurs
2493 2418 157 58 musi-

83 2514 216 60 cales...
417 2514 58 59 A
531 2533 98 40 ces
687 2527 218 59 textes,
969 2512 102 61 M.
1128 2512 315 60 Riemann
1486 2513 168 80 joint
1707 2533 82 39 un
1843 2512 225 60 extrait
2106 2511 81 59 du
2224 2511 159 82 petit
2420 2507 156 62 écrit
2613 2509 73 60 de

86 2606 337 60 Reichardt
526 2626 102 40 sur
661 2606 84 60 les
780 2605 243 61 devoirs
1058 2605 84 59 du
1179 2606 307 60 musicien
1524 2603 378 63 d'orchestre
2016 2605 109 82 qui
2152 2617 184 69 parut
2364 2624 75 38 en
2487 2602 196 81 1776:

149 2699 88 59 La
270 2699 249 82 plupart
557 2696 101 61 des
693 2696 342 61 orchestres
1071 2699 391 59 connaissent
1499 2713 61 44 et
1596 2697 345 83 emploient
1988 2696 345 61 seulement
2366 2695 58 58 le
2435 2691 169 82 forte
2636 2706 56 47 et

80 2791 54 59 le
275 2790 164 83 piano
440 2813 117 38 sans
615 2789 361 85 s'inquiéter
1027 2790 188 61 d'une
1265 2789 263 62 délicate
1582 2790 391 84 gradation...
2015 2790 52 58 Il
2118 2804 87 44 est
2252 2787 278 74 difficile,
2567 2784 119 62 très

80 2883 251 61 difficile
365 2883 306 61 d'obtenir
705 2883 146 59 d'un
889 2883 315 61 orchestre
1240 2906 70 38 ce
1345 2906 122 61 que
1504 2883 133 82 déjà
1673 2906 75 36 ne
1791 2881 211 61 réalise
2054 2883 260 81 qu'avec
2365 2880 184 81 peine
2601 2900 84 37 un

79 2975 267 61 virtuose
381 2974 167 64 isolé.
590 2974 365 84 Cependant
994 2977 129 59 cela
1157 2991 88 45 est
1281 2975 290 83 possible:
1612 2997 79 39 on
1721 2997 32 38 a
1781 2974 273 61 entendu
2082 2974 129 60 cela
2238 2970 33 61 à
2300 2969 385 62 Mannheim

80 3083 58 45 et
172 3067 30 61 à
239 3069 305 82 Stuttgart
661 3067 16 28 2

260 3158 157 84 Déjà
475 3161 148 61 dans
687 3184 83 38 un
840 3182 272 63 ouvrage
1179 3158 359 87 précédent,
1753 3181 107 40 son
1921 3160 271 83 premier
2251 3176 292 61 ouvrage,

83 3251 338 62 Reichardt
479 3252 195 62 s'était
734 3252 229 64 extasié
1032 3276 100 40 sur
1184 3256 57 58 le
1295 3254 290 60 crescendo
1639 3254 75 59 de
1775 3252 405 61 Mannheim.
2241 3251 53 58 Il
2351 3248 192 61 datait
2612 3247 73 60 de

83 3345 201 61 Berlin
343 3348 55 58 la
449 3346 307 84 première
807 3348 74 59 de
917 3369 88 39 ses
1103 3349 212 59 lettres
1350 3346 146 61 d'un
1535 3368 318 62 voyageur
1889 3342 273 75 attentif,
2200 3355 380 48 concernant
2629 3341 57 59 la

80 3439 284 82 musique
514 3455 81 58 et,
662 3440 177 82 après
905 3441 171 59 avoir
1131 3438 165 84 parlé
1352 3440 73 60 de
1479 3439 359 61 l'orchestre
1893 3438 75 59 de
2030 3436 259 74 Dresde,
2345 3435 42 59 il
2454 3434 180 60 disait
2669 3455 12 37 :

195 3626 9 23 1
242 3624 244 48 SCHUBART,
510 3625 116 38 Ideen
647 3638 54 25 <z,u
725 3623 108 40 einer
853 3623 189 41 JEsthetik
1064 3623 72 39 der
1160 3623 191 39 Tonkunst
1351 3654 10 17 ,
1392 3625 124 45 1806,
1541 3636 39 40 p.
1612 3637 93 33 121,
1738 3635 92 37 137.

193 3681 14 22 2
240 3684 74 39 Ces
336 3693 125 30 textes
484 3693 92 30 sont
598 3684 96 40 cités
716 3698 73 40 par
812 3684 207 40 Riemann
1043 3684 101 38 dans
1166 3697 42 26 sa
1230 3681 160 56 préface
1414 3696 51 25 au
1488 3681 176 54 premier
1686 3679 166 42 volume
1883 3681 48 40 de
1964 3680 267 55 symphonies
2263 3679 49 40 de
2345 3676 140 43 l'école
2507 3674 178 58 palatine

79 3738 214 52 bavaroise,
315 3743 243 41 Denkmàler
578 3744 71 38 der
669 3744 213 40 Deutscher
907 3744 191 40 Tonkunst
1098 3775 10 18 ,
1136 3759 20 24 2
1163 3747 15 18 e
1199 3742 112 48 série,
1341 3757 18 35 3
1366 3746 14 18 e
1403 3744 141 45 année,
1570 3738 78 42 vol.
1677 3743 32 46 I,
1741 3755 124 38 1902.
