2956 4160
1244 1094 296 52 BRENET
1581 1090 242 68 (Michel).
2098 1089 80 48 Les
2320 1086 249 50 Musiciens
2866 1086 24 46 d

1102 1172 56 46 du
1186 1170 173 48 Palais.
1400 1166 342 66 (Publications
1780 1162 57 47 de
1877 1161 43 48 la
1957 1160 191 49 Section
2183 1158 57 49 de
2268 1158 127 47 Paris
2422 1156 57 47 de
2507 1155 43 48 la
2576 1153 47 49 S.
2653 1151 39 49 I.
2721 1151 75 49 M.

1102 1242 163 50 Picard
1294 1252 47 37 et
1367 1239 73 49 fils
1472 1254 59 48 19
1544 1251 76 34 10.
1649 1235 117 61 In-4
1770 1237 19 19 0
1816 1233 57 47 de
1901 1231 103 67 380
2030 1250 78 46 pp.
2136 1252 14 39 ;
2178 1231 77 47 frs.
2292 1228 97 64 15»)

1174 1362 195 49 Fondée
1395 1378 80 46 par
1503 1359 131 50 Saint
1663 1357 148 48 Louis
1841 1372 118 47 pour
2000 1353 209 49 recevoir
2248 1364 47 36 et
2333 1366 249 33 conserver
2621 1348 260 62 dignement

1103 1435 45 49 la
1172 1437 148 47 sainte
1348 1433 263 49 Couronne
1639 1428 203 63 d'épine,
1872 1426 44 49 la
1943 1424 230 63 Chapelle
2201 1425 63 46 du
2303 1421 150 50 Palais
2491 1439 27 29 a
2551 1421 114 64 joue
2705 1435 63 30 un
2799 1418 81 48 rôle

1105 1508 92 47 fort
1237 1506 259 61 important
1535 1503 114 47 dans
1686 1500 228 47 l'histoire
1952 1499 57 47 de
2048 1496 45 49 la
2119 1496 217 63 musique
2376 1493 246 63 religieuse
2658 1490 221 60 française.

1108 1578 153 63 Après
1303 1578 43 47 la
1380 1576 216 63 musique
1642 1574 63 47 du
1750 1573 67 48 roi
1859 1570 119 50 celle
2024 1569 58 48 de
2123 1569 43 48 la
2208 1569 159 48 Sainte
2423 1564 228 63 Chapelle
2697 1562 108 47 était
2848 1561 35 48 la

1108 1647 230 65 première
1378 1659 45 35 et
1461 1646 44 47 la
1543 1645 104 63 plus
1686 1644 193 47 illustre.
1921 1641 94 48 Les
2053 1651 154 52 postes
2245 1639 57 47 de
2329 1639 220 47 chantres
2575 1647 47 35 et
2649 1633 234 64 organistes

1108 1721 176 47 étaient
1312 1717 193 50 dévolus
1530 1735 94 31 aux
1652 1715 189 48 maîtres
1868 1712 63 48 les
1958 1712 103 64 plus
2096 1729 60 30 en
2202 1729 91 29 vue
2338 1727 62 30 ou
2436 1707 66 48 les
2540 1706 104 63 plus
2681 1703 200 65 appuyés.

1111 1791 132 49 C'est
1270 1791 97 47 dire
1394 1807 93 46 que
1513 1788 164 63 depuis
1704 1786 42 48 le
1774 1785 128 48 XIV
1907 1787 17 22 e
1949 1783 140 49 siècle
2110 1781 223 67 jusqu'au
2361 1777 181 51 XVIII
2545 1786 16 20 e
2599 1777 65 48 les
2695 1777 189 47 archives

1111 1865 57 47 de
1195 1874 123 38 cette
1346 1861 249 48 fondation
1621 1870 87 37 ont
1733 1856 141 66 gardé
1902 1874 117 44 pour
2046 1853 263 48 l'historien
2336 1870 68 30 un
2433 1849 223 50 véritable
2684 1848 150 48 trésor.

1256 1933 97 48 Peu
1381 1931 185 49 d'entre
1592 1947 120 32 nous
1737 1928 217 50 s'étaient
1992 1924 250 51 aventurés
2282 1924 114 47 dans
2434 1940 75 30 ces
2545 1933 186 36 cartons
2768 1919 51 48 de
2852 1918 33 48 la

1111 2006 160 49 Sainte
1317 2002 230 65 Chapelle
1595 2003 90 47 soit
1733 2017 93 32 aux
1872 1999 249 60 Archives,
2147 1998 90 47 soit
2282 1997 115 47 dans
2437 1994 65 47 les
2547 1990 337 65 bibliothèques.

1113 2078 79 48 M.
1239 2078 179 47 Brenet
1461 2077 131 45 vient
1637 2074 57 47 de
1738 2088 121 32 nous
1903 2070 168 49 rendre
2122 2081 156 36 toutes
2329 2067 278 48 recherches
2658 2063 228 49 désormais

1113 2149 190 47 inutiles
1319 2166 59 29 en
1400 2147 216 63 publiant
1635 2144 449 62 méthodiquement
2112 2152 45 36 et
2184 2139 514 63 chronologiquement
2725 2147 97 36 tout
2843 2152 42 29 ce

1113 2221 80 64 qui
1221 2239 27 28 a
1273 2220 110 47 trait
1408 2219 27 47 à
1460 2218 45 48 la
1530 2218 217 61 musique
1774 2229 46 34 et
1846 2233 93 29 aux
1967 2214 255 47 musiciens
2249 2211 115 47 dans
2391 2228 75 30 ces
2493 2209 151 48 fonds.
2686 2208 77 62 Et,
2789 2221 96 49 pour

1113 2293 181 63 ajouter
1332 2290 103 62 plus
1474 2290 56 46 de
1568 2289 104 62 prix
1699 2286 27 49 à
1762 2298 78 35 cet
1878 2301 221 47 ouvrage,
2135 2281 309 66 l'infatigable
2471 2281 262 47 chercheur
2757 2276 129 66 qu'est

1116 2375 135 36 notre
1279 2361 213 65 collègue
1521 2360 179 47 Brenet
1728 2378 26 28 a
1779 2357 128 49 versé
1935 2357 114 47 dans
2076 2374 53 30 ce
2150 2355 209 61 volume,
2381 2355 89 47 soit
2491 2371 60 30 en
2575 2364 149 51 notes,
2742 2351 80 47 soit
2839 2366 46 29 en

1115 2434 296 62 appendices,
1441 2442 155 37 toutes
1621 2430 65 48 les
1712 2428 147 49 fiches
1884 2427 116 65 qu'il
2027 2428 124 47 avait
2179 2425 301 49 rassemblées
2505 2441 78 31 sur
2618 2423 65 49 les
2721 2437 142 49 person-

1115 2522 143 35 nages
1295 2503 116 49 cités
1449 2503 115 47 dans
1607 2520 78 29 ces
1731 2501 299 48 documents.
2076 2498 137 49 Dans
2249 2509 133 36 toute
2428 2507 138 37 notre
2608 2492 280 63 musicologie

1117 2578 10 4 .
1352 2576 9 6 .
1549 2573 10 9 ,
1845 2573 9 8 •
1995 2571 10 11 1
2164 2569 70 13 .1
2458 2580 7 2 .
2486 2567 12 15 r
2677 2581 13 1 _
2726 2578 8 4 .
2786 2567 8 9 •
2810 2581 12 1 .
2861 2559 28 23 .0

351 2590 224 59 française
604 2602 117 31 nous
749 2583 192 47 n'avons
969 2582 237 60 peut-être
1233 2594 78 45 pas
1338 2582 123 41 deux
1488 2582 214 40 volumes
1736 2591 118 30 aussi
1881 2582 297 54 amplement
2210 2582 312 37 documentes
2549 2587 92 45 que
2669 2582 73 34 cet
2783 2582 89 43 111-4

351 2663 63 47 où
440 2660 313 63 apparaissent
778 2655 102 63 près
906 2653 56 46 de
993 2665 99 51 700
1119 2666 137 30 noms
1281 2648 56 46 de
1366 2647 252 62 praticiens
1643 2646 213 59 français.

495 2732 46 48 Si
586 2728 160 68 j'avais
790 2726 44 48 la
882 2724 131 63 place
1059 2722 57 47 de
1157 2721 181 47 donner
1383 2718 25 48 à
1449 2736 76 29 ces
1566 2729 134 36 notes
1742 2716 428 64 bibliographiques
2215 2713 64 48 les
2319 2712 415 63 développements
2771 2708 118 48 d'une

353 2803 279 61 chronique,
666 2799 47 65 je
740 2816 60 29 ne
826 2794 247 50 résisterais
1099 2808 79 46 pas
1202 2808 60 29 au
1303 2789 151 62 plaisir
1480 2789 58 47 de
1566 2788 181 47 donner
1773 2804 95 31 une
1897 2788 154 63 image
2076 2785 254 49 sommaire
2358 2784 57 47 de
2442 2796 124 35 cette
2593 2784 74 47 vie
2695 2776 193 53 musicale

353 2878 57 46 de
437 2876 43 47 la
506 2874 157 49 Sainte
692 2867 245 64 Chapelle,
964 2883 113 31 avec
1097 2881 70 30 ses
1192 2862 202 49 rivalités
1420 2862 57 47 de
1503 2860 389 61 fonctionnaires,
1912 2877 71 30 ses
2009 2860 221 46 chicanes
2256 2858 56 45 de
2340 2856 206 61 maîtres,
2569 2867 46 35 et
2641 2851 247 52 l'évolution

353 2948 57 47 de
438 2945 104 49 l'art
569 2962 58 30 au
655 2940 165 49 milieu
847 2939 56 47 de
931 2949 124 36 cette
1082 2934 177 48 illustre
1285 2933 297 64 compagnie.
1624 2931 48 47 A
1700 2943 136 35 noter
1861 2930 46 48 la
1933 2930 283 62 disparation
2244 2928 115 48 d'un
2389 2929 193 62 registre
2608 2926 79 49 des
2711 2924 178 49 archives

353 3020 80 61 qui
461 3014 298 65 correspond,
787 3030 60 30 au
873 3008 155 50 XVII
1031 3011 16 21 e
1073 3005 155 64 siècle,
1249 3005 27 48 à
1300 3023 97 30 une
1423 3006 212 46 curieuse
1662 3004 184 62 dispute
1872 3014 172 37 autour
2071 3001 116 49 d'un
2215 3001 193 49 Lutrin.
2432 3000 177 48 Brenet
2627 3000 176 47 insinue
2819 2995 70 46 fort

350 3093 263 63 justement
654 3102 91 48 que
792 3081 197 50 Boileau
1032 3079 85 47 dut
1155 3089 277 51 emprunter
1488 3094 55 30 ce
1582 3076 260 47 document
1882 3075 79 47 des
2000 3074 151 48 mains
2190 3074 58 47 de
2284 3089 85 30 son
2408 3071 155 62 oncle,
2603 3070 42 48 le
2686 3066 203 52 chanoine

355 3160 235 64 Dongois,
630 3169 47 37 et
713 3166 201 37 omettre
953 3152 58 47 de
1050 3151 42 47 le
1129 3150 232 47 restituer.
1402 3149 48 47 A
1488 3164 273 47 remarquer
1799 3164 173 30 encore
2010 3145 45 48 la
2091 3144 229 49 difficulté
2357 3144 56 46 de
2444 3145 113 45 faire
2585 3142 237 62 participer
2843 3136 47 46 les

354 3231 269 64 chapelains
647 3229 27 48 à
699 3226 290 48 l'exécution
1018 3224 56 47 de
1099 3221 46 48 la
1171 3221 217 63 musique
1413 3218 186 65 lorsque
1627 3217 186 50 celle-ci
1841 3230 83 37 eut
1950 3220 92 61 pris
2068 3218 108 47 hors
2212 3217 56 47 de
2296 3216 43 47 la
2363 3215 191 66 liturgie
2592 3213 297 64 l'importance

355 3317 49 35 et
442 3304 43 47 le
523 3300 234 51 caractère
797 3297 116 48 d'un
952 3306 70 37 art
1066 3292 238 50 véritable.
1346 3291 133 49 C'est
1517 3309 96 29 une
1651 3290 208 64 querelle
1897 3307 93 47 que
2030 3307 121 30 nous
2190 3300 279 37 retrouvons
2513 3288 114 47 dans
2667 3296 143 37 toutes
2843 3279 47 46 les

357 3375 292 49 institutions
675 3372 56 47 de
758 3389 52 29 ce
838 3385 159 48 genre,
1027 3367 117 47 dont
1169 3364 43 47 la
1240 3364 247 47 fondation
1515 3375 216 35 remonte
1759 3381 59 29 au
1845 3380 176 48 moyen
2049 3362 102 63 âge.

499 3447 138 46 Nous
663 3442 270 48 attendions
958 3451 106 35 tous
1089 3455 112 31 avec
1229 3436 286 63 impatience
1541 3434 44 49 le
1613 3434 113 49 livre
1752 3434 57 49 de
1837 3434 195 61 Brenet,
2060 3446 47 35 et
2135 3432 102 63 plus
2263 3432 117 47 d'un
2408 3432 149 63 parmi
2598 3447 118 31 nous
2752 3436 137 54 pourra

355 3518 253 50 désormais
633 3514 272 65 poursuivre
933 3513 78 46 des
1036 3511 163 48 études
1224 3527 93 46 que
1343 3508 43 50 le
1413 3525 208 46 manque
1649 3507 58 48 de
1733 3507 285 48 documents
2042 3505 206 49 arrêtait,
2282 3503 134 51 C'est
2455 3521 66 31 un
2561 3521 106 47 gros
2703 3508 186 41 morceau

355 3593 57 47 de
440 3591 226 48 l'histoire
694 3585 337 65 biographique
1059 3583 80 63 qui
1168 3582 189 47 devient
1383 3579 264 50 accessible.
1676 3578 41 48 Il
1755 3597 59 29 ne
1850 3596 102 30 sera
1988 3578 103 63 plus
2129 3577 199 64 possible
2368 3577 56 47 de
2465 3577 152 62 parler
2653 3592 59 30 au
2748 3561 128 59 XVII
2879 3563 11 21 e

354 3662 140 49 siècle
519 3660 198 61 français
739 3676 58 30 en
825 3655 154 49 érudit
1004 3671 104 31 sans
1132 3652 139 49 s'être
1294 3652 147 49 référé
1468 3652 25 49 à
1519 3668 54 33 ce
1600 3650 374 64 dépouillement
2001 3649 243 49 laborieux
2272 3659 47 37 et
2345 3649 80 63 qui
2460 3649 180 47 honore
2665 3646 33 47 si
2725 3636 141 73 grande-

358 3747 136 38 ment
519 3733 45 49 la
589 3729 307 64 musicologie
923 3729 63 47 du
1012 3726 107 50 XX
1121 3729 17 20 e
1163 3724 154 49 siècle.
2649 3719 46 63 J.
2724 3715 53 50 E.
