2956 4160
801 231 204 74 LES
1060 224 290 79 AMIS
1406 224 160 71 DE
1632 216 157 76 LA
1850 211 526 97 MUSIQUE

320 266 39 41 X

317 386 82 52 des
421 386 113 68 plus
564 384 139 51 belles
747 382 258 53 collections
1034 379 57 50 de
1121 376 229 52 tableaux
1385 372 245 51 modernes
1659 369 58 50 de
1759 367 40 52 V
1805 366 292 68 Allemagne
2140 361 193 51 entière.
2372 359 140 54 Cest
2530 359 49 52 la
2611 376 64 33 au
2707 359 162 50 milieu

319 489 80 50 des
433 487 238 65 Boecklin,
703 486 80 50 des
818 482 244 54 Eembach
1070 524 11 23 5
1112 480 80 51 des
1231 478 204 51 Thomas
1440 518 13 23 5
1484 474 79 50 des
1599 470 239 72 Sganbati
1846 513 11 23 5
1890 469 80 51 des
2002 466 147 53 Stuck
2181 479 45 37 et
2251 465 58 50 de
2351 477 111 38 tant
2486 463 39 50 d
2551 476 162 37 autres
2744 462 127 51 toiles

317 591 252 63 fameuses,
618 586 412 53 admirablement
1070 582 192 52 choisies
1267 624 12 23 5
1597 574 127 52 hbtes
1751 572 233 70 français
2030 581 171 40 eurent
2252 585 91 33 une
2391 566 215 68 surprise
2650 564 218 51 délicate.

320 693 148 50 Dans
498 691 62 51 les
590 691 156 50 salons
776 709 56 32 ou
863 687 224 53 circulait
1112 686 40 51 le
1182 698 100 37 tout
1308 680 214 53 Munich
1554 679 80 50 des
1669 675 215 72 grandes
1921 673 299 64 cérémonies,
2266 668 229 53 Richard
2520 668 196 51 Strauss
2759 685 112 32 nous

320 794 242 52 attendait
563 838 12 22 5
808 792 189 69 faisait
1023 791 40 50 le
1083 788 115 70 plus
1221 783 214 55 aimable
1465 781 194 52 accueil.
1687 782 107 50 Des
1824 796 88 54 que
1936 777 76 51 M
2013 789 42 19 me
2081 773 324 54 Landowska
2430 785 77 38 eut
2530 769 226 71 répandu
2767 785 98 54 pay

321 915 79 33 son
432 898 215 50 clavecin
691 915 90 32 une
823 892 301 69 atmosphère
1166 888 225 54 musicale
1419 905 86 33 sur
1544 898 102 38 tout
1684 884 21 50 l
1732 882 242 51 auditoire
1978 924 14 23 5
2037 880 21 50 /
2088 880 193 50 Auteur
2307 877 57 50 de
2396 875 193 53 Salome
2615 893 48 32 se
2692 874 91 50 mit
2808 891 64 33 au

312 1002 154 66 piano
474 1043 12 23 5
708 999 259 50 seulement
993 1014 114 33 nous
1141 995 118 68 joua
1264 1036 13 23 5
1309 992 122 50 mais
1461 1007 114 35 nous
1606 988 177 51 chanta
1815 985 57 51 de
1902 985 49 50 la
1983 984 116 51 voix
2128 983 49 51 la
2202 981 118 69 plus
2363 980 258 67 imprévue
2652 977 222 72 quelques

322 1102 153 52 scènes
505 1103 57 50 de
590 1121 79 32 son
701 1100 406 52 Rosenkavalier.
1147 1097 133 53 Cest
1317 1096 49 50 la
1418 1112 90 33 une
1553 1110 165 33 œuvre
1722 1134 12 23 5
1768 1107 173 34 comme
1987 1087 40 50 le
2057 1086 75 50 dit
2157 1084 401 52 astucieusement
2598 1082 40 50 le
2678 1080 198 51 IVLaitie

324 1206 247 50 lui-même
575 1248 12 23 5
620 1223 79 52 çw
730 1204 123 52 //Vj/
884 1218 97 53 pas
1011 1202 57 51 de
1096 1201 227 51 Vauteur
1348 1197 54 52 d^
1666 1195 123 51 mais
1818 1193 58 50 de
1922 1192 20 50 l
1970 1189 153 53 emule
2166 1188 58 51 de
2265 1187 196 52 Johann
2495 1188 210 48 Strauss.
2740 1183 127 51 Avec

314 1309 148 67 peine
512 1308 62 51 les
607 1308 229 67 français
878 1305 260 71 quittèrent
1175 1316 110 38 cette
1328 1301 283 51 charmante
1648 1298 224 51 demeure
1876 1339 13 23 5
1941 1309 143 54 après
2134 1311 55 32 en
2225 1291 150 51 avoir
2413 1289 194 51 admire
2657 1302 100 37 tous
2814 1288 62 50 les

326 1413 121 49 coins
454 1454 11 21 5
498 1423 45 37 et
557 1408 454 70 particulièrement
1037 1407 63 51 les
1114 1405 156 69 pièces
1300 1402 233 53 meublées
1564 1421 55 32 en
1651 1420 45 31 ce
1717 1401 121 70 goût
1865 1415 226 36 nouveau
2116 1415 88 53 que
2234 1394 216 52 Munich
2482 1406 65 36 est
2577 1410 54 33 en
2663 1392 132 50 train
2819 1390 57 51 de

325 1514 186 50 donner
537 1530 55 33 en
621 1510 226 70 spectacle
892 1531 28 30 a
1246 1522 45 36 et
1317 1507 81 71 qui
1427 1519 68 37 est
1521 1505 106 50 bien
1671 1522 91 33 une
1791 1503 80 51 des
1891 1502 117 69 plus
2027 1500 335 69 prodigieuses
2393 1496 234 52 créations
2658 1495 58 50 de
2746 1507 132 37 notre

327 1615 164 51 vieille
522 1615 306 51 civilisation.

479 1724 159 68 Après
683 1724 41 51 le
770 1737 182 37 concert
995 1722 65 52 du
1105 1722 96 51 soir
1202 1764 12 23 5
1239 1720 174 70 grand
1452 1719 212 71 banquet
1705 1715 141 70 offert
1881 1731 104 52 par
2032 1716 49 49 la
2112 1711 372 69 Municipalité.
2527 1710 81 50 En
2656 1707 222 73 quelques

328 1841 114 36 mots
493 1827 128 51 émus
627 1870 11 23 5
689 1827 42 50 le
782 1827 173 50 Prince
999 1822 483 66 Louis-Ferdinand\
1515 1822 80 71 qui
1637 1820 150 51 avait
1823 1818 107 52 bien
1971 1817 151 53 voulu
2152 1815 233 69 présider
2425 1832 47 32 ce
2516 1811 216 73 banquet
2763 1829 115 34 nous

328 1947 174 33 assura
533 1929 57 49 de
619 1947 53 33 sa
701 1928 270 69 sympathie
975 1971 13 23 5
1091 1927 114 50 leva
1235 1944 79 33 son
1345 1942 145 33 verre
1521 1942 55 33 en
1619 1923 269 51 Vhonneur
1913 1921 58 51 de
2013 1919 133 52 Tart
2180 1932 45 37 et
2252 1918 82 51 des
2366 1917 223 51 Maîtres
2618 1914 255 64 français.

328 2032 133 59 Puis,
494 2032 40 49 le
552 2034 226 64 premier
806 2032 355 68 Bourgmestre,
1192 2029 42 50 le
1268 2027 270 52 Chevalier
1564 2044 96 33 von
1693 2025 205 51 Borscht
1924 2025 82 70 qui
2048 2023 150 51 avait
2223 2036 112 37 tenu
2366 2041 29 30 a
2428 2033 193 39 rentrer
2649 2032 166 54 exprès
2846 2037 29 30 a

329 2133 237 67 Munich,
685 2153 63 32 un
769 2147 124 37 toast
907 2133 139 68 plein
1313 2144 47 37 et
1377 2130 58 50 de
1466 2128 246 53 bonhomie
1742 2128 292 65 malicieuse,
2060 2125 206 69 rappela
2298 2124 63 52 les
2391 2123 119 52 liens
2554 2123 84 70 qui
2667 2121 214 52 unissent

329 2236 128 50 Vart
482 2236 57 50 de
569 2250 132 38 notre
736 2251 125 53 pays
894 2256 28 30 a
955 2236 119 50 celui
1103 2235 57 50 de
1189 2234 216 52 Munich
1410 2276 13 23 5
1528 2232 40 51 il
1591 2232 209 51 termina
1839 2246 106 52 par
1973 2248 91 33 une
2093 2242 119 39 sorte
2241 2227 362 52 d^allitération
2644 2224 216 52 aimable
2865 2267 11 23 5

415 2339 285 50 souhaitant
726 2357 104 53 que,
877 2341 31 25 u
1279 2336 48 50 /#
1358 2335 238 71 Musique
1644 2334 282 51 devinssent
1952 2353 29 30 a
2013 2333 108 51 leur
2157 2345 122 52 tour,
2311 2331 65 51 les
2411 2330 141 50 Amis
2581 2328 59 52 de
2670 2328 49 50 la
2757 2327 122 50 Ville

329 2442 233 51 Munich.
763 2442 162 52 CO/0#
960 2439 236 53 Chandon
1227 2440 57 50 de
1314 2437 231 53 Briailles
1576 2437 170 51 releva
1778 2450 69 36 cet
1873 2434 215 52 aimable
2117 2434 112 67 défi\
2261 2448 46 37 <?/
2331 2434 187 67 promit
2552 2446 133 38 notre
2722 2444 161 38 retour

329 2545 124 51 dans
484 2562 90 34 une
604 2558 139 36 autre
793 2544 225 64 occasion,
1310 2540 207 69 capitale
1562 2540 58 51 de
1649 2538 340 70 VAllemagne
2031 2538 66 51 du
2130 2537 117 52 Sud.
2283 2536 151 66 Enfin
2482 2537 42 50 le
2569 2536 71 50 D'
2676 2535 203 64 Kilhles,

320 2655 157 67 parla
528 2672 56 33 en
616 2654 231 68 français
905 2671 64 33 au
1014 2671 104 33 nom
1161 2653 66 50 du
1288 2651 183 52 Comité
1513 2650 57 50 de
1625 2648 326 69 FExposition
1976 2670 14 29 :
2043 2652 31 23 cc
2102 2648 64 52 C<?
2211 2666 30 33 n
2267 2661 68 37 est
2369 2662 98 53 pas
2522 2665 113 33 sans
2685 2646 179 51 hésiter
2865 2664 11 47 \

674 2755 106 52 Von
839 2756 150 50 avait
1029 2754 215 51 accueilli
1288 2754 41 51 le
1364 2754 164 69 projet
1568 2752 58 50 de
1674 2751 86 50 M.
1809 2751 162 50 Emile
2024 2751 270 51 Gutmann.
2342 2748 364 72 Aujourd'hui,
2765 2765 115 34 nous

330 2878 196 33 sommes
581 2872 99 38 tous
738 2859 194 66 remplis
1391 2872 134 52 pour
1576 2856 49 49 la
1667 2854 288 69 production
2006 2853 78 52 des
2140 2854 251 50 musiciens
2432 2854 235 68 français
2725 2866 47 37 et
2817 2852 64 51 les

331 2962 160 69 efforts
534 2962 58 51 de
633 2963 126 50 leurs
804 2963 125 68 chefs
954 2984 18 40 ;
1018 2975 45 37 et
1101 2962 39 50 si
1175 2960 102 51 Von
1321 2980 29 30 a
1390 2974 75 53 pu
1507 2959 107 50 dire
1658 2976 87 53 que
1803 2957 216 51 Munich
2063 2971 68 37 est
2176 2957 42 50 le
2261 2974 127 33 cœur
2439 2956 59 51 de
2541 2955 342 72 VAllemagne

480 3040 6 10 \

359 3067 32 66 (
430 3083 173 33 comme
872 3066 170 50 Berlin
1312 3083 53 32 en
1533 3077 69 39 est
1752 3064 49 50 la
1215 3064 817 68 têteJ,
2339 3063 65 50 les
2579 3074 197 37 maîtres

329 3167 212 52 d'avoir
564 3168 125 68 fait,
731 3182 108 54 par
891 3167 43 51 le
979 3168 194 50 charme
1216 3166 60 51 de
1319 3166 103 51 leur
1469 3165 233 69 musique,
1760 3163 48 50 la
1867 3165 222 69 conquête
2135 3162 64 51 du
2244 3180 127 34 cœur
2422 3162 59 51 de
2541 3182 48 32 ce
2646 3182 127 33 cœur
2825 3162 59 52 de

331 3271 348 70 rAllemagne.
739 3271 169 50 Puisse
959 3270 180 51 bientôt
1190 3270 40 50 le
1286 3267 214 53 tricolore
1539 3267 171 68 flotter
1763 3265 58 51 de
1877 3284 231 34 nouveau
2166 3266 290 52 au-devant
2507 3266 59 51 de
2624 3267 49 50 la
2730 3267 153 51 Muse

315 3374 261 69 française
604 3391 99 33 aux
722 3387 165 54 portes
918 3373 58 51 de
1007 3372 344 68 VExposition.

2677 3464 4 10 V
2916 3464 6 10 I

486 3481 201 52 Faut-il
708 3482 44 51 le
780 3482 106 51 dire
907 3482 24 51 ?
960 3495 110 38 tant
1094 3481 59 51 de
1182 3481 231 71 musique,
1446 3492 46 38 et
1517 3491 110 39 tant
1651 3477 58 51 de
1740 3477 283 52 cérémonies
2052 3477 58 51 de
2150 3491 100 38 tous
2286 3496 174 52 genres
2503 3496 58 34 ne
2603 3497 117 35 nous
2752 3478 108 70 suffi-

349 3587 161 50 saient
526 3600 113 54 pas,
994 3599 47 37 et
1065 3600 144 54 après
1484 3604 46 32 ce
2152 3603 113 33 vers
2465 3601 91 33 une
2705 3582 148 51 heure
