2956 4160
1374 264 77 71 S.
1520 262 66 71 I.
1659 262 122 68 M.

308 291 152 70 572

302 432 128 45 tant
464 418 74 59 de
572 418 336 58 mauvaises
941 412 278 61 volontés
1252 412 10 60 !
1301 412 116 58 Les
1452 412 299 58 clameurs
1775 407 335 82 jubilantes
2145 407 171 58 n'ont
2364 402 323 84 empêché,
2724 403 139 60 bien

301 530 76 37 au
428 509 321 68 contraire,
801 506 63 58 ni
915 506 81 57 les
1046 503 291 80 critiques
1386 502 83 59 les
1517 502 135 80 plus
1701 498 262 72 acerbes,
2006 497 59 59 ni
2103 497 83 59 les
2221 496 362 58 discussions
2617 496 83 57 les
2735 495 131 80 plus

302 599 313 58 violentes.
669 597 136 58 Nul
854 596 212 59 mieux
1116 614 119 61 que
1285 613 172 52 nous,
1508 590 83 60 du
1637 604 176 57 reste,
1864 589 94 59 n'a
1993 609 84 61 pu
2113 586 316 83 percevoir
2463 583 291 61 combien
2796 583 70 60 de

302 688 225 61 colères
577 710 80 36 ou
708 688 283 58 d'ironies
1042 684 353 59 dissidentes
1445 704 58 38 se
1553 697 137 44 sont
1727 677 324 84 réfugiées,
2086 679 269 58 celles-ci
2391 676 145 60 dans
2569 677 82 59 les
2687 676 181 81 petits

303 799 262 61 groupes
614 779 73 57 de
723 778 304 80 Français,
1070 771 221 63 arrivés
1341 796 72 36 en
1465 788 508 44 avant-coureurs
2006 769 74 60 de
2114 770 130 59 leur
2280 768 287 72 Festival,
2604 766 263 60 celles-là

303 869 145 59 dans
480 869 83 57 les
588 868 311 80 journaux
933 867 429 78 d'Allemagne
1398 878 59 45 et
1492 863 73 58 de
1602 864 219 69 Suisse,
1858 859 198 61 tandis
2091 881 120 59 que
2246 879 159 38 ceux
2440 858 73 58 de
2551 858 234 58 France
2813 878 54 38 se

303 961 297 70 taisaient,
655 980 245 38 comme
958 958 47 59 si
1061 954 407 63 l'événement
1526 956 170 57 n'eut
1755 951 96 62 été
1903 952 303 59 d'aucune
2272 952 403 80 importance.
2748 949 120 59 Des

294 1050 311 80 journaux
662 1047 594 71 suisses-allemands,
1292 1067 108 61 par
1433 1046 305 80 exemple,
1757 1043 125 80 j'en
1917 1041 276 83 pourrais
2228 1041 154 58 citer
2418 1036 78 63 où
2547 1039 83 59 les
2665 1039 171 59 invec-

303 1142 152 57 tives
482 1140 408 81 personnelles
924 1140 123 58 s'en
1083 1140 231 80 prirent
1352 1159 122 37 non
1511 1137 340 59 seulement
1885 1133 32 60 à
1957 1132 271 71 Mahler,
2266 1132 153 59 mais
2453 1128 32 61 à
2512 1151 160 38 ceux
2698 1131 170 70 aussi,

304 1231 149 59 dont
488 1231 55 57 le
581 1231 111 59 Dr.
727 1231 149 57 Paul
911 1227 228 71 Stefan,
1168 1227 72 60 de
1268 1229 263 71 Vienne,
1560 1227 162 59 avait
1757 1222 235 84 groupé
2028 1224 82 58 les
2145 1243 184 61 pages
2364 1222 73 60 de
2460 1220 143 72 fête,
2630 1218 241 63 offertes

306 1343 72 37 en
416 1343 80 37 un
533 1323 150 57 livre
717 1320 398 81 d'hommage
1148 1342 75 36 au
1259 1318 259 72 Maître,
1555 1316 32 60 à
1620 1318 323 59 l'occasion
1981 1314 72 59 de
2089 1335 86 38 ses
2211 1315 335 80 cinquante
2581 1333 121 38 ans.
2757 1314 114 57 Car

306 1413 43 58 il
384 1413 289 57 demeure
707 1413 230 80 acquis,
972 1410 385 73 semble-t-il,
1395 1432 118 60 que
1549 1410 55 57 la
1639 1410 135 80 plus
1795 1405 229 84 grande
2052 1405 198 81 injure
2278 1404 189 81 qu'on
2503 1405 200 80 puisse
2725 1400 146 62 faire

306 1502 31 58 à
372 1503 56 57 la
462 1503 267 80 critique
763 1503 115 58 soit
915 1502 330 58 d'admirer
1281 1500 340 82 quelqu'un
1658 1518 130 41 sans
1823 1518 60 40 sa
1931 1497 386 81 permission.
2373 1495 90 59 La
2512 1492 119 60 très
2680 1493 188 71 sobre,

307 1592 117 60 très
461 1608 209 44 exacte
706 1608 57 44 et
793 1591 117 61 très
946 1592 410 60 documentée
1390 1589 368 83 biographie
1794 1589 72 59 de
1906 1587 274 72 Mahler,
2218 1608 121 60 que
2373 1587 55 58 le
2468 1586 206 58 même
2727 1586 144 58 Paul

308 1682 205 60 Stefan
543 1682 10 25 1
590 1685 169 57 vient
795 1683 73 59 de
901 1682 261 81 publier,
1198 1704 32 36 a
1264 1679 117 74 été,
1418 1702 158 61 pour
1610 1681 197 81 parler
1842 1693 123 58 net,
2001 1676 471 62 véritablement
2517 1674 235 61 lacérée
2800 1697 71 37 au

308 1775 194 58 moral
547 1796 108 60 par
689 1775 260 59 certains
985 1775 398 71 journalistes,
1419 1787 59 45 et
1513 1794 144 38 avec
1696 1793 82 38 un
1813 1772 83 59 tel
1930 1784 213 45 accent
2180 1768 74 60 de
2288 1768 205 72 haine,
2531 1767 340 81 qu'aucune

307 1865 399 80 explication,
758 1865 487 70 antisémitisme,
1297 1862 450 71 chauvinisme,
1800 1859 267 62 rivalités
2118 1857 253 74 d'école,
2407 1856 300 61 inimitiés
2741 1879 98 60 per-

307 1956 315 70 sonnelles,
659 1975 377 60 vengeances
1069 1956 154 57 n'est
1257 1954 327 71 suffisante,
1621 1953 141 59 hors
1798 1951 310 83 peut-être
2143 1950 243 60 celle-ci
2423 1973 11 35 :
2473 1970 80 38 on
2589 1970 32 37 a
2661 1946 210 61 deviné

307 2067 137 39 sous
491 2048 55 57 le
595 2048 297 58 musicien
943 2048 55 57 la
1049 2044 284 83 présence
1384 2045 81 59 du
1516 2043 305 84 prophète
1865 2058 60 44 et
1977 2043 154 82 qu'il
2164 2041 174 82 s'agit
2373 2063 126 37 non
2540 2041 156 82 plus,
2733 2062 138 37 avec

307 2152 160 44 cette
533 2137 303 80 musique,
895 2135 72 59 de
1032 2134 263 61 délecter
1352 2134 455 83 agréablement
1872 2135 82 58 les
2019 2153 131 40 sens
2214 2130 242 61 raffinés
2522 2147 57 43 et
2646 2132 224 80 l'esprit

307 2226 336 83 ingénieux
679 2227 179 58 d'une
894 2228 278 59 centaine
1207 2227 73 58 de
1317 2226 292 82 précieux
1643 2226 324 71 dilletanti,
1997 2226 153 58 mais
2176 2223 343 60 d'ameuter
2545 2224 83 59 les
2663 2221 207 72 fouies,

307 2318 74 60 de
431 2321 82 57 les
563 2317 352 60 rassembler
965 2334 218 43 autour
1229 2317 74 60 de
1337 2340 95 37 ces
1468 2318 232 59 mêmes
1736 2314 222 61 vérités
1991 2317 234 58 vieilles
2259 2336 248 38 comme
2541 2314 54 60 le
2630 2313 241 71 monde,

307 2408 334 83 desquelles
688 2410 56 58 le
793 2408 225 59 monde
1065 2410 467 81 contemporain
1569 2408 235 83 croyait
1838 2407 176 60 s'être
2048 2403 495 63 définitivement
2580 2403 290 61 affranchi

307 2514 58 44 et
402 2500 107 81 qui
537 2520 59 38 se
623 2496 391 61 démontrent
1045 2516 118 41 une
1184 2497 117 61 fois
1328 2499 74 58 de
1435 2500 136 81 plus
1598 2499 423 58 immortelles.
2053 2499 117 58 Les
2206 2497 226 59 raisons
2466 2496 82 60 du
2578 2494 293 62 caractère

307 2589 118 61 très
461 2589 224 82 spécial
720 2590 100 60 des
847 2589 208 61 haines
1092 2612 119 59 que
1244 2591 221 59 suscite
1496 2590 271 72 Mahler,
1804 2591 156 59 aussi
1997 2589 142 59 bien
2175 2610 75 37 en
2286 2589 372 81 Allemagne
2693 2588 177 82 qu'en

311 2682 251 72 France,
599 2695 133 45 sont
769 2703 118 60 que
922 2702 58 38 sa
1016 2683 284 80 musique
1337 2695 126 45 met
1498 2703 121 37 aux
1644 2683 188 80 prises
1858 2683 83 58 les
1969 2682 195 58 salons
2190 2694 60 46 et
2277 2680 56 60 la
2358 2682 174 80 place
2560 2679 310 83 publique,

304 2769 361 84 l'irréligion
717 2770 426 83 oligarchique
1192 2787 58 43 et
1285 2770 360 61 l'idéalisme
1691 2773 348 80 populaire;
2095 2772 224 81 qu'elle
2353 2770 226 60 chante
2611 2793 11 37 :

304 2864 115 58 nia
444 2863 178 59 donné
641 2885 103 37 une
768 2862 170 81 petite
970 2862 227 60 lumière
1322 2886 119 60 que
1466 2866 55 57 le
1557 2863 219 60 maître
1805 2862 272 84 éprouve
2104 2864 55 59 le
2193 2862 212 61 besoin
2432 2862 73 60 de
2541 2863 330 60 construire

306 2955 129 57 l'un
488 2953 101 59 des
655 2953 134 82 plus
854 2955 432 81 gigantesques
1351 2956 296 81 premiers
1703 2969 434 45 mouvements
2200 2953 75 60 de
2307 2988 10 10 -
2340 2952 375 84 symphonie
2772 2951 98 84 qui

306 3046 282 71 existent,
623 3066 102 38 sur
756 3046 82 58 les
872 3046 232 80 paroles
1140 3045 81 59 du
2237 3047 139 60 Vent
2576 3059 220 47 creator
1953 3061 58 45 et
2048 3068 142 61 que,
2226 3046 75 58 de
2336 3060 201 46 toutes
2581 3047 83 59 les
2712 3045 127 82 puis-

306 3156 204 39 sances
562 3135 74 58 de
693 3156 105 37 son
850 3135 329 74 orchestre,
1233 3137 42 59 il
1330 3137 173 59 lance
1557 3159 73 38 au
1686 3139 117 58 ciel
1854 3159 68 38 ce
2759 3153 109 64 que

303 3224 366 82 l'irréligion
704 3228 506 81 contemporaine
1245 3226 258 84 espérait
1539 3229 143 60 bien
1717 3250 74 37 ne
1827 3229 138 82 plus
1986 3228 293 61 entendre
2307 3249 122 61 que
2456 3228 73 59 de
2555 3228 57 59 la
2640 3225 228 64 bouche

306 3317 100 59 des
502 3338 257 61 pauvres
793 3317 248 82 d'esprit
1158 3333 58 46 et
1252 3318 150 61 dont
1436 3320 115 60 elle
1584 3322 370 81 escomptait
1990 3342 76 38 ne
2096 3320 132 83 plus
2255 3319 216 61 rendre
2499 3317 368 85 responsable

307 3430 119 59 que
492 3407 332 61 l'imbécile
955 3407 87 62 foi
1101 3408 82 61 du
1240 3409 411 62 charbonnier
1798 3412 93 61 Or
1943 3410 254 61 Mahler
2254 3426 87 45 est
2399 3412 130 59 l'un
2589 3410 102 61 des
2747 3409 120 84 plus

304 3498 233 61 érudits
571 3513 58 45 et
664 3499 101 60 des
800 3501 133 81 plus
967 3498 295 85 profonds
1296 3524 287 62 penseurs
1618 3502 73 61 de
1727 3518 175 45 notre
1939 3517 200 69 temps
2166 3503 10 61 !

365 3655 10 23 1
400 3658 73 37 Dr.
501 3654 101 42 Paul
626 3654 133 41 Stefan
783 3673 9 21 :
815 3657 157 38 Gustav
992 3657 170 39 Mahler
1162 3688 10 17 ,
1196 3657 88 41 eine
1306 3658 131 40 studie
1454 3657 100 41 über
1577 3657 325 42 PersOnlichkeit
1924 3660 86 39 und
2043 3658 132 43 Werk
2270 3659 186 40 Munich
2480 3659 49 42 R.
2556 3659 131 56 Piper.
2714 3660 51 38 Et
2786 3656 80 40 chez

304 3714 36 43 le
361 3715 133 40 même
516 3715 157 40 éditeur
694 3732 9 21 :
727 3715 155 39 Gust&v
904 3716 169 39 Mahler
1090 3736 14 20 :
1125 3717 64 38 ein
1211 3714 93 41 Bild
1321 3717 127 40 seiner
1472 3717 325 41 PersOnlichkeit
1818 3719 43 39 in
1883 3719 303 51 Widmungen.
