2956 4160
356 1610 820 102 L'EXOTISME
1267 1608 173 91 ET
1534 1608 175 86 LA
1801 1600 607 99 MUSIQUE

919 1773 181 87 DE
1199 1755 645 102 L'AVENIR

269 1985 239 82 Depuis
560 1984 56 59 le
673 1979 209 62 succès
933 1979 74 58 de
1055 1979 89 58 Ivl
1153 1980 51 22 me
1239 1975 290 81 Butterfly
1533 2021 15 23 ,
1602 1970 108 83 qui
1764 1968 204 61 utilise
2028 1966 103 59 des
2189 1959 215 63 motifs
2463 1973 59 45 et
2578 1956 101 60 des

85 2077 296 61 mélodies
430 2074 357 83 japonaises,
824 2087 60 44 et
922 2070 217 82 depuis
1190 2086 54 40 le
1296 2063 319 84 triomphe
1652 2062 74 58 de
2528 2050 153 59 dont

82 2172 56 58 la
175 2168 267 61 mélodie
478 2183 59 45 et
571 2166 368 59 l'harmonie
978 2177 107 45 ont
1122 2182 159 62 pour
1314 2159 138 59 base
1494 2154 284 63 l'échelle
1828 2150 366 82 diatonique
2245 2145 302 69 chinoise,
2601 2162 80 38 on

86 2276 149 69 peut
270 2258 324 84 prétendre
631 2279 120 61 que
786 2257 56 59 la
876 2256 287 80 musique
1198 2248 416 84 européenne,
1651 2269 75 38 en
1764 2246 236 58 France
2052 2242 82 58 du
2170 2239 226 70 moins,
2422 2257 58 38 se
2509 2247 173 46 meut

85 2354 147 59 dans
265 2349 439 85 l'atmosphère
740 2350 315 80 exotique.
1096 2347 52 59 Il
1182 2368 33 61 y
1257 2366 32 37 a
1324 2341 132 83 déjà
1492 2342 300 82 quelques
1826 2356 244 51 années,
2100 2331 393 62 Saint-Saëns
2522 2326 162 59 avait

86 2443 278 62 annoncé
419 2440 280 85 l'apogée
754 2441 74 59 de
886 2454 163 46 cette
1102 2435 324 72 tendance,
1486 2434 148 58 dans
1691 2453 84 38 un
1831 2448 250 63 passage
2138 2424 258 59 fameux
2449 2420 74 59 de
2576 2439 108 38 son

87 2535 315 63 Harmonie
433 2549 56 46 et
518 2533 268 62 Mélodie.

271 2629 91 59 La
395 2625 397 84 propagande
829 2646 119 61 que
985 2623 97 72 j'ai
1117 2619 338 84 entreprise
1507 2639 72 37 en
1634 2617 375 77 Allemagne
2051 2632 75 38 en
2162 2606 218 61 faveur
2415 2604 74 60 de
2524 2615 162 46 cette

89 2721 308 81 musique,
435 2735 130 44 tant
600 2741 110 60 par
745 2738 128 39 mes
908 2714 213 61 études
1158 2736 121 61 que
1317 2735 108 59 par
1459 2731 128 39 mes
1623 2719 466 69 arrangements
2124 2717 60 44 et
2212 2709 474 71 compositions,

91 2812 352 59 m'autorise
478 2808 33 61 à
546 2808 261 85 prendre
844 2808 271 83 position
1153 2827 101 38 sur
1289 2818 162 46 cette
1489 2802 310 83 question.

278 2904 241 82 Depuis
553 2924 121 62 que
708 2904 56 57 la
798 2900 388 84 polyphonie
1221 2920 32 37 a
1289 2893 218 63 amené
1541 2896 58 57 la
1633 2893 291 80 musique
1959 2883 394 85 européenne
2404 2881 31 59 à
2471 2900 182 39 recon-

94 2994 195 62 naître
323 2996 55 59 le
414 2995 282 81 principe
732 2992 74 60 de
840 2994 55 58 la
929 2989 291 62 Tonalité
1312 2987 217 83 depuis
1564 3006 121 63 que
1720 2980 393 71 l'harmonie,
2168 2977 248 59 résultat
2467 2970 222 61 fortuit
2747 3024 9 14 ,

94 3088 73 59 de
226 3088 56 58 la
331 3086 295 60 conduite
685 3085 102 60 des
835 3085 169 71 voix,
1058 3098 87 46 est
1204 3083 278 58 devenue
1536 3100 83 37 un
1679 3076 101 60 des
1830 3072 268 61 facteurs
2147 3066 310 62 essentiels
2508 3064 72 59 de
2635 3066 57 57 la

96 3180 309 82 musique,
456 3179 55 59 la
562 3175 266 63 mélodie
877 3199 32 37 a
956 3177 136 61 subi
1130 3197 119 38 une
1285 3173 250 60 notable
1572 3166 443 87 dépréciation.
2057 3161 243 83 Depuis
2334 3161 54 58 la
2424 3178 230 39 concen-

94 3272 226 60 tration
373 3271 83 59 du
506 3272 334 57 sentiment
891 3269 168 60 tonal
1110 3290 73 38 en
1237 3266 163 59 deux
1452 3263 234 71 modes,
1738 3263 55 57 le
1840 3258 250 81 Majeur
2126 3269 58 46 et
2220 3255 55 58 le
2315 3253 287 70 Mineur,
2636 3250 56 57 la

96 3363 286 82 musique
416 3384 32 36 a
481 3360 112 60 fait
630 3362 121 58 bon
790 3358 250 62 marché
1077 3360 102 59 des
1215 3358 265 59 diverses
1516 3349 326 64 modalités
1878 3347 490 80 ecclésiastiques
2405 3366 13 37 :
2458 3363 31 37 c
2515 3356 87 43 est
2636 3342 57 58 la

97 3478 83 36 un
217 3455 167 58 recul
419 3452 367 83 regrettable
821 3453 47 60 si
904 3453 123 59 l'on
1066 3474 59 38 se
1159 3451 175 83 place
1370 3470 76 37 au
1483 3447 179 83 point
1699 3443 74 60 de
1806 3465 120 37 vue
1950 3440 317 60 moderne.
2301 3436 53 59 Il
2387 3448 132 46 xaut
2549 3433 142 59 bien

97 3568 229 38 avouer
392 3567 119 62 que
576 3567 155 39 nous
796 3546 250 59 n'avons
1111 3545 228 65 QU'UNE
1406 3542 332 59 TONALITÉ
1802 3558 75 38 en
1947 3536 274 78 Europe,
2300 3531 57 57 la
2435 3526 256 61 tonalité

101 3636 308 83 Majeure,
438 3658 100 38 car
571 3638 55 59 le
661 3658 187 61 genre
886 3638 264 58 Mineur
1185 3657 74 37 ne
1296 3647 150 69 peut
1484 3629 189 84 guère
1708 3629 128 59 être
1872 3624 317 62 considéré
2234 3641 248 41 comme
2518 3616 140 61 indé-

101 3730 291 84 pendant,
428 3727 167 63 étant
631 3728 202 61 donné
868 3730 84 59 les
986 3730 375 80 importants
1397 3737 325 68 emprunts
1757 3719 153 84 qu'il
1944 3716 110 61 fait
2091 3738 78 38 au
2204 3714 254 81 majeur.
