2956 4160
344 249 121 79 91

338 378 145 60 pièce.
538 378 198 48 Gémier
788 397 118 28 nous
957 398 24 28 a
1033 379 157 46 donné
1238 398 94 28 une
1385 381 192 61 parfaite

337 449 358 62 interprétation
748 452 54 44 de
856 451 213 61 Papillon
1123 451 66 46 dit
1240 451 246 65 Lyonnais
1536 452 41 47 le

336 521 150 62 Juste,
525 522 91 45 fort
659 523 106 44 bien
804 522 201 47 secondé
1050 541 80 42 par
1174 541 94 28 une
1312 524 264 46 excellente

336 604 165 49 troupe
544 593 303 47 d'ensemble.
890 593 93 47 Les
1020 593 168 47 soirées
1225 595 54 45 de
1317 595 102 63 gala
1459 613 118 29 nous

335 675 84 34 ont
464 666 169 58 permis
678 664 290 62 d'applaudir
1014 666 55 45 de
1114 666 198 63 grandes
1356 668 180 45 artistes
1564 685 9 29 :

337 734 60 47 M
402 738 51 19 mc
497 735 208 61 Litvine,
752 736 43 47 la
835 737 174 63 grande
1056 739 257 45 cantatrice
1354 738 114 47 dans
1512 738 65 47 les

397 807 210 46 Amours
652 807 61 46 du
760 807 143 47 Poète
1017 809 55 45 de
1120 809 293 61 Schumann,
1459 810 60 48 M
1524 813 52 20 me

331 877 197 63 Juliette
570 878 408 62 Toutain-Grùn,
1026 880 42 46 la
1113 881 324 47 merveilleuse
1479 884 72 60 pia-

332 950 136 59 niste,
499 950 113 46 dans
639 950 40 46 le
711 966 25 32 2
743 953 52 20 lne
821 964 224 34 concerto
1074 952 55 45 de
1157 952 314 49 Saint-Saëns.
1493 955 80 45 Au

332 1020 156 47 même
518 1033 192 35 concert
738 1022 60 47 M
804 1025 51 20 me
878 1023 174 46 Barthé
1078 1041 46 29 se
1153 1025 150 45 faisait
1330 1025 244 61 applaudir

332 1092 112 46 dans
470 1109 8 29 :
510 1092 93 47 Les
630 1094 145 46 Nuits
802 1093 202 48 d'orient
1032 1107 45 34 et
1105 1094 247 49 L'Oiseau
1381 1096 107 48 bleu
1517 1098 54 46 de

329 1164 45 61 J.
404 1163 389 50 Toutain-Grun
825 1167 78 61 qui
948 1168 274 60 triomphait
1264 1187 189 28 comme
1482 1171 69 45 vir-

330 1247 130 33 tuose
489 1247 46 33 et
563 1254 188 28 comme
779 1240 332 60 compositeur.
1154 1239 60 47 M
1221 1243 49 19 ,ne
1299 1239 186 48 Chenal
1515 1242 56 46 de

330 1305 200 62 l'Opéra
581 1309 153 45 obtint
786 1327 64 28 un
913 1311 117 45 beau
1080 1311 162 46 succès
1293 1331 58 26 en
1404 1314 167 46 faisant

329 1378 228 46 entendre
586 1380 55 45 de
664 1380 134 64 jolies
826 1380 224 48 mélodies
1077 1383 55 45 de
1163 1381 56 49 C.
1251 1383 245 65 Erlanger.

400 1520 286 49 MACON.
848 1524 69 46 Le
964 1538 194 34 concert
1202 1525 159 47 donné
1407 1545 80 43 par
1525 1528 42 47 le

326 1592 158 46 choral
513 1592 277 49 Lamartine
816 1614 26 27 a
868 1595 75 47 été
965 1596 90 47 très
1080 1596 139 47 réussi
1243 1610 46 33 et
1317 1597 250 49 l'occasion

326 1680 117 44 pour
485 1663 142 49 MM.
659 1663 310 50 Lenormand
1005 1667 106 61 père
1155 1680 46 34 et
1240 1686 70 29 ses
1337 1670 123 47 deux
1498 1670 70 48 fils

326 1733 112 47 d'un
484 1736 90 46 très
614 1736 92 47 réel
748 1738 175 47 succès.
969 1738 94 49 Ces
1089 1740 258 48 Messieurs
1381 1743 186 46 avaient

325 1807 143 46 choisi
570 1807 321 63 Rédemption
990 1811 56 45 de
1088 1809 212 50 Gounod
1333 1815 80 60 qui
1454 1813 113 49 était

323 1877 218 62 applaudi
588 1898 111 28 avec
745 1881 196 48 frénésie
986 1895 46 34 et
1078 1882 157 48 c'était
1276 1886 168 63 justice
1489 1905 78 29 car

323 1948 290 49 l'exécution
642 1952 112 47 était
782 1954 210 60 parfaite.

395 2020 69 47 Le
492 2036 192 33 concert
712 2022 136 48 offert
875 2042 76 29 sur
979 2025 40 46 la
1050 2028 286 60 promenade
1366 2028 165 48 Lamar-

323 2093 97 44 tine
449 2110 80 44 par
557 2107 135 33 notre
722 2095 263 47 Harmonie
1013 2098 287 61 municipale
1329 2118 24 28 a
1393 2103 173 58 permis

321 2163 287 63 d'apprécier
635 2166 42 46 le
703 2166 150 47 talent
895 2180 44 35 et
980 2168 41 47 le
1063 2171 148 45 savoir
1239 2171 56 46 de
1331 2189 82 29 son
1444 2192 90 29 nou-

323 2253 115 28 veau
484 2237 114 45 chef
633 2236 75 48 M.
763 2237 208 49 Laurent
1017 2240 25 47 à
1087 2243 76 60 qui
1202 2260 118 30 nous
1359 2260 205 32 sommes

318 2306 212 48 heureux
558 2309 56 45 de
641 2310 237 47 souhaiter
905 2311 43 46 la
978 2312 278 50 bienvenue.

391 2377 231 50 L'Union
655 2381 203 48 Chorale
887 2401 24 28 a
939 2383 93 46 fété
1064 2383 41 47 le
1136 2399 60 47 25
1204 2389 16 20 e
1246 2389 314 47 anniversaire

318 2451 56 44 de
425 2469 47 28 sa
524 2452 244 47 fondation
816 2466 46 34 et
905 2471 84 29 son
1035 2456 400 65 fondateur-chef,
1482 2461 76 48 M.

318 2521 343 49 Oberdœrffer.
693 2524 83 46 Un
823 2526 205 63 banquet
1069 2527 89 47 très
1190 2530 158 45 animé
1375 2549 25 28 a
1427 2549 99 29 com-

317 2594 170 46 mencé
528 2594 43 47 la
602 2596 108 48 fête.
755 2597 172 54 Quant
967 2617 59 28 au
1068 2615 191 33 concert
1287 2603 79 61 qui
1406 2603 153 48 devait

316 2665 127 46 avoir
476 2665 93 47 lieu
608 2669 287 60 promenade
936 2669 293 64 Lamartine,
1259 2674 127 47 force
1426 2676 71 47 fut
1533 2677 25 46 à

316 2735 42 47 la
401 2737 171 48 société
618 2739 57 46 de
720 2739 42 47 le
806 2758 236 45 repousser
1084 2761 59 28 en
1187 2745 121 46 deux
1352 2747 101 61 fois,
1493 2747 65 48 les

315 2818 254 38 cataractes
595 2810 192 47 célestes
814 2811 193 65 n'ayant
1037 2832 78 43 pas
1143 2818 170 58 permis
1341 2818 54 46 de
1433 2818 100 47 s'ex-

315 2897 130 43 poser
472 2881 269 63 au-dehors,
771 2885 115 46 mais
925 2884 42 47 la
1008 2888 234 47 troisième
1275 2891 228 46 tentative
1531 2911 26 26 a

313 2950 139 47 réussi
481 2965 46 33 et
566 2952 102 61 plus
696 2955 54 44 de
781 2970 153 47 3.000
962 2958 238 48 auditeurs
1226 2973 86 33 ont
1339 2960 216 65 souligné

312 3022 56 46 de
391 3022 122 47 leurs
532 3025 448 61 applaudissements
1008 3027 62 49 les
1092 3031 202 61 chœurs,
1317 3034 237 47 orchestre

312 3107 46 33 et
383 3095 192 62 solistes,
605 3097 60 47 M
670 3093 61 28 elle
751 3099 262 48 Thévenin
1036 3102 109 61 (très
1165 3104 172 62 goûtée
1366 3106 114 46 dans
1512 3106 42 47 la

362 3166 182 48 Fileuse
618 3170 55 45 de
696 3170 247 64 Laurent),
969 3172 142 48 MM.
1138 3173 129 66 Daly
1290 3190 44 33 et
1357 3176 192 50 Besson.

312 3237 141 47 Cette
475 3238 174 48 société
670 3241 97 47 doit
790 3243 198 60 prendre
1012 3259 101 47 part
1134 3245 42 47 le
1206 3262 52 31 11
1287 3251 266 58 septembre

310 3311 226 59 prochain
564 3330 90 28 aux
682 3313 115 47 fêtes
824 3314 62 46 du
915 3314 275 50 Millénaire
1219 3318 56 46 de
1314 3318 43 48 la
1386 3321 139 47 fonda-

311 3393 96 33 tion
438 3382 56 45 de
532 3382 40 47 la
602 3383 106 47 ville
736 3398 46 33 et
810 3386 56 45 de
906 3386 237 67 l'Abbaye
1172 3391 56 45 de
1258 3391 179 66 Cluny.
1480 3392 72 48 Ce

302 3452 107 64 jour
448 3472 63 27 un
553 3455 188 64 cortège
769 3457 98 47 doit
895 3458 161 47 défiler
1096 3478 57 28 en
1183 3462 122 47 ville.
1337 3463 85 48 On
1454 3466 98 45 doit

307 3528 311 45 reconstituer
660 3526 42 49 la
751 3530 133 46 visite
925 3549 92 45 que
1059 3532 147 49 Louis
1239 3534 75 47 IX
1353 3535 54 47 fit
1446 3537 24 47 à
1508 3537 44 48 la

307 3595 183 48 célèbre
536 3600 194 64 abbaye.
782 3600 93 48 Les
923 3604 264 48 sociétaires
1238 3607 56 46 de
1345 3608 203 48 l'Union

307 3667 206 50 Chorale
551 3669 261 66 figureront
852 3673 63 48 les
955 3676 183 47 moines
1164 3692 46 33 et
1240 3679 310 49 exécuteront

306 3758 63 28 un
398 3742 146 46 chant
572 3742 252 65 liturgique
853 3745 62 47 du
945 3746 124 48 VIII
1072 3750 17 20 e
1108 3749 153 49 siècle.
1287 3751 84 47 Un
1400 3755 149 62 grand

1661 383 197 63 congrès
1886 383 55 46 de
1971 384 194 47 Savants
2191 386 214 61 organisé
2434 404 79 43 par
2551 387 265 51 l'académie
2841 398 41 47 de

1661 454 185 47 Mâcon
1889 454 188 48 réunira
2116 456 24 46 à
2182 456 165 66 Cluny
2375 457 41 46 le
2449 459 176 46 monde
2663 477 155 34 savant
2841 469 41 48 de

1661 538 131 34 toute
1832 526 244 63 l'Europe,
2107 528 217 47 donnant
2362 531 115 45 ainsi
2506 531 25 45 à
2559 542 124 36 cette
2721 534 87 47 fête
2833 557 48 30 un

1660 599 234 46 caractère
1921 599 262 62 grandiose.

1733 740 118 48 LES
1889 741 744 51 SABLES-D'OLONNE.-
2633 746 102 47 -La
2754 752 126 49 saison

1656 830 45 28 se
1731 815 211 58 poursuit
1964 814 90 47 très
2084 815 216 46 brillante
2328 835 61 27 au
2418 816 176 47 Casino
2622 818 77 47 des
2723 819 134 52 Sables-

1658 884 251 48 d'Olonne
1921 887 136 61 grâce
2086 887 24 46 à
2138 886 300 48 l'excellente
2456 889 367 51 administration
2836 896 43 47 de

1655 973 83 29 son
1769 957 301 61 propriétaire
2103 959 77 47 M.
2211 960 263 47 Audubon.

1727 1028 154 62 Après
1931 1047 94 28 une
2073 1031 194 60 parfaite
2318 1033 150 46 saison
2511 1032 271 64 d'opérette,
2829 1037 51 49 les

1654 1101 181 46 artistes
1863 1100 190 62 d'opéra
2081 1104 78 61 qui
2190 1115 84 34 ont
2302 1121 114 29 nom
2444 1122 9 30 :
2496 1103 61 48 M
2562 1107 70 20 mes
2660 1105 218 66 Cahuzac,

1656 1171 110 47 Van
1820 1173 89 45 den
1963 1173 140 64 Berg,
2159 1174 217 66 O'deyer
2417 1198 12 36 ;
2498 1176 142 47 MM.
2696 1178 180 65 Cargue,

1655 1242 170 65 Léger,
1851 1244 238 66 Delhaye,
2113 1246 192 61 Borelli,
2330 1246 255 62 Gauthier,
2608 1263 269 48 remportent

1654 1327 104 35 tous
1797 1315 64 47 les
1887 1318 112 45 soirs
2027 1317 78 47 des
2143 1319 160 46 succès
2343 1319 231 62 complets
2601 1340 111 27 avec
2740 1322 136 63 Faust,

1654 1387 228 62 Mireille,
1931 1388 70 47 Le
2046 1389 320 62 Chemineau,
2416 1392 208 61 Manon,
2674 1392 66 47 Le
2777 1395 75 62 Jon-

1653 1458 148 64 gleur,
1831 1472 124 36 etc...

1723 1531 46 46 A
1798 1544 136 34 noter
1974 1551 93 28 une
2105 1533 292 64 magnifique
2439 1535 362 62 représentation
2827 1539 49 46 du

1652 1602 136 47 ténor
1817 1603 175 62 David,
2022 1605 56 46 de
2106 1604 486 66 l'Opéra-Comique,
2622 1609 111 46 dans
2750 1610 93 45 Wer-

1651 1675 118 46 ther.
1825 1675 355 63 Compliments
2231 1678 24 46 à
2319 1691 105 34 tous
2475 1697 75 29 ces
2613 1681 172 46 artistes
2839 1695 35 33 et

1649 1758 185 34 surtout
1882 1748 25 46 à
1958 1747 309 66 l'infatigable
2320 1751 116 46 chef
2480 1750 281 48 d'orchestre
2808 1752 64 48 Et.

1650 1817 204 49 Bardou.

1722 1889 92 47 Les
1856 1904 216 34 concerts
2117 1893 182 47 donnés
2339 1912 77 29 sur
2462 1895 43 47 la
2550 1908 188 34 terrasse
2785 1909 89 33 sont

1649 1961 270 63 également
1961 1964 91 47 très
2091 1966 141 46 suivis
2258 1966 137 63 grâce
2423 1985 60 28 au
2512 1967 91 46 réel
2642 1967 143 47 talent
2810 1968 62 46 des

1646 2035 180 46 artistes
1852 2037 79 60 qui
1961 2035 41 47 le
2030 2051 280 48 composent
2338 2051 45 33 et
2411 2039 117 46 dont
2555 2039 317 63 quelques-uns

1645 2117 108 35 sont
1787 2122 17 30 l
1815 2109 50 20 ers
1893 2109 101 59 prix
2024 2109 62 46 du
2115 2112 346 44 conservatoire
2491 2112 55 45 de
2577 2111 139 47 Paris.

2663 2183 73 47 M.
2767 2182 44 47 P.

1718 2321 487 57 DUNKERQUE.
2356 2326 94 47 Les
2495 2340 233 33 amateurs
2768 2327 76 44 dun-

1644 2394 233 61 kerquois,
1908 2395 253 62 malouins,
2190 2398 114 45 ainsi
2345 2416 91 44 que
2475 2398 64 47 les
2568 2399 228 63 étrangers
2821 2414 46 29 en

1643 2464 293 64 villégiature
1962 2484 77 29 sur
2067 2481 136 33 notre
2247 2469 150 64 plage,
2427 2483 209 49 peuvent
2662 2469 206 48 s'estimer

1642 2537 212 46 heureux
1898 2538 56 46 de
1997 2552 190 34 trouver
2232 2559 95 29 une
2366 2544 116 45 aussi
2526 2544 155 45 bonne
2723 2555 144 46 troupe

1640 2607 181 65 lyrique
1850 2628 91 44 que
1985 2611 116 47 celle
2141 2612 109 62 qu'a
2295 2631 52 29 su
2388 2614 225 47 dénicher
2655 2615 74 46 M.
2759 2613 81 47 Der-

1640 2679 155 62 villez,
1860 2682 41 46 le
1966 2686 331 62 sympathique
2352 2686 234 47 directeur
2641 2688 54 45 de
2750 2696 115 35 notre

1638 2751 197 49 kursaal.

1712 2824 136 48 Nous
1893 2845 160 43 avons,
2084 2846 79 43 par
2204 2831 226 60 semaine,
2472 2846 24 32 2
2546 2850 62 27 ou
2657 2846 25 48 3
2717 2827 148 66 grands

1637 2895 160 61 opéras
1825 2909 45 34 et
1900 2914 29 44 4
1958 2899 25 45 à
2014 2912 23 47 5
2070 2900 432 64 opéras-comiques
2538 2921 61 28 ou
2638 2902 224 62 opérettes.

1709 2968 81 46 Au
1842 2968 254 63 répertoire
2127 2990 8 29 :
2185 2972 94 48 Les
2333 2975 304 63 Huguenots,
2691 2971 148 50 L'Afri-

1637 3039 149 61 caine,
1816 3041 169 62 Thaïs,
2015 3043 195 48 Samson
2253 3057 45 34 et
2339 3046 175 61 Dalila,
2552 3046 207 59 Hamlet,
2787 3055 73 35 etc.

1637 3111 221 48 exécutés
1909 3132 80 43 par
2041 3116 78 47 des
2170 3119 181 45 artistes
2402 3119 56 46 de
2511 3119 146 63 grand
2694 3117 135 47 talent
2853 3130 6 28 :

1637 3181 127 48 MM
1768 3186 70 20 mcs
1867 3185 236 63 Madeski,
2134 3188 155 48 falcon
2319 3190 91 47 très
2445 3191 257 61 appréciée,
2732 3189 96 46 Ram-

1636 3253 407 67 blez-Malherbe,
2058 3260 250 62 contralto,
2324 3262 144 47 MM.
2486 3262 227 60 Gaillard,
2729 3260 130 54 ténor,

1637 3325 193 63 Roselli,
1860 3347 65 28 un
1968 3332 198 64 baryton
2206 3334 91 45 fort
2325 3335 160 61 goûté,
2515 3348 46 33 et
2590 3335 267 52 Grommen,

1637 3398 123 46 basse
1791 3400 155 48 noble.

1706 3469 70 47 Le
1823 3485 203 49 quatuor
2063 3475 456 66 d'opéra-comique,
2563 3476 213 64 composé
2813 3472 44 46 de

1636 3540 58 47 M
1701 3544 45 20 rm
1782 3544 213 48 Victoria
2039 3547 106 61 Fer,
2197 3565 16 29 i
2225 3553 32 19 re
2293 3551 257 47 chanteuse
2598 3552 60 45 du
2700 3547 157 49 théâtre

1634 3613 55 46 de
1743 3613 218 65 Genève,
2015 3619 145 48 MM.
2204 3622 202 63 Jolbert,
2460 3623 135 46 ténor
2646 3622 120 63 léger
2807 3615 49 46 du

1633 3685 181 48 théâtre
1868 3688 216 66 d'Alger,
2140 3692 233 62 Cotreuil,
2432 3695 120 46 forte
2606 3697 137 56 basse,
2791 3685 64 66 qui

1633 3775 119 30 nous
1778 3761 147 46 arrive
1955 3763 54 45 de
2041 3764 172 47 Rouen
2252 3779 45 33 et
2333 3766 209 65 Demay,
2573 3769 207 62 baryton,
2806 3760 50 45 du

793 251 880 58 L'ACTUALITE
1759 254 680 60 MUSICALE
