2146 2788
735 574 143 41 ZWEI
909 567 311 44 BALLADEN

947 678 57 14 NACH

456 761 160 28 MAURICE
634 754 258 30 MAETERLINCK
910 749 262 29 UEBERTRAGEN
1191 746 81 26 VON
1291 743 116 26 FRANZ
1425 742 75 25 BLEI

1022 916 116 36 Dreifsig
1151 913 81 36 Jahre
1249 910 92 28 suchte
1358 908 48 34 ich,
1423 916 17 18 o
1456 905 85 27 meine
1554 903 177 30 Schwestern,

1099 960 59 27 Wo
1179 967 29 18 er
1227 956 56 27 sich
1303 955 77 35 barg.

1021 1004 117 36 Dreifsig
1154 1003 80 34 Jahre
1255 1001 65 36 ging
1341 999 47 31 ich,
1415 1006 17 18 o
1453 995 85 28 meine
1558 993 176 30 Schwestern,

1098 1048 65 28 Und
1182 1046 65 28 fand
1267 1045 43 26 ihn
1331 1043 76 27 nicht.

1022 1098 117 35 Dreifsig
1154 1097 82 34 Jahre
1256 1095 66 36 ging
1342 1093 48 33 ich,
1411 1102 17 17 o
1448 1091 86 27 meine
1554 1088 176 31 Schwestern,

1099 1142 89 26 Meine
1209 1140 83 27 Füfse
1313 1137 59 27 sind
1392 1136 88 28 wund.

1022 1186 127 28 Ueberall
1168 1193 58 18 war
1247 1184 47 31 ich,
1315 1192 16 17 o
1353 1181 87 28 meine
1461 1180 178 29 Schwestern,

1100 1229 65 28 Und
1186 1238 57 17 war
1264 1227 71 27 doch
1354 1226 77 27 nicht.

1023 1280 116 35 Traurig
1160 1280 33 26 ist
1214 1278 41 27 die
1276 1276 111 32 Stunde,
1408 1285 17 17 o
1447 1275 84 26 meine
1552 1272 177 30 Schwestern,

1101 1324 45 26 Ich
1165 1323 45 27 bin
1232 1331 31 18 so
1284 1321 70 27 müd.

1024 1369 91 27 Schon
1135 1367 76 26 stirbt
1231 1367 47 25 der
1298 1364 105 32 Abend,
1425 1373 16 17 o
1462 1363 85 26 meine
1568 1361 177 30 Schwestern,

1102 1412 73 26 Mein
1195 1412 73 25 Herz
1287 1409 59 26 thut
1366 1408 49 27 mir
1436 1407 66 26 weh.

1025 1463 43 26 Ihr
1088 1461 57 26 seid
1166 1460 71 26 noch
1254 1459 75 35 jung,
1350 1466 17 18 o
1388 1457 86 26 meine
1494 1455 177 30 Schwestern,

1104 1504 71 28 Geht
1195 1504 62 26 weit
1276 1511 56 18 von
1353 1501 62 26 hier.

1027 1550 99 27 Nehmt
1146 1548 103 26 meinen
1270 1545 77 31 Stab,
1368 1553 17 17 o
1405 1543 86 27 meine
1511 1541 170 27 Schwestern

1105 1592 65 29 Und
1190 1591 93 27 suchet
1304 1589 69 27 auch
1393 1587 50 27 Ihr.

1390 1681 23 26 II

1032 1760 45 28 Sie
1097 1759 91 27 hatten
1210 1759 103 35 getötet
1334 1755 55 27 drei
1409 1752 136 29 Mädchen
1561 1750 74 37 jung,

1033 1806 41 26 Zu
1094 1805 73 32 sehn,
1187 1811 57 19 was
1265 1802 26 26 in
1311 1800 73 27 ihren
1404 1799 106 27 Herzen
1530 1799 62 24 war.

1034 1870 59 26 Das
1115 1871 76 28 erste,
1212 1866 49 26 das
1283 1872 57 19 war
1360 1871 55 18 von
1436 1859 117 36 Tugend
1574 1857 60 32 voll,

1034 1913 65 29 Und
1119 1912 55 27 sein
1194 1910 68 32 Blut,
1283 1907 89 29 wohin
1392 1915 30 17 es
1442 1904 67 32 flofs,
1531 1903 57 26 sein
1608 1901 60 26 Blut
1690 1915 37 4 —

1035 1959 71 27 Dort
1126 1956 115 27 zischten
1261 1953 54 27 drei
1335 1951 154 34 Schlangen
1510 1947 56 27 drei
1582 1945 87 36 Jahre.

1036 2022 59 26 Das
1116 2019 90 27 zweite
1226 2025 55 17 von
1302 2014 135 28 Sanftmut
1457 2009 55 28 und
1533 2009 71 26 Güte
1624 2005 114 36 verging

1038 2064 64 29 Und
1121 2063 56 28 sein
1198 2061 67 31 Blut,
1285 2058 89 27 wohin
1395 2064 29 17 es
1443 2054 67 31 flofs,
1532 2053 55 26 sein
1607 2050 62 27 Blut
1690 2065 37 4 —

1039 2111 70 25 Dort
1129 2109 110 34 grasten
1259 2103 56 27 drei
1335 2103 125 25 Lammer
1481 2097 56 27 drei
1552 2096 88 35 Jahre.

1040 2174 40 25 Im
1100 2170 101 29 dritten,
1222 2166 36 26 da
1277 2173 56 18 war
1354 2163 41 26 ein
1415 2159 132 28 tief-tiefer
1568 2158 133 30 Schmerz,

1042 2215 63 29 Und
1125 2213 56 28 sein
1202 2210 66 31 Blut,
1288 2207 89 27 wohin
1397 2213 28 18 es
1447 2204 66 32 flofs,
1534 2202 57 27 sein
1611 2201 61 27 Blut
1692 2217 38 3 —

1042 2262 71 25 Dort
1134 2256 121 29 wachten
1276 2252 55 27 drei
1351 2249 86 36 Engel
1458 2247 55 27 drei
1528 2247 88 35 Jahre.

193 2182 52 10 ANTON
256 2183 31 9 VAN
297 2180 58 13 WELIE,
364 2180 87 11 SELYSETTE

193 2206 28 15 „IL
233 2206 25 12 NY
270 2207 12 11 A
295 2206 30 12 PAS
338 2204 71 13 ENCORE
421 2199 91 16 D'ETOILES
525 2199 46 13 DANS
583 2198 23 12 LE
617 2197 46 14 CIEL,
675 2195 42 13 MAIS
730 2194 53 12 ELLES
796 2193 44 12 SONT
852 2193 66 12 PRETES

194 2234 12 11 A
218 2235 22 11 LE
251 2234 69 12 PERCER
332 2233 24 12 DE
367 2231 69 13 TOUTES
449 2230 59 14 PARTS,
520 2229 23 11 ET
551 2227 17 13 IL
577 2225 46 13 FAUT
635 2225 19 11 SE
662 2223 67 15 HATER,
742 2222 34 12 CAR
789 2221 63 15 QUAND
864 2220 54 13 ULLIS

194 2261 68 14 SERONT
273 2262 30 15 LA,
315 2261 22 12 CE
350 2259 44 13 SERA
405 2258 43 13 PLUS
571 2253 81 14 MAURICE
664 2249 137 15 MAETERLINCK,
814 2248 105 13 AGLAVAINE

194 2289 23 13 ET
229 2289 104 16 SELYSETTE,
345 2288 47 12 ACTE
405 2287 23 16 IV,
440 2286 55 12 SCENE

1053 2433 0 0 259
