2710 4084
355 3808 63 35 LA
471 3796 120 46 CITÉ

1390 3798 26 44 8

2036 3813 305 36 NOVEMBRE
2371 3814 92 37 1920

409 446 113 41 fond
549 446 82 41 bas
657 458 243 38 augmente
924 447 444 42 considérablement
1394 447 220 41 l'intimité
1642 447 136 40 d'une
1804 450 128 46 pièce
1958 458 43 30 et
2027 447 74 41 nul
2129 464 57 24 ne
2212 465 73 23 me
2311 465 78 24 con-

411 519 164 40 tredira
608 519 179 51 lorsque
819 524 45 47 je
898 520 66 41 dis
1005 539 8 22 :
1053 536 21 26 «
1112 521 62 40 La
1208 520 165 51 qualité
1404 520 293 50 primordiale
1732 519 107 41 d'un
1874 522 220 45 intérieur,
2132 520 109 41 c'est
2275 521 140 41 d'être

409 595 166 43 intime,
606 596 93 37 ausi
724 597 155 38 intime
905 612 85 32 que
1015 594 200 50 possible
1240 609 40 31 »,
1309 611 50 22 ce
1385 597 72 46 qui
1484 596 171 37 revient
1681 596 26 37 à
1735 593 92 40 dire
1862 611 9 22 :
1899 593 27 40 il
1955 593 95 41 faut
2075 593 180 42 enlever
2281 597 26 38 à
2335 611 80 24 nos

409 664 276 43 habitations
715 683 51 24 ce
799 667 106 40 faux
936 667 110 41 effet
1077 667 271 41 d'imitation
1380 669 73 47 qui
1485 684 46 23 se
1563 667 219 49 complaît
1811 669 27 38 à
1869 684 113 23 nous
2015 667 110 41 faire
2156 671 143 37 croire
2331 686 84 32 que

409 755 113 24 nous
552 757 199 23 sommes
781 757 54 24 en
866 743 230 47 réception
1130 755 21 25 «
1185 740 190 49 quelque
1404 751 100 38 part
1537 755 39 31 »,
1610 739 107 41 chez
1749 739 256 51 quelqu'un,
2039 740 118 41 alors
2188 758 85 32 que
2304 758 111 23 nous

408 827 199 26 sommes
632 823 97 30 tout
750 813 282 41 bonnement
1055 812 107 41 chez
1187 830 125 28 nous,
1341 813 112 40 dans
1483 828 20 25 «
1533 823 130 30 notre
1686 813 127 40 salon
1841 829 40 30 »,
1911 813 113 40 dans
2053 829 21 25 «
2102 825 130 30 notre
2258 814 108 40 salle
2390 818 25 36 à

409 901 187 34 manger
627 902 21 24 »
681 897 44 30 et
752 903 90 23 non
871 903 81 32 pas
982 886 111 41 dans
1121 903 87 23 une
1236 888 142 47 partie
1412 901 21 25 «
1469 886 135 40 d'une
1632 886 171 50 grande
1832 886 108 40 salle
1971 886 254 41 d'honneur
2255 899 18 22 >
2307 887 107 40 d'un

409 959 141 49 palais
579 959 294 50 quelconque,
904 962 72 47 qui
1003 961 142 39 aurait
1174 959 58 40 dû
1260 962 92 37 être
1378 959 279 40 fractionnée
1685 970 44 30 et
1753 959 262 41 cloisonnée
2041 977 81 32 par
2149 962 112 39 suite
2290 961 58 40 de
2375 960 40 41 la

409 1034 110 39 crise
546 1032 79 40 des
648 1032 252 50 logements
926 1049 57 23 ou
1008 1048 80 34 par
1112 1034 110 38 suite
1250 1032 55 40 de
1330 1031 205 42 l'arrivée
1559 1049 56 23 au
1640 1035 193 47 pouvoir
1859 1032 135 41 d'une
2021 1032 210 41 nouvelle
2259 1033 124 41 démo-

410 1108 147 37 cratie.

546 1178 114 40 Mais
690 1178 39 40 la
761 1180 202 48 question
994 1189 64 29 est
1085 1178 99 49 plus
1212 1180 191 38 sérieuse
1431 1195 55 23 en
1516 1178 271 40 elle-même.
1821 1177 95 41 Elle
1945 1195 57 24 ne
2031 1195 45 24 se
2106 1180 144 40 borne
2279 1197 80 32 pas
2390 1182 25 37 à

411 1268 57 23 un
497 1262 154 38 aspect
677 1254 85 46 qui,
796 1251 59 40 du
882 1262 126 34 reste,
1037 1261 107 39 peut
1171 1254 92 37 être
1292 1251 231 45 délicieux,
1554 1255 111 36 mais
1691 1252 105 39 bien
1825 1255 25 36 à
1878 1255 149 37 savoir
2053 1255 34 37 si
2116 1262 115 30 cette
2259 1252 129 40 réduc-

412 1326 92 38 tion
539 1323 55 41 de
626 1323 186 41 hauteur
842 1340 103 24 sous
977 1323 193 50 plafond
1203 1326 93 38 nuit
1330 1341 57 25 ou
1419 1341 56 23 ne
1507 1326 94 39 nuit
1632 1342 83 33 pas
1747 1327 25 38 à
1804 1323 42 41 la
1879 1327 126 38 santé
2040 1324 79 40 des
2153 1336 257 39 occupants.

411 1396 121 41 C'est
558 1407 108 30 tout.

544 1469 274 41 Examinons
848 1469 194 40 d'abord
1070 1486 86 23 une
1185 1469 55 40 de
1270 1487 82 23 nos
1380 1470 294 40 nombreuses
1703 1470 237 41 chambres
1970 1470 111 40 dans
2111 1470 233 50 lesquelles
2373 1470 41 40 la

411 1541 186 41 hauteur
623 1559 104 24 sous
752 1542 193 49 plafond
973 1545 158 38 atteint
1159 1542 26 40 4
1216 1545 176 44 mètres,
1427 1542 23 41 3
1481 1560 57 23 m.
1575 1542 73 47 50,
1682 1543 23 40 3
1736 1546 175 42 mètres,
1945 1543 23 40 2
2002 1561 56 22 m.
2093 1543 59 41 80
2191 1543 139 49 (pour
2359 1560 56 24 ne

409 1617 91 38 rien
531 1614 94 41 dire
654 1615 56 40 de
735 1615 109 40 celle
872 1614 113 41 dont
1013 1615 40 40 la
1081 1615 186 40 hauteur
1296 1616 190 49 dépasse
1516 1616 26 40 4
1572 1616 209 49 mètres).

545 1688 274 40 Constatons
853 1705 97 32 que,
989 1688 113 40 dans
1135 1688 106 40 neuf
1274 1705 73 24 cas
1379 1706 72 22 sur
1485 1689 86 46 dix,
1610 1689 41 40 la
1685 1691 144 47 partie
1860 1689 186 40 efficace
2081 1689 57 40 de
2172 1689 40 40 la
2246 1692 169 37 croisée

410 1771 219 30 ouvrante
658 1778 46 23 se
735 1772 157 29 trouve
922 1764 25 37 à
978 1778 58 23 un
1068 1764 162 37 niveau
1262 1762 57 39 tel
1351 1779 86 32 que
1469 1761 11 40 l
1500 1764 202 39 aération
1736 1762 56 40 de
1824 1762 41 40 la
1897 1765 143 47 partie
2072 1765 255 46 supérieure
2358 1762 56 41 de

410 1832 40 41 la
486 1833 215 41 chambre
739 1846 65 28 est
839 1834 287 40 absolument
1161 1834 273 50 impossible.
1477 1834 129 41 Cette
1643 1837 144 47 partie
1822 1837 256 47 supérieure
2117 1835 56 41 de
2209 1835 41 41 la
2288 1837 126 47 pièce

406 1909 123 38 varie
555 1917 122 30 entre
703 1906 39 40 le
768 1910 99 37 tiers
893 1918 43 29 et
960 1907 41 40 la
1027 1910 153 37 moitié
1208 1907 55 40 de
1289 1907 40 40 la
1355 1907 186 41 hauteur
1567 1907 138 41 totale
1731 1908 57 39 de
1815 1908 39 40 la
1879 1910 138 47 pièce.

544 1984 274 41 Constatons
859 2002 97 32 que,
1002 1985 110 40 dans
1154 1985 532 50 quatre-vingt-dix-neuf
1722 2003 76 23 cas
1837 2003 71 23 sur
1948 1996 114 36 cent,
2105 2004 143 23 aucun
2290 1997 125 30 autre

410 2057 138 40 mode
583 2057 249 41 d'aération
869 2058 113 40 n'est
1013 2062 141 45 prévu
1189 2070 43 28 et
1265 2058 255 51 j'ajouterai
1556 2076 85 32 que
1678 2059 112 40 dans
1825 2058 40 41 la
1900 2076 192 33 presque
2126 2059 174 41 totalité
2337 2059 78 40 des

408 2139 146 31 autres
583 2147 75 23 cas
688 2134 56 36 où
775 2130 10 40 l
806 2133 162 47 aérage
997 2143 65 28 est
1092 2134 246 47 préconisé,
1373 2132 38 39 le
1441 2135 193 45 système
1665 2142 65 29 est
1761 2132 267 41 totalement
2060 2132 282 41 défectueux.

543 2203 275 40 Constatons
847 2220 162 23 encore
1039 2220 85 33 que
1154 2203 40 41 le
1223 2215 188 39 rapport
1441 2215 123 30 entre
1594 2204 42 41 la
1665 2204 186 41 hauteur
1881 2216 44 30 et
1953 2205 41 40 la
2025 2204 174 42 surface
2227 2204 188 42 n'existe

409 2293 85 31 que
519 2278 87 38 très
630 2288 224 29 rarement
879 2276 111 40 dans
1015 2277 61 39 les
1100 2276 273 42 habitations
1400 2278 246 40 ordinaires
1671 2289 43 29 et
1739 2295 85 32 que
1850 2277 40 41 la
1916 2278 215 41 chambre
2154 2278 255 45 ressemble,

410 2349 38 38 le
472 2348 99 49 plus
594 2359 203 36 souvent,
825 2352 26 37 à
874 2366 132 23 cause
1032 2349 55 42 de
1112 2367 47 23 sa
1184 2349 174 41 surface
1383 2350 185 46 réduite,
1597 2353 25 38 à
1646 2368 58 23 un
1728 2354 129 45 puits.

543 2426 199 50 Lorsque
773 2426 41 41 la
844 2438 130 38 porte
1004 2427 121 40 seule
1155 2438 64 29 est
1251 2438 197 36 ouverte,
1484 2446 58 22 ou
1573 2429 40 40 la
1647 2429 184 45 fenêtre,
1867 2428 39 41 le
1937 2429 388 42 renouvellement
2356 2430 57 40 de

409 2499 9 39 1
439 2502 63 36 air
525 2516 56 23 ne
602 2498 177 49 s'opère
802 2516 84 32 que
910 2502 86 38 très
1018 2499 245 42 lentement
1287 2510 41 30 et
1351 2500 170 49 parfois
1543 2504 148 38 même
1713 2501 27 40 il
1765 2519 55 23 ne
1842 2502 178 49 s'opère
2043 2519 80 33 pas
2149 2502 59 41 du
2232 2514 108 29 tout.

540 2582 125 41 Dans
697 2593 98 30 tous
828 2584 61 40 les
921 2601 85 28 cas,
1041 2587 43 47 je
1117 2587 96 45 puis
1245 2584 199 41 affirmer
1477 2585 136 49 qu'un
1648 2585 387 42 renouvellement
2068 2587 113 40 d'air
2213 2587 200 51 complet

411 2655 135 40 d'une
573 2655 129 49 place
731 2673 56 23 au
815 2672 164 32 moyen
1011 2656 135 41 d'une
1175 2668 130 37 porte
1336 2668 185 30 ouverte
1552 2676 57 23 ou
1641 2658 135 41 d'une
1808 2659 171 41 fenêtre
2012 2659 314 41 demanderait
2355 2678 58 22 un

409 2728 108 49 long
550 2745 162 32 espace
747 2728 55 40 de
838 2740 146 38 temps
1018 2732 85 47 qui,
1143 2729 112 41 dans
1288 2730 40 40 la
1362 2730 180 50 plupart
1577 2732 78 39 des
1689 2749 86 28 cas,
1815 2735 212 46 exigerait
2061 2732 40 40 le
2137 2733 161 49 départ
2334 2733 78 40 des

409 2812 258 38 occupants.
708 2801 70 40 Un
815 2812 186 29 courant
1037 2802 28 40 d
1087 2805 62 38 air
1201 2803 156 49 rapide
1391 2803 201 47 hâterait,
1631 2815 153 35 certes,
1825 2804 39 40 le
1916 2805 388 41 renouvellement
2357 2806 56 40 de

407 2873 335 50 l'atmosphère,
771 2877 111 37 mais
905 2874 26 40 il
957 2878 287 38 entraînerait
1268 2876 255 49 également
1547 2877 40 40 la
1613 2879 177 39 retraite
1816 2877 56 40 de
1897 2877 269 50 l'occupant.

543 2958 155 48 Quant
727 2975 86 23 aux
840 2958 192 40 couches
1062 2961 288 46 supérieures,
1383 2959 105 42 elles
1517 2972 288 38 comportent
1836 2962 57 40 de
1923 2961 40 41 la
1992 2979 172 33 vapeur
2195 2963 132 40 d'eau
2359 2981 54 22 en

408 3047 186 33 suspens
630 3041 42 30 et
707 3031 104 41 bien
848 3031 196 41 d'autres
1080 3031 157 41 choses
1272 3050 172 23 encore.
1484 3033 116 41 Elles
1637 3034 186 40 doivent
1858 3052 46 22 se
1939 3035 208 41 refroidir
2182 3047 138 29 avant
2358 3036 56 40 de

408 3103 249 41 descendre
679 3114 43 30 et
742 3103 26 40 il
792 3104 195 40 faudrait
1008 3104 207 40 attendre
1236 3123 57 22 un
1315 3106 383 41 refroidissement
1718 3125 191 31 presque
1933 3107 110 41 total
2067 3120 138 29 avant
2227 3108 185 50 qu'elles

406 3179 199 45 puissent
630 3179 93 37 être
748 3179 228 38 évacuées.
1007 3175 70 42 Un
1105 3189 187 30 courant
1317 3179 28 39 d
1366 3181 62 38 air
1452 3180 171 40 violent
1650 3180 182 49 produit
1858 3198 81 32 par
1967 3181 271 41 l'ouverture
2264 3182 124 40 simul-

409 3252 131 37 tanée
573 3249 27 39 d
623 3267 85 22 une
740 3260 131 39 porte
902 3260 42 30 et
977 3250 133 40 d'une
1142 3250 171 41 fenêtre
1362 3255 223 46 opposées
1633 3253 139 49 n'agit
1803 3271 80 31 pas
1932 3253 391 42 immédiatement
2371 3259 42 36 ni

409 3321 296 42 directement
738 3339 71 23 sur
842 3333 117 30 cette
990 3323 169 40 couche
1192 3327 253 47 supérieure
1480 3325 112 41 d'air
1624 3326 198 47 confiné;
1858 3326 27 41 il
1918 3330 91 46 agit
2041 3344 82 33 par
2157 3327 253 46 frôlement,

407 3412 82 31 par
519 3394 231 42 induction
783 3407 42 28 et
856 3395 56 39 de
942 3395 243 41 molécules
1213 3400 26 36 à
1269 3398 254 46 molécules,
1556 3402 25 36 à
1611 3402 146 38 moins
1788 3417 57 31 qu
1865 3400 26 40 il
1923 3403 86 37 soit
2041 3400 139 50 dirigé
2212 3400 113 40 dans
2354 3418 59 22 un

407 3483 100 24 sens
534 3468 207 41 ordonné
766 3485 101 24 vers
895 3467 39 41 le
959 3468 206 50 plafond,
1197 3472 58 38 où
1279 3469 131 47 alors,
1441 3474 33 37 si
1501 3471 39 40 le
1566 3483 188 30 courant
1803 3482 65 31 est
1894 3489 123 24 assez
2045 3473 102 46 fort,
2178 3473 26 40 il
2231 3473 183 50 produit

408 3540 79 41 des
520 3556 190 25 remous.
747 3541 319 41 L'évacuation
1099 3551 65 31 est
1197 3541 119 41 donc
1347 3546 193 38 soumise
1573 3548 24 36 à
1628 3563 58 23 un
1721 3545 132 41 ordre
1887 3545 222 41 d'actions
2142 3547 271 49 prolongées
