2710 4084
285 3767 78 36 LA
416 3756 124 47 CITÉ

1337 3750 55 49 17

1976 3765 308 37 NOVEMBRE
2321 3767 90 36 1920

336 381 231 41 surveiller
593 380 270 41 l'exécution
892 380 79 41 des
999 391 200 31 travaux.
1229 381 98 42 Elle
1352 400 178 32 pourra,
1560 386 25 37 à
1609 394 117 30 cette
1752 384 74 46 fin,
1858 400 200 34 envoyer
2086 400 58 24 un
2173 401 57 23 ou
2256 384 77 50 plu-

337 458 138 37 sieurs
510 454 213 50 délégués
757 456 74 48 qui
864 465 223 39 pourront
1117 458 151 38 visiter
1301 455 64 42 les
1396 456 223 42 chantiers
1652 474 55 24 en
1742 468 98 30 tout
1873 469 147 39 temps
2055 469 42 29 et
2128 475 102 23 sans
2263 460 95 38 avis

336 527 246 51 préalable.
609 526 96 43 Elle
726 545 167 33 pourra
917 527 223 51 procéder
1161 532 25 38 à
1209 529 42 41 la
1272 530 282 42 vérification
1579 531 57 42 de
1659 541 100 31 tous
1783 530 63 42 les
1867 534 249 39 matériaux
2140 543 44 30 et
2206 531 152 51 placer

337 618 89 24 aux
460 601 203 41 endroits
697 604 73 47 qui
806 601 58 40 lui
899 604 305 40 conviennent
1238 614 100 30 tous
1372 604 225 50 appareils
1635 605 56 41 de
1727 605 204 41 contrôle
1968 605 163 51 qu'elle
2166 608 192 48 jugerait

336 677 283 39 nécessaires.

471 760 97 41 Art.
606 759 67 42 10.
793 759 272 43 Paiements.
1183 762 82 41 Les
1292 773 189 31 travaux
1504 775 104 30 sont
1634 763 215 43 effectués
1874 783 116 32 pour
2016 776 185 39 compte
2229 766 57 40 de
2314 765 41 41 la

335 836 168 38 société
527 834 145 41 locale
694 837 73 47 qui
790 851 179 24 versera
993 834 79 41 des
1094 847 236 39 acomptes
1352 855 56 23 au
1432 837 69 42 fur
1523 848 44 31 et
1589 841 25 38 à
1638 855 175 24 mesure
1839 839 56 40 de
1920 839 95 41 leur
2035 849 314 31 avancement.

336 1010 133 53 III.
502 1010 34 53 ―
569 1010 267 53 ELEMENTS
859 1011 82 41 DE
967 1011 488 52 CONSTRUCTION,
1483 1011 337 43 APPAREILS
1846 1012 76 41 ET
1947 1013 405 42 ACCESSOIRES

402 1101 167 42 POUR
592 1101 82 41 LA
698 1101 473 42 CONSTRUCTION
1196 1102 76 41 ET
1296 1102 449 50 L'EQUIPEMENT
1769 1103 289 42 COMPLET
2081 1103 80 41 DE
2187 1104 132 41 L'HA-

402 1190 292 43 BITATION

470 1364 98 39 Art.
603 1363 9 40 1
637 1363 33 40 1.
782 1363 253 40 Nouveaux
1054 1363 252 41 matériaux
1326 1380 60 26 ou
1406 1363 242 51 appareils,
1671 1364 231 41 machines
1922 1364 233 51 spéciales,
2180 1373 84 33 etc.

336 1435 252 50 Lorsqu'un
615 1438 271 47 participant
911 1453 56 23 ne
992 1448 109 38 peut
1123 1448 161 31 mettre
1311 1456 55 23 en
1392 1455 155 23 œuvre
1574 1438 231 40 lui-même
1832 1455 57 24 un
1917 1455 211 24 nouveau
2153 1438 201 50 procédé

339 1509 58 40 de
433 1512 305 37 construction
779 1526 57 24 ou
875 1510 57 40 de
969 1528 240 23 nouveaux
1245 1514 261 43 matériaux,
1549 1512 40 40 la
1627 1511 177 41 Société
1842 1511 242 42 Nationale
2121 1511 170 41 l'invite
2329 1514 26 38 à

337 1582 258 41 s'entendre
633 1599 112 24 avec
783 1601 58 23 un
880 1594 320 40 entrepreneur
1237 1588 73 46 qui
1348 1585 265 50 appliquera
1653 1585 62 40 les
1753 1602 242 23 nouveaux
2033 1585 224 50 procédés
2296 1602 58 23 ou

339 1657 252 40 matériaux
622 1655 112 42 dans
765 1656 42 41 la
835 1661 303 38 construction
1172 1658 57 40 de
1260 1658 40 41 la
1331 1661 174 38 maison
1536 1658 105 50 qu'il
1674 1658 197 41 édifiera.

471 1740 30 41 Il
531 1758 54 24 en
614 1757 98 25 sera
741 1741 57 41 de
825 1745 149 37 même
1002 1742 198 50 lorsqu'il
1228 1743 162 49 s'agira
1418 1742 289 50 simplement
1737 1742 56 41 de
1821 1742 311 51 l'application
2162 1742 164 51 d'appa-

336 1814 100 41 reils
459 1817 213 47 spéciaux
705 1815 304 50 (ventilation,
1038 1815 251 50 chauffage,
1320 1816 93 49 etc)
1449 1833 56 24 ou
1534 1817 56 40 de
1614 1815 202 51 l'emploi
1844 1817 136 40 d'une
2006 1816 207 41 machine
2239 1834 115 33 pour

337 1887 41 41 la
414 1887 270 42 fabrication
719 1891 300 48 économique
1055 1890 56 40 de
1144 1890 138 41 blocs,
1322 1890 193 50 briques,
1554 1907 227 29 carreaux,
1822 1900 81 31 etc.
1943 1890 83 41 Les
2063 1890 292 50 dispositions

339 1964 192 46 prévues
559 1979 57 24 au
644 1961 202 51 chapitre
875 1961 31 42 II
935 1973 104 31 sont
1066 1963 79 41 dès
1174 1964 88 40 lors
1293 1963 327 50 d'application
1651 1966 25 38 à
1707 1964 353 49 l'entrepreneur
2090 1963 195 50 général.

476 2047 83 41 Les
595 2047 137 41 offres
769 2048 209 40 tombant
1014 2065 103 23 sous
1155 2048 309 50 l'application
1504 2049 59 40 du
1601 2051 182 47 présent
1818 2049 152 41 article
2007 2061 222 38 pourront
2266 2053 92 37 être

340 2124 223 46 groupées
591 2132 43 29 et
663 2121 264 49 appliquées
957 2122 112 40 dans
1098 2139 87 23 une
1214 2125 150 37 même
1394 2122 252 41 habitation
1674 2122 280 49 lorsqu'elles
1983 2134 80 29 ont
2091 2125 102 38 trait
2222 2126 26 37 à
2279 2123 79 40 des

339 2193 160 41 détails
526 2195 58 41 de
608 2198 305 38 construction
941 2194 245 42 différents.

475 2279 62 41 La
571 2279 176 42 Société
781 2279 240 42 Nationale
1055 2283 177 46 prêtera
1266 2297 68 24 ses
1364 2280 117 41 bons
1516 2281 158 40 offices
1708 2298 114 32 pour
1858 2281 188 41 faciliter
2081 2281 41 40 la
2156 2285 111 37 mise
2301 2298 55 24 en

339 2364 189 39 rapport
555 2352 78 42 des
661 2356 292 47 participants
981 2353 78 40 des
1089 2353 118 41 deux
1235 2353 226 41 dernières
1487 2356 251 47 catégories
1766 2371 111 23 avec
1906 2354 79 40 des
2014 2364 342 40 entrepreneurs

339 2429 239 47 généraux.

476 2511 96 41 Art.
614 2511 66 41 12.
805 2510 87 41 Cas
920 2526 93 25 non
1040 2511 178 50 prévus.
1340 2510 123 42 Tous
1493 2512 62 40 les
1581 2528 75 24 cas
1684 2528 91 25 non
1804 2515 165 46 prévus
1997 2530 83 32 par
2108 2512 39 41 le
2175 2515 181 48 présent

340 2584 249 50 règlement
618 2596 153 30 seront
801 2584 205 41 tranchés
1038 2601 102 23 sans
1169 2584 150 50 appel,
1355 2601 81 33 par
1466 2584 40 41 le
1535 2584 180 42 Conseil
1748 2584 237 51 technique
2018 2585 57 41 de
2107 2586 40 40 la
2178 2585 177 41 Société

339 2657 253 43 Nationale.
