<?xml version="1.0" encoding="UTF-8"?>
<alto xmlns:xsi="http://www.w3.org/2001/XMLSchema-instance" xmlns="http://www.loc.gov/standards/alto/ns-v2#" xsi:schemaLocation="http://www.loc.gov/standards/alto/ns-v2# http://www.loc.gov/standards/alto/alto-v2.0.xsd" xmlns:xlink="http://www.w3.org/1999/xlink">
	<Description>
		<MeasurementUnit>mm10</MeasurementUnit>
		<sourceImageInformation>
			<fileName>//fileserver7/IN2/Princeton/Batch3/bmtnaac/1920/11_01/00000006.tif</fileName>
		</sourceImageInformation>
		<OCRProcessing ID="OCRPROCESSING_1">
			<preProcessingStep>
				<processingSoftware>
					<softwareCreator>CCS Content Conversion Specialists GmbH, Germany</softwareCreator>
					<softwareName>CCS docWORKS</softwareName>
					<softwareVersion>6.6-1.18</softwareVersion>
				</processingSoftware>
			</preProcessingStep>
			<ocrProcessingStep>
				<processingSoftware>
					<softwareCreator>ABBYY (BIT Software), Russia</softwareCreator>
					<softwareName>FineReader</softwareName>
					<softwareVersion>10.0</softwareVersion>
				</processingSoftware>
			</ocrProcessingStep>
		</OCRProcessing>
	</Description>
	<Styles>
		<TextStyle ID="TXT_0" FONTSIZE="14" FONTFAMILY="Times New Roman"/>
		<TextStyle ID="TXT_1" FONTSIZE="17" FONTFAMILY="Times New Roman"/>
		<TextStyle ID="TXT_2" FONTSIZE="13" FONTFAMILY="Times New Roman"/>
		<TextStyle ID="TXT_3" FONTSIZE="15" FONTFAMILY="Times New Roman"/>
		<ParagraphStyle ID="PAR_LEFT" ALIGN="Left"/>
		<ParagraphStyle ID="PAR_CENTER" ALIGN="Center"/>
		<ParagraphStyle ID="PAR_RIGHT" ALIGN="Right"/>
	</Styles>
	<Layout>
		<Page ID="P6" PHYSICAL_IMG_NR="6" HEIGHT="4084" WIDTH="2710" PRINTED_IMG_NR="4" PC="0.921">
			<TopMargin ID="P6_TM00001" HPOS="0" VPOS="0" WIDTH="2710" HEIGHT="286"/>
			<LeftMargin ID="P6_LM00001" HPOS="0" VPOS="286" WIDTH="203" HEIGHT="3513"/>
			<RightMargin ID="P6_RM00001" HPOS="2541" VPOS="286" WIDTH="169" HEIGHT="3513"/>
			<BottomMargin ID="P6_BM00001" HPOS="0" VPOS="3799" WIDTH="2710" HEIGHT="285">
				<TextBlock ID="P6_TB00001" HPOS="316" VPOS="3801" WIDTH="242" HEIGHT="54" STYLEREFS="TXT_0 PAR_LEFT">
					<TextLine ID="P6_TL00001" HPOS="318" VPOS="3804" WIDTH="239" HEIGHT="50">
						<String ID="P6_ST00001" HPOS="318" VPOS="3818" WIDTH="66" HEIGHT="36" CONTENT="LA" WC="0.47" CC="36"/>
						<SP ID="P6_SP00001" HPOS="384" VPOS="3854" WIDTH="50"/>
						<String ID="P6_ST00002" HPOS="434" VPOS="3804" WIDTH="123" HEIGHT="49" CONTENT="CITÉ" WC="0.97" CC="0751"/>
					</TextLine>
				</TextBlock>
				<TextBlock ID="P6_TB00002" HPOS="1350" VPOS="3805" WIDTH="30" HEIGHT="47" STYLEREFS="TXT_1 PAR_CENTER">
					<TextLine ID="P6_TL00002" HPOS="1352" VPOS="3808" WIDTH="27" HEIGHT="42">
						<String ID="P6_ST00003" HPOS="1352" VPOS="3808" WIDTH="27" HEIGHT="42" CONTENT="4" WC="1.00" CC="0"/>
					</TextLine>
				</TextBlock>
				<TextBlock ID="P6_TB00003" HPOS="1995" VPOS="3819" WIDTH="429" HEIGHT="41" STYLEREFS="TXT_0 PAR_RIGHT">
					<TextLine ID="P6_TL00003" HPOS="1997" VPOS="3821" WIDTH="426" HEIGHT="38">
						<String ID="P6_ST00004" HPOS="1997" VPOS="3821" WIDTH="305" HEIGHT="37" CONTENT="NOVEMBRE" WC="0.98" CC="40565366"/>
						<SP ID="P6_SP00002" HPOS="2302" VPOS="3858" WIDTH="30"/>
						<String ID="P6_ST00005" HPOS="2332" VPOS="3823" WIDTH="91" HEIGHT="36" CONTENT="1920" WC="0.40" CC="5665"/>
					</TextLine>
				</TextBlock>
			</BottomMargin>
			<PrintSpace ID="P6_PS00001" HPOS="203" VPOS="286" WIDTH="2338" HEIGHT="3513">
				<TextBlock ID="P6_TB00004" HPOS="370" VPOS="452" WIDTH="2008" HEIGHT="483" STYLEREFS="TXT_2 PAR_LEFT">
					<TextLine ID="P6_TL00004" HPOS="504" VPOS="454" WIDTH="1874" HEIGHT="51">
						<String ID="P6_ST00006" HPOS="504" VPOS="454" WIDTH="54" HEIGHT="40" CONTENT="Et" WC="0.65" CC="70"/>
						<SP ID="P6_SP00003" HPOS="558" VPOS="494" WIDTH="27"/>
						<String ID="P6_ST00007" HPOS="585" VPOS="471" WIDTH="53" HEIGHT="23" CONTENT="en" WC="0.66" CC="14"/>
						<SP ID="P6_SP00004" HPOS="638" VPOS="494" WIDTH="27"/>
						<String ID="P6_ST00008" HPOS="665" VPOS="454" WIDTH="238" HEIGHT="41" CONTENT="élaborant" WC="0.99" CC="037003019"/>
						<SP ID="P6_SP00005" HPOS="903" VPOS="495" WIDTH="27"/>
						<String ID="P6_ST00009" HPOS="930" VPOS="455" WIDTH="78" HEIGHT="40" CONTENT="des" WC="1.00" CC="000"/>
						<SP ID="P6_SP00006" HPOS="1008" VPOS="495" WIDTH="25"/>
						<String ID="P6_ST00010" HPOS="1033" VPOS="460" WIDTH="171" HEIGHT="45" CONTENT="projets" WC="1.00" CC="0500000"/>
						<SP ID="P6_SP00007" HPOS="1204" VPOS="505" WIDTH="28"/>
						<String ID="P6_ST00011" HPOS="1232" VPOS="457" WIDTH="56" HEIGHT="39" CONTENT="de" WC="1.00" CC="00"/>
						<SP ID="P6_SP00008" HPOS="1288" VPOS="505" WIDTH="25"/>
						<String ID="P6_ST00012" HPOS="1313" VPOS="456" WIDTH="127" HEIGHT="40" CONTENT="villes" WC="1.00" CC="000000"/>
						<SP ID="P6_SP00009" HPOS="1440" VPOS="505" WIDTH="25"/>
						<String ID="P6_ST00013" HPOS="1465" VPOS="456" WIDTH="379" HEIGHT="46" CONTENT="internationales," WC="1.00" CC="4000000040500004"/>
						<SP ID="P6_SP00010" HPOS="1844" VPOS="505" WIDTH="30"/>
						<String ID="P6_ST00014" HPOS="1874" VPOS="456" WIDTH="62" HEIGHT="41" CONTENT="les" WC="0.99" CC="300"/>
						<SP ID="P6_SP00011" HPOS="1936" VPOS="505" WIDTH="26"/>
						<String ID="P6_ST00015" HPOS="1962" VPOS="456" WIDTH="261" HEIGHT="42" CONTENT="architectes" WC="1.00" CC="00070000000"/>
						<SP ID="P6_SP00012" HPOS="2223" VPOS="505" WIDTH="28"/>
						<String ID="P6_ST00016" HPOS="2251" VPOS="458" WIDTH="127" HEIGHT="41" CONTENT="n'ont" WC="0.99" CC="32400"/>
					</TextLine>
					<TextLine ID="P6_TL00005" HPOS="373" VPOS="526" WIDTH="2005" HEIGHT="54">
						<String ID="P6_ST00017" HPOS="373" VPOS="526" WIDTH="81" HEIGHT="40" CONTENT="fait" WC="0.99" CC="5000"/>
						<SP ID="P6_SP00013" HPOS="454" VPOS="566" WIDTH="31"/>
						<String ID="P6_ST00018" HPOS="485" VPOS="542" WIDTH="85" HEIGHT="34" CONTENT="que" WC="0.98" CC="040"/>
						<SP ID="P6_SP00014" HPOS="570" VPOS="576" WIDTH="32"/>
						<String ID="P6_ST00019" HPOS="602" VPOS="527" WIDTH="232" HEIGHT="49" CONTENT="répondre" WC="0.99" CC="00008007"/>
						<SP ID="P6_SP00015" HPOS="834" VPOS="576" WIDTH="27"/>
						<String ID="P6_ST00020" HPOS="861" VPOS="531" WIDTH="439" HEIGHT="47" CONTENT="automatiquement" WC="1.00" CC="050200020600100"/>
						<SP ID="P6_SP00016" HPOS="1300" VPOS="578" WIDTH="31"/>
						<String ID="P6_ST00021" HPOS="1331" VPOS="532" WIDTH="26" HEIGHT="37" CONTENT="à" WC="0.37" CC="6"/>
						<SP ID="P6_SP00017" HPOS="1357" VPOS="578" WIDTH="33"/>
						<String ID="P6_ST00022" HPOS="1390" VPOS="529" WIDTH="151" HEIGHT="41" CONTENT="l'idéal" WC="0.99" CC="2230001"/>
						<SP ID="P6_SP00018" HPOS="1541" VPOS="578" WIDTH="32"/>
						<String ID="P6_ST00023" HPOS="1573" VPOS="529" WIDTH="220" HEIGHT="50" CONTENT="politique" WC="1.00" CC="005303000"/>
						<SP ID="P6_SP00019" HPOS="1793" VPOS="579" WIDTH="32"/>
						<String ID="P6_ST00024" HPOS="1825" VPOS="532" WIDTH="73" HEIGHT="47" CONTENT="qui" WC="0.99" CC="002"/>
						<SP ID="P6_SP00020" HPOS="1898" VPOS="579" WIDTH="31"/>
						<String ID="P6_ST00025" HPOS="1929" VPOS="546" WIDTH="47" HEIGHT="24" CONTENT="se" WC="0.73" CC="50"/>
						<SP ID="P6_SP00021" HPOS="1976" VPOS="579" WIDTH="33"/>
						<String ID="P6_ST00026" HPOS="2009" VPOS="529" WIDTH="296" HEIGHT="51" CONTENT="développait" WC="1.00" CC="00000200020"/>
						<SP ID="P6_SP00022" HPOS="2305" VPOS="580" WIDTH="30"/>
						<String ID="P6_ST00027" HPOS="2335" VPOS="541" WIDTH="43" HEIGHT="31" CONTENT="et" WC="0.64" CC="70"/>
					</TextLine>
					<TextLine ID="P6_TL00006" HPOS="371" VPOS="599" WIDTH="1687" HEIGHT="53">
						<String ID="P6_ST00028" HPOS="371" VPOS="601" WIDTH="72" HEIGHT="46" CONTENT="qui" WC="1.00" CC="000"/>
						<SP ID="P6_SP00023" HPOS="443" VPOS="647" WIDTH="26"/>
						<String ID="P6_ST00029" HPOS="469" VPOS="599" WIDTH="145" HEIGHT="48" CONTENT="prend" WC="0.99" CC="00060"/>
						<SP ID="P6_SP00024" HPOS="614" VPOS="647" WIDTH="28"/>
						<String ID="P6_ST00030" HPOS="642" VPOS="616" WIDTH="86" HEIGHT="23" CONTENT="une" WC="0.99" CC="020"/>
						<SP ID="P6_SP00025" HPOS="728" VPOS="647" WIDTH="28"/>
						<String ID="P6_ST00031" HPOS="756" VPOS="599" WIDTH="147" HEIGHT="41" CONTENT="forme" WC="0.99" CC="50400"/>
						<SP ID="P6_SP00026" HPOS="903" VPOS="647" WIDTH="26"/>
						<String ID="P6_ST00032" HPOS="929" VPOS="600" WIDTH="100" HEIGHT="50" CONTENT="plus" WC="0.99" CC="0400"/>
						<SP ID="P6_SP00027" HPOS="1029" VPOS="650" WIDTH="24"/>
						<String ID="P6_ST00033" HPOS="1053" VPOS="600" WIDTH="135" HEIGHT="41" CONTENT="réelle" WC="1.00" CC="000040"/>
						<SP ID="P6_SP00028" HPOS="1188" VPOS="650" WIDTH="28"/>
						<String ID="P6_ST00034" HPOS="1216" VPOS="602" WIDTH="157" HEIGHT="49" CONTENT="depuis" WC="1.00" CC="000040"/>
						<SP ID="P6_SP00029" HPOS="1373" VPOS="651" WIDTH="28"/>
						<String ID="P6_ST00035" HPOS="1401" VPOS="602" WIDTH="40" HEIGHT="40" CONTENT="la" WC="0.76" CC="40"/>
						<SP ID="P6_SP00030" HPOS="1441" VPOS="651" WIDTH="27"/>
						<String ID="P6_ST00036" HPOS="1468" VPOS="604" WIDTH="225" HEIGHT="48" CONTENT="signature" WC="0.99" CC="039400230"/>
						<SP ID="P6_SP00031" HPOS="1693" VPOS="652" WIDTH="27"/>
						<String ID="P6_ST00037" HPOS="1720" VPOS="602" WIDTH="57" HEIGHT="40" CONTENT="de" WC="1.00" CC="00"/>
						<SP ID="P6_SP00032" HPOS="1777" VPOS="652" WIDTH="27"/>
						<String ID="P6_ST00038" HPOS="1804" VPOS="601" WIDTH="254" HEIGHT="42" CONTENT="Versailles." WC="1.00" CC="00300325002"/>
					</TextLine>
					<TextLine ID="P6_TL00007" HPOS="437" VPOS="670" WIDTH="1940" HEIGHT="51">
						<String ID="P6_ST00039" HPOS="437" VPOS="670" WIDTH="271" HEIGHT="47" CONTENT="Seulement," WC="1.00" CC="0040000002"/>
						<SP ID="P6_SP00033" HPOS="708" VPOS="717" WIDTH="44"/>
						<String ID="P6_ST00040" HPOS="752" VPOS="689" WIDTH="100" HEIGHT="23" CONTENT="vers" WC="0.99" CC="0030"/>
						<SP ID="P6_SP00034" HPOS="852" VPOS="717" WIDTH="43"/>
						<String ID="P6_ST00041" HPOS="895" VPOS="676" WIDTH="57" HEIGHT="36" CONTENT="où" WC="0.77" CC="04"/>
						<SP ID="P6_SP00035" HPOS="952" VPOS="717" WIDTH="42"/>
						<String ID="P6_ST00042" HPOS="994" VPOS="685" WIDTH="154" HEIGHT="30" CONTENT="seront" WC="0.99" CC="005050"/>
						<SP ID="P6_SP00036" HPOS="1148" VPOS="717" WIDTH="38"/>
						<String ID="P6_ST00043" HPOS="1186" VPOS="674" WIDTH="177" HEIGHT="41" CONTENT="drainés" WC="0.99" CC="0602451"/>
						<SP ID="P6_SP00037" HPOS="1363" VPOS="717" WIDTH="42"/>
						<String ID="P6_ST00044" HPOS="1405" VPOS="675" WIDTH="62" HEIGHT="40" CONTENT="les" WC="0.99" CC="300"/>
						<SP ID="P6_SP00038" HPOS="1467" VPOS="717" WIDTH="40"/>
						<String ID="P6_ST00045" HPOS="1507" VPOS="686" WIDTH="210" HEIGHT="29" CONTENT="courants" WC="0.99" CC="15500500"/>
						<SP ID="P6_SP00039" HPOS="1717" VPOS="717" WIDTH="42"/>
						<String ID="P6_ST00046" HPOS="1759" VPOS="674" WIDTH="305" HEIGHT="47" CONTENT="intellectuels," WC="1.00" CC="14000000070003"/>
						<SP ID="P6_SP00040" HPOS="2064" VPOS="721" WIDTH="44"/>
						<String ID="P6_ST00047" HPOS="2108" VPOS="679" WIDTH="184" HEIGHT="39" CONTENT="sociaux" WC="0.99" CC="1503010"/>
						<SP ID="P6_SP00041" HPOS="2292" VPOS="721" WIDTH="42"/>
						<String ID="P6_ST00048" HPOS="2334" VPOS="687" WIDTH="43" HEIGHT="30" CONTENT="et" WC="1.00" CC="00"/>
					</TextLine>
					<TextLine ID="P6_TL00008" HPOS="371" VPOS="743" WIDTH="733" HEIGHT="50">
						<String ID="P6_ST00049" HPOS="371" VPOS="743" WIDTH="239" HEIGHT="50" CONTENT="politiques" WC="1.00" CC="0453020020"/>
						<SP ID="P6_SP00042" HPOS="610" VPOS="793" WIDTH="33"/>
						<String ID="P6_ST00050" HPOS="643" VPOS="744" WIDTH="59" HEIGHT="40" CONTENT="du" WC="1.00" CC="00"/>
						<SP ID="P6_SP00043" HPOS="702" VPOS="793" WIDTH="34"/>
						<String ID="P6_ST00051" HPOS="736" VPOS="745" WIDTH="170" HEIGHT="40" CONTENT="monde" WC="1.00" CC="00000"/>
						<SP ID="P6_SP00044" HPOS="906" VPOS="793" WIDTH="32"/>
						<String ID="P6_ST00052" HPOS="938" VPOS="748" WIDTH="166" HEIGHT="39" CONTENT="entier?" WC="0.99" CC="0501007"/>
					</TextLine>
					<TextLine ID="P6_TL00009" HPOS="504" VPOS="814" WIDTH="1867" HEIGHT="54">
						<String ID="P6_ST00053" HPOS="504" VPOS="814" WIDTH="59" HEIGHT="41" CONTENT="Le" WC="0.71" CC="50"/>
						<SP ID="P6_SP00045" HPOS="563" VPOS="855" WIDTH="23"/>
						<String ID="P6_ST00054" HPOS="586" VPOS="832" WIDTH="153" HEIGHT="33" CONTENT="germe" WC="0.99" CC="00600"/>
						<SP ID="P6_SP00046" HPOS="739" VPOS="865" WIDTH="23"/>
						<String ID="P6_ST00055" HPOS="762" VPOS="816" WIDTH="158" HEIGHT="42" CONTENT="urbain" WC="0.98" CC="530056"/>
						<SP ID="P6_SP00047" HPOS="920" VPOS="865" WIDTH="23"/>
						<String ID="P6_ST00056" HPOS="943" VPOS="830" WIDTH="65" HEIGHT="28" CONTENT="est" WC="1.00" CC="000"/>
						<SP ID="P6_SP00048" HPOS="1008" VPOS="865" WIDTH="22"/>
						<String ID="P6_ST00057" HPOS="1030" VPOS="823" WIDTH="202" HEIGHT="45" CONTENT="partout!" WC="0.99" CC="00505404"/>
						<SP ID="P6_SP00049" HPOS="1232" VPOS="868" WIDTH="25"/>
						<String ID="P6_ST00058" HPOS="1257" VPOS="820" WIDTH="55" HEIGHT="41" CONTENT="Et" WC="0.64" CC="70"/>
						<SP ID="P6_SP00050" HPOS="1312" VPOS="868" WIDTH="22"/>
						<String ID="P6_ST00059" HPOS="1334" VPOS="820" WIDTH="40" HEIGHT="40" CONTENT="là" WC="0.34" CC="67"/>
						<SP ID="P6_SP00051" HPOS="1374" VPOS="868" WIDTH="23"/>
						<String ID="P6_ST00060" HPOS="1397" VPOS="821" WIDTH="247" HEIGHT="40" CONTENT="seulement" WC="1.00" CC="000000000"/>
						<SP ID="P6_SP00052" HPOS="1644" VPOS="868" WIDTH="24"/>
						<String ID="P6_ST00061" HPOS="1668" VPOS="823" WIDTH="58" HEIGHT="37" CONTENT="où" WC="0.79" CC="04"/>
						<SP ID="P6_SP00053" HPOS="1726" VPOS="868" WIDTH="24"/>
						<String ID="P6_ST00062" HPOS="1750" VPOS="820" WIDTH="63" HEIGHT="41" CONTENT="les" WC="1.00" CC="000"/>
						<SP ID="P6_SP00054" HPOS="1813" VPOS="868" WIDTH="22"/>
						<String ID="P6_ST00063" HPOS="1835" VPOS="830" WIDTH="210" HEIGHT="31" CONTENT="courants" WC="1.00" CC="00000400"/>
						<SP ID="P6_SP00055" HPOS="2045" VPOS="868" WIDTH="23"/>
						<String ID="P6_ST00064" HPOS="2068" VPOS="838" WIDTH="46" HEIGHT="23" CONTENT="se" WC="1.00" CC="00"/>
						<SP ID="P6_SP00056" HPOS="2114" VPOS="868" WIDTH="23"/>
						<String ID="P6_ST00065" HPOS="2137" VPOS="821" WIDTH="234" HEIGHT="46" CONTENT="mêleront," WC="0.99" CC="062050002"/>
					</TextLine>
					<TextLine ID="P6_TL00010" HPOS="372" VPOS="888" WIDTH="971" HEIGHT="47">
						<String ID="P6_ST00066" HPOS="372" VPOS="888" WIDTH="25" HEIGHT="39" CONTENT="il" WC="0.67" CC="60"/>
						<SP ID="P6_SP00057" HPOS="397" VPOS="927" WIDTH="29"/>
						<String ID="P6_ST00067" HPOS="426" VPOS="905" WIDTH="216" HEIGHT="30" CONTENT="germera," WC="1.00" CC="00003403"/>
						<SP ID="P6_SP00058" HPOS="642" VPOS="935" WIDTH="32"/>
						<String ID="P6_ST00068" HPOS="674" VPOS="900" WIDTH="43" HEIGHT="28" CONTENT="et" WC="1.00" CC="00"/>
						<SP ID="P6_SP00059" HPOS="717" VPOS="935" WIDTH="26"/>
						<String ID="P6_ST00069" HPOS="743" VPOS="889" WIDTH="41" HEIGHT="40" CONTENT="la" WC="0.90" CC="10"/>
						<SP ID="P6_SP00060" HPOS="784" VPOS="935" WIDTH="27"/>
						<String ID="P6_ST00070" HPOS="811" VPOS="889" WIDTH="104" HEIGHT="41" CONTENT="ville" WC="0.98" CC="04550"/>
						<SP ID="P6_SP00061" HPOS="915" VPOS="935" WIDTH="28"/>
						<String ID="P6_ST00071" HPOS="943" VPOS="894" WIDTH="132" HEIGHT="37" CONTENT="rêvée" WC="0.99" CC="46000"/>
						<SP ID="P6_SP00062" HPOS="1075" VPOS="935" WIDTH="26"/>
						<String ID="P6_ST00072" HPOS="1101" VPOS="908" WIDTH="45" HEIGHT="24" CONTENT="se" WC="1.00" CC="00"/>
						<SP ID="P6_SP00063" HPOS="1146" VPOS="935" WIDTH="28"/>
						<String ID="P6_ST00073" HPOS="1174" VPOS="892" WIDTH="169" HEIGHT="41" CONTENT="lèvera!" WC="0.99" CC="1700300"/>
					</TextLine>
				</TextBlock>
				<TextBlock ID="P6_TB00005" HPOS="368" VPOS="1212" WIDTH="2009" HEIGHT="1429" STYLEREFS="TXT_2 PAR_RIGHT">
					<TextLine ID="P6_TL00011" HPOS="505" VPOS="1213" WIDTH="988" HEIGHT="51">
						<String ID="P6_ST00074" HPOS="505" VPOS="1213" WIDTH="85" HEIGHT="41" CONTENT="Ces" WC="1.00" CC="000"/>
						<SP ID="P6_SP00064" HPOS="590" VPOS="1254" WIDTH="28"/>
						<String ID="P6_ST00075" HPOS="618" VPOS="1226" WIDTH="259" HEIGHT="38" CONTENT="arguments" WC="0.99" CC="007400300"/>
						<SP ID="P6_SP00065" HPOS="877" VPOS="1264" WIDTH="28"/>
						<String ID="P6_ST00076" HPOS="905" VPOS="1232" WIDTH="71" HEIGHT="24" CONTENT="me" WC="0.94" CC="10"/>
						<SP ID="P6_SP00066" HPOS="976" VPOS="1264" WIDTH="28"/>
						<String ID="P6_ST00077" HPOS="1004" VPOS="1217" WIDTH="223" HEIGHT="40" CONTENT="semblent" WC="0.99" CC="00063050"/>
						<SP ID="P6_SP00067" HPOS="1227" VPOS="1264" WIDTH="27"/>
						<String ID="P6_ST00078" HPOS="1254" VPOS="1216" WIDTH="239" HEIGHT="42" CONTENT="suffisants." WC="1.00" CC="00670200004"/>
					</TextLine>
					<TextLine ID="P6_TL00012" HPOS="506" VPOS="1286" WIDTH="1871" HEIGHT="52">
						<String ID="P6_ST00079" HPOS="506" VPOS="1286" WIDTH="263" HEIGHT="42" CONTENT="Ramenons" WC="1.00" CC="30000600"/>
						<SP ID="P6_SP00068" HPOS="769" VPOS="1328" WIDTH="25"/>
						<String ID="P6_ST00080" HPOS="794" VPOS="1288" WIDTH="61" HEIGHT="40" CONTENT="les" WC="1.00" CC="000"/>
						<SP ID="P6_SP00069" HPOS="855" VPOS="1328" WIDTH="32"/>
						<String ID="P6_ST00081" HPOS="887" VPOS="1305" WIDTH="56" HEIGHT="24" CONTENT="en" WC="1.00" CC="00"/>
						<SP ID="P6_SP00070" HPOS="943" VPOS="1329" WIDTH="33"/>
						<String ID="P6_ST00082" HPOS="976" VPOS="1306" WIDTH="58" HEIGHT="23" CONTENT="un" WC="0.73" CC="50"/>
						<SP ID="P6_SP00071" HPOS="1034" VPOS="1329" WIDTH="37"/>
						<String ID="P6_ST00083" HPOS="1071" VPOS="1289" WIDTH="194" HEIGHT="40" CONTENT="faisceau" WC="0.99" CC="60500006"/>
						<SP ID="P6_SP00072" HPOS="1265" VPOS="1329" WIDTH="34"/>
						<String ID="P6_ST00084" HPOS="1299" VPOS="1289" WIDTH="149" HEIGHT="47" CONTENT="dense," WC="0.99" CC="505003"/>
						<SP ID="P6_SP00073" HPOS="1448" VPOS="1336" WIDTH="39"/>
						<String ID="P6_ST00085" HPOS="1487" VPOS="1289" WIDTH="90" HEIGHT="40" CONTENT="afin" WC="0.97" CC="0626"/>
						<SP ID="P6_SP00074" HPOS="1577" VPOS="1336" WIDTH="36"/>
						<String ID="P6_ST00086" HPOS="1613" VPOS="1289" WIDTH="128" HEIGHT="49" CONTENT="qu'ils" WC="0.98" CC="364301"/>
						<SP ID="P6_SP00075" HPOS="1741" VPOS="1338" WIDTH="35"/>
						<String ID="P6_ST00087" HPOS="1776" VPOS="1292" WIDTH="198" HEIGHT="46" CONTENT="puissent" WC="0.99" CC="05300062"/>
						<SP ID="P6_SP00076" HPOS="1974" VPOS="1338" WIDTH="32"/>
						<String ID="P6_ST00088" HPOS="2006" VPOS="1292" WIDTH="139" HEIGHT="39" CONTENT="servir" WC="0.98" CC="001374"/>
						<SP ID="P6_SP00077" HPOS="2145" VPOS="1338" WIDTH="34"/>
						<String ID="P6_ST00089" HPOS="2179" VPOS="1290" WIDTH="58" HEIGHT="40" CONTENT="de" WC="0.65" CC="60"/>
						<SP ID="P6_SP00078" HPOS="2237" VPOS="1338" WIDTH="32"/>
						<String ID="P6_ST00090" HPOS="2269" VPOS="1290" WIDTH="108" HEIGHT="41" CONTENT="base" WC="0.99" CC="6000"/>
					</TextLine>
					<TextLine ID="P6_TL00013" HPOS="371" VPOS="1359" WIDTH="2006" HEIGHT="53">
						<String ID="P6_ST00091" HPOS="371" VPOS="1359" WIDTH="300" HEIGHT="49" CONTENT="préliminaire" WC="1.00" CC="005200400150"/>
						<SP ID="P6_SP00079" HPOS="671" VPOS="1408" WIDTH="21"/>
						<String ID="P6_ST00092" HPOS="692" VPOS="1376" WIDTH="56" HEIGHT="23" CONTENT="au" WC="1.00" CC="00"/>
						<SP ID="P6_SP00080" HPOS="748" VPOS="1408" WIDTH="23"/>
						<String ID="P6_ST00093" HPOS="771" VPOS="1361" WIDTH="171" HEIGHT="45" CONTENT="travail," WC="0.99" CC="03000343"/>
						<SP ID="P6_SP00081" HPOS="942" VPOS="1408" WIDTH="25"/>
						<String ID="P6_ST00094" HPOS="967" VPOS="1364" WIDTH="25" HEIGHT="37" CONTENT="à" WC="0.38" CC="6"/>
						<SP ID="P6_SP00082" HPOS="992" VPOS="1408" WIDTH="24"/>
						<String ID="P6_ST00095" HPOS="1016" VPOS="1361" WIDTH="166" HEIGHT="40" CONTENT="l'effort" WC="0.99" CC="54044050"/>
						<SP ID="P6_SP00083" HPOS="1182" VPOS="1408" WIDTH="21"/>
						<String ID="P6_ST00096" HPOS="1203" VPOS="1378" WIDTH="213" HEIGHT="24" CONTENT="commun" WC="1.00" CC="000003"/>
						<SP ID="P6_SP00084" HPOS="1416" VPOS="1408" WIDTH="24"/>
						<String ID="P6_ST00097" HPOS="1440" VPOS="1365" WIDTH="72" HEIGHT="46" CONTENT="qui" WC="0.99" CC="002"/>
						<SP ID="P6_SP00085" HPOS="1512" VPOS="1411" WIDTH="22"/>
						<String ID="P6_ST00098" HPOS="1534" VPOS="1361" WIDTH="282" HEIGHT="50" CONTENT="s'accomplit" WC="1.00" CC="04000100440"/>
						<SP ID="P6_SP00086" HPOS="1816" VPOS="1411" WIDTH="22"/>
						<String ID="P6_ST00099" HPOS="1838" VPOS="1361" WIDTH="300" HEIGHT="51" CONTENT="aujourd'hui." WC="0.99" CC="046003047563"/>
						<SP ID="P6_SP00087" HPOS="2138" VPOS="1412" WIDTH="26"/>
						<String ID="P6_ST00100" HPOS="2164" VPOS="1362" WIDTH="213" HEIGHT="42" CONTENT="Sondons" WC="0.99" CC="0009060"/>
					</TextLine>
					<TextLine ID="P6_TL00014" HPOS="372" VPOS="1431" WIDTH="2005" HEIGHT="53">
						<String ID="P6_ST00101" HPOS="372" VPOS="1441" WIDTH="44" HEIGHT="30" CONTENT="et" WC="1.00" CC="00"/>
						<SP ID="P6_SP00088" HPOS="416" VPOS="1471" WIDTH="29"/>
						<String ID="P6_ST00102" HPOS="445" VPOS="1431" WIDTH="146" HEIGHT="40" CONTENT="fixons" WC="0.99" CC="450030"/>
						<SP ID="P6_SP00089" HPOS="591" VPOS="1471" WIDTH="30"/>
						<String ID="P6_ST00103" HPOS="621" VPOS="1431" WIDTH="62" HEIGHT="41" CONTENT="les" WC="0.98" CC="600"/>
						<SP ID="P6_SP00090" HPOS="683" VPOS="1472" WIDTH="29"/>
						<String ID="P6_ST00104" HPOS="712" VPOS="1442" WIDTH="210" HEIGHT="31" CONTENT="courants" WC="1.00" CC="00000200"/>
						<SP ID="P6_SP00091" HPOS="922" VPOS="1473" WIDTH="30"/>
						<String ID="P6_ST00105" HPOS="952" VPOS="1437" WIDTH="72" HEIGHT="46" CONTENT="qui" WC="0.96" CC="423"/>
						<SP ID="P6_SP00092" HPOS="1024" VPOS="1483" WIDTH="30"/>
						<String ID="P6_ST00106" HPOS="1054" VPOS="1451" WIDTH="46" HEIGHT="23" CONTENT="se" WC="1.00" CC="00"/>
						<SP ID="P6_SP00093" HPOS="1100" VPOS="1483" WIDTH="29"/>
						<String ID="P6_ST00107" HPOS="1129" VPOS="1446" WIDTH="214" HEIGHT="29" CONTENT="meuvent" WC="0.99" CC="0050030"/>
						<SP ID="P6_SP00094" HPOS="1343" VPOS="1483" WIDTH="29"/>
						<String ID="P6_ST00108" HPOS="1372" VPOS="1434" WIDTH="315" HEIGHT="41" CONTENT="actuellement" WC="1.00" CC="000006500030"/>
						<SP ID="P6_SP00095" HPOS="1687" VPOS="1483" WIDTH="30"/>
						<String ID="P6_ST00109" HPOS="1717" VPOS="1445" WIDTH="44" HEIGHT="30" CONTENT="et" WC="1.00" CC="00"/>
						<SP ID="P6_SP00096" HPOS="1761" VPOS="1483" WIDTH="29"/>
						<String ID="P6_ST00110" HPOS="1790" VPOS="1437" WIDTH="73" HEIGHT="47" CONTENT="qui" WC="0.99" CC="001"/>
						<SP ID="P6_SP00097" HPOS="1863" VPOS="1484" WIDTH="31"/>
						<String ID="P6_ST00111" HPOS="1894" VPOS="1446" WIDTH="199" HEIGHT="38" CONTENT="peuvent" WC="1.00" CC="0000040"/>
						<SP ID="P6_SP00098" HPOS="2093" VPOS="1484" WIDTH="28"/>
						<String ID="P6_ST00112" HPOS="2121" VPOS="1437" WIDTH="183" HEIGHT="39" CONTENT="susciter" WC="0.99" CC="32004003"/>
						<SP ID="P6_SP00099" HPOS="2304" VPOS="1484" WIDTH="31"/>
						<String ID="P6_ST00113" HPOS="2335" VPOS="1446" WIDTH="42" HEIGHT="30" CONTENT="et" WC="1.00" CC="00"/>
					</TextLine>
					<TextLine ID="P6_TL00015" HPOS="371" VPOS="1504" WIDTH="1548" HEIGHT="51">
						<String ID="P6_ST00114" HPOS="371" VPOS="1507" WIDTH="241" HEIGHT="36" CONTENT="entretenir" WC="1.00" CC="0400000032"/>
						<SP ID="P6_SP00100" HPOS="612" VPOS="1543" WIDTH="28"/>
						<String ID="P6_ST00115" HPOS="640" VPOS="1504" WIDTH="62" HEIGHT="40" CONTENT="les" WC="1.00" CC="000"/>
						<SP ID="P6_SP00101" HPOS="702" VPOS="1544" WIDTH="31"/>
						<String ID="P6_ST00116" HPOS="733" VPOS="1505" WIDTH="408" HEIGHT="50" CONTENT="développements" WC="1.00" CC="05000000000500"/>
						<SP ID="P6_SP00102" HPOS="1141" VPOS="1555" WIDTH="54"/>
						<String ID="P6_ST00117" HPOS="1195" VPOS="1506" WIDTH="193" HEIGHT="41" CONTENT="étouffés" WC="1.00" CC="00030000"/>
						<SP ID="P6_SP00103" HPOS="1388" VPOS="1555" WIDTH="30"/>
						<String ID="P6_ST00118" HPOS="1418" VPOS="1507" WIDTH="78" HEIGHT="40" CONTENT="des" WC="1.00" CC="000"/>
						<SP ID="P6_SP00104" HPOS="1496" VPOS="1555" WIDTH="29"/>
						<String ID="P6_ST00119" HPOS="1525" VPOS="1517" WIDTH="172" HEIGHT="30" CONTENT="centres" WC="0.99" CC="0050004"/>
						<SP ID="P6_SP00105" HPOS="1697" VPOS="1555" WIDTH="28"/>
						<String ID="P6_ST00120" HPOS="1725" VPOS="1507" WIDTH="194" HEIGHT="40" CONTENT="urbains." WC="1.00" CC="00000421"/>
					</TextLine>
					<TextLine ID="P6_TL00016" HPOS="506" VPOS="1576" WIDTH="1871" HEIGHT="53">
						<String ID="P6_ST00121" HPOS="506" VPOS="1576" WIDTH="249" HEIGHT="49" CONTENT="Spécifions" WC="1.00" CC="0001233050"/>
						<SP ID="P6_SP00106" HPOS="755" VPOS="1625" WIDTH="24"/>
						<String ID="P6_ST00122" HPOS="779" VPOS="1594" WIDTH="54" HEIGHT="22" CONTENT="en" WC="1.00" CC="00"/>
						<SP ID="P6_SP00107" HPOS="833" VPOS="1625" WIDTH="37"/>
						<String ID="P6_ST00123" HPOS="870" VPOS="1576" WIDTH="41" HEIGHT="41" CONTENT="la" WC="0.93" CC="10"/>
						<SP ID="P6_SP00108" HPOS="911" VPOS="1625" WIDTH="37"/>
						<String ID="P6_ST00124" HPOS="948" VPOS="1589" WIDTH="168" HEIGHT="35" CONTENT="nature," WC="0.98" CC="9006822"/>
						<SP ID="P6_SP00109" HPOS="1116" VPOS="1625" WIDTH="39"/>
						<String ID="P6_ST00125" HPOS="1155" VPOS="1596" WIDTH="73" HEIGHT="23" CONTENT="car" WC="1.00" CC="000"/>
						<SP ID="P6_SP00110" HPOS="1228" VPOS="1625" WIDTH="35"/>
						<String ID="P6_ST00126" HPOS="1263" VPOS="1579" WIDTH="169" HEIGHT="40" CONTENT="celle-ci" WC="0.99" CC="00600430"/>
						<SP ID="P6_SP00111" HPOS="1432" VPOS="1625" WIDTH="38"/>
						<String ID="P6_ST00127" HPOS="1470" VPOS="1580" WIDTH="231" HEIGHT="49" CONTENT="indiquera" WC="1.00" CC="250400000"/>
						<SP ID="P6_SP00112" HPOS="1701" VPOS="1629" WIDTH="39"/>
						<String ID="P6_ST00128" HPOS="1740" VPOS="1590" WIDTH="43" HEIGHT="30" CONTENT="et" WC="0.92" CC="10"/>
						<SP ID="P6_SP00113" HPOS="1783" VPOS="1629" WIDTH="35"/>
						<String ID="P6_ST00129" HPOS="1818" VPOS="1582" WIDTH="221" HEIGHT="47" CONTENT="précisera" WC="1.00" CC="030010000"/>
						<SP ID="P6_SP00114" HPOS="2039" VPOS="1629" WIDTH="37"/>
						<String ID="P6_ST00130" HPOS="2076" VPOS="1580" WIDTH="62" HEIGHT="41" CONTENT="les" WC="0.96" CC="207"/>
						<SP ID="P6_SP00115" HPOS="2138" VPOS="1629" WIDTH="38"/>
						<String ID="P6_ST00131" HPOS="2176" VPOS="1580" WIDTH="201" HEIGHT="41" CONTENT="données" WC="0.99" CC="0105008"/>
					</TextLine>
					<TextLine ID="P6_TL00017" HPOS="371" VPOS="1648" WIDTH="2006" HEIGHT="54">
						<String ID="P6_ST00132" HPOS="371" VPOS="1648" WIDTH="272" HEIGHT="40" CONTENT="essentielles" WC="1.00" CC="000000303200"/>
						<SP ID="P6_SP00116" HPOS="643" VPOS="1688" WIDTH="32"/>
						<String ID="P6_ST00133" HPOS="675" VPOS="1660" WIDTH="42" HEIGHT="29" CONTENT="et" WC="1.00" CC="00"/>
						<SP ID="P6_SP00117" HPOS="717" VPOS="1689" WIDTH="33"/>
						<String ID="P6_ST00134" HPOS="750" VPOS="1650" WIDTH="252" HEIGHT="40" CONTENT="directrices" WC="1.00" CC="01200003000"/>
						<SP ID="P6_SP00118" HPOS="1002" VPOS="1690" WIDTH="33"/>
						<String ID="P6_ST00135" HPOS="1035" VPOS="1654" WIDTH="71" HEIGHT="46" CONTENT="qui" WC="0.98" CC="050"/>
						<SP ID="P6_SP00119" HPOS="1106" VPOS="1700" WIDTH="33"/>
						<String ID="P6_ST00136" HPOS="1139" VPOS="1651" WIDTH="188" HEIGHT="41" CONTENT="doivent" WC="1.00" CC="0000050"/>
						<SP ID="P6_SP00120" HPOS="1327" VPOS="1700" WIDTH="30"/>
						<String ID="P6_ST00137" HPOS="1357" VPOS="1652" WIDTH="200" HEIGHT="50" CONTENT="présider" WC="1.00" CC="03000000"/>
						<SP ID="P6_SP00121" HPOS="1557" VPOS="1702" WIDTH="33"/>
						<String ID="P6_ST00138" HPOS="1590" VPOS="1652" WIDTH="306" HEIGHT="50" CONTENT="logiquement" WC="0.99" CC="30740500020"/>
						<SP ID="P6_SP00122" HPOS="1896" VPOS="1702" WIDTH="32"/>
						<String ID="P6_ST00139" HPOS="1928" VPOS="1655" WIDTH="25" HEIGHT="38" CONTENT="à" WC="0.31" CC="6"/>
						<SP ID="P6_SP00123" HPOS="1953" VPOS="1702" WIDTH="33"/>
						<String ID="P6_ST00140" HPOS="1986" VPOS="1652" WIDTH="316" HEIGHT="41" CONTENT="l'élaboration" WC="1.00" CC="0200003090230"/>
						<SP ID="P6_SP00124" HPOS="2302" VPOS="1702" WIDTH="33"/>
						<String ID="P6_ST00141" HPOS="2335" VPOS="1663" WIDTH="42" HEIGHT="30" CONTENT="et" WC="1.00" CC="00"/>
					</TextLine>
					<TextLine ID="P6_TL00018" HPOS="369" VPOS="1720" WIDTH="2007" HEIGHT="55">
						<String ID="P6_ST00142" HPOS="369" VPOS="1723" WIDTH="26" HEIGHT="37" CONTENT="à" WC="0.42" CC="5"/>
						<SP ID="P6_SP00125" HPOS="395" VPOS="1760" WIDTH="30"/>
						<String ID="P6_ST00143" HPOS="425" VPOS="1720" WIDTH="10" HEIGHT="39" CONTENT="1" WC="0.50" CC="4"/>
						<SP ID="P6_SP00126" HPOS="435" VPOS="1760" WIDTH="22"/>
						<String ID="P6_ST00144" HPOS="457" VPOS="1721" WIDTH="136" HEIGHT="39" CONTENT="étude" WC="0.99" CC="00600"/>
						<SP ID="P6_SP00127" HPOS="593" VPOS="1760" WIDTH="30"/>
						<String ID="P6_ST00145" HPOS="623" VPOS="1721" WIDTH="79" HEIGHT="40" CONTENT="des" WC="1.00" CC="000"/>
						<SP ID="P6_SP00128" HPOS="702" VPOS="1761" WIDTH="27"/>
						<String ID="P6_ST00146" HPOS="729" VPOS="1722" WIDTH="129" HEIGHT="49" CONTENT="plans" WC="0.99" CC="00050"/>
						<SP ID="P6_SP00129" HPOS="858" VPOS="1771" WIDTH="29"/>
						<String ID="P6_ST00147" HPOS="887" VPOS="1723" WIDTH="280" HEIGHT="40" CONTENT="d'ensemble" WC="1.00" CC="0206000010"/>
						<SP ID="P6_SP00130" HPOS="1167" VPOS="1771" WIDTH="30"/>
						<String ID="P6_ST00148" HPOS="1197" VPOS="1724" WIDTH="78" HEIGHT="40" CONTENT="des" WC="1.00" CC="000"/>
						<SP ID="P6_SP00131" HPOS="1275" VPOS="1771" WIDTH="30"/>
						<String ID="P6_ST00149" HPOS="1305" VPOS="1727" WIDTH="254" HEIGHT="37" CONTENT="extensions" WC="1.00" CC="0300600030"/>
						<SP ID="P6_SP00132" HPOS="1559" VPOS="1771" WIDTH="28"/>
						<String ID="P6_ST00150" HPOS="1587" VPOS="1724" WIDTH="78" HEIGHT="40" CONTENT="des" WC="1.00" CC="000"/>
						<SP ID="P6_SP00133" HPOS="1665" VPOS="1771" WIDTH="28"/>
						<String ID="P6_ST00151" HPOS="1693" VPOS="1724" WIDTH="127" HEIGHT="41" CONTENT="villes" WC="1.00" CC="020300"/>
						<SP ID="P6_SP00134" HPOS="1820" VPOS="1771" WIDTH="28"/>
						<String ID="P6_ST00152" HPOS="1848" VPOS="1736" WIDTH="101" HEIGHT="39" CONTENT="trop" WC="0.99" CC="0040"/>
						<SP ID="P6_SP00135" HPOS="1949" VPOS="1775" WIDTH="31"/>
						<String ID="P6_ST00153" HPOS="1980" VPOS="1728" WIDTH="254" HEIGHT="38" CONTENT="restreintes" WC="1.00" CC="00000040001"/>
						<SP ID="P6_SP00136" HPOS="2234" VPOS="1775" WIDTH="28"/>
						<String ID="P6_ST00154" HPOS="2262" VPOS="1742" WIDTH="114" HEIGHT="33" CONTENT="pour" WC="0.99" CC="0310"/>
					</TextLine>
					<TextLine ID="P6_TL00019" HPOS="372" VPOS="1792" WIDTH="495" HEIGHT="51">
						<String ID="P6_ST00155" HPOS="372" VPOS="1792" WIDTH="40" HEIGHT="39" CONTENT="la" WC="0.86" CC="20"/>
						<SP ID="P6_SP00137" HPOS="412" VPOS="1831" WIDTH="25"/>
						<String ID="P6_ST00156" HPOS="437" VPOS="1794" WIDTH="72" HEIGHT="37" CONTENT="vie" WC="0.99" CC="030"/>
						<SP ID="P6_SP00138" HPOS="509" VPOS="1831" WIDTH="22"/>
						<String ID="P6_ST00157" HPOS="531" VPOS="1794" WIDTH="72" HEIGHT="47" CONTENT="qui" WC="0.97" CC="035"/>
						<SP ID="P6_SP00139" HPOS="603" VPOS="1841" WIDTH="23"/>
						<String ID="P6_ST00158" HPOS="626" VPOS="1810" WIDTH="28" HEIGHT="31" CONTENT="y" WC="0.80" CC="1"/>
						<SP ID="P6_SP00140" HPOS="654" VPOS="1841" WIDTH="21"/>
						<String ID="P6_ST00159" HPOS="675" VPOS="1793" WIDTH="192" HEIGHT="50" CONTENT="grandit." WC="0.99" CC="42156010"/>
					</TextLine>
					<TextLine ID="P6_TL00020" HPOS="504" VPOS="1864" WIDTH="1871" HEIGHT="57">
						<String ID="P6_ST00160" HPOS="504" VPOS="1864" WIDTH="54" HEIGHT="41" CONTENT="Et" WC="0.81" CC="30"/>
						<SP ID="P6_SP00141" HPOS="558" VPOS="1905" WIDTH="29"/>
						<String ID="P6_ST00161" HPOS="587" VPOS="1883" WIDTH="112" HEIGHT="23" CONTENT="nous" WC="0.98" CC="4320"/>
						<SP ID="P6_SP00142" HPOS="699" VPOS="1906" WIDTH="26"/>
						<String ID="P6_ST00162" HPOS="725" VPOS="1884" WIDTH="143" HEIGHT="23" CONTENT="avons" WC="0.99" CC="00040"/>
						<SP ID="P6_SP00143" HPOS="868" VPOS="1907" WIDTH="29"/>
						<String ID="P6_ST00163" HPOS="897" VPOS="1870" WIDTH="25" HEIGHT="37" CONTENT="à" WC="0.32" CC="6"/>
						<SP ID="P6_SP00144" HPOS="922" VPOS="1907" WIDTH="28"/>
						<String ID="P6_ST00164" HPOS="950" VPOS="1870" WIDTH="144" HEIGHT="38" CONTENT="suivre" WC="1.00" CC="001030"/>
						<SP ID="P6_SP00145" HPOS="1094" VPOS="1908" WIDTH="28"/>
						<String ID="P6_ST00165" HPOS="1122" VPOS="1886" WIDTH="110" HEIGHT="23" CONTENT="avec" WC="0.99" CC="0600"/>
						<SP ID="P6_SP00146" HPOS="1232" VPOS="1909" WIDTH="29"/>
						<String ID="P6_ST00166" HPOS="1261" VPOS="1869" WIDTH="216" HEIGHT="40" CONTENT="méthode" WC="1.00" CC="0006000"/>
						<SP ID="P6_SP00147" HPOS="1477" VPOS="1909" WIDTH="26"/>
						<String ID="P6_ST00167" HPOS="1503" VPOS="1870" WIDTH="61" HEIGHT="40" CONTENT="les" WC="1.00" CC="100"/>
						<SP ID="P6_SP00148" HPOS="1564" VPOS="1910" WIDTH="28"/>
						<String ID="P6_ST00168" HPOS="1592" VPOS="1870" WIDTH="268" HEIGHT="40" CONTENT="indications" WC="1.00" CC="51030000040"/>
						<SP ID="P6_SP00149" HPOS="1860" VPOS="1910" WIDTH="27"/>
						<String ID="P6_ST00169" HPOS="1887" VPOS="1873" WIDTH="72" HEIGHT="47" CONTENT="qui" WC="0.96" CC="054"/>
						<SP ID="P6_SP00150" HPOS="1959" VPOS="1920" WIDTH="27"/>
						<String ID="P6_ST00170" HPOS="1986" VPOS="1888" WIDTH="46" HEIGHT="23" CONTENT="se" WC="0.97" CC="00"/>
						<SP ID="P6_SP00151" HPOS="2032" VPOS="1920" WIDTH="31"/>
						<String ID="P6_ST00171" HPOS="2063" VPOS="1871" WIDTH="225" HEIGHT="50" CONTENT="dégagent" WC="1.00" CC="00000000"/>
						<SP ID="P6_SP00152" HPOS="2288" VPOS="1921" WIDTH="30"/>
						<String ID="P6_ST00172" HPOS="2318" VPOS="1871" WIDTH="57" HEIGHT="41" CONTENT="de" WC="1.00" CC="00"/>
					</TextLine>
					<TextLine ID="P6_TL00021" HPOS="371" VPOS="1937" WIDTH="2002" HEIGHT="55">
						<String ID="P6_ST00173" HPOS="371" VPOS="1937" WIDTH="10" HEIGHT="39" CONTENT="I" WC="0.19" CC="8"/>
						<SP ID="P6_SP00153" HPOS="381" VPOS="1976" WIDTH="23"/>
						<String ID="P6_ST00174" HPOS="404" VPOS="1938" WIDTH="135" HEIGHT="40" CONTENT="étude" WC="0.98" CC="56000"/>
						<SP ID="P6_SP00154" HPOS="539" VPOS="1978" WIDTH="24"/>
						<String ID="P6_ST00175" HPOS="563" VPOS="1939" WIDTH="56" HEIGHT="39" CONTENT="de" WC="1.00" CC="00"/>
						<SP ID="P6_SP00155" HPOS="619" VPOS="1978" WIDTH="22"/>
						<String ID="P6_ST00176" HPOS="641" VPOS="1956" WIDTH="71" HEIGHT="23" CONTENT="ces" WC="1.00" CC="000"/>
						<SP ID="P6_SP00156" HPOS="712" VPOS="1979" WIDTH="24"/>
						<String ID="P6_ST00177" HPOS="736" VPOS="1939" WIDTH="232" HEIGHT="41" CONTENT="différents" WC="0.99" CC="0400064600"/>
						<SP ID="P6_SP00157" HPOS="968" VPOS="1980" WIDTH="22"/>
						<String ID="P6_ST00178" HPOS="990" VPOS="1952" WIDTH="208" HEIGHT="29" CONTENT="courants" WC="0.99" CC="00450500"/>
						<SP ID="P6_SP00158" HPOS="1198" VPOS="1981" WIDTH="22"/>
						<String ID="P6_ST00179" HPOS="1220" VPOS="1945" WIDTH="252" HEIGHT="44" CONTENT="extérieurs," WC="1.00" CC="00005306002"/>
						<SP ID="P6_SP00159" HPOS="1472" VPOS="1989" WIDTH="26"/>
						<String ID="P6_ST00180" HPOS="1498" VPOS="1960" WIDTH="113" HEIGHT="32" CONTENT="pour" WC="0.98" CC="0044"/>
						<SP ID="P6_SP00160" HPOS="1611" VPOS="1992" WIDTH="24"/>
						<String ID="P6_ST00181" HPOS="1635" VPOS="1946" WIDTH="227" HEIGHT="46" CONTENT="organiser" WC="0.99" CC="049063000"/>
						<SP ID="P6_SP00161" HPOS="1862" VPOS="1992" WIDTH="24"/>
						<String ID="P6_ST00182" HPOS="1886" VPOS="1954" WIDTH="43" HEIGHT="30" CONTENT="et" WC="1.00" CC="00"/>
						<SP ID="P6_SP00162" HPOS="1929" VPOS="1992" WIDTH="21"/>
						<String ID="P6_ST00183" HPOS="1950" VPOS="1946" WIDTH="127" HEIGHT="38" CONTENT="créeé" WC="1.00" CC="00000"/>
						<SP ID="P6_SP00163" HPOS="2077" VPOS="1992" WIDTH="25"/>
						<String ID="P6_ST00184" HPOS="2102" VPOS="1944" WIDTH="78" HEIGHT="40" CONTENT="des" WC="1.00" CC="000"/>
						<SP ID="P6_SP00164" HPOS="2180" VPOS="1992" WIDTH="26"/>
						<String ID="P6_ST00185" HPOS="2206" VPOS="1959" WIDTH="22" HEIGHT="26" CONTENT="«" WC="0.39" CC="6"/>
						<SP ID="P6_SP00165" HPOS="2228" VPOS="1992" WIDTH="27"/>
						<String ID="P6_ST00186" HPOS="2255" VPOS="1954" WIDTH="118" HEIGHT="31" CONTENT="touts" WC="0.91" CC="00301"/>
					</TextLine>
					<TextLine ID="P6_TL00022" HPOS="371" VPOS="2010" WIDTH="253" HEIGHT="41">
						<String ID="P6_ST00187" HPOS="371" VPOS="2010" WIDTH="182" HEIGHT="41" CONTENT="urbains" WC="1.00" CC="0100400"/>
						<SP ID="P6_SP00166" HPOS="553" VPOS="2051" WIDTH="31"/>
						<String ID="P6_ST00188" HPOS="584" VPOS="2027" WIDTH="40" HEIGHT="24" CONTENT="»." WC="0.53" CC="53"/>
					</TextLine>
					<TextLine ID="P6_TL00023" HPOS="508" VPOS="2083" WIDTH="1866" HEIGHT="56">
						<String ID="P6_ST00189" HPOS="508" VPOS="2100" WIDTH="22" HEIGHT="23" CONTENT="«" WC="0.51" CC="4"/>
						<SP ID="P6_SP00167" HPOS="530" VPOS="2123" WIDTH="30"/>
						<String ID="P6_ST00190" HPOS="560" VPOS="2083" WIDTH="140" HEIGHT="41" CONTENT="Touts" WC="0.94" CC="02000"/>
						<SP ID="P6_SP00168" HPOS="700" VPOS="2124" WIDTH="26"/>
						<String ID="P6_ST00191" HPOS="726" VPOS="2084" WIDTH="182" HEIGHT="42" CONTENT="urbains" WC="1.00" CC="6000001"/>
						<SP ID="P6_SP00169" HPOS="908" VPOS="2126" WIDTH="28"/>
						<String ID="P6_ST00192" HPOS="936" VPOS="2101" WIDTH="22" HEIGHT="25" CONTENT="»" WC="0.45" CC="5"/>
						<SP ID="P6_SP00170" HPOS="958" VPOS="2126" WIDTH="34"/>
						<String ID="P6_ST00193" HPOS="992" VPOS="2090" WIDTH="71" HEIGHT="46" CONTENT="qui" WC="0.96" CC="063"/>
						<SP ID="P6_SP00171" HPOS="1063" VPOS="2136" WIDTH="26"/>
						<String ID="P6_ST00194" HPOS="1089" VPOS="2104" WIDTH="56" HEIGHT="23" CONTENT="ne" WC="1.00" CC="00"/>
						<SP ID="P6_SP00172" HPOS="1145" VPOS="2136" WIDTH="27"/>
						<String ID="P6_ST00195" HPOS="1172" VPOS="2098" WIDTH="150" HEIGHT="30" CONTENT="seront" WC="0.99" CC="006000"/>
						<SP ID="P6_SP00173" HPOS="1322" VPOS="2136" WIDTH="26"/>
						<String ID="P6_ST00196" HPOS="1348" VPOS="2105" WIDTH="81" HEIGHT="32" CONTENT="pas" WC="1.00" CC="000"/>
						<SP ID="P6_SP00174" HPOS="1429" VPOS="2137" WIDTH="28"/>
						<String ID="P6_ST00197" HPOS="1457" VPOS="2088" WIDTH="77" HEIGHT="40" CONTENT="des" WC="1.00" CC="000"/>
						<SP ID="P6_SP00175" HPOS="1534" VPOS="2137" WIDTH="27"/>
						<String ID="P6_ST00198" HPOS="1561" VPOS="2088" WIDTH="283" HEIGHT="49" CONTENT="agglomérés" WC="0.99" CC="0904100500"/>
						<SP ID="P6_SP00176" HPOS="1844" VPOS="2137" WIDTH="29"/>
						<String ID="P6_ST00199" HPOS="1873" VPOS="2089" WIDTH="56" HEIGHT="41" CONTENT="de" WC="1.00" CC="00"/>
						<SP ID="P6_SP00177" HPOS="1929" VPOS="2137" WIDTH="26"/>
						<String ID="P6_ST00200" HPOS="1955" VPOS="2092" WIDTH="70" HEIGHT="38" CONTENT="vie" WC="0.98" CC="040"/>
						<SP ID="P6_SP00178" HPOS="2025" VPOS="2137" WIDTH="30"/>
						<String ID="P6_ST00201" HPOS="2055" VPOS="2093" WIDTH="141" HEIGHT="46" CONTENT="épars," WC="0.91" CC="000301"/>
						<SP ID="P6_SP00179" HPOS="2196" VPOS="2139" WIDTH="34"/>
						<String ID="P6_ST00202" HPOS="2230" VPOS="2093" WIDTH="120" HEIGHT="37" CONTENT="étran" SUBS_TYPE="HypPart1" SUBS_CONTENT="étrangers" WC="0.99" CC="00602"/>
						<HYP HPOS="2350" VPOS="2093" WIDTH="24" CONTENT="-"/>
					</TextLine>
					<TextLine ID="P6_TL00024" HPOS="371" VPOS="2156" WIDTH="2003" HEIGHT="57">
						<String ID="P6_ST00203" HPOS="371" VPOS="2172" WIDTH="99" HEIGHT="32" CONTENT="gers" SUBS_TYPE="HypPart2" SUBS_CONTENT="étrangers" WC="0.99" CC="0050"/>
						<SP ID="P6_SP00180" HPOS="470" VPOS="2204" WIDTH="26"/>
						<String ID="P6_ST00204" HPOS="496" VPOS="2159" WIDTH="24" HEIGHT="37" CONTENT="à" WC="0.27" CC="7"/>
						<SP ID="P6_SP00181" HPOS="520" VPOS="2204" WIDTH="28"/>
						<String ID="P6_ST00205" HPOS="548" VPOS="2156" WIDTH="10" HEIGHT="40" CONTENT="1" WC="0.99" CC="0"/>
						<SP ID="P6_SP00182" HPOS="558" VPOS="2204" WIDTH="22"/>
						<String ID="P6_ST00206" HPOS="580" VPOS="2156" WIDTH="237" HEIGHT="42" CONTENT="ambiance" WC="0.99" CC="00030640"/>
						<SP ID="P6_SP00183" HPOS="817" VPOS="2204" WIDTH="26"/>
						<String ID="P6_ST00207" HPOS="843" VPOS="2161" WIDTH="218" HEIGHT="39" CONTENT="existante" WC="1.00" CC="107000200"/>
						<SP ID="P6_SP00184" HPOS="1061" VPOS="2204" WIDTH="28"/>
						<String ID="P6_ST00208" HPOS="1089" VPOS="2160" WIDTH="59" HEIGHT="39" CONTENT="du" WC="0.66" CC="06"/>
						<SP ID="P6_SP00185" HPOS="1148" VPOS="2204" WIDTH="26"/>
						<String ID="P6_ST00209" HPOS="1174" VPOS="2171" WIDTH="216" HEIGHT="36" CONTENT="moment," WC="0.99" CC="0000602"/>
						<SP ID="P6_SP00186" HPOS="1390" VPOS="2207" WIDTH="31"/>
						<String ID="P6_ST00210" HPOS="1421" VPOS="2164" WIDTH="110" HEIGHT="37" CONTENT="mais" WC="0.99" CC="0030"/>
						<SP ID="P6_SP00187" HPOS="1531" VPOS="2207" WIDTH="27"/>
						<String ID="P6_ST00211" HPOS="1558" VPOS="2164" WIDTH="72" HEIGHT="46" CONTENT="qui" WC="0.97" CC="034"/>
						<SP ID="P6_SP00188" HPOS="1630" VPOS="2210" WIDTH="27"/>
						<String ID="P6_ST00212" HPOS="1657" VPOS="2173" WIDTH="151" HEIGHT="29" CONTENT="seront" WC="0.99" CC="005350"/>
						<SP ID="P6_SP00189" HPOS="1808" VPOS="2210" WIDTH="27"/>
						<String ID="P6_ST00213" HPOS="1835" VPOS="2162" WIDTH="79" HEIGHT="40" CONTENT="des" WC="1.00" CC="000"/>
						<SP ID="P6_SP00190" HPOS="1914" VPOS="2210" WIDTH="31"/>
						<String ID="P6_ST00214" HPOS="1945" VPOS="2177" WIDTH="21" HEIGHT="26" CONTENT="«" WC="0.41" CC="5"/>
						<SP ID="P6_SP00191" HPOS="1966" VPOS="2210" WIDTH="30"/>
						<String ID="P6_ST00215" HPOS="1996" VPOS="2173" WIDTH="119" HEIGHT="30" CONTENT="touts" WC="0.90" CC="03100"/>
						<SP ID="P6_SP00192" HPOS="2115" VPOS="2210" WIDTH="27"/>
						<String ID="P6_ST00216" HPOS="2142" VPOS="2175" WIDTH="19" HEIGHT="22" CONTENT="&gt;" WC="1.00" CC="9"/>
						<SP ID="P6_SP00193" HPOS="2161" VPOS="2210" WIDTH="27"/>
						<String ID="P6_ST00217" HPOS="2188" VPOS="2163" WIDTH="186" HEIGHT="50" CONTENT="baignés" WC="0.99" CC="0050500"/>
					</TextLine>
					<TextLine ID="P6_TL00025" HPOS="372" VPOS="2229" WIDTH="1933" HEIGHT="52">
						<String ID="P6_ST00218" HPOS="372" VPOS="2245" WIDTH="82" HEIGHT="32" CONTENT="par" WC="0.99" CC="003"/>
						<SP ID="P6_SP00194" HPOS="454" VPOS="2277" WIDTH="27"/>
						<String ID="P6_ST00219" HPOS="481" VPOS="2245" WIDTH="87" HEIGHT="24" CONTENT="une" WC="0.97" CC="501"/>
						<SP ID="P6_SP00195" HPOS="568" VPOS="2277" WIDTH="28"/>
						<String ID="P6_ST00220" HPOS="596" VPOS="2229" WIDTH="234" HEIGHT="41" CONTENT="harmonie" WC="1.00" CC="00201510"/>
						<SP ID="P6_SP00196" HPOS="830" VPOS="2277" WIDTH="25"/>
						<String ID="P6_ST00221" HPOS="855" VPOS="2231" WIDTH="137" HEIGHT="40" CONTENT="vitale" WC="0.99" CC="030040"/>
						<SP ID="P6_SP00197" HPOS="992" VPOS="2277" WIDTH="28"/>
						<String ID="P6_ST00222" HPOS="1020" VPOS="2242" WIDTH="42" HEIGHT="29" CONTENT="et" WC="1.00" CC="00"/>
						<SP ID="P6_SP00198" HPOS="1062" VPOS="2277" WIDTH="27"/>
						<String ID="P6_ST00223" HPOS="1089" VPOS="2234" WIDTH="73" HEIGHT="47" CONTENT="qui" WC="0.98" CC="023"/>
						<SP ID="P6_SP00199" HPOS="1162" VPOS="2281" WIDTH="28"/>
						<String ID="P6_ST00224" HPOS="1190" VPOS="2233" WIDTH="282" HEIGHT="48" CONTENT="répondront" WC="1.00" CC="1003100050"/>
						<SP ID="P6_SP00200" HPOS="1472" VPOS="2281" WIDTH="26"/>
						<String ID="P6_ST00225" HPOS="1498" VPOS="2250" WIDTH="87" HEIGHT="24" CONTENT="aux" WC="0.99" CC="030"/>
						<SP ID="P6_SP00201" HPOS="1585" VPOS="2281" WIDTH="26"/>
						<String ID="P6_ST00226" HPOS="1611" VPOS="2236" WIDTH="264" HEIGHT="38" CONTENT="excitations" WC="1.00" CC="00020000000"/>
						<SP ID="P6_SP00202" HPOS="1875" VPOS="2281" WIDTH="28"/>
						<String ID="P6_ST00227" HPOS="1903" VPOS="2234" WIDTH="58" HEIGHT="41" CONTENT="de" WC="1.00" CC="00"/>
						<SP ID="P6_SP00203" HPOS="1961" VPOS="2281" WIDTH="27"/>
						<String ID="P6_ST00228" HPOS="1988" VPOS="2251" WIDTH="70" HEIGHT="24" CONTENT="ses" WC="1.00" CC="000"/>
						<SP ID="P6_SP00204" HPOS="2058" VPOS="2281" WIDTH="26"/>
						<String ID="P6_ST00229" HPOS="2084" VPOS="2246" WIDTH="221" HEIGHT="30" CONTENT="courants." WC="0.99" CC="016306002"/>
					</TextLine>
					<TextLine ID="P6_TL00026" HPOS="506" VPOS="2301" WIDTH="1870" HEIGHT="53">
						<String ID="P6_ST00230" HPOS="506" VPOS="2301" WIDTH="212" HEIGHT="50" CONTENT="Aujourd" WC="0.70" CC="2620530"/>
						<SP ID="P6_SP00205" HPOS="718" VPOS="2351" WIDTH="20"/>
						<String ID="P6_ST00231" HPOS="738" VPOS="2301" WIDTH="87" HEIGHT="47" CONTENT="hui," WC="0.80" CC="0034"/>
						<SP ID="P6_SP00206" HPOS="825" VPOS="2351" WIDTH="31"/>
						<String ID="P6_ST00232" HPOS="856" VPOS="2319" WIDTH="179" HEIGHT="24" CONTENT="comme" WC="1.00" CC="00003"/>
						<SP ID="P6_SP00207" HPOS="1035" VPOS="2351" WIDTH="26"/>
						<String ID="P6_ST00233" HPOS="1061" VPOS="2304" WIDTH="57" HEIGHT="40" CONTENT="de" WC="1.00" CC="00"/>
						<SP ID="P6_SP00208" HPOS="1118" VPOS="2351" WIDTH="27"/>
						<String ID="P6_ST00234" HPOS="1145" VPOS="2315" WIDTH="97" HEIGHT="30" CONTENT="tout" WC="0.98" CC="0440"/>
						<SP ID="P6_SP00209" HPOS="1242" VPOS="2351" WIDTH="27"/>
						<String ID="P6_ST00235" HPOS="1269" VPOS="2316" WIDTH="158" HEIGHT="38" CONTENT="temps," WC="1.00" CC="000003"/>
						<SP ID="P6_SP00210" HPOS="1427" VPOS="2354" WIDTH="31"/>
						<String ID="P6_ST00236" HPOS="1458" VPOS="2305" WIDTH="115" HEIGHT="41" CONTENT="seuls" WC="0.99" CC="00220"/>
						<SP ID="P6_SP00211" HPOS="1573" VPOS="2354" WIDTH="26"/>
						<String ID="P6_ST00237" HPOS="1599" VPOS="2323" WIDTH="73" HEIGHT="23" CONTENT="ces" WC="1.00" CC="000"/>
						<SP ID="P6_SP00212" HPOS="1672" VPOS="2354" WIDTH="26"/>
						<String ID="P6_ST00238" HPOS="1698" VPOS="2318" WIDTH="209" HEIGHT="29" CONTENT="courants" WC="1.00" CC="00300300"/>
						<SP ID="P6_SP00213" HPOS="1907" VPOS="2354" WIDTH="26"/>
						<String ID="P6_ST00239" HPOS="1933" VPOS="2318" WIDTH="102" HEIGHT="30" CONTENT="sont" WC="1.00" CC="0000"/>
						<SP ID="P6_SP00214" HPOS="2035" VPOS="2354" WIDTH="28"/>
						<String ID="P6_ST00240" HPOS="2063" VPOS="2307" WIDTH="261" HEIGHT="41" CONTENT="favorables" WC="1.00" CC="5000000500"/>
						<SP ID="P6_SP00215" HPOS="2324" VPOS="2354" WIDTH="26"/>
						<String ID="P6_ST00241" HPOS="2350" VPOS="2310" WIDTH="26" HEIGHT="37" CONTENT="à" WC="0.28" CC="7"/>
					</TextLine>
					<TextLine ID="P6_TL00027" HPOS="371" VPOS="2374" WIDTH="2005" HEIGHT="55">
						<String ID="P6_ST00242" HPOS="371" VPOS="2388" WIDTH="28" HEIGHT="23" CONTENT="n" WC="1.00" CC="0"/>
						<SP ID="P6_SP00216" HPOS="399" VPOS="2411" WIDTH="22"/>
						<String ID="P6_ST00243" HPOS="421" VPOS="2375" WIDTH="193" HEIGHT="47" CONTENT="importe" WC="1.00" CC="2000001"/>
						<SP ID="P6_SP00217" HPOS="614" VPOS="2422" WIDTH="51"/>
						<String ID="P6_ST00244" HPOS="665" VPOS="2374" WIDTH="167" HEIGHT="49" CONTENT="quelles" WC="0.99" CC="0505400"/>
						<SP ID="P6_SP00218" HPOS="832" VPOS="2423" WIDTH="66"/>
						<String ID="P6_ST00245" HPOS="898" VPOS="2376" WIDTH="358" HEIGHT="41" CONTENT="manifestations" WC="1.00" CC="00334004002061"/>
						<SP ID="P6_SP00219" HPOS="1256" VPOS="2423" WIDTH="50"/>
						<String ID="P6_ST00246" HPOS="1306" VPOS="2377" WIDTH="58" HEIGHT="41" CONTENT="du" WC="0.78" CC="04"/>
						<SP ID="P6_SP00220" HPOS="1364" VPOS="2423" WIDTH="68"/>
						<String ID="P6_ST00247" HPOS="1432" VPOS="2378" WIDTH="385" HEIGHT="51" CONTENT="développement" WC="1.00" CC="0000000000060"/>
						<SP ID="P6_SP00221" HPOS="1817" VPOS="2429" WIDTH="50"/>
						<String ID="P6_ST00248" HPOS="1867" VPOS="2379" WIDTH="79" HEIGHT="41" CONTENT="des" WC="1.00" CC="000"/>
						<SP ID="P6_SP00222" HPOS="1946" VPOS="2429" WIDTH="48"/>
						<String ID="P6_ST00249" HPOS="1994" VPOS="2379" WIDTH="382" HEIGHT="50" CONTENT="agglomérations" WC="1.00" CC="00040000005000"/>
					</TextLine>
					<TextLine ID="P6_TL00028" HPOS="372" VPOS="2444" WIDTH="252" HEIGHT="42">
						<String ID="P6_ST00250" HPOS="372" VPOS="2444" WIDTH="252" HEIGHT="42" CONTENT="humaines!" WC="1.00" CC="700031000"/>
					</TextLine>
					<TextLine ID="P6_TL00029" HPOS="507" VPOS="2516" WIDTH="1868" HEIGHT="56">
						<String ID="P6_ST00251" HPOS="507" VPOS="2516" WIDTH="37" HEIGHT="40" CONTENT="C" WC="1.00" CC="0"/>
						<SP ID="P6_SP00223" HPOS="544" VPOS="2556" WIDTH="21"/>
						<String ID="P6_ST00252" HPOS="565" VPOS="2529" WIDTH="64" HEIGHT="29" CONTENT="est" WC="1.00" CC="000"/>
						<SP ID="P6_SP00224" HPOS="629" VPOS="2558" WIDTH="27"/>
						<String ID="P6_ST00253" HPOS="656" VPOS="2521" WIDTH="25" HEIGHT="37" CONTENT="à" WC="0.25" CC="7"/>
						<SP ID="P6_SP00225" HPOS="681" VPOS="2558" WIDTH="28"/>
						<String ID="P6_ST00254" HPOS="709" VPOS="2535" WIDTH="112" HEIGHT="24" CONTENT="nous" WC="0.98" CC="0061"/>
						<SP ID="P6_SP00226" HPOS="821" VPOS="2559" WIDTH="28"/>
						<String ID="P6_ST00255" HPOS="849" VPOS="2522" WIDTH="25" HEIGHT="37" CONTENT="à" WC="0.26" CC="7"/>
						<SP ID="P6_SP00227" HPOS="874" VPOS="2559" WIDTH="29"/>
						<String ID="P6_ST00256" HPOS="903" VPOS="2519" WIDTH="61" HEIGHT="40" CONTENT="les" WC="0.98" CC="500"/>
						<SP ID="P6_SP00228" HPOS="964" VPOS="2559" WIDTH="27"/>
						<String ID="P6_ST00257" HPOS="991" VPOS="2523" WIDTH="293" HEIGHT="49" CONTENT="envisager..." WC="1.00" CC="050500003023"/>
						<SP ID="P6_SP00229" HPOS="1284" VPOS="2572" WIDTH="32"/>
						<String ID="P6_ST00258" HPOS="1316" VPOS="2533" WIDTH="44" HEIGHT="30" CONTENT="et" WC="1.00" CC="00"/>
						<SP ID="P6_SP00230" HPOS="1360" VPOS="2572" WIDTH="25"/>
						<String ID="P6_ST00259" HPOS="1385" VPOS="2540" WIDTH="113" HEIGHT="24" CONTENT="nous" WC="0.98" CC="0060"/>
						<SP ID="P6_SP00231" HPOS="1498" VPOS="2572" WIDTH="28"/>
						<String ID="P6_ST00260" HPOS="1526" VPOS="2526" WIDTH="251" HEIGHT="39" CONTENT="arriverons" WC="1.00" CC="0205000050"/>
						<SP ID="P6_SP00232" HPOS="1777" VPOS="2572" WIDTH="28"/>
						<String ID="P6_ST00261" HPOS="1805" VPOS="2527" WIDTH="26" HEIGHT="38" CONTENT="à" WC="0.28" CC="7"/>
						<SP ID="P6_SP00233" HPOS="1831" VPOS="2572" WIDTH="27"/>
						<String ID="P6_ST00262" HPOS="1858" VPOS="2524" WIDTH="256" HEIGHT="42" CONTENT="collaborer" WC="0.99" CC="6645000401"/>
						<SP ID="P6_SP00234" HPOS="2114" VPOS="2572" WIDTH="26"/>
						<String ID="P6_ST00263" HPOS="2140" VPOS="2542" WIDTH="111" HEIGHT="23" CONTENT="avec" WC="1.00" CC="0000"/>
						<SP ID="P6_SP00235" HPOS="2251" VPOS="2572" WIDTH="26"/>
						<String ID="P6_ST00264" HPOS="2277" VPOS="2525" WIDTH="74" HEIGHT="40" CONTENT="har" SUBS_TYPE="HypPart1" SUBS_CONTENT="harmonie" WC="0.98" CC="004"/>
						<HYP HPOS="2351" VPOS="2525" WIDTH="24" CONTENT="-"/>
					</TextLine>
					<TextLine ID="P6_TL00030" HPOS="373" VPOS="2590" WIDTH="739" HEIGHT="51">
						<String ID="P6_ST00265" HPOS="373" VPOS="2591" WIDTH="151" HEIGHT="38" CONTENT="monie" SUBS_TYPE="HypPart2" SUBS_CONTENT="harmonie" WC="0.99" CC="00242"/>
						<SP ID="P6_SP00236" HPOS="524" VPOS="2629" WIDTH="25"/>
						<String ID="P6_ST00266" HPOS="549" VPOS="2592" WIDTH="26" HEIGHT="37" CONTENT="à" WC="0.22" CC="7"/>
						<SP ID="P6_SP00237" HPOS="575" VPOS="2629" WIDTH="27"/>
						<String ID="P6_ST00267" HPOS="602" VPOS="2590" WIDTH="10" HEIGHT="39" CONTENT="1" WC="0.67" CC="3"/>
						<SP ID="P6_SP00238" HPOS="612" VPOS="2629" WIDTH="23"/>
						<String ID="P6_ST00268" HPOS="635" VPOS="2590" WIDTH="231" HEIGHT="42" CONTENT="évolution" WC="0.99" CC="002600665"/>
						<SP ID="P6_SP00239" HPOS="866" VPOS="2632" WIDTH="26"/>
						<String ID="P6_ST00269" HPOS="892" VPOS="2592" WIDTH="220" HEIGHT="49" CONTENT="générale." WC="1.00" CC="000000301"/>
					</TextLine>
				</TextBlock>
				<TextBlock ID="P6_TB00006" HPOS="1862" VPOS="2685" WIDTH="439" HEIGHT="51" STYLEREFS="TXT_3 PAR_RIGHT">
					<TextLine ID="P6_TL00031" HPOS="1863" VPOS="2685" WIDTH="438" HEIGHT="51">
						<String ID="P6_ST00270" HPOS="1863" VPOS="2686" WIDTH="111" HEIGHT="50" CONTENT="Jean" WC="0.97" CC="4064"/>
						<SP ID="P6_SP00240" HPOS="1974" VPOS="2736" WIDTH="29"/>
						<String ID="P6_ST00271" HPOS="2003" VPOS="2685" WIDTH="79" HEIGHT="43" CONTENT="DE" WC="0.68" CC="06"/>
						<SP ID="P6_SP00241" HPOS="2082" VPOS="2736" WIDTH="28"/>
						<String ID="P6_ST00272" HPOS="2110" VPOS="2686" WIDTH="191" HEIGHT="42" CONTENT="LIGNE." WC="0.98" CC="653060"/>
					</TextLine>
				</TextBlock>
			</PrintSpace>
		</Page>
	</Layout>
</alto>
