2537 4000
2019 305 70 48 33

323 448 71 52 its
455 449 236 65 history,
757 451 94 49 the
914 453 200 49 nature
1159 451 59 51 of
1260 455 389 60 quarter-tone
1693 449 389 60 instruments,

324 522 181 52 music
548 523 225 51 written
816 522 90 51 for
949 523 94 53 the
1085 528 389 60 quarter-tone
1518 524 166 58 scale,
1730 523 112 48 and
1888 522 195 63 taking

324 612 78 50 up
454 597 228 51 various
736 597 190 65 points
980 597 61 51 of
1091 597 474 52 harmonization.
1658 595 260 65 Analysis
1970 597 114 49 and

323 669 306 64 synthesis;
668 670 240 50 modern
948 669 198 53 efforts
1185 687 151 35 seem
1375 674 57 47 to
1470 672 71 49 be
1578 669 231 62 moving
1847 668 60 51 in
1943 669 139 50 both

323 743 305 52 directions
681 743 493 65 simultaneously;
1227 744 113 51 and
1391 748 58 47 to
1500 744 162 51 those
1712 744 132 48 who
1897 740 187 65 object

593 816 96 51 the
769 820 387 60 quarter-tone
1540 819 95 50 the
1716 832 222 35 answer
2018 815 65 57 is,

323 889 316 65 obviously,
856 904 239 50 prepare
1141 891 94 51 the
1279 907 129 49 way
1455 890 88 52 for
1589 891 95 51 the
1733 890 355 64 eighth-tone

538 1001 95 11 ...
663 963 65 49 In
756 963 94 49 the
877 963 165 49 ninth
1070 965 242 50 number
1340 964 214 51 Lothar
1584 964 276 63 Schreyer
1886 961 197 64 begins

320 1051 77 35 an
439 1036 194 51 article
673 1051 75 35 on
789 1036 121 51 The
950 1035 193 53 Word.
1221 1039 122 49 The
1383 1037 257 64 drawing
1681 1036 62 51 of
1781 1036 119 51 fine
1940 1035 144 51 lines

323 1124 183 37 seems
540 1110 273 63 pointless
854 1111 223 65 enough
1117 1128 76 49 up
1231 1117 60 45 to
1328 1112 149 59 date;
1521 1128 106 34 one
1664 1115 117 61 gets
1822 1111 232 50 exhaust-

324 1182 149 65 ively
531 1183 155 51 what
746 1199 108 34 one
912 1185 229 65 already
1201 1186 166 50 knew
1428 1185 241 51 without
1728 1183 358 53 exhaustion.

767 1257 135 51 does
935 1262 100 46 not
1067 1272 211 50 appear
1311 1258 60 50 in
1404 1257 112 52 this
1550 1257 127 52 first
1707 1257 372 57 installment;

322 1333 109 60 yet,
463 1332 205 61 surely,
696 1331 125 49 that
847 1331 47 51 is
925 1331 94 51 the
1048 1331 263 52 essential
1338 1335 222 56 matter,
1589 1332 95 51 the
1714 1336 161 47 exact
1903 1331 181 62 fixing

323 1402 61 51 of
426 1403 161 51 those
632 1403 223 62 regions
900 1403 250 52 wherein
1194 1406 94 49 the
1333 1404 158 50 word
1536 1404 48 51 is
1627 1403 183 52 man's
1857 1407 229 48 servant

322 1478 114 48 and
466 1477 190 49 where
685 1477 42 49 it
756 1477 46 52 is
831 1476 89 52 his
949 1481 226 47 master.
1207 1477 182 52 Man's
1419 1477 259 51 business
1710 1477 46 51 is
1785 1476 299 66 primarily

322 1551 123 49 that
474 1549 62 51 of
564 1551 96 50 the
690 1552 206 62 slayer;
929 1551 45 50 is
1006 1556 101 45 not
1136 1552 94 51 the
1259 1552 160 49 word
1449 1551 89 52 his
1571 1552 124 51 best
1723 1566 237 49 weapon
1992 1551 94 49 for

322 1624 95 51 the
469 1623 220 63 slaying
741 1623 61 49 of
853 1624 295 61 emotions,
1201 1625 76 64 by
1328 1624 374 64 transferring
1754 1625 158 51 them
1964 1625 122 50 into

320 1698 280 62 adequate
632 1697 188 52 ideas?
858 1698 95 60 Or,
985 1700 345 63 conversely,
1362 1699 96 51 the
1490 1699 159 50 word
1678 1703 125 47 cuts
1834 1698 249 62 through

320 1785 35 35 a
394 1775 158 59 great
588 1772 345 63 complexity
976 1772 61 50 of
1076 1772 172 59 ideas,
1288 1773 76 63 by
1404 1772 252 64 creating
1697 1788 75 36 an
1813 1772 273 50 emotion.

324 1844 52 49 If
412 1860 105 35 our
550 1845 355 64 prognostics
943 1860 96 37 are
1072 1850 231 55 correct,
1343 1845 147 51 Herr
1526 1846 274 64 Schreyer
1838 1846 46 51 is
1921 1844 167 66 going

322 1923 57 45 to
422 1916 217 52 discuss
680 1935 77 35 an
795 1921 225 63 equally
1061 1920 315 65 promising
1415 1924 207 60 aspect,
1665 1920 284 50 however:
1990 1919 98 51 the

322 1991 258 51 function
616 1991 61 51 of
710 1992 96 51 the
840 1994 157 49 word
1034 1996 59 47 to
1126 1992 249 53 staticize
1408 2009 33 34 a
1475 1992 322 59 transition;
1836 1998 58 45 at
1924 1994 162 57 least,

322 2066 95 50 the
454 2065 194 52 article
686 2067 139 50 ends
864 2081 75 35 on
976 2067 123 51 that
1135 2071 148 47 note.
1359 2067 68 50 In
1463 2083 112 48 any
1611 2083 147 43 case,
1795 2067 135 50 here
1968 2066 45 51 is
2050 2083 36 33 a

323 2137 220 66 subject
576 2139 190 52 which
798 2140 123 59 has,
958 2155 75 48 up
1068 2145 59 46 to
1161 2140 112 52 this
1307 2140 154 62 time,
1496 2140 144 51 been
1674 2140 60 49 in
1767 2141 96 50 the
1897 2141 156 50 exclu-

322 2211 117 51 sive
469 2211 324 65 possession
822 2212 62 51 of
911 2211 419 66 philosophical
1358 2212 385 60 dictionaries;
1773 2230 85 34 we
1888 2217 199 60 expect

323 2285 112 50 Der
505 2286 191 51 Sturm
766 2290 59 47 to
892 2286 124 62 give
1085 2287 43 50 it
1195 2302 33 35 a
1297 2302 126 35 new
1493 2286 167 60 twist,
1731 2287 112 50 and
1914 2286 173 51 await

319 2360 245 50 number
605 2361 80 48 10.

1847 2434 62 49 K.
1948 2434 61 49 B.
