2537 4000
512 230 63 47 12

503 372 144 51 their
691 371 167 52 sloth.
924 370 110 51 She
1079 372 149 47 went
1274 367 88 50 for
1405 366 100 50 her
1551 366 98 48 hat
1695 363 110 50 and
1852 363 143 56 coat,
2042 362 114 48 and
2200 376 63 34 as

507 447 229 51 Hobbes
785 443 267 53 returned
1100 447 57 46 to
1207 441 94 51 the
1349 440 155 49 front
1551 454 161 34 room
1761 435 138 50 with
1951 432 306 60 Harowitz,

505 520 290 49 mumbled
854 515 317 63 something
1228 513 174 50 about
1460 511 167 63 being
1686 511 57 49 in
1800 525 33 34 a
1890 507 196 62 hurry,
2144 506 112 49 and

505 595 215 49 dashed
775 596 114 46 out.
981 589 228 50 Hobbes
1263 586 226 64 yanked
1543 601 33 34 a
1627 583 159 52 chair
1839 586 59 45 at
1949 577 308 59 Harowitz,

506 667 228 63 pointed
783 670 57 45 to
887 680 33 34 a
968 661 309 64 magazine,
1325 659 113 51 and
1487 662 152 47 went
1686 656 142 50 after
1876 653 220 51 Esther.
2182 650 75 50 As

506 742 67 48 he
614 755 158 36 came
811 742 100 46 out
949 736 119 50 into
1106 736 96 49 the
1241 732 267 58 blizzard,
1548 732 235 49 hat-less
1823 728 113 51 and
1975 724 282 59 coat-less,

507 816 69 50 he
623 812 166 52 could
839 826 90 35 see
976 807 238 63 nothing
1264 805 60 51 of
1371 805 118 50 her.
1578 803 245 58 Besides,
1871 802 72 48 he
1990 813 117 36 was
2157 800 100 46 not

503 884 409 65 exceptionally
946 880 318 51 interested.
1301 878 85 51 He
1419 878 268 49 returned
1721 880 57 47 to
1811 874 89 51 his
1936 873 322 63 apartment

505 960 213 63 slowly,
779 973 140 34 even
981 954 237 63 stopped
1280 953 59 49 in
1400 951 95 50 the
1556 950 144 50 dark
1762 948 230 50 kitchen
2051 960 33 35 a
2147 943 109 50 few

505 1034 279 50 moments
818 1030 113 50 and
967 1028 198 50 leaned
1202 1025 218 64 against
1454 1024 96 51 the
1583 1024 192 60 wall.*
1805 1021 161 51 Then
1999 1019 73 49 he
2106 1020 152 47 went

503 1110 57 46 to
606 1105 94 50 the
747 1104 155 49 front
948 1117 160 34 room
1156 1100 188 50 where
1392 1095 289 52 Harowitz
1729 1110 117 34 was
1893 1091 228 62 waiting
2167 1089 89 49 for

506 1179 133 49 him.

649 1247 287 52 Harowitz
978 1263 116 35 was
1132 1245 228 62 moving
1399 1244 175 49 about
1612 1242 95 50 the
1745 1255 178 43 room,
1962 1237 150 50 from
2149 1251 109 34 one

505 1325 181 51 island
738 1327 59 46 to
849 1322 255 50 another.
1197 1318 228 50 Hobbes
1496 1316 281 51 stretched
1849 1317 98 46 out
2016 1326 75 34 on
2161 1310 96 49 the

501 1397 199 60 couch,
741 1395 186 64 giving
969 1410 33 34 a
1042 1393 169 63 slight
1249 1395 169 59 grunt
1456 1388 189 51 which
1687 1404 115 34 was
1843 1404 33 33 a
1914 1385 244 50 mixture
2196 1382 64 50 of

503 1485 173 49 many
714 1468 188 64 things
936 1498 74 6 —
1046 1467 139 51 such
1222 1481 61 34 as
1320 1462 394 58 self-comfort,
1754 1461 94 51 the
1884 1456 274 64 necessity
2196 1454 62 51 of

503 1543 197 65 saying
745 1541 336 62 something,
1123 1537 381 65 disapproval,
1546 1533 240 64 nothing
1828 1537 57 46 at
1926 1532 75 49 all
2040 1561 74 6 —
2154 1529 103 50 but

508 1617 214 63 mainly
764 1614 306 65 composed
1114 1613 61 50 of
1218 1611 132 52 this:
1395 1611 124 49 that
1562 1608 230 51 Hobbes
1837 1605 113 51 had
1993 1603 268 65 planned,

503 1692 94 49 the
633 1693 133 47 next
803 1688 135 50 time
974 1688 72 50 he
1082 1684 188 52 would
1308 1699 89 35 see
1437 1680 306 60 Harowitz,
1781 1684 57 46 to
1874 1677 132 52 look
2041 1680 57 46 at
2134 1675 122 50 him

502 1763 267 63 abruptly
811 1762 113 49 and
966 1776 118 48 say,
1510 1755 157 50 what
1706 1754 189 50 would
1936 1766 113 49 you
2089 1748 168 52 think

502 1837 60 49 of
595 1852 33 34 a
661 1851 134 35 man
828 1834 131 50 who
991 1830 223 52 walked
1246 1829 118 51 into
1396 1843 144 50 your
1571 1828 196 59 house,
1800 1825 112 50 and
1943 1824 168 49 when
2142 1837 115 48 you

502 1908 230 52 weren't
770 1904 284 65 watching
1095 1905 121 48 him
1258 1905 149 48 went
1447 1901 119 51 into
1607 1915 143 49 your
1790 1896 311 65 cupboard,
2143 1895 112 50 and

502 1984 140 49 stole
690 1997 33 34 a
771 1979 170 52 drink
991 1978 61 50 of
1519 1973 290 50 Harowitz
1858 1985 151 36 wore
2060 1985 35 35 a
2143 1967 114 53 size

502 2055 151 64 eight
694 2055 153 57 shoe,
889 2051 219 52 carried
1150 2067 34 34 a
1223 2064 157 43 cane,
1423 2047 169 51 could
1635 2045 173 65 speak
1852 2044 137 49 both
2034 2041 222 52 French

501 2129 113 49 and
654 2127 245 51 German
940 2125 259 62 fluently.
1278 2121 102 51 His
1418 2120 101 51 left
1557 2135 99 48 eye
1696 2134 117 34 was
1853 2116 224 51 weaker
2116 2116 140 48 than

501 2201 87 51 his
633 2200 166 63 right,
844 2200 102 48 but
990 2201 99 47 not
1132 2197 225 61 enough
1401 2199 57 47 to
1501 2191 332 52 necessitate
1875 2190 89 50 his
2007 2187 250 64 wearing

501 2276 226 64 glasses.
804 2274 87 50 He
930 2287 117 35 was
1086 2275 101 46 not
1225 2267 264 59 married,
1531 2267 113 50 had
1683 2265 309 64 graduated
2032 2262 150 50 from
2223 2277 33 35 a

502 2351 108 48 law
657 2347 194 51 school
898 2361 207 48 magna
1152 2359 130 35 cum
1331 2342 182 61 laude,
1559 2340 113 49 and
1717 2340 120 49 also
1885 2337 165 50 knew
2101 2351 157 36 some

501 2421 263 65 Spanish.
844 2418 91 51 On
973 2418 87 50 his
1099 2414 269 53 mother's
1409 2413 118 52 side
1566 2413 71 50 he
1677 2427 117 36 was
1834 2414 101 47 not
1974 2409 104 50 full
2119 2408 136 51 Jew.

648 2502 79 51 Or
786 2501 248 63 perhaps
1096 2497 229 51 Hobbes
1386 2494 190 51 would
1639 2494 144 49 have
1844 2488 205 52 waited
2111 2486 145 50 until

502 2575 287 50 Harowitz
839 2573 114 50 had
1001 2572 186 62 begun
1236 2575 57 45 to
1344 2567 226 65 explain
1620 2563 335 62 something,
2006 2561 139 52 such
2194 2575 63 34 as

708 2646 311 64 perfection
1072 2643 61 50 of
1181 2642 350 62 machinery,
1580 2639 113 50 and
1762 2638 95 50 the
1908 2635 348 61 consequent

501 2719 438 66 large-quantity
981 2715 355 67 production,
1378 2715 103 50 has
1522 2714 165 50 made
1726 2727 120 34 war
1885 2726 75 35 an
1999 2708 259 51 absolute

501 2794 275 64 necessity
825 2793 90 49 for
962 2792 96 50 the
1106 2789 126 51 first
1278 2788 135 51 time
1460 2787 59 50 in
1565 2785 95 51 the
1708 2782 227 52 world's

501 2869 161 51 Then
712 2867 231 50 Hobbes
996 2864 189 51 would
1240 2877 236 43 answer,
1744 2855 305 59 Harowitz,
2101 2851 156 66 quite

502 2942 164 62 right,
694 2940 103 50 but
823 2939 155 50 what
1005 2936 189 51 would
1223 2950 115 49 you
1367 2933 165 52 think
1561 2931 61 50 of
1649 2947 33 34 a
1710 2945 136 35 man
1874 2929 129 49 who
2032 2925 221 52 walked

502 3016 118 49 into
656 3029 142 48 your
833 3013 178 49 house
1048 3011 112 50 and
1197 3010 167 50 when
1400 3023 113 48 you
1548 3004 232 53 weren't
1815 3001 283 62 watching
2134 3000 121 49 him

502 3093 150 45 went
714 3086 118 50 into
897 3100 143 50 your
1104 3081 311 66 cupboard,
1480 3080 113 51 and
1660 3079 140 49 stole
1865 3093 33 33 a
1961 3074 169 52 drink
2196 3071 61 51 of

648 3234 48 49 It
727 3249 115 34 was
875 3237 101 45 not
1007 3231 96 51 the
1134 3229 169 50 drink
1338 3227 59 51 of
1430 3225 257 63 whiskey
1719 3225 124 49 that
1877 3221 230 51 Hobbes
2142 3220 113 48 had

501 3307 247 51 minded.
832 3306 47 50 It
921 3320 118 36 was
1081 3305 94 49 the
1218 3301 277 67 principle
1537 3298 60 51 of
1639 3298 95 50 the
1776 3297 176 62 thing.
2034 3295 109 49 But
2183 3293 74 50 he

499 3383 120 50 said
666 3380 239 63 nothing
949 3383 57 46 to
1053 3376 304 52 Harowitz.
1441 3375 121 49 The
1609 3375 318 54 statement,
1974 3368 142 51 after
2161 3368 95 57 all,

499 3456 190 49 would
734 3455 69 50 be
849 3458 94 46 too
987 3452 182 60 blunt,
1216 3465 62 35 so
1322 3450 163 49 blunt
1529 3447 122 51 that
1696 3461 137 36 even
1879 3443 44 51 if
1968 3441 287 52 Harowitz
