<?xml version="1.0" encoding="UTF-8"?>
<alto xmlns:xsi="http://www.w3.org/2001/XMLSchema-instance" xmlns="http://www.loc.gov/standards/alto/ns-v2#" xsi:schemaLocation="http://www.loc.gov/standards/alto/ns-v2# http://www.loc.gov/standards/alto/alto-v2.0.xsd" xmlns:xlink="http://www.w3.org/1999/xlink">
	<Description>
		<MeasurementUnit>mm10</MeasurementUnit>
		<sourceImageInformation>
			<fileName>//fileserver7/IN2/Princeton/Batch2/bmtnaay/1923/01_01/00000034.tif</fileName>
		</sourceImageInformation>
		<OCRProcessing ID="OCRPROCESSING_1">
			<preProcessingStep>
				<processingSoftware>
					<softwareCreator>CCS Content Conversion Specialists GmbH, Germany</softwareCreator>
					<softwareName>CCS docWORKS</softwareName>
					<softwareVersion>6.6-0.29</softwareVersion>
				</processingSoftware>
			</preProcessingStep>
			<ocrProcessingStep>
				<processingSoftware>
					<softwareCreator>ABBYY (BIT Software), Russia</softwareCreator>
					<softwareName>FineReader</softwareName>
					<softwareVersion>10.0</softwareVersion>
				</processingSoftware>
			</ocrProcessingStep>
		</OCRProcessing>
	</Description>
	<Styles>
		<TextStyle ID="TXT_0" FONTSIZE="10" FONTFAMILY="Times New Roman"/>
		<ParagraphStyle ID="PAR_LEFT" ALIGN="Left"/>
		<ParagraphStyle ID="PAR_BLOCK" ALIGN="Block"/>
		<ParagraphStyle ID="PAR_RIGHT" ALIGN="Right"/>
	</Styles>
	<Layout>
		<Page ID="P34" PHYSICAL_IMG_NR="34" HEIGHT="4000" WIDTH="2537" PRINTED_IMG_NR="32" PC="0.952">
			<TopMargin ID="P34_TM00001" HPOS="0" VPOS="0" WIDTH="2537" HEIGHT="304">
				<TextBlock ID="P34_TB00001" HPOS="496" VPOS="253" WIDTH="69" HEIGHT="49" STYLEREFS="TXT_0 PAR_LEFT">
					<TextLine ID="P34_TL00001" HPOS="496" VPOS="253" WIDTH="68" HEIGHT="48">
						<String ID="P34_ST00001" HPOS="496" VPOS="253" WIDTH="68" HEIGHT="48" CONTENT="32" WC="0.71" CC="50"/>
					</TextLine>
				</TextBlock>
			</TopMargin>
			<LeftMargin ID="P34_LM00001" HPOS="0" VPOS="304" WIDTH="6" HEIGHT="3689"/>
			<RightMargin ID="P34_RM00001" HPOS="2530" VPOS="304" WIDTH="7" HEIGHT="3689"/>
			<BottomMargin ID="P34_BM00001" HPOS="0" VPOS="3993" WIDTH="2537" HEIGHT="7"/>
			<PrintSpace ID="P34_PS00001" HPOS="6" VPOS="304" WIDTH="2524" HEIGHT="3689">
				<TextBlock ID="P34_TB00002" HPOS="493" VPOS="389" WIDTH="1766" HEIGHT="948" STYLEREFS="TXT_0 PAR_BLOCK">
					<TextLine ID="P34_TL00002" HPOS="642" VPOS="389" WIDTH="1611" HEIGHT="66">
						<String ID="P34_ST00002" HPOS="642" VPOS="397" WIDTH="161" HEIGHT="50" CONTENT="None" WC="0.99" CC="0030"/>
						<SP ID="P34_SP00001" HPOS="803" VPOS="447" WIDTH="41"/>
						<String ID="P34_ST00003" HPOS="844" VPOS="395" WIDTH="61" HEIGHT="51" CONTENT="of" WC="0.78" CC="40"/>
						<SP ID="P34_SP00002" HPOS="905" VPOS="447" WIDTH="38"/>
						<String ID="P34_ST00004" HPOS="943" VPOS="394" WIDTH="112" HEIGHT="52" CONTENT="this" WC="0.98" CC="0550"/>
						<SP ID="P34_SP00003" HPOS="1055" VPOS="447" WIDTH="39"/>
						<String ID="P34_ST00005" HPOS="1094" VPOS="393" WIDTH="46" HEIGHT="52" CONTENT="is" WC="0.65" CC="70"/>
						<SP ID="P34_SP00004" HPOS="1140" VPOS="447" WIDTH="42"/>
						<String ID="P34_ST00006" HPOS="1182" VPOS="398" WIDTH="57" HEIGHT="46" CONTENT="at" WC="1.00" CC="00"/>
						<SP ID="P34_SP00005" HPOS="1239" VPOS="447" WIDTH="38"/>
						<String ID="P34_ST00007" HPOS="1277" VPOS="393" WIDTH="75" HEIGHT="51" CONTENT="all" WC="0.94" CC="473"/>
						<SP ID="P34_SP00006" HPOS="1352" VPOS="447" WIDTH="40"/>
						<String ID="P34_ST00008" HPOS="1392" VPOS="392" WIDTH="247" HEIGHT="52" CONTENT="directed" WC="0.99" CC="02300005"/>
						<SP ID="P34_SP00007" HPOS="1639" VPOS="447" WIDTH="40"/>
						<String ID="P34_ST00009" HPOS="1679" VPOS="390" WIDTH="220" HEIGHT="65" CONTENT="against" WC="0.99" CC="6300100"/>
						<SP ID="P34_SP00008" HPOS="1899" VPOS="455" WIDTH="38"/>
						<String ID="P34_ST00010" HPOS="1937" VPOS="390" WIDTH="104" HEIGHT="50" CONTENT="Mr." WC="0.96" CC="045"/>
						<SP ID="P34_SP00009" HPOS="2041" VPOS="455" WIDTH="42"/>
						<String ID="P34_ST00011" HPOS="2083" VPOS="389" WIDTH="170" HEIGHT="60" CONTENT="Eliot," WC="0.98" CC="060054"/>
					</TextLine>
					<TextLine ID="P34_TL00003" HPOS="493" VPOS="464" WIDTH="1758" HEIGHT="65">
						<String ID="P34_ST00012" HPOS="493" VPOS="470" WIDTH="132" HEIGHT="50" CONTENT="who" WC="0.97" CC="340"/>
						<SP ID="P34_SP00010" HPOS="625" VPOS="520" WIDTH="38"/>
						<String ID="P34_ST00013" HPOS="663" VPOS="470" WIDTH="259" HEIGHT="51" CONTENT="deserves" WC="1.00" CC="00000001"/>
						<SP ID="P34_SP00011" HPOS="922" VPOS="521" WIDTH="42"/>
						<String ID="P34_ST00014" HPOS="964" VPOS="469" WIDTH="73" HEIGHT="50" CONTENT="all" WC="0.99" CC="020"/>
						<SP ID="P34_SP00012" HPOS="1037" VPOS="521" WIDTH="42"/>
						<String ID="P34_ST00015" HPOS="1079" VPOS="468" WIDTH="96" HEIGHT="49" CONTENT="the" WC="0.99" CC="010"/>
						<SP ID="P34_SP00013" HPOS="1175" VPOS="521" WIDTH="38"/>
						<String ID="P34_ST00016" HPOS="1213" VPOS="465" WIDTH="184" HEIGHT="64" CONTENT="prizes" WC="1.00" CC="020000"/>
						<SP ID="P34_SP00014" HPOS="1397" VPOS="529" WIDTH="40"/>
						<String ID="P34_ST00017" HPOS="1437" VPOS="465" WIDTH="58" HEIGHT="50" CONTENT="in" WC="0.80" CC="40"/>
						<SP ID="P34_SP00015" HPOS="1495" VPOS="529" WIDTH="43"/>
						<String ID="P34_ST00018" HPOS="1538" VPOS="464" WIDTH="397" HEIGHT="52" CONTENT="Christendom" WC="1.00" CC="50420000010"/>
						<SP ID="P34_SP00016" HPOS="1935" VPOS="529" WIDTH="42"/>
						<String ID="P34_ST00019" HPOS="1977" VPOS="468" WIDTH="100" HEIGHT="46" CONTENT="not" WC="1.00" CC="000"/>
						<SP ID="P34_SP00017" HPOS="2077" VPOS="529" WIDTH="39"/>
						<String ID="P34_ST00020" HPOS="2116" VPOS="465" WIDTH="135" HEIGHT="61" CONTENT="only" WC="0.99" CC="0022"/>
					</TextLine>
					<TextLine ID="P34_TL00004" HPOS="497" VPOS="536" WIDTH="1759" HEIGHT="66">
						<String ID="P34_ST00021" HPOS="497" VPOS="544" WIDTH="241" HEIGHT="51" CONTENT="because" WC="1.00" CC="4000100"/>
						<SP ID="P34_SP00018" HPOS="738" VPOS="595" WIDTH="59"/>
						<String ID="P34_ST00022" HPOS="797" VPOS="543" WIDTH="72" HEIGHT="48" CONTENT="he" WC="0.76" CC="04"/>
						<SP ID="P34_SP00019" HPOS="869" VPOS="595" WIDTH="53"/>
						<String ID="P34_ST00023" HPOS="922" VPOS="543" WIDTH="46" HEIGHT="49" CONTENT="is" WC="0.50" CC="90"/>
						<SP ID="P34_SP00020" HPOS="968" VPOS="595" WIDTH="57"/>
						<String ID="P34_ST00024" HPOS="1025" VPOS="555" WIDTH="32" HEIGHT="35" CONTENT="a" WC="1.00" CC="0"/>
						<SP ID="P34_SP00021" HPOS="1057" VPOS="595" WIDTH="58"/>
						<String ID="P34_ST00025" HPOS="1115" VPOS="538" WIDTH="412" HEIGHT="64" CONTENT="distinguished" WC="1.00" CC="0000505004000"/>
						<SP ID="P34_SP00022" HPOS="1527" VPOS="602" WIDTH="57"/>
						<String ID="P34_ST00026" HPOS="1584" VPOS="553" WIDTH="131" HEIGHT="35" CONTENT="man" WC="0.97" CC="007"/>
						<SP ID="P34_SP00023" HPOS="1715" VPOS="602" WIDTH="62"/>
						<String ID="P34_ST00027" HPOS="1777" VPOS="536" WIDTH="60" HEIGHT="51" CONTENT="of" WC="0.78" CC="04"/>
						<SP ID="P34_SP00024" HPOS="1837" VPOS="602" WIDTH="56"/>
						<String ID="P34_ST00028" HPOS="1893" VPOS="538" WIDTH="204" HEIGHT="57" CONTENT="letters," WC="1.00" CC="00010520"/>
						<SP ID="P34_SP00025" HPOS="2097" VPOS="602" WIDTH="57"/>
						<String ID="P34_ST00029" HPOS="2154" VPOS="536" WIDTH="102" HEIGHT="50" CONTENT="but" WC="0.98" CC="120"/>
					</TextLine>
					<TextLine ID="P34_TL00005" HPOS="494" VPOS="609" WIDTH="1761" HEIGHT="66">
						<String ID="P34_ST00030" HPOS="494" VPOS="616" WIDTH="240" HEIGHT="51" CONTENT="because" WC="1.00" CC="1000000"/>
						<SP ID="P34_SP00026" HPOS="734" VPOS="667" WIDTH="40"/>
						<String ID="P34_ST00031" HPOS="774" VPOS="616" WIDTH="70" HEIGHT="49" CONTENT="he" WC="0.72" CC="50"/>
						<SP ID="P34_SP00027" HPOS="844" VPOS="667" WIDTH="38"/>
						<String ID="P34_ST00032" HPOS="882" VPOS="615" WIDTH="46" HEIGHT="50" CONTENT="is" WC="1.00" CC="00"/>
						<SP ID="P34_SP00028" HPOS="928" VPOS="667" WIDTH="39"/>
						<String ID="P34_ST00033" HPOS="967" VPOS="613" WIDTH="218" HEIGHT="50" CONTENT="besides" WC="1.00" CC="5000000"/>
						<SP ID="P34_SP00029" HPOS="1185" VPOS="667" WIDTH="41"/>
						<String ID="P34_ST00034" HPOS="1226" VPOS="628" WIDTH="32" HEIGHT="34" CONTENT="a" WC="1.00" CC="0"/>
						<SP ID="P34_SP00030" HPOS="1258" VPOS="667" WIDTH="38"/>
						<String ID="P34_ST00035" HPOS="1296" VPOS="614" WIDTH="324" HEIGHT="61" CONTENT="gentleman" WC="0.99" CC="703040000"/>
						<SP ID="P34_SP00031" HPOS="1620" VPOS="675" WIDTH="39"/>
						<String ID="P34_ST00036" HPOS="1659" VPOS="611" WIDTH="61" HEIGHT="50" CONTENT="of" WC="0.83" CC="30"/>
						<SP ID="P34_SP00032" HPOS="1720" VPOS="675" WIDTH="37"/>
						<String ID="P34_ST00037" HPOS="1757" VPOS="613" WIDTH="204" HEIGHT="48" CONTENT="letters." WC="0.99" CC="40000614"/>
						<SP ID="P34_SP00033" HPOS="1961" VPOS="675" WIDTH="80"/>
						<String ID="P34_ST00038" HPOS="2041" VPOS="610" WIDTH="21" HEIGHT="48" CONTENT="I" WC="0.60" CC="3"/>
						<SP ID="P34_SP00034" HPOS="2062" VPOS="675" WIDTH="40"/>
						<String ID="P34_ST00039" HPOS="2102" VPOS="609" WIDTH="153" HEIGHT="62" CONTENT="hope" WC="0.98" CC="4006"/>
					</TextLine>
					<TextLine ID="P34_TL00006" HPOS="497" VPOS="681" WIDTH="1754" HEIGHT="64">
						<String ID="P34_ST00040" HPOS="497" VPOS="689" WIDTH="123" HEIGHT="51" CONTENT="that" WC="1.00" CC="0200"/>
						<SP ID="P34_SP00035" HPOS="620" VPOS="740" WIDTH="38"/>
						<String ID="P34_ST00041" HPOS="658" VPOS="690" WIDTH="94" HEIGHT="50" CONTENT="the" WC="0.98" CC="040"/>
						<SP ID="P34_SP00036" HPOS="752" VPOS="740" WIDTH="41"/>
						<String ID="P34_ST00042" HPOS="793" VPOS="688" WIDTH="192" HEIGHT="49" CONTENT="award" WC="1.00" CC="01000"/>
						<SP ID="P34_SP00037" HPOS="985" VPOS="740" WIDTH="40"/>
						<String ID="P34_ST00043" HPOS="1025" VPOS="685" WIDTH="61" HEIGHT="49" CONTENT="of" WC="1.00" CC="00"/>
						<SP ID="P34_SP00038" HPOS="1086" VPOS="740" WIDTH="38"/>
						<String ID="P34_ST00044" HPOS="1124" VPOS="686" WIDTH="94" HEIGHT="50" CONTENT="the" WC="0.99" CC="020"/>
						<SP ID="P34_SP00039" HPOS="1218" VPOS="740" WIDTH="41"/>
						<String ID="P34_ST00045" HPOS="1259" VPOS="685" WIDTH="132" HEIGHT="51" CONTENT="Dial" WC="1.00" CC="0000"/>
						<SP ID="P34_SP00040" HPOS="1391" VPOS="740" WIDTH="41"/>
						<String ID="P34_ST00046" HPOS="1432" VPOS="685" WIDTH="158" HEIGHT="51" CONTENT="Prize" WC="1.00" CC="03000"/>
						<SP ID="P34_SP00041" HPOS="1590" VPOS="740" WIDTH="41"/>
						<String ID="P34_ST00047" HPOS="1631" VPOS="690" WIDTH="57" HEIGHT="46" CONTENT="to" WC="1.00" CC="00"/>
						<SP ID="P34_SP00042" HPOS="1688" VPOS="740" WIDTH="38"/>
						<String ID="P34_ST00048" HPOS="1726" VPOS="684" WIDTH="121" HEIGHT="49" CONTENT="him" WC="0.97" CC="520"/>
						<SP ID="P34_SP00043" HPOS="1847" VPOS="740" WIDTH="39"/>
						<String ID="P34_ST00049" HPOS="1886" VPOS="681" WIDTH="116" HEIGHT="51" CONTENT="will" WC="1.00" CC="0000"/>
						<SP ID="P34_SP00044" HPOS="2002" VPOS="740" WIDTH="39"/>
						<String ID="P34_ST00050" HPOS="2041" VPOS="682" WIDTH="210" HEIGHT="63" CONTENT="clearly" WC="0.99" CC="6300062"/>
					</TextLine>
					<TextLine ID="P34_TL00007" HPOS="496" VPOS="755" WIDTH="1759" HEIGHT="71">
						<String ID="P34_ST00051" HPOS="496" VPOS="762" WIDTH="240" HEIGHT="64" CONTENT="impress" WC="1.00" CC="0004000"/>
						<SP ID="P34_SP00045" HPOS="736" VPOS="826" WIDTH="45"/>
						<String ID="P34_ST00052" HPOS="781" VPOS="759" WIDTH="338" HEIGHT="66" CONTENT="journalism" WC="1.00" CC="0000004000"/>
						<SP ID="P34_SP00046" HPOS="1119" VPOS="826" WIDTH="49"/>
						<String ID="P34_ST00053" HPOS="1168" VPOS="759" WIDTH="359" HEIGHT="63" CONTENT="everywhere" WC="1.00" CC="0300090050"/>
						<SP ID="P34_SP00047" HPOS="1527" VPOS="826" WIDTH="46"/>
						<String ID="P34_ST00054" HPOS="1573" VPOS="759" WIDTH="137" HEIGHT="49" CONTENT="with" WC="0.99" CC="0006"/>
						<SP ID="P34_SP00048" HPOS="1710" VPOS="826" WIDTH="49"/>
						<String ID="P34_ST00055" HPOS="1759" VPOS="757" WIDTH="88" HEIGHT="52" CONTENT="his" WC="0.99" CC="200"/>
						<SP ID="P34_SP00049" HPOS="1847" VPOS="826" WIDTH="47"/>
						<String ID="P34_ST00056" HPOS="1894" VPOS="755" WIDTH="361" HEIGHT="65" CONTENT="superiority." WC="1.00" CC="000002000007"/>
					</TextLine>
					<TextLine ID="P34_TL00008" HPOS="498" VPOS="828" WIDTH="1754" HEIGHT="68">
						<String ID="P34_ST00057" HPOS="498" VPOS="836" WIDTH="23" HEIGHT="50" CONTENT="I" WC="0.59" CC="4"/>
						<SP ID="P34_SP00050" HPOS="521" VPOS="886" WIDTH="34"/>
						<String ID="P34_ST00058" HPOS="555" VPOS="839" WIDTH="224" HEIGHT="54" CONTENT="cannot," WC="1.00" CC="0000200"/>
						<SP ID="P34_SP00051" HPOS="779" VPOS="893" WIDTH="37"/>
						<String ID="P34_ST00059" HPOS="816" VPOS="834" WIDTH="279" HEIGHT="58" CONTENT="however," WC="1.00" CC="20000040"/>
						<SP ID="P34_SP00052" HPOS="1095" VPOS="893" WIDTH="37"/>
						<String ID="P34_ST00060" HPOS="1132" VPOS="832" WIDTH="149" HEIGHT="64" CONTENT="hope" WC="0.99" CC="6000"/>
						<SP ID="P34_SP00053" HPOS="1281" VPOS="896" WIDTH="34"/>
						<String ID="P34_ST00061" HPOS="1315" VPOS="832" WIDTH="123" HEIGHT="50" CONTENT="that" WC="1.00" CC="0200"/>
						<SP ID="P34_SP00054" HPOS="1438" VPOS="896" WIDTH="36"/>
						<String ID="P34_ST00062" HPOS="1474" VPOS="832" WIDTH="102" HEIGHT="49" CONTENT="Mr." WC="0.97" CC="034"/>
						<SP ID="P34_SP00055" HPOS="1576" VPOS="896" WIDTH="37"/>
						<String ID="P34_ST00063" HPOS="1613" VPOS="831" WIDTH="167" HEIGHT="60" CONTENT="Eliot," WC="0.99" CC="040002"/>
						<SP ID="P34_SP00056" HPOS="1780" VPOS="896" WIDTH="35"/>
						<String ID="P34_ST00064" HPOS="1815" VPOS="830" WIDTH="167" HEIGHT="63" CONTENT="being" WC="0.96" CC="60558"/>
						<SP ID="P34_SP00057" HPOS="1982" VPOS="896" WIDTH="33"/>
						<String ID="P34_ST00065" HPOS="2015" VPOS="828" WIDTH="237" HEIGHT="51" CONTENT="devoted" WC="1.00" CC="0000000"/>
					</TextLine>
					<TextLine ID="P34_TL00009" HPOS="497" VPOS="901" WIDTH="1755" HEIGHT="66">
						<String ID="P34_ST00066" HPOS="497" VPOS="912" WIDTH="57" HEIGHT="46" CONTENT="to" WC="0.74" CC="32"/>
						<SP ID="P34_SP00058" HPOS="554" VPOS="958" WIDTH="36"/>
						<String ID="P34_ST00067" HPOS="590" VPOS="906" WIDTH="211" HEIGHT="52" CONTENT="artistic" WC="1.00" CC="04000000"/>
						<SP ID="P34_SP00059" HPOS="801" VPOS="958" WIDTH="35"/>
						<String ID="P34_ST00068" HPOS="836" VPOS="906" WIDTH="362" HEIGHT="57" CONTENT="excellences," WC="1.00" CC="004010000004"/>
						<SP ID="P34_SP00060" HPOS="1198" VPOS="963" WIDTH="37"/>
						<String ID="P34_ST00069" HPOS="1235" VPOS="903" WIDTH="115" HEIGHT="51" CONTENT="will" WC="1.00" CC="0000"/>
						<SP ID="P34_SP00061" HPOS="1350" VPOS="963" WIDTH="36"/>
						<String ID="P34_ST00070" HPOS="1386" VPOS="903" WIDTH="177" HEIGHT="64" CONTENT="profit" WC="0.99" CC="030520"/>
						<SP ID="P34_SP00062" HPOS="1563" VPOS="967" WIDTH="33"/>
						<String ID="P34_ST00071" HPOS="1596" VPOS="905" WIDTH="74" HEIGHT="62" CONTENT="by" WC="0.94" CC="10"/>
						<SP ID="P34_SP00063" HPOS="1670" VPOS="967" WIDTH="37"/>
						<String ID="P34_ST00072" HPOS="1707" VPOS="905" WIDTH="94" HEIGHT="49" CONTENT="the" WC="0.97" CC="070"/>
						<SP ID="P34_SP00064" HPOS="1801" VPOS="967" WIDTH="38"/>
						<String ID="P34_ST00073" HPOS="1839" VPOS="902" WIDTH="153" HEIGHT="65" CONTENT="prize" WC="0.98" CC="05323"/>
						<SP ID="P34_SP00065" HPOS="1992" VPOS="967" WIDTH="38"/>
						<String ID="P34_ST00074" HPOS="2030" VPOS="916" WIDTH="61" HEIGHT="36" CONTENT="so" WC="1.00" CC="00"/>
						<SP ID="P34_SP00066" HPOS="2091" VPOS="967" WIDTH="35"/>
						<String ID="P34_ST00075" HPOS="2126" VPOS="901" WIDTH="126" HEIGHT="49" CONTENT="well" WC="0.98" CC="0034"/>
					</TextLine>
					<TextLine ID="P34_TL00010" HPOS="498" VPOS="975" WIDTH="1757" HEIGHT="67">
						<String ID="P34_ST00076" HPOS="498" VPOS="980" WIDTH="329" HEIGHT="62" CONTENT="financially" WC="1.00" CC="10000000320"/>
						<SP ID="P34_SP00067" HPOS="827" VPOS="1042" WIDTH="66"/>
						<String ID="P34_ST00077" HPOS="893" VPOS="995" WIDTH="62" HEIGHT="34" CONTENT="as" WC="1.00" CC="00"/>
						<SP ID="P34_SP00068" HPOS="955" VPOS="1042" WIDTH="68"/>
						<String ID="P34_ST00078" HPOS="1023" VPOS="978" WIDTH="98" HEIGHT="50" CONTENT="did" WC="1.00" CC="000"/>
						<SP ID="P34_SP00069" HPOS="1121" VPOS="1042" WIDTH="66"/>
						<String ID="P34_ST00079" HPOS="1187" VPOS="977" WIDTH="87" HEIGHT="51" CONTENT="his" WC="0.98" CC="210"/>
						<SP ID="P34_SP00070" HPOS="1274" VPOS="1042" WIDTH="66"/>
						<String ID="P34_ST00080" HPOS="1340" VPOS="977" WIDTH="381" HEIGHT="64" CONTENT="predecessor," WC="1.00" CC="000000000130"/>
						<SP ID="P34_SP00071" HPOS="1721" VPOS="1042" WIDTH="70"/>
						<String ID="P34_ST00081" HPOS="1791" VPOS="977" WIDTH="104" HEIGHT="48" CONTENT="Mr." WC="0.98" CC="004"/>
						<SP ID="P34_SP00072" HPOS="1895" VPOS="1042" WIDTH="51"/>
						<String ID="P34_ST00082" HPOS="1946" VPOS="975" WIDTH="309" HEIGHT="50" CONTENT="Sherwood" WC="0.99" CC="05200030"/>
					</TextLine>
					<TextLine ID="P34_TL00011" HPOS="496" VPOS="1048" WIDTH="1757" HEIGHT="65">
						<String ID="P34_ST00083" HPOS="496" VPOS="1053" WIDTH="310" HEIGHT="59" CONTENT="Anderson," WC="1.00" CC="000000000"/>
						<SP ID="P34_SP00073" HPOS="806" VPOS="1112" WIDTH="38"/>
						<String ID="P34_ST00084" HPOS="844" VPOS="1052" WIDTH="194" HEIGHT="51" CONTENT="whose" WC="0.99" CC="06001"/>
						<SP ID="P34_SP00074" HPOS="1038" VPOS="1112" WIDTH="37"/>
						<String ID="P34_ST00085" HPOS="1075" VPOS="1051" WIDTH="198" HEIGHT="51" CONTENT="fiction" WC="1.00" CC="0000002"/>
						<SP ID="P34_SP00075" HPOS="1273" VPOS="1112" WIDTH="38"/>
						<String ID="P34_ST00086" HPOS="1311" VPOS="1066" WIDTH="130" HEIGHT="36" CONTENT="now" WC="0.95" CC="029"/>
						<SP ID="P34_SP00076" HPOS="1441" VPOS="1112" WIDTH="39"/>
						<String ID="P34_ST00087" HPOS="1480" VPOS="1063" WIDTH="241" HEIGHT="50" CONTENT="appears" WC="1.00" CC="0000000"/>
						<SP ID="P34_SP00077" HPOS="1721" VPOS="1113" WIDTH="38"/>
						<String ID="P34_ST00088" HPOS="1759" VPOS="1049" WIDTH="59" HEIGHT="50" CONTENT="in" WC="0.97" CC="00"/>
						<SP ID="P34_SP00078" HPOS="1818" VPOS="1113" WIDTH="38"/>
						<String ID="P34_ST00089" HPOS="1856" VPOS="1051" WIDTH="251" HEIGHT="62" CONTENT="Harpers" WC="0.99" CC="0632600"/>
						<SP ID="P34_SP00079" HPOS="2107" VPOS="1113" WIDTH="37"/>
						<String ID="P34_ST00090" HPOS="2144" VPOS="1048" WIDTH="109" HEIGHT="50" CONTENT="and" WC="0.95" CC="840"/>
					</TextLine>
					<TextLine ID="P34_TL00012" HPOS="497" VPOS="1117" WIDTH="1759" HEIGHT="68">
						<String ID="P34_ST00091" HPOS="497" VPOS="1128" WIDTH="93" HEIGHT="50" CONTENT="the" WC="1.00" CC="000"/>
						<SP ID="P34_SP00080" HPOS="590" VPOS="1178" WIDTH="35"/>
						<String ID="P34_ST00092" HPOS="625" VPOS="1126" WIDTH="271" HEIGHT="52" CONTENT="Pictorial" WC="1.00" CC="200000000"/>
						<SP ID="P34_SP00081" HPOS="896" VPOS="1178" WIDTH="34"/>
						<String ID="P34_ST00093" HPOS="930" VPOS="1127" WIDTH="226" HEIGHT="49" CONTENT="Review" WC="1.00" CC="000000"/>
						<SP ID="P34_SP00082" HPOS="1156" VPOS="1178" WIDTH="42"/>
						<String ID="P34_ST00094" HPOS="1198" VPOS="1117" WIDTH="77" HEIGHT="67" CONTENT="(at" WC="0.98" CC="500"/>
						<SP ID="P34_SP00083" HPOS="1275" VPOS="1184" WIDTH="36"/>
						<String ID="P34_ST00095" HPOS="1311" VPOS="1123" WIDTH="268" HEIGHT="51" CONTENT="fabulous" WC="1.00" CC="40100400"/>
						<SP ID="P34_SP00084" HPOS="1579" VPOS="1184" WIDTH="37"/>
						<String ID="P34_ST00096" HPOS="1616" VPOS="1127" WIDTH="148" HEIGHT="47" CONTENT="rates" WC="1.00" CC="40000"/>
						<SP ID="P34_SP00085" HPOS="1764" VPOS="1184" WIDTH="39"/>
						<String ID="P34_ST00097" HPOS="1803" VPOS="1137" WIDTH="100" HEIGHT="48" CONTENT="per" WC="1.00" CC="000"/>
						<SP ID="P34_SP00086" HPOS="1903" VPOS="1185" WIDTH="35"/>
						<String ID="P34_ST00098" HPOS="1938" VPOS="1123" WIDTH="159" HEIGHT="48" CONTENT="word" WC="1.00" CC="0000"/>
						<SP ID="P34_SP00087" HPOS="2097" VPOS="1185" WIDTH="36"/>
						<String ID="P34_ST00099" HPOS="2133" VPOS="1124" WIDTH="123" HEIGHT="49" CONTENT="sent" WC="0.98" CC="0063"/>
					</TextLine>
					<TextLine ID="P34_TL00013" HPOS="496" VPOS="1193" WIDTH="1762" HEIGHT="70">
						<String ID="P34_ST00100" HPOS="496" VPOS="1216" WIDTH="73" HEIGHT="34" CONTENT="on" WC="0.71" CC="50"/>
						<SP ID="P34_SP00088" HPOS="569" VPOS="1250" WIDTH="41"/>
						<String ID="P34_ST00101" HPOS="610" VPOS="1193" WIDTH="243" HEIGHT="70" CONTENT="request)" WC="1.00" CC="00000000"/>
						<SP ID="P34_SP00089" HPOS="853" VPOS="1263" WIDTH="49"/>
						<String ID="P34_ST00102" HPOS="902" VPOS="1215" WIDTH="61" HEIGHT="35" CONTENT="as" WC="1.00" CC="00"/>
						<SP ID="P34_SP00090" HPOS="963" VPOS="1263" WIDTH="41"/>
						<String ID="P34_ST00103" HPOS="1004" VPOS="1199" WIDTH="125" HEIGHT="50" CONTENT="well" WC="0.98" CC="0053"/>
						<SP ID="P34_SP00091" HPOS="1129" VPOS="1263" WIDTH="39"/>
						<String ID="P34_ST00104" HPOS="1168" VPOS="1213" WIDTH="62" HEIGHT="37" CONTENT="as" WC="1.00" CC="00"/>
						<SP ID="P34_SP00092" HPOS="1230" VPOS="1263" WIDTH="38"/>
						<String ID="P34_ST00105" HPOS="1268" VPOS="1197" WIDTH="58" HEIGHT="49" CONTENT="in" WC="0.84" CC="30"/>
						<SP ID="P34_SP00093" HPOS="1326" VPOS="1263" WIDTH="41"/>
						<String ID="P34_ST00106" HPOS="1367" VPOS="1198" WIDTH="94" HEIGHT="50" CONTENT="the" WC="0.99" CC="001"/>
						<SP ID="P34_SP00094" HPOS="1461" VPOS="1263" WIDTH="39"/>
						<String ID="P34_ST00107" HPOS="1500" VPOS="1197" WIDTH="154" HEIGHT="51" CONTENT="Dial!" WC="1.00" CC="00030"/>
						<SP ID="P34_SP00095" HPOS="1654" VPOS="1263" WIDTH="76"/>
						<String ID="P34_ST00108" HPOS="1730" VPOS="1196" WIDTH="104" HEIGHT="59" CONTENT="No," WC="0.99" CC="010"/>
						<SP ID="P34_SP00096" HPOS="1834" VPOS="1263" WIDTH="42"/>
						<String ID="P34_ST00109" HPOS="1876" VPOS="1196" WIDTH="103" HEIGHT="49" CONTENT="Mr." WC="0.98" CC="024"/>
						<SP ID="P34_SP00097" HPOS="1979" VPOS="1263" WIDTH="42"/>
						<String ID="P34_ST00110" HPOS="2021" VPOS="1194" WIDTH="151" HEIGHT="51" CONTENT="Eliot" WC="0.99" CC="05300"/>
						<SP ID="P34_SP00098" HPOS="2172" VPOS="1263" WIDTH="37"/>
						<String ID="P34_ST00111" HPOS="2209" VPOS="1194" WIDTH="49" HEIGHT="50" CONTENT="is" WC="0.63" CC="07"/>
					</TextLine>
					<TextLine ID="P34_TL00014" HPOS="498" VPOS="1268" WIDTH="1687" HEIGHT="69">
						<String ID="P34_ST00112" HPOS="498" VPOS="1274" WIDTH="203" HEIGHT="63" CONTENT="hardly" WC="0.99" CC="700040"/>
						<SP ID="P34_SP00099" HPOS="701" VPOS="1337" WIDTH="32"/>
						<String ID="P34_ST00113" HPOS="733" VPOS="1272" WIDTH="174" HEIGHT="65" CONTENT="likely" WC="0.99" CC="230030"/>
						<SP ID="P34_SP00100" HPOS="907" VPOS="1337" WIDTH="29"/>
						<String ID="P34_ST00114" HPOS="936" VPOS="1278" WIDTH="60" HEIGHT="46" CONTENT="to" WC="1.00" CC="00"/>
						<SP ID="P34_SP00101" HPOS="996" VPOS="1337" WIDTH="29"/>
						<String ID="P34_ST00115" HPOS="1025" VPOS="1272" WIDTH="311" HEIGHT="64" CONTENT="reproduce" WC="0.99" CC="220100307"/>
						<SP ID="P34_SP00102" HPOS="1336" VPOS="1337" WIDTH="31"/>
						<String ID="P34_ST00116" HPOS="1367" VPOS="1272" WIDTH="123" HEIGHT="49" CONTENT="that" WC="0.99" CC="0200"/>
						<SP ID="P34_SP00103" HPOS="1490" VPOS="1337" WIDTH="32"/>
						<String ID="P34_ST00117" HPOS="1522" VPOS="1269" WIDTH="419" HEIGHT="64" CONTENT="embarrassing" WC="1.00" CC="002001040850"/>
						<SP ID="P34_SP00104" HPOS="1941" VPOS="1337" WIDTH="30"/>
						<String ID="P34_ST00118" HPOS="1971" VPOS="1268" WIDTH="214" HEIGHT="63" CONTENT="trinity." WC="1.00" CC="00140400"/>
					</TextLine>
				</TextBlock>
				<TextBlock ID="P34_TB00003" HPOS="1548" VPOS="1372" WIDTH="639" HEIGHT="52" STYLEREFS="TXT_0 PAR_RIGHT">
					<TextLine ID="P34_TL00015" HPOS="1548" VPOS="1373" WIDTH="639" HEIGHT="51">
						<String ID="P34_ST00119" HPOS="1548" VPOS="1374" WIDTH="247" HEIGHT="50" CONTENT="Gorham" WC="0.84" CC="034010"/>
						<SP ID="P34_SP00105" HPOS="1795" VPOS="1424" WIDTH="42"/>
						<String ID="P34_ST00120" HPOS="1837" VPOS="1374" WIDTH="61" HEIGHT="49" CONTENT="B." WC="0.57" CC="25"/>
						<SP ID="P34_SP00106" HPOS="1898" VPOS="1424" WIDTH="44"/>
						<String ID="P34_ST00121" HPOS="1942" VPOS="1373" WIDTH="245" HEIGHT="51" CONTENT="Munson" WC="0.61" CC="444054"/>
					</TextLine>
				</TextBlock>
				<TextBlock ID="P34_TB00004" HPOS="964" VPOS="1735" WIDTH="823" HEIGHT="54" STYLEREFS="TXT_0 PAR_RIGHT">
					<TextLine ID="P34_TL00016" HPOS="964" VPOS="1735" WIDTH="823" HEIGHT="54">
						<String ID="P34_ST00122" HPOS="964" VPOS="1738" WIDTH="209" HEIGHT="51" CONTENT="NOTE" WC="0.99" CC="0400"/>
						<SP ID="P34_SP00107" HPOS="1173" VPOS="1789" WIDTH="42"/>
						<String ID="P34_ST00123" HPOS="1215" VPOS="1737" WIDTH="100" HEIGHT="52" CONTENT="ON" WC="0.92" CC="10"/>
						<SP ID="P34_SP00108" HPOS="1315" VPOS="1789" WIDTH="35"/>
						<String ID="P34_ST00124" HPOS="1350" VPOS="1737" WIDTH="150" HEIGHT="49" CONTENT="DER" WC="0.89" CC="003"/>
						<SP ID="P34_SP00109" HPOS="1500" VPOS="1789" WIDTH="38"/>
						<String ID="P34_ST00125" HPOS="1538" VPOS="1735" WIDTH="249" HEIGHT="51" CONTENT="STURM" WC="1.00" CC="00000"/>
					</TextLine>
				</TextBlock>
				<TextBlock ID="P34_TB00005" HPOS="497" VPOS="1852" WIDTH="1774" HEIGHT="1687" STYLEREFS="TXT_0 PAR_BLOCK">
					<TextLine ID="P34_TL00017" HPOS="644" VPOS="1853" WIDTH="1619" HEIGHT="66">
						<String ID="P34_ST00126" HPOS="644" VPOS="1856" WIDTH="90" HEIGHT="51" CONTENT="On" WC="0.97" CC="00"/>
						<SP ID="P34_SP00110" HPOS="734" VPOS="1907" WIDTH="35"/>
						<String ID="P34_ST00127" HPOS="769" VPOS="1854" WIDTH="233" HEIGHT="65" CONTENT="reading" WC="1.00" CC="0010004"/>
						<SP ID="P34_SP00111" HPOS="1002" VPOS="1919" WIDTH="33"/>
						<String ID="P34_ST00128" HPOS="1035" VPOS="1856" WIDTH="303" HEIGHT="51" CONTENT="Herwarth" WC="0.83" CC="40000404"/>
						<SP ID="P34_SP00112" HPOS="1338" VPOS="1919" WIDTH="35"/>
						<String ID="P34_ST00129" HPOS="1373" VPOS="1853" WIDTH="290" HEIGHT="52" CONTENT="Walden's" WC="0.91" CC="00500020"/>
						<SP ID="P34_SP00113" HPOS="1663" VPOS="1919" WIDTH="35"/>
						<String ID="P34_ST00130" HPOS="1698" VPOS="1853" WIDTH="565" HEIGHT="62" CONTENT="Kunstdammerung" WC="0.87" CC="00010000011049"/>
					</TextLine>
					<TextLine ID="P34_TL00018" HPOS="499" VPOS="1923" WIDTH="1767" HEIGHT="70">
						<String ID="P34_ST00131" HPOS="499" VPOS="1928" WIDTH="60" HEIGHT="51" CONTENT="in" WC="1.00" CC="00"/>
						<SP ID="P34_SP00114" HPOS="559" VPOS="1979" WIDTH="37"/>
						<String ID="P34_ST00132" HPOS="596" VPOS="1928" WIDTH="112" HEIGHT="52" CONTENT="Der" WC="0.78" CC="320"/>
						<SP ID="P34_SP00115" HPOS="708" VPOS="1980" WIDTH="38"/>
						<String ID="P34_ST00133" HPOS="746" VPOS="1928" WIDTH="193" HEIGHT="51" CONTENT="Sturm" WC="0.99" CC="00230"/>
						<SP ID="P34_SP00116" HPOS="939" VPOS="1980" WIDTH="44"/>
						<String ID="P34_ST00134" HPOS="983" VPOS="1924" WIDTH="158" HEIGHT="65" CONTENT="(13th" WC="0.90" CC="00400"/>
						<SP ID="P34_SP00117" HPOS="1141" VPOS="1989" WIDTH="37"/>
						<String ID="P34_ST00135" HPOS="1178" VPOS="1943" WIDTH="151" HEIGHT="50" CONTENT="year," WC="0.98" CC="40026"/>
						<SP ID="P34_SP00118" HPOS="1329" VPOS="1993" WIDTH="40"/>
						<String ID="P34_ST00136" HPOS="1369" VPOS="1928" WIDTH="103" HEIGHT="51" CONTENT="No." WC="0.99" CC="110"/>
						<SP ID="P34_SP00119" HPOS="1472" VPOS="1993" WIDTH="42"/>
						<String ID="P34_ST00137" HPOS="1514" VPOS="1923" WIDTH="165" HEIGHT="65" CONTENT="7—B)" WC="0.71" CC="3800"/>
						<SP ID="P34_SP00120" HPOS="1679" VPOS="1993" WIDTH="41"/>
						<String ID="P34_ST00138" HPOS="1720" VPOS="1943" WIDTH="107" HEIGHT="33" CONTENT="one" WC="0.97" CC="080"/>
						<SP ID="P34_SP00121" HPOS="1827" VPOS="1993" WIDTH="39"/>
						<String ID="P34_ST00139" HPOS="1866" VPOS="1927" WIDTH="131" HEIGHT="49" CONTENT="asks" WC="0.98" CC="6003"/>
						<SP ID="P34_SP00122" HPOS="1997" VPOS="1993" WIDTH="38"/>
						<String ID="P34_ST00140" HPOS="2035" VPOS="1926" WIDTH="231" HEIGHT="49" CONTENT="himself" WC="0.99" CC="0300047"/>
					</TextLine>
					<TextLine ID="P34_TL00019" HPOS="502" VPOS="1998" WIDTH="1769" HEIGHT="67">
						<String ID="P34_ST00141" HPOS="502" VPOS="2002" WIDTH="137" HEIGHT="52" CONTENT="with" WC="0.99" CC="0030"/>
						<SP ID="P34_SP00123" HPOS="639" VPOS="2054" WIDTH="61"/>
						<String ID="P34_ST00142" HPOS="700" VPOS="2002" WIDTH="230" HEIGHT="52" CONTENT="distress" WC="1.00" CC="00000027"/>
						<SP ID="P34_SP00124" HPOS="930" VPOS="2054" WIDTH="60"/>
						<String ID="P34_ST00143" HPOS="990" VPOS="2003" WIDTH="256" HEIGHT="50" CONTENT="whether" WC="1.00" CC="1000011"/>
						<SP ID="P34_SP00125" HPOS="1246" VPOS="2054" WIDTH="57"/>
						<String ID="P34_ST00144" HPOS="1303" VPOS="2007" WIDTH="113" HEIGHT="46" CONTENT="two" WC="1.00" CC="000"/>
						<SP ID="P34_SP00126" HPOS="1416" VPOS="2054" WIDTH="59"/>
						<String ID="P34_ST00145" HPOS="1475" VPOS="2000" WIDTH="209" HEIGHT="65" CONTENT="parties" WC="1.00" CC="0000000"/>
						<SP ID="P34_SP00127" HPOS="1684" VPOS="2065" WIDTH="60"/>
						<String ID="P34_ST00146" HPOS="1744" VPOS="2000" WIDTH="61" HEIGHT="50" CONTENT="of" WC="1.00" CC="00"/>
						<SP ID="P34_SP00128" HPOS="1805" VPOS="2065" WIDTH="57"/>
						<String ID="P34_ST00147" HPOS="1862" VPOS="1998" WIDTH="250" HEIGHT="52" CONTENT="reaction" WC="1.00" CC="07000000"/>
						<SP ID="P34_SP00129" HPOS="2112" VPOS="2065" WIDTH="59"/>
						<String ID="P34_ST00148" HPOS="2171" VPOS="2013" WIDTH="100" HEIGHT="36" CONTENT="are" WC="0.97" CC="106"/>
					</TextLine>
					<TextLine ID="P34_TL00020" HPOS="498" VPOS="2072" WIDTH="1764" HEIGHT="68">
						<String ID="P34_ST00149" HPOS="498" VPOS="2077" WIDTH="244" HEIGHT="63" CONTENT="fighting" WC="0.99" CC="50700004"/>
						<SP ID="P34_SP00130" HPOS="742" VPOS="2140" WIDTH="50"/>
						<String ID="P34_ST00150" HPOS="792" VPOS="2077" WIDTH="88" HEIGHT="50" CONTENT="for" WC="0.99" CC="012"/>
						<SP ID="P34_SP00131" HPOS="880" VPOS="2140" WIDTH="50"/>
						<String ID="P34_ST00151" HPOS="930" VPOS="2075" WIDTH="373" HEIGHT="65" CONTENT="dictatorship" WC="1.00" CC="000000301020"/>
						<SP ID="P34_SP00132" HPOS="1303" VPOS="2140" WIDTH="52"/>
						<String ID="P34_ST00152" HPOS="1355" VPOS="2075" WIDTH="61" HEIGHT="50" CONTENT="of" WC="0.98" CC="00"/>
						<SP ID="P34_SP00133" HPOS="1416" VPOS="2140" WIDTH="50"/>
						<String ID="P34_ST00153" HPOS="1466" VPOS="2077" WIDTH="94" HEIGHT="49" CONTENT="the" WC="1.00" CC="000"/>
						<SP ID="P34_SP00134" HPOS="1560" VPOS="2140" WIDTH="51"/>
						<String ID="P34_ST00154" HPOS="1611" VPOS="2079" WIDTH="133" HEIGHT="46" CONTENT="arts." WC="0.98" CC="71004"/>
						<SP ID="P34_SP00135" HPOS="1744" VPOS="2140" WIDTH="89"/>
						<String ID="P34_ST00155" HPOS="1833" VPOS="2074" WIDTH="183" HEIGHT="51" CONTENT="There" WC="1.00" CC="00003"/>
						<SP ID="P34_SP00136" HPOS="2016" VPOS="2140" WIDTH="52"/>
						<String ID="P34_ST00156" HPOS="2068" VPOS="2073" WIDTH="46" HEIGHT="51" CONTENT="is" WC="0.88" CC="20"/>
						<SP ID="P34_SP00137" HPOS="2114" VPOS="2140" WIDTH="50"/>
						<String ID="P34_ST00157" HPOS="2164" VPOS="2072" WIDTH="98" HEIGHT="50" CONTENT="the" WC="1.00" CC="001"/>
					</TextLine>
					<TextLine ID="P34_TL00021" HPOS="497" VPOS="2147" WIDTH="1765" HEIGHT="67">
						<String ID="P34_ST00158" HPOS="497" VPOS="2157" WIDTH="194" HEIGHT="48" CONTENT="retour" WC="0.64" CC="800066"/>
						<SP ID="P34_SP00138" HPOS="691" VPOS="2205" WIDTH="41"/>
						<String ID="P34_ST00159" HPOS="732" VPOS="2152" WIDTH="260" HEIGHT="58" CONTENT="element," WC="1.00" CC="03000000"/>
						<SP ID="P34_SP00139" HPOS="992" VPOS="2210" WIDTH="45"/>
						<String ID="P34_ST00160" HPOS="1037" VPOS="2149" WIDTH="264" HEIGHT="65" CONTENT="pleading" WC="0.99" CC="01090007"/>
						<SP ID="P34_SP00140" HPOS="1301" VPOS="2214" WIDTH="44"/>
						<String ID="P34_ST00161" HPOS="1345" VPOS="2148" WIDTH="89" HEIGHT="51" CONTENT="for" WC="1.00" CC="000"/>
						<SP ID="P34_SP00141" HPOS="1434" VPOS="2214" WIDTH="43"/>
						<String ID="P34_ST00162" HPOS="1477" VPOS="2164" WIDTH="74" HEIGHT="35" CONTENT="an" WC="1.00" CC="00"/>
						<SP ID="P34_SP00142" HPOS="1551" VPOS="2214" WIDTH="44"/>
						<String ID="P34_ST00163" HPOS="1595" VPOS="2153" WIDTH="88" HEIGHT="46" CONTENT="art" WC="1.00" CC="000"/>
						<SP ID="P34_SP00143" HPOS="1683" VPOS="2214" WIDTH="42"/>
						<String ID="P34_ST00164" HPOS="1725" VPOS="2147" WIDTH="188" HEIGHT="52" CONTENT="which" WC="0.99" CC="00400"/>
						<SP ID="P34_SP00144" HPOS="1913" VPOS="2214" WIDTH="46"/>
						<String ID="P34_ST00165" HPOS="1959" VPOS="2147" WIDTH="114" HEIGHT="50" CONTENT="will" WC="0.99" CC="0302"/>
						<SP ID="P34_SP00145" HPOS="2073" VPOS="2214" WIDTH="43"/>
						<String ID="P34_ST00166" HPOS="2116" VPOS="2147" WIDTH="146" HEIGHT="50" CONTENT="have" WC="1.00" CC="0001"/>
					</TextLine>
					<TextLine ID="P34_TL00022" HPOS="498" VPOS="2220" WIDTH="1765" HEIGHT="65">
						<String ID="P34_ST00167" HPOS="498" VPOS="2239" WIDTH="34" HEIGHT="35" CONTENT="a" WC="0.30" CC="6"/>
						<SP ID="P34_SP00146" HPOS="532" VPOS="2274" WIDTH="44"/>
						<String ID="P34_ST00168" HPOS="576" VPOS="2239" WIDTH="158" HEIGHT="36" CONTENT="more" WC="0.98" CC="0640"/>
						<SP ID="P34_SP00147" HPOS="734" VPOS="2275" WIDTH="41"/>
						<String ID="P34_ST00169" HPOS="775" VPOS="2223" WIDTH="399" HEIGHT="51" CONTENT="fundamental" WC="1.00" CC="01000000000"/>
						<SP ID="P34_SP00148" HPOS="1174" VPOS="2275" WIDTH="40"/>
						<String ID="P34_ST00170" HPOS="1214" VPOS="2221" WIDTH="373" HEIGHT="64" CONTENT="relationship" WC="1.00" CC="500001440010"/>
						<SP ID="P34_SP00149" HPOS="1587" VPOS="2285" WIDTH="43"/>
						<String ID="P34_ST00171" HPOS="1630" VPOS="2220" WIDTH="137" HEIGHT="51" CONTENT="with" WC="0.99" CC="0300"/>
						<SP ID="P34_SP00150" HPOS="1767" VPOS="2285" WIDTH="43"/>
						<String ID="P34_ST00172" HPOS="1810" VPOS="2220" WIDTH="118" HEIGHT="59" CONTENT="life;" WC="0.99" CC="01004"/>
						<SP ID="P34_SP00151" HPOS="1928" VPOS="2285" WIDTH="45"/>
						<String ID="P34_ST00173" HPOS="1973" VPOS="2220" WIDTH="113" HEIGHT="50" CONTENT="and" WC="0.98" CC="040"/>
						<SP ID="P34_SP00152" HPOS="2086" VPOS="2285" WIDTH="43"/>
						<String ID="P34_ST00174" HPOS="2129" VPOS="2234" WIDTH="134" HEIGHT="34" CONTENT="over" WC="1.00" CC="1000"/>
					</TextLine>
					<TextLine ID="P34_TL00023" HPOS="499" VPOS="2293" WIDTH="1768" HEIGHT="68">
						<String ID="P34_ST00175" HPOS="499" VPOS="2298" WIDTH="220" HEIGHT="63" CONTENT="against" WC="1.00" CC="0000000"/>
						<SP ID="P34_SP00153" HPOS="719" VPOS="2361" WIDTH="64"/>
						<String ID="P34_ST00176" HPOS="783" VPOS="2298" WIDTH="59" HEIGHT="59" CONTENT="it," WC="0.99" CC="002"/>
						<SP ID="P34_SP00154" HPOS="842" VPOS="2361" WIDTH="65"/>
						<String ID="P34_ST00177" HPOS="907" VPOS="2298" WIDTH="158" HEIGHT="50" CONTENT="there" WC="1.00" CC="00000"/>
						<SP ID="P34_SP00155" HPOS="1065" VPOS="2361" WIDTH="66"/>
						<String ID="P34_ST00178" HPOS="1131" VPOS="2296" WIDTH="47" HEIGHT="51" CONTENT="is" WC="1.00" CC="00"/>
						<SP ID="P34_SP00156" HPOS="1178" VPOS="2361" WIDTH="66"/>
						<String ID="P34_ST00179" HPOS="1244" VPOS="2296" WIDTH="95" HEIGHT="51" CONTENT="the" WC="1.00" CC="000"/>
						<SP ID="P34_SP00157" HPOS="1339" VPOS="2361" WIDTH="66"/>
						<String ID="P34_ST00180" HPOS="1405" VPOS="2296" WIDTH="245" HEIGHT="63" CONTENT="struggle" WC="1.00" CC="00000000"/>
						<SP ID="P34_SP00158" HPOS="1650" VPOS="2361" WIDTH="67"/>
						<String ID="P34_ST00181" HPOS="1717" VPOS="2299" WIDTH="58" HEIGHT="46" CONTENT="to" WC="0.91" CC="01"/>
						<SP ID="P34_SP00159" HPOS="1775" VPOS="2361" WIDTH="64"/>
						<String ID="P34_ST00182" HPOS="1839" VPOS="2309" WIDTH="262" HEIGHT="50" CONTENT="preserve" WC="1.00" CC="00000000"/>
						<SP ID="P34_SP00160" HPOS="2101" VPOS="2361" WIDTH="65"/>
						<String ID="P34_ST00183" HPOS="2166" VPOS="2293" WIDTH="101" HEIGHT="50" CONTENT="the" WC="0.97" CC="007"/>
					</TextLine>
					<TextLine ID="P34_TL00024" HPOS="503" VPOS="2366" WIDTH="1764" HEIGHT="70">
						<String ID="P34_ST00184" HPOS="503" VPOS="2371" WIDTH="341" HEIGHT="65" CONTENT="exclusively" WC="1.00" CC="24006000100"/>
						<SP ID="P34_SP00161" HPOS="844" VPOS="2436" WIDTH="35"/>
						<String ID="P34_ST00185" HPOS="879" VPOS="2371" WIDTH="233" HEIGHT="51" CONTENT="esthetic" WC="1.00" CC="03000040"/>
						<SP ID="P34_SP00162" HPOS="1112" VPOS="2436" WIDTH="33"/>
						<String ID="P34_ST00186" HPOS="1145" VPOS="2370" WIDTH="161" HEIGHT="65" CONTENT="point" WC="0.99" CC="02106"/>
						<SP ID="P34_SP00163" HPOS="1306" VPOS="2436" WIDTH="35"/>
						<String ID="P34_ST00187" HPOS="1341" VPOS="2370" WIDTH="61" HEIGHT="51" CONTENT="of" WC="0.82" CC="03"/>
						<SP ID="P34_SP00164" HPOS="1402" VPOS="2436" WIDTH="32"/>
						<String ID="P34_ST00188" HPOS="1434" VPOS="2369" WIDTH="160" HEIGHT="51" CONTENT="view." WC="0.99" CC="03004"/>
						<SP ID="P34_SP00165" HPOS="1594" VPOS="2436" WIDTH="56"/>
						<String ID="P34_ST00189" HPOS="1650" VPOS="2369" WIDTH="140" HEIGHT="65" CONTENT="Says" WC="0.98" CC="0900"/>
						<SP ID="P34_SP00166" HPOS="1790" VPOS="2436" WIDTH="37"/>
						<String ID="P34_ST00190" HPOS="1827" VPOS="2368" WIDTH="146" HEIGHT="52" CONTENT="Herr" WC="0.85" CC="2020"/>
						<SP ID="P34_SP00167" HPOS="1973" VPOS="2436" WIDTH="33"/>
						<String ID="P34_ST00191" HPOS="2006" VPOS="2366" WIDTH="261" HEIGHT="59" CONTENT="Walden," WC="0.88" CC="0000150"/>
					</TextLine>
					<TextLine ID="P34_TL00025" HPOS="499" VPOS="2440" WIDTH="1766" HEIGHT="68">
						<String ID="P34_ST00192" HPOS="499" VPOS="2444" WIDTH="305" HEIGHT="64" CONTENT="defending" WC="1.00" CC="000000066"/>
						<SP ID="P34_SP00168" HPOS="804" VPOS="2508" WIDTH="64"/>
						<String ID="P34_ST00193" HPOS="868" VPOS="2445" WIDTH="95" HEIGHT="51" CONTENT="the" WC="1.00" CC="000"/>
						<SP ID="P34_SP00169" HPOS="963" VPOS="2508" WIDTH="63"/>
						<String ID="P34_ST00194" HPOS="1026" VPOS="2445" WIDTH="182" HEIGHT="58" CONTENT="latter," WC="1.00" CC="0000020"/>
						<SP ID="P34_SP00170" HPOS="1208" VPOS="2508" WIDTH="66"/>
						<String ID="P34_ST00195" HPOS="1274" VPOS="2444" WIDTH="156" HEIGHT="51" CONTENT='"The' WC="0.99" CC="3000"/>
						<SP ID="P34_SP00171" HPOS="1430" VPOS="2508" WIDTH="65"/>
						<String ID="P34_ST00196" HPOS="1495" VPOS="2458" WIDTH="136" HEIGHT="35" CONTENT="man" WC="1.00" CC="000"/>
						<SP ID="P34_SP00172" HPOS="1631" VPOS="2508" WIDTH="64"/>
						<String ID="P34_ST00197" HPOS="1695" VPOS="2442" WIDTH="132" HEIGHT="50" CONTENT="who" WC="1.00" CC="000"/>
						<SP ID="P34_SP00173" HPOS="1827" VPOS="2508" WIDTH="45"/>
						<String ID="P34_ST00198" HPOS="1872" VPOS="2440" WIDTH="250" HEIGHT="65" CONTENT="requires" WC="0.99" CC="30022500"/>
						<SP ID="P34_SP00174" HPOS="2122" VPOS="2508" WIDTH="45"/>
						<String ID="P34_ST00199" HPOS="2167" VPOS="2440" WIDTH="98" HEIGHT="51" CONTENT="the" WC="1.00" CC="000"/>
					</TextLine>
					<TextLine ID="P34_TL00026" HPOS="502" VPOS="2514" WIDTH="1764" HEIGHT="67">
						<String ID="P34_ST00200" HPOS="502" VPOS="2517" WIDTH="447" HEIGHT="64" CONTENT="representation" WC="1.00" CC="40000000000000"/>
						<SP ID="P34_SP00175" HPOS="949" VPOS="2581" WIDTH="67"/>
						<String ID="P34_ST00201" HPOS="1016" VPOS="2517" WIDTH="61" HEIGHT="50" CONTENT="of" WC="0.89" CC="20"/>
						<SP ID="P34_SP00176" HPOS="1077" VPOS="2581" WIDTH="66"/>
						<String ID="P34_ST00202" HPOS="1143" VPOS="2520" WIDTH="176" HEIGHT="47" CONTENT="water" WC="1.00" CC="00000"/>
						<SP ID="P34_SP00177" HPOS="1319" VPOS="2581" WIDTH="69"/>
						<String ID="P34_ST00203" HPOS="1388" VPOS="2516" WIDTH="60" HEIGHT="50" CONTENT="in" WC="0.72" CC="05"/>
						<SP ID="P34_SP00178" HPOS="1448" VPOS="2581" WIDTH="67"/>
						<String ID="P34_ST00204" HPOS="1515" VPOS="2516" WIDTH="166" HEIGHT="50" CONTENT="order" WC="0.99" CC="04000"/>
						<SP ID="P34_SP00179" HPOS="1681" VPOS="2581" WIDTH="67"/>
						<String ID="P34_ST00205" HPOS="1748" VPOS="2520" WIDTH="57" HEIGHT="46" CONTENT="to" WC="1.00" CC="00"/>
						<SP ID="P34_SP00180" HPOS="1805" VPOS="2581" WIDTH="69"/>
						<String ID="P34_ST00206" HPOS="1874" VPOS="2531" WIDTH="88" HEIGHT="33" CONTENT="see" WC="0.99" CC="200"/>
						<SP ID="P34_SP00181" HPOS="1962" VPOS="2581" WIDTH="70"/>
						<String ID="P34_ST00207" HPOS="2032" VPOS="2530" WIDTH="33" HEIGHT="33" CONTENT="a" WC="1.00" CC="0"/>
						<SP ID="P34_SP00182" HPOS="2065" VPOS="2581" WIDTH="69"/>
						<String ID="P34_ST00208" HPOS="2134" VPOS="2514" WIDTH="132" HEIGHT="49" CONTENT="blue" WC="0.97" CC="6512"/>
					</TextLine>
					<TextLine ID="P34_TL00027" HPOS="502" VPOS="2587" WIDTH="1761" HEIGHT="69">
						<String ID="P34_ST00209" HPOS="502" VPOS="2592" WIDTH="339" HEIGHT="64" CONTENT="completely" WC="1.00" CC="0000000000"/>
						<SP ID="P34_SP00183" HPOS="841" VPOS="2656" WIDTH="52"/>
						<String ID="P34_ST00210" HPOS="893" VPOS="2591" WIDTH="158" HEIGHT="51" CONTENT="lacks" WC="1.00" CC="00000"/>
						<SP ID="P34_SP00184" HPOS="1051" VPOS="2656" WIDTH="52"/>
						<String ID="P34_ST00211" HPOS="1103" VPOS="2591" WIDTH="95" HEIGHT="50" CONTENT="the" WC="0.99" CC="300"/>
						<SP ID="P34_SP00185" HPOS="1198" VPOS="2656" WIDTH="53"/>
						<String ID="P34_ST00212" HPOS="1251" VPOS="2590" WIDTH="215" HEIGHT="51" CONTENT="artistic" WC="1.00" CC="00001020"/>
						<SP ID="P34_SP00186" HPOS="1466" VPOS="2656" WIDTH="52"/>
						<String ID="P34_ST00213" HPOS="1518" VPOS="2605" WIDTH="118" HEIGHT="48" CONTENT="eye." WC="0.99" CC="0024"/>
						<SP ID="P34_SP00187" HPOS="1636" VPOS="2656" WIDTH="89"/>
						<String ID="P34_ST00214" HPOS="1725" VPOS="2588" WIDTH="69" HEIGHT="59" CONTENT="If," WC="1.00" CC="000"/>
						<SP ID="P34_SP00188" HPOS="1794" VPOS="2656" WIDTH="52"/>
						<String ID="P34_ST00215" HPOS="1846" VPOS="2588" WIDTH="167" HEIGHT="50" CONTENT="when" WC="1.00" CC="0000"/>
						<SP ID="P34_SP00189" HPOS="2013" VPOS="2656" WIDTH="51"/>
						<String ID="P34_ST00216" HPOS="2064" VPOS="2587" WIDTH="199" HEIGHT="64" CONTENT="placed" WC="1.00" CC="000000"/>
					</TextLine>
					<TextLine ID="P34_TL00028" HPOS="501" VPOS="2661" WIDTH="1765" HEIGHT="65">
						<String ID="P34_ST00217" HPOS="501" VPOS="2665" WIDTH="194" HEIGHT="52" CONTENT="before" WC="0.99" CC="400050"/>
						<SP ID="P34_SP00190" HPOS="695" VPOS="2717" WIDTH="38"/>
						<String ID="P34_ST00218" HPOS="733" VPOS="2681" WIDTH="33" HEIGHT="34" CONTENT="a" WC="1.00" CC="0"/>
						<SP ID="P34_SP00191" HPOS="766" VPOS="2717" WIDTH="38"/>
						<String ID="P34_ST00219" HPOS="804" VPOS="2666" WIDTH="215" HEIGHT="58" CONTENT="colour," WC="0.99" CC="0030544"/>
						<SP ID="P34_SP00192" HPOS="1019" VPOS="2724" WIDTH="39"/>
						<String ID="P34_ST00220" HPOS="1058" VPOS="2680" WIDTH="109" HEIGHT="35" CONTENT="one" WC="0.99" CC="200"/>
						<SP ID="P34_SP00193" HPOS="1167" VPOS="2724" WIDTH="39"/>
						<String ID="P34_ST00221" HPOS="1206" VPOS="2669" WIDTH="153" HEIGHT="45" CONTENT="must" WC="1.00" CC="0100"/>
						<SP ID="P34_SP00194" HPOS="1359" VPOS="2724" WIDTH="38"/>
						<String ID="P34_ST00222" HPOS="1397" VPOS="2663" WIDTH="164" HEIGHT="50" CONTENT="think" WC="0.99" CC="05000"/>
						<SP ID="P34_SP00195" HPOS="1561" VPOS="2724" WIDTH="40"/>
						<String ID="P34_ST00223" HPOS="1601" VPOS="2662" WIDTH="320" HEIGHT="64" CONTENT="something" WC="1.00" CC="020004005"/>
						<SP ID="P34_SP00196" HPOS="1921" VPOS="2726" WIDTH="38"/>
						<String ID="P34_ST00224" HPOS="1959" VPOS="2661" WIDTH="194" HEIGHT="51" CONTENT="before" WC="0.99" CC="500520"/>
						<SP ID="P34_SP00197" HPOS="2153" VPOS="2726" WIDTH="39"/>
						<String ID="P34_ST00225" HPOS="2192" VPOS="2661" WIDTH="74" HEIGHT="51" CONTENT="he" WC="0.58" CC="52"/>
					</TextLine>
					<TextLine ID="P34_TL00029" HPOS="501" VPOS="2737" WIDTH="1765" HEIGHT="65">
						<String ID="P34_ST00226" HPOS="501" VPOS="2755" WIDTH="109" HEIGHT="34" CONTENT="can" WC="0.99" CC="003"/>
						<SP ID="P34_SP00198" HPOS="610" VPOS="2789" WIDTH="51"/>
						<String ID="P34_ST00227" HPOS="661" VPOS="2738" WIDTH="331" HEIGHT="64" CONTENT="experience" WC="1.00" CC="0000400000"/>
						<SP ID="P34_SP00199" HPOS="992" VPOS="2802" WIDTH="48"/>
						<String ID="P34_ST00228" HPOS="1040" VPOS="2737" WIDTH="59" HEIGHT="60" CONTENT="it," WC="0.99" CC="300"/>
						<SP ID="P34_SP00200" HPOS="1099" VPOS="2802" WIDTH="51"/>
						<String ID="P34_ST00229" HPOS="1150" VPOS="2738" WIDTH="72" HEIGHT="50" CONTENT="he" WC="0.65" CC="60"/>
						<SP ID="P34_SP00201" HPOS="1222" VPOS="2802" WIDTH="48"/>
						<String ID="P34_ST00230" HPOS="1270" VPOS="2737" WIDTH="46" HEIGHT="51" CONTENT="is" WC="0.92" CC="01"/>
						<SP ID="P34_SP00202" HPOS="1316" VPOS="2802" WIDTH="52"/>
						<String ID="P34_ST00231" HPOS="1368" VPOS="2737" WIDTH="241" HEIGHT="50" CONTENT="without" WC="1.00" CC="0005000"/>
						<SP ID="P34_SP00203" HPOS="1609" VPOS="2802" WIDTH="68"/>
						<String ID="P34_ST00232" HPOS="1677" VPOS="2751" WIDTH="111" HEIGHT="48" CONTENT="any" WC="1.00" CC="000"/>
						<SP ID="P34_SP00204" HPOS="1788" VPOS="2802" WIDTH="69"/>
						<String ID="P34_ST00233" HPOS="1857" VPOS="2737" WIDTH="196" HEIGHT="48" CONTENT="colour" WC="0.99" CC="022002"/>
						<SP ID="P34_SP00205" HPOS="2053" VPOS="2802" WIDTH="50"/>
						<String ID="P34_ST00234" HPOS="2103" VPOS="2750" WIDTH="163" HEIGHT="35" CONTENT="sense" WC="1.00" CC="00002"/>
					</TextLine>
					<TextLine ID="P34_TL00030" HPOS="502" VPOS="2807" WIDTH="1763" HEIGHT="62">
						<String ID="P34_ST00235" HPOS="502" VPOS="2812" WIDTH="304" HEIGHT="51" CONTENT="whatever." WC="0.99" CC="040200034"/>
						<SP ID="P34_SP00206" HPOS="806" VPOS="2863" WIDTH="69"/>
						<String ID="P34_ST00236" HPOS="875" VPOS="2811" WIDTH="46" HEIGHT="49" CONTENT="A" WC="1.00" CC="0"/>
						<SP ID="P34_SP00207" HPOS="921" VPOS="2863" WIDTH="31"/>
						<String ID="P34_ST00237" HPOS="952" VPOS="2812" WIDTH="198" HEIGHT="50" CONTENT="colour" WC="1.00" CC="000002"/>
						<SP ID="P34_SP00208" HPOS="1150" VPOS="2863" WIDTH="31"/>
						<String ID="P34_ST00238" HPOS="1181" VPOS="2809" WIDTH="46" HEIGHT="53" CONTENT="is" WC="1.00" CC="00"/>
						<SP ID="P34_SP00209" HPOS="1227" VPOS="2863" WIDTH="33"/>
						<String ID="P34_ST00239" HPOS="1260" VPOS="2816" WIDTH="100" HEIGHT="46" CONTENT="not" WC="1.00" CC="000"/>
						<SP ID="P34_SP00210" HPOS="1360" VPOS="2863" WIDTH="30"/>
						<String ID="P34_ST00240" HPOS="1390" VPOS="2809" WIDTH="255" HEIGHT="53" CONTENT="received" WC="1.00" CC="40010000"/>
						<SP ID="P34_SP00211" HPOS="1645" VPOS="2863" WIDTH="32"/>
						<String ID="P34_ST00241" HPOS="1677" VPOS="2809" WIDTH="58" HEIGHT="51" CONTENT="in" WC="1.00" CC="00"/>
						<SP ID="P34_SP00212" HPOS="1735" VPOS="2863" WIDTH="32"/>
						<String ID="P34_ST00242" HPOS="1767" VPOS="2809" WIDTH="96" HEIGHT="51" CONTENT="the" WC="0.98" CC="050"/>
						<SP ID="P34_SP00213" HPOS="1863" VPOS="2863" WIDTH="32"/>
						<String ID="P34_ST00243" HPOS="1895" VPOS="2809" WIDTH="142" HEIGHT="60" CONTENT="soul," WC="0.99" CC="00504"/>
						<SP ID="P34_SP00214" HPOS="2037" VPOS="2869" WIDTH="32"/>
						<String ID="P34_ST00244" HPOS="2069" VPOS="2808" WIDTH="104" HEIGHT="51" CONTENT="but" WC="0.98" CC="400"/>
						<SP ID="P34_SP00215" HPOS="2173" VPOS="2869" WIDTH="32"/>
						<String ID="P34_ST00245" HPOS="2205" VPOS="2807" WIDTH="60" HEIGHT="49" CONTENT="in" WC="0.71" CC="04"/>
					</TextLine>
					<TextLine ID="P34_TL00031" HPOS="502" VPOS="2881" WIDTH="1769" HEIGHT="68">
						<String ID="P34_ST00246" HPOS="502" VPOS="2886" WIDTH="96" HEIGHT="49" CONTENT="the" WC="0.99" CC="020"/>
						<SP ID="P34_SP00216" HPOS="598" VPOS="2935" WIDTH="37"/>
						<String ID="P34_ST00247" HPOS="635" VPOS="2901" WIDTH="118" HEIGHT="48" CONTENT="eye." WC="1.00" CC="0002"/>
						<SP ID="P34_SP00217" HPOS="753" VPOS="2949" WIDTH="77"/>
						<String ID="P34_ST00248" HPOS="830" VPOS="2883" WIDTH="349" HEIGHT="65" CONTENT="Everything" WC="1.00" CC="0000003300"/>
						<SP ID="P34_SP00218" HPOS="1179" VPOS="2949" WIDTH="37"/>
						<String ID="P34_ST00249" HPOS="1216" VPOS="2884" WIDTH="113" HEIGHT="51" CONTENT="else" WC="1.00" CC="0100"/>
						<SP ID="P34_SP00219" HPOS="1329" VPOS="2949" WIDTH="37"/>
						<String ID="P34_ST00250" HPOS="1366" VPOS="2882" WIDTH="45" HEIGHT="52" CONTENT="is" WC="0.80" CC="30"/>
						<SP ID="P34_SP00220" HPOS="1411" VPOS="2949" WIDTH="40"/>
						<String ID="P34_ST00251" HPOS="1451" VPOS="2883" WIDTH="207" HEIGHT="64" CONTENT="simply" WC="0.99" CC="030030"/>
						<SP ID="P34_SP00221" HPOS="1658" VPOS="2949" WIDTH="38"/>
						<String ID="P34_ST00252" HPOS="1696" VPOS="2882" WIDTH="94" HEIGHT="51" CONTENT="the" WC="0.99" CC="030"/>
						<SP ID="P34_SP00222" HPOS="1790" VPOS="2949" WIDTH="38"/>
						<String ID="P34_ST00253" HPOS="1828" VPOS="2881" WIDTH="340" HEIGHT="52" CONTENT="association" WC="1.00" CC="00000050040"/>
						<SP ID="P34_SP00223" HPOS="2168" VPOS="2949" WIDTH="37"/>
						<String ID="P34_ST00254" HPOS="2205" VPOS="2881" WIDTH="66" HEIGHT="50" CONTENT="of" WC="0.43" CC="28"/>
					</TextLine>
					<TextLine ID="P34_TL00032" HPOS="505" VPOS="2956" WIDTH="1766" HEIGHT="68">
						<String ID="P34_ST00255" HPOS="505" VPOS="2959" WIDTH="96" HEIGHT="50" CONTENT="the" WC="0.96" CC="037"/>
						<SP ID="P34_SP00224" HPOS="601" VPOS="3009" WIDTH="57"/>
						<String ID="P34_ST00256" HPOS="658" VPOS="2958" WIDTH="273" HEIGHT="66" CONTENT='subject."' WC="0.99" CC="074007000"/>
						<SP ID="P34_SP00225" HPOS="931" VPOS="3024" WIDTH="97"/>
						<String ID="P34_ST00257" HPOS="1028" VPOS="2957" WIDTH="291" HEIGHT="52" CONTENT="Walden's" WC="0.98" CC="00100000"/>
						<SP ID="P34_SP00226" HPOS="1319" VPOS="3024" WIDTH="61"/>
						<String ID="P34_ST00258" HPOS="1380" VPOS="2969" WIDTH="252" HEIGHT="53" CONTENT="message" WC="1.00" CC="0000002"/>
						<SP ID="P34_SP00227" HPOS="1632" VPOS="3024" WIDTH="55"/>
						<String ID="P34_ST00259" HPOS="1687" VPOS="2956" WIDTH="48" HEIGHT="50" CONTENT="is" WC="1.00" CC="00"/>
						<SP ID="P34_SP00228" HPOS="1735" VPOS="3024" WIDTH="60"/>
						<String ID="P34_ST00260" HPOS="1795" VPOS="2961" WIDTH="300" HEIGHT="47" CONTENT="strenuous" WC="1.00" CC="007300000"/>
						<SP ID="P34_SP00229" HPOS="2095" VPOS="3024" WIDTH="61"/>
						<String ID="P34_ST00261" HPOS="2156" VPOS="2956" WIDTH="115" HEIGHT="49" CONTENT="and" WC="0.99" CC="020"/>
					</TextLine>
					<TextLine ID="P34_TL00033" HPOS="501" VPOS="3029" WIDTH="1760" HEIGHT="66">
						<String ID="P34_ST00262" HPOS="501" VPOS="3036" WIDTH="264" HEIGHT="48" CONTENT="accurate" WC="0.99" CC="80003000"/>
						<SP ID="P34_SP00230" HPOS="765" VPOS="3084" WIDTH="41"/>
						<String ID="P34_ST00263" HPOS="806" VPOS="3032" WIDTH="368" HEIGHT="63" CONTENT="throughout," WC="0.99" CC="04026960600"/>
						<SP ID="P34_SP00231" HPOS="1174" VPOS="3095" WIDTH="40"/>
						<String ID="P34_ST00264" HPOS="1214" VPOS="3032" WIDTH="103" HEIGHT="49" CONTENT="but" WC="0.98" CC="500"/>
						<SP ID="P34_SP00232" HPOS="1317" VPOS="3095" WIDTH="38"/>
						<String ID="P34_ST00265" HPOS="1355" VPOS="3032" WIDTH="94" HEIGHT="49" CONTENT="the" WC="0.99" CC="100"/>
						<SP ID="P34_SP00233" HPOS="1449" VPOS="3095" WIDTH="40"/>
						<String ID="P34_ST00266" HPOS="1489" VPOS="3030" WIDTH="198" HEIGHT="51" CONTENT="reader" WC="1.00" CC="100000"/>
						<SP ID="P34_SP00234" HPOS="1687" VPOS="3095" WIDTH="39"/>
						<String ID="P34_ST00267" HPOS="1726" VPOS="3029" WIDTH="46" HEIGHT="52" CONTENT="is" WC="0.88" CC="02"/>
						<SP ID="P34_SP00235" HPOS="1772" VPOS="3095" WIDTH="41"/>
						<String ID="P34_ST00268" HPOS="1813" VPOS="3034" WIDTH="99" HEIGHT="46" CONTENT="not" WC="0.98" CC="410"/>
						<SP ID="P34_SP00236" HPOS="1912" VPOS="3095" WIDTH="37"/>
						<String ID="P34_ST00269" HPOS="1949" VPOS="3029" WIDTH="312" HEIGHT="64" CONTENT="compelled" WC="0.99" CC="020005600"/>
					</TextLine>
					<TextLine ID="P34_TL00034" HPOS="502" VPOS="3102" WIDTH="1764" HEIGHT="68">
						<String ID="P34_ST00270" HPOS="502" VPOS="3110" WIDTH="58" HEIGHT="46" CONTENT="to" WC="1.00" CC="00"/>
						<SP ID="P34_SP00237" HPOS="560" VPOS="3156" WIDTH="46"/>
						<String ID="P34_ST00271" HPOS="606" VPOS="3110" WIDTH="196" HEIGHT="60" CONTENT="accept" WC="1.00" CC="000000"/>
						<SP ID="P34_SP00238" HPOS="802" VPOS="3170" WIDTH="43"/>
						<String ID="P34_ST00272" HPOS="845" VPOS="3105" WIDTH="58" HEIGHT="51" CONTENT="it." WC="0.98" CC="204"/>
						<SP ID="P34_SP00239" HPOS="903" VPOS="3170" WIDTH="84"/>
						<String ID="P34_ST00273" HPOS="987" VPOS="3105" WIDTH="122" HEIGHT="51" CONTENT="The" WC="0.99" CC="010"/>
						<SP ID="P34_SP00240" HPOS="1109" VPOS="3170" WIDTH="60"/>
						<String ID="P34_ST00274" HPOS="1169" VPOS="3103" WIDTH="195" HEIGHT="53" CONTENT="choice" WC="0.99" CC="460100"/>
						<SP ID="P34_SP00241" HPOS="1364" VPOS="3170" WIDTH="64"/>
						<String ID="P34_ST00275" HPOS="1428" VPOS="3104" WIDTH="100" HEIGHT="51" CONTENT="lies" WC="0.98" CC="4101"/>
						<SP ID="P34_SP00242" HPOS="1528" VPOS="3170" WIDTH="62"/>
						<String ID="P34_ST00276" HPOS="1590" VPOS="3104" WIDTH="256" HEIGHT="51" CONTENT="between" WC="0.99" CC="6000105"/>
						<SP ID="P34_SP00243" HPOS="1846" VPOS="3170" WIDTH="61"/>
						<String ID="P34_ST00277" HPOS="1907" VPOS="3102" WIDTH="280" HEIGHT="63" CONTENT="retaining" WC="1.00" CC="000043050"/>
						<SP ID="P34_SP00244" HPOS="2187" VPOS="3170" WIDTH="46"/>
						<String ID="P34_ST00278" HPOS="2233" VPOS="3117" WIDTH="33" HEIGHT="34" CONTENT="a" WC="1.00" CC="0"/>
					</TextLine>
					<TextLine ID="P34_TL00035" HPOS="503" VPOS="3177" WIDTH="1764" HEIGHT="66">
						<String ID="P34_ST00279" HPOS="503" VPOS="3182" WIDTH="234" HEIGHT="50" CONTENT="method" WC="0.98" CC="074540"/>
						<SP ID="P34_SP00245" HPOS="737" VPOS="3232" WIDTH="34"/>
						<String ID="P34_ST00280" HPOS="771" VPOS="3180" WIDTH="183" HEIGHT="51" CONTENT="found" WC="0.99" CC="00160"/>
						<SP ID="P34_SP00246" HPOS="954" VPOS="3232" WIDTH="33"/>
						<String ID="P34_ST00281" HPOS="987" VPOS="3179" WIDTH="203" HEIGHT="52" CONTENT="within" WC="0.99" CC="000510"/>
						<SP ID="P34_SP00247" HPOS="1190" VPOS="3232" WIDTH="30"/>
						<String ID="P34_ST00282" HPOS="1220" VPOS="3179" WIDTH="99" HEIGHT="51" CONTENT="the" WC="0.99" CC="020"/>
						<SP ID="P34_SP00248" HPOS="1319" VPOS="3232" WIDTH="28"/>
						<String ID="P34_ST00283" HPOS="1347" VPOS="3180" WIDTH="109" HEIGHT="50" CONTENT="last" WC="0.99" CC="1012"/>
						<SP ID="P34_SP00249" HPOS="1456" VPOS="3232" WIDTH="29"/>
						<String ID="P34_ST00284" HPOS="1485" VPOS="3183" WIDTH="212" HEIGHT="60" CONTENT="twenty" WC="1.00" CC="000120"/>
						<SP ID="P34_SP00250" HPOS="1697" VPOS="3243" WIDTH="34"/>
						<String ID="P34_ST00285" HPOS="1731" VPOS="3193" WIDTH="179" HEIGHT="50" CONTENT="years," WC="0.98" CC="007063"/>
						<SP ID="P34_SP00251" HPOS="1910" VPOS="3243" WIDTH="36"/>
						<String ID="P34_ST00286" HPOS="1946" VPOS="3193" WIDTH="65" HEIGHT="34" CONTENT="or" WC="0.68" CC="06"/>
						<SP ID="P34_SP00252" HPOS="2011" VPOS="3243" WIDTH="31"/>
						<String ID="P34_ST00287" HPOS="2042" VPOS="3193" WIDTH="78" HEIGHT="43" CONTENT="so," WC="0.98" CC="410"/>
						<SP ID="P34_SP00253" HPOS="2120" VPOS="3243" WIDTH="36"/>
						<String ID="P34_ST00288" HPOS="2156" VPOS="3177" WIDTH="111" HEIGHT="49" CONTENT="and" WC="1.00" CC="000"/>
					</TextLine>
					<TextLine ID="P34_TL00036" HPOS="499" VPOS="3249" WIDTH="1770" HEIGHT="68">
						<String ID="P34_ST00289" HPOS="499" VPOS="3253" WIDTH="331" HEIGHT="64" CONTENT="recovering" WC="1.00" CC="0030000008"/>
						<SP ID="P34_SP00254" HPOS="830" VPOS="3317" WIDTH="38"/>
						<String ID="P34_ST00290" HPOS="868" VPOS="3269" WIDTH="33" HEIGHT="35" CONTENT="a" WC="1.00" CC="0"/>
						<SP ID="P34_SP00255" HPOS="901" VPOS="3317" WIDTH="38"/>
						<String ID="P34_ST00291" HPOS="939" VPOS="3253" WIDTH="234" HEIGHT="51" CONTENT="method" WC="1.00" CC="000400"/>
						<SP ID="P34_SP00256" HPOS="1173" VPOS="3317" WIDTH="40"/>
						<String ID="P34_ST00292" HPOS="1213" VPOS="3251" WIDTH="188" HEIGHT="53" CONTENT="which" WC="1.00" CC="02000"/>
						<SP ID="P34_SP00257" HPOS="1401" VPOS="3317" WIDTH="41"/>
						<String ID="P34_ST00293" HPOS="1442" VPOS="3253" WIDTH="104" HEIGHT="49" CONTENT="has" WC="0.96" CC="505"/>
						<SP ID="P34_SP00258" HPOS="1546" VPOS="3317" WIDTH="39"/>
						<String ID="P34_ST00294" HPOS="1585" VPOS="3257" WIDTH="87" HEIGHT="47" CONTENT="sat" WC="1.00" CC="000"/>
						<SP ID="P34_SP00259" HPOS="1672" VPOS="3317" WIDTH="39"/>
						<String ID="P34_ST00295" HPOS="1711" VPOS="3265" WIDTH="156" HEIGHT="50" CONTENT="upon" WC="0.99" CC="4000"/>
						<SP ID="P34_SP00260" HPOS="1867" VPOS="3317" WIDTH="41"/>
						<String ID="P34_ST00296" HPOS="1908" VPOS="3250" WIDTH="228" HEIGHT="64" CONTENT="Europe" WC="1.00" CC="000000"/>
						<SP ID="P34_SP00261" HPOS="2136" VPOS="3317" WIDTH="41"/>
						<String ID="P34_ST00297" HPOS="2177" VPOS="3249" WIDTH="92" HEIGHT="49" CONTENT="for" WC="1.00" CC="001"/>
					</TextLine>
					<TextLine ID="P34_TL00037" HPOS="502" VPOS="3324" WIDTH="1769" HEIGHT="63">
						<String ID="P34_ST00298" HPOS="502" VPOS="3329" WIDTH="187" HEIGHT="51" CONTENT="whole" WC="0.99" CC="00250"/>
						<SP ID="P34_SP00262" HPOS="689" VPOS="3380" WIDTH="36"/>
						<String ID="P34_ST00299" HPOS="725" VPOS="3326" WIDTH="281" HEIGHT="52" CONTENT="centuries" WC="1.00" CC="000001000"/>
						<SP ID="P34_SP00263" HPOS="1006" VPOS="3380" WIDTH="40"/>
						<String ID="P34_ST00300" HPOS="1046" VPOS="3366" WIDTH="113" HEIGHT="11" CONTENT="..." WC="0.96" CC="333"/>
						<SP ID="P34_SP00264" HPOS="1159" VPOS="3380" WIDTH="73"/>
						<String ID="P34_ST00301" HPOS="1232" VPOS="3326" WIDTH="65" HEIGHT="51" CONTENT="In" WC="1.00" CC="00"/>
						<SP ID="P34_SP00265" HPOS="1297" VPOS="3380" WIDTH="36"/>
						<String ID="P34_ST00302" HPOS="1333" VPOS="3325" WIDTH="111" HEIGHT="52" CONTENT="this" WC="1.00" CC="0010"/>
						<SP ID="P34_SP00266" HPOS="1444" VPOS="3380" WIDTH="37"/>
						<String ID="P34_ST00303" HPOS="1481" VPOS="3342" WIDTH="158" HEIGHT="35" CONTENT="same" WC="1.00" CC="0000"/>
						<SP ID="P34_SP00267" HPOS="1639" VPOS="3380" WIDTH="35"/>
						<String ID="P34_ST00304" HPOS="1674" VPOS="3324" WIDTH="168" HEIGHT="63" CONTENT="issue," WC="1.00" CC="000040"/>
						<SP ID="P34_SP00268" HPOS="1842" VPOS="3387" WIDTH="37"/>
						<String ID="P34_ST00305" HPOS="1879" VPOS="3325" WIDTH="113" HEIGHT="50" CONTENT="and" WC="1.00" CC="000"/>
						<SP ID="P34_SP00269" HPOS="1992" VPOS="3387" WIDTH="39"/>
						<String ID="P34_ST00306" HPOS="2031" VPOS="3324" WIDTH="94" HEIGHT="52" CONTENT="the" WC="0.98" CC="050"/>
						<SP ID="P34_SP00270" HPOS="2125" VPOS="3387" WIDTH="34"/>
						<String ID="P34_ST00307" HPOS="2159" VPOS="3339" WIDTH="112" HEIGHT="36" CONTENT="one" WC="0.99" CC="001"/>
					</TextLine>
					<TextLine ID="P34_TL00038" HPOS="502" VPOS="3397" WIDTH="1769" HEIGHT="69">
						<String ID="P34_ST00308" HPOS="502" VPOS="3400" WIDTH="323" HEIGHT="66" CONTENT="preceding," WC="1.00" CC="0000000500"/>
						<SP ID="P34_SP00271" HPOS="825" VPOS="3466" WIDTH="30"/>
						<String ID="P34_ST00309" HPOS="855" VPOS="3401" WIDTH="158" HEIGHT="51" CONTENT="there" WC="0.99" CC="04000"/>
						<SP ID="P34_SP00272" HPOS="1013" VPOS="3466" WIDTH="30"/>
						<String ID="P34_ST00310" HPOS="1043" VPOS="3400" WIDTH="48" HEIGHT="52" CONTENT="is" WC="1.00" CC="00"/>
						<SP ID="P34_SP00273" HPOS="1091" VPOS="3466" WIDTH="31"/>
						<String ID="P34_ST00311" HPOS="1122" VPOS="3417" WIDTH="33" HEIGHT="34" CONTENT="a" WC="1.00" CC="0"/>
						<SP ID="P34_SP00274" HPOS="1155" VPOS="3466" WIDTH="30"/>
						<String ID="P34_ST00312" HPOS="1185" VPOS="3400" WIDTH="360" HEIGHT="51" CONTENT="remarkable" WC="0.99" CC="1000205440"/>
						<SP ID="P34_SP00275" HPOS="1545" VPOS="3466" WIDTH="30"/>
						<String ID="P34_ST00313" HPOS="1575" VPOS="3399" WIDTH="194" HEIGHT="51" CONTENT="article" WC="0.99" CC="0410050"/>
						<SP ID="P34_SP00276" HPOS="1769" VPOS="3466" WIDTH="32"/>
						<String ID="P34_ST00314" HPOS="1801" VPOS="3399" WIDTH="75" HEIGHT="65" CONTENT="by" WC="1.00" CC="00"/>
						<SP ID="P34_SP00277" HPOS="1876" VPOS="3466" WIDTH="33"/>
						<String ID="P34_ST00315" HPOS="1909" VPOS="3397" WIDTH="135" HEIGHT="64" CONTENT="Jorg" WC="0.73" CC="0054"/>
						<SP ID="P34_SP00278" HPOS="2044" VPOS="3466" WIDTH="32"/>
						<String ID="P34_ST00316" HPOS="2076" VPOS="3397" WIDTH="195" HEIGHT="64" CONTENT="Mager" WC="0.80" CC="00405"/>
					</TextLine>
					<TextLine ID="P34_TL00039" HPOS="502" VPOS="3471" WIDTH="1767" HEIGHT="68">
						<String ID="P34_ST00317" HPOS="502" VPOS="3490" WIDTH="76" HEIGHT="36" CONTENT="on" WC="0.65" CC="60"/>
						<SP ID="P34_SP00279" HPOS="578" VPOS="3526" WIDTH="50"/>
						<String ID="P34_ST00318" HPOS="628" VPOS="3475" WIDTH="95" HEIGHT="52" CONTENT="the" WC="0.99" CC="020"/>
						<SP ID="P34_SP00280" HPOS="723" VPOS="3527" WIDTH="49"/>
						<String ID="P34_ST00319" HPOS="772" VPOS="3476" WIDTH="390" HEIGHT="63" CONTENT="quarter-tone" WC="1.00" CC="000100100100"/>
						<SP ID="P34_SP00281" HPOS="1162" VPOS="3539" WIDTH="50"/>
						<String ID="P34_ST00320" HPOS="1212" VPOS="3474" WIDTH="166" HEIGHT="59" CONTENT="scale," WC="1.00" CC="000203"/>
						<SP ID="P34_SP00282" HPOS="1378" VPOS="3539" WIDTH="50"/>
						<String ID="P34_ST00321" HPOS="1428" VPOS="3471" WIDTH="329" HEIGHT="65" CONTENT="containing" WC="0.99" CC="0100005159"/>
						<SP ID="P34_SP00283" HPOS="1757" VPOS="3539" WIDTH="49"/>
						<String ID="P34_ST00322" HPOS="1806" VPOS="3472" WIDTH="337" HEIGHT="51" CONTENT="documents" WC="1.00" CC="000000030"/>
						<SP ID="P34_SP00284" HPOS="2143" VPOS="3539" WIDTH="48"/>
						<String ID="P34_ST00323" HPOS="2191" VPOS="3486" WIDTH="78" HEIGHT="35" CONTENT="on" WC="0.28" CC="58"/>
					</TextLine>
				</TextBlock>
			</PrintSpace>
		</Page>
	</Layout>
</alto>
