2537 4000
1902 3618 23 36 1

342 418 86 81 A
484 418 932 96 MOTOR=CYCLE,
1472 420 285 79 AND
1825 420 236 82 OFF

698 537 160 82 TO
918 537 252 82 THE
1228 537 465 82 BEACH!

462 732 121 53 The
622 734 252 63 sunlight
914 734 46 52 is
1001 735 242 66 glowing
1285 738 203 63 golden
1528 753 75 34 on
1644 738 93 50 the
1780 736 160 52 fields
1980 736 106 50 full

320 807 62 50 of
418 809 299 62 marigold;
757 810 94 48 the
888 809 251 64 sunlight
1173 810 47 52 is
1256 810 235 66 flaming
1528 824 167 51 green
1732 811 59 51 in
1827 811 94 51 the
1959 811 129 51 first

316 895 170 50 spray
522 881 58 50 of
613 882 184 51 leaves
828 884 124 49 that
985 899 183 48 sways
1201 884 59 50 in
1294 885 95 51 the
1422 889 165 54 trees;
1624 886 94 50 the
1754 885 254 65 sunlight
2039 885 47 52 is

316 955 199 50 brown
565 955 112 49 and
729 957 129 61 gold
909 971 132 36 over
1091 957 94 51 the
1234 958 287 51 meadows
1591 960 112 49 and
1773 961 169 62 along
1991 960 94 51 the

316 1027 295 64 highroad.

686 1119 190 63 ready,

701 1195 192 62 ready,
938 1193 168 51 Jim."'

773 1267 80 51 I'll
895 1270 76 48 let
1007 1268 100 51 her

460 1352 123 51 And
613 1353 87 50 off
726 1366 130 52 goes
882 1356 94 50 the
1004 1357 388 61 motor-cycle,
1420 1356 419 61 chuck-chuck,
1867 1360 216 57 clatter,

312 1426 167 63 hang,
515 1431 307 61 sput-sput,
861 1432 291 61 sput-sput
1189 1430 88 64 zip
1314 1431 172 49 down
1521 1432 96 51 the
1652 1433 140 50 road
1829 1432 252 51 between

317 1502 97 51 the
443 1516 168 51 green
645 1507 143 47 trees
822 1505 114 49 and
970 1510 98 45 out
1098 1505 248 64 through
1379 1506 94 51 the
1507 1506 146 60 hills,
1690 1506 113 51 Jim
1836 1507 59 51 in
1928 1508 156 50 front

312 1573 57 50 in
402 1574 94 51 the
529 1576 211 58 saddle,
775 1576 135 49 with
945 1576 89 52 his
1065 1591 107 49 cap
1203 1576 254 66 jammed
1488 1578 308 51 backward
1830 1595 133 35 over
1994 1580 89 50 his

310 1649 231 61 glasses;
583 1649 162 65 Betty
785 1649 250 65 hanging
1074 1666 75 35 on
1186 1652 232 62 behind,
1459 1654 301 59 astraddle,
1801 1654 282 64 throwing

311 1720 146 53 back
493 1723 101 51 her
630 1723 164 60 head,
830 1726 113 48 and
980 1724 271 65 laughing
1286 1727 136 49 with
1459 1728 76 50 all
1570 1728 101 50 her
1705 1728 172 51 white
1912 1729 169 59 teeth,

311 1812 62 35 as
400 1799 94 50 the
522 1798 84 51 air
634 1813 193 46 passes
855 1814 133 36 over
1012 1801 102 49 her
1142 1799 123 52 face
1291 1802 113 49 and
1435 1803 262 51 snatches
1726 1807 58 47 at
1810 1804 101 50 her
1938 1803 142 51 hair.

551 1886 102 53 'All
689 1888 174 60 there,
900 1887 217 52 Beth?''

705 1963 175 60 there,
929 1963 131 51 Jim.
1130 1964 147 52 Let's

458 2124 113 52 Jim
599 2131 162 47 turns
788 2143 74 33 on
890 2143 158 35 more
1074 2140 115 52 gas,
1216 2129 112 50 and
1357 2128 87 50 off
1470 2141 131 52 goes
1629 2131 97 49 the
1754 2132 94 48 old
1876 2131 207 52 buzzer

308 2198 171 52 down
514 2201 95 49 the
644 2202 157 57 road,
838 2201 236 63 curving
1110 2202 255 51 between
1401 2203 94 50 the
1531 2220 125 34 cars
1693 2204 124 50 that
1851 2206 232 61 already

311 2273 140 51 hum
505 2288 132 37 over
691 2275 95 50 the
838 2277 300 49 macadam
1190 2277 58 49 in
1300 2278 134 62 long
1484 2278 143 51 lines
1681 2278 112 51 this
1849 2279 232 65 Sunday

311 2349 279 62 morning.

531 2430 265 52 "There's
830 2437 101 44 not
960 2448 30 34 a
1026 2432 159 64 thing
1215 2432 111 52 like
1360 2433 41 51 it
1434 2433 90 51 for
1557 2436 188 62 speed,

757 2505 43 51 it
835 2508 98 61 up!
996 2507 20 49 I
1058 2507 171 53 adore
1267 2508 169 63 going

456 2593 195 51 Faster
687 2594 94 51 the
815 2598 144 47 trees
994 2596 160 50 blurr
1187 2599 145 60 past,
1366 2613 61 35 as
1462 2597 96 51 the
1591 2601 188 47 motor
1813 2598 268 51 trembles

308 2669 112 48 and
465 2683 263 43 swerves;
773 2667 174 53 faster
988 2670 95 51 the
1121 2670 209 51 houses
1371 2672 113 49 and
1525 2672 192 51 barns.
1779 2673 121 51 The
1942 2674 138 50 road

308 2742 242 52 whitens
581 2758 77 48 up
691 2748 57 46 to
781 2748 147 47 meet
960 2744 174 60 them,
1167 2745 113 50 and
1312 2744 227 52 flickers
1571 2762 164 48 away
1766 2747 214 52 behind
2009 2780 75 5 —

308 2817 120 49 into
466 2817 249 64 villages,
757 2824 99 46 out
896 2819 63 50 of
996 2819 248 64 villages,
1288 2819 190 61 faster,
1521 2820 191 60 faster,
1756 2823 172 49 down
1968 2823 113 49 and

308 2905 181 50 away,
519 2891 301 53 white-hot
848 2893 137 51 with
1016 2895 95 50 the
1138 2893 219 51 motion
1387 2897 113 48 and
1530 2895 97 51 life
1657 2895 61 50 of
1746 2897 95 50 the
1871 2898 111 62 day
2009 2927 75 6 —

308 2969 144 47 trees
501 2965 254 64 merging
804 2966 120 51 into
974 2983 33 34 a
1055 2968 337 63 haze-green
1460 2969 163 51 fence
1672 2969 139 51 with
1881 2971 200 50 brown

307 3040 156 60 poles
495 3069 74 7 —
599 3039 209 52 houses
841 3040 113 51 like
987 3043 233 62 patches
1255 3041 59 50 of
1349 3043 189 61 white,
1571 3043 138 50 with
1742 3044 145 51 dark
1921 3045 160 51 holes

306 3144 72 5 —
419 3112 173 52 faster
636 3115 112 49 and
792 3114 174 52 faster
1006 3145 73 7 —
1117 3116 422 61 chuck-chuck,
1582 3119 165 51 rattle
1791 3123 290 59 sput-sput

308 3191 266 61 sputsput
609 3189 171 50 down
816 3190 113 49 and
966 3205 163 48 away
1169 3229 9 10 .
1222 3231 8 10 .
1272 3229 9 9 .

528 3276 189 52 While
758 3279 178 52 above

528 3352 121 51 The
681 3352 181 53 winds
898 3355 133 63 play
1068 3356 189 64 gently
1293 3355 146 52 back
1474 3358 112 49 and
1623 3356 173 61 forth,

527 3429 122 52 And
689 3430 96 51 the
820 3431 131 64 long
987 3432 127 63 lazy
1148 3432 198 53 clouds
1383 3434 179 63 swing
1597 3432 263 65 leisurely

528 3504 149 52 Over
714 3506 92 50 the
842 3505 223 65 blazing
1103 3506 121 64 sky.
