3241 4363
3040 4051 75 42 155

127 1017 77 36 304.
229 1013 76 36 Vue
333 1012 50 36 de
412 1011 29 37 la
470 1015 200 45 maquette
700 1019 311 43 accompagnant
1039 1014 32 38 le
1102 1015 121 50 Projet
1250 1017 68 36 des
1346 1016 230 39 architectes
1603 1019 33 36 J.
1665 1019 178 46 Eggericx

124 1076 36 33 et
184 1072 34 35 R.
241 1067 243 49 Verwilghen.

139 3897 77 39 305.
247 3898 79 38 Plan
371 3898 237 38 d'ensemble
653 3897 47 38 du
746 3898 122 48 Projet
910 3889 451 50 «Anvers-Métropole
1403 3888 51 38 de
1497 3886 244 47 I'Europe»,
1785 3881 69 38 des

138 3953 221 40 architectes
383 3956 32 37 J.
442 3956 178 46 Eggericx
645 3958 40 32 et
712 3954 37 36 R.
774 3950 244 47 Verwilghen.

2178 267 59 34 mé
2269 279 45 22 en
2345 279 42 22 un
2418 266 180 36 immense
2629 265 256 46 bassin-canal,
2916 270 19 36 à
2968 271 131 35 niveau

2178 325 185 39 constant,
2395 336 56 22 sur
2481 319 122 51 lequel
2632 336 40 22 se
2700 322 171 47 greffent
2900 323 51 38 les
2980 323 105 39 instal-

2179 375 131 39 lations
2338 379 203 35 maritimes
2572 379 196 47 présentes
2798 384 38 32 et
2862 378 155 39 futures.
3048 381 52 36 Un

2179 448 147 34 groupe
2349 432 185 38 d'écluses
2556 448 44 22 au
2625 432 114 44 Nord,
2763 449 43 21 un
2831 439 105 32 autre
2959 450 44 22 au
3027 437 72 36 Sud

2179 489 269 38 commandent
2477 488 136 39 l'accès
2643 488 47 38 du
2721 494 95 43 port.
2846 490 89 37 Leur
2962 491 117 48 empla-

2179 551 154 32 cement
2363 561 18 22 a
2414 548 65 35 été
2512 544 112 39 choisi
2657 544 50 38 de
2738 547 165 36 manière
2933 561 74 34 que
3039 562 63 22 ces

2179 604 223 48 importants
2432 616 188 33 ouvrages
2651 603 165 48 puissent
2844 602 208 38 s'exécuter
3082 605 19 35 à

2178 674 76 23 sec.

2178 717 61 38 Ce
2264 732 240 34 programme
2526 716 123 38 fluvial
2672 722 39 32 et
2735 718 184 35 maritime
3012 717 92 38 dont

2180 774 50 38 les
2250 772 134 40 détails
2404 774 201 38 devraient
2624 772 261 39 évidemment
2904 775 83 35 être
3008 775 78 36 arrê-

2179 833 58 35 tés
2270 846 65 34 par
2364 830 69 38 des
2462 829 234 51 spécialistes
2802 844 18 22 a
2855 844 90 34 pour
2975 831 108 35 consé-

2180 901 149 34 quence
2379 885 256 50 urbanistique
2686 885 51 38 de
2789 884 184 50 déplacer
3023 900 83 23 vers

2181 942 148 39 l'Ouest
2354 942 31 38 le
2431 948 197 33 centre
2674 942 63 37 de
2783 944 227 45 gravité
3055 941 50 38 de

2182 998 325 49 l'agglomération
2547 1000 228 35 anversoise.
2815 999 71 36 Dès
2924 997 67 38 lors
3031 997 75 50 plus

2181 1056 49 37 de
2255 1055 118 38 doute
2398 1071 44 21 au
2467 1058 95 47 sujet
2585 1054 47 38 du
2657 1059 75 32 sort
2756 1054 50 37 de
2831 1053 29 38 la
2890 1055 87 36 Rive
3003 1054 78 37 Gau-

2181 1112 82 38 che.

2182 1171 109 37 C'est
2314 1186 55 22 sur
2392 1171 50 38 les
2464 1173 156 35 terrains
2644 1170 50 37 de
2718 1169 162 43 l'lmalso,
2975 1185 56 22 sur
3055 1168 51 38 les

2180 1230 157 35 terrains
2363 1229 132 35 voisins
2523 1229 60 47 qui
2610 1226 221 37 s'étendent
2858 1226 140 49 jusqu'à
3028 1224 63 39 l'Es-

2183 1288 87 33 caut
2301 1283 149 37 rectifié
2481 1282 126 51 (limite
2639 1282 49 38 de
2721 1282 29 37 la
2784 1283 174 36 Province
2991 1281 92 37 d'An-

2181 1339 95 49 vers)
2305 1353 74 35 que
2410 1354 39 22 se
2480 1343 247 33 concentrera
2759 1338 178 36 l'activité
2966 1339 117 35 écono-

2183 1397 136 47 mique,
2361 1393 30 38 la
2431 1397 59 35 vie
2530 1394 68 37 des
2639 1393 166 43 affaires,
2848 1393 49 37 de
2938 1392 167 38 l'Anvers

2182 1451 137 38 future.

2185 1510 109 37 C'est
2329 1512 180 47 pourquoi
2544 1508 49 38 les
2624 1514 149 32 auteurs
2805 1509 47 37 du
2887 1511 124 46 projet
3042 1513 64 32 ont

2187 1569 112 46 prévu
2333 1581 43 21 au
2407 1570 130 33 centre
2568 1565 50 37 de
2650 1564 29 38 la
2711 1564 80 37 ville
2822 1567 59 47 qui
2912 1564 191 37 s'édifiera

2183 1637 56 23 sur
2260 1621 29 38 la
2315 1623 86 35 Rive
2424 1621 172 42 Gauche,
2685 1622 19 36 à
2728 1619 129 39 cheval
2878 1635 55 22 sur
2954 1619 150 37 l'artère

2185 1677 148 38 dorsale
2385 1676 248 50 (autostrade)
2686 1678 59 46 qui
2799 1674 204 38 débouche
3057 1674 48 37 du

2184 1732 125 39 tunnel
2411 1748 42 21 un
2482 1734 179 34 immense
2711 1736 196 32 centre
2958 1729 119 38 d'af-

2186 1789 201 43 faires,
2457 1792 241 44 comportant
2736 1802 70 21 une
2841 1788 96 35 série
2972 1788 113 47 impor-

2184 1850 109 32 tante
2315 1844 50 37 de
2387 1842 235 49 gratte-ciels
2643 1842 170 49 disposés
2835 1841 32 38 le
2888 1841 84 48 long
2994 1841 112 37 d'une

2185 1916 92 22 zone
2305 1905 108 32 verte
2442 1898 103 48 large
2574 1898 50 37 de
2651 1901 72 34 900
2752 1913 46 22 m.
2825 1902 40 32 et
2892 1897 135 48 longue
3056 1896 50 37 de

2188 1959 18 35 3
2233 1956 66 38 km.
2323 1958 33 34 A
2378 1955 141 38 chacun
2544 1954 67 37 des
2637 1956 121 47 points
2780 1955 186 35 extrêmes
2988 1952 50 37 de
3062 1968 45 21 ce

2187 2011 118 49 grand
2330 2027 66 21 axe
2418 2026 43 22 un
2483 2009 216 49 gratte-ciel
2720 2009 50 37 de
2791 2011 47 35 80
2859 2011 150 45 étages.
3029 2008 78 36 Ces

2187 2068 96 37 deux
2305 2070 199 34 immenses
2528 2065 134 50 phares
2683 2064 233 51 jalonneront
2938 2079 43 21 au
3005 2063 102 48 large

2188 2124 167 36 l'Anvers
2380 2122 138 38 future.

2185 2185 33 34 A
2258 2197 90 23 ceux
2389 2183 59 47 qui
2490 2181 297 37 s'étonneraient
2827 2180 49 37 de
2917 2179 190 49 l'ampleur

2188 2239 112 36 d'une
2333 2237 151 50 pareille
2518 2239 248 47 composition
2798 2235 50 37 les
2880 2241 149 31 auteurs
3060 2234 48 38 du

2189 2297 124 47 projet
2335 2293 83 38 font
2441 2308 217 34 remarquer
2683 2291 101 51 qu'ils
2808 2296 64 32 ont
2895 2290 105 38 voulu
3029 2293 60 47 pré-

2187 2353 78 34 voir
2301 2349 179 50 l'époque
2518 2350 19 36 à
2578 2348 157 49 laquelle
2773 2350 153 41 Anvers,
2968 2350 119 34 Métro-

2189 2405 86 51 pole
2322 2406 49 37 de
2418 2405 178 50 l'Europe,
2644 2403 239 39 centralisera
2931 2402 177 37 l'activité

2189 2460 265 40 commerciale
2492 2461 84 37 d'un
2615 2462 205 36 continent.
2859 2458 36 38 Ils
2933 2460 176 35 estiment

2190 2519 84 48 qu'à
2316 2516 167 39 l'échelle
2523 2517 50 36 de
2613 2515 29 38 la
2681 2518 57 34 vie
2778 2517 252 46 économique
3069 2519 40 31 et

2189 2572 264 40 commerciale
2498 2572 47 38 du
2593 2571 138 37 monde
2777 2570 192 43 moderne,
3017 2568 92 38 leurs

2189 2632 201 47 prévisions
2422 2629 101 36 n'ont
2555 2630 74 34 rien
2664 2627 219 47 d'exagéré.
2916 2626 45 36 Le
2996 2624 89 38 Rock-

2187 2684 273 39 feller-Center
2481 2683 49 38 de
2554 2681 201 39 New-York
2776 2681 99 37 offre
2897 2681 68 36 dès
2984 2682 20 35 à
3027 2682 62 47 pré-

2189 2747 82 32 sent
2307 2739 195 50 l'exemple
2536 2739 50 37 de
2623 2737 29 38 la
2690 2736 211 39 réalisation
2939 2735 170 50 partielle

2189 2797 111 37 d'une
2333 2811 20 21 «
2385 2794 87 38 Ville
2507 2792 287 39 Internationale
2829 2808 19 21 »
2882 2794 45 35 où
2959 2792 149 48 chaque

2190 2868 99 34 pays,
2312 2851 148 49 chaque
2482 2851 223 37 consortium
2727 2846 274 44 international,
3025 2846 63 38 cha-

2189 2924 73 32 que
2294 2909 223 36 association
2549 2903 187 39 mondiale
2768 2905 164 49 pourrait
2959 2908 150 32 trouver

2187 2966 19 35 à
2232 2980 40 22 se
2298 2961 216 40 domicilier.
2542 2963 179 47 Pourquoi
2748 2961 153 41 Anvers,
2930 2961 58 46 qui
3019 2962 92 45 peut

2190 3019 206 51 prétendre
2423 3020 94 40 être,
2546 3032 46 22 en
2621 3017 154 48 Europe,
2803 3014 32 38 le
2865 3014 169 51 pendant
3059 3013 50 37 de

2188 3076 29 38 la
2246 3074 145 49 grande
2420 3072 219 51 Métropole
2665 3073 239 41 américaine,
2932 3085 45 22 ne
3005 3084 85 35 pour-

2189 3131 158 39 rait-elle
2370 3130 150 37 réaliser
2541 3131 19 35 à
2584 3128 29 37 la
2638 3130 87 34 Rive
2745 3126 174 44 Gauche,
2942 3140 70 22 une
3035 3128 75 33 cité

2190 3186 187 39 mondiale
2414 3185 76 51 plus
2523 3186 196 48 spacieuse
2753 3187 40 32 et
2826 3184 117 34 mieux
2977 3181 112 36 ordon-

2190 3244 97 37 née?

2190 3311 144 34 Autour
2358 3307 51 37 de
2433 3321 45 23 ce
2502 3309 132 34 centre
2659 3305 254 46 économique
2939 3316 38 22 se
3003 3316 88 33 grou-

2192 3368 91 45 pent
2309 3362 51 38 les
2385 3365 183 46 quartiers
2594 3359 265 38 d'habitation.
2889 3357 36 38 Ils
2953 3362 64 32 ont
3045 3359 66 35 été

2192 3434 136 35 conçus
2357 3433 82 23 sous
2469 3417 29 37 la
2528 3416 121 37 forme
2680 3415 50 37 de
2761 3413 137 48 grands
2928 3411 102 39 blocs
3061 3411 50 38 de

2189 3479 75 35 400
2295 3491 45 22 m.
2370 3474 50 38 de
2452 3474 145 47 largeur
2626 3476 40 32 et
2696 3471 49 36 de
2775 3472 73 35 900
2879 3484 46 21 m.
2956 3468 50 37 de
3039 3467 55 37 lon-

2190 3547 118 33 gueur
2330 3532 176 36 entourés
2526 3528 185 38 d'artères
2732 3526 50 37 de
2805 3525 118 48 grand
2945 3524 124 37 trafic.

2194 3598 101 36 Nous
2326 3610 88 22 nous
2444 3592 187 39 étendons
2662 3591 141 37 ailleurs
2834 3605 56 22 sur
2921 3589 51 38 les
3003 3604 89 22 avan-

2191 3658 113 42 tages
2338 3651 50 37 de
2422 3665 63 22 ces
2519 3646 217 53 superblocs
2770 3646 167 37 destinés
2973 3646 19 35 à
3030 3646 83 35 être

2194 3710 172 36 nervurés
2397 3721 65 35 par
2491 3705 68 37 des
2588 3718 81 23 rues
2697 3702 22 38 d
2740 3701 228 38 habitations
2998 3706 40 31 et
3067 3715 46 22 ou

2191 3765 68 37 des
2281 3760 220 40 immeubles
2523 3762 20 36 à
2568 3762 290 48 appartements
2881 3757 50 36 de
2954 3756 56 37 dix
3032 3758 62 34 éta-

2194 3835 67 33 ges
2293 3822 176 47 pourront
2500 3818 82 35 être
2613 3817 124 45 érigés
2768 3828 81 22 sans
2878 3813 237 37 contrevenir

2193 3892 65 22 aux
2294 3874 62 38 lois
2393 3873 49 38 de
2480 3869 332 40 l'ensoleillement.
2852 3869 64 37 Les
2952 3881 163 36 espaces

2192 3937 99 32 verts
2314 3933 59 46 qui
2397 3928 51 39 les
2471 3932 201 34 entourent
2694 3941 40 22 se
2760 3926 153 49 prêtent
2935 3925 19 35 à
2979 3923 30 37 la
3035 3938 60 35 pra-
