3241 4363
164 4041 80 46 152

166 276 84 35 299.

166 331 65 37 Les
258 332 154 35 réseaux
439 328 49 39 de
519 330 331 38 communications
881 341 7 23 :

164 388 132 40 métro,
324 390 207 46 tramways,
561 384 253 39 autostrades.

154 2958 71 35 300
254 2979 12 6 -
298 2957 83 36 301.
413 2956 46 36 Le
489 2958 132 35 réseau
649 2954 116 39 ferré.

153 3366 37 34 3°
240 3355 474 50 CARACTERISTIQUES
761 3355 203 39 PROPRES
1011 3357 61 36 DU

155 3417 169 38 PROJET
353 3431 9 23 :

153 3497 46 49 A)
231 3495 162 37 Habitat
420 3499 40 33 et
486 3492 214 40 circulation
731 3507 8 23 :
769 3491 223 51 possibilités
1018 3506 39 22 ex-

154 3549 272 52 ceptionnelles
449 3553 108 34 étant
580 3549 126 37 donné
730 3547 32 39 le
783 3549 138 37 terrain
944 3552 41 32 et
1008 3546 68 38 des

153 3609 219 48 opérations
392 3605 236 38 d'ensemble
649 3619 74 35 que
745 3604 106 37 l'état
872 3603 50 37 de
943 3602 133 39 choses

155 3668 148 45 permet
329 3662 49 38 de
403 3664 213 36 concevoir.

155 3741 31 48 B)
216 3741 215 49 Transports
458 3754 8 23 :

225 3807 27 49 I)
284 3807 228 46 Navigation
535 3820 7 23 :
564 3809 84 46 port
665 3805 116 43 franc,
802 3810 85 45 port
905 3805 69 37 des
995 3819 61 35 pas-

218 3877 139 32 sagers,
393 3867 84 44 port
508 3861 68 38 des
609 3860 278 39 marchandises
920 3862 138 49 périssa-

218 3918 91 38 bles.

1251 3356 33 49 2)
1314 3357 215 49 Transports
1559 3370 66 37 par
1653 3362 108 32 route
1794 3372 7 22 :
1831 3355 159 45 Centre,
2022 3362 74 34 croi-

1251 3417 148 33 sement
1437 3413 69 37 des
1543 3413 166 48 grandes
1745 3414 243 38 autostrades
2027 3417 58 35 Am-

1250 3468 167 38 sterdam
1436 3493 13 5 -
1467 3470 94 36 Paris
1578 3493 12 6 -
1610 3468 111 38 Berlin
1740 3493 12 6 -
1771 3468 81 38 Lille
1871 3494 12 5 -
1903 3469 180 39 Ostende
2102 3495 13 6 -

1251 3524 174 39 Londres.

1252 3592 32 49 3)
1314 3591 215 51 Transports
1559 3607 66 36 par
1652 3592 62 38 rail
1745 3608 7 22 :
1780 3593 107 38 Gare
1916 3596 195 42 maritime,

1249 3646 139 41 liaison.

1249 3716 35 49 4)
1314 3716 215 50 Transports
1553 3731 65 36 par
1641 3720 51 34 air
1716 3731 8 23 :
1746 3719 368 46 Anvers-aérogare.

1251 3783 33 49 5)
1315 3786 141 35 Métro.

1186 3859 47 51 C)
1263 3859 228 51 Compléter
1526 3861 32 38 le
1593 3877 205 35 panorama
1834 3863 69 38 des
1936 3866 94 35 rives
2063 3864 51 37 de

1186 3915 167 39 l'Escaut.

2227 3359 40 50 D)
2299 3360 137 47 Larges
2462 3376 163 35 espaces
2652 3363 170 39 affectés
2850 3380 43 22 au
2920 3364 207 51 développe-

2226 3421 103 32 ment
2362 3416 68 38 des
2463 3417 244 40 installations
2739 3420 182 39 actuelles
2954 3424 20 35 à
3008 3421 139 41 l'étroit,

2225 3476 39 32 et
2293 3471 68 38 des
2391 3475 258 48 promenades
2676 3478 61 47 qui
2766 3483 208 44 manquent
3003 3480 126 35 mainte-

2226 3533 88 32 nant
2338 3527 32 39 le
2395 3529 84 49 long
2505 3530 50 39 de
2580 3530 169 41 l'Escaut.

2225 3586 33 35 A
2283 3600 65 23 ces
2372 3589 346 49 caractéristiques,
2744 3588 17 38 il
2787 3606 21 34 y
2831 3605 19 22 a
2875 3589 70 39 lieu
2970 3590 180 51 d'ajouter

2225 3640 51 38 les
2304 3644 189 36 suivantes
2521 3646 60 46 qui
2610 3644 242 51 complètent
2878 3649 87 35 ainsi
2994 3645 32 40 le
3054 3648 97 49 point

2226 3698 50 36 de
2300 3697 141 51 départ
2464 3699 50 38 de
2539 3699 29 38 la
2595 3704 233 47 conception
2854 3703 48 37 du
2930 3706 122 48 projet
3076 3717 8 23 :

2304 3754 304 40 Concentration
2644 3757 69 39 des
2746 3758 243 40 installations
3024 3758 109 39 mariti-

2226 3826 79 23 mes
2333 3811 92 38 dans
2455 3811 32 38 le
2519 3813 103 37 Nord
2655 3829 92 35 pour
2777 3815 133 38 obvier
2940 3831 65 23 aux
3035 3818 96 35 incon-

2225 3870 173 36 vénients
2437 3869 114 37 d'une
2592 3870 209 50 dispersion
2841 3874 20 36 à
2902 3873 146 48 grande
3086 3870 48 38 dis-

2224 3929 130 39 tance;
