3241 4363
3013 4058 72 42 163

91 1498 74 35 314.
189 1493 59 37 Ce
273 1491 151 39 schéma
450 1491 203 38 démontre
680 1490 51 38 les
757 1493 123 46 points
906 1493 162 35 suivants
1094 1505 7 23 :

74 1551 44 50 —
162 1557 43 35 Le
231 1553 123 39 tunnel
384 1553 123 38 actuel
536 1552 291 49 désorganisera
856 1552 29 38 la
915 1551 231 43 circulation;

74 1602 46 41 —
165 1605 15 38 II
212 1604 115 38 devra
361 1603 185 39 absorber
580 1603 29 38 la
643 1602 216 39 circulation
892 1602 291 39 internationale
1214 1603 47 38 du
1297 1604 102 38 Nord
1433 1620 81 22 vers
1546 1604 32 38 le
1611 1602 88 41 Sud-Ouest;

74 1602 67 40 les
163 1602 157 40 artères
342 1602 224 40 existantes
588 1602 45 40 ne
655 1602 180 40 pourront
857 1602 135 40 suffir
1014 1602 23 40 à
1059 1602 112 40 cette
1193 1602 247 40 circulation
1462 1602 224 40 compliquée

74 1602 48 40 du
146 1602 144 40 trafic
314 1602 144 40 local,
482 1602 24 40 —
530 1602 192 40 pourquoi
746 1602 96 40 donc
866 1602 120 40 créer
1010 1602 72 40 des
1106 1602 265 40 difficultés
1395 1602 48 40 en
1467 1602 241 40 favorisant

94 1773 61 23 une
179 1759 188 36 extension
394 1771 82 23 vers
503 1755 27 38 la
562 1757 86 36 Rive
674 1754 190 40 Gauche?

93 1809 145 37 Travaux
275 1810 17 34 à
329 1809 181 35 exécuter
548 1822 6 22 :
598 1809 30 34 1°
668 1808 302 36 Détournement
1004 1805 50 38 de
1092 1805 30 38 la
1160 1806 215 38 circulation
1414 1806 289 38 internationale

97 1856 197 44 Nord-Sud,
333 1856 260 43 Nord-Ouest,
631 1862 133 33 autour
798 1856 51 38 de
884 1855 29 39 la
947 1855 94 39 ville.
1075 1858 33 36 2.
1143 1856 268 39 Construction
1448 1856 112 38 d'une
1596 1862 107 32 route

95 1907 256 50 périphérique
376 1911 18 34 à
423 1907 81 38 I'Est
527 1908 106 48 (pour
658 1907 31 38 le
713 1906 111 39 trafic
852 1906 226 48 Nord-Sud).
1104 1910 32 34 3.
1163 1907 267 38 Construction
1458 1907 112 37 d'une
1597 1911 108 33 route

95 1975 15 21 a
132 1959 150 42 l'Ouest,
306 1973 44 23 en
376 1957 155 39 relation
556 1973 94 23 avec
675 1957 28 39 la
728 1962 107 34 route
858 1957 51 38 de
931 1956 227 39 Gand-Rive
1181 1957 176 39 Gauche.
1379 1962 35 34 4.
1437 1957 266 37 Construction

94 2009 74 38 d'un
189 2008 122 39 tunnel
336 2011 85 47 près
444 2008 50 38 de
519 2008 90 43 Lillo,
637 2023 92 33 pour
753 2008 31 38 le
807 2007 112 39 trafic
942 2008 276 38 international.
1242 2010 33 36 5.
1299 2008 268 37 Construction
1591 2006 113 38 d'une

97 2065 96 32 route
219 2075 42 22 au
288 2058 84 44 Sud,
401 2074 91 34 pour
519 2058 31 39 le
576 2058 111 40 trafic
714 2059 162 38 national
904 2059 214 37 Est-Ouest.
1145 2062 33 35 6.
1205 2058 267 38 Construction
1501 2057 84 38 d'un
1615 2063 91 42 pont

99 2113 75 45 près
209 2109 197 39 Hoboken.
445 2112 31 36 7.
514 2112 46 36 Le
593 2110 124 38 tunnel
754 2109 123 39 actuel
913 2112 136 35 servira
1086 2111 246 46 uniquement
1366 2113 19 34 à
1424 2109 29 38 la
1491 2107 214 39 circulation

99 2160 153 39 urbaine.

231 2288 89 37 Pas
376 2288 64 37 de
496 2290 508 36 communications

230 2349 161 33 entre
423 2344 77 38 les
529 2346 146 36 rives
704 2344 64 38 de
797 2344 43 37 la
869 2343 135 39 ville

231 2403 314 36 existante.

91 2488 75 38 Afin
193 2505 73 35 que
295 2495 107 33 cette
433 2490 216 38 circulation
681 2492 121 48 puisse
831 2494 154 33 contour-

93 2560 55 22 ner
175 2545 28 38 la
233 2545 92 45 ville,
359 2545 30 39 la
422 2549 253 35 construction
708 2546 85 38 d'un
825 2545 126 39 tunnel
984 2547 20 36 à

92 2599 135 41 l'Ouest
250 2603 47 37 du
323 2602 198 49 Hembrug
548 2608 42 32 et
613 2603 86 37 d'un
725 2608 92 44 pont
845 2604 85 49 près
955 2601 50 38 de

94 2658 219 48 Durgerdam
349 2675 82 22 sera
467 2662 215 35 nécessaire
716 2658 93 39 dans
843 2658 163 38 l'avenir.

95 2725 37 36 La
162 2726 206 38 conclusion
402 2732 58 32 est
492 2726 100 39 donc
627 2742 8 22 :
668 2729 158 35 Arrêter
858 2727 31 37 la
921 2742 66 23 con-

94 2784 163 35 struction
290 2783 50 37 de
374 2782 205 38 bâtiments
610 2798 56 22 sur
697 2782 131 38 l'autre
861 2785 75 35 rive
968 2789 40 31 et

94 2837 124 49 diriger
236 2838 30 38 la
286 2839 215 38 circulation
521 2838 336 39 intercommunale
877 2845 132 32 autour

95 2892 43 38 de
160 2892 28 40 la
212 2894 91 39 ville.

141 3018 201 37 Anvers
381 3025 236 32 commet
656 3035 97 22 une
793 3035 219 22 erreur.

98 3102 68 40 Ces
203 3110 139 47 projets
380 3108 168 38 destinés
586 3112 19 34 à
645 3111 245 35 Amsterdam
929 3112 83 34 sont

99 3175 134 35 conçus,
262 3179 147 22 comme
438 3180 45 21 on
512 3164 32 38 le
571 3167 88 41 voit,
685 3170 85 33 tout
797 3170 217 33 autrement

99 3230 65 35 que
193 3234 87 23 ceux
310 3222 211 48 qu'Anvers
548 3237 45 22 va
624 3224 181 35 exécuter
835 3220 160 39 actuelle-

98 3279 102 34 ment.

101 3338 14 35 Il
162 3356 55 23 me
268 3344 143 37 semble
463 3346 209 48 qu'Anvers
722 3350 169 32 commet
943 3360 69 21 une

99 3398 132 43 grande
261 3415 137 24 erreur.

104 3461 55 39 Par
185 3481 43 22 ce
256 3470 60 46 qui
345 3483 18 22 a
395 3471 66 34 été
491 3468 203 38 démontré
724 3467 76 51 plus
830 3467 99 44 haut,
959 3482 39 22 ex-

104 3518 114 52 pliqué
257 3539 95 22 avec
391 3523 51 38 les
484 3527 122 47 points
645 3525 51 36 de
736 3523 282 39 ressemblance

104 3574 81 41 dans
213 3578 31 38 le
273 3580 198 50 problème
499 3580 70 39 des
596 3583 95 35 rives
718 3579 298 43 d'Amsterdam,

104 3629 16 37 il
153 3634 89 38 n'est
279 3651 65 35 pas
378 3636 239 51 improbable
654 3638 210 49 qu'Anvers
900 3638 119 35 aurait

105 3691 149 37 exécuté
274 3707 63 23 ces
358 3695 141 48 projets
518 3694 113 36 d'une
649 3697 109 34 toute
779 3697 108 33 autre
904 3691 115 50 façon

106 3757 39 24 ou
168 3746 79 49 qu'il
271 3763 45 23 ne
339 3749 51 38 les
416 3752 118 35 aurait
558 3765 66 35 pas
649 3751 180 36 exécutés
852 3748 47 38 du
924 3752 94 38 tout,

106 3800 21 35 si
155 3816 61 34 par
243 3805 183 50 exemple,
458 3821 65 35 par
551 3805 69 38 des
647 3808 297 39 recensements,
974 3817 46 23 on

108 3857 85 38 était
216 3864 116 35 arrivé
356 3864 20 35 à
401 3862 150 38 étudier
577 3877 45 22 ce
649 3861 197 50 problème
871 3860 75 37 afin
972 3858 50 37 de

109 3911 177 43 discerner
310 3923 128 33 toutes
463 3917 51 39 les
541 3920 289 47 conséquences
857 3930 74 35 que
960 3929 63 23 ces

111 3973 129 46 projets
264 3977 226 36 entraînent.

1167 2287 189 49 Projet
1407 2302 132 34 pour
1588 2286 454 40 l'amélioration

1167 2343 63 37 de
1287 2342 44 38 la
1392 2342 347 39 circulation
1799 2344 132 37 dans
1988 2349 54 33 et

1167 2404 198 33 autour
1398 2399 63 37 de
1496 2399 43 37 la
1573 2399 133 37 ville
1741 2399 302 39 d'Anvers.

1116 2470 249 49 Cependant,
1398 2470 30 37 la
1462 2469 205 51 possibilité
1699 2473 117 34 existe
1848 2486 91 35 pour
1970 2473 50 34 An-

1117 2542 82 22 vers
1237 2527 50 37 de
1325 2531 152 33 trouver
1517 2528 19 35 à
1576 2527 149 36 l'avenir
1766 2542 69 22 une
1873 2526 168 44 solution,

1114 2581 158 51 lorsqu'il
1294 2598 82 22 sera
1399 2584 201 36 démontré
1621 2598 45 22 en
1680 2582 103 38 effet
1802 2598 75 34 que
1891 2582 29 38 la
1943 2598 75 22 com-

1115 2639 167 38 binaison
1315 2639 69 38 des
1412 2641 334 36 communications
1775 2641 247 35 internationa-

1116 2695 43 44 le,
1181 2695 335 38 intercommunale
1538 2701 40 32 et
1600 2695 153 38 urbaine
1777 2711 65 34 par
1864 2695 32 37 le
1917 2695 124 37 tunnel

1117 2767 45 22 ne
1185 2767 132 35 pourra
1338 2758 151 32 trouver
1503 2768 43 21 un
1567 2751 206 38 débouché
1793 2752 91 37 dans
1905 2751 30 38 la
1948 2751 94 39 ville.

1120 2809 61 37 On
1212 2824 132 34 pourra
1373 2814 161 38 trouver,
1563 2808 91 37 dans
1681 2823 45 22 ce
1754 2822 73 29 cas,
1858 2822 69 23 une
1955 2806 73 39 solu-

1118 2868 78 34 tion
1234 2864 210 38 semblable
1482 2866 20 35 à
1541 2862 93 40 celle
1673 2864 112 48 qu'on
1823 2878 165 35 propose
2025 2864 19 36 à

1121 2920 255 44 Amsterdam,
1411 2935 65 35 par
1507 2919 29 38 la
1569 2922 251 36 construction
1852 2919 85 37 d'un
1967 2923 60 33 tun-

1123 2976 56 38 nel
1205 2992 44 21 au
1278 2976 103 37 Nord
1409 2976 185 37 d'Anvers
1623 2991 90 34 pour
1741 2974 30 38 la
1798 2977 225 35 communica-

1121 3036 77 35 tion
1224 3038 108 33 entre
1356 3031 30 39 la
1414 3031 188 38 Hollande
1626 3037 40 32 et
1689 3030 248 48 l'Allemagne
1962 3030 84 37 d'un

1123 3092 89 36 côté
1238 3095 40 32 et
1304 3088 128 44 Gand,
1460 3090 135 46 Bruges
1618 3093 41 32 et
1684 3086 29 38 la
1739 3089 90 35 côte
1856 3086 115 47 belge
1997 3086 49 37 de

1124 3146 130 37 l'autre
1284 3148 101 41 côté,
1415 3144 124 38 tandis
1567 3159 73 34 que
1672 3158 90 35 pour
1791 3142 29 37 la
1849 3144 175 36 communi-

1124 3205 126 36 cation
1274 3202 48 37 du
1346 3201 72 38 Sud
1441 3206 40 32 et
1502 3201 50 37 de
1574 3200 80 37 l'Est
1675 3198 51 38 de
1747 3198 30 37 la
1804 3198 176 49 Belgique
2004 3212 43 22 un

1127 3264 92 45 pont
1240 3274 44 21 au
1307 3258 72 37 Sud
1402 3257 185 38 d'Anvers
1611 3270 132 35 pourra
1765 3256 122 36 servir.

1179 3349 59 36 Le
1289 3346 191 39 tunnel
1532 3346 284 37 construit
1868 3342 153 38 seule-

1179 3409 143 32 ment
1393 3418 129 35 pour
1592 3400 43 38 la
1705 3398 345 39 circulation

1180 3459 259 38 urbaine.

1130 3529 46 36 Le
1198 3526 125 39 tunnel
1348 3525 271 39 actuellement
1640 3525 177 36 construit
1841 3522 116 37 devra
1981 3537 55 22 ser-

1129 3586 50 35 vir
1204 3582 291 38 exclusivement
1521 3596 91 35 pour
1639 3579 28 38 la
1695 3577 213 39 circulation
1934 3576 119 38 locale

1130 3645 108 33 entre
1263 3639 51 37 les
1338 3638 95 38 deux
1458 3640 139 48 parties
1619 3636 50 37 de
1694 3634 30 38 la
1748 3633 93 38 ville.

1289 3730 108 35 Une
1457 3731 159 34 route
1673 3725 64 36 de
1795 3726 259 35 ceinture

1185 3791 196 33 autour
1416 3784 63 37 de
1512 3782 43 37 la
1587 3780 132 39 ville
1754 3779 302 38 d'Anvers.

1132 3858 87 37 Afin
1241 3858 51 37 de
1313 3857 178 47 dégager
1512 3857 255 35 entièrement
1789 3852 30 38 la
1842 3851 214 39 circulation

1134 3913 155 38 urbaine
1336 3913 50 36 de
1432 3911 30 38 la
1510 3909 214 39 circulation
1769 3906 287 40 internationale

1134 3974 107 33 entre
1283 3969 30 38 la
1358 3967 188 38 Hollande
1588 3972 40 32 et
1670 3965 259 47 l'Allemagne,
1973 3963 84 36 dun

2007 1713 84 34 315.
2125 1710 44 48 A)
2204 1709 122 38 Cette
2360 1714 107 32 route
2502 1723 45 23 ne
2580 1707 115 39 devra
2730 1722 65 33 pas
2828 1709 111 35 servir
2973 1709 17 34 à
3028 1706 29 37 la

2011 1761 212 38 circulation
2255 1758 342 43 intercomumnale,
2628 1774 82 22 sous
2740 1761 111 44 peine
2881 1757 50 38 de
2961 1756 94 49 charger

2005 1756 116 41 outre
2144 1756 139 41 mesure
2306 1756 46 41 le
2375 1756 139 41 trafic
2537 1756 92 41 dans
2652 1756 46 41 la
2721 1756 116 41 ville
2860 1756 208 41 actuelle.

2016 1862 29 47 B)
2081 1862 104 37 Futur
2217 1859 123 39 tunnel
2374 1864 165 33 assurant
2571 1859 50 38 les
2654 1861 330 36 communications
3018 1859 47 50 internationales

2005 1859 69 40 de
2108 1859 274 40 Hollande
2416 1859 69 40 et
2519 1859 378 40 d'Allemagne
2931 1859 137 40 vers

2015 1961 31 38 le
2080 1960 145 39 Littoral
2258 1960 129 48 belge.
2417 1960 44 47 C)
2493 1960 182 37 Ceinture
2706 1958 207 39 absorbant
2942 1957 29 37 la
3004 1957 59 51 circulation

2005 1957 413 42 internationale
2448 1957 59 42 du
2537 1957 118 42 Nord
2685 1957 295 42 (Allemagne
3009 1957 59 42 et

2018 2061 198 48 Hollande)
2242 2066 40 33 et
2305 2060 47 38 du
2379 2060 72 37 Sud
2478 2058 199 50 (Bruxelles,
2705 2062 117 39 Mons,
2851 2059 103 45 Paris)
2982 2059 85 36 ainsi

2017 2128 74 32 que
2119 2111 31 38 le
2174 2110 111 39 trafic
2311 2109 315 43 intercommunal,
2655 2115 40 33 et
2720 2109 49 38 les
2795 2108 188 47 dirigeant
3010 2108 50 52 autour

2005 2108 177 42 de
2271 2108 177 42 la
2537 2108 531 42 ville.

2153 2292 100 41 côté,
2281 2295 40 31 et
2347 2288 175 38 Bruxelles
2547 2293 40 31 et
2612 2287 30 37 la
2670 2287 137 37 France
2830 2287 131 49 (Paris),
2988 2285 83 37 d'un

2153 2350 107 33 autre
2284 2347 100 41 côté,
2408 2344 19 37 il
2449 2344 134 37 faudra
2607 2343 138 47 diriger
2769 2347 107 33 cette
2898 2342 173 36 dernière

2155 2407 132 32 autour
2315 2401 51 37 de
2396 2400 30 37 la
2456 2399 95 44 ville;
2582 2399 92 37 dans
2705 2414 44 22 ce
2780 2397 66 38 but
2877 2396 17 38 il
2925 2396 145 43 faudra,

2156 2460 86 35 ainsi
2282 2472 74 35 que
2395 2456 80 38 cela
2515 2471 19 22 a
2571 2458 66 34 été
2672 2454 70 37 fait
2779 2453 91 37 dans
2907 2453 166 37 d'autres

2150 2513 108 43 villes,
2287 2514 202 37 construire
2515 2526 70 22 une
2610 2515 107 32 route
2742 2510 49 37 de
2816 2511 168 36 ceinture
3011 2523 41 22 au-

2150 2575 84 32 tour
2246 2569 50 37 de
2315 2568 31 38 la
2359 2568 80 37 ville
2459 2570 60 47 qui
2543 2566 159 51 prendra
2723 2565 30 38 la
2774 2564 213 39 circulation
3009 2579 42 22 ve-

2153 2631 87 32 nant
2259 2625 48 37 du
2328 2624 137 38 dehors
2484 2629 41 31 et
2545 2622 29 38 la
2595 2623 120 47 dirige
2736 2637 82 21 vers
2838 2621 50 37 les
2908 2620 164 49 grandes

2152 2686 126 33 routes
2307 2678 304 40 internationales
2640 2684 40 32 et
2709 2676 363 39 intercommunales.

2157 2737 44 38 La
2230 2735 213 40 circulation
2474 2737 59 47 qui
2562 2750 18 21 a
2611 2749 68 22 une
2709 2734 227 37 destination
2969 2737 105 33 autre

2156 2794 208 49 qu'Anvers
2396 2792 55 36 n'a
2486 2806 64 35 par
2580 2792 237 47 conséquent
2848 2804 65 35 pas
2945 2787 130 38 besoin

2157 2850 166 36 d'entrer
2351 2848 92 37 dans
2471 2846 30 38 la
2529 2845 92 44 ville,
2650 2861 45 22 ce
2724 2847 59 48 qui
2813 2860 85 22 aura
2928 2859 146 23 comme

2157 2907 267 46 conséquence
2456 2918 44 22 un
2534 2902 117 49 grand
2684 2902 267 47 dégagement
2987 2916 90 34 pour

2157 2961 30 37 la
2216 2963 174 35 situation
2420 2959 49 37 de
2499 2958 30 38 la
2560 2957 213 39 circulation
2802 2957 91 37 dans
2921 2959 156 34 Anvers.

2569 3048 159 35 Envoi
2776 3048 19 34 à
2845 3048 234 35 Anvers.

2160 3122 88 36 Pour
2271 3119 191 51 expliquer
2486 3135 44 22 ce
2554 3121 59 47 qui
2639 3123 58 33 est
2719 3117 201 37 démontré
2945 3117 115 37 ci-des-

2159 3192 55 23 sus
2239 3191 89 22 nous
2352 3175 263 51 reproduisons
2641 3173 182 50 quelques
2848 3172 232 38 illustrations

2161 3236 59 47 qui
2252 3237 65 33 ont
2348 3234 66 35 été
2444 3233 191 48 envoyées
2667 3245 91 34 pour
2787 3229 33 37 le
2849 3243 181 23 concours
3060 3229 19 35 à

2161 3292 156 34 Anvers.
2352 3288 79 37 Cet
2465 3289 108 36 envoi
2609 3286 56 37 n'a
2702 3300 66 35 pas
2802 3284 159 38 satisfait
2994 3285 19 36 à
3050 3283 29 37 la

2162 3347 172 47 question
2361 3346 118 48 posée
2504 3358 90 35 pour
2617 3342 32 37 le
2675 3343 124 48 projet
2822 3340 49 38 de
2895 3345 168 32 construc-

2162 3405 77 35 tion
2268 3417 55 22 sur
2353 3400 129 38 l'autre
2513 3401 89 35 côté
2632 3398 49 37 de
2712 3397 29 37 la
2771 3399 87 42 rive,
2889 3398 98 42 mais,
3018 3410 63 23 son

2164 3458 65 37 but
2251 3460 106 40 était,
2380 3471 44 22 au
2447 3457 196 40 contraire,
2667 3453 49 37 de
2738 3452 216 38 combattre
2976 3456 107 33 cette

2164 3514 89 37 idée
2292 3513 49 38 de
2380 3513 250 37 construction
2672 3524 113 35 parce
2825 3523 75 35 que
2939 3507 144 38 celle-ci

2165 3574 88 34 crée
2275 3570 68 37 des
2365 3567 204 38 difficultés
2592 3566 49 37 de
2663 3564 213 39 circulation
2900 3570 39 31 et
2961 3568 57 32 est
3040 3578 44 22 au

2165 3627 205 37 détriment
2392 3624 50 37 de
2466 3622 30 38 la
2521 3622 79 37 ville
2625 3624 196 35 existante.

2167 3684 46 36 Le
2251 3683 167 47 principe
2455 3679 68 37 des
2561 3681 214 44 arguments
2813 3676 180 37 ci-dessus
3029 3679 57 33 est

2166 3739 99 37 donc
2293 3737 201 37 démontré
2524 3735 91 37 dans
2644 3747 63 24 ces
2736 3732 141 37 dessins
2904 3746 83 22 sous
3016 3745 70 22 une

2166 3794 122 38 forme
2323 3794 173 47 pratique
2530 3796 40 32 et
2602 3789 152 49 indique
2789 3803 69 21 une
2894 3786 172 38 améliora-

2167 3854 75 34 tion
2274 3864 89 35 pour
2390 3847 30 38 la
2448 3845 214 40 circulation
2691 3845 92 37 dans
2811 3848 39 33 et
2878 3848 131 32 autour
3038 3841 49 38 de

2168 3907 29 37 la
2223 3904 80 39 ville
2329 3905 196 37 d'Anvers.
