<?xml version="1.0" encoding="UTF-8"?>
<alto xmlns:xsi="http://www.w3.org/2001/XMLSchema-instance" xmlns="http://www.loc.gov/standards/alto/ns-v2#" xsi:schemaLocation="http://www.loc.gov/standards/alto/ns-v2# http://www.loc.gov/standards/alto/alto-v2.0.xsd" xmlns:xlink="http://www.w3.org/1999/xlink">
	<Description>
		<MeasurementUnit>mm10</MeasurementUnit>
		<sourceImageInformation>
			<fileName>//fileserver7/IN2-2/Princeton/Batch7/bmtnaas/1890/12_01/00000397.tif</fileName>
		</sourceImageInformation>
		<OCRProcessing ID="OCRPROCESSING_1">
			<preProcessingStep>
				<processingSoftware>
					<softwareCreator>CCS Content Conversion Specialists GmbH, Germany</softwareCreator>
					<softwareName>CCS docWorks</softwareName>
					<softwareVersion>6.7-1.24</softwareVersion>
				</processingSoftware>
			</preProcessingStep>
			<ocrProcessingStep>
				<processingSoftware>
					<softwareCreator>ABBYY (BIT Software), Russia</softwareCreator>
					<softwareName>FineReader</softwareName>
					<softwareVersion>10.0</softwareVersion>
				</processingSoftware>
			</ocrProcessingStep>
		</OCRProcessing>
	</Description>
	<Styles>
		<TextStyle ID="TXT_0" FONTSIZE="25" FONTFAMILY="Times New Roman"/>
		<TextStyle ID="TXT_1" FONTSIZE="23" FONTFAMILY="Times New Roman"/>
		<ParagraphStyle ID="PAR_LEFT" ALIGN="Left"/>
	</Styles>
	<Layout>
		<Page ID="P19" PHYSICAL_IMG_NR="19" HEIGHT="4203" WIDTH="2748" PRINTED_IMG_NR="303" PC="0.913">
			<TopMargin ID="P19_TM00001" HPOS="0" VPOS="0" WIDTH="2748" HEIGHT="352">
				<TextBlock ID="P19_TB00001" HPOS="1227" VPOS="288" WIDTH="117" HEIGHT="62" STYLEREFS="TXT_0 PAR_LEFT">
					<TextLine ID="P19_TL00001" HPOS="1228" VPOS="288" WIDTH="116" HEIGHT="61">
						<String ID="P19_ST00001" HPOS="1228" VPOS="288" WIDTH="116" HEIGHT="61" CONTENT="303" WC="0.28" CC="858"/>
					</TextLine>
				</TextBlock>
			</TopMargin>
			<LeftMargin ID="P19_LM00001" HPOS="0" VPOS="352" WIDTH="234" HEIGHT="3329"/>
			<RightMargin ID="P19_RM00001" HPOS="2400" VPOS="352" WIDTH="348" HEIGHT="3329"/>
			<BottomMargin ID="P19_BM00001" HPOS="0" VPOS="3681" WIDTH="2748" HEIGHT="522"/>
			<PrintSpace ID="P19_PS00001" HPOS="234" VPOS="352" WIDTH="2166" HEIGHT="3329">
				<TextBlock ID="P19_TB00002" HPOS="234" VPOS="417" WIDTH="2166" HEIGHT="3264" STYLEREFS="TXT_1 PAR_LEFT">
					<TextLine ID="P19_TL00002" HPOS="313" VPOS="417" WIDTH="1472" HEIGHT="82">
						<String ID="P19_ST00002" HPOS="313" VPOS="417" WIDTH="175" HEIGHT="60" CONTENT="Bien" WC="0.98" CC="5005"/>
						<SP ID="P19_SP00001" HPOS="488" VPOS="477" WIDTH="34"/>
						<String ID="P19_ST00003" HPOS="522" VPOS="435" WIDTH="128" HEIGHT="59" CONTENT="que" WC="0.96" CC="370"/>
						<SP ID="P19_SP00002" HPOS="650" VPOS="494" WIDTH="32"/>
						<String ID="P19_ST00004" HPOS="682" VPOS="421" WIDTH="74" HEIGHT="57" CONTENT="tu" WC="0.50" CC="27"/>
						<SP ID="P19_SP00003" HPOS="756" VPOS="494" WIDTH="24"/>
						<String ID="P19_ST00005" HPOS="780" VPOS="422" WIDTH="62" HEIGHT="57" CONTENT="te" WC="1.00" CC="00"/>
						<SP ID="P19_SP00004" HPOS="842" VPOS="494" WIDTH="33"/>
						<String ID="P19_ST00006" HPOS="875" VPOS="422" WIDTH="319" HEIGHT="58" CONTENT="mouches" WC="0.98" CC="2506703"/>
						<SP ID="P19_SP00005" HPOS="1194" VPOS="494" WIDTH="33"/>
						<String ID="P19_ST00007" HPOS="1227" VPOS="440" WIDTH="155" HEIGHT="42" CONTENT="sans" WC="0.96" CC="2671"/>
						<SP ID="P19_SP00006" HPOS="1382" VPOS="494" WIDTH="22"/>
						<String ID="P19_ST00008" HPOS="1404" VPOS="423" WIDTH="381" HEIGHT="76" CONTENT="précaution" WC="0.99" CC="6774500036"/>
						<SP ID="P19_SP00007" HPOS="1785" VPOS="499" WIDTH="0"/>
					</TextLine>
					<TextLine ID="P19_TL00003" HPOS="316" VPOS="496" WIDTH="2046" HEIGHT="85">
						<String ID="P19_ST00009" HPOS="316" VPOS="496" WIDTH="327" HEIGHT="61" CONTENT="Saisis-tu" WC="0.99" CC="650401307"/>
						<SP ID="P19_SP00008" HPOS="643" VPOS="557" WIDTH="29"/>
						<String ID="P19_ST00010" HPOS="672" VPOS="499" WIDTH="60" HEIGHT="60" CONTENT="le" WC="0.37" CC="56"/>
						<SP ID="P19_SP00009" HPOS="732" VPOS="559" WIDTH="30"/>
						<String ID="P19_ST00011" HPOS="762" VPOS="501" WIDTH="334" HEIGHT="76" CONTENT="pourquoi" WC="0.98" CC="52074750"/>
						<SP ID="P19_SP00010" HPOS="1096" VPOS="577" WIDTH="36"/>
						<String ID="P19_ST00012" HPOS="1132" VPOS="502" WIDTH="119" HEIGHT="58" CONTENT="des" WC="0.94" CC="914"/>
						<SP ID="P19_SP00011" HPOS="1251" VPOS="577" WIDTH="26"/>
						<String ID="P19_ST00013" HPOS="1277" VPOS="502" WIDTH="219" HEIGHT="77" CONTENT="giffles" WC="0.56" CC="6027624"/>
						<SP ID="P19_SP00012" HPOS="1496" VPOS="579" WIDTH="35"/>
						<String ID="P19_ST00014" HPOS="1531" VPOS="505" WIDTH="114" HEIGHT="74" CONTENT="qui" WC="0.98" CC="050"/>
						<SP ID="P19_SP00013" HPOS="1645" VPOS="579" WIDTH="54"/>
						<String ID="P19_ST00015" HPOS="1699" VPOS="506" WIDTH="158" HEIGHT="56" CONTENT="vont" WC="0.96" CC="7560"/>
						<SP ID="P19_SP00014" HPOS="1857" VPOS="579" WIDTH="42"/>
						<String ID="P19_ST00016" HPOS="1899" VPOS="503" WIDTH="303" HEIGHT="78" CONTENT="pleuvoir" WC="0.99" CC="00207330"/>
						<SP ID="P19_SP00015" HPOS="2202" VPOS="581" WIDTH="46"/>
						<String ID="P19_ST00017" HPOS="2248" VPOS="521" WIDTH="114" HEIGHT="42" CONTENT="sur" WC="0.99" CC="300"/>
					</TextLine>
					<TextLine ID="P19_TL00004" HPOS="235" VPOS="577" WIDTH="1790" HEIGHT="80">
						<String ID="P19_ST00018" HPOS="235" VPOS="577" WIDTH="116" HEIGHT="57" CONTENT="ton" WC="0.97" CC="007"/>
						<SP ID="P19_SP00016" HPOS="351" VPOS="634" WIDTH="34"/>
						<String ID="P19_ST00019" HPOS="385" VPOS="578" WIDTH="194" HEIGHT="59" CONTENT="crâne" WC="0.99" CC="10500"/>
						<SP ID="P19_SP00017" HPOS="579" VPOS="637" WIDTH="27"/>
						<String ID="P19_ST00020" HPOS="606" VPOS="579" WIDTH="212" HEIGHT="59" CONTENT="tondu" WC="0.97" CC="04157"/>
						<SP ID="P19_SP00018" HPOS="818" VPOS="638" WIDTH="34"/>
						<String ID="P19_ST00021" HPOS="852" VPOS="583" WIDTH="63" HEIGHT="55" CONTENT="et" WC="1.00" CC="00"/>
						<SP ID="P19_SP00019" HPOS="915" VPOS="638" WIDTH="26"/>
						<String ID="P19_ST00022" HPOS="941" VPOS="581" WIDTH="66" HEIGHT="58" CONTENT="la" WC="0.82" CC="21"/>
						<SP ID="P19_SP00020" HPOS="1007" VPOS="639" WIDTH="31"/>
						<String ID="P19_ST00023" HPOS="1038" VPOS="581" WIDTH="221" HEIGHT="59" CONTENT="raison" WC="0.98" CC="600476"/>
						<SP ID="P19_SP00021" HPOS="1259" VPOS="640" WIDTH="35"/>
						<String ID="P19_ST00024" HPOS="1294" VPOS="599" WIDTH="127" HEIGHT="58" CONTENT="que" WC="0.95" CC="470"/>
						<SP ID="P19_SP00022" HPOS="1421" VPOS="657" WIDTH="32"/>
						<String ID="P19_ST00025" HPOS="1453" VPOS="583" WIDTH="71" HEIGHT="57" CONTENT="tu" WC="1.00" CC="00"/>
						<SP ID="P19_SP00023" HPOS="1524" VPOS="657" WIDTH="33"/>
						<String ID="P19_ST00026" HPOS="1557" VPOS="600" WIDTH="73" HEIGHT="42" CONTENT="as" WC="0.57" CC="34"/>
						<SP ID="P19_SP00024" HPOS="1630" VPOS="657" WIDTH="33"/>
						<String ID="P19_ST00027" HPOS="1663" VPOS="583" WIDTH="362" HEIGHT="60" CONTENT="d'exister?" WC="0.99" CC="0406410006"/>
					</TextLine>
					<TextLine ID="P19_TL00005" HPOS="314" VPOS="656" WIDTH="2050" HEIGHT="82">
						<String ID="P19_ST00028" HPOS="314" VPOS="656" WIDTH="356" HEIGHT="76" CONTENT="Apprends" WC="0.99" CC="70003800"/>
						<SP ID="P19_SP00025" HPOS="670" VPOS="732" WIDTH="33"/>
						<String ID="P19_ST00029" HPOS="703" VPOS="659" WIDTH="167" HEIGHT="59" CONTENT="donc" WC="0.99" CC="0302"/>
						<SP ID="P19_SP00026" HPOS="870" VPOS="732" WIDTH="29"/>
						<String ID="P19_ST00030" HPOS="899" VPOS="676" WIDTH="126" HEIGHT="60" CONTENT="que" WC="0.93" CC="684"/>
						<SP ID="P19_SP00027" HPOS="1025" VPOS="736" WIDTH="32"/>
						<String ID="P19_ST00031" HPOS="1057" VPOS="661" WIDTH="107" HEIGHT="57" CONTENT="ton" WC="0.98" CC="050"/>
						<SP ID="P19_SP00028" HPOS="1164" VPOS="736" WIDTH="34"/>
						<String ID="P19_ST00032" HPOS="1198" VPOS="661" WIDTH="179" HEIGHT="76" CONTENT="père," WC="0.97" CC="06057"/>
						<SP ID="P19_SP00029" HPOS="1377" VPOS="737" WIDTH="34"/>
						<String ID="P19_ST00033" HPOS="1411" VPOS="663" WIDTH="122" HEIGHT="70" CONTENT="las," WC="0.98" CC="0064"/>
						<SP ID="P19_SP00030" HPOS="1533" VPOS="737" WIDTH="33"/>
						<String ID="P19_ST00034" HPOS="1566" VPOS="680" WIDTH="92" HEIGHT="40" CONTENT="un" WC="0.43" CC="73"/>
						<SP ID="P19_SP00031" HPOS="1658" VPOS="737" WIDTH="26"/>
						<String ID="P19_ST00035" HPOS="1684" VPOS="662" WIDTH="177" HEIGHT="76" CONTENT="jour," WC="0.96" CC="45764"/>
						<SP ID="P19_SP00032" HPOS="1861" VPOS="738" WIDTH="30"/>
						<String ID="P19_ST00036" HPOS="1891" VPOS="665" WIDTH="78" HEIGHT="57" CONTENT="de" WC="1.00" CC="00"/>
						<SP ID="P19_SP00033" HPOS="1969" VPOS="738" WIDTH="31"/>
						<String ID="P19_ST00037" HPOS="2000" VPOS="665" WIDTH="364" HEIGHT="57" CONTENT="honteuses" WC="0.98" CC="347640407"/>
					</TextLine>
					<TextLine ID="P19_TL00006" HPOS="234" VPOS="733" WIDTH="2130" HEIGHT="83">
						<String ID="P19_ST00038" HPOS="234" VPOS="733" WIDTH="342" HEIGHT="61" CONTENT="fredaines" WC="0.99" CC="160000456"/>
						<SP ID="P19_SP00034" HPOS="576" VPOS="794" WIDTH="33"/>
						<String ID="P19_ST00039" HPOS="609" VPOS="737" WIDTH="36" HEIGHT="58" CONTENT="à" WC="0.27" CC="7"/>
						<SP ID="P19_SP00035" HPOS="645" VPOS="795" WIDTH="26"/>
						<String ID="P19_ST00040" HPOS="671" VPOS="737" WIDTH="136" HEIGHT="60" CONTENT="très" WC="0.97" CC="0541"/>
						<SP ID="P19_SP00036" HPOS="807" VPOS="797" WIDTH="44"/>
						<String ID="P19_ST00041" HPOS="851" VPOS="737" WIDTH="119" HEIGHT="60" CONTENT="bas" WC="0.95" CC="804"/>
						<SP ID="P19_SP00037" HPOS="970" VPOS="797" WIDTH="34"/>
						<String ID="P19_ST00042" HPOS="1004" VPOS="739" WIDTH="172" HEIGHT="75" CONTENT="prix," WC="0.98" CC="00364"/>
						<SP ID="P19_SP00038" HPOS="1176" VPOS="814" WIDTH="33"/>
						<String ID="P19_ST00043" HPOS="1209" VPOS="741" WIDTH="61" HEIGHT="57" CONTENT="et" WC="0.78" CC="40"/>
						<SP ID="P19_SP00039" HPOS="1270" VPOS="814" WIDTH="50"/>
						<String ID="P19_ST00044" HPOS="1320" VPOS="741" WIDTH="317" HEIGHT="75" CONTENT="aspirant," WC="0.99" CC="045500004"/>
						<SP ID="P19_SP00040" HPOS="1637" VPOS="816" WIDTH="47"/>
						<String ID="P19_ST00045" HPOS="1684" VPOS="759" WIDTH="80" HEIGHT="40" CONTENT="en" WC="1.00" CC="00"/>
						<SP ID="P19_SP00041" HPOS="1764" VPOS="816" WIDTH="32"/>
						<String ID="P19_ST00046" HPOS="1796" VPOS="759" WIDTH="108" HEIGHT="41" CONTENT="ses" WC="0.98" CC="005"/>
						<SP ID="P19_SP00042" HPOS="1904" VPOS="816" WIDTH="29"/>
						<String ID="P19_ST00047" HPOS="1933" VPOS="742" WIDTH="188" HEIGHT="58" CONTENT="rêves" WC="0.95" CC="97756"/>
						<SP ID="P19_SP00043" HPOS="2121" VPOS="816" WIDTH="36"/>
						<String ID="P19_ST00048" HPOS="2157" VPOS="742" WIDTH="173" HEIGHT="57" CONTENT="alcoo" SUBS_TYPE="HypPart1" SUBS_CONTENT="alcooliques," WC="0.98" CC="05023"/>
						<HYP HPOS="2330" VPOS="742" WIDTH="34" CONTENT="-"/>
					</TextLine>
					<TextLine ID="P19_TL00007" HPOS="235" VPOS="814" WIDTH="2126" HEIGHT="79">
						<String ID="P19_ST00049" HPOS="235" VPOS="814" WIDTH="249" HEIGHT="77" CONTENT="liques," SUBS_TYPE="HypPart2" SUBS_CONTENT="alcooliques," WC="0.99" CC="0057004"/>
						<SP ID="P19_SP00044" HPOS="484" VPOS="891" WIDTH="32"/>
						<String ID="P19_ST00050" HPOS="516" VPOS="816" WIDTH="35" HEIGHT="57" CONTENT="à" WC="0.24" CC="7"/>
						<SP ID="P19_SP00045" HPOS="551" VPOS="891" WIDTH="40"/>
						<String ID="P19_ST00051" HPOS="591" VPOS="817" WIDTH="63" HEIGHT="58" CONTENT="la" WC="1.00" CC="00"/>
						<SP ID="P19_SP00046" HPOS="654" VPOS="891" WIDTH="28"/>
						<String ID="P19_ST00052" HPOS="682" VPOS="818" WIDTH="389" HEIGHT="75" CONTENT="possession" WC="1.00" CC="0220020024"/>
						<SP ID="P19_SP00047" HPOS="1071" VPOS="893" WIDTH="24"/>
						<String ID="P19_ST00053" HPOS="1095" VPOS="819" WIDTH="258" HEIGHT="73" CONTENT="sienne," WC="0.98" CC="1426714"/>
						<SP ID="P19_SP00048" HPOS="1353" VPOS="893" WIDTH="43"/>
						<String ID="P19_ST00054" HPOS="1396" VPOS="821" WIDTH="480" HEIGHT="59" CONTENT="incontestable" WC="0.99" CC="1604200100754"/>
						<SP ID="P19_SP00049" HPOS="1876" VPOS="893" WIDTH="43"/>
						<String ID="P19_ST00055" HPOS="1919" VPOS="825" WIDTH="62" HEIGHT="55" CONTENT="et" WC="0.89" CC="02"/>
						<SP ID="P19_SP00050" HPOS="1981" VPOS="893" WIDTH="33"/>
						<String ID="P19_ST00056" HPOS="2014" VPOS="819" WIDTH="347" HEIGHT="61" CONTENT="définitive" WC="0.99" CC="0454003604"/>
					</TextLine>
					<TextLine ID="P19_TL00008" HPOS="239" VPOS="893" WIDTH="2128" HEIGHT="81">
						<String ID="P19_ST00057" HPOS="239" VPOS="893" WIDTH="161" HEIGHT="60" CONTENT="d'un" WC="0.98" CC="0460"/>
						<SP ID="P19_SP00051" HPOS="400" VPOS="953" WIDTH="32"/>
						<String ID="P19_ST00058" HPOS="432" VPOS="896" WIDTH="315" HEIGHT="59" CONTENT="mobilier" WC="0.99" CC="03805350"/>
						<SP ID="P19_SP00052" HPOS="747" VPOS="955" WIDTH="23"/>
						<String ID="P19_ST00059" HPOS="770" VPOS="897" WIDTH="81" HEIGHT="58" CONTENT="de" WC="1.00" CC="00"/>
						<SP ID="P19_SP00053" HPOS="851" VPOS="955" WIDTH="31"/>
						<String ID="P19_ST00060" HPOS="882" VPOS="899" WIDTH="158" HEIGHT="74" CONTENT="gout" WC="0.72" CC="5500"/>
						<SP ID="P19_SP00054" HPOS="1040" VPOS="973" WIDTH="22"/>
						<String ID="P19_ST00061" HPOS="1062" VPOS="899" WIDTH="324" HEIGHT="75" CONTENT="vulgaire," WC="0.99" CC="003900024"/>
						<SP ID="P19_SP00055" HPOS="1386" VPOS="974" WIDTH="33"/>
						<String ID="P19_ST00062" HPOS="1419" VPOS="901" WIDTH="293" HEIGHT="57" CONTENT="courtisa" WC="1.00" CC="31000000"/>
						<SP ID="P19_SP00056" HPOS="1712" VPOS="974" WIDTH="43"/>
						<String ID="P19_ST00063" HPOS="1755" VPOS="901" WIDTH="65" HEIGHT="58" CONTENT="la" WC="0.97" CC="00"/>
						<SP ID="P19_SP00057" HPOS="1820" VPOS="974" WIDTH="43"/>
						<String ID="P19_ST00064" HPOS="1863" VPOS="902" WIDTH="137" HEIGHT="58" CONTENT="fille" WC="0.97" CC="30665"/>
						<SP ID="P19_SP00058" HPOS="2000" VPOS="974" WIDTH="46"/>
						<String ID="P19_ST00065" HPOS="2046" VPOS="919" WIDTH="85" HEIGHT="40" CONTENT="uu" WC="0.57" CC="80"/>
						<SP ID="P19_SP00059" HPOS="2131" VPOS="974" WIDTH="35"/>
						<String ID="P19_ST00066" HPOS="2166" VPOS="899" WIDTH="201" HEIGHT="60" CONTENT="vieux" WC="0.99" CC="02100"/>
					</TextLine>
					<TextLine ID="P19_TL00009" HPOS="239" VPOS="973" WIDTH="2130" HEIGHT="81">
						<String ID="P19_ST00067" HPOS="239" VPOS="973" WIDTH="300" HEIGHT="78" CONTENT="collègue" WC="0.98" CC="03345075"/>
						<SP ID="P19_SP00060" HPOS="539" VPOS="1051" WIDTH="34"/>
						<String ID="P19_ST00068" HPOS="573" VPOS="992" WIDTH="127" HEIGHT="59" CONTENT="que" WC="0.99" CC="003"/>
						<SP ID="P19_SP00061" HPOS="700" VPOS="1051" WIDTH="33"/>
						<String ID="P19_ST00069" HPOS="733" VPOS="977" WIDTH="65" HEIGHT="57" CONTENT="la" WC="0.69" CC="60"/>
						<SP ID="P19_SP00062" HPOS="798" VPOS="1051" WIDTH="29"/>
						<String ID="P19_ST00070" HPOS="827" VPOS="976" WIDTH="278" HEIGHT="76" CONTENT="légende" WC="0.99" CC="2303503"/>
						<SP ID="P19_SP00063" HPOS="1105" VPOS="1052" WIDTH="46"/>
						<String ID="P19_ST00071" HPOS="1151" VPOS="977" WIDTH="559" HEIGHT="77" CONTENT="bureaucratique" WC="0.99" CC="87520730700975"/>
						<SP ID="P19_SP00064" HPOS="1710" VPOS="1054" WIDTH="34"/>
						<String ID="P19_ST00072" HPOS="1744" VPOS="981" WIDTH="202" HEIGHT="58" CONTENT="disait" WC="1.00" CC="000040"/>
						<SP ID="P19_SP00065" HPOS="1946" VPOS="1054" WIDTH="40"/>
						<String ID="P19_ST00073" HPOS="1986" VPOS="980" WIDTH="383" HEIGHT="59" CONTENT="accumuler" WC="0.99" CC="044800610"/>
					</TextLine>
					<TextLine ID="P19_TL00010" HPOS="244" VPOS="1054" WIDTH="2127" HEIGHT="79">
						<String ID="P19_ST00074" HPOS="244" VPOS="1054" WIDTH="118" HEIGHT="59" CONTENT="des" WC="0.96" CC="055"/>
						<SP ID="P19_SP00066" HPOS="362" VPOS="1113" WIDTH="62"/>
						<String ID="P19_ST00075" HPOS="424" VPOS="1054" WIDTH="383" HEIGHT="60" CONTENT="économies" WC="0.99" CC="063860004"/>
						<SP ID="P19_SP00067" HPOS="807" VPOS="1114" WIDTH="62"/>
						<String ID="P19_ST00076" HPOS="869" VPOS="1072" WIDTH="118" HEIGHT="42" CONTENT="sur" WC="0.96" CC="370"/>
						<SP ID="P19_SP00068" HPOS="987" VPOS="1114" WIDTH="47"/>
						<String ID="P19_ST00077" HPOS="1034" VPOS="1056" WIDTH="100" HEIGHT="58" CONTENT="les" WC="0.97" CC="105"/>
						<SP ID="P19_SP00069" HPOS="1134" VPOS="1114" WIDTH="46"/>
						<String ID="P19_ST00078" HPOS="1180" VPOS="1058" WIDTH="290" HEIGHT="75" CONTENT="maigres" WC="0.99" CC="2020906"/>
						<SP ID="P19_SP00070" HPOS="1470" VPOS="1133" WIDTH="44"/>
						<String ID="P19_ST00079" HPOS="1514" VPOS="1058" WIDTH="533" HEIGHT="75" CONTENT="appointements" WC="0.99" CC="0993070000786"/>
						<SP ID="P19_SP00071" HPOS="2047" VPOS="1133" WIDTH="47"/>
						<String ID="P19_ST00080" HPOS="2094" VPOS="1056" WIDTH="277" HEIGHT="62" CONTENT="touchés" WC="0.98" CC="0475736"/>
					</TextLine>
					<TextLine ID="P19_TL00011" HPOS="243" VPOS="1133" WIDTH="2124" HEIGHT="76">
						<String ID="P19_ST00081" HPOS="243" VPOS="1133" WIDTH="240" HEIGHT="76" CONTENT="depuis" WC="0.98" CC="028016"/>
						<SP ID="P19_SP00072" HPOS="483" VPOS="1209" WIDTH="46"/>
						<String ID="P19_ST00082" HPOS="529" VPOS="1133" WIDTH="570" HEIGHT="61" CONTENT="d'innombrables" WC="0.99" CC="00375207007006"/>
						<SP ID="P19_SP00073" HPOS="1099" VPOS="1209" WIDTH="29"/>
						<String ID="P19_ST00083" HPOS="1128" VPOS="1136" WIDTH="396" HEIGHT="59" CONTENT="trimestres." WC="0.99" CC="76503600264"/>
						<SP ID="P19_SP00074" HPOS="1524" VPOS="1209" WIDTH="33"/>
						<String ID="P19_ST00084" HPOS="1557" VPOS="1138" WIDTH="82" HEIGHT="57" CONTENT="Et" WC="0.65" CC="70"/>
						<SP ID="P19_SP00075" HPOS="1639" VPOS="1209" WIDTH="27"/>
						<String ID="P19_ST00085" HPOS="1666" VPOS="1138" WIDTH="182" HEIGHT="59" CONTENT="celui" WC="0.96" CC="66356"/>
						<SP ID="P19_SP00076" HPOS="1848" VPOS="1209" WIDTH="32"/>
						<String ID="P19_ST00086" HPOS="1880" VPOS="1140" WIDTH="159" HEIGHT="58" CONTENT="était" WC="0.98" CC="54020"/>
						<SP ID="P19_SP00077" HPOS="2039" VPOS="1209" WIDTH="31"/>
						<String ID="P19_ST00087" HPOS="2070" VPOS="1140" WIDTH="179" HEIGHT="57" CONTENT="doux" WC="0.99" CC="0600"/>
						<SP ID="P19_SP00078" HPOS="2249" VPOS="1209" WIDTH="38"/>
						<String ID="P19_ST00088" HPOS="2287" VPOS="1137" WIDTH="80" HEIGHT="57" CONTENT="de" WC="0.71" CC="05"/>
					</TextLine>
					<TextLine ID="P19_TL00012" HPOS="243" VPOS="1213" WIDTH="2124" HEIGHT="80">
						<String ID="P19_ST00089" HPOS="243" VPOS="1213" WIDTH="211" HEIGHT="60" CONTENT="croire" WC="0.99" CC="604100"/>
						<SP ID="P19_SP00079" HPOS="454" VPOS="1273" WIDTH="26"/>
						<String ID="P19_ST00090" HPOS="480" VPOS="1213" WIDTH="308" HEIGHT="76" CONTENT="au'après" WC="0.99" CC="80400444"/>
						<SP ID="P19_SP00080" HPOS="788" VPOS="1289" WIDTH="34"/>
						<String ID="P19_ST00091" HPOS="822" VPOS="1214" WIDTH="179" HEIGHT="59" CONTENT="deux" WC="1.00" CC="0200"/>
						<SP ID="P19_SP00081" HPOS="1001" VPOS="1289" WIDTH="30"/>
						<String ID="P19_ST00092" HPOS="1031" VPOS="1232" WIDTH="87" HEIGHT="41" CONTENT="ou" WC="0.80" CC="30"/>
						<SP ID="P19_SP00082" HPOS="1118" VPOS="1289" WIDTH="29"/>
						<String ID="P19_ST00093" HPOS="1147" VPOS="1216" WIDTH="165" HEIGHT="57" CONTENT="trois" WC="0.98" CC="00625"/>
						<SP ID="P19_SP00083" HPOS="1312" VPOS="1289" WIDTH="48"/>
						<String ID="P19_ST00094" HPOS="1360" VPOS="1216" WIDTH="223" HEIGHT="58" CONTENT="hivers" WC="0.99" CC="610000"/>
						<SP ID="P19_SP00084" HPOS="1583" VPOS="1289" WIDTH="54"/>
						<String ID="P19_ST00095" HPOS="1637" VPOS="1235" WIDTH="92" HEIGHT="39" CONTENT="un" WC="0.69" CC="06"/>
						<SP ID="P19_SP00085" HPOS="1729" VPOS="1289" WIDTH="49"/>
						<String ID="P19_ST00096" HPOS="1778" VPOS="1218" WIDTH="295" HEIGHT="59" CONTENT="catarrhe" WC="0.99" CC="60000073"/>
						<SP ID="P19_SP00086" HPOS="2073" VPOS="1289" WIDTH="32"/>
						<String ID="P19_ST00097" HPOS="2105" VPOS="1216" WIDTH="262" HEIGHT="77" CONTENT="propice" WC="1.00" CC="0020032"/>
					</TextLine>
					<TextLine ID="P19_TL00013" HPOS="243" VPOS="1291" WIDTH="2127" HEIGHT="81">
						<String ID="P19_ST00098" HPOS="243" VPOS="1292" WIDTH="278" HEIGHT="58" CONTENT="ravirait" WC="1.00" CC="00020030"/>
						<SP ID="P19_SP00087" HPOS="521" VPOS="1350" WIDTH="30"/>
						<String ID="P19_ST00099" HPOS="551" VPOS="1291" WIDTH="37" HEIGHT="59" CONTENT="à" WC="0.14" CC="8"/>
						<SP ID="P19_SP00088" HPOS="588" VPOS="1350" WIDTH="47"/>
						<String ID="P19_ST00100" HPOS="635" VPOS="1293" WIDTH="65" HEIGHT="57" CONTENT="la" WC="0.28" CC="58"/>
						<SP ID="P19_SP00089" HPOS="700" VPOS="1350" WIDTH="41"/>
						<String ID="P19_ST00101" HPOS="741" VPOS="1292" WIDTH="105" HEIGHT="60" CONTENT="vie" WC="1.00" CC="000"/>
						<SP ID="P19_SP00090" HPOS="846" VPOS="1352" WIDTH="65"/>
						<String ID="P19_ST00102" HPOS="911" VPOS="1293" WIDTH="59" HEIGHT="59" CONTENT="le" WC="0.90" CC="01"/>
						<SP ID="P19_SP00091" HPOS="970" VPOS="1352" WIDTH="60"/>
						<String ID="P19_ST00103" HPOS="1030" VPOS="1293" WIDTH="158" HEIGHT="59" CONTENT="vieil" WC="0.98" CC="04241"/>
						<SP ID="P19_SP00092" HPOS="1188" VPOS="1352" WIDTH="49"/>
						<String ID="P19_ST00104" HPOS="1237" VPOS="1294" WIDTH="258" HEIGHT="59" CONTENT="esclave" WC="1.00" CC="0100001"/>
						<SP ID="P19_SP00093" HPOS="1495" VPOS="1353" WIDTH="34"/>
						<String ID="P19_ST00105" HPOS="1529" VPOS="1296" WIDTH="506" HEIGHT="71" CONTENT="administratif," WC="1.00" CC="00007000004034"/>
						<SP ID="P19_SP00094" HPOS="2035" VPOS="1367" WIDTH="37"/>
						<String ID="P19_ST00106" HPOS="2072" VPOS="1314" WIDTH="149" HEIGHT="58" CONTENT="que," WC="0.97" CC="0704"/>
						<SP ID="P19_SP00095" HPOS="2221" VPOS="1372" WIDTH="33"/>
						<String ID="P19_ST00107" HPOS="2254" VPOS="1311" WIDTH="116" HEIGHT="60" CONTENT="par" WC="1.00" CC="000"/>
					</TextLine>
					<TextLine ID="P19_TL00014" HPOS="247" VPOS="1371" WIDTH="2120" HEIGHT="75">
						<String ID="P19_ST00108" HPOS="247" VPOS="1371" WIDTH="198" HEIGHT="72" CONTENT="suite," WC="0.98" CC="400644"/>
						<SP ID="P19_SP00096" HPOS="445" VPOS="1443" WIDTH="34"/>
						<String ID="P19_ST00109" HPOS="479" VPOS="1372" WIDTH="337" HEIGHT="60" CONTENT="l'affreuse" WC="0.99" CC="2306863030"/>
						<SP ID="P19_SP00097" HPOS="816" VPOS="1443" WIDTH="33"/>
						<String ID="P19_ST00110" HPOS="849" VPOS="1372" WIDTH="135" HEIGHT="58" CONTENT="fille" WC="0.99" CC="01501"/>
						<SP ID="P19_SP00098" HPOS="984" VPOS="1443" WIDTH="28"/>
						<String ID="P19_ST00111" HPOS="1012" VPOS="1374" WIDTH="64" HEIGHT="58" CONTENT="et" WC="0.64" CC="34"/>
						<SP ID="P19_SP00099" HPOS="1076" VPOS="1443" WIDTH="20"/>
						<String ID="P19_ST00112" HPOS="1096" VPOS="1372" WIDTH="372" HEIGHT="74" CONTENT="lui-même," WC="0.99" CC="100403014"/>
						<SP ID="P19_SP00100" HPOS="1468" VPOS="1446" WIDTH="33"/>
						<String ID="P19_ST00113" HPOS="1501" VPOS="1373" WIDTH="435" HEIGHT="61" CONTENT="hériteraient" WC="1.00" CC="700040000043"/>
						<SP ID="P19_SP00101" HPOS="1936" VPOS="1446" WIDTH="44"/>
						<String ID="P19_ST00114" HPOS="1980" VPOS="1376" WIDTH="88" HEIGHT="57" CONTENT="du" WC="0.66" CC="06"/>
						<SP ID="P19_SP00102" HPOS="2068" VPOS="1446" WIDTH="40"/>
						<String ID="P19_ST00115" HPOS="2108" VPOS="1372" WIDTH="259" HEIGHT="61" CONTENT="défunt." WC="0.99" CC="0060203"/>
					</TextLine>
					<TextLine ID="P19_TL00015" HPOS="243" VPOS="1452" WIDTH="2128" HEIGHT="77">
						<String ID="P19_ST00116" HPOS="243" VPOS="1453" WIDTH="203" HEIGHT="57" CONTENT="Enfin" WC="0.96" CC="77825"/>
						<SP ID="P19_SP00103" HPOS="446" VPOS="1510" WIDTH="24"/>
						<String ID="P19_ST00117" HPOS="470" VPOS="1452" WIDTH="386" HEIGHT="60" CONTENT="détenteurs" WC="0.99" CC="0341060702"/>
						<SP ID="P19_SP00104" HPOS="856" VPOS="1512" WIDTH="34"/>
						<String ID="P19_ST00118" HPOS="890" VPOS="1453" WIDTH="119" HEIGHT="59" CONTENT="des" WC="0.96" CC="054"/>
						<SP ID="P19_SP00105" HPOS="1009" VPOS="1512" WIDTH="44"/>
						<String ID="P19_ST00119" HPOS="1053" VPOS="1453" WIDTH="324" HEIGHT="75" CONTENT="premiers" WC="0.99" CC="90403002"/>
						<SP ID="P19_SP00106" HPOS="1377" VPOS="1528" WIDTH="32"/>
						<String ID="P19_ST00120" HPOS="1409" VPOS="1453" WIDTH="224" HEIGHT="59" CONTENT="billets" WC="0.98" CC="7164058"/>
						<SP ID="P19_SP00107" HPOS="1633" VPOS="1528" WIDTH="51"/>
						<String ID="P19_ST00121" HPOS="1684" VPOS="1456" WIDTH="79" HEIGHT="57" CONTENT="de" WC="0.41" CC="64"/>
						<SP ID="P19_SP00108" HPOS="1763" VPOS="1528" WIDTH="44"/>
						<String ID="P19_ST00122" HPOS="1807" VPOS="1454" WIDTH="210" HEIGHT="72" CONTENT="mille," WC="0.99" CC="004423"/>
						<SP ID="P19_SP00109" HPOS="2017" VPOS="1528" WIDTH="46"/>
						<String ID="P19_ST00123" HPOS="2063" VPOS="1454" WIDTH="84" HEIGHT="58" CONTENT="ils" WC="0.95" CC="056"/>
						<SP ID="P19_SP00110" HPOS="2147" VPOS="1528" WIDTH="33"/>
						<String ID="P19_ST00124" HPOS="2180" VPOS="1470" WIDTH="153" HEIGHT="59" CONTENT="pour" SUBS_TYPE="HypPart1" SUBS_CONTENT="pourraient" WC="0.99" CC="0200"/>
						<HYP HPOS="2333" VPOS="1470" WIDTH="38" CONTENT="-"/>
					</TextLine>
					<TextLine ID="P19_TL00016" HPOS="245" VPOS="1532" WIDTH="2126" HEIGHT="76">
						<String ID="P19_ST00125" HPOS="245" VPOS="1532" WIDTH="220" HEIGHT="58" CONTENT="raient" SUBS_TYPE="HypPart2" SUBS_CONTENT="pourraient" WC="0.98" CC="704364"/>
						<SP ID="P19_SP00111" HPOS="465" VPOS="1590" WIDTH="27"/>
						<String ID="P19_ST00126" HPOS="492" VPOS="1532" WIDTH="268" HEIGHT="58" CONTENT="nourrir" WC="0.99" CC="0480060"/>
						<SP ID="P19_SP00112" HPOS="760" VPOS="1590" WIDTH="42"/>
						<String ID="P19_ST00127" HPOS="802" VPOS="1548" WIDTH="119" HEIGHT="60" CONTENT="par" WC="0.98" CC="006"/>
						<SP ID="P19_SP00113" HPOS="921" VPOS="1608" WIDTH="27"/>
						<String ID="P19_ST00128" HPOS="948" VPOS="1532" WIDTH="116" HEIGHT="58" CONTENT="des" WC="0.96" CC="056"/>
						<SP ID="P19_SP00114" HPOS="1064" VPOS="1608" WIDTH="45"/>
						<String ID="P19_ST00129" HPOS="1109" VPOS="1532" WIDTH="145" HEIGHT="58" CONTENT="vols" WC="0.97" CC="0535"/>
						<SP ID="P19_SP00115" HPOS="1254" VPOS="1608" WIDTH="47"/>
						<String ID="P19_ST00130" HPOS="1301" VPOS="1532" WIDTH="251" HEIGHT="58" CONTENT="adroits" WC="0.99" CC="0000034"/>
						<SP ID="P19_SP00116" HPOS="1552" VPOS="1608" WIDTH="31"/>
						<String ID="P19_ST00131" HPOS="1583" VPOS="1548" WIDTH="91" HEIGHT="42" CONTENT="un" WC="0.70" CC="05"/>
						<SP ID="P19_SP00117" HPOS="1674" VPOS="1608" WIDTH="33"/>
						<String ID="P19_ST00132" HPOS="1707" VPOS="1533" WIDTH="240" HEIGHT="75" CONTENT="capital" WC="1.00" CC="0000002"/>
						<SP ID="P19_SP00118" HPOS="1947" VPOS="1608" WIDTH="22"/>
						<String ID="P19_ST00133" HPOS="1969" VPOS="1532" WIDTH="312" HEIGHT="76" CONTENT="probable" WC="1.00" CC="00000030"/>
						<SP ID="P19_SP00119" HPOS="2281" VPOS="1608" WIDTH="29"/>
						<String ID="P19_ST00134" HPOS="2310" VPOS="1532" WIDTH="61" HEIGHT="57" CONTENT="et" WC="0.76" CC="40"/>
					</TextLine>
					<TextLine ID="P19_TL00017" HPOS="248" VPOS="1611" WIDTH="2128" HEIGHT="77">
						<String ID="P19_ST00135" HPOS="248" VPOS="1611" WIDTH="267" HEIGHT="77" CONTENT="espérer" WC="0.98" CC="5106339"/>
						<SP ID="P19_SP00120" HPOS="515" VPOS="1688" WIDTH="20"/>
						<String ID="P19_ST00136" HPOS="535" VPOS="1612" WIDTH="175" HEIGHT="76" CONTENT="régir" WC="0.99" CC="50000"/>
						<SP ID="P19_SP00121" HPOS="710" VPOS="1688" WIDTH="26"/>
						<String ID="P19_ST00137" HPOS="736" VPOS="1612" WIDTH="35" HEIGHT="58" CONTENT="à" WC="0.39" CC="6"/>
						<SP ID="P19_SP00122" HPOS="771" VPOS="1688" WIDTH="15"/>
						<String ID="P19_ST00138" HPOS="786" VPOS="1612" WIDTH="146" HEIGHT="58" CONTENT="leur" WC="0.96" CC="6066"/>
						<SP ID="P19_SP00123" HPOS="932" VPOS="1688" WIDTH="27"/>
						<String ID="P19_ST00139" HPOS="959" VPOS="1613" WIDTH="154" HEIGHT="57" CONTENT="tour" WC="0.96" CC="4364"/>
						<SP ID="P19_SP00124" HPOS="1113" VPOS="1688" WIDTH="28"/>
						<String ID="P19_ST00140" HPOS="1141" VPOS="1611" WIDTH="484" HEIGHT="77" CONTENT="l'exploitation" WC="1.00" CC="33000060400450"/>
						<SP ID="P19_SP00125" HPOS="1625" VPOS="1688" WIDTH="34"/>
						<String ID="P19_ST00141" HPOS="1659" VPOS="1613" WIDTH="77" HEIGHT="57" CONTENT="de" WC="0.94" CC="01"/>
						<SP ID="P19_SP00126" HPOS="1736" VPOS="1688" WIDTH="45"/>
						<String ID="P19_ST00142" HPOS="1781" VPOS="1613" WIDTH="63" HEIGHT="57" CONTENT="la" WC="0.91" CC="10"/>
						<SP ID="P19_SP00127" HPOS="1844" VPOS="1688" WIDTH="46"/>
						<String ID="P19_ST00143" HPOS="1890" VPOS="1612" WIDTH="239" HEIGHT="60" CONTENT="misère" WC="0.98" CC="007506"/>
						<SP ID="P19_SP00128" HPOS="2129" VPOS="1688" WIDTH="31"/>
						<String ID="P19_ST00144" HPOS="2160" VPOS="1611" WIDTH="180" HEIGHT="77" CONTENT="publi" SUBS_TYPE="HypPart1" SUBS_CONTENT="publique," WC="0.99" CC="07020"/>
						<HYP HPOS="2340" VPOS="1611" WIDTH="36" CONTENT="-"/>
					</TextLine>
					<TextLine ID="P19_TL00018" HPOS="250" VPOS="1691" WIDTH="1620" HEIGHT="77">
						<String ID="P19_ST00145" HPOS="250" VPOS="1708" WIDTH="154" HEIGHT="60" CONTENT="que," SUBS_TYPE="HypPart2" SUBS_CONTENT="publique," WC="0.96" CC="5604"/>
						<SP ID="P19_SP00129" HPOS="404" VPOS="1768" WIDTH="36"/>
						<String ID="P19_ST00146" HPOS="440" VPOS="1691" WIDTH="296" HEIGHT="59" CONTENT="comblés" WC="0.99" CC="0500076"/>
						<SP ID="P19_SP00130" HPOS="736" VPOS="1768" WIDTH="33"/>
						<String ID="P19_ST00147" HPOS="769" VPOS="1692" WIDTH="406" HEIGHT="58" CONTENT="d'honneurs" WC="0.99" CC="0373463704"/>
						<SP ID="P19_SP00131" HPOS="1175" VPOS="1768" WIDTH="22"/>
						<String ID="P19_ST00148" HPOS="1197" VPOS="1708" WIDTH="119" HEIGHT="59" CONTENT="par" WC="1.00" CC="000"/>
						<SP ID="P19_SP00132" HPOS="1316" VPOS="1768" WIDTH="20"/>
						<String ID="P19_ST00149" HPOS="1336" VPOS="1691" WIDTH="98" HEIGHT="58" CONTENT="les" WC="0.98" CC="500"/>
						<SP ID="P19_SP00133" HPOS="1434" VPOS="1768" WIDTH="28"/>
						<String ID="P19_ST00150" HPOS="1462" VPOS="1691" WIDTH="408" HEIGHT="59" CONTENT="ministères." WC="0.99" CC="00306655060"/>
					</TextLine>
					<TextLine ID="P19_TL00019" HPOS="330" VPOS="1769" WIDTH="1922" HEIGHT="61">
						<String ID="P19_ST00151" HPOS="330" VPOS="1771" WIDTH="386" HEIGHT="59" CONTENT="Gelac'était" WC="0.78" CC="60003381010"/>
						<SP ID="P19_SP00134" HPOS="716" VPOS="1830" WIDTH="28"/>
						<String ID="P19_ST00152" HPOS="744" VPOS="1771" WIDTH="61" HEIGHT="58" CONTENT="le" WC="0.58" CC="61"/>
						<SP ID="P19_SP00135" HPOS="805" VPOS="1830" WIDTH="28"/>
						<String ID="P19_ST00153" HPOS="833" VPOS="1769" WIDTH="173" HEIGHT="60" CONTENT="rêve." WC="0.98" CC="07044"/>
						<SP ID="P19_SP00136" HPOS="1006" VPOS="1830" WIDTH="36"/>
						<String ID="P19_ST00154" HPOS="1042" VPOS="1771" WIDTH="95" HEIGHT="58" CONTENT="La" WC="0.88" CC="20"/>
						<SP ID="P19_SP00137" HPOS="1137" VPOS="1830" WIDTH="20"/>
						<String ID="P19_ST00155" HPOS="1157" VPOS="1769" WIDTH="228" HEIGHT="60" CONTENT="réalité" WC="0.99" CC="0600304"/>
						<SP ID="P19_SP00138" HPOS="1385" VPOS="1830" WIDTH="33"/>
						<String ID="P19_ST00156" HPOS="1418" VPOS="1771" WIDTH="113" HEIGHT="57" CONTENT="eut" WC="1.00" CC="000"/>
						<SP ID="P19_SP00139" HPOS="1531" VPOS="1830" WIDTH="20"/>
						<String ID="P19_ST00157" HPOS="1551" VPOS="1771" WIDTH="217" HEIGHT="58" CONTENT="moins" WC="0.98" CC="06605"/>
						<SP ID="P19_SP00140" HPOS="1768" VPOS="1830" WIDTH="28"/>
						<String ID="P19_ST00158" HPOS="1796" VPOS="1771" WIDTH="79" HEIGHT="57" CONTENT="de" WC="0.81" CC="03"/>
						<SP ID="P19_SP00141" HPOS="1875" VPOS="1830" WIDTH="25"/>
						<String ID="P19_ST00159" HPOS="1900" VPOS="1769" WIDTH="352" HEIGHT="60" CONTENT="clémence." WC="0.99" CC="400005204"/>
					</TextLine>
					<TextLine ID="P19_TL00020" HPOS="330" VPOS="1849" WIDTH="2044" HEIGHT="77">
						<String ID="P19_ST00160" HPOS="330" VPOS="1851" WIDTH="93" HEIGHT="58" CONTENT="Le" WC="0.71" CC="50"/>
						<SP ID="P19_SP00142" HPOS="423" VPOS="1909" WIDTH="32"/>
						<String ID="P19_ST00161" HPOS="455" VPOS="1851" WIDTH="311" HEIGHT="59" CONTENT="vieillard" WC="0.99" CC="005013007"/>
						<SP ID="P19_SP00143" HPOS="766" VPOS="1910" WIDTH="32"/>
						<String ID="P19_ST00162" HPOS="798" VPOS="1849" WIDTH="316" HEIGHT="60" CONTENT="continua" WC="0.99" CC="04000070"/>
						<SP ID="P19_SP00144" HPOS="1114" VPOS="1910" WIDTH="33"/>
						<String ID="P19_ST00163" HPOS="1147" VPOS="1851" WIDTH="79" HEIGHT="58" CONTENT="de" WC="1.00" CC="00"/>
						<SP ID="P19_SP00145" HPOS="1226" VPOS="1910" WIDTH="38"/>
						<String ID="P19_ST00164" HPOS="1264" VPOS="1851" WIDTH="184" HEIGHT="58" CONTENT="vivre" WC="0.99" CC="01004"/>
						<SP ID="P19_SP00146" HPOS="1448" VPOS="1910" WIDTH="46"/>
						<String ID="P19_ST00165" HPOS="1494" VPOS="1849" WIDTH="192" HEIGHT="77" CONTENT="après" WC="0.99" CC="00045"/>
						<SP ID="P19_SP00147" HPOS="1686" VPOS="1926" WIDTH="39"/>
						<String ID="P19_ST00166" HPOS="1725" VPOS="1849" WIDTH="184" HEIGHT="60" CONTENT="avoir" WC="0.99" CC="00600"/>
						<SP ID="P19_SP00148" HPOS="1909" VPOS="1926" WIDTH="44"/>
						<String ID="P19_ST00167" HPOS="1953" VPOS="1849" WIDTH="248" HEIGHT="70" CONTENT="fourni," WC="0.98" CC="1509204"/>
						<SP ID="P19_SP00149" HPOS="2201" VPOS="1926" WIDTH="43"/>
						<String ID="P19_ST00168" HPOS="2244" VPOS="1865" WIDTH="130" HEIGHT="42" CONTENT="une" WC="0.95" CC="570"/>
					</TextLine>
					<TextLine ID="P19_TL00021" HPOS="255" VPOS="1928" WIDTH="2121" HEIGHT="78">
						<String ID="P19_ST00169" HPOS="255" VPOS="1931" WIDTH="126" HEIGHT="59" CONTENT="fois" WC="0.97" CC="0546"/>
						<SP ID="P19_SP00150" HPOS="381" VPOS="1990" WIDTH="31"/>
						<String ID="P19_ST00170" HPOS="412" VPOS="1947" WIDTH="170" HEIGHT="59" CONTENT="pour" WC="0.97" CC="0670"/>
						<SP ID="P19_SP00151" HPOS="582" VPOS="2006" WIDTH="21"/>
						<String ID="P19_ST00171" HPOS="603" VPOS="1932" WIDTH="247" HEIGHT="70" CONTENT="toutes," WC="0.98" CC="6074544"/>
						<SP ID="P19_SP00152" HPOS="850" VPOS="2006" WIDTH="47"/>
						<String ID="P19_ST00172" HPOS="897" VPOS="1929" WIDTH="61" HEIGHT="59" CONTENT="le" WC="0.64" CC="60"/>
						<SP ID="P19_SP00153" HPOS="958" VPOS="2006" WIDTH="23"/>
						<String ID="P19_ST00173" HPOS="981" VPOS="1929" WIDTH="157" HEIGHT="77" CONTENT="jour" WC="0.98" CC="5400"/>
						<SP ID="P19_SP00154" HPOS="1138" VPOS="2006" WIDTH="46"/>
						<String ID="P19_ST00174" HPOS="1184" VPOS="1929" WIDTH="79" HEIGHT="59" CONTENT="de" WC="0.82" CC="03"/>
						<SP ID="P19_SP00155" HPOS="1263" VPOS="2006" WIDTH="57"/>
						<String ID="P19_ST00175" HPOS="1320" VPOS="1929" WIDTH="62" HEIGHT="59" CONTENT="la" WC="1.00" CC="00"/>
						<SP ID="P19_SP00156" HPOS="1382" VPOS="2006" WIDTH="29"/>
						<String ID="P19_ST00176" HPOS="1411" VPOS="1945" WIDTH="183" HEIGHT="56" CONTENT="noce," WC="0.97" CC="64327"/>
						<SP ID="P19_SP00157" HPOS="1594" VPOS="2006" WIDTH="33"/>
						<String ID="P19_ST00177" HPOS="1627" VPOS="1945" WIDTH="93" HEIGHT="42" CONTENT="un" WC="0.66" CC="06"/>
						<SP ID="P19_SP00158" HPOS="1720" VPOS="2006" WIDTH="26"/>
						<String ID="P19_ST00178" HPOS="1746" VPOS="1929" WIDTH="351" HEIGHT="59" CONTENT="trousseau" WC="0.99" CC="600032200"/>
						<SP ID="P19_SP00159" HPOS="2097" VPOS="2006" WIDTH="41"/>
						<String ID="P19_ST00179" HPOS="2138" VPOS="1928" WIDTH="77" HEIGHT="57" CONTENT="de" WC="0.84" CC="03"/>
						<SP ID="P19_SP00160" HPOS="2215" VPOS="2006" WIDTH="27"/>
						<String ID="P19_ST00180" HPOS="2242" VPOS="1943" WIDTH="90" HEIGHT="41" CONTENT="ma" SUBS_TYPE="HypPart1" SUBS_CONTENT="madapolam," WC="0.87" CC="00"/>
						<HYP HPOS="2332" VPOS="1943" WIDTH="44" CONTENT="-"/>
					</TextLine>
					<TextLine ID="P19_TL00022" HPOS="255" VPOS="2006" WIDTH="2120" HEIGHT="81">
						<String ID="P19_ST00181" HPOS="255" VPOS="2011" WIDTH="338" HEIGHT="76" CONTENT="dapolam," SUBS_TYPE="HypPart2" SUBS_CONTENT="madapolam," WC="0.82" CC="00052014"/>
						<SP ID="P19_SP00161" HPOS="593" VPOS="2087" WIDTH="32"/>
						<String ID="P19_ST00182" HPOS="625" VPOS="2011" WIDTH="211" HEIGHT="57" CONTENT="douze" WC="0.98" CC="06015"/>
						<SP ID="P19_SP00162" HPOS="836" VPOS="2087" WIDTH="33"/>
						<String ID="P19_ST00183" HPOS="869" VPOS="2009" WIDTH="306" HEIGHT="59" CONTENT="couverts" WC="0.99" CC="04000445"/>
						<SP ID="P19_SP00163" HPOS="1175" VPOS="2087" WIDTH="46"/>
						<String ID="P19_ST00184" HPOS="1221" VPOS="2009" WIDTH="78" HEIGHT="58" CONTENT="de" WC="0.53" CC="53"/>
						<SP ID="P19_SP00164" HPOS="1299" VPOS="2087" WIDTH="56"/>
						<String ID="P19_ST00185" HPOS="1355" VPOS="2007" WIDTH="209" HEIGHT="72" CONTENT="ruolz," WC="0.71" CC="602034"/>
						<SP ID="P19_SP00165" HPOS="1564" VPOS="2087" WIDTH="48"/>
						<String ID="P19_ST00186" HPOS="1612" VPOS="2025" WIDTH="68" HEIGHT="42" CONTENT="ce" WC="1.00" CC="00"/>
						<SP ID="P19_SP00166" HPOS="1680" VPOS="2087" WIDTH="47"/>
						<String ID="P19_ST00187" HPOS="1727" VPOS="2008" WIDTH="78" HEIGHT="57" CONTENT="lit" WC="0.97" CC="502"/>
						<SP ID="P19_SP00167" HPOS="1805" VPOS="2087" WIDTH="46"/>
						<String ID="P19_ST00188" HPOS="1851" VPOS="2008" WIDTH="76" HEIGHT="57" CONTENT="de" WC="0.84" CC="03"/>
						<SP ID="P19_SP00168" HPOS="1927" VPOS="2087" WIDTH="34"/>
						<String ID="P19_ST00189" HPOS="1961" VPOS="2006" WIDTH="414" HEIGHT="77" CONTENT="palissandre" WC="1.00" CC="00106205003"/>
					</TextLine>
					<TextLine ID="P19_TL00023" HPOS="253" VPOS="2083" WIDTH="2122" HEIGHT="85">
						<String ID="P19_ST00190" HPOS="253" VPOS="2107" WIDTH="170" HEIGHT="61" CONTENT="pour" WC="0.98" CC="0460"/>
						<SP ID="P19_SP00169" HPOS="423" VPOS="2168" WIDTH="46"/>
						<String ID="P19_ST00191" HPOS="469" VPOS="2091" WIDTH="117" HEIGHT="57" CONTENT="des" WC="0.96" CC="036"/>
						<SP ID="P19_SP00170" HPOS="586" VPOS="2168" WIDTH="31"/>
						<String ID="P19_ST00192" HPOS="617" VPOS="2088" WIDTH="237" HEIGHT="60" CONTENT="débats" WC="0.99" CC="006013"/>
						<SP ID="P19_SP00171" HPOS="854" VPOS="2168" WIDTH="31"/>
						<String ID="P19_ST00193" HPOS="885" VPOS="2088" WIDTH="304" HEIGHT="76" CONTENT="ignobles" WC="0.99" CC="20550253"/>
						<SP ID="P19_SP00172" HPOS="1189" VPOS="2168" WIDTH="42"/>
						<String ID="P19_ST00194" HPOS="1231" VPOS="2089" WIDTH="63" HEIGHT="58" CONTENT="et" WC="0.73" CC="04"/>
						<SP ID="P19_SP00173" HPOS="1294" VPOS="2168" WIDTH="45"/>
						<String ID="P19_ST00195" HPOS="1339" VPOS="2087" WIDTH="362" HEIGHT="76" CONTENT="légitimes," WC="1.00" CC="0305210013"/>
						<SP ID="P19_SP00174" HPOS="1701" VPOS="2168" WIDTH="48"/>
						<String ID="P19_ST00196" HPOS="1749" VPOS="2088" WIDTH="166" HEIGHT="57" CONTENT="cette" WC="0.99" CC="60000"/>
						<SP ID="P19_SP00175" HPOS="1915" VPOS="2168" WIDTH="52"/>
						<String ID="P19_ST00197" HPOS="1967" VPOS="2086" WIDTH="284" HEIGHT="58" CONTENT="armoire" WC="0.99" CC="0004400"/>
						<SP ID="P19_SP00176" HPOS="2251" VPOS="2168" WIDTH="26"/>
						<String ID="P19_ST00198" HPOS="2277" VPOS="2083" WIDTH="66" HEIGHT="59" CONTENT="hi" SUBS_TYPE="HypPart1" SUBS_CONTENT="hideuse" WC="0.94" CC="74"/>
						<HYP HPOS="2343" VPOS="2083" WIDTH="32" CONTENT="-"/>
					</TextLine>
					<TextLine ID="P19_TL00024" HPOS="254" VPOS="2163" WIDTH="2124" HEIGHT="81">
						<String ID="P19_ST00199" HPOS="254" VPOS="2172" WIDTH="208" HEIGHT="58" CONTENT="deuse" SUBS_TYPE="HypPart2" SUBS_CONTENT="hideuse" WC="0.99" CC="00721"/>
						<SP ID="P19_SP00177" HPOS="462" VPOS="2230" WIDTH="50"/>
						<String ID="P19_ST00200" HPOS="512" VPOS="2171" WIDTH="160" HEIGHT="58" CONTENT="dont" WC="0.98" CC="0430"/>
						<SP ID="P19_SP00178" HPOS="672" VPOS="2230" WIDTH="48"/>
						<String ID="P19_ST00201" HPOS="720" VPOS="2169" WIDTH="65" HEIGHT="58" CONTENT="la" WC="1.00" CC="00"/>
						<SP ID="P19_SP00179" HPOS="785" VPOS="2230" WIDTH="45"/>
						<String ID="P19_ST00202" HPOS="830" VPOS="2168" WIDTH="179" HEIGHT="76" CONTENT="glace" WC="0.98" CC="05043"/>
						<SP ID="P19_SP00180" HPOS="1009" VPOS="2244" WIDTH="42"/>
						<String ID="P19_ST00203" HPOS="1051" VPOS="2168" WIDTH="359" HEIGHT="60" CONTENT="refléterait" WC="0.99" CC="00525160003"/>
						<SP ID="P19_SP00181" HPOS="1410" VPOS="2244" WIDTH="47"/>
						<String ID="P19_ST00204" HPOS="1457" VPOS="2168" WIDTH="96" HEIGHT="57" CONTENT="les" WC="0.97" CC="512"/>
						<SP ID="P19_SP00182" HPOS="1553" VPOS="2244" WIDTH="51"/>
						<String ID="P19_ST00205" HPOS="1604" VPOS="2166" WIDTH="231" HEIGHT="58" CONTENT="scènes" WC="0.99" CC="605003"/>
						<SP ID="P19_SP00183" HPOS="1835" VPOS="2244" WIDTH="33"/>
						<String ID="P19_ST00206" HPOS="1868" VPOS="2164" WIDTH="402" HEIGHT="78" CONTENT="conjugales," WC="0.99" CC="76007802104"/>
						<SP ID="P19_SP00184" HPOS="2270" VPOS="2244" WIDTH="48"/>
						<String ID="P19_ST00207" HPOS="2318" VPOS="2163" WIDTH="60" HEIGHT="57" CONTENT="et" WC="0.91" CC="01"/>
					</TextLine>
					<TextLine ID="P19_TL00025" HPOS="253" VPOS="2243" WIDTH="2125" HEIGHT="83">
						<String ID="P19_ST00208" HPOS="253" VPOS="2251" WIDTH="65" HEIGHT="59" CONTENT="la" WC="1.00" CC="00"/>
						<SP ID="P19_SP00185" HPOS="318" VPOS="2310" WIDTH="28"/>
						<String ID="P19_ST00209" HPOS="346" VPOS="2250" WIDTH="163" HEIGHT="58" CONTENT="salle" WC="0.98" CC="70413"/>
						<SP ID="P19_SP00186" HPOS="509" VPOS="2310" WIDTH="34"/>
						<String ID="P19_ST00210" HPOS="543" VPOS="2251" WIDTH="36" HEIGHT="57" CONTENT="à" WC="0.23" CC="7"/>
						<SP ID="P19_SP00187" HPOS="579" VPOS="2310" WIDTH="31"/>
						<String ID="P19_ST00211" HPOS="610" VPOS="2265" WIDTH="273" HEIGHT="61" CONTENT="manger" WC="0.99" CC="007050"/>
						<SP ID="P19_SP00188" HPOS="883" VPOS="2326" WIDTH="33"/>
						<String ID="P19_ST00212" HPOS="916" VPOS="2248" WIDTH="79" HEIGHT="59" CONTENT="de" WC="1.00" CC="00"/>
						<SP ID="P19_SP00189" HPOS="995" VPOS="2326" WIDTH="36"/>
						<String ID="P19_ST00213" HPOS="1031" VPOS="2248" WIDTH="162" HEIGHT="59" CONTENT="faux" WC="0.98" CC="0070"/>
						<SP ID="P19_SP00190" HPOS="1193" VPOS="2326" WIDTH="52"/>
						<String ID="P19_ST00214" HPOS="1245" VPOS="2247" WIDTH="203" HEIGHT="58" CONTENT="vieux" WC="0.98" CC="03209"/>
						<SP ID="P19_SP00191" HPOS="1448" VPOS="2326" WIDTH="56"/>
						<String ID="P19_ST00215" HPOS="1504" VPOS="2246" WIDTH="202" HEIGHT="59" CONTENT="chêne" WC="0.96" CC="27576"/>
						<SP ID="P19_SP00192" HPOS="1706" VPOS="2326" WIDTH="52"/>
						<String ID="P19_ST00216" HPOS="1758" VPOS="2246" WIDTH="159" HEIGHT="57" CONTENT="dont" WC="0.97" CC="0282"/>
						<SP ID="P19_SP00193" HPOS="1917" VPOS="2326" WIDTH="53"/>
						<String ID="P19_ST00217" HPOS="1970" VPOS="2244" WIDTH="60" HEIGHT="58" CONTENT="le" WC="1.00" CC="00"/>
						<SP ID="P19_SP00194" HPOS="2030" VPOS="2326" WIDTH="29"/>
						<String ID="P19_ST00218" HPOS="2059" VPOS="2244" WIDTH="146" HEIGHT="58" CONTENT="bois" WC="0.96" CC="6505"/>
						<SP ID="P19_SP00195" HPOS="2205" VPOS="2326" WIDTH="35"/>
						<String ID="P19_ST00219" HPOS="2240" VPOS="2243" WIDTH="138" HEIGHT="57" CONTENT="vert" WC="0.98" CC="5004"/>
					</TextLine>
					<TextLine ID="P19_TL00026" HPOS="255" VPOS="2322" WIDTH="2126" HEIGHT="85">
						<String ID="P19_ST00220" HPOS="255" VPOS="2346" WIDTH="244" HEIGHT="61" CONTENT="craque" WC="0.99" CC="000870"/>
						<SP ID="P19_SP00196" HPOS="499" VPOS="2407" WIDTH="31"/>
						<String ID="P19_ST00221" HPOS="530" VPOS="2327" WIDTH="477" HEIGHT="61" CONTENT="horriblement" WC="0.99" CC="765000530330"/>
						<SP ID="P19_SP00197" HPOS="1007" VPOS="2407" WIDTH="52"/>
						<String ID="P19_ST00222" HPOS="1059" VPOS="2328" WIDTH="64" HEIGHT="59" CONTENT="la" WC="1.00" CC="00"/>
						<SP ID="P19_SP00198" HPOS="1123" VPOS="2407" WIDTH="30"/>
						<String ID="P19_ST00223" HPOS="1153" VPOS="2327" WIDTH="148" HEIGHT="58" CONTENT="nuit" WC="0.95" CC="5834"/>
						<SP ID="P19_SP00199" HPOS="1301" VPOS="2407" WIDTH="40"/>
						<String ID="P19_ST00224" HPOS="1341" VPOS="2343" WIDTH="168" HEIGHT="59" CONTENT="pour" WC="0.99" CC="0300"/>
						<SP ID="P19_SP00200" HPOS="1509" VPOS="2407" WIDTH="47"/>
						<String ID="P19_ST00225" HPOS="1556" VPOS="2324" WIDTH="235" HEIGHT="60" CONTENT="l'effroi" WC="0.98" CC="54088003"/>
						<SP ID="P19_SP00201" HPOS="1791" VPOS="2407" WIDTH="55"/>
						<String ID="P19_ST00226" HPOS="1846" VPOS="2324" WIDTH="78" HEIGHT="58" CONTENT="de" WC="0.69" CC="06"/>
						<SP ID="P19_SP00202" HPOS="1924" VPOS="2407" WIDTH="42"/>
						<String ID="P19_ST00227" HPOS="1966" VPOS="2324" WIDTH="102" HEIGHT="58" CONTENT="tes" WC="0.96" CC="730"/>
						<SP ID="P19_SP00203" HPOS="2068" VPOS="2407" WIDTH="44"/>
						<String ID="P19_ST00228" HPOS="2112" VPOS="2322" WIDTH="231" HEIGHT="58" CONTENT="cauche" SUBS_TYPE="HypPart1" SUBS_CONTENT="cauchemars." WC="0.98" CC="600676"/>
						<HYP HPOS="2343" VPOS="2322" WIDTH="38" CONTENT="-"/>
					</TextLine>
					<TextLine ID="P19_TL00027" HPOS="255" VPOS="2427" WIDTH="204" HEIGHT="42">
						<String ID="P19_ST00229" HPOS="255" VPOS="2427" WIDTH="204" HEIGHT="42" CONTENT="mars." SUBS_TYPE="HypPart2" SUBS_CONTENT="cauchemars." WC="0.99" CC="00054"/>
					</TextLine>
					<TextLine ID="P19_TL00028" HPOS="337" VPOS="2478" WIDTH="2044" HEIGHT="88">
						<String ID="P19_ST00230" HPOS="337" VPOS="2490" WIDTH="91" HEIGHT="58" CONTENT="La" WC="1.00" CC="00"/>
						<SP ID="P19_SP00204" HPOS="428" VPOS="2548" WIDTH="33"/>
						<String ID="P19_ST00231" HPOS="461" VPOS="2487" WIDTH="333" HEIGHT="79" CONTENT="longévité" WC="0.99" CC="042040606"/>
						<SP ID="P19_SP00205" HPOS="794" VPOS="2566" WIDTH="33"/>
						<String ID="P19_ST00232" HPOS="827" VPOS="2487" WIDTH="89" HEIGHT="58" CONTENT="du" WC="0.66" CC="06"/>
						<SP ID="P19_SP00206" HPOS="916" VPOS="2566" WIDTH="33"/>
						<String ID="P19_ST00233" HPOS="949" VPOS="2486" WIDTH="326" HEIGHT="59" CONTENT="donateur" WC="0.99" CC="00605600"/>
						<SP ID="P19_SP00207" HPOS="1275" VPOS="2566" WIDTH="21"/>
						<String ID="P19_ST00234" HPOS="1296" VPOS="2482" WIDTH="309" HEIGHT="61" CONTENT="sournois" WC="0.98" CC="65095400"/>
						<SP ID="P19_SP00208" HPOS="1605" VPOS="2566" WIDTH="23"/>
						<String ID="P19_ST00235" HPOS="1628" VPOS="2481" WIDTH="162" HEIGHT="61" CONTENT="était" WC="0.99" CC="40000"/>
						<SP ID="P19_SP00209" HPOS="1790" VPOS="2566" WIDTH="20"/>
						<String ID="P19_ST00236" HPOS="1810" VPOS="2478" WIDTH="571" HEIGHT="79" CONTENT="impardonnable." WC="1.00" CC="00000037107024"/>
					</TextLine>
					<TextLine ID="P19_TL00029" HPOS="257" VPOS="2558" WIDTH="2127" HEIGHT="84">
						<String ID="P19_ST00237" HPOS="257" VPOS="2570" WIDTH="170" HEIGHT="58" CONTENT="Bien" WC="0.98" CC="6030"/>
						<SP ID="P19_SP00210" HPOS="427" VPOS="2628" WIDTH="33"/>
						<String ID="P19_ST00238" HPOS="460" VPOS="2570" WIDTH="118" HEIGHT="57" CONTENT="des" WC="0.99" CC="030"/>
						<SP ID="P19_SP00211" HPOS="578" VPOS="2628" WIDTH="34"/>
						<String ID="P19_ST00239" HPOS="612" VPOS="2567" WIDTH="130" HEIGHT="60" CONTENT="fois" WC="0.97" CC="2605"/>
						<SP ID="P19_SP00212" HPOS="742" VPOS="2628" WIDTH="32"/>
						<String ID="P19_ST00240" HPOS="774" VPOS="2570" WIDTH="113" HEIGHT="55" CONTENT="ton" WC="0.96" CC="630"/>
						<SP ID="P19_SP00213" HPOS="887" VPOS="2628" WIDTH="44"/>
						<String ID="P19_ST00241" HPOS="931" VPOS="2566" WIDTH="153" HEIGHT="76" CONTENT="père" WC="1.00" CC="0000"/>
						<SP ID="P19_SP00214" HPOS="1084" VPOS="2642" WIDTH="49"/>
						<String ID="P19_ST00242" HPOS="1133" VPOS="2582" WIDTH="69" HEIGHT="42" CONTENT="se" WC="0.86" CC="20"/>
						<SP ID="P19_SP00215" HPOS="1202" VPOS="2642" WIDTH="49"/>
						<String ID="P19_ST00243" HPOS="1251" VPOS="2562" WIDTH="351" HEIGHT="61" CONTENT="réveillant" WC="1.00" CC="6403000000"/>
						<SP ID="P19_SP00216" HPOS="1602" VPOS="2642" WIDTH="33"/>
						<String ID="P19_ST00244" HPOS="1635" VPOS="2561" WIDTH="190" HEIGHT="77" CONTENT="après" WC="0.98" CC="00670"/>
						<SP ID="P19_SP00217" HPOS="1825" VPOS="2642" WIDTH="33"/>
						<String ID="P19_ST00245" HPOS="1858" VPOS="2561" WIDTH="117" HEIGHT="58" CONTENT="des" WC="0.96" CC="045"/>
						<SP ID="P19_SP00218" HPOS="1975" VPOS="2642" WIDTH="58"/>
						<String ID="P19_ST00246" HPOS="2033" VPOS="2575" WIDTH="238" HEIGHT="59" CONTENT="songes" WC="0.98" CC="560005"/>
						<SP ID="P19_SP00219" HPOS="2271" VPOS="2642" WIDTH="32"/>
						<String ID="P19_ST00247" HPOS="2303" VPOS="2558" WIDTH="81" HEIGHT="57" CONTENT="de" WC="0.73" CC="05"/>
					</TextLine>
					<TextLine ID="P19_TL00030" HPOS="261" VPOS="2639" WIDTH="2124" HEIGHT="78">
						<String ID="P19_ST00248" HPOS="261" VPOS="2648" WIDTH="268" HEIGHT="61" CONTENT="fortune" WC="0.99" CC="5300705"/>
						<SP ID="P19_SP00220" HPOS="529" VPOS="2709" WIDTH="34"/>
						<String ID="P19_ST00249" HPOS="563" VPOS="2647" WIDTH="241" HEIGHT="60" CONTENT="avertit" WC="1.00" CC="0000700"/>
						<SP ID="P19_SP00221" HPOS="804" VPOS="2709" WIDTH="46"/>
						<String ID="P19_ST00250" HPOS="850" VPOS="2646" WIDTH="408" HEIGHT="59" CONTENT="amèrement" WC="1.00" CC="000040000"/>
						<SP ID="P19_SP00222" HPOS="1258" VPOS="2709" WIDTH="45"/>
						<String ID="P19_ST00251" HPOS="1303" VPOS="2644" WIDTH="79" HEIGHT="59" CONTENT="de" WC="0.76" CC="04"/>
						<SP ID="P19_SP00223" HPOS="1382" VPOS="2709" WIDTH="48"/>
						<String ID="P19_ST00252" HPOS="1430" VPOS="2660" WIDTH="108" HEIGHT="42" CONTENT="ses" WC="0.95" CC="426"/>
						<SP ID="P19_SP00224" HPOS="1538" VPOS="2709" WIDTH="45"/>
						<String ID="P19_ST00253" HPOS="1583" VPOS="2643" WIDTH="274" HEIGHT="74" CONTENT="regrets." WC="0.99" CC="00005154"/>
						<SP ID="P19_SP00225" HPOS="1857" VPOS="2717" WIDTH="52"/>
						<String ID="P19_ST00254" HPOS="1909" VPOS="2639" WIDTH="272" HEIGHT="68" CONTENT="Quelles" WC="0.98" CC="7705527"/>
						<SP ID="P19_SP00226" HPOS="2181" VPOS="2717" WIDTH="51"/>
						<String ID="P19_ST00255" HPOS="2232" VPOS="2653" WIDTH="115" HEIGHT="59" CONTENT="que" SUBS_TYPE="HypPart1" SUBS_CONTENT="querelles" WC="1.00" CC="000"/>
						<HYP HPOS="2347" VPOS="2653" WIDTH="38" CONTENT="-"/>
					</TextLine>
					<TextLine ID="P19_TL00031" HPOS="261" VPOS="2717" WIDTH="2128" HEIGHT="71">
						<String ID="P19_ST00256" HPOS="261" VPOS="2730" WIDTH="199" HEIGHT="58" CONTENT="relles" SUBS_TYPE="HypPart2" SUBS_CONTENT="querelles" WC="0.99" CC="000045"/>
						<SP ID="P19_SP00227" HPOS="460" VPOS="2788" WIDTH="22"/>
						<String ID="P19_ST00257" HPOS="482" VPOS="2727" WIDTH="416" HEIGHT="60" CONTENT="troublèrent" WC="0.99" CC="10400070376"/>
						<SP ID="P19_SP00228" HPOS="898" VPOS="2788" WIDTH="22"/>
						<String ID="P19_ST00258" HPOS="920" VPOS="2724" WIDTH="322" HEIGHT="60" CONTENT="l'humble" WC="0.99" CC="21670004"/>
						<SP ID="P19_SP00229" HPOS="1242" VPOS="2788" WIDTH="33"/>
						<String ID="P19_ST00259" HPOS="1275" VPOS="2723" WIDTH="121" HEIGHT="59" CONTENT="ciel" WC="1.00" CC="0000"/>
						<SP ID="P19_SP00230" HPOS="1396" VPOS="2788" WIDTH="20"/>
						<String ID="P19_ST00260" HPOS="1416" VPOS="2723" WIDTH="78" HEIGHT="57" CONTENT="de" WC="0.80" CC="03"/>
						<SP ID="P19_SP00231" HPOS="1494" VPOS="2788" WIDTH="31"/>
						<String ID="P19_ST00261" HPOS="1525" VPOS="2721" WIDTH="78" HEIGHT="58" CONTENT="lit" WC="0.97" CC="501"/>
						<SP ID="P19_SP00232" HPOS="1603" VPOS="2788" WIDTH="28"/>
						<String ID="P19_ST00262" HPOS="1631" VPOS="2726" WIDTH="61" HEIGHT="53" CONTENT="et" WC="0.67" CC="06"/>
						<SP ID="P19_SP00233" HPOS="1692" VPOS="2788" WIDTH="30"/>
						<String ID="P19_ST00263" HPOS="1722" VPOS="2719" WIDTH="99" HEIGHT="59" CONTENT="les" WC="0.96" CC="055"/>
						<SP ID="P19_SP00234" HPOS="1821" VPOS="2788" WIDTH="32"/>
						<String ID="P19_ST00264" HPOS="1853" VPOS="2718" WIDTH="225" HEIGHT="59" CONTENT="tristes" WC="0.98" CC="8014235"/>
						<SP ID="P19_SP00235" HPOS="2078" VPOS="2788" WIDTH="30"/>
						<String ID="P19_ST00265" HPOS="2108" VPOS="2717" WIDTH="281" HEIGHT="57" CONTENT="rideaux" WC="0.99" CC="0000009"/>
					</TextLine>
					<TextLine ID="P19_TL00032" HPOS="264" VPOS="2793" WIDTH="2123" HEIGHT="90">
						<String ID="P19_ST00266" HPOS="264" VPOS="2810" WIDTH="79" HEIGHT="58" CONTENT="de" WC="0.80" CC="04"/>
						<SP ID="P19_SP00236" HPOS="343" VPOS="2868" WIDTH="33"/>
						<String ID="P19_ST00267" HPOS="376" VPOS="2810" WIDTH="337" HEIGHT="68" CONTENT="cretonne," WC="0.98" CC="254548634"/>
						<SP ID="P19_SP00237" HPOS="713" VPOS="2878" WIDTH="37"/>
						<String ID="P19_ST00268" HPOS="750" VPOS="2806" WIDTH="208" HEIGHT="77" CONTENT="agités" WC="0.99" CC="000047"/>
						<SP ID="P19_SP00238" HPOS="958" VPOS="2883" WIDTH="30"/>
						<String ID="P19_ST00269" HPOS="988" VPOS="2821" WIDTH="118" HEIGHT="60" CONTENT="par" WC="1.00" CC="000"/>
						<SP ID="P19_SP00239" HPOS="1106" VPOS="2883" WIDTH="26"/>
						<String ID="P19_ST00270" HPOS="1132" VPOS="2804" WIDTH="65" HEIGHT="58" CONTENT="la" WC="0.92" CC="10"/>
						<SP ID="P19_SP00240" HPOS="1197" VPOS="2883" WIDTH="21"/>
						<String ID="P19_ST00271" HPOS="1218" VPOS="2801" WIDTH="244" HEIGHT="59" CONTENT="double" WC="0.99" CC="047000"/>
						<SP ID="P19_SP00241" HPOS="1462" VPOS="2883" WIDTH="34"/>
						<String ID="P19_ST00272" HPOS="1496" VPOS="2799" WIDTH="207" HEIGHT="59" CONTENT="colère" WC="0.98" CC="236603"/>
						<SP ID="P19_SP00242" HPOS="1703" VPOS="2883" WIDTH="35"/>
						<String ID="P19_ST00273" HPOS="1738" VPOS="2798" WIDTH="116" HEIGHT="59" CONTENT="des" WC="0.95" CC="049"/>
						<SP ID="P19_SP00243" HPOS="1854" VPOS="2883" WIDTH="32"/>
						<String ID="P19_ST00274" HPOS="1886" VPOS="2797" WIDTH="236" HEIGHT="76" CONTENT="époux," WC="0.98" CC="803004"/>
						<SP ID="P19_SP00244" HPOS="2122" VPOS="2883" WIDTH="141"/>
						<String ID="P19_ST00275" HPOS="2263" VPOS="2793" WIDTH="124" HEIGHT="58" CONTENT="elle" WC="0.97" CC="0515"/>
					</TextLine>
					<TextLine ID="P19_TL00033" HPOS="262" VPOS="2874" WIDTH="2130" HEIGHT="91">
						<String ID="P19_ST00276" HPOS="262" VPOS="2888" WIDTH="395" HEIGHT="77" CONTENT="reprochant" WC="0.99" CC="0000247062"/>
						<SP ID="P19_SP00245" HPOS="657" VPOS="2965" WIDTH="33"/>
						<String ID="P19_ST00277" HPOS="690" VPOS="2904" WIDTH="82" HEIGHT="41" CONTENT="au" WC="0.60" CC="07"/>
						<SP ID="P19_SP00246" HPOS="772" VPOS="2965" WIDTH="44"/>
						<String ID="P19_ST00278" HPOS="816" VPOS="2885" WIDTH="171" HEIGHT="59" CONTENT="mâle" WC="0.98" CC="0802"/>
						<SP ID="P19_SP00247" HPOS="987" VPOS="2965" WIDTH="37"/>
						<String ID="P19_ST00279" HPOS="1024" VPOS="2901" WIDTH="113" HEIGHT="42" CONTENT="son" WC="0.94" CC="436"/>
						<SP ID="P19_SP00248" HPOS="1137" VPOS="2965" WIDTH="42"/>
						<String ID="P19_ST00280" HPOS="1179" VPOS="2879" WIDTH="363" HEIGHT="78" CONTENT="incapacité" WC="1.00" CC="0620000005"/>
						<SP ID="P19_SP00249" HPOS="1542" VPOS="2965" WIDTH="52"/>
						<String ID="P19_ST00281" HPOS="1594" VPOS="2879" WIDTH="78" HEIGHT="58" CONTENT="de" WC="0.80" CC="04"/>
						<SP ID="P19_SP00250" HPOS="1672" VPOS="2965" WIDTH="39"/>
						<String ID="P19_ST00282" HPOS="1711" VPOS="2882" WIDTH="287" HEIGHT="71" CONTENT="paraître" WC="1.00" CC="00000502"/>
						<SP ID="P19_SP00251" HPOS="1998" VPOS="2965" WIDTH="46"/>
						<String ID="P19_ST00283" HPOS="2044" VPOS="2877" WIDTH="62" HEIGHT="57" CONTENT="et" WC="0.56" CC="35"/>
						<SP ID="P19_SP00252" HPOS="2106" VPOS="2965" WIDTH="32"/>
						<String ID="P19_ST00284" HPOS="2138" VPOS="2874" WIDTH="77" HEIGHT="59" CONTENT="de" WC="0.73" CC="05"/>
						<SP ID="P19_SP00253" HPOS="2215" VPOS="2965" WIDTH="31"/>
						<String ID="P19_ST00285" HPOS="2246" VPOS="2890" WIDTH="110" HEIGHT="59" CONTENT="pro" SUBS_TYPE="HypPart1" SUBS_CONTENT="produire" WC="0.98" CC="301"/>
						<HYP HPOS="2356" VPOS="2890" WIDTH="36" CONTENT="-"/>
					</TextLine>
					<TextLine ID="P19_TL00034" HPOS="269" VPOS="2952" WIDTH="2125" HEIGHT="82">
						<String ID="P19_ST00286" HPOS="269" VPOS="2970" WIDTH="192" HEIGHT="58" CONTENT="duire" SUBS_TYPE="HypPart2" SUBS_CONTENT="produire" WC="0.98" CC="08003"/>
						<SP ID="P19_SP00254" HPOS="461" VPOS="3028" WIDTH="43"/>
						<String ID="P19_ST00287" HPOS="504" VPOS="2967" WIDTH="61" HEIGHT="58" CONTENT="le" WC="0.90" CC="02"/>
						<SP ID="P19_SP00255" HPOS="565" VPOS="3028" WIDTH="36"/>
						<String ID="P19_ST00288" HPOS="601" VPOS="2966" WIDTH="373" HEIGHT="59" CONTENT="nécessaire" WC="0.99" CC="3011350094"/>
						<SP ID="P19_SP00256" HPOS="974" VPOS="3028" WIDTH="41"/>
						<String ID="P19_ST00289" HPOS="1015" VPOS="2981" WIDTH="131" HEIGHT="41" CONTENT="aux" WC="0.97" CC="080"/>
						<SP ID="P19_SP00257" HPOS="1146" VPOS="3028" WIDTH="52"/>
						<String ID="P19_ST00290" HPOS="1198" VPOS="2962" WIDTH="194" HEIGHT="58" CONTENT="luxes" WC="0.99" CC="00006"/>
						<SP ID="P19_SP00258" HPOS="1392" VPOS="3028" WIDTH="50"/>
						<String ID="P19_ST00291" HPOS="1442" VPOS="2959" WIDTH="97" HEIGHT="59" CONTENT="les" WC="0.96" CC="404"/>
						<SP ID="P19_SP00259" HPOS="1539" VPOS="3028" WIDTH="46"/>
						<String ID="P19_ST00292" HPOS="1585" VPOS="2958" WIDTH="155" HEIGHT="76" CONTENT="plus" WC="0.97" CC="0607"/>
						<SP ID="P19_SP00260" HPOS="1740" VPOS="3034" WIDTH="55"/>
						<String ID="P19_ST00293" HPOS="1795" VPOS="2954" WIDTH="339" HEIGHT="70" CONTENT="minimes," WC="0.99" CC="05730044"/>
						<SP ID="P19_SP00261" HPOS="2134" VPOS="3034" WIDTH="56"/>
						<String ID="P19_ST00294" HPOS="2190" VPOS="2954" WIDTH="58" HEIGHT="58" CONTENT="et" WC="0.79" CC="04"/>
						<SP ID="P19_SP00262" HPOS="2248" VPOS="3034" WIDTH="46"/>
						<String ID="P19_ST00295" HPOS="2294" VPOS="2952" WIDTH="100" HEIGHT="57" CONTENT="les" WC="0.95" CC="507"/>
					</TextLine>
					<TextLine ID="P19_TL00035" HPOS="266" VPOS="3031" WIDTH="2127" HEIGHT="87">
						<String ID="P19_ST00296" HPOS="266" VPOS="3048" WIDTH="235" HEIGHT="60" CONTENT="tristes" WC="0.98" CC="5036513"/>
						<SP ID="P19_SP00263" HPOS="501" VPOS="3108" WIDTH="30"/>
						<String ID="P19_ST00297" HPOS="531" VPOS="3046" WIDTH="273" HEIGHT="59" CONTENT="labeurs" WC="0.98" CC="0073609"/>
						<SP ID="P19_SP00264" HPOS="804" VPOS="3108" WIDTH="31"/>
						<String ID="P19_ST00298" HPOS="835" VPOS="3046" WIDTH="78" HEIGHT="58" CONTENT="de" WC="0.80" CC="04"/>
						<SP ID="P19_SP00265" HPOS="913" VPOS="3108" WIDTH="32"/>
						<String ID="P19_ST00299" HPOS="945" VPOS="3042" WIDTH="278" HEIGHT="76" CONTENT="ménage" WC="0.99" CC="001005"/>
						<SP ID="P19_SP00266" HPOS="1223" VPOS="3118" WIDTH="33"/>
						<String ID="P19_ST00300" HPOS="1256" VPOS="3041" WIDTH="162" HEIGHT="59" CONTENT="dont" WC="0.98" CC="0062"/>
						<SP ID="P19_SP00267" HPOS="1418" VPOS="3118" WIDTH="31"/>
						<String ID="P19_ST00301" HPOS="1449" VPOS="3053" WIDTH="254" HEIGHT="44" CONTENT="aucune" WC="0.97" CC="083582"/>
						<SP ID="P19_SP00268" HPOS="1703" VPOS="3118" WIDTH="56"/>
						<String ID="P19_ST00302" HPOS="1759" VPOS="3033" WIDTH="407" HEIGHT="60" CONTENT="mercenaire" WC="0.99" CC="0006381003"/>
						<SP ID="P19_SP00269" HPOS="2166" VPOS="3118" WIDTH="54"/>
						<String ID="P19_ST00303" HPOS="2220" VPOS="3047" WIDTH="80" HEIGHT="42" CONTENT="ne" WC="0.77" CC="04"/>
						<SP ID="P19_SP00270" HPOS="2300" VPOS="3118" WIDTH="27"/>
						<String ID="P19_ST00304" HPOS="2327" VPOS="3031" WIDTH="66" HEIGHT="57" CONTENT="la" WC="0.68" CC="60"/>
					</TextLine>
					<TextLine ID="P19_TL00036" HPOS="268" VPOS="3128" WIDTH="354" HEIGHT="61">
						<String ID="P19_ST00305" HPOS="268" VPOS="3128" WIDTH="354" HEIGHT="61" CONTENT="relèverait" WC="0.98" CC="8778777743"/>
					</TextLine>
					<TextLine ID="P19_TL00037" HPOS="349" VPOS="3188" WIDTH="2046" HEIGHT="94">
						<String ID="P19_ST00306" HPOS="349" VPOS="3207" WIDTH="200" HEIGHT="60" CONTENT="Alors" WC="0.98" CC="50341"/>
						<SP ID="P19_SP00271" HPOS="549" VPOS="3267" WIDTH="21"/>
						<String ID="P19_ST00307" HPOS="570" VPOS="3206" WIDTH="193" HEIGHT="60" CONTENT="l'idée" WC="0.98" CC="020086"/>
						<SP ID="P19_SP00272" HPOS="763" VPOS="3267" WIDTH="32"/>
						<String ID="P19_ST00308" HPOS="795" VPOS="3205" WIDTH="306" HEIGHT="77" CONTENT="pratique" WC="0.99" CC="00000470"/>
						<SP ID="P19_SP00273" HPOS="1101" VPOS="3282" WIDTH="31"/>
						<String ID="P19_ST00309" HPOS="1132" VPOS="3202" WIDTH="145" HEIGHT="58" CONTENT="vint" WC="0.99" CC="0220"/>
						<SP ID="P19_SP00274" HPOS="1277" VPOS="3282" WIDTH="28"/>
						<String ID="P19_ST00310" HPOS="1305" VPOS="3199" WIDTH="35" HEIGHT="59" CONTENT="à" WC="0.41" CC="5"/>
						<SP ID="P19_SP00275" HPOS="1340" VPOS="3282" WIDTH="29"/>
						<String ID="P19_ST00311" HPOS="1369" VPOS="3198" WIDTH="291" HEIGHT="76" CONTENT="l'épouse" WC="0.99" CC="03005715"/>
						<SP ID="P19_SP00276" HPOS="1660" VPOS="3282" WIDTH="47"/>
						<String ID="P19_ST00312" HPOS="1707" VPOS="3197" WIDTH="78" HEIGHT="57" CONTENT="de" WC="1.00" CC="00"/>
						<SP ID="P19_SP00277" HPOS="1785" VPOS="3282" WIDTH="26"/>
						<String ID="P19_ST00313" HPOS="1811" VPOS="3193" WIDTH="165" HEIGHT="60" CONTENT="tirer" WC="0.97" CC="70640"/>
						<SP ID="P19_SP00278" HPOS="1976" VPOS="3282" WIDTH="28"/>
						<String ID="P19_ST00314" HPOS="2004" VPOS="3193" WIDTH="78" HEIGHT="57" CONTENT="de" WC="0.77" CC="04"/>
						<SP ID="P19_SP00279" HPOS="2082" VPOS="3282" WIDTH="34"/>
						<String ID="P19_ST00315" HPOS="2116" VPOS="3207" WIDTH="71" HEIGHT="42" CONTENT="sa" WC="0.80" CC="40"/>
						<SP ID="P19_SP00280" HPOS="2187" VPOS="3282" WIDTH="27"/>
						<String ID="P19_ST00316" HPOS="2214" VPOS="3188" WIDTH="181" HEIGHT="60" CONTENT="chair" WC="0.98" CC="67030"/>
					</TextLine>
					<TextLine ID="P19_TL00038" HPOS="273" VPOS="3271" WIDTH="2120" HEIGHT="81">
						<String ID="P19_ST00317" HPOS="273" VPOS="3288" WIDTH="220" HEIGHT="59" CONTENT="même" WC="0.98" CC="0605"/>
						<SP ID="P19_SP00281" HPOS="493" VPOS="3347" WIDTH="22"/>
						<String ID="P19_ST00318" HPOS="515" VPOS="3286" WIDTH="59" HEIGHT="58" CONTENT="le" WC="0.42" CC="55"/>
						<SP ID="P19_SP00282" HPOS="574" VPOS="3347" WIDTH="35"/>
						<String ID="P19_ST00319" HPOS="609" VPOS="3286" WIDTH="335" HEIGHT="58" CONTENT="serviteur" WC="1.00" CC="140000006"/>
						<SP ID="P19_SP00283" HPOS="944" VPOS="3347" WIDTH="23"/>
						<String ID="P19_ST00320" HPOS="967" VPOS="3301" WIDTH="85" HEIGHT="41" CONTENT="ou" WC="0.81" CC="30"/>
						<SP ID="P19_SP00284" HPOS="1052" VPOS="3347" WIDTH="30"/>
						<String ID="P19_ST00321" HPOS="1082" VPOS="3282" WIDTH="64" HEIGHT="58" CONTENT="la" WC="0.81" CC="30"/>
						<SP ID="P19_SP00285" HPOS="1146" VPOS="3347" WIDTH="32"/>
						<String ID="P19_ST00322" HPOS="1178" VPOS="3278" WIDTH="308" HEIGHT="61" CONTENT="servante" WC="0.99" CC="20600604"/>
						<SP ID="P19_SP00286" HPOS="1486" VPOS="3347" WIDTH="36"/>
						<String ID="P19_ST00323" HPOS="1522" VPOS="3276" WIDTH="114" HEIGHT="76" CONTENT="qui" WC="0.95" CC="066"/>
						<SP ID="P19_SP00287" HPOS="1636" VPOS="3352" WIDTH="30"/>
						<String ID="P19_ST00324" HPOS="1666" VPOS="3271" WIDTH="454" HEIGHT="77" CONTENT="manquait...," WC="0.99" CC="005800363424"/>
						<SP ID="P19_SP00288" HPOS="2120" VPOS="3352" WIDTH="34"/>
						<String ID="P19_ST00325" HPOS="2154" VPOS="3271" WIDTH="60" HEIGHT="55" CONTENT="et" WC="0.28" CC="67"/>
						<SP ID="P19_SP00289" HPOS="2214" VPOS="3352" WIDTH="51"/>
						<String ID="P19_ST00326" HPOS="2265" VPOS="3283" WIDTH="128" HEIGHT="42" CONTENT="une" WC="0.96" CC="065"/>
					</TextLine>
					<TextLine ID="P19_TL00039" HPOS="275" VPOS="3347" WIDTH="2123" HEIGHT="86">
						<String ID="P19_ST00327" HPOS="275" VPOS="3367" WIDTH="151" HEIGHT="59" CONTENT="nuit" WC="0.97" CC="2803"/>
						<SP ID="P19_SP00290" HPOS="426" VPOS="3426" WIDTH="45"/>
						<String ID="P19_ST00328" HPOS="471" VPOS="3366" WIDTH="80" HEIGHT="58" CONTENT="de" WC="0.93" CC="01"/>
						<SP ID="P19_SP00291" HPOS="551" VPOS="3426" WIDTH="41"/>
						<String ID="P19_ST00329" HPOS="592" VPOS="3363" WIDTH="525" HEIGHT="70" CONTENT="réconciliation," WC="1.00" CC="050514000000544"/>
						<SP ID="P19_SP00292" HPOS="1117" VPOS="3433" WIDTH="48"/>
						<String ID="P19_ST00330" HPOS="1165" VPOS="3362" WIDTH="75" HEIGHT="56" CONTENT="tu" WC="0.64" CC="07"/>
						<SP ID="P19_SP00293" HPOS="1240" VPOS="3433" WIDTH="47"/>
						<String ID="P19_ST00331" HPOS="1287" VPOS="3358" WIDTH="109" HEIGHT="59" CONTENT="fus" WC="0.98" CC="005"/>
						<SP ID="P19_SP00294" HPOS="1396" VPOS="3433" WIDTH="58"/>
						<String ID="P19_ST00332" HPOS="1454" VPOS="3372" WIDTH="205" HEIGHT="54" CONTENT="conçu" WC="0.97" CC="03565"/>
						<SP ID="P19_SP00295" HPOS="1659" VPOS="3433" WIDTH="61"/>
						<String ID="P19_ST00333" HPOS="1720" VPOS="3354" WIDTH="166" HEIGHT="58" CONTENT="dans" WC="0.98" CC="0063"/>
						<SP ID="P19_SP00296" HPOS="1886" VPOS="3433" WIDTH="47"/>
						<String ID="P19_ST00334" HPOS="1933" VPOS="3351" WIDTH="65" HEIGHT="57" CONTENT="la" WC="1.00" CC="00"/>
						<SP ID="P19_SP00297" HPOS="1998" VPOS="3433" WIDTH="44"/>
						<String ID="P19_ST00335" HPOS="2042" VPOS="3347" WIDTH="258" HEIGHT="71" CONTENT="fraude," WC="0.99" CC="6007004"/>
						<SP ID="P19_SP00298" HPOS="2300" VPOS="3433" WIDTH="32"/>
						<String ID="P19_ST00336" HPOS="2332" VPOS="3347" WIDTH="66" HEIGHT="56" CONTENT="ta" WC="0.60" CC="70"/>
					</TextLine>
					<TextLine ID="P19_TL00040" HPOS="275" VPOS="3426" WIDTH="2124" HEIGHT="96">
						<String ID="P19_ST00337" HPOS="275" VPOS="3447" WIDTH="182" HEIGHT="60" CONTENT="mère" WC="0.97" CC="0704"/>
						<SP ID="P19_SP00299" HPOS="457" VPOS="3507" WIDTH="33"/>
						<String ID="P19_ST00338" HPOS="490" VPOS="3447" WIDTH="202" HEIGHT="75" CONTENT="ayant" WC="0.99" CC="06002"/>
						<SP ID="P19_SP00300" HPOS="692" VPOS="3522" WIDTH="27"/>
						<String ID="P19_ST00339" HPOS="719" VPOS="3442" WIDTH="262" HEIGHT="80" CONTENT="négligé" WC="0.99" CC="6600004"/>
						<SP ID="P19_SP00301" HPOS="981" VPOS="3522" WIDTH="31"/>
						<String ID="P19_ST00340" HPOS="1012" VPOS="3459" WIDTH="107" HEIGHT="41" CONTENT="ces" WC="0.98" CC="302"/>
						<SP ID="P19_SP00302" HPOS="1119" VPOS="3522" WIDTH="33"/>
						<String ID="P19_ST00341" HPOS="1152" VPOS="3436" WIDTH="422" HEIGHT="81" CONTENT="précautions" WC="0.99" CC="00600750404"/>
						<SP ID="P19_SP00303" HPOS="1574" VPOS="3522" WIDTH="30"/>
						<String ID="P19_ST00342" HPOS="1604" VPOS="3429" WIDTH="429" HEIGHT="79" CONTENT="obligatoires" WC="0.99" CC="560000222036"/>
						<SP ID="P19_SP00304" HPOS="2033" VPOS="3522" WIDTH="42"/>
						<String ID="P19_ST00343" HPOS="2075" VPOS="3426" WIDTH="288" HEIGHT="78" CONTENT="qu'ensei" SUBS_TYPE="HypPart1" SUBS_CONTENT="qu'enseigne" WC="0.99" CC="07450504"/>
						<HYP HPOS="2363" VPOS="3426" WIDTH="36" CONTENT="-"/>
					</TextLine>
					<TextLine ID="P19_TL00041" HPOS="278" VPOS="3503" WIDTH="2122" HEIGHT="102">
						<String ID="P19_ST00344" HPOS="278" VPOS="3544" WIDTH="126" HEIGHT="61" CONTENT="gne" SUBS_TYPE="HypPart2" SUBS_CONTENT="qu'enseigne" WC="0.96" CC="064"/>
						<SP ID="P19_SP00305" HPOS="404" VPOS="3605" WIDTH="27"/>
						<String ID="P19_ST00345" HPOS="431" VPOS="3527" WIDTH="146" HEIGHT="57" CONTENT="tout" WC="0.97" CC="2370"/>
						<SP ID="P19_SP00306" HPOS="577" VPOS="3605" WIDTH="32"/>
						<String ID="P19_ST00346" HPOS="609" VPOS="3525" WIDTH="168" HEIGHT="58" CONTENT="mari" WC="1.00" CC="0000"/>
						<SP ID="P19_SP00307" HPOS="777" VPOS="3605" WIDTH="28"/>
						<String ID="P19_ST00347" HPOS="805" VPOS="3526" WIDTH="33" HEIGHT="58" CONTENT="à" WC="0.15" CC="8"/>
						<SP ID="P19_SP00308" HPOS="838" VPOS="3605" WIDTH="28"/>
						<String ID="P19_ST00348" HPOS="866" VPOS="3541" WIDTH="74" HEIGHT="42" CONTENT="sa" WC="0.69" CC="60"/>
						<SP ID="P19_SP00309" HPOS="940" VPOS="3605" WIDTH="32"/>
						<String ID="P19_ST00349" HPOS="972" VPOS="3535" WIDTH="383" HEIGHT="62" CONTENT="compagne," WC="0.99" CC="050000404"/>
						<SP ID="P19_SP00310" HPOS="1355" VPOS="3605" WIDTH="36"/>
						<String ID="P19_ST00350" HPOS="1391" VPOS="3533" WIDTH="84" HEIGHT="42" CONTENT="au" WC="0.64" CC="07"/>
						<SP ID="P19_SP00311" HPOS="1475" VPOS="3605" WIDTH="26"/>
						<String ID="P19_ST00351" HPOS="1501" VPOS="3514" WIDTH="182" HEIGHT="59" CONTENT="lever" WC="0.99" CC="00016"/>
						<SP ID="P19_SP00312" HPOS="1683" VPOS="3605" WIDTH="44"/>
						<String ID="P19_ST00352" HPOS="1727" VPOS="3512" WIDTH="196" HEIGHT="58" CONTENT="d'une" WC="0.98" CC="00086"/>
						<SP ID="P19_SP00313" HPOS="1923" VPOS="3605" WIDTH="27"/>
						<String ID="P19_ST00353" HPOS="1950" VPOS="3509" WIDTH="153" HEIGHT="57" CONTENT="lune" WC="0.96" CC="7703"/>
						<SP ID="P19_SP00314" HPOS="2103" VPOS="3605" WIDTH="35"/>
						<String ID="P19_ST00354" HPOS="2138" VPOS="3507" WIDTH="77" HEIGHT="58" CONTENT="de" WC="0.59" CC="70"/>
						<SP ID="P19_SP00315" HPOS="2215" VPOS="3605" WIDTH="29"/>
						<String ID="P19_ST00355" HPOS="2244" VPOS="3503" WIDTH="156" HEIGHT="61" CONTENT="miel" WC="0.99" CC="0301"/>
					</TextLine>
					<TextLine ID="P19_TL00042" HPOS="272" VPOS="3605" WIDTH="461" HEIGHT="76">
						<String ID="P19_ST00356" HPOS="272" VPOS="3605" WIDTH="461" HEIGHT="76" CONTENT="économique." WC="0.99" CC="60424016773"/>
					</TextLine>
				</TextBlock>
			</PrintSpace>
		</Page>
	</Layout>
</alto>
