2748 4203
1372 215 117 60 318

347 349 511 72 -chef-d'œuvre,
1461 349 66 61 2°
978 349 482 79 qu'Hippolyte
1495 349 278 61 Castille
1800 349 164 61 n'ait
1988 349 162 61 écrit
2177 351 65 59 la
2272 353 235 59 moitié

356 430 197 59 d'une
574 430 309 60 nouvelle
898 428 131 62 fort
1053 447 311 59 congrue,
1390 429 64 60 3°
1481 429 541 77 queLacordaire
2048 429 97 77 (ce
2166 433 346 76 mystique

353 510 210 59 fluent
592 509 139 77 qui,
764 510 356 59 cherchant
1152 510 247 60 Tauler
1430 511 63 59 et
1543 509 247 62 Goerre
1825 528 70 42 se
1924 511 226 77 perdit
2182 513 169 59 dans
2410 514 100 60 les

355 590 316 60 Torrents
713 590 79 59 de
827 590 309 62 madame
1170 590 300 79 Guyon,)
1501 608 82 42 ne
1608 590 106 61 fut
1742 609 121 60 pas
1896 593 191 59 notre
2128 595 209 75 grand
2387 594 82 60 La-

352 670 316 59 cordaire.
704 670 56 59 Il
811 688 80 42 en
946 673 249 59 ressort
1227 689 80 42 en
1359 674 188 56 outre
1576 673 65 57 1°
1684 689 129 60 que
1849 689 176 43 nous
2073 691 84 43 ne
2199 692 307 58 pouvons

347 768 121 58 pas
530 749 229 74 écrire,
811 757 57 54 le
912 767 196 44 cœur
1150 757 80 54 de
1263 757 202 55 notre
1518 768 222 57 cœur,
1766 753 66 59 2°
1865 771 129 59 que
2026 771 171 43 nous
2227 755 280 60 n'avons

345 847 120 59 pas
497 829 267 61 inventé
797 832 167 58 cette
997 834 310 72 affreuse
1329 837 310 57 maladie
1667 838 331 56 moderne
2032 852 12 39 :
2079 834 66 60 la
2180 834 320 79 jalousie,

346 909 66 60 3°
437 925 127 60 que
597 910 87 57 M.
732 910 293 78 Bourget
1052 913 105 58 n'a
1184 912 143 59 rien
1361 913 298 72 inventé,
1696 931 120 59 pas
1853 913 220 61 même
2106 915 66 59 la
2218 917 246 76 psycho-

345 988 196 77 logie,
577 1005 108 44 car
717 989 284 77 Spinoza
1029 993 65 58 la
1127 993 213 58 savait
1366 994 198 58 avant
1590 994 122 58 lui.

425 1070 200 59 Enfin
658 1070 48 59 il
732 1070 237 60 établit
1002 1073 559 61 définitivement.
1599 1079 65 55 1°
1688 1075 225 70 Qu'un
1942 1077 272 59 homme
2237 1078 267 79 élégant

346 1148 139 61 doit
516 1149 137 60 être
698 1149 250 61 habillé
968 1210 5 6 ,
1001 1169 119 60 par
1150 1153 251 75 Yauss,
1437 1155 298 60 chemisé
1775 1173 121 60 par
1956 1157 313 73 Gharvet,
2317 1158 187 61 botté

341 1246 119 59 par
518 1230 368 74 Hellstern,
944 1233 392 77 chapeauté,
1396 1235 216 79 ganté,
1667 1238 264 60 cravaté
2007 1239 65 59 et
2130 1239 273 60 blanchi
2463 1240 37 60 à

343 1309 377 61 Londres...
771 1312 65 59 2°
879 1310 145 70 Que
1054 1314 99 60 les
1194 1314 286 61 femmes
1537 1317 296 73 doivent,
1879 1320 233 59 autant
2163 1337 130 58 que
2347 1338 115 60 pos-

342 1388 194 72 sible,
564 1390 263 60 acheter
854 1392 117 59 des
1004 1394 306 60 meubles
1338 1395 157 60 chez
1528 1397 368 75 Leuchars,
1933 1400 65 58 et
2027 1400 226 77 porter
2280 1400 37 59 à
2347 1402 151 58 leur

337 1467 433 64 braceletune
789 1474 260 60 montre
1073 1475 557 78 microscopique,
1665 1478 65 60 3°
1763 1478 145 70 Que
1938 1479 92 61 M.
2064 1480 295 78 Bourget
2392 1484 100 59 est

336 1548 62 59 le
427 1550 315 60 moderne
766 1552 247 62 arbitre
1048 1555 117 60 des
1194 1557 371 77 élégances,
1595 1559 65 59 et
1692 1576 108 43 ses
1833 1559 207 61 livres
2068 1562 61 59 le
2150 1562 334 61 bréviaire

338 1627 117 59 des
488 1646 161 59 gens
684 1632 78 58 de
794 1630 130 61 bon
957 1634 137 60 ton.

414 1709 78 60 Je
527 1728 79 41 ne
639 1712 135 58 sais
808 1713 56 58 si
915 1713 133 61 l'on
1080 1718 303 74 pourrait
1428 1718 162 61 tirer
1641 1721 189 59 autre
1860 1722 198 61 chose
2093 1723 80 60 de
2208 1741 71 42 ce
2328 1742 156 60 gros

329 1788 181 61 tome
552 1807 82 42 au
666 1792 188 75 point
886 1793 80 60 de
1006 1812 127 43 vue
1185 1797 381 76 spéculatif,
1598 1801 174 59 mais
1804 1802 48 57 il
1885 1820 46 59 y
1962 1820 82 41 en
2078 1821 37 42 a
2158 1804 146 61 tant
2333 1804 151 61 d'où

327 1867 132 59 l'on
501 1887 81 42 ne
612 1870 257 61 tirerait
899 1874 216 61 même
1146 1893 121 60 pas
1298 1878 168 60 cela.,
2191 1920 5 6 .
2333 1867 4 86 .
2370 1870 27 58 é

403 2066 91 56 Le
522 2062 280 64 Pèlerin
831 2072 395 60 Passionné
1269 2074 79 59 de
1388 2075 88 61 M.
1529 2076 169 61 Jean
1748 2079 287 75 Moréas,
2084 2084 294 73 paraîtra
2420 2084 60 61 le

321 2141 36 60 6
390 2143 346 63 décembre
767 2148 157 60 chez
955 2150 271 64 Vanier.

479 2342 114 58 En
764 2344 109 74 décor,
874 2363 87 60 par
962 2349 148 59 Paul
1156 2349 246 76 Adam,
1461 2356 185 60 vient
1695 2357 80 61 de
1818 2361 293 73 paraître
2166 2362 157 61 chez
2366 2342 113 92 Savine.

402 2597 270 65 Comme
703 2604 153 60 tous
883 2607 97 60 les
1011 2626 146 57 ans,
1189 2612 65 60 la
1284 2616 193 58 vertu
1528 2617 187 61 vient
1757 2620 205 61 d'être
2009 2625 379 61 couronnée
2437 2629 36 58 à

365 2677 362 66 ľAcadémie
752 2677 366 105 Française
1159 2677 41 105 -
1241 2677 203 105 toute
1477 2698 317 78 recrépie,
1829 2702 172 60 cette
2035 2705 234 72 année,
2304 2724 172 58 pour

315 2759 66 56 la
404 2763 334 74 îeception
783 2766 398 66 imminente
1211 2773 81 60 de
1322 2775 210 62 l'aède
1566 2778 79 60 de
1678 2778 237 64 Saulee
1950 2783 80 60 de
2083 2785 386 79 Freycinet,

319 2839 161 58 dont
511 2839 60 60 le
628 2843 127 61 duc
789 2846 353 66 d'Aumale
1192 2857 162 57 veut
1387 2874 351 45 consacrer
1780 2864 561 63 solennellement
2396 2870 64 60 le

315 2918 163 59 haut
501 2919 205 63 talent
733 2918 41 94 ;
815 2918 40 94 -
896 2918 81 94 M.
1013 2930 184 62 Léon
1234 2933 156 79 Say,
1441 2937 326 64 financier
1802 2944 267 60 austère
2109 2947 63 59 et
2201 2918 258 94 léaislateur,

298 2918 214 59 avait
555 2918 128 59 été
726 2918 299 59 choisi,
1068 2918 85 59 en
1196 2918 214 59 cette
1453 2918 171 59 tête
1667 2918 556 59 préliminaire,
2266 2918 214 59 comme

315 3078 361 78 Coryphee.

393 3157 279 65 Celui-ci
705 3182 36 41 a
772 3167 238 64 chanté
1039 3172 89 61 M.
1166 3175 497 82 deMonthyon,
1696 3182 66 61 la
1792 3184 254 63 charité
2076 3191 62 59 et
2167 3190 62 61 le
2257 3157 172 100 socialisme
2446 3157 17 100 ;

298 3157 86 65 il
427 3157 43 65 a
513 3157 128 65 dit
684 3157 85 65 le
812 3157 214 65 monde
1069 3157 128 65 qui
1240 3157 43 65 «
1326 3157 85 65 se
1454 3157 299 65 prépare
1796 3157 43 65 à
1882 3157 342 65 l'assaut
2267 3157 85 65 de
2395 3157 85 65 la

304 3332 245 50 misere
582 3341 80 42 en
695 3326 259 65 battant
988 3333 91 60 du
1112 3336 315 63 tambour
1457 3344 65 57 et
1555 3360 82 43 en
1670 3350 291 58 sonnant
1994 3350 92 61 du
2119 3352 273 61 clairon.
2429 3378 28 34 »

304 3405 65 49 et
405 3405 101 54 les
541 3405 472 78 bouquetières
1043 3434 29 35 «
1105 3418 446 81 enveloppant
1568 3424 160 61 d'un
1753 3429 262 61 sourire
2045 3431 62 61 le
2139 3434 323 75 gardénia

304 3486 80 49 cte
416 3486 186 57 notre
634 3486 479 82 boutonnière;
1160 3518 29 34 »
1228 3500 181 75 puis,
1442 3520 70 43 se
1543 3504 289 64 laissant
1861 3510 286 63 tomber,
2175 3532 160 45 avec
2366 3486 101 91 aisance,

298 3486 121 49 des
459 3486 283 49 sphères
782 3486 81 49 de
903 3486 283 49 l'idéal
1226 3486 162 49 dans
1428 3486 81 49 le
1549 3486 203 49 monde
1792 3486 81 49 de
1913 3486 81 49 la
2035 3486 324 49 réalité,
2399 3486 81 49 il
