2748 4203
1244 246 113 60 291

243 374 98 59 les
374 373 335 61 Ramènes
737 392 83 42 ou
846 393 118 59 par
992 377 60 58 le
1084 377 396 62 chiffonnier
1499 381 116 59 des
1637 382 390 61 carrefours,
2051 402 83 41 ou
2158 385 216 59 même

235 471 121 60 par
398 454 118 58 des
550 454 372 77 spécialités
954 458 581 78 gastronomiques
1560 480 11 38 :
1604 461 289 62 d'autres
1924 467 112 56 ont
2064 465 207 59 choisi
2311 466 62 58 le

238 533 259 73 rondel;
534 534 263 60 celui-ci
823 536 75 58 fit
926 537 90 57 du
1054 536 91 58 lai
1178 538 61 59 et
1272 540 89 57 du
1391 540 232 59 virelai
1656 559 120 41 son
1810 543 330 60 domaine:
2175 545 165 59 celui-

240 612 65 58 là
347 612 156 77 plus
553 613 193 60 hardi
792 631 68 42 se
910 614 250 59 haussa
1195 617 274 77 jusqu'à
1510 620 65 58 la
1620 621 255 60 sextine
1923 640 83 41 ou
2053 641 84 41 au
2176 623 198 60 chant

240 692 214 77 royal,
479 693 305 60 heureux
816 712 231 42 encore
1080 694 141 61 s'ils
1254 702 112 55 ont
1391 698 392 61 abandonné
1820 702 98 59 les
1977 703 204 60 rimes
2214 703 129 59 croi-

242 771 147 59 sées
425 773 63 57 et
515 772 293 60 batelées
841 776 62 57 et
933 773 96 60 les
1056 791 151 42 vers
1239 777 282 60 léonins.

318 852 99 58 Ne
458 853 415 75 pourrait-on
917 853 148 59 leur
1104 856 351 76 appliquer
1496 858 37 57 à
1562 860 154 58 tous
1745 860 60 59 le
1842 862 132 59 mot
2007 861 245 60 éternel
2295 862 79 59 de

237 931 240 59 Platon
511 950 10 38 :
564 933 225 57 «Pour
820 933 135 59 être
986 932 215 79 poète,
1235 936 47 58 il
1308 954 81 41 ne
1424 936 189 61 suffit
1643 956 118 59 pas
1794 941 78 57 de
1907 940 161 61 faire
2097 942 116 59 des
2244 942 99 57 dis-

238 1027 195 42 cours
480 1028 82 42 en
592 1028 149 42 vers
775 1034 55 36 ».

428 1119 103 61 On
557 1120 61 58 le
646 1120 322 76 pourrait,
1002 1124 173 58 mais
1208 1125 658 61 malheureusement
1894 1129 151 57 tous
2076 1128 265 76 lesphar-

238 1199 296 58 maciens
567 1200 79 57 de
676 1200 65 58 la
767 1200 284 76 critique
1084 1205 111 56 ont
1228 1204 121 58 usé
1381 1206 62 57 et
1484 1209 198 56 usent
1714 1206 198 59 d'une
1946 1206 271 76 pareille
2251 1206 93 59 for-

237 1277 208 73 mule,
482 1279 63 58 et
576 1279 85 58 ils
708 1279 138 59 s'en
898 1282 149 56 sont
1105 1284 177 57 servi
1322 1300 171 59 pour
1524 1285 254 58 ravaler
1823 1285 95 58 les
1950 1285 151 76 plus
2159 1286 219 59 beaux

234 1357 299 77 poèmes,
563 1375 169 60 pour
757 1359 162 58 salir
948 1360 438 61 Beaudelaire
1419 1365 61 57 et
1508 1364 282 59 Leconte
1816 1365 277 58 deLisle
2121 1383 79 40 au
2234 1382 108 59 pro-

237 1437 77 59 fit
348 1437 345 60 d'obscurs
742 1439 290 59 racleurs
1084 1441 78 59 de
1208 1441 314 78 jambons
1576 1444 115 75 qui
1736 1460 68 42 se
1848 1444 372 77 taiguaient
2261 1444 87 58 d'i-

239 1516 158 60 dées
433 1517 506 61 sentimentales
972 1536 84 42 ou
1086 1521 863 78 pseudo-philosophiques.

318 1629 245 60 —Vous
592 1647 156 42 avez
765 1630 543 79 raison,quoique
1333 1633 373 60 l'assertion
1724 1633 482 76 platonicienne
2225 1633 115 58 sub-

239 1708 165 60 siste
440 1709 167 59 dans
640 1710 182 58 toute
853 1727 120 42 son
1005 1712 337 75 intégrité,
1378 1730 83 40 011
1495 1730 79 41 en
1618 1731 36 39 a
1686 1713 118 57 fait
1839 1712 301 58 mauvais
2172 1728 205 59 usage

239 1788 183 60 faute
456 1790 78 59 de
567 1790 62 58 la
656 1790 221 59 savoir
894 1790 413 78 interpréter.
1328 1793 53 57 Il
1414 1794 98 57 est
1545 1793 247 58 certain
1819 1810 123 58 que
1974 1793 58 57 le
2054 1792 291 58 feuilleto-

238 1869 176 59 niste
459 1869 115 76 qui
607 1869 287 60 déclare:
930 1870 191 60 Voici
1145 1873 78 58 de
1246 1872 223 59 beaux
1499 1890 171 41 vers,
1693 1872 169 58 mais
1895 1872 85 58 ils
2011 1870 364 75 manquent

239 1948 160 58 d'un
423 1947 160 61 fond
616 1949 310 59 serieux»
963 1952 100 57 est
1093 1968 92 42 un
1220 1953 124 71 sot;
1378 1968 92 41 un
1504 1956 172 55 becm
1700 1966 160 43 vers
1884 1952 99 56 est
2006 1949 167 59 celui
2197 1949 86 57 où
2309 1949 64 57 la

239 2027 215 59 forme
507 2031 100 55 est
639 2028 324 76 adéquate
1015 2031 37 57 à
1093 2031 63 58 la
1190 2031 243 76 pensée
1480 2032 358 70 contenue;
1875 2028 169 58 mais
2067 2028 183 58 aussi
2283 2044 90 41 1111

238 2126 151 40 vers
423 2103 515 81 régulièrement
968 2108 165 74 bâti,
1169 2111 272 58 suivant
1474 2127 130 41 une
1635 2108 306 76 prosodie
1973 2107 400 76 impeccable

238 2189 161 75 peut
450 2188 204 60 n'être
714 2205 118 58 pas
878 2207 91 41 un
1016 2194 174 56 beau
1234 2206 160 44 vers
1427 2208 14 54 ;
1474 2207 76 41 en
1598 2189 248 76 aligner
1890 2187 353 76 cinquante
2289 2203 84 40 011

240 2269 149 59 cent
435 2269 78 57 de
544 2269 65 57 la
640 2271 218 57 même
892 2271 171 57 sorte
1096 2287 82 42 ne
1212 2271 403 58 constituera
1645 2286 117 58 pas
1794 2286 91 39 un

242 2349 64 59 et
338 2348 334 60 vraiment
701 2348 133 58 l'on
861 2351 160 73 peut
1047 2349 306 76 toujours
1397 2348 141 58 dire
1575 2366 12 38 :
1621 2349 179 57 Pour
1832 2347 134 58 être
1997 2344 189 76 poète
2219 2344 47 56 il
2302 2361 80 40 ne

243 2427 192 59 suffit
479 2445 120 58 pas
651 2428 78 58 de
761 2427 164 59 faire
950 2428 117 58 des
1091 2428 306 58 discours
1444 2443 326 43 envers.»
1809 2425 67 60 Si
1900 2424 140 60 cela
2065 2422 314 72 suffisait,

239 2508 306 60 Ponsard
564 2525 84 41 ou
667 2508 217 57 Emile
902 2507 252 77 Augier
1170 2508 287 58 seraient
1477 2508 78 57 de
1571 2507 154 76 plus
1749 2505 241 78 grands
2007 2503 225 76 poètes
2256 2518 128 59 que

243 2587 544 61 Chateaubriand
836 2588 62 57 et
939 2587 316 59 Flaubert
1273 2607 15 53 ;
1325 2588 47 57 il
1419 2605 79 41 ne
1551 2586 236 58 suffira
1827 2584 216 59 même
2073 2598 117 60 pas
2219 2582 131 57 d'in-

240 2669 233 57 venter
503 2668 118 58 des
656 2667 371 75 rhythmes,
1063 2668 56 57 si
1154 2668 137 57 cela
1322 2667 182 70 était,
1522 2664 156 60 Baïf
1706 2664 199 59 serait
1919 2660 322 79 peut-être
2274 2677 72 41 su-

239 2747 269 76 périeur
546 2747 37 57 à
616 2746 78 58 de
726 2746 248 76 Vigny.
1009 2747 90 58 Le
1133 2747 145 58 seul
1310 2746 217 76 poète,
1565 2744 165 59 dans
1780 2742 284 59 l'absolu
2097 2739 88 59 du
2214 2739 160 69 mot,

240 2843 149 42 sera
433 2826 403 58 l'inventeur
886 2826 78 58 de
1010 2827 267 75 mythes
1310 2827 61 57 et
1391 2826 78 57 de
1495 2823 339 77 symboles
1885 2823 64 58 et
1979 2837 107 43 ces
2119 2817 220 77 symbo-

238 2907 100 60 les
365 2907 48 57 il
441 2907 98 58 les
572 2922 197 42 saura
794 2904 174 60 vêtir
983 2906 80 59 de
1094 2906 350 76 rhythmes
1465 2921 335 59 pompeux
1828 2904 61 57 et
1908 2899 237 71 variés,
2172 2898 176 58 d'har-

240 2986 262 59 monies
535 2986 320 58 diverses,
893 2986 272 58 suivant
1204 3002 74 41 sa
1310 2986 235 58 nature
1578 2986 61 57 et
1672 3000 155 41 sans
1862 3000 126 57 que
2018 2980 60 59 le
2106 2975 276 82 procédé

240 3067 80 58 de
380 3066 142 58 l'un
581 3064 228 76 puisse
879 3064 135 60 être
1085 3063 258 60 déclaré
1404 3063 350 76 supérieur
1810 3060 36 59 à
1894 3059 170 60 celui
2116 3059 79 57 de
2225 3055 128 58 l'au-

238 3148 100 57 tre
360 3166 13 52 ;
433 3162 169 60 pour
649 3144 97 59 les
779 3143 367 60 médiocres
1193 3143 382 60 seulement
1631 3160 107 41 ces
1794 3140 231 77 degrés
2079 3134 271 62 différen-

237 3226 158 59 tiels
436 3224 320 78 pourront
804 3223 320 71 s'établir,
1156 3241 179 58 pour
1382 3223 99 58 les
1532 3221 241 78 grands
1834 3219 221 70 aédes,
2107 3217 85 57 ils
2232 3215 148 58 sont

238 3303 301 61 inutiles:
576 3302 338 61 dites-moi
945 3303 191 71 donc,
1171 3320 80 41 en
1292 3318 170 42 vous
1505 3302 270 58 servant
1803 3301 78 57 de
1914 3316 69 42 ce
2016 3294 364 70 critérium,

239 3403 84 44 en
356 3384 157 78 quoi
548 3383 311 61 Ronsard
903 3400 314 61 surpasse
1277 3383 221 76 Hugo,
1535 3398 78 42 en
1649 3381 159 74 quoi
1842 3379 195 75 Hugo
2070 3391 312 61 surpasse

238 3463 331 62 Ronsard.

422 3570 57 61 A
513 3588 158 44 mon
695 3571 151 58 tour
861 3568 66 79 je
959 3588 83 43 ne
1075 3570 214 59 saurai
1328 3567 346 79 répondre.
1695 3563 171 63 Mais
1898 3563 59 59 le
1988 3561 189 79 poète
2209 3557 174 60 étant
