2893 4033
434 688 269 48 ROUEN.
832 687 193 48 Théâtre
1048 691 69 45 des
1141 689 112 47 Arts
1256 727 10 11 .
1392 690 182 60 Depuis
1609 692 69 44 six
1716 708 82 28 ans
1837 691 77 47 M.
1943 691 172 46 Fermo
2154 690 204 58 exerçait
2395 706 60 29 au
2489 686 214 48 Théâtre
2743 686 79 47 des

290 759 115 45 Arts
430 776 93 28 une
551 760 228 44 dictature
819 761 204 59 abusive,
1051 778 45 28 se
1123 762 214 45 souciant
1362 778 126 29 assez
1515 778 89 42 peu
1632 761 62 45 du
1721 762 156 45 cahier
1903 762 78 45 des
2007 762 208 61 charges,
2242 776 46 30 se
2315 770 231 51 moquant
2574 759 62 45 du
2662 757 158 61 public

289 840 47 33 et
363 829 54 44 de
446 828 40 45 la
513 829 336 60 municipalité.
879 830 38 45 Il
944 830 227 47 s'écroule
1197 847 104 30 sous
1327 849 93 28 une
1446 830 114 46 série
1587 830 55 45 de
1670 830 388 62 représentations
2084 830 258 62 d'opérette
2445 846 53 29 ce
2517 830 78 59 qui
2617 840 117 33 reste
2754 844 66 29 un

289 898 210 63 symbole
539 900 55 44 de
620 917 46 28 sa
706 900 243 47 direction.
980 900 99 47 Des
1119 915 26 33 2
1172 918 183 29 œuvres
1393 903 209 44 inscrites
1627 918 60 29 au
1724 902 156 45 cahier
1907 903 78 45 des
2022 903 192 61 charges
2241 900 28 47 il
2308 918 26 29 a
2371 898 264 62 représenté
2674 912 28 48 3
2736 898 87 45 fois

289 967 156 48 l'une:
477 969 204 61 Pénélope
684 1007 11 22 ,
725 971 90 45 fort
842 971 404 58 médiocrement;
1281 987 17 29 1
1333 972 85 45 fois
1443 971 195 46 l'autre:
1675 969 185 47 Tristan
1864 1008 11 22 ,
1903 989 110 29 avec
2041 972 41 46 le
2109 971 248 63 personnel
2385 971 57 45 de
2470 969 186 61 l'opéra.

430 1039 92 46 Les
546 1040 172 46 années
743 1040 301 61 précédentes
1070 1041 30 46 il
1126 1043 121 44 avait
1273 1041 164 46 monté
1477 1043 238 59 beaucoup
1743 1040 231 48 d'œuvres
1999 1042 196 47 inédites
2222 1042 114 46 dont
2372 1041 225 61 plusieurs
2630 1055 189 29 comme

289 1108 119 47 Soléa
446 1126 61 28 ou
546 1109 29 45 l'
582 1109 127 62 Aigle
745 1110 269 47 11'ofFraient
1051 1129 155 28 aucun
1245 1112 185 47 intérêt.
1461 1110 58 48 L'
1524 1110 122 47 Aube
1684 1112 164 60 Rouge,
1891 1111 252 61 Graziella,
2185 1112 185 61 Djordis
2407 1128 59 29 en
2506 1109 314 62 présentaient

288 1179 271 63 davantage.
608 1180 92 47 Cet
738 1182 129 45 hiver
896 1183 231 59 Cléopâtre
1153 1183 225 59 produisit
1415 1199 93 29 une
1536 1183 271 59 impression
1847 1181 119 47 d'art
1994 1183 353 46 incontestable.
2376 1181 77 47 En
2479 1179 67 48 fin
2586 1181 55 45 de
2668 1180 148 45 saison

287 1248 77 46 M.
395 1249 170 46 Fermo
593 1251 157 45 donna
776 1249 227 48 Madame
1028 1251 316 47 Petit-Jardin
1373 1253 55 45 de
1468 1253 76 45 M.
1573 1252 167 46 André
1767 1253 230 45 Roumier
2023 1254 77 60 qui
2128 1254 71 44 fut
2226 1270 63 28 un
2317 1253 103 45 four
2448 1251 223 61 complet,
2699 1262 47 33 et
2775 1249 43 46 le

286 1319 137 45 Fléau
451 1321 54 45 de
548 1320 76 46 M.
656 1321 56 46 L.
742 1321 250 60 Bouserez,
1021 1322 199 64 mystère
1265 1324 213 44 macabre
1524 1321 114 48 d'un
1667 1322 165 46 mérite
1874 1322 90 46 réel
1983 1340 9 29 :
2037 1322 42 46 la
2123 1325 219 59 partition
2387 1340 46 29 se
2461 1322 234 61 distingue
2736 1336 80 45 par

285 1388 296 48 l'excellente
621 1390 198 47 écriture
856 1392 156 46 vocale
1052 1404 46 34 et
1132 1393 41 45 le
1212 1393 139 46 relief
1378 1394 62 45 du
1478 1395 160 57 chant,
1678 1411 80 44 par
1795 1411 93 28 une
1927 1392 138 47 réelle
2104 1393 199 46 habileté
2340 1411 59 28 au
2427 1394 294 45 maniement
2760 1391 56 45 de

285 1458 283 49 l'orchestre.
598 1460 75 47 En
703 1461 124 61 dépit
854 1462 56 46 de
936 1463 200 61 quelque
1154 1464 275 45 monotonie
1458 1463 195 47 l'œuvre
1675 1463 166 47 mérite
1868 1464 56 45 de
1951 1465 174 44 retenir
2152 1463 266 47 l'attention
2441 1464 78 45 des
2545 1462 270 45 musiciens.

356 1529 76 47 M.
463 1529 257 61 Masselon,
750 1532 38 45 le
829 1549 215 30 nouveau
1082 1535 247 58 directeur,
1357 1551 64 27 un
1453 1533 273 47 Rouennais
1750 1535 346 60 sympathique,
2135 1550 216 30 annonce
2379 1533 184 60 Pelléas,
2593 1531 212 64 Parsifal
2806 1568 10 23 y

282 1598 42 46 la
353 1599 82 47 Vte
459 1601 148 45 Brlve
634 1614 46 34 et
706 1603 77 45 des
809 1603 233 46 auditions
1066 1605 381 62 symphoniques.

426 1670 171 47 Sociétés
625 1671 220 48 Chorales.
868 1700 70 7 —
954 1672 58 47 L'
1017 1672 166 47 Accord
1197 1675 181 63 parfait
1396 1693 111 28 aura
1533 1687 73 34 cet
1627 1676 129 45 hiver
1783 1674 252 62 interprété
2062 1674 43 47 la
2124 1672 148 48 Messe
2289 1693 27 27 a
2345 1688 28 48 3
2401 1674 103 45 voix
2531 1674 57 45 de
2609 1672 204 60 Franck,

283 1738 233 48 Praxinoë
535 1742 55 45 de
630 1742 57 47 L.
722 1743 174 45 Vierne
922 1756 47 33 et
995 1743 40 46 le
1066 1743 157 46 Christ
1259 1763 56 27 au
1342 1743 145 47 Mont
1511 1747 69 44 des
1607 1744 199 48 Oliviers
1842 1747 56 45 de
1926 1745 293 46 Beethoven.
2249 1744 140 47 Cette
2426 1743 173 47 société
2637 1760 178 44 groupe

283 1827 94 28 une
405 1810 106 46 élite
539 1812 55 44 de
622 1813 313 45 musiciennes
961 1825 46 33 et
1033 1815 56 44 de
1110 1815 132 62 jolies
1280 1816 124 60 voix,
1432 1828 45 34 et
1503 1832 68 30 ses
1597 1817 186 45 chœurs
1809 1816 55 46 de
1891 1816 198 46 femmes
2119 1816 262 61 atteignent
2421 1815 25 46 à
2486 1831 64 28 un
2579 1813 139 62 degré
2757 1813 57 45 de

284 1881 256 58 perfection
563 1899 96 28 rare
677 1900 57 28 en
754 1884 238 59 province.
1016 1883 90 47 Les
1124 1886 215 46 hommes
1357 1898 106 34 sont
1482 1886 165 47 solides
1663 1898 47 34 et
1729 1886 249 46 entraînés.
2002 1886 160 46 M.M.
2188 1885 167 46 Albert
2373 1896 44 34 et
2440 1883 184 47 Marcel
2644 1883 169 60 Dupré

281 1962 248 49 apportent
555 1952 25 45 à
606 1952 43 45 la
675 1954 227 45 direction
930 1954 56 46 de
1013 1966 123 35 cette
1163 1956 180 46 Société
1369 1974 64 28 un
1462 1957 114 61 goût
1602 1970 45 33 et
1675 1974 93 29 une
1794 1956 200 47 autorité
2021 1957 161 61 dignes
2208 1956 56 45 de
2290 1967 104 34 tous
2420 1954 167 62 éloges.

422 2020 70 47 La
533 2022 185 46 Gamme
723 2060 9 10 .
762 2024 135 45 Nous
933 2041 169 30 aurons
1127 2026 43 45 le
1209 2039 151 49 regret
1386 2027 235 62 d'ignorer
1660 2038 123 34 cette
1820 2026 188 61 société,
2035 2043 84 29 son
2158 2027 114 45 chef
2300 2025 77 46 M.
2408 2025 224 62 Haelling
2668 2036 144 52 ayant

272 2090 112 62 jugé
413 2092 90 45 bon
543 2093 55 44 de
626 2110 117 29 nous
769 2095 184 61 ignorer
991 2112 187 29 comme
1216 2097 212 61 critique.
1459 2096 76 47 M.
1566 2096 224 63 Haelling
1830 2114 116 29 nous
1971 2116 25 27 a
2035 2096 182 47 déclaré
2256 2095 231 47 d'ailleurs
2524 2094 286 48 n'admettre

276 2176 89 44 que
393 2161 77 45 des
496 2165 386 58 compte-rendus
908 2165 55 45 de
990 2177 104 34 tous
1120 2167 153 58 points
1298 2166 231 63 élogieux.

421 2232 146 45 Cercle
593 2233 322 63 Symphonique.
1038 2235 76 48 M.
1145 2236 137 64 Sufry
1326 2254 217 29 consacra
1568 2255 94 29 une
1698 2237 166 47 séance
1891 2237 25 46 à
1937 2238 275 47 Schumann
2239 2249 46 34 et
2312 2237 145 63 diriga
2481 2253 112 30 avec
2620 2235 191 47 chaleur

275 2298 287 50 l'admirable
590 2303 250 62 Symphonie
867 2304 217 46 Rhénane
1086 2344 12 22 ,
1126 2307 142 45 tirant
1294 2325 65 28 un
1388 2309 92 44 bon
1502 2309 115 59 parti
1646 2309 54 45 de
1726 2325 83 29 son
1837 2309 235 46 orchestre
2098 2309 296 45 d'amateurs.

416 2371 141 46 Petits
586 2373 202 46 Concerts
791 2411 10 10 .
925 2375 100 46 Nos
1059 2377 279 59 professeurs
1364 2378 54 45 de
1446 2379 143 45 chant
1627 2380 304 59 poursuivent
1968 2378 26 47 à
2035 2379 171 46 Rouen
2235 2396 94 28 une
2355 2376 261 47 excellente
2653 2377 153 45 tâche.

275 2439 59 46 M
341 2443 49 19 nie
418 2441 155 47 Marie
603 2443 166 64 Capoy
807 2445 298 47 conférencie
1131 2464 75 28 sur
1246 2446 178 65 Grétry
1451 2460 47 34 et
1537 2448 255 60 Rousseau,
1823 2449 251 61 interprète
2114 2448 289 46 habilement
2429 2464 76 29 ces
2531 2448 190 45 maîtres
2747 2464 57 28 en

273 2513 277 61 compagnie
577 2514 56 45 de
661 2514 76 48 M.
768 2515 58 46 R.
858 2515 248 47 Chanoine
1135 2516 307 48 Davranches
1467 2531 46 33 et
1539 2521 170 44 chante
1735 2519 43 45 la
1795 2519 102 61 plus
1922 2520 175 62 grande
2124 2520 145 60 partie
2295 2519 62 45 du
2375 2518 156 45 Devin
2558 2519 51 44 de
2632 2517 179 61 Village

271 2598 112 27 avec
410 2582 77 46 des
513 2586 280 57 partenaires
821 2603 63 28 un
912 2603 91 43 peu
1031 2587 409 60 inexpérimentés.

343 2651 59 46 M
410 2655 49 19 me
486 2651 155 48 Marie
670 2655 179 46 Robert
892 2658 79 59 qui
1017 2657 151 46 révéla
1209 2658 57 46 ici
1313 2659 64 61 (et
1421 2658 200 63 ailleurs)
1666 2659 63 46 les
1766 2661 168 62 grands
1974 2660 345 61 Romantiques
2361 2671 47 33 et
2445 2658 359 63 Moussorgsky,

273 2719 259 63 Chausson,
563 2723 211 61 Duparc,
802 2743 218 29 consacre
1059 2738 74 35 cet
1160 2728 129 45 hiver
1314 2746 83 29 son
1433 2729 100 46 zèle
1560 2730 26 45 à
1630 2729 219 65 Debussy
1876 2744 46 33 et
1952 2731 63 47 H.
2046 2730 144 45 Wolf
2209 2731 113 44 dont
2366 2746 117 29 nous
2526 2730 282 58 retraçâmes

293 2790 297 49 'émouvante
618 2796 280 61 biographie.

414 2862 58 46 M
478 2859 59 30 elle
562 2865 45 60 J.
638 2865 195 61 Hébert,
864 2866 75 47 M.
971 2867 194 64 Krettly
1202 2868 174 46 assistés
1403 2870 55 44 de
1486 2870 150 46 divers
1674 2872 280 59 partenaires
1980 2872 282 46 continuent
2290 2869 24 46 à
2345 2870 181 46 donner
2559 2869 221 47 d'intéres-

268 2944 125 33 sants
419 2946 227 34 concerts.
688 2935 76 48 M.
795 2937 179 61 Boquel
1004 2955 116 29 nous
1146 2939 196 62 ménage
1370 2941 207 62 toujours
1604 2942 76 45 des
1707 2943 233 44 auditions
1968 2943 55 44 de
2051 2942 137 45 choix
2213 2958 10 28 :
2255 2939 59 46 M
2320 2945 49 20 me
2397 2940 143 46 Povla
2567 2940 161 46 Frisch
2756 2953 47 33 et

270 3001 74 47 M.
388 3003 184 61 Ciampi
594 3026 11 36 ;
649 3005 159 47 M.M.
838 3008 185 59 Albers,
1063 3008 55 45 de
1159 3008 237 64 Lausnay,
1438 3010 58 46 M
1501 3006 60 31 elle
1587 3010 74 47 Ira
1701 3012 143 47 Novi.

410 3072 70 47 La
524 3074 160 45 Société
720 3078 68 43 des
830 3076 191 47 Artistes
1065 3078 252 47 Rouennais
1360 3081 178 45 fournit
1581 3099 112 28 avec
1736 3100 68 28 ses
1848 3099 31 42 4
1925 3100 62 28 ou
2024 3093 24 47 5
2091 3093 213 34 concerts
2342 3099 93 28 une
2476 3083 324 45 contribution

267 3141 300 48 intéressante
606 3146 178 60 chaque
811 3148 149 45 année
986 3148 26 45 à
1050 3161 133 33 notre
1210 3151 70 43 vie
1306 3152 254 60 artistique.
1591 3151 92 47 Cet
1721 3154 130 44 hiver
1880 3153 59 46 M
1946 3155 66 22 mes
2039 3152 123 62 Lyse
2190 3151 213 64 Charny,
2434 3152 157 46 Marie
2621 3153 181 45 Robert

264 3225 46 32 et
337 3212 55 45 de
421 3213 247 63 Bergevin,
692 3215 111 47 Rita
830 3218 72 45 del
925 3218 143 60 Sarte,
1091 3219 160 47 M.M.
1275 3219 135 62 Foix,
1435 3221 192 46 Benoist
1648 3233 46 35 et
1722 3222 219 61 Dupont.
2053 3222 59 45 M
2118 3224 67 22 mes
2211 3222 56 45 de
2287 3222 203 46 Léotard
2517 3235 46 33 et
2586 3222 215 48 Gaubert

264 3283 231 61 pianistes,
538 3284 59 46 M
604 3283 60 27 elle
706 3287 283 46 Antoinette
1019 3289 223 62 Veluard,
1285 3290 41 45 le
1373 3292 163 45 maître
1572 3292 202 47 Luzzati
1795 3315 13 36 ;
1853 3293 64 45 les
1961 3292 267 45 violonistes
2272 3292 270 47 Christiane
2583 3292 215 61 Roussel,

265 3351 238 62 Mendels,
527 3354 68 46 Le
623 3356 173 60 Feuve,
821 3357 139 46 Santa
980 3359 246 58 Vicca;les
1247 3360 359 48 violoncellistes
1628 3362 251 60 Dumond,
1899 3362 235 46 Feuillard
2155 3374 46 33 et
2223 3363 261 47 Audisiose
2503 3363 296 63 partagèrent

264 3422 42 45 le
332 3424 173 46 succès.
536 3424 68 46 Le
632 3426 90 47 très
747 3429 327 61 sympathique
1114 3432 317 60 organisateur
1458 3433 55 45 de
1541 3450 73 28 ces
1640 3445 213 34 concerts
1879 3433 76 46 M.
1987 3432 278 61 Delepouve
2304 3452 26 28 a
2361 3434 82 46 fait
2481 3452 171 43 preuve
2681 3434 115 46 d'un

266 3493 113 60 goût
406 3493 251 49 méritoire.

405 3562 63 47 Et
495 3563 112 48 c'est
633 3578 119 49 tout,
781 3567 126 47 hélas
932 3566 9 48 !
972 3567 182 62 Depuis
1179 3570 122 46 deux
1335 3589 83 28 ans
1443 3572 63 47 les
1533 3584 211 35 concerts
1771 3573 285 46 deviennent
2084 3591 118 29 rares
2222 3596 12 37 ;
2263 3573 244 62 l'opérette
2534 3591 62 30 ou
2623 3573 178 62 l'opéra
