3204 4644
1137 410 207 61 Anton
1386 405 276 65 Schnack
1723 438 13 13 •
1798 404 151 61 Drei
1991 400 277 62 Gedichte

552 418 118 61 356

556 609 137 63 Daß
726 606 190 78 Engel
947 603 180 62 durch
1158 602 98 59 die
1286 600 232 63 Stuben
1548 597 176 62 leicht
1752 595 123 60 und
1905 594 185 76 heilig
2120 593 216 77 gehen,
2382 589 119 62 daß
2531 586 329 79 Julinächte

748 693 218 65 wären,
1016 682 176 73 weiß,
1249 680 121 64 voll
1421 684 259 74 riesigen
1732 675 349 70 Gewittern,
2139 697 93 37 wo
2287 674 265 59 Brausen
2602 672 113 57 wie
2766 670 95 57 ein

745 767 187 62 Wind
972 788 121 37 war
1136 768 57 55 in
1238 762 108 61 der
1388 760 136 61 Luft
1567 759 124 61 und
1734 757 272 59 fremden
2048 753 410 80 Vogelschrei,

556 849 139 63 Daß
748 847 229 61 Kinder
1032 847 113 57 wie
1202 840 296 64 unfaßbar
1554 838 145 62 tiefe
1748 837 271 61 Wunder
2077 838 59 56 in
2197 834 118 60 den
2374 827 488 66 Abendstunden

749 929 244 69 lärmen,
1057 923 120 62 daß
1237 923 488 75 Dämmerungen
1784 915 419 61 überhauchen
2266 917 96 57 ein
2423 909 266 74 Gesicht,
2754 908 110 58 das

750 1007 182 61 durch
976 1006 100 59 die
1122 1003 228 62 Gärten
1393 1002 143 77 gehl
1583 1003 104 56 mit
1728 1001 357 58 visionärem
2128 997 159 71 Bart,

558 1089 137 63 Daß
739 1088 130 61 hier
913 1110 108 38 aus
1059 1086 287 61 Fenstern
1390 1084 184 74 steigt
1602 1078 216 72 Musik,
1864 1078 99 60 die
1990 1075 340 63 Weichheit
2373 1075 163 58 einer
2564 1069 199 76 Geige
2806 1069 58 57 in

751 1169 121 60 den
890 1168 188 60 Raum
1103 1166 108 61 der
1228 1163 191 61 Nacht
1442 1185 69 36 so
1535 1161 278 71 überaus,
1838 1157 121 61 daß
1983 1157 173 71 allen,
2183 1155 97 60 die
2303 1150 561 69 vorüberkommen,

753 1253 95 57 ein
890 1247 429 62 wunderbares
1364 1241 189 62 stilles
1593 1239 257 62 Weinen
1892 1242 174 57 rinnt.

1185 1531 290 65 UNTER
1515 1528 294 62 ALTEN
1854 1512 364 74 BÄUMEN

561 1671 189 62 Unter
793 1667 137 60 dem
974 1662 264 62 dunklen
1270 1660 322 63 Gewölbe:
1638 1661 95 57 ein
1765 1656 296 71 Brunnen,
2108 1649 313 79 spielende
2452 1647 245 72 Kinder,
2735 1649 133 58 eine

751 1747 181 61 blaue
975 1737 772 81 Schmetterlingsschlacht,

562 1830 146 61 Eine
749 1825 353 65 träumende
1145 1822 151 60 Frau
1342 1868 14 14 .
1403 1868 13 13 .
1463 1868 14 13 .
1527 1816 251 65 Weißer
1826 1813 203 63 werde
2080 1812 89 61 ich
2219 1809 262 72 werden,
2551 1830 178 38 wenn
2782 1804 88 60 ich

755 1909 283 61 darunter
1079 1902 192 73 stehe,
1314 1900 273 72 bezuckt,
1630 1898 282 60 bezittert

561 1991 157 62 Vom
763 1983 475 68 schwankenden
1267 1981 182 74 Licht,
1478 2003 120 38 von
1626 1972 454 74 Schattenwurf,
2109 1970 273 72 bläulich,
2421 1968 140 61 sehr
2597 1967 275 70 schwarz,

755 2070 203 70 schön,
1003 2089 173 38 wenn
1220 2088 66 35 es
1329 2061 509 77 heraufgewittert

563 2152 190 72 Grün,
797 2152 106 58 mit
944 2145 461 70 Blitzschnüren,
1450 2140 284 80 goldnen,
1776 2136 330 62 violettnen
2157 2132 178 60 kreuz
2381 2130 123 60 und
2547 2151 167 55 quer,
2778 2127 94 58 bis

756 2231 202 60 hinein
1002 2230 59 57 in
1104 2226 98 60 die
1247 2224 210 69 Nacht,

565 2314 101 61 Bis
717 2311 201 60 hinein
969 2311 58 56 in
1079 2306 98 60 die
1229 2305 161 59 hohe
1444 2301 344 69 Finsternis,
1841 2319 107 38 aus
2000 2293 250 61 Norden
2301 2288 571 79 heraufgekrochen,

759 2386 376 72 schrecklich,
1178 2384 306 77 unsagbar
1527 2428 14 14 .
1588 2428 14 14 .
1648 2427 14 14 .

566 2474 192 62 Unter
800 2470 137 61 dem
984 2465 261 63 dunklen
1289 2461 323 64 Gewölbe:
1658 2461 97 58 ein
1798 2456 245 72 Abend,
2090 2452 264 80 göttlich,
2399 2455 102 57 mit
2545 2453 166 59 einer
2753 2447 81 60 Ge-

758 2551 246 69 liebten,
1046 2545 422 76 blondhaarig,
1511 2537 261 73 schlank,

566 2632 85 61 Zu
694 2635 209 69 sitzen,
946 2629 95 59 bis
1083 2625 216 62 Sterne
1342 2620 524 76 herunterfliegen,
1917 2615 214 76 feurig,
2175 2612 225 80 golden
2440 2634 111 38 vor
2592 2610 135 59 dem
2773 2630 69 55 ge-

758 2709 330 63 blendeten
1132 2705 275 71 Gesicht,
1451 2704 188 59 braun
1684 2697 124 61 und
1849 2696 207 71 krank,

566 2795 102 60 Bis
717 2791 97 62 ich
856 2792 232 59 weinen
1131 2784 141 62 muß
1323 2787 58 58 in
1432 2784 188 59 ihrem
1665 2776 229 74 Schoß,
1955 2773 286 64 während
2291 2771 251 61 Amseln
2593 2768 284 79 gluckern

759 2878 79 55 im
866 2865 473 82 Wipfeldunkei,
1384 2859 481 71 überströmend,
1911 2855 314 73 bräutlich,
2269 2852 373 70 wunderbar,

566 2951 311 65 Während
909 2947 415 78 Feuerfliegen
1357 2945 255 70 kreisen,
1656 2944 78 57 im
1766 2939 233 77 Reigen
2029 2940 255 73 steigen,
2315 2932 120 61 fein
2465 2931 124 61 und
2618 2928 258 71 zierlich,

760 3036 59 57 in
864 3029 366 80 glühendem
1275 3025 175 61 Kreis
1492 3027 110 58 wie
1645 3019 364 63 leuchtende
2052 3016 234 70 Sterne,

567 3113 403 81 Sprunghaft,
1033 3107 306 70 tänzelnd,
1414 3106 217 70 heiter,
1703 3101 407 74 leichtsinnig,
2174 3092 283 64 während
2519 3092 99 60 die
2682 3090 199 61 Nacht

762 3195 247 66 kommt,
1035 3190 82 60 alt
1136 3189 123 59 und
1282 3187 158 72 blau,
1464 3181 411 71 unenträtselt,
1901 3182 105 56 mit
2023 3175 208 72 Mond,
2255 3173 361 79 goldrotem,
2640 3170 240 71 halben,

567 3274 313 65 Während
944 3273 99 59 die
1094 3271 507 60 Brunnenwasser
1652 3261 254 62 dunkler
1957 3259 264 68 werden,
2286 3255 195 72 leiser,
2543 3251 337 71 traulicher,

760 3353 285 63 während
1075 3355 95 56 ein
1192 3349 227 61 Antlitz
1450 3346 300 61 erscheint
1778 3340 250 63 traulich
2058 3363 94 35 am
2176 3336 267 71 Fenster,
2472 3335 210 76 bogig,
2712 3339 169 71 grün,

568 3433 445 72 Schattenhaft,
1059 3427 386 72 schwebend,
1510 3425 198 72 müde,
1771 3425 112 57 wie
1926 3417 363 70 Sehnsucht,
2339 3414 124 62 voll
2507 3412 203 73 Gram,
2763 3408 119 63 voll

763 3515 325 62 herrlicher
1129 3510 242 72 Trauer,
1416 3506 199 61 bleich
1658 3504 123 61 und
1825 3502 182 61 ferne.

570 3596 131 64 Süß
742 3598 105 59 bin
890 3595 96 61 ich
1030 3596 78 58 im
1153 3591 171 73 Hirn,
1367 3586 143 64 heiß
1553 3589 77 57 im
1676 3585 260 69 Herzen,
1982 3577 224 64 dunkel
2250 3581 212 74 singen
2491 3572 200 79 Vögel
2734 3571 150 60 über

765 3680 108 57 mir
914 3671 436 71 Traumhaftes,
1416 3666 336 73 Keusches,
1803 3659 513 69 Märchenhaftes;
2381 3656 98 71 oh,
2532 3665 170 48 unter
2745 3651 136 60 dem

765 3758 202 61 hohen
999 3753 298 62 Gewölbe
1325 3774 73 37 zu
1430 3745 339 65 stammeln:
1811 3768 120 37 von
1962 3741 241 62 Schnee
2233 3737 124 61 und
2377 3731 507 71 Wundersalben,

571 3836 178 63 Altes
792 3836 187 77 Zeug,
1023 3834 216 60 Lieder
1282 3854 107 37 aus
1432 3828 222 78 gelben
1698 3824 288 71 Büchern,
2039 3820 285 61 seltsame
2368 3815 259 70 Gebete,
2670 3810 214 62 Worte

767 3918 108 59 der
904 3915 223 71 Rätsel,
1172 3911 150 63 oder
1364 3934 71 36 zu
1478 3914 269 56 träumen
1780 3901 424 64 Ostindisches
2235 3900 150 60 oder
2421 3891 281 83 plötzlich
2733 3914 152 56 ganz

768 3999 143 58 blau
956 4000 112 57 wie
1112 3996 135 60 eine
1292 3993 207 59 Blume
1541 4014 73 36 zu
1657 3985 213 62 blühn!
