3204 4665
833 463 321 61 Ambroise
1197 462 252 62 Vollard
1502 497 14 12 •
2331 463 105 62 Ein
1738 464 236 63 Besuch
2019 466 94 59 bei
2154 464 282 63 Cezanne

481 464 120 57 348

483 646 329 74 entdeckt
886 647 141 71 hat.
1155 647 229 74 Meine
1459 648 490 92 Erwartungen
2025 647 333 95 schlugen
2434 648 162 87 fehl,
2676 648 112 74 die

482 742 212 74 Aixer
744 772 227 44 waren
1022 744 192 73 nicht
1263 745 115 74 die
1412 745 239 85 Leute,
1705 744 115 73 die
1870 745 148 72 sich
2061 751 122 68 mit
2216 748 255 72 allerlei
2507 746 280 73 Kniffen

485 840 291 73 betören
830 839 249 74 ließen.
1186 842 165 72 Man
1404 843 183 71 kann
1640 840 148 73 sich
1840 842 148 72 also
2041 848 224 67 meine
2317 844 268 72 Freude
2635 872 114 43 vor-

482 937 264 82 stellen,
800 936 101 71 als
953 936 111 72 ich
1116 941 110 68 ein
1280 937 451 84 Individuum,
1785 942 109 67 ein
1939 938 156 71 Bild
2147 952 197 60 unter
2396 938 159 74 dem
2590 938 195 85 Arm,

482 1037 68 67 in
603 1036 295 68 meinem
953 1032 215 74 Hotel
1219 1035 418 71 ankommen
1689 1032 148 74 sah.
1964 1035 155 83 „Ich
2171 1035 141 72 hab
2368 1035 93 72 da
2512 1041 273 77 einen“,

482 1141 196 80 sagte
745 1154 74 46 er
877 1127 186 75 ohne
1116 1130 485 84 Umschweife,
1677 1130 186 85 „und
1930 1160 201 43 wenn
2183 1131 115 72 die
2349 1131 268 72 Pariser
2667 1160 76 43 so-

481 1253 141 43 was
689 1224 353 73 brauchen
1120 1226 299 84 können,
1498 1225 144 72 und
1718 1256 159 43 man
1954 1226 252 74 daraus
2283 1233 109 67 ein
2448 1228 340 73 Geschäft

482 1320 291 74 machen
825 1322 203 86 kann,
1084 1351 81 44 so
1216 1323 134 71 will
1402 1322 110 73 ich
1566 1328 271 69 meinen
1875 1323 149 74 Teil
2077 1324 289 73 daran!“
2460 1325 165 73 Und
2663 1325 125 73 das

482 1417 154 72 Bild
704 1418 425 85 enthüllend,
1199 1423 222 89 zeigte
1479 1447 76 43 er
1629 1424 127 68 mir
1821 1424 200 69 einen
2077 1421 346 73 Cezanne.
2533 1422 255 85 „Nicht

478 1518 301 89 weniger
845 1515 101 71 als
1000 1517 140 70 150
1192 1515 328 72 Francs!“
1593 1515 129 72 rief
1785 1545 75 43 er
1926 1516 142 72 und
2136 1516 245 94 schlug
2446 1517 148 73 sich
2654 1517 134 73 fest

480 1610 117 72 auf
647 1612 112 72 die
811 1610 368 81 Schenkel,
1233 1640 114 44 um
1400 1616 191 68 seine
1628 1612 405 94 Forderung
2088 1642 81 43 zu
2222 1612 370 74 bestärken
2644 1615 142 71 und

478 1705 179 74 auch
708 1736 115 43 um
873 1706 148 73 sich
1075 1706 149 72 Mut
1273 1737 82 42 zu
1408 1706 312 74 machen.
1827 1708 130 72 Als
2028 1708 109 72 ich
2209 1708 139 73 ihm
2419 1709 127 72 das
2599 1706 187 77 Geld

480 1802 368 94 abgezählt
898 1803 212 84 hatte,
1164 1817 197 80 sagte
1413 1833 99 44 er:
1607 1804 370 84 „Cezanne
2037 1804 143 73 hält
2230 1805 147 73 sich
2429 1805 107 73 für
2585 1812 198 67 einen

481 1899 452 93 Schlaukopf,
989 1899 170 73 aber
1212 1929 74 44 er
1336 1906 87 67 ist
1477 1901 185 72 doch
1714 1902 467 93 reingefallen,
2236 1903 100 71 als
2388 1931 74 43 er
2496 1908 127 66 mir
2660 1902 125 72 das

482 1996 382 94 geschenkt
914 1995 192 75 hat!“
1200 1996 367 74 Nachdem
1619 2025 75 43 er
1743 2002 225 68 seiner
2027 1997 270 74 Freude
2347 1998 214 74 freien
2613 1998 174 74 Lauf

477 2092 319 94 gelassen
849 2091 212 85 hatte,
1107 2092 255 74 winkte
1409 2123 104 43 er:
1573 2094 390 85 „Kommen
2015 2094 188 73 Sie“.

577 2186 107 75 Ich
736 2188 220 94 folgte
1016 2189 139 71 ihm
1216 2195 68 66 in
1343 2193 110 68 ein
1516 2190 218 84 Haus,
1795 2219 111 44 wo
1973 2195 90 68 im
2117 2192 175 82 Flur,
2357 2190 123 73 der
2531 2195 66 68 in
2649 2190 136 73 Aix

478 2284 99 71 als
637 2284 608 93 Rumpelkammer
1310 2315 82 43 zu
1460 2284 252 74 dienen
1783 2287 241 91 pflegt,
2095 2292 225 87 einige
2386 2284 396 95 großartige

480 2379 360 74 Cezannes
919 2379 113 74 die
1102 2379 554 75 Nachbarschaft
1719 2410 139 44 von
1927 2381 251 73 höchst
2242 2381 539 75 verschiedenen

481 2476 547 94 Gegenständen
1087 2505 373 64 genossen,
1531 2482 222 69 einem
1813 2477 468 94 Vogelbauer,
2352 2484 222 67 einem
2642 2508 105 43 zer-

476 2573 400 74 brochenen
929 2574 407 93 Nachttopf,
1392 2574 181 72 alten
1626 2573 348 86 Schuhen,
2029 2581 188 66 einer
2268 2581 513 87 ausrangierten

475 2669 534 94 Klistierspritze
1061 2673 102 89 (es
1215 2674 88 70 ist
1346 2674 73 88 ja
1454 2670 327 85 bekannt,
1837 2672 141 72 daß
2016 2673 112 71 die
2165 2673 212 72 Leute
2413 2677 90 67 im
2543 2672 237 73 Süden

475 2795 76 44 es
602 2764 186 77 nicht
838 2766 173 73 über
1061 2766 144 73 sich
1258 2767 292 94 bringen
1602 2768 303 84 können,
1953 2768 242 94 irgend
2249 2781 211 61 etwas
2514 2796 224 66 wegzu-

475 2862 252 72 werfen
781 2862 174 74 oder
1002 2891 81 43 zu
1117 2861 418 86 vernichten,
1588 2891 141 45 was
1766 2863 250 73 einmal
2051 2865 106 71 ihr
2193 2865 361 92 Eigentum
2589 2865 189 91 war).

477 2959 184 72 Mein
722 2957 258 75 Führer
1047 2957 267 96 klopfte
1384 2988 86 42 an
1539 2959 115 72 die
1705 2960 201 84 Türe,
1972 2960 113 74 die
2137 2960 166 88 sich,
2359 2960 214 74 durch
2626 2965 154 69 eine

475 3054 392 75 Eisenkette
915 3054 364 95 gesichert,
1332 3061 155 67 eine
1524 3055 287 94 Spanne
1860 3063 159 66 weit
2068 3056 237 74 auftat.
2390 3056 212 73 Mann
2637 3058 144 72 und

476 3152 174 72 Frau
692 3152 203 72 liefen
939 3152 261 72 herbei.
1292 3152 266 94 Fragen
1593 3153 285 72 wurden
1912 3153 295 94 gestellt,
2261 3152 342 75 reichlich.
2689 3153 92 72 Es

473 3247 348 74 herrschte
842 3247 448 75 entschieden
1309 3248 157 73 kein
1487 3248 404 85 Vertrauen,
1921 3248 216 74 schon
2166 3248 115 73 auf
2302 3249 123 74 der
2444 3248 338 75 Schwelle

471 3346 148 91 fing
668 3343 106 75 ich
828 3345 113 72 die
978 3345 218 92 Frage
1232 3343 140 75 auf:
1435 3345 313 85 „Kennst
1783 3346 113 71 Du
1931 3343 172 75 auch
2150 3345 251 73 deinen
2438 3346 340 72 Fremden

471 3441 321 92 genau?“
851 3440 167 74 Eine
1047 3441 492 94 Unterredung
1554 3442 217 93 folgte
1800 3442 209 84 dann,
2039 3441 271 74 endlos.
2364 3441 414 75 Schließlich

472 3538 353 72 forderten
878 3544 100 66 sie
1033 3542 187 71 1000
1257 3540 254 71 Francs
1560 3538 108 72 für
1719 3539 116 72 die
1872 3539 360 74 Cezannes
2275 3544 91 67 im
2405 3539 177 72 Flur.
2668 3539 109 74 Ich

473 3634 254 74 beeilte
763 3633 201 84 mich,
1005 3634 136 73 den
1169 3634 254 74 Schein
1451 3634 456 94 hinzugeben.
1962 3636 439 92 Neuerdings
2430 3637 350 90 Beratung

472 3743 198 60 unter
720 3730 137 73 den
891 3731 288 86 Aixern;
1235 3732 113 72 die
1384 3731 226 75 Sache
1660 3737 181 67 wäre
1877 3745 139 59 erst
2051 3731 437 95 abgemacht,
2533 3743 244 80 sagten

472 3834 100 67 sie
632 3832 128 68 mir
819 3827 298 85 endlich,
1186 3857 200 44 wenn
1447 3827 113 74 die
1620 3827 245 74 Credit
1922 3829 346 92 Lyonnais
2328 3829 137 73 den
2523 3826 253 74 Schein

472 3924 382 72 anerkannt
904 3924 207 73 habe.
1199 3925 143 72 Der
1379 3925 213 72 Mann
1647 3925 207 72 nahm
1907 3925 114 72 die
2071 3923 559 96 Angelegenheit
2663 3924 117 72 auf

471 4019 174 88 sich;
684 4020 113 74 die
833 4020 175 74 Frau
1044 4020 308 93 empfahl
1388 4020 161 85 ihm,
1581 4020 192 74 Gold
1802 4051 81 43 zu
1902 4022 231 83 holen,
2171 4020 154 74 falls
2363 4020 125 73 der
2523 4019 252 75 Schein
