3171 4629
797 405 184 59 Ernst
1019 403 259 60 Barlach
1343 436 13 13 ♦
1419 400 118 61 Die
1578 400 199 60 echten
1819 398 384 62 Sedemunds

2534 398 117 59 359

494 596 435 53 DaSedemund
948 596 142 56 sieht,
1110 596 100 47 daß
1230 595 34 48 F
1267 614 87 29 rau
1373 592 206 50 Grude
1597 593 105 49 sich
1725 593 252 61 getroffen
2001 592 138 56 fühlt,
2159 591 103 61 legt
2280 610 55 29 er
2358 591 295 48 Bromann

431 664 95 49 den
561 663 120 48 Arm
717 663 84 46 auf
834 661 81 48 die
949 658 173 48 Achsel
1156 659 100 47 und
1292 659 244 47 bedeutet
1569 658 113 55 ihm,
1719 676 57 28 zu
1809 658 286 60 schweigen.
2166 653 84 50 Sie
2272 662 178 49 treten,
2474 673 80 30 um
2575 654 81 47 die

431 729 405 57 Unterbrechung
869 725 89 47 des
994 723 274 63 Gesprächs
1301 743 57 28 zu
1394 723 301 53 motivieren,
1731 723 188 55 zurück,
1956 723 92 46 wie
2071 739 80 28 um
2176 722 143 45 einen
2342 722 158 47 freien
2523 719 130 48 Blick

434 794 81 47 auf
534 793 95 47 den
649 789 229 49 Christus
897 808 57 29 zu
972 790 255 60 gewinnen
1246 788 99 47 und
1366 788 172 47 stehen
1559 804 98 29 nun
1674 786 162 61 knapp
1858 804 91 29 vor
1973 785 112 47 dem
2110 784 160 48 alten
2297 784 339 48 Sedemund

354 874 138 60 Der
535 872 140 59 aite
718 869 431 62 Sedemund:
1203 868 243 59 Drehen
1498 865 103 62 Sie
1646 865 127 61 sich
1818 889 96 36 um
1959 864 122 61 und
2124 864 235 61 decken
2403 863 102 62 Sie
2551 866 106 56 mir

434 955 241 57 weitere
718 949 321 62 väterliche
1083 948 450 78 Verfehlungen
1578 971 200 53 gegen
1822 945 224 61 höhere
2090 945 410 60 Kindlichkeit
2538 944 118 72 auf,

432 1034 146 60 aber
620 1032 301 78 sprechen
964 1029 103 61 Sie
1112 1029 213 71 direkt,
1370 1029 95 60 ich
1509 1026 212 61 dank’s
1766 1026 198 60 Ihnen.

497 1112 84 49 Sie
623 1113 183 48 kehren
848 1110 104 50 sich
992 1129 110 28 zum
1143 1109 169 48 Alten.
1386 1108 147 48 Frau
1577 1106 201 49 Grude
1819 1106 122 61 geht
1982 1106 222 60 langsam
2248 1106 101 47 und
2391 1106 265 60 geneigten

416 1176 239 63 Hauptes,
674 1176 71 49 als
760 1178 152 59 ginge
935 1175 73 47 sie
1032 1174 146 48 durch
1204 1175 78 46 ein
1307 1172 250 60 niedriges
1582 1171 113 56 Tor,
1730 1190 89 29 vor
1834 1171 98 47 den
1954 1169 226 49 Christus
2200 1170 102 47 und
2326 1170 128 47 sieht
2473 1170 183 47 hinauf.

418 1241 116 48 Der
568 1244 179 59 Junge
784 1239 344 49 Sedemund
1163 1239 119 58 geht
1315 1237 190 56 schnell,
1557 1236 126 57 froh,
1730 1254 112 29 vom
1866 1233 155 50 Vater
2059 1233 382 55 loszukommen,
2474 1253 60 27 zu
2567 1233 89 47 ihr.

355 1322 164 61 Frau
564 1320 267 62 Grude:
875 1320 242 61 Wissen
1163 1316 120 74 Sie,
1326 1340 122 37 was
1494 1340 63 37 er
1594 1313 184 80 sagt?
1838 1315 75 59 Er
1944 1325 160 67 sagt:
2134 1315 168 76 jeder
2332 1311 325 63 Geborene

432 1401 148 60 wird
624 1400 213 61 einmal
881 1423 105 37 ans
1032 1399 198 59 Kreuz
1267 1397 388 79 geschlagen.
1742 1395 223 59 Darum
1997 1395 212 77 bringe
2241 1395 218 58 deinen
2490 1392 167 62 Sohn

434 1507 69 36 so
545 1481 102 61 auf
689 1481 119 59 den
851 1480 178 76 Weg,
1075 1477 118 63 daß
1225 1501 63 37 er
1317 1481 58 57 in
1399 1479 109 59 der
1537 1487 413 68 grausamsten
1982 1473 235 64 Stunde
2247 1473 413 61 hinaufschaut

437 1562 120 60 und
600 1562 148 60 über
792 1561 108 60 der
939 1559 165 62 Welt
1146 1559 281 62 schwebt.
1512 1557 89 60 Ich
1646 1557 146 59 höre
1837 1556 150 61 noch
2031 1555 183 59 mehr.

356 1644 138 59 Der
531 1646 217 74 junge
793 1640 430 62 Sedemund:
1258 1640 203 71 Recht,
1494 1637 149 60 Frau
1676 1636 227 62 Grude.
1970 1635 79 61 Es
2079 1636 133 78 gibt
2241 1635 181 61 schon
2453 1659 206 53 genug

436 1722 291 61 Schächer
770 1722 100 60 auf
911 1721 108 61 der
1060 1720 180 61 Welt.
1328 1719 106 76 (Er
1464 1719 158 59 führt
1659 1721 86 57 sie
1777 1721 75 56 im
1884 1716 311 78 Gespräch
2227 1716 143 60 nach
2402 1716 254 74 hinten.)

357 1804 139 59 Der
539 1804 141 59 alte
723 1801 432 62 Sedemund:
1202 1800 110 71 Na,
1359 1800 155 60 Herr
1555 1799 317 71 Bromann,
1919 1795 276 62 Christus
2233 1796 118 71 hin,
2384 1795 276 61 Christus

437 1886 122 70 her,
611 1907 173 36 wenn
837 1905 64 37 er
952 1882 183 60 heute
1185 1880 182 72 lebte,
1419 1879 203 61 würde
1678 1901 64 37 er
1791 1877 88 60 als
1931 1876 345 78 Vagabund
2328 1876 122 60 und
2510 1875 113 59 Auf-

435 1964 245 77 wiegler
722 1966 57 56 in
823 1962 287 60 Nummer
1152 1960 204 61 Sicher
1397 1959 286 78 gebracht
1846 1959 123 59 und
2011 1956 138 61 sehr
2192 1960 105 57 mit
2339 1955 203 61 Recht.

359 2044 369 59 Bromann;
773 2040 172 62 Aber
989 2065 63 37 er
1094 2040 182 61 fände
1316 2039 296 61 vielleicht
1639 2039 218 59 vorher
1886 2035 423 77 Gelegenheit,
2341 2060 70 36 zu
2444 2059 213 55 sagen:

439 2122 141 74 „Sei
624 2122 249 72 sehend,
919 2122 155 60 Herr
1116 2120 410 70 Sedemund“,
1570 2122 112 56 wie
1724 2142 71 35 zu
1841 2119 138 59 dem
2024 2117 273 60 Blinden.

360 2204 140 59 Der
543 2204 142 59 alte
735 2201 433 62 Sedemund:
1221 2200 129 61 Ach
1401 2223 141 47 was,
1596 2223 64 35 er
1709 2197 89 60 riß
1850 2201 94 57 ein
1997 2196 364 62 Streichholz
2412 2220 74 36 an
2538 2195 122 61 und

437 2288 143 57 wies
641 2284 118 59 ihm
821 2282 118 60 den
1000 2282 240 60 rechten
1283 2280 179 77 Weg,
1523 2280 111 60 das
1691 2302 122 36 war
1871 2279 99 59 die
2030 2300 190 54 ganze
2272 2276 215 61 Kunst.
2581 2276 76 59 Im

439 2364 279 61 Dunkeln
741 2364 295 59 brauchen
1060 2366 103 56 wir
1184 2361 114 61 alle
1321 2361 247 71 Stöcke,
1592 2360 98 60 die
1710 2359 253 61 Blinden
1982 2362 110 56 wie
2112 2359 98 59 die
2232 2356 333 64 Gesunden

444 2445 111 60 alle
600 2442 363 64 stockblind.

361 2526 367 64 Bromann:
793 2523 102 62 Sie
940 2547 206 54 sagen,
1212 2521 277 62 Christus
1532 2520 121 71 hin,
1718 2519 276 61 Christus
2058 2517 124 73 her,
2255 2517 407 77 Gekreuzigte

439 2605 104 60 hat
594 2628 64 37 es
708 2603 376 60 tausendmal
1136 2601 284 61 Tausend
1471 2600 304 79 gegeben.
1878 2597 85 63 So
2016 2597 135 60 sind
2209 2597 103 61 Sie
2377 2600 104 57 mit
2543 2597 118 60 den

442 2685 320 61 Menschen
807 2707 508 54 umgesprungen,
1361 2681 200 61 fühlen
1608 2679 102 62 Sie
1754 2681 137 59 kein
1936 2677 279 61 Mitleid?

362 2764 139 61 Der
545 2765 139 60 alte
729 2763 431 62 Sedemund:
1223 2763 122 59 Hat
1405 2785 64 37 er
1526 2760 235 61 Mitleid
1820 2763 103 55 mit
1983 2761 152 57 mir?
2236 2756 76 61 Er
2370 2761 76 56 ist
2505 2756 158 60 nicht

441 2845 330 61 schlimmer
813 2844 146 60 dran
1002 2844 88 61 als
1121 2844 89 58 ich
1316 2843 257 74 (Breitet
1612 2841 97 60 die
1738 2839 188 61 Arme
1956 2843 149 68 aus.)
2192 2837 86 61 So
2415 2836 248 61 braucht

442 2949 65 37 es
550 2925 157 61 nicht
747 2929 207 56 immer
996 2924 391 71 auszusehen,
1430 2945 173 37 wenn
1648 2944 66 37 es
1758 2924 192 57 einem
1994 2917 325 61 kreuzübel
2364 2921 94 56 ist.

367 3004 369 62 Bromann:
782 3004 148 62 Sie?

365 3084 232 61 Onkel
638 3085 415 61 Waldemar:
1108 3083 143 62 Sein
1303 3086 216 74 eigenä
1569 3080 188 71 Sohn,
1810 3080 156 60 Herr
2017 3079 339 70 Bwomann,
2412 3075 101 62 hat
2563 3076 99 60 ihn

445 3187 333 54 sozusagen
809 3188 105 37 ans
945 3164 223 60 Kweuz
1199 3163 78 59 dä
1305 3161 390 61 öffentlichen
1726 3158 515 77 Kennzeichnung
2270 3156 391 78 geschlagen.

448 3243 326 62 Gwausam
820 3245 122 60 und
985 3243 364 61 unkindlich.

365 3325 335 60 Bromann
756 3324 318 76 (schüttelt
1128 3324 118 60 den
1291 3321 223 78 Kopf):
1608 3320 229 71 Wieso,
1899 3319 158 58 Herr
2106 3316 372 73 Sedemund,
2542 3340 120 36 was

445 3404 155 60 kann
643 3408 127 57 sein
813 3403 165 61 Sohn
1022 3404 148 60 über
1213 3404 98 58 ihn
1361 3403 273 76 bringen,
1677 3423 123 38 was
1843 3399 99 59 ihn
1988 3398 519 59 kennzeichnete?

366 3485 141 60 Der
550 3485 140 60 alte
733 3484 424 61 Sedemund:
1192 3484 94 60 Da
1316 3483 140 61 muß
1485 3483 191 59 schon
1707 3492 182 49 etwas
1913 3479 146 60 dran
2079 3481 148 70 sein,
2253 3484 237 55 meinen
2515 3475 148 62 Sie?

365 3566 343 60 Bromann
754 3563 185 76 (sieht
981 3564 98 60 ihn
1124 3563 314 78 sprachlos
1483 3561 125 75 an).

366 3646 141 59 Der
549 3645 142 60 alte
736 3643 427 61 Sedemund:
1208 3643 202 61 Sehen
1453 3641 122 71 Sie,
1615 3641 189 60 schon
1845 3639 199 76 geben
2074 3638 103 61 Sie
2209 3640 254 57 meinem
2495 3634 167 62 Sohn

445 3726 185 60 recht.
714 3723 245 62 Warum
1020 3724 163 60 nicht
1240 3747 126 54 gar,
1425 3725 105 57 wir
1579 3720 133 61 sind
1776 3719 268 60 allzumal
2096 3718 257 69 Sünder,
2406 3720 112 56 wie
2561 3714 102 62 Sie

444 3809 236 57 wissen.
765 3804 224 60 Lassen
1027 3801 101 61 Sie
1160 3827 107 35 nur
1295 3803 123 61 und
1446 3814 105 48 tun
1580 3800 102 61 Sie
1714 3803 108 56 mir
1851 3799 118 60 den
2001 3796 277 63 Gefallen
2309 3796 125 60 und
2464 3796 198 78 gehen

445 3884 103 62 Sie
591 3889 95 57 ein
728 3883 189 63 Stück
959 3885 309 70 seitwärts,
1314 3884 184 60 damit
1536 3881 95 60 ich
1671 3876 787 64 kreuzkameradschaftlich
2496 3876 167 60 Ihren

448 3966 473 59 frischlakierten
966 3963 274 62 Christus
1282 3964 349 60 beschauen
1674 3961 174 60 kann.
