3204 4642
537 437 116 59 366

986 434 183 60 Ernst
1208 434 258 60 Barlach
1531 468 12 12 •
1606 433 118 59 Die
1766 434 196 58 echten
2006 434 384 63 Sedemunds

539 627 141 61 Der
724 627 141 61 alte
910 627 406 61 Sedemund
1348 627 381 75 (flüsternd):
1763 626 201 79 Sagen
1989 627 103 62 Sie
2117 654 66 35 es
2213 630 163 59 nicht
2403 631 221 68 weiter,
2651 627 189 60 liebes

620 708 179 72 Kind,
865 710 144 58 aber
1071 707 103 62 Sie
1236 711 230 57 weinen
1533 708 164 60 nicht
1761 708 171 60 allein
1997 708 127 61 hier
2186 713 76 56 im
2327 707 513 79 Höllengehäuse.

620 788 79 61 Es
743 788 146 60 läuft
931 792 108 56 mir
1082 813 108 35 nur
1232 788 163 61 nicht
1432 788 180 61 blank
1651 788 150 60 über
1835 788 98 60 die
1973 790 259 75 Backen,
2263 791 108 60 das
2410 795 76 56 ist
2515 788 108 60 der
2651 810 189 56 ganze

619 868 405 63 Unterschied
1065 870 297 59 zwischen
1406 891 130 49 uns,
1581 867 124 61 und
1745 868 304 61 vielleicht
2091 875 76 57 ist
2209 873 195 58 meine
2440 867 116 62 Art
2582 867 258 61 Weinen

616 950 309 59 wütender
968 950 86 58 als
1099 950 100 58 die
1244 950 144 59 Ihre.
1474 948 167 60 Ihren
1673 947 286 62 Kummer
1988 950 236 61 können
2255 950 104 62 Sie
2389 950 160 61 doch
2580 948 261 72 künden,

620 1034 126 66 mir,
795 1054 172 35 wenn
1018 1030 97 59 ich
1165 1030 154 61 auch
1368 1030 220 72 wollte,
1632 1032 107 56 mir
1781 1030 217 77 fangen
2042 1031 98 60 die
2186 1030 396 61 Kinnbacken
2625 1054 72 34 an
2741 1027 100 60 hin

620 1111 122 58 und
785 1110 107 59 her
934 1134 70 35 zu
1049 1115 303 75 springen.

540 1206 290 61 Sabine:
875 1205 202 79 Sagen
1122 1205 103 62 Sie
1269 1230 66 37 es
1373 1210 126 67 mir,
1538 1206 145 59 aber
1720 1206 295 78 sprechen
2046 1206 103 62 Sie
2180 1207 166 60 nicht
2374 1229 69 37 so
2474 1204 369 62 schrecklich

616 1310 121 37 von
780 1286 188 61 Ihrem
1013 1286 274 74 Weinen,
1333 1286 94 60 ich
1471 1286 232 60 fürchte
1749 1288 156 59 mich
1948 1312 108 36 vor
2098 1288 200 60 Ihnen.
2383 1285 202 80 Sagen
2623 1284 103 62 Sie
2757 1308 84 37 es.

539 1392 142 59 Der
723 1392 141 59 alte
907 1390 431 63 Sedemund:
1380 1389 128 62 Soll
1546 1389 145 62 ich?
1748 1388 142 76 Gut,
1922 1392 146 59 aber
2093 1395 104 58 wir
2223 1390 213 64 wollen
2467 1390 190 61 lieber
2686 1389 158 60 noch

620 1475 135 56 eine
786 1472 211 61 Runde
1029 1473 216 77 gehen.
1334 1470 106 77 (Er
1470 1472 174 73 fährt,
1673 1495 110 36 vor
1813 1472 137 59 dem
1983 1472 418 77 Orgelspieler
2429 1472 124 59 hält
2582 1495 64 36 er
2674 1469 169 75 still.)

618 1553 138 61 Wie
807 1563 109 67 gut
967 1553 106 60 der
1124 1577 66 36 es
1241 1550 127 63 hat!
1462 1552 76 59 Er
1588 1552 157 61 bläst
1795 1555 207 56 seinen
2056 1553 286 60 Kummer
2390 1575 120 36 von
2562 1550 127 61 sich
2742 1554 103 56 mit

620 1632 385 62 donnernder
1048 1630 431 79 Dampfpfeife.
1564 1630 147 63 Laut
1754 1632 122 59 und
1919 1632 167 72 leise,
2116 1632 201 77 gleich
2349 1630 182 61 leicht
2559 1628 285 80 gedreht!

623 1712 176 76 (Zum
846 1712 470 78 Orgelspieler.)
1401 1712 202 61 Laben
1648 1710 101 63 Sie
1790 1735 110 36 uns
1932 1712 160 59 doch
2124 1714 104 59 mit
2257 1715 197 56 einem
2484 1710 362 72 Liebeslaut,

620 1806 174 66 guter
837 1794 198 60 Mann.
1124 1794 156 74 (Der
1320 1792 421 78 Orgelspieler
1772 1802 154 52 setzt
1955 1793 126 75 an.)
2167 1793 109 71 Na,
2308 1792 198 62 lassen
2537 1790 101 63 Sie
2670 1792 175 70 noch,

623 1876 146 59 aber
811 1876 96 59 ich
952 1879 325 73 engagiere
1320 1873 103 61 Sie
1467 1873 87 61 als
1597 1873 440 61 Musiktrabant
2081 1873 108 61 der
2218 1873 396 72 Höllenreise,
2646 1872 202 59 halten

623 1954 101 61 Sie
769 1957 129 59 sich
943 1956 195 59 hinter
1180 1978 111 37 uns
1333 1977 101 37 zur
1465 1954 196 60 Hand.
1750 1953 205 77 (Zeigt
1985 1953 101 61 auf
2114 1953 410 75 Mankmoos.)
2609 1952 127 61 Das
2774 1956 76 55 ist

623 2036 109 59 der
781 2034 407 73 Zahlmeister,
1241 2057 170 37 wenn
1465 2057 63 37 er
1579 2034 98 60 bei
1733 2033 377 77 Bemessung
2150 2034 110 60 der
2302 2032 175 80 Gage
2521 2036 177 73 geizt,
2742 2032 71 59 be-

623 2116 219 77 klagen
905 2114 101 63 Sie
1067 2116 127 61 sich
1254 2116 100 59 bei
1411 2119 126 55 mir.
1639 2113 108 76 (Er
1804 2113 153 62 fährt
2006 2117 219 68 weiter,
2280 2114 108 60 der
2430 2112 419 78 Orgelspieler

624 2196 256 62 schließt
941 2197 130 61 sich
1132 2221 94 47 an,
1324 2196 370 78 Neugierige
1749 2194 225 79 folgen,
2027 2218 66 37 es
2145 2194 192 61 bildet
2387 2194 129 61 sich
2559 2197 96 58 ein
2699 2192 147 77 Zug,

624 2278 108 59 der
792 2276 287 78 langsam,
1123 2276 138 59 halb
1306 2276 86 61 als
1437 2274 434 78 Karnevalzug,
1923 2274 139 61 halb
2106 2274 86 61 als
2236 2273 490 79 Leichenparade
2771 2276 77 55 im

624 2358 227 61 Raume
896 2358 231 75 kreist.)

545 2453 141 60 Der
728 2453 140 60 alte
913 2452 406 62 Sedemund
1363 2453 100 74 (zu
1508 2451 286 77 Sabine):
1847 2451 145 63 Sieh
2042 2476 93 47 an,
2191 2451 182 73 Kind,
2421 2475 121 37 was
2595 2450 147 61 alles
2793 2452 58 57 in

625 2535 109 59 der
772 2533 181 61 Hölle
992 2535 290 59 heimisch
1321 2535 93 59 ist.
1474 2532 240 62 Wollen
1762 2533 113 61 alle
2060 2533 168 60 ihren
2281 2531 287 62 Kummer
2613 2531 236 77 klagen.

623 2613 174 61 Aber
854 2618 101 56 wir
1014 2615 199 66 beide,
1268 2615 80 58 du
1409 2613 123 60 und
1592 2613 113 73 ich,
1755 2617 105 57 wir
1910 2613 136 61 sind
2098 2613 118 74 die,
2270 2613 99 60 die
2412 2636 93 37 am
2547 2612 304 61 wehesten

626 2695 219 70 leiden,
888 2697 104 56 wir
1034 2695 133 59 sind
1211 2718 92 35 am
1345 2692 193 74 Wort,
1583 2692 161 62 wie?

548 2791 291 60 Sabine:
886 2791 77 60 Ist
993 2815 65 37 es
1101 2790 178 61 Zeit?

548 2886 142 61 Der
731 2886 141 61 alte
916 2885 425 62 Sedemund:
1385 2886 89 77 Ja.
1561 2886 108 75 (Er
1712 2885 155 62 fährt
1909 2886 120 61 den
2072 2885 175 62 Stuhl
2285 2888 58 57 in
2376 2885 119 60 den
2526 2884 176 61 Kreis
2732 2885 122 59 und

629 2968 246 77 ergreift
917 2968 428 61 unwillkürlich
1388 2966 257 63 Sabines
1691 2968 271 76 Hände.)
2049 2966 217 61 Liebes
2304 2965 179 73 Kind,
2514 2965 195 61 wohin
2741 2965 113 61 soll

630 3072 66 37 es
747 3048 301 73 kommen,
1099 3072 170 37 wenn
1315 3046 203 72 Leute,
1561 3052 109 55 wie
1712 3050 167 74 jener
1921 3048 157 61 Herr
2120 3045 352 62 Sedemund
2515 3045 107 61 frei
2661 3049 57 56 in
2747 3046 111 60 der

630 3126 179 63 Hölle
840 3128 425 72 herumlaufen,
1297 3126 147 61 hm?
1528 3126 126 61 Das
1684 3128 139 59 muß
1855 3132 58 57 in
1945 3126 306 79 Ordnung
2279 3125 294 79 gebracht
2594 3125 260 61 werden.

628 3208 209 62 Weißt
879 3209 80 61 du
1005 3208 342 80 eigentlich,
1391 3206 119 61 daß
1555 3209 95 60 ich
1694 3212 134 58 eine
1872 3208 149 61 Frau
2065 3206 214 64 hatte?

550 3304 82 62 Sa
648 3307 70 59 bi
732 3331 34 35 n
780 3331 33 35 e
861 3307 239 75 (nickt).

551 3402 143 60 Der
734 3403 145 60 alte
922 3402 433 62 Sedemund:
1407 3400 173 62 Aber
1630 3406 87 57 sie
1769 3406 78 56 ist
1903 3411 91 52 tot
2053 3401 123 61 und
2236 3405 57 57 in
2354 3401 186 61 ihrem
2601 3403 256 74 eigenen

633 3482 280 61 Himmel.
1000 3482 79 61 Es
1124 3483 130 78 gibt
1296 3483 176 60 keine
1518 3481 147 61 Frau
1712 3481 352 62 Sedemund
2109 3481 166 61 mehr
2310 3481 124 59 und
2467 3480 147 60 wird
2644 3478 213 61 einmal

633 3565 217 59 keinen
880 3563 196 61 Herrn
1106 3563 354 61 Sedemund
1490 3563 168 60 mehr
1687 3563 221 79 geben.
1973 3562 153 62 Gott
2154 3566 88 57 sei
2272 3562 120 61 ihm
2423 3561 246 79 gnädig,
2700 3558 158 61 wie?

553 3659 293 62 Sabine:
893 3659 127 62 Das
1061 3660 147 60 wird
1253 3684 63 36 er
1359 3662 148 70 sein,
1554 3657 261 79 glauben
1860 3656 102 64 Sie
2008 3661 126 69 mir,
2180 3657 110 63 das
2333 3661 77 57 ist
2451 3656 213 80 gewiß.

553 3765 142 60 Der
738 3764 144 61 alte
926 3763 436 62 Sedemund:
1407 3763 246 62 Wissen
1705 3761 103 63 Sie
1861 3763 109 61 das
2015 3786 69 38 so
2129 3761 245 80 genau?
2456 3761 197 61 Wenn
2695 3761 164 75 jener

635 3845 155 61 Herr
845 3844 354 62 Sedemund
1258 3847 137 58 kein
1454 3844 157 61 Herr
1661 3843 354 62 Sedemund
2065 3844 169 60 mehr
2283 3848 95 67 ist,
2429 3866 69 36 so
2548 3841 103 59 hat
2702 3863 66 37 er
2802 3843 57 73 ja

635 3929 106 59 mit
800 3924 219 64 Gnade
1072 3927 123 59 und
1246 3925 302 79 Ungnade
1601 3925 195 60 nichts
1847 3948 71 37 zu
1971 3924 292 72 schaffen,
2309 3924 145 60 aber
2497 3920 240 61 einerlei

637 4008 155 60 Herr
814 4004 351 64 Sedemund
1190 4007 216 75 spielte
1430 4009 198 59 seiner
1651 4005 148 60 Frau
1827 4009 92 57 ein
1942 4004 348 62 Stückchen
2310 4003 101 61 auf
2420 4037 76 8 —
2510 4001 349 72 Krankheit,
