3204 4665
721 432 165 61 Rene
910 422 301 66 Schickele
1253 455 13 12 •
1308 417 123 62 Wie
1458 414 238 61 verhält
1721 435 61 35 es
1811 408 122 61 sich
1963 411 109 54 mit
2102 404 137 59 dem
2268 388 598 86 Expressionismus?

558 433 122 64 338

563 623 334 64 zweifelten
935 616 122 64 und
1087 614 187 61 daher
1303 607 363 64 fanatischen
1694 599 376 64 Nachfahren
2101 596 57 57 in
2190 595 174 56 einen
2395 582 474 83 geometrischen

568 704 246 63 Fimmel
857 707 322 54 ausartete.

647 801 138 62 Wie
813 793 329 65 verhielten
1171 792 104 58 wir
1303 809 112 38 uns
1444 779 201 65 dazu?
1696 776 132 63 Wir
1858 781 259 53 nannten
2139 769 248 58 Picasso
2420 784 171 38 einen
2618 761 224 56 liebens-

569 892 224 52 werten
836 873 286 65 Künstler
1162 868 125 62 und
1330 875 213 69 sagten
1586 883 127 47 aus,
1757 854 120 62 daß
1922 849 338 63 Sternheim
2291 844 195 61 Genie
2530 844 178 64 habe,
2752 844 125 50 und

573 966 119 59 den
715 958 299 63 Marinetti
1044 959 202 55 müsse
1275 972 136 37 man
1440 943 232 80 gesehn
1702 938 218 68 haben,
1952 957 97 35 um
2073 954 71 36 zu
2168 948 324 48 ermessen,
2521 945 73 36 zu
2615 941 92 39 we
2733 939 144 37 cen

572 1038 367 79 Triumphen
979 1058 64 37 er
1070 1033 241 75 Maggis
1340 1018 462 85 Suppenwürfel
1844 1013 122 62 und
1998 1009 168 63 Odol
2210 1005 240 80 geführt
2489 1002 185 59 hatte.
2738 1000 141 57 Und

574 1122 224 63 hielten
849 1140 111 39 uns
1011 1115 119 60 den
1181 1104 541 67 Mückenschwarm
1776 1119 138 37 vom
1965 1093 168 69 Leib,
2185 1089 108 59 der
2343 1085 168 60 diese
2562 1085 319 56 schönsten

577 1203 143 61 aller
761 1198 253 62 Leichen
1054 1193 395 62 verfinsterte.

656 1297 138 62 Wie
838 1295 146 60 aber
1023 1288 229 64 verhält
1294 1307 68 38 es
1404 1281 120 62 sich
1569 1301 119 37 nun
1731 1275 104 59 mit
1879 1270 138 60 dem
2061 1263 580 80 Expressionismus.

662 1394 79 61 Es
784 1395 95 68 ist,
922 1411 109 38 vor
1075 1396 151 50 etwa
1270 1380 151 61 zehn
1449 1376 239 77 Jahren,
1730 1394 72 36 zu
1847 1371 165 57 einer
2041 1359 333 80 doppelten
2403 1352 254 63 Revolte
2686 1372 201 55 gegen

581 1477 119 60 den
746 1469 435 64 Naturalismus
1241 1458 123 63 und
1406 1457 118 61 den
1567 1451 465 62 Ästhetizismus
2086 1442 378 80 gekommen,
2519 1438 100 55 die
2660 1438 227 52 damals

584 1557 398 61 unbestritten
1011 1543 362 69 herrschten,
1404 1540 110 58 das
1542 1537 104 59 hat
1674 1555 135 37 man
1839 1531 118 58 den
1989 1522 326 63 deutschen
2338 1519 554 75 Expressionismus

587 1644 283 65 genannt.
935 1630 203 61 Daran
1169 1623 217 69 haben,
1430 1622 79 56 im
1541 1612 264 78 Gefolge
1835 1629 248 40 unseres
2113 1601 232 80 großen
2375 1599 282 59 Heinrich
2688 1593 204 69 Mann,

588 1711 360 83 mitgewirkt
990 1709 152 61 Kurt
1184 1702 192 61 Hiller
1414 1701 113 58 wie
1553 1691 287 67 Wilhelm
1884 1688 264 74 Herzog,
2193 1676 322 66 Edschmid
2554 1697 113 37 wie
2701 1672 156 59 Leon-

588 1797 151 61 hard
769 1791 209 71 Frank,
1017 1783 338 67 Sternheim
1384 1783 114 56 wie
1527 1777 190 69 Bonn,
1755 1768 228 64 Doblm
2013 1789 112 36 wie
2158 1762 213 75 Georg
2399 1758 234 69 Kaisei,
2671 1754 227 59 Becher

589 1880 113 58 wie
743 1870 249 71 Werfel,
1035 1862 404 66 Wolfenstein
1481 1860 113 58 wie
1637 1852 285 69 Rubiner,
1974 1843 199 62 Kafka
2213 1863 111 39 wie
2367 1837 181 71 Brod,
2602 1837 124 56 und
2774 1852 126 38 was

593 1956 149 61 mich
774 1952 264 75 anlangt,
1070 1970 69 37 so
1169 1966 138 51 war,
1339 1941 87 60 als
1456 1940 158 57 mein
1645 1944 187 50 erster
1853 1930 233 59 Roman
2112 1922 160 75 „Der
2295 1917 254 62 Fremde
2614 1912 288 67 erschien,

595 2040 109 58 der
732 2031 553 76 Expressionismus
1316 2020 150 63 noch
1498 2041 107 55 gar
1631 2013 157 61 nicht
1818 2007 308 65 erfunden.
2187 2002 113 61 Als
2331 2024 64 36 er
2426 2021 93 37 ein
2550 2017 145 56 paar
2722 1996 181 73 Jahre

597 2124 203 71 später
854 2135 106 37 ans
1011 2102 344 79 Tageslicht
1404 2101 156 70 kam,
1612 2095 167 61 holte
1830 2090 186 61 Franz
2065 2082 287 63 Pfemfert
2402 2078 109 60 das
2562 2096 171 39 unter
2784 2072 118 58 den

598 2196 333 62 Fußtritten
974 2190 109 61 der
1122 2185 194 63 Kritik
1357 2191 172 50 unter
1571 2176 118 60 den
1720 2170 174 63 Tisch
1941 2164 349 82 gesunkene
2319 2158 160 61 Buch
2524 2156 214 61 hervor
2780 2156 126 54 und

598 2278 249 62 druckte
893 2297 65 36 es
1002 2270 151 61 noch
1193 2262 214 66 einmal
1437 2265 58 56 in
1525 2258 108 60 der
1665 2253 327 77 „Aktion“.
2050 2246 80 62 Es
2158 2266 121 39 war
2308 2241 98 59 die
2437 2248 144 69 gute
2610 2238 118 57 alte
2757 2238 151 53 Zeit.

683 2385 169 65 Noch
896 2406 121 38 war
1061 2382 97 59 die
1203 2370 372 69 Grammatik
1614 2368 177 59 keine
1834 2355 517 69 Scherbenküche,
2404 2374 136 37 man
2591 2344 159 64 stieß
2802 2366 109 36 nur

605 2493 153 49 ganz
786 2462 325 66 vereinzelt
1139 2459 101 61 auf
1269 2460 94 56 ein
1393 2452 136 62 Bild
1558 2449 150 61 oder
1739 2449 94 57 ein
1865 2440 278 70 Gedicht,
2176 2438 97 59 die
2305 2432 120 63 sich
2455 2431 158 61 ohne
2637 2427 270 61 Schauen

606 2553 93 60 für
741 2549 125 61 ihre
897 2544 283 78 Eigenart
1222 2537 98 62 auf
1363 2534 119 60 den
1510 2528 169 78 Kopf
1721 2524 212 63 stellen
1979 2519 217 62 heßen.
2262 2515 175 60 Dann
2482 2511 145 60 aber
2670 2507 241 60 dienten

607 2634 89 59 sie
734 2634 172 63 dazu,
950 2627 100 57 die
1081 2620 291 61 frommen
1404 2612 276 60 Helenen
1708 2631 73 36 zu
1809 2601 308 69 verulken,
2163 2598 99 58 die
2294 2592 274 63 entzückt
2597 2592 98 56 die
2726 2592 190 54 Kröte

611 2709 361 69 schluckten,
1012 2697 329 85 gleichviel,
1377 2697 112 58 wie
1520 2695 87 57 sie
1638 2689 180 60 ihnen
1848 2680 381 80 eingegeben
2257 2674 223 63 wurde.
2505 2755 12 13 _
2544 2670 371 60 Lehmbruck

611 2791 125 62 und
777 2787 287 63 Kirchner
1108 2782 332 61 arbeiteten
1484 2773 133 60 hart
1656 2792 109 38 vor
1809 2764 119 62 sich
1972 2763 120 71 hm,
2136 2758 159 62 ohne
2338 2752 120 63 daß
2498 2747 242 83 jemand
2768 2747 114 59 Auf-

612 2873 233 61 hebens
887 2891 122 37 von
1052 2863 176 61 ihnen
1273 2853 274 81 gemacht
1583 2852 184 68 hätte,
1811 2844 273 62 Meidner
2110 2835 312 65 verkaufte
2451 2857 57 35 m
2539 2829 216 78 Jahren
2783 2829 134 56 kein

614 2952 155 62 Bild.
846 2948 140 62 Von
1029 2940 269 64 Däubler
1340 2937 175 59 hörte
1560 2954 153 49 man,
1759 2952 65 37 er
1865 2926 203 60 könne
2110 2919 249 61 Florenz
2400 2915 158 58 nicht
2596 2915 325 60 verlassen,

616 3031 133 63 weil
794 3053 63 37 er
899 3028 139 60 dem
1087 3023 226 61 braven
1367 3017 156 59 alten
1566 3012 222 76 Signor
1830 3000 408 80 Reininghaus
2287 2996 150 61 über
2487 2991 260 61 hundert
2789 2991 132 55 Lire

619 3111 278 77 schuldig
939 3109 106 60 sei.
1130 3103 80 60 Es
1252 3121 122 39 war
1418 3097 99 59 die
1561 3103 144 69 gute
1748 3089 117 60 alte
1909 3085 146 61 Zeit.

701 3207 115 62 Als
866 3206 99 60 die
1017 3201 160 61 oben
1231 3198 105 59 mit
1396 3194 239 74 einigen
1687 3183 183 77 (nicht
1929 3179 154 62 allen
2139 3169 339 79 wichtigen)
2530 3168 232 59 Namen
2822 3165 72 56 be-

624 3288 303 64 zeichnete
951 3282 257 78 Gruppe
1332 3274 181 60 ihnen
1543 3292 132 38 zum
1698 3266 165 71 Tort,
1895 3260 156 63 nicht
2079 3281 132 38 zum
2238 3250 303 65 Gefallen.
2680 3269 74 36 au

625 3370 232 61 Namen
889 3361 550 80 Expressionismus
1484 3348 232 81 getauft
1754 3342 226 71 wurde,
2022 3361 119 39 war
2182 3334 146 71 klar,
2371 3353 123 38 was
2524 3352 89 38 sie
2639 3329 291 64 verband,

628 3450 125 61 und
805 3468 124 40 was
981 3446 105 58 mit
1136 3440 138 59 dem
1324 3433 176 62 Wort
1547 3431 269 76 gemeint
1865 3446 138 37 war.
2087 3415 150 63 Hier
2287 3410 280 82 geschah,
2627 3409 146 57 nach
2825 3409 110 52 der

629 3535 204 58 reinen
893 3521 450 74 Beschreibung
1401 3514 112 60 des
1565 3507 449 66 Naturalismus,
2083 3497 143 62 nach
2296 3497 108 58 der

630 3608 324 69 pflegtheit
1003 3605 108 59 der
1162 3596 327 66 deutschen
1531 3591 415 59 Parnassiens:
1999 3581 107 59 der
2148 3577 222 62 Schrei.
2451 3572 209 59 Nichts
2712 3572 222 53 konnte

634 3696 175 59 einen
884 3688 253 60 bessern
1214 3675 231 81 Begriff
1524 3672 198 60 davon
1801 3666 220 78 geben,
2105 3662 113 57 wie
2296 3657 111 59 das
2484 3675 70 38 so
2632 3648 304 58 benannte

633 3772 137 63 Bild
854 3791 120 38 von
1052 3761 235 63 Munch.
1407 3755 141 62 Man
1632 3772 121 40 war
1835 3739 372 82 unglücklich
2294 3761 77 37 im
2451 3725 296 66 Zwielicht
2830 3722 113 59 der

638 3854 148 72 Zeit,
847 3871 136 38 man
1040 3842 201 64 wollte
1299 3840 218 59 heraus
1576 3855 107 37 aus
1734 3828 109 61 der
1900 3835 106 50 mit
2046 3821 161 61 Herz
2257 3815 123 63 und
2423 3809 182 64 Hand
2656 3804 252 80 Jobbern-

638 3935 120 60 den
828 3926 388 80 Umgebung.
1325 3918 239 60 Heraus
1656 3932 106 38 aus
1849 3907 120 60 den
2047 3893 493 69 Mihtarmusiken
2624 3890 124 56 und
2834 3890 111 54 der

638 4010 341 66 häuslichen
1030 4003 210 78 Pflege
1292 3998 110 61 des
1453 3995 274 69 Gemüts,
1793 4012 60 36 in
1917 3986 108 59 der
2087 3979 122 64 sich
2272 3978 101 60 die
2436 3972 201 61 Bestie
2704 3989 69 39 so
2837 3988 42 55 g
