3204 4634
997 464 184 61 Ernst
1219 461 260 61 Barlach
1544 494 13 14 •
1619 459 118 61 Die
1778 458 198 59 echten
2020 454 382 61 Sedemunds

547 467 119 59 370

551 658 410 62 Lemmchen
1016 657 102 75 (zu
1171 654 257 73 Grude):
1480 652 139 61 Wie
1670 651 278 61 kommen
2000 647 103 61 Sie
2152 671 73 36 zu
2275 646 139 61 dem
2458 642 141 73 Fell,
2644 644 211 74 zeigen

632 741 102 61 Sie
778 738 116 61 mal
936 738 99 60 die
1078 736 214 61 Pfoten
1334 757 127 38 vor.

555 836 241 61 Grude
842 836 190 75 (zeigt
1074 834 100 58 die
1218 830 278 76 Hände):
1541 827 98 61 Da
1681 826 168 61 klebt
1891 825 138 59 kein
2066 823 135 61 Blut
2230 822 166 70 dran,
2428 820 156 59 Herr
2612 817 205 61 Wacht-

633 919 259 69 meister,
956 914 122 60 und
1138 912 152 61 auch
1355 911 99 58 die
1506 908 382 74 Montierung
1936 928 120 36 von
2108 901 420 62 Manschetten
2579 900 94 58 bis
2724 920 132 35 zum

635 995 458 71 Mannshemde,
1146 991 232 64 sowohl
1427 1014 122 37 was
1593 987 265 61 sichtbar
1897 990 110 57 wie
2052 988 76 56 im
2170 982 437 75 Verborgenen
2654 977 204 60 Falten

635 1077 156 61 wirft
924 1075 149 60 alles
1102 1074 221 61 sauber
1351 1071 122 60 und
1503 1067 224 62 sonder
1755 1066 200 61 Fleck.
2021 1063 204 77 (Zieht
2254 1065 95 58 ein
2380 1061 217 76 Papier
2626 1058 231 70 hervor,

635 1156 350 80 gutmütig.)
1070 1155 98 61 Ich
1211 1154 120 61 hab
1370 1152 110 60 das
1519 1148 123 61 Fell
1680 1146 180 62 frisch
1896 1171 138 37 vom
2065 1148 237 67 Löwen,
2334 1162 338 55 sozusagen
2703 1138 157 60 noch

636 1263 179 37 warm
857 1235 387 80 weggekauft
1379 1231 188 62 sehen
1597 1228 129 63 Sie:
1759 1228 110 59 des
1900 1225 640 80 Menageriebesitzers
2579 1217 282 64 Candido

637 1317 250 63 Franchi
957 1339 277 56 grausam
1305 1307 639 80 unorthographische,
2013 1306 146 61 aber
2214 1303 161 61 doch
2429 1298 432 79 rechtsgültige

638 1400 305 75 Quittung
994 1397 91 60 für
1367 1416 94 49 na,
1515 1391 186 61 sehen
1753 1389 105 60 Sie
1908 1387 206 74 selbst,
2161 1385 94 61 ich
2297 1383 118 61 will
2458 1385 97 58 ein
2598 1378 231 64 Streich-

638 1479 135 62 holz
824 1476 305 62 anreißen.
1220 1472 263 79 (Zündet
1522 1471 126 74 an.)
1733 1469 149 59 Hier
1924 1467 198 60 haben
2164 1463 180 63 Sie’s:
2391 1462 179 61 heute
2613 1481 249 55 morgen

637 1571 108 63 tot,
800 1560 181 60 heute
1035 1560 210 72 mittag
1295 1551 351 80 abgebalgt,
1699 1550 179 59 heute
1930 1546 199 62 abend
2181 1549 157 55 mein
2512 1566 136 47 nun,
2691 1564 120 35 war
2836 1563 27 34 s

638 1641 166 61 nicht
858 1637 304 63 vielleicht
1221 1635 144 61 eher
1416 1636 96 59 ein
1564 1629 320 62 Karnickel
1935 1627 89 63 als
2075 1631 94 56 ein
2223 1625 206 77 König
2480 1623 109 60 der
2629 1621 234 70 Wüste,

638 1744 111 39 vor
792 1721 139 60 dem
975 1740 215 38 unsere
1233 1714 166 62 Welt
1444 1711 278 80 gewankt
1764 1709 148 61 hat?

560 1817 412 62 Lemmchen
1033 1814 183 76 (liest,
1280 1811 132 78 gibt
1477 1809 106 60 das
1634 1808 217 76 Papier
1901 1803 349 62 mechanich
2302 1800 240 71 zurück,
2594 1797 137 61 halb
2778 1796 91 60 für

642 1897 179 76 sich).
917 1894 125 60 Der
1093 1893 156 59 Herr
1300 1890 255 61 Senator
1606 1888 103 59 hat
1760 1883 390 62 mittlerweile
2199 1881 158 60 wohl
2408 1880 109 58 das
2560 1876 307 62 Protokoll

642 1982 59 55 in
744 1977 175 60 Form
962 1978 164 57 einer
1168 1971 293 77 Meldung
1503 1974 57 56 in
1606 1966 280 71 Händen,
1931 1966 110 59 das
2085 1960 307 64 Protokoll
2435 1964 77 56 ist
2547 1982 120 38 von
2697 1956 138 61 Gier-

642 2058 158 59 hahn
843 2054 448 62 unterzeichnet
1576 2048 119 75 (Zu
1741 2045 363 75 Gierhahn.)
2198 2043 147 72 Nee,
2392 2039 323 72 Gierhahn,
2762 2039 107 59 das

647 2143 201 74 gönne
908 2135 97 61 ich
1065 2134 182 60 Ihnen
1299 2131 183 72 nicht,
1535 2130 146 60 aber
1732 2128 119 59 den
1905 2125 219 61 Hailoh
2178 2124 203 58 hätten
2432 2119 104 61 Sie
2589 2144 95 36 um
2739 2142 69 36 so
2833 2142 36 35 n

645 2215 415 64 Hundedreck
1103 2213 165 62 nicht
1312 2211 254 61 machen
1609 2215 260 55 müssen.

566 2313 365 64 Gierhahn
976 2309 390 78 (stotternd):
1409 2307 200 61 Wenn
1661 2303 103 62 Sie
1817 2305 155 58 mein
2024 2300 230 61 kleines
2296 2302 198 75 wenig
2537 2297 192 61 Zutun
2772 2294 99 60 bei

647 2396 201 59 dieser
889 2392 198 61 Sache
1132 2413 69 39 so
1244 2389 247 76 wichtig
1533 2387 275 70 nehmen,
1855 2384 156 59 Herr
2052 2380 466 63 Wachtmeister
2561 2425 13 14 .
2623 2425 12 11 .
2682 2422 13 14 .

566 2490 442 63 Lemmchen:
1055 2485 324 68 Gierhahn,
1437 2482 198 79 gleich
1679 2482 227 60 kommt
1948 2478 100 61 die
2090 2477 357 61 Feuerwehr
2489 2473 383 79 angefahren,

647 2571 101 60 die
792 2592 189 55 ganze
1025 2562 601 66 Schutzmannschaft
1668 2565 77 57 ist
1788 2565 76 54 im
1894 2556 361 73 Anmarsch,
2287 2554 146 63 bloß
2471 2554 132 61 weil
2632 2553 102 61 Sie
2766 2553 110 59 das

650 2651 140 61 Tier
831 2648 271 79 gesehen
1146 2647 218 71 haben,
1409 2643 104 63 Sie
1557 2641 251 62 haben’s
1851 2648 236 70 gesagt,
2133 2637 103 62 Sie
2274 2637 198 60 haben
2503 2633 372 81 geschossen

650 2732 123 60 und
815 2730 103 62 Sie
956 2728 198 61 haben
1185 2723 435 82 geschwindelt
1755 2721 157 61 mich
1941 2718 440 62 beschwindelt
2410 2716 273 70 nämlich,
2716 2714 160 60 denn

650 2812 95 60 ich
790 2811 160 60 habe
994 2808 109 60 das
1149 2830 188 55 ganze
1381 2805 451 77 gegenwärtige
1875 2799 317 61 Publikum
2236 2802 81 55 im
2363 2796 278 62 Glauben
2686 2819 75 34 an
2789 2794 91 59 Ihr

652 2904 176 67 gutes
870 2891 177 61 Wort
1088 2910 335 53 sozusagen
1469 2887 286 57 arretiert.
1841 2879 217 79 (Zuckt
2100 2879 99 60 die
2241 2877 280 75 Achsel.)

574 2996 240 64 Grude
859 2996 102 75 (zu
1004 2991 421 75 Lemmchen):
1470 2989 144 62 Und
1649 2993 159 54 wäre
1847 2986 110 61 das
1995 2985 161 72 alles,
2198 2984 156 59 Herr
2390 2977 487 65 Wachtmeister!

654 3078 127 59 Ihre
825 3074 213 63 Ohren
1084 3074 196 59 haben
1327 3071 99 60 die
1470 3067 498 78 Beschuldigung
2009 3066 150 60 über
2201 3064 99 59 die
2344 3062 386 74 Bestechung
2772 3059 111 59 des

655 3156 372 63 städtischen
1077 3154 473 77 Wagemeisters
1602 3150 188 60 hören
1844 3155 259 64 müssen,
2148 3147 68 58 in
2267 3145 157 60 Ihrer
2476 3142 164 60 Nase
2692 3139 193 63 steckt

656 3238 108 59 der
821 3235 191 64 Stank
1060 3258 140 37 vom
1254 3229 498 63 Gierhahnschen
1806 3224 468 73 Kinderhandel,
2328 3224 125 59 ihre
2504 3221 221 78 Augen
2778 3219 70 59 be-

657 3318 270 62 merkten
983 3316 196 60 Herrn
1223 3313 348 62 Waldemar
1619 3309 386 62 Sedemunds
2056 3304 415 72 Bereitschaft,
2517 3302 157 61 noch
2720 3301 166 60 mehr

657 3399 435 75 beizubringen
1136 3395 123 61 und
1304 3394 110 60 das
1458 3415 190 54 ganze
1693 3393 306 58 arretierte
2041 3387 314 60 Publikum
2400 3385 102 60 hat
2524 3408 28 35 s
2597 3382 153 60 auch
2780 3381 70 60 be-

657 3479 244 80 griffen;
934 3479 146 60 aber
1108 3475 104 64 Sie
1243 3473 251 62 haben’s
1525 3475 104 57 mit
1658 3468 578 81 großherzoglichen
2268 3465 209 61 Ohren
2510 3464 122 59 und
2662 3462 222 77 Augen

660 3561 122 59 und
825 3560 107 59 mit
974 3558 109 59 der
1125 3554 321 63 amtlichen
1491 3551 165 61 Nase
1699 3573 321 56 genossen.

579 3664 435 63 Lemmchen:
1068 3662 99 60 Ich
1218 3659 200 63 wüßte
1470 3655 167 63 nicht
1684 3678 72 37 zu
1811 3657 293 70 erinnern,
2157 3650 122 63 daß
2330 3649 104 62 Sie
2479 3647 409 80 gegenwärtig

660 3768 281 56 gewesen
981 3748 216 56 wären.

581 3842 144 62 Der
768 3842 140 60 alte
951 3837 439 65 Sedemund:
1433 3836 174 61 Aber
1649 3835 98 60 ich
1788 3856 122 39 war
1952 3832 200 61 dabei.

581 3940 365 62 Stimmen:
991 3937 97 61 Ich
1132 3936 172 73 auch,
1350 3935 94 61 ich
1487 3931 181 64 auch!

584 4035 435 62 Lemmchen:
1066 4031 172 64 Oho!
1282 4031 238 61 Wieso:
1566 4029 95 61 ich
1704 4028 170 71 auch,
1920 4026 96 61 ich
2061 4022 178 63 auch!
2324 4017 429 82 Vorgetreten!
