3204 4636
900 466 319 61 Ambroise
1263 461 251 63 Vollard
1568 494 14 14 ♦
1643 455 116 65 Ein
1802 454 236 62 Besuch
2084 453 94 59 bei
2217 453 285 58 Cezanne

550 470 121 61 344

555 656 136 72 den
744 654 258 72 braven
1039 649 210 73 Mann
1303 646 134 72 mal
1487 657 199 60 unter
1719 644 257 70 meiner
2011 634 215 74 Hand
2260 632 253 83 haben,
2568 658 112 43 um
2715 628 140 71 ihm

556 752 137 71 den
743 747 383 95 gesunden,
1196 741 469 84 erhebenden,
1735 741 222 86 einzig
2023 731 334 91 richtigen
2409 724 258 97 Begriff
2715 752 137 45 von

556 849 125 71 der
730 842 474 92 Entwicklung
1255 840 123 72 der
1411 837 227 74 Kunst
1690 830 215 76 durch
1957 830 114 71 die
2104 826 407 93 Berührung
2560 827 123 67 mit
2734 820 126 72 der

557 944 214 71 Natur
819 939 516 90 beizubringen.
1451 934 145 71 Der
1647 926 413 93 Kernpunkt
2126 929 108 79 ist,
2305 919 358 95 begreifen
2716 916 140 83 Sie,

557 1042 183 71 Herr
787 1035 315 84 Vollard,
1171 1034 250 71 heraus
1474 1057 122 44 aus
1650 1027 124 72 der
1825 1021 273 87 Schule,
2169 1048 123 45 aus
2343 1018 190 92 jeder
2584 1014 273 75 Schule.

556 1137 297 83 Pissaro,
909 1132 123 72 der
1065 1129 230 74 wußte
1332 1123 361 76 Bescheid.
1782 1118 360 74 Immerhin
2184 1122 168 89 ging
2386 1142 74 45 er
2494 1118 111 67 ein
2638 1114 226 88 wenig

555 1262 82 43 zu
688 1236 179 79 weit,
908 1230 100 71 als
1060 1256 74 44 er
1185 1237 217 80 sagte,
1449 1249 157 44 man
1660 1215 237 74 müßte
1948 1215 131 72 alle
2128 1211 560 75 Leichenstätten
2740 1204 127 73 der

559 1330 229 71 Kunst
838 1324 616 75 niederbrennen.“

656 1441 228 73 Etwas
952 1441 237 90 später
1253 1443 257 62 nannte
1578 1456 159 44 man
1806 1425 137 73 den
2014 1423 271 72 Namen
2353 1423 189 68 eines
2610 1423 252 85 jungen

557 1538 230 80 Aixer,
860 1533 122 73 der
1032 1527 295 76 kürzlich
1388 1531 67 67 in
1510 1526 189 71 Paris
1752 1521 138 73 den
1943 1519 278 73 Doktor
2277 1513 325 95 gemacht
2649 1510 213 73 hatte.

560 1635 132 82 Da,
745 1660 116 43 um
914 1630 115 71 die
1081 1625 207 76 Stadt
1336 1622 137 74 Aix
1529 1650 82 43 zu
1662 1623 299 89 preisen,
2024 1613 142 74 und
2229 1611 174 73 auch
2461 1637 175 65 ganz
2685 1606 179 82 froh,

561 1745 211 58 etwas
824 1757 81 43 so
956 1753 175 65 ganz
1175 1720 295 75 Banales
1520 1747 84 44 zu
1655 1744 214 65 sagen
1920 1711 255 83 haben,
2231 1707 141 74 daß
2410 1706 200 93 jeder
2644 1703 223 73 Kritik

562 1822 484 94 entschlüpfte,
1098 1818 376 73 verlautete
1525 1811 109 75 ich
1686 1811 139 73 den
1862 1806 417 83 Gedanken,
2334 1801 141 75 daß
2509 1801 136 73 Aix
2695 1799 174 72 stolz

565 1921 243 75 darauf
858 1923 148 69 sein
1058 1917 252 82 könne,
1384 1917 201 67 einen
1652 1907 443 91 zukünftigen
2149 1900 379 77 Gelehrten
2589 1895 115 74 auf
2756 1895 113 73 die

561 2018 188 73 Welt
797 2012 339 98 gebracht
1201 2040 83 43 zu
1351 2007 255 74 haben.
1727 2003 179 74 Herr
1959 2001 326 73 Cezanne
2337 1994 196 75 Sohn
2596 1990 274 74 machte

564 2121 127 68 mir
740 2119 111 66 ein
902 2109 318 75 Zeichen.
1322 2104 113 74 Ich
1484 2102 230 74 wollte
1766 2106 91 66 im
1906 2095 443 96 Augenblick
2400 2088 187 75 nicht
2640 2092 234 69 weiter

566 2210 244 75 darauf
868 2206 361 93 eingehen,
1302 2203 168 72 aber
1535 2228 162 44 vom
1747 2195 207 75 Tisch
2023 2189 524 96 aufgestanden,
2617 2185 252 72 bekam

566 2308 108 74 ich
743 2305 114 73 die
910 2303 380 89 Erklärung
1356 2326 116 44 zur
1523 2295 247 74 Geste:
1849 2291 229 86 „Mein
2127 2288 285 81 Vater“,
2483 2294 195 79 sagte
2747 2281 126 70 der

561 2412 212 85 junge
825 2402 233 81 Mann,
1120 2393 499 89 „verabscheut
1686 2391 115 71 die
1853 2387 409 81 Gelehrten;
2333 2411 72 43 er
2456 2384 232 76 meint,
2762 2382 108 67 ein

570 2482 367 93 Gelehrter
988 2502 89 66 ist
1128 2492 215 74 soviel
1392 2496 128 66 wie
1573 2492 108 69 ein
1732 2485 428 73 Professor.“

665 2612 168 73 Zum
902 2608 231 75 Glück
1201 2604 122 74 sah
1396 2631 158 44 man
1625 2600 243 72 diesen
1919 2594 264 76 Abend
2249 2591 235 74 weder
2542 2586 332 75 Gelehrte

570 2708 180 75 noch
805 2706 479 83 Professoren,
1352 2728 80 45 so
1502 2695 142 75 daß
1705 2695 166 73 alles
1923 2699 67 67 in
2043 2692 236 72 bester
2330 2685 351 90 Ordnung
2729 2711 110 44 ver-

569 2806 136 72 lief.
830 2798 360 78 Während
1266 2796 127 72 des
1469 2794 249 73 Restes
1797 2791 124 72 der
1989 2787 326 73 Mahlzeit
2389 2779 249 97 sprach
2715 2807 160 43 man

570 2899 314 76 friedlich
957 2925 139 45 von
1173 2892 287 75 Malerei
1535 2888 141 73 und
1754 2887 335 73 Literatur
2161 2887 256 67 weiter.
2551 2876 325 72 Cezanne

571 2999 441 74 schmetterte
1064 2998 189 68 seine
1305 2990 497 91 Begeisterung
1867 2982 106 73 für
2024 2979 315 74 Courbet
2389 2975 270 84 heraus,
2718 2971 120 86 „ab-

571 3094 306 95 gesehen
929 3092 253 80 davon,
1253 3084 143 75 daß
1463 3112 74 44 er
1586 3089 91 66 im
1728 3078 375 76 Ausdruck
2152 3081 110 68 ein
2311 3075 225 90 wenig
2586 3069 249 73 schwer-

573 3192 190 93 fällig
837 3194 150 68 ist“.
1139 3183 110 74 Ich
1328 3178 249 96 sprach
1658 3207 140 43 von
1878 3175 357 83 Verlaine;
2338 3180 168 60 statt
2589 3170 127 69 mir
2798 3193 80 43 zu

575 3299 407 71 antworten,
1039 3295 197 80 sagte
1286 3307 94 55 er,
1435 3276 143 73 sich
1632 3272 381 84 erhebend,
2069 3269 114 73 die
2239 3266 220 72 Verse
2509 3262 151 73 her:

871 3475 146 65 Und
1053 3473 181 78 weißt
1274 3473 81 58 du
1401 3470 148 60 noch
1592 3468 112 59 das
1747 3466 186 76 Ding,
1978 3465 159 58 mein
2179 3459 184 68 Herz,
2408 3456 114 61 das
2565 3455 229 61 neulich

962 3555 122 62 Wir
1120 3555 159 60 sahn
1324 3556 82 56 im
1448 3548 193 78 süßen
1681 3546 414 75 Sommertag;

554 3647 8 17 '
866 3638 103 61 Wo
1013 3658 182 39 unser
1220 3631 140 77 Weg
1399 3631 211 75 abbog,
1656 3634 96 54 ein
1794 3626 154 68 Aas,
1991 3620 388 67 abscheulich,

1382 3716 135 61 Das
1741 3714 116 79 auf
2041 3714 136 58 dem
2400 3709 147 62 Kies
2770 3708 108 78 geb

868 3799 120 60 Die
1506 3795 185 61 Beine
1966 3799 62 55 in
2175 3791 97 60 die
1498 3789 185 62 Höh:

962 3878 69 59 In
1075 3875 333 61 Liebeswut
1434 3870 132 61 und
1599 3869 118 79 gift
1732 3889 137 57 gem
1914 3861 296 79 Schweiß,

1185 3958 238 80 Spreizt
1737 3979 64 37 es
1248 3958 113 56 wie
2254 3948 583 64 selbstverständlich

964 4038 128 61 Von
1138 4038 180 59 bösen
1361 4034 277 61 Dünsten
1680 4029 130 61 voll
1848 4028 132 61 und
2015 4024 144 77 heiß
2202 4068 132 14 ...
