<?xml version="1.0" encoding="UTF-8"?>
<alto xmlns:xsi="http://www.w3.org/2001/XMLSchema-instance" xmlns="http://www.loc.gov/standards/alto/ns-v2#" xsi:schemaLocation="http://www.loc.gov/standards/alto/ns-v2# http://www.loc.gov/standards/alto/v2/alto-2-0.xsd" xmlns:xlink="http://www.w3.org/1999/xlink">
	<Description>
		<MeasurementUnit>mm10</MeasurementUnit>
		<sourceImageInformation>
			<fileName>./bmtnabr_1920-08_01_0039.jp2</fileName>
		</sourceImageInformation>
		<OCRProcessing ID="OCRPROCESSING_1">
			<preProcessingStep>
				<processingSoftware>
					<softwareCreator>CCS Content Conversion Specialists GmbH, Germany</softwareCreator>
					<softwareName>CCS docWorks</softwareName>
					<softwareVersion>6.8-1.27</softwareVersion>
				</processingSoftware>
			</preProcessingStep>
			<ocrProcessingStep>
				<processingSoftware>
					<softwareCreator>ABBYY (BIT Software), Russia</softwareCreator>
					<softwareName>FineReader</softwareName>
					<softwareVersion>11.0</softwareVersion>
				</processingSoftware>
			</ocrProcessingStep>
			<postProcessingStep>
				<processingSoftware>
					<softwareCreator>CCS Content Conversion Specialists GmbH, Germany</softwareCreator>
					<softwareName>CCS docWorks</softwareName>
					<softwareVersion>6.8-1.27</softwareVersion>
					<applicationDescription>docWorks: Text modified manually, or automatically replaced</applicationDescription>
				</processingSoftware>
			</postProcessingStep>
		</OCRProcessing>
	</Description>
	<Styles>
		<TextStyle ID="TXT_0" FONTSIZE="20" FONTFAMILY="Times New Roman" FONTSTYLE="bold italics"/>
		<TextStyle ID="TXT_1" FONTSIZE="12" FONTFAMILY="Times New Roman" FONTSTYLE="bold"/>
		<TextStyle ID="TXT_2" FONTSIZE="20" FONTFAMILY="Times New Roman"/>
		<TextStyle ID="TXT_3" FONTSIZE="23" FONTFAMILY="Times New Roman"/>
		<TextStyle ID="TXT_4" FONTSIZE="24" FONTFAMILY="Times New Roman"/>
		<TextStyle ID="TXT_5" FONTSIZE="18" FONTFAMILY="Times New Roman" FONTSTYLE="bold"/>
		<ParagraphStyle ID="PAR_RIGHT" ALIGN="Right"/>
		<ParagraphStyle ID="PAR_LEFT" ALIGN="Left"/>
	</Styles>
	<Layout>
		<Page ID="P39" PHYSICAL_IMG_NR="39" HEIGHT="4642" WIDTH="3204" PRINTED_IMG_NR="374" PC="0.962">
			<TopMargin ID="P39_TM00001" HPOS="0" VPOS="0" WIDTH="3204" HEIGHT="492">
				<TextBlock ID="P39_TB00001" HPOS="1010" VPOS="417" WIDTH="1418" HEIGHT="71" STYLEREFS="TXT_0 PAR_RIGHT">
					<TextLine ID="P39_TL00001" HPOS="1012" VPOS="418" WIDTH="1416" HEIGHT="70">
						<String ID="P39_ST00001" HPOS="1012" VPOS="429" WIDTH="184" HEIGHT="59" CONTENT="Ernst" WC="0.99" CC="00231"/>
						<SP ID="P39_SP00001" HPOS="1196" VPOS="488" WIDTH="42"/>
						<String ID="P39_ST00002" HPOS="1238" VPOS="426" WIDTH="256" HEIGHT="61" CONTENT="Barlach" WC="0.99" CC="4400100"/>
						<SP ID="P39_SP00002" HPOS="1494" VPOS="488" WIDTH="65"/>
						<String ID="P39_ST00003" HPOS="1559" VPOS="459" WIDTH="14" HEIGHT="13" CONTENT="•" WC="0.64" CC="3" STYLEREFS="TXT_1"/>
						<SP ID="P39_SP00003" HPOS="1573" VPOS="488" WIDTH="61"/>
						<String ID="P39_ST00004" HPOS="1634" VPOS="424" WIDTH="120" HEIGHT="61" CONTENT="Die" WC="1.00" CC="000"/>
						<SP ID="P39_SP00004" HPOS="1754" VPOS="488" WIDTH="40"/>
						<String ID="P39_ST00005" HPOS="1794" VPOS="423" WIDTH="203" HEIGHT="59" CONTENT="echten" WC="0.98" CC="223052"/>
						<SP ID="P39_SP00005" HPOS="1997" VPOS="488" WIDTH="44"/>
						<String ID="P39_ST00006" HPOS="2041" VPOS="418" WIDTH="387" HEIGHT="63" CONTENT="Sedemunds" WC="0.82" CC="232006100"/>
					</TextLine>
				</TextBlock>
				<TextBlock ID="P39_TB00002" HPOS="560" VPOS="432" WIDTH="118" HEIGHT="58" STYLEREFS="TXT_2 PAR_LEFT">
					<TextLine ID="P39_TL00002" HPOS="560" VPOS="432" WIDTH="118" HEIGHT="58">
						<String ID="P39_ST00007" HPOS="560" VPOS="432" WIDTH="118" HEIGHT="58" CONTENT="374" WC="1.00" CC="000"/>
					</TextLine>
				</TextBlock>
			</TopMargin>
			<LeftMargin ID="P39_LM00001" HPOS="0" VPOS="492" WIDTH="560" HEIGHT="3575"/>
			<RightMargin ID="P39_RM00001" HPOS="2904" VPOS="492" WIDTH="300" HEIGHT="3575"/>
			<BottomMargin ID="P39_BM00001" HPOS="0" VPOS="4067" WIDTH="3204" HEIGHT="575"/>
			<PrintSpace ID="P39_PS00001" HPOS="560" VPOS="492" WIDTH="2344" HEIGHT="3575">
				<TextBlock ID="P39_TB00003" HPOS="563" VPOS="608" WIDTH="2341" HEIGHT="3459" STYLEREFS="TXT_3 PAR_LEFT">
					<TextLine ID="P39_TL00003" HPOS="565" VPOS="609" WIDTH="2314" HEIGHT="90">
						<String ID="P39_ST00008" HPOS="565" VPOS="623" WIDTH="145" HEIGHT="61" CONTENT="Der" WC="0.98" CC="400"/>
						<SP ID="P39_SP00006" HPOS="710" VPOS="684" WIDTH="40"/>
						<String ID="P39_ST00009" HPOS="750" VPOS="626" WIDTH="216" HEIGHT="73" CONTENT="junge" WC="0.97" CC="44370"/>
						<SP ID="P39_SP00007" HPOS="966" VPOS="699" WIDTH="43"/>
						<String ID="P39_ST00010" HPOS="1009" VPOS="619" WIDTH="440" HEIGHT="64" CONTENT="Sedemund:" WC="0.69" CC="003304662"/>
						<SP ID="P39_SP00008" HPOS="1449" VPOS="699" WIDTH="47"/>
						<String ID="P39_ST00011" HPOS="1496" VPOS="617" WIDTH="77" HEIGHT="62" CONTENT="Es" WC="0.76" CC="40"/>
						<SP ID="P39_SP00009" HPOS="1573" VPOS="699" WIDTH="52"/>
						<String ID="P39_ST00012" HPOS="1625" VPOS="617" WIDTH="113" HEIGHT="62" CONTENT="soll" WC="0.99" CC="0050"/>
						<SP ID="P39_SP00010" HPOS="1738" VPOS="699" WIDTH="50"/>
						<String ID="P39_ST00013" HPOS="1788" VPOS="640" WIDTH="119" HEIGHT="37" CONTENT="von" WC="0.98" CC="004"/>
						<SP ID="P39_SP00011" HPOS="1907" VPOS="699" WIDTH="46"/>
						<String ID="P39_ST00014" HPOS="1953" VPOS="614" WIDTH="182" HEIGHT="60" CONTENT="heute" WC="0.98" CC="70340"/>
						<SP ID="P39_SP00012" HPOS="2135" VPOS="699" WIDTH="44"/>
						<String ID="P39_ST00015" HPOS="2179" VPOS="637" WIDTH="72" HEIGHT="36" CONTENT="an" WC="0.82" CC="03"/>
						<SP ID="P39_SP00013" HPOS="2251" VPOS="699" WIDTH="54"/>
						<String ID="P39_ST00016" HPOS="2305" VPOS="609" WIDTH="245" HEIGHT="63" CONTENT="heißen:" WC="0.99" CC="4750010"/>
						<SP ID="P39_SP00014" HPOS="2550" VPOS="699" WIDTH="46"/>
						<String ID="P39_ST00017" HPOS="2596" VPOS="609" WIDTH="107" HEIGHT="59" CONTENT="der" WC="0.99" CC="003"/>
						<SP ID="P39_SP00015" HPOS="2703" VPOS="699" WIDTH="45"/>
						<String ID="P39_ST00018" HPOS="2748" VPOS="611" WIDTH="131" HEIGHT="55" CONTENT="eine" WC="1.00" CC="0100"/>
					</TextLine>
					<TextLine ID="P39_TL00004" HPOS="669" VPOS="689" WIDTH="1972" HEIGHT="83">
						<String ID="P39_ST00019" HPOS="669" VPOS="702" WIDTH="350" HEIGHT="64" CONTENT="Sedemund" WC="0.85" CC="30003400"/>
						<SP ID="P39_SP00016" HPOS="1019" VPOS="766" WIDTH="44"/>
						<String ID="P39_ST00020" HPOS="1063" VPOS="702" WIDTH="122" HEIGHT="60" CONTENT="und" WC="1.00" CC="000"/>
						<SP ID="P39_SP00017" HPOS="1185" VPOS="766" WIDTH="43"/>
						<String ID="P39_ST00021" HPOS="1228" VPOS="699" WIDTH="108" HEIGHT="61" CONTENT="der" WC="1.00" CC="000"/>
						<SP ID="P39_SP00018" HPOS="1336" VPOS="766" WIDTH="42"/>
						<String ID="P39_ST00022" HPOS="1378" VPOS="699" WIDTH="241" HEIGHT="73" CONTENT="andere," WC="0.99" CC="0390000"/>
						<SP ID="P39_SP00019" HPOS="1619" VPOS="772" WIDTH="44"/>
						<String ID="P39_ST00023" HPOS="1663" VPOS="697" WIDTH="195" HEIGHT="61" CONTENT="nichts" WC="1.00" CC="030000"/>
						<SP ID="P39_SP00020" HPOS="1858" VPOS="772" WIDTH="40"/>
						<String ID="P39_ST00024" HPOS="1898" VPOS="719" WIDTH="120" HEIGHT="36" CONTENT="von" WC="0.97" CC="006"/>
						<SP ID="P39_SP00021" HPOS="2018" VPOS="772" WIDTH="42"/>
						<String ID="P39_ST00025" HPOS="2060" VPOS="694" WIDTH="189" HEIGHT="61" CONTENT="Vater" WC="1.00" CC="00003"/>
						<SP ID="P39_SP00022" HPOS="2249" VPOS="772" WIDTH="40"/>
						<String ID="P39_ST00026" HPOS="2289" VPOS="692" WIDTH="124" HEIGHT="61" CONTENT="und" WC="0.98" CC="400"/>
						<SP ID="P39_SP00023" HPOS="2413" VPOS="772" WIDTH="40"/>
						<String ID="P39_ST00027" HPOS="2453" VPOS="689" WIDTH="188" HEIGHT="63" CONTENT="Sohn." WC="0.99" CC="40002"/>
					</TextLine>
					<TextLine ID="P39_TL00005" HPOS="566" VPOS="785" WIDTH="2319" HEIGHT="87">
						<String ID="P39_ST00028" HPOS="566" VPOS="806" WIDTH="133" HEIGHT="60" CONTENT="Der" WC="0.99" CC="300"/>
						<SP ID="P39_SP00024" HPOS="699" VPOS="866" WIDTH="50"/>
						<String ID="P39_ST00029" HPOS="749" VPOS="805" WIDTH="145" HEIGHT="60" CONTENT="alte" WC="0.99" CC="0300"/>
						<SP ID="P39_SP00025" HPOS="894" VPOS="866" WIDTH="52"/>
						<String ID="P39_ST00030" HPOS="946" VPOS="795" WIDTH="439" HEIGHT="64" CONTENT="Sedemund;" WC="0.84" CC="100004007"/>
						<SP ID="P39_SP00026" HPOS="1385" VPOS="866" WIDTH="52"/>
						<String ID="P39_ST00031" HPOS="1437" VPOS="795" WIDTH="162" HEIGHT="77" CONTENT="Weg" WC="0.95" CC="607"/>
						<SP ID="P39_SP00027" HPOS="1599" VPOS="872" WIDTH="50"/>
						<String ID="P39_ST00032" HPOS="1649" VPOS="791" WIDTH="212" HEIGHT="63" CONTENT="damit!" WC="0.99" CC="005406"/>
						<SP ID="P39_SP00028" HPOS="1861" VPOS="872" WIDTH="87"/>
						<String ID="P39_ST00033" HPOS="1948" VPOS="791" WIDTH="199" HEIGHT="60" CONTENT="Meine" WC="0.99" CC="10530"/>
						<SP ID="P39_SP00029" HPOS="2147" VPOS="872" WIDTH="50"/>
						<String ID="P39_ST00034" HPOS="2197" VPOS="786" WIDTH="428" HEIGHT="65" CONTENT="Väterlichkeit" WC="1.00" CC="0200052000050"/>
						<SP ID="P39_SP00030" HPOS="2625" VPOS="872" WIDTH="56"/>
						<String ID="P39_ST00035" HPOS="2681" VPOS="787" WIDTH="57" HEIGHT="57" CONTENT="in" WC="0.69" CC="06"/>
						<SP ID="P39_SP00031" HPOS="2738" VPOS="872" WIDTH="56"/>
						<String ID="P39_ST00036" HPOS="2794" VPOS="785" WIDTH="91" HEIGHT="58" CONTENT="dir" WC="0.95" CC="056"/>
					</TextLine>
					<TextLine ID="P39_TL00006" HPOS="646" VPOS="865" WIDTH="2235" HEIGHT="90">
						<String ID="P39_ST00037" HPOS="646" VPOS="882" WIDTH="257" HEIGHT="64" CONTENT="verfault" WC="0.99" CC="00069350"/>
						<SP ID="P39_SP00032" HPOS="903" VPOS="946" WIDTH="52"/>
						<String ID="P39_ST00038" HPOS="955" VPOS="879" WIDTH="122" HEIGHT="60" CONTENT="und" WC="0.98" CC="410"/>
						<SP ID="P39_SP00033" HPOS="1077" VPOS="946" WIDTH="50"/>
						<String ID="P39_ST00039" HPOS="1127" VPOS="876" WIDTH="366" HEIGHT="79" CONTENT="verpfuscht." WC="1.00" CC="03206500002"/>
						<SP ID="P39_SP00034" HPOS="1493" VPOS="955" WIDTH="87"/>
						<String ID="P39_ST00040" HPOS="1580" VPOS="875" WIDTH="96" HEIGHT="59" CONTENT="Ich" WC="0.98" CC="600"/>
						<SP ID="P39_SP00035" HPOS="1676" VPOS="955" WIDTH="53"/>
						<String ID="P39_ST00041" HPOS="1729" VPOS="884" WIDTH="191" HEIGHT="50" CONTENT="setzte" WC="1.00" CC="040000"/>
						<SP ID="P39_SP00036" HPOS="1920" VPOS="955" WIDTH="51"/>
						<String ID="P39_ST00042" HPOS="1971" VPOS="871" WIDTH="179" HEIGHT="62" CONTENT="deine" WC="0.99" CC="00050"/>
						<SP ID="P39_SP00037" HPOS="2150" VPOS="955" WIDTH="43"/>
						<String ID="P39_ST00043" HPOS="2193" VPOS="871" WIDTH="222" HEIGHT="60" CONTENT="Mutter" WC="1.00" CC="000000"/>
						<SP ID="P39_SP00038" HPOS="2415" VPOS="955" WIDTH="42"/>
						<String ID="P39_ST00044" HPOS="2457" VPOS="871" WIDTH="92" HEIGHT="57" CONTENT="ins" WC="0.98" CC="320"/>
						<SP ID="P39_SP00039" HPOS="2549" VPOS="955" WIDTH="44"/>
						<String ID="P39_ST00045" HPOS="2593" VPOS="865" WIDTH="288" HEIGHT="68" CONTENT="Unrecht," WC="0.99" CC="46000024"/>
					</TextLine>
					<TextLine ID="P39_TL00007" HPOS="647" VPOS="945" WIDTH="2239" HEIGHT="81">
						<String ID="P39_ST00046" HPOS="647" VPOS="966" WIDTH="97" HEIGHT="60" CONTENT="ich" WC="1.00" CC="000"/>
						<SP ID="P39_SP00040" HPOS="744" VPOS="1026" WIDTH="52"/>
						<String ID="P39_ST00047" HPOS="796" VPOS="961" WIDTH="175" HEIGHT="62" CONTENT="nahm" WC="0.99" CC="4000"/>
						<SP ID="P39_SP00041" HPOS="971" VPOS="1026" WIDTH="65"/>
						<String ID="P39_ST00048" HPOS="1036" VPOS="959" WIDTH="90" HEIGHT="59" CONTENT="ihr" WC="0.99" CC="001"/>
						<SP ID="P39_SP00042" HPOS="1126" VPOS="1026" WIDTH="57"/>
						<String ID="P39_ST00049" HPOS="1183" VPOS="961" WIDTH="104" HEIGHT="57" CONTENT="mit" WC="0.98" CC="040"/>
						<SP ID="P39_SP00043" HPOS="1287" VPOS="1026" WIDTH="42"/>
						<String ID="P39_ST00050" HPOS="1329" VPOS="956" WIDTH="165" HEIGHT="61" CONTENT="Hilfe" WC="0.98" CC="01460"/>
						<SP ID="P39_SP00044" HPOS="1494" VPOS="1026" WIDTH="50"/>
						<String ID="P39_ST00051" HPOS="1544" VPOS="979" WIDTH="119" HEIGHT="37" CONTENT="von" WC="0.97" CC="024"/>
						<SP ID="P39_SP00045" HPOS="1663" VPOS="1026" WIDTH="45"/>
						<String ID="P39_ST00052" HPOS="1708" VPOS="952" WIDTH="316" HEIGHT="62" CONTENT="Professor" WC="0.99" CC="325600000"/>
						<SP ID="P39_SP00046" HPOS="2024" VPOS="1026" WIDTH="50"/>
						<String ID="P39_ST00053" HPOS="2074" VPOS="950" WIDTH="471" HEIGHT="61" CONTENT="Druckhammer" WC="1.00" CC="00100000001"/>
						<SP ID="P39_SP00047" HPOS="2545" VPOS="1026" WIDTH="42"/>
						<String ID="P39_ST00054" HPOS="2587" VPOS="946" WIDTH="110" HEIGHT="60" CONTENT="das" WC="1.00" CC="000"/>
						<SP ID="P39_SP00048" HPOS="2697" VPOS="1026" WIDTH="45"/>
						<String ID="P39_ST00055" HPOS="2742" VPOS="945" WIDTH="144" HEIGHT="59" CONTENT="Brot" WC="0.96" CC="5076"/>
					</TextLine>
					<TextLine ID="P39_TL00008" HPOS="651" VPOS="1026" WIDTH="2233" HEIGHT="91">
						<String ID="P39_ST00056" HPOS="651" VPOS="1046" WIDTH="108" HEIGHT="60" CONTENT="der" WC="1.00" CC="000"/>
						<SP ID="P39_SP00049" HPOS="759" VPOS="1106" WIDTH="29"/>
						<String ID="P39_ST00057" HPOS="788" VPOS="1037" WIDTH="653" HEIGHT="80" CONTENT="Selbstgerechtigkeit" WC="1.00" CC="3016000106000500001"/>
						<SP ID="P39_SP00050" HPOS="1441" VPOS="1117" WIDTH="27"/>
						<String ID="P39_ST00058" HPOS="1468" VPOS="1058" WIDTH="108" HEIGHT="38" CONTENT="aus" WC="0.97" CC="530"/>
						<SP ID="P39_SP00051" HPOS="1576" VPOS="1117" WIDTH="26"/>
						<String ID="P39_ST00059" HPOS="1602" VPOS="1035" WIDTH="120" HEIGHT="59" CONTENT="den" WC="0.99" CC="003"/>
						<SP ID="P39_SP00052" HPOS="1722" VPOS="1117" WIDTH="25"/>
						<String ID="P39_ST00060" HPOS="1747" VPOS="1032" WIDTH="262" HEIGHT="62" CONTENT="Händen" WC="0.99" CC="070006"/>
						<SP ID="P39_SP00053" HPOS="2009" VPOS="1117" WIDTH="30"/>
						<String ID="P39_ST00061" HPOS="2039" VPOS="1028" WIDTH="314" HEIGHT="80" CONTENT="undgab’s" WC="0.93" CC="13000000"/>
						<SP ID="P39_SP00054" HPOS="2353" VPOS="1117" WIDTH="30"/>
						<String ID="P39_ST00062" HPOS="2383" VPOS="1028" WIDTH="120" HEIGHT="60" CONTENT="den" WC="1.00" CC="000"/>
						<SP ID="P39_SP00055" HPOS="2503" VPOS="1117" WIDTH="25"/>
						<String ID="P39_ST00063" HPOS="2528" VPOS="1026" WIDTH="356" HEIGHT="61" CONTENT="Hündchen." WC="0.99" CC="000006073"/>
					</TextLine>
					<TextLine ID="P39_TL00009" HPOS="649" VPOS="1106" WIDTH="2235" HEIGHT="90">
						<String ID="P39_ST00064" HPOS="649" VPOS="1125" WIDTH="157" HEIGHT="70" CONTENT="Ach," WC="0.98" CC="0403"/>
						<SP ID="P39_SP00056" HPOS="806" VPOS="1195" WIDTH="47"/>
						<String ID="P39_ST00065" HPOS="853" VPOS="1122" WIDTH="81" HEIGHT="60" CONTENT="du" WC="1.00" CC="00"/>
						<SP ID="P39_SP00057" HPOS="934" VPOS="1195" WIDTH="37"/>
						<String ID="P39_ST00066" HPOS="971" VPOS="1117" WIDTH="184" HEIGHT="64" CONTENT="weißt" WC="0.99" CC="40300"/>
						<SP ID="P39_SP00058" HPOS="1155" VPOS="1195" WIDTH="36"/>
						<String ID="P39_ST00067" HPOS="1191" VPOS="1122" WIDTH="60" HEIGHT="74" CONTENT="ja" WC="0.79" CC="40"/>
						<SP ID="P39_SP00059" HPOS="1251" VPOS="1196" WIDTH="43"/>
						<String ID="P39_ST00068" HPOS="1294" VPOS="1117" WIDTH="183" HEIGHT="70" CONTENT="nicht," WC="0.99" CC="450000"/>
						<SP ID="P39_SP00060" HPOS="1477" VPOS="1196" WIDTH="42"/>
						<String ID="P39_ST00069" HPOS="1519" VPOS="1117" WIDTH="113" HEIGHT="59" CONTENT="wie" WC="0.99" CC="110"/>
						<SP ID="P39_SP00061" HPOS="1632" VPOS="1196" WIDTH="44"/>
						<String ID="P39_ST00070" HPOS="1676" VPOS="1115" WIDTH="191" HEIGHT="61" CONTENT="schön" WC="0.99" CC="00061"/>
						<SP ID="P39_SP00062" HPOS="1867" VPOS="1196" WIDTH="44"/>
						<String ID="P39_ST00071" HPOS="1911" VPOS="1113" WIDTH="100" HEIGHT="60" CONTENT="die" WC="1.00" CC="000"/>
						<SP ID="P39_SP00063" HPOS="2011" VPOS="1196" WIDTH="28"/>
						<String ID="P39_ST00072" HPOS="2039" VPOS="1112" WIDTH="165" HEIGHT="61" CONTENT="Welt" WC="0.98" CC="5050"/>
						<SP ID="P39_SP00064" HPOS="2204" VPOS="1196" WIDTH="30"/>
						<String ID="P39_ST00073" HPOS="2234" VPOS="1113" WIDTH="96" HEIGHT="69" CONTENT="ist," WC="0.98" CC="5002"/>
						<SP ID="P39_SP00065" HPOS="2330" VPOS="1196" WIDTH="42"/>
						<String ID="P39_ST00074" HPOS="2372" VPOS="1110" WIDTH="198" HEIGHT="58" CONTENT="davon" WC="1.00" CC="00003"/>
						<SP ID="P39_SP00066" HPOS="2570" VPOS="1196" WIDTH="29"/>
						<String ID="P39_ST00075" HPOS="2599" VPOS="1106" WIDTH="285" HEIGHT="61" CONTENT="verstand" WC="1.00" CC="00000017"/>
					</TextLine>
					<TextLine ID="P39_TL00010" HPOS="650" VPOS="1187" WIDTH="2236" HEIGHT="80">
						<String ID="P39_ST00076" HPOS="650" VPOS="1209" WIDTH="88" HEIGHT="58" CONTENT="sie" WC="0.99" CC="030"/>
						<SP ID="P39_SP00067" HPOS="738" VPOS="1267" WIDTH="74"/>
						<String ID="P39_ST00077" HPOS="812" VPOS="1202" WIDTH="154" HEIGHT="63" CONTENT="auch" WC="0.99" CC="0600"/>
						<SP ID="P39_SP00068" HPOS="966" VPOS="1267" WIDTH="75"/>
						<String ID="P39_ST00078" HPOS="1041" VPOS="1200" WIDTH="224" HEIGHT="61" CONTENT="nichts." WC="0.99" CC="6400002"/>
						<SP ID="P39_SP00069" HPOS="1265" VPOS="1267" WIDTH="113"/>
						<String ID="P39_ST00079" HPOS="1378" VPOS="1197" WIDTH="214" HEIGHT="60" CONTENT="Nenne" WC="0.99" CC="00040"/>
						<SP ID="P39_SP00070" HPOS="1592" VPOS="1267" WIDTH="74"/>
						<String ID="P39_ST00080" HPOS="1666" VPOS="1196" WIDTH="156" HEIGHT="60" CONTENT="mich" WC="0.98" CC="0350"/>
						<SP ID="P39_SP00071" HPOS="1822" VPOS="1267" WIDTH="71"/>
						<String ID="P39_ST00081" HPOS="1893" VPOS="1192" WIDTH="338" HEIGHT="62" CONTENT="lasterhaft:" WC="1.00" CC="50000300602"/>
						<SP ID="P39_SP00072" HPOS="2231" VPOS="1267" WIDTH="75"/>
						<String ID="P39_ST00082" HPOS="2306" VPOS="1190" WIDTH="152" HEIGHT="62" CONTENT="Gott" WC="1.00" CC="0000"/>
						<SP ID="P39_SP00073" HPOS="2458" VPOS="1267" WIDTH="71"/>
						<String ID="P39_ST00083" HPOS="2529" VPOS="1187" WIDTH="192" HEIGHT="62" CONTENT="selbst" WC="1.00" CC="003000"/>
						<SP ID="P39_SP00074" HPOS="2721" VPOS="1267" WIDTH="62"/>
						<String ID="P39_ST00084" HPOS="2783" VPOS="1187" WIDTH="103" HEIGHT="59" CONTENT="hat" WC="0.93" CC="756"/>
					</TextLine>
					<TextLine ID="P39_TL00011" HPOS="655" VPOS="1268" WIDTH="2231" HEIGHT="89">
						<String ID="P39_ST00085" HPOS="655" VPOS="1282" WIDTH="301" HEIGHT="65" CONTENT="lästerlich" WC="1.00" CC="3000016000"/>
						<SP ID="P39_SP00075" HPOS="956" VPOS="1347" WIDTH="47"/>
						<String ID="P39_ST00086" HPOS="1003" VPOS="1280" WIDTH="246" HEIGHT="77" CONTENT="geliebt," WC="0.99" CC="90130602"/>
						<SP ID="P39_SP00076" HPOS="1249" VPOS="1357" WIDTH="52"/>
						<String ID="P39_ST00087" HPOS="1301" VPOS="1279" WIDTH="87" HEIGHT="61" CONTENT="als" WC="1.00" CC="000"/>
						<SP ID="P39_SP00077" HPOS="1388" VPOS="1357" WIDTH="44"/>
						<String ID="P39_ST00088" HPOS="1432" VPOS="1300" WIDTH="64" HEIGHT="37" CONTENT="er" WC="0.63" CC="25"/>
						<SP ID="P39_SP00078" HPOS="1496" VPOS="1357" WIDTH="44"/>
						<String ID="P39_ST00089" HPOS="1540" VPOS="1279" WIDTH="98" HEIGHT="58" CONTENT="die" WC="1.00" CC="000"/>
						<SP ID="P39_SP00079" HPOS="1638" VPOS="1357" WIDTH="43"/>
						<String ID="P39_ST00090" HPOS="1681" VPOS="1276" WIDTH="164" HEIGHT="61" CONTENT="Welt" WC="1.00" CC="0010"/>
						<SP ID="P39_SP00080" HPOS="1845" VPOS="1357" WIDTH="49"/>
						<String ID="P39_ST00091" HPOS="1894" VPOS="1279" WIDTH="106" HEIGHT="57" CONTENT="mit" WC="0.98" CC="040"/>
						<SP ID="P39_SP00081" HPOS="2000" VPOS="1357" WIDTH="42"/>
						<String ID="P39_ST00092" HPOS="2042" VPOS="1274" WIDTH="167" HEIGHT="60" CONTENT="ihren" WC="0.98" CC="47003"/>
						<SP ID="P39_SP00082" HPOS="2209" VPOS="1357" WIDTH="46"/>
						<String ID="P39_ST00093" HPOS="2255" VPOS="1268" WIDTH="266" HEIGHT="65" CONTENT="Greueln" WC="0.99" CC="0105043"/>
						<SP ID="P39_SP00083" HPOS="2521" VPOS="1357" WIDTH="44"/>
						<String ID="P39_ST00094" HPOS="2565" VPOS="1268" WIDTH="321" HEIGHT="78" CONTENT="gestaltete" WC="1.00" CC="0400040000"/>
					</TextLine>
					<TextLine ID="P39_TL00012" HPOS="659" VPOS="1347" WIDTH="2229" HEIGHT="80">
						<String ID="P39_ST00095" HPOS="659" VPOS="1366" WIDTH="124" HEIGHT="61" CONTENT="und" WC="0.96" CC="650"/>
						<SP ID="P39_SP00084" HPOS="783" VPOS="1427" WIDTH="43"/>
						<String ID="P39_ST00096" HPOS="826" VPOS="1365" WIDTH="127" HEIGHT="60" CONTENT="ihre" WC="0.98" CC="5020"/>
						<SP ID="P39_SP00085" HPOS="953" VPOS="1427" WIDTH="31"/>
						<String ID="P39_ST00097" HPOS="984" VPOS="1361" WIDTH="334" HEIGHT="62" CONTENT="Schönheit" WC="1.00" CC="000000140"/>
						<SP ID="P39_SP00086" HPOS="1318" VPOS="1427" WIDTH="44"/>
						<String ID="P39_ST00098" HPOS="1362" VPOS="1356" WIDTH="192" HEIGHT="64" CONTENT="schuf." WC="0.99" CC="000670"/>
						<SP ID="P39_SP00087" HPOS="1554" VPOS="1427" WIDTH="73"/>
						<String ID="P39_ST00099" HPOS="1627" VPOS="1356" WIDTH="77" HEIGHT="61" CONTENT="Er" WC="0.58" CC="43"/>
						<SP ID="P39_SP00088" HPOS="1704" VPOS="1427" WIDTH="41"/>
						<String ID="P39_ST00100" HPOS="1745" VPOS="1357" WIDTH="285" HEIGHT="60" CONTENT="wieherte" WC="1.00" CC="02000300"/>
						<SP ID="P39_SP00089" HPOS="2030" VPOS="1427" WIDTH="44"/>
						<String ID="P39_ST00101" HPOS="2074" VPOS="1352" WIDTH="317" HEIGHT="62" CONTENT="donnernd" WC="1.00" CC="00020060"/>
						<SP ID="P39_SP00090" HPOS="2391" VPOS="1427" WIDTH="37"/>
						<String ID="P39_ST00102" HPOS="2428" VPOS="1352" WIDTH="113" HEIGHT="57" CONTENT="wie" WC="0.96" CC="900"/>
						<SP ID="P39_SP00091" HPOS="2541" VPOS="1427" WIDTH="32"/>
						<String ID="P39_ST00103" HPOS="2573" VPOS="1351" WIDTH="95" HEIGHT="58" CONTENT="ein" WC="0.95" CC="067"/>
						<SP ID="P39_SP00092" HPOS="2668" VPOS="1427" WIDTH="32"/>
						<String ID="P39_ST00104" HPOS="2700" VPOS="1347" WIDTH="188" HEIGHT="79" CONTENT="geiler" WC="0.99" CC="003306"/>
					</TextLine>
					<TextLine ID="P39_TL00013" HPOS="665" VPOS="1442" WIDTH="487" HEIGHT="83">
						<String ID="P39_ST00105" HPOS="665" VPOS="1446" WIDTH="244" HEIGHT="79" CONTENT="Hengst" WC="1.00" CC="000000"/>
						<SP ID="P39_SP00093" HPOS="909" VPOS="1525" WIDTH="42"/>
						<String ID="P39_ST00106" HPOS="951" VPOS="1442" WIDTH="201" HEIGHT="61" CONTENT="dabei." WC="0.99" CC="035000"/>
					</TextLine>
					<TextLine ID="P39_TL00014" HPOS="571" VPOS="1526" WIDTH="2318" HEIGHT="93">
						<String ID="P39_ST00107" HPOS="571" VPOS="1543" WIDTH="142" HEIGHT="61" CONTENT="Der" WC="1.00" CC="000"/>
						<SP ID="P39_SP00094" HPOS="713" VPOS="1604" WIDTH="37"/>
						<String ID="P39_ST00108" HPOS="750" VPOS="1545" WIDTH="217" HEIGHT="74" CONTENT="junge" WC="0.99" CC="54000" STYLEREFS="TXT_4"/>
						<SP ID="P39_SP00095" HPOS="967" VPOS="1619" WIDTH="30"/>
						<String ID="P39_ST00109" HPOS="997" VPOS="1534" WIDTH="439" HEIGHT="65" CONTENT="Sedemund:" WC="0.85" CC="000006204"/>
						<SP ID="P39_SP00096" HPOS="1436" VPOS="1619" WIDTH="50"/>
						<String ID="P39_ST00110" HPOS="1486" VPOS="1533" WIDTH="139" HEIGHT="63" CONTENT="Und" WC="0.95" CC="660"/>
						<SP ID="P39_SP00097" HPOS="1625" VPOS="1619" WIDTH="43"/>
						<String ID="P39_ST00111" HPOS="1668" VPOS="1533" WIDTH="97" HEIGHT="61" CONTENT="ich" WC="0.97" CC="006"/>
						<SP ID="P39_SP00098" HPOS="1765" VPOS="1619" WIDTH="43"/>
						<String ID="P39_ST00112" HPOS="1808" VPOS="1531" WIDTH="107" HEIGHT="61" CONTENT="sah" WC="1.00" CC="000"/>
						<SP ID="P39_SP00099" HPOS="1915" VPOS="1619" WIDTH="46"/>
						<String ID="P39_ST00113" HPOS="1961" VPOS="1530" WIDTH="139" HEIGHT="61" CONTENT="dich" WC="0.99" CC="0600"/>
						<SP ID="P39_SP00100" HPOS="2100" VPOS="1619" WIDTH="47"/>
						<String ID="P39_ST00114" HPOS="2147" VPOS="1528" WIDTH="153" HEIGHT="60" CONTENT="doch" WC="1.00" CC="0000"/>
						<SP ID="P39_SP00101" HPOS="2300" VPOS="1619" WIDTH="47"/>
						<String ID="P39_ST00115" HPOS="2347" VPOS="1526" WIDTH="156" HEIGHT="61" CONTENT="eben" WC="0.98" CC="0502"/>
						<SP ID="P39_SP00102" HPOS="2503" VPOS="1619" WIDTH="33"/>
						<String ID="P39_ST00116" HPOS="2536" VPOS="1526" WIDTH="232" HEIGHT="61" CONTENT="schwer" WC="0.99" CC="007005"/>
						<SP ID="P39_SP00103" HPOS="2768" VPOS="1619" WIDTH="32"/>
						<String ID="P39_ST00117" HPOS="2800" VPOS="1547" WIDTH="60" HEIGHT="36" CONTENT="er" SUBS_TYPE="HypPart1" SUBS_CONTENT="erschüttert," WC="0.98" CC="10"/>
						<HYP HPOS="2860" VPOS="1547" WIDTH="29" CONTENT="-"/>
					</TextLine>
					<TextLine ID="P39_TL00015" HPOS="654" VPOS="1602" WIDTH="2234" HEIGHT="91">
						<String ID="P39_ST00118" HPOS="654" VPOS="1621" WIDTH="315" HEIGHT="72" CONTENT="schüttert," SUBS_TYPE="HypPart2" SUBS_CONTENT="erschüttert," WC="1.00" CC="0060000100"/>
						<SP ID="P39_SP00104" HPOS="969" VPOS="1693" WIDTH="43"/>
						<String ID="P39_ST00119" HPOS="1012" VPOS="1621" WIDTH="159" HEIGHT="68" CONTENT="nein," WC="0.98" CC="70440"/>
						<SP ID="P39_SP00105" HPOS="1171" VPOS="1693" WIDTH="44"/>
						<String ID="P39_ST00120" HPOS="1215" VPOS="1615" WIDTH="81" HEIGHT="60" CONTENT="du" WC="1.00" CC="00"/>
						<SP ID="P39_SP00106" HPOS="1296" VPOS="1693" WIDTH="46"/>
						<String ID="P39_ST00121" HPOS="1342" VPOS="1625" WIDTH="177" HEIGHT="50" CONTENT="warst" WC="0.99" CC="70100"/>
						<SP ID="P39_SP00107" HPOS="1519" VPOS="1693" WIDTH="41"/>
						<String ID="P39_ST00122" HPOS="1560" VPOS="1613" WIDTH="334" HEIGHT="62" CONTENT="verdammt" WC="1.00" CC="00200300"/>
						<SP ID="P39_SP00108" HPOS="1894" VPOS="1693" WIDTH="44"/>
						<String ID="P39_ST00123" HPOS="1938" VPOS="1609" WIDTH="183" HEIGHT="62" CONTENT="durch" WC="0.98" CC="03430"/>
						<SP ID="P39_SP00109" HPOS="2121" VPOS="1693" WIDTH="44"/>
						<String ID="P39_ST00124" HPOS="2165" VPOS="1608" WIDTH="133" HEIGHT="60" CONTENT="dich" WC="0.98" CC="0330"/>
						<SP ID="P39_SP00110" HPOS="2298" VPOS="1693" WIDTH="44"/>
						<String ID="P39_ST00125" HPOS="2342" VPOS="1606" WIDTH="212" HEIGHT="73" CONTENT="selbst," WC="0.99" CC="0062000"/>
						<SP ID="P39_SP00111" HPOS="2554" VPOS="1693" WIDTH="40"/>
						<String ID="P39_ST00126" HPOS="2594" VPOS="1609" WIDTH="115" HEIGHT="57" CONTENT="wie" WC="0.98" CC="050"/>
						<SP ID="P39_SP00112" HPOS="2709" VPOS="1693" WIDTH="39"/>
						<String ID="P39_ST00127" HPOS="2748" VPOS="1602" WIDTH="140" HEIGHT="63" CONTENT="hieß" WC="0.97" CC="7400"/>
					</TextLine>
					<TextLine ID="P39_TL00016" HPOS="661" VPOS="1693" WIDTH="912" HEIGHT="78">
						<String ID="P39_ST00128" HPOS="661" VPOS="1727" WIDTH="66" HEIGHT="37" CONTENT="es" WC="1.00" CC="00"/>
						<SP ID="P39_SP00113" HPOS="727" VPOS="1764" WIDTH="45"/>
						<String ID="P39_ST00129" HPOS="772" VPOS="1700" WIDTH="178" HEIGHT="71" CONTENT="noch," WC="0.99" CC="50002"/>
						<SP ID="P39_SP00114" HPOS="950" VPOS="1771" WIDTH="127"/>
						<String ID="P39_ST00130" HPOS="1077" VPOS="1693" WIDTH="496" HEIGHT="64" CONTENT="Höllenbruder?" WC="1.00" CC="0360010000005"/>
					</TextLine>
					<TextLine ID="P39_TL00017" HPOS="572" VPOS="1782" WIDTH="2317" HEIGHT="83">
						<String ID="P39_ST00131" HPOS="572" VPOS="1801" WIDTH="143" HEIGHT="59" CONTENT="Der" WC="0.97" CC="015"/>
						<SP ID="P39_SP00115" HPOS="715" VPOS="1860" WIDTH="43"/>
						<String ID="P39_ST00132" HPOS="758" VPOS="1799" WIDTH="145" HEIGHT="60" CONTENT="alte" WC="0.98" CC="0501"/>
						<SP ID="P39_SP00116" HPOS="903" VPOS="1860" WIDTH="43"/>
						<String ID="P39_ST00133" HPOS="946" VPOS="1792" WIDTH="438" HEIGHT="64" CONTENT="Sedemund:" WC="0.95" CC="000000400"/>
						<SP ID="P39_SP00117" HPOS="1384" VPOS="1860" WIDTH="66"/>
						<String ID="P39_ST00134" HPOS="1450" VPOS="1789" WIDTH="79" HEIGHT="62" CONTENT="Es" WC="0.76" CC="40"/>
						<SP ID="P39_SP00118" HPOS="1529" VPOS="1860" WIDTH="35"/>
						<String ID="P39_ST00135" HPOS="1564" VPOS="1813" WIDTH="122" HEIGHT="38" CONTENT="war" WC="1.00" CC="000"/>
						<SP ID="P39_SP00119" HPOS="1686" VPOS="1860" WIDTH="34"/>
						<String ID="P39_ST00136" HPOS="1720" VPOS="1789" WIDTH="159" HEIGHT="62" CONTENT="wohl" WC="0.98" CC="0074"/>
						<SP ID="P39_SP00120" HPOS="1879" VPOS="1860" WIDTH="38"/>
						<String ID="P39_ST00137" HPOS="1917" VPOS="1812" WIDTH="89" HEIGHT="48" CONTENT="so," WC="0.98" CC="040"/>
						<SP ID="P39_SP00121" HPOS="2006" VPOS="1860" WIDTH="37"/>
						<String ID="P39_ST00138" HPOS="2043" VPOS="1790" WIDTH="80" HEIGHT="75" CONTENT="ja," WC="0.97" CC="402"/>
						<SP ID="P39_SP00122" HPOS="2123" VPOS="1865" WIDTH="37"/>
						<String ID="P39_ST00139" HPOS="2160" VPOS="1785" WIDTH="96" HEIGHT="61" CONTENT="ich" WC="0.98" CC="500"/>
						<SP ID="P39_SP00123" HPOS="2256" VPOS="1865" WIDTH="28"/>
						<String ID="P39_ST00140" HPOS="2284" VPOS="1784" WIDTH="168" HEIGHT="62" CONTENT="will’s" WC="0.62" CC="633081"/>
						<SP ID="P39_SP00124" HPOS="2452" VPOS="1865" WIDTH="28"/>
						<String ID="P39_ST00141" HPOS="2480" VPOS="1783" WIDTH="163" HEIGHT="62" CONTENT="wahr" WC="1.00" CC="0000"/>
						<SP ID="P39_SP00125" HPOS="2643" VPOS="1865" WIDTH="27"/>
						<String ID="P39_ST00142" HPOS="2670" VPOS="1782" WIDTH="219" HEIGHT="60" CONTENT="haben." WC="0.98" CC="005074"/>
					</TextLine>
					<TextLine ID="P39_TL00018" HPOS="574" VPOS="1877" WIDTH="2317" HEIGHT="98">
						<String ID="P39_ST00143" HPOS="574" VPOS="1897" WIDTH="146" HEIGHT="60" CONTENT="Der" WC="1.00" CC="000"/>
						<SP ID="P39_SP00126" HPOS="720" VPOS="1957" WIDTH="39"/>
						<String ID="P39_ST00144" HPOS="759" VPOS="1900" WIDTH="220" HEIGHT="75" CONTENT="junge" WC="0.98" CC="63003"/>
						<SP ID="P39_SP00127" HPOS="979" VPOS="1975" WIDTH="42"/>
						<String ID="P39_ST00145" HPOS="1021" VPOS="1888" WIDTH="447" HEIGHT="65" CONTENT="Sedemund:" WC="0.91" CC="000004300"/>
						<SP ID="P39_SP00128" HPOS="1468" VPOS="1975" WIDTH="45"/>
						<String ID="P39_ST00146" HPOS="1513" VPOS="1887" WIDTH="141" HEIGHT="62" CONTENT="Und" WC="0.97" CC="260"/>
						<SP ID="P39_SP00129" HPOS="1654" VPOS="1975" WIDTH="53"/>
						<String ID="P39_ST00147" HPOS="1707" VPOS="1886" WIDTH="261" HEIGHT="78" CONTENT="sprichst" WC="1.00" CC="00000700"/>
						<SP ID="P39_SP00130" HPOS="1968" VPOS="1975" WIDTH="52"/>
						<String ID="P39_ST00148" HPOS="2020" VPOS="1884" WIDTH="79" HEIGHT="59" CONTENT="du" WC="0.94" CC="01"/>
						<SP ID="P39_SP00131" HPOS="2099" VPOS="1975" WIDTH="53"/>
						<String ID="P39_ST00149" HPOS="2152" VPOS="1881" WIDTH="212" HEIGHT="62" CONTENT="darauf" WC="0.98" CC="003067"/>
						<SP ID="P39_SP00132" HPOS="2364" VPOS="1975" WIDTH="50"/>
						<String ID="P39_ST00150" HPOS="2414" VPOS="1905" WIDTH="70" HEIGHT="38" CONTENT="so" WC="1.00" CC="00"/>
						<SP ID="P39_SP00133" HPOS="2484" VPOS="1975" WIDTH="42"/>
						<String ID="P39_ST00151" HPOS="2526" VPOS="1877" WIDTH="365" HEIGHT="65" CONTENT="verächtlich" WC="1.00" CC="00004005200"/>
					</TextLine>
					<TextLine ID="P39_TL00019" HPOS="668" VPOS="1964" WIDTH="1163" HEIGHT="84">
						<String ID="P39_ST00152" HPOS="668" VPOS="1999" WIDTH="120" HEIGHT="38" CONTENT="von" WC="0.96" CC="055"/>
						<SP ID="P39_SP00134" HPOS="788" VPOS="2037" WIDTH="43"/>
						<String ID="P39_ST00153" HPOS="831" VPOS="1973" WIDTH="239" HEIGHT="61" CONTENT="deinem" WC="1.00" CC="003000"/>
						<SP ID="P39_SP00135" HPOS="1070" VPOS="2037" WIDTH="46"/>
						<String ID="P39_ST00154" HPOS="1116" VPOS="1973" WIDTH="257" HEIGHT="75" CONTENT="eigenen" WC="1.00" CC="0000000"/>
						<SP ID="P39_SP00136" HPOS="1373" VPOS="2048" WIDTH="45"/>
						<String ID="P39_ST00155" HPOS="1418" VPOS="1964" WIDTH="413" HEIGHT="64" CONTENT="Bekenntnis?" WC="1.00" CC="40003500200"/>
					</TextLine>
					<TextLine ID="P39_TL00020" HPOS="577" VPOS="2055" WIDTH="2313" HEIGHT="81">
						<String ID="P39_ST00156" HPOS="577" VPOS="2072" WIDTH="150" HEIGHT="61" CONTENT="Der" WC="0.96" CC="504"/>
						<SP ID="P39_SP00137" HPOS="727" VPOS="2133" WIDTH="44"/>
						<String ID="P39_ST00157" HPOS="771" VPOS="2070" WIDTH="141" HEIGHT="62" CONTENT="alte" WC="0.99" CC="0500"/>
						<SP ID="P39_SP00138" HPOS="912" VPOS="2133" WIDTH="43"/>
						<String ID="P39_ST00158" HPOS="955" VPOS="2065" WIDTH="438" HEIGHT="66" CONTENT="Sedemund;" WC="0.84" CC="010005006"/>
						<SP ID="P39_SP00139" HPOS="1393" VPOS="2133" WIDTH="29"/>
						<String ID="P39_ST00159" HPOS="1422" VPOS="2063" WIDTH="149" HEIGHT="63" CONTENT="Wer" WC="0.99" CC="003"/>
						<SP ID="P39_SP00140" HPOS="1571" VPOS="2133" WIDTH="39"/>
						<String ID="P39_ST00160" HPOS="1610" VPOS="2061" WIDTH="174" HEIGHT="75" CONTENT="weiß," WC="0.99" CC="00302"/>
						<SP ID="P39_SP00141" HPOS="1784" VPOS="2136" WIDTH="43"/>
						<String ID="P39_ST00161" HPOS="1827" VPOS="2085" WIDTH="95" HEIGHT="38" CONTENT="wo" WC="1.00" CC="00"/>
						<SP ID="P39_SP00142" HPOS="1922" VPOS="2136" WIDTH="45"/>
						<String ID="P39_ST00162" HPOS="1967" VPOS="2085" WIDTH="216" HEIGHT="38" CONTENT="unsere" WC="1.00" CC="300020" STYLEREFS="TXT_4"/>
						<SP ID="P39_SP00143" HPOS="2183" VPOS="2136" WIDTH="28"/>
						<String ID="P39_ST00163" HPOS="2211" VPOS="2057" WIDTH="494" HEIGHT="64" CONTENT="Wirklichkeiten" WC="1.00" CC="06100500004000"/>
						<SP ID="P39_SP00144" HPOS="2705" VPOS="2136" WIDTH="31"/>
						<String ID="P39_ST00164" HPOS="2736" VPOS="2055" WIDTH="154" HEIGHT="59" CONTENT="sind." WC="0.98" CC="05603"/>
					</TextLine>
					<TextLine ID="P39_TL00021" HPOS="656" VPOS="2137" WIDTH="2233" HEIGHT="93">
						<String ID="P39_ST00165" HPOS="656" VPOS="2154" WIDTH="90" HEIGHT="59" CONTENT="Ich" WC="0.98" CC="500"/>
						<SP ID="P39_SP00145" HPOS="746" VPOS="2213" WIDTH="32"/>
						<String ID="P39_ST00166" HPOS="778" VPOS="2151" WIDTH="179" HEIGHT="79" CONTENT="klage" WC="1.00" CC="00000"/>
						<SP ID="P39_SP00146" HPOS="957" VPOS="2230" WIDTH="32"/>
						<String ID="P39_ST00167" HPOS="989" VPOS="2149" WIDTH="157" HEIGHT="60" CONTENT="mich" WC="1.00" CC="0000"/>
						<SP ID="P39_SP00147" HPOS="1146" VPOS="2230" WIDTH="33"/>
						<String ID="P39_ST00168" HPOS="1179" VPOS="2147" WIDTH="91" HEIGHT="60" CONTENT="oft" WC="0.97" CC="070"/>
						<SP ID="P39_SP00148" HPOS="1270" VPOS="2230" WIDTH="30"/>
						<String ID="P39_ST00169" HPOS="1300" VPOS="2150" WIDTH="104" HEIGHT="56" CONTENT="mit" WC="1.00" CC="000"/>
						<SP ID="P39_SP00149" HPOS="1404" VPOS="2230" WIDTH="28"/>
						<String ID="P39_ST00170" HPOS="1432" VPOS="2145" WIDTH="109" HEIGHT="61" CONTENT="der" WC="1.00" CC="000"/>
						<SP ID="P39_SP00150" HPOS="1541" VPOS="2230" WIDTH="30"/>
						<String ID="P39_ST00171" HPOS="1571" VPOS="2143" WIDTH="209" HEIGHT="79" CONTENT="Lunge" WC="0.98" CC="14600"/>
						<SP ID="P39_SP00151" HPOS="1780" VPOS="2230" WIDTH="29"/>
						<String ID="P39_ST00172" HPOS="1809" VPOS="2143" WIDTH="111" HEIGHT="61" CONTENT="der" WC="0.99" CC="021"/>
						<SP ID="P39_SP00152" HPOS="1920" VPOS="2230" WIDTH="27"/>
						<String ID="P39_ST00173" HPOS="1947" VPOS="2142" WIDTH="189" HEIGHT="61" CONTENT="Leute" WC="0.99" CC="40500"/>
						<SP ID="P39_SP00153" HPOS="2136" VPOS="2230" WIDTH="30"/>
						<String ID="P39_ST00174" HPOS="2166" VPOS="2164" WIDTH="94" HEIGHT="49" CONTENT="an," WC="0.99" CC="003"/>
						<SP ID="P39_SP00154" HPOS="2260" VPOS="2230" WIDTH="29"/>
						<String ID="P39_ST00175" HPOS="2289" VPOS="2143" WIDTH="75" HEIGHT="75" CONTENT="ja," WC="0.96" CC="704"/>
						<SP ID="P39_SP00155" HPOS="2364" VPOS="2230" WIDTH="32"/>
						<String ID="P39_ST00176" HPOS="2396" VPOS="2161" WIDTH="66" HEIGHT="38" CONTENT="es" WC="0.86" CC="02"/>
						<SP ID="P39_SP00156" HPOS="2462" VPOS="2230" WIDTH="31"/>
						<String ID="P39_ST00177" HPOS="2493" VPOS="2137" WIDTH="396" HEIGHT="61" CONTENT="erschütterte" WC="1.00" CC="050000000100"/>
					</TextLine>
					<TextLine ID="P39_TL00022" HPOS="658" VPOS="2216" WIDTH="2235" HEIGHT="89">
						<String ID="P39_ST00178" HPOS="658" VPOS="2232" WIDTH="177" HEIGHT="71" CONTENT="mich," WC="0.99" CC="05004"/>
						<SP ID="P39_SP00157" HPOS="835" VPOS="2303" WIDTH="55"/>
						<String ID="P39_ST00179" HPOS="890" VPOS="2231" WIDTH="80" HEIGHT="61" CONTENT="da" WC="1.00" CC="00"/>
						<SP ID="P39_SP00158" HPOS="970" VPOS="2303" WIDTH="49"/>
						<String ID="P39_ST00180" HPOS="1019" VPOS="2253" WIDTH="94" HEIGHT="37" CONTENT="am" WC="0.98" CC="00"/>
						<SP ID="P39_SP00159" HPOS="1113" VPOS="2303" WIDTH="55"/>
						<String ID="P39_ST00181" HPOS="1168" VPOS="2227" WIDTH="192" HEIGHT="78" CONTENT="Sarge" WC="1.00" CC="00000"/>
						<SP ID="P39_SP00160" HPOS="1360" VPOS="2305" WIDTH="53"/>
						<String ID="P39_ST00182" HPOS="1413" VPOS="2249" WIDTH="70" HEIGHT="37" CONTENT="zu" WC="0.55" CC="34"/>
						<SP ID="P39_SP00161" HPOS="1483" VPOS="2305" WIDTH="55"/>
						<String ID="P39_ST00183" HPOS="1538" VPOS="2225" WIDTH="213" HEIGHT="62" CONTENT="stehen" WC="0.99" CC="000006"/>
						<SP ID="P39_SP00162" HPOS="1751" VPOS="2305" WIDTH="55"/>
						<String ID="P39_ST00184" HPOS="1806" VPOS="2223" WIDTH="123" HEIGHT="61" CONTENT="und" WC="0.98" CC="060"/>
						<SP ID="P39_SP00163" HPOS="1929" VPOS="2305" WIDTH="52"/>
						<String ID="P39_ST00185" HPOS="1981" VPOS="2222" WIDTH="98" HEIGHT="61" CONTENT="die" WC="1.00" CC="010"/>
						<SP ID="P39_SP00164" HPOS="2079" VPOS="2305" WIDTH="52"/>
						<String ID="P39_ST00186" HPOS="2131" VPOS="2220" WIDTH="310" HEIGHT="80" CONTENT="Legende," WC="1.00" CC="00002000"/>
						<SP ID="P39_SP00165" HPOS="2441" VPOS="2305" WIDTH="52"/>
						<String ID="P39_ST00187" HPOS="2493" VPOS="2218" WIDTH="100" HEIGHT="61" CONTENT="die" WC="0.99" CC="020"/>
						<SP ID="P39_SP00166" HPOS="2593" VPOS="2305" WIDTH="56"/>
						<String ID="P39_ST00188" HPOS="2649" VPOS="2216" WIDTH="244" HEIGHT="62" CONTENT="werden" WC="0.98" CC="631007"/>
					</TextLine>
					<TextLine ID="P39_TL00023" HPOS="660" VPOS="2306" WIDTH="1010" HEIGHT="77">
						<String ID="P39_ST00189" HPOS="660" VPOS="2312" WIDTH="221" HEIGHT="71" CONTENT="wollte," WC="0.99" CC="0065000"/>
						<SP ID="P39_SP00167" HPOS="881" VPOS="2383" WIDTH="46"/>
						<String ID="P39_ST00190" HPOS="927" VPOS="2311" WIDTH="148" HEIGHT="61" CONTENT="leise" WC="0.99" CC="50100"/>
						<SP ID="P39_SP00168" HPOS="1075" VPOS="2383" WIDTH="44"/>
						<String ID="P39_ST00191" HPOS="1119" VPOS="2309" WIDTH="182" HEIGHT="59" CONTENT="leiern" WC="0.99" CC="105004"/>
						<SP ID="P39_SP00169" HPOS="1301" VPOS="2383" WIDTH="45"/>
						<String ID="P39_ST00192" HPOS="1346" VPOS="2330" WIDTH="71" HEIGHT="37" CONTENT="zu" WC="0.86" CC="02"/>
						<SP ID="P39_SP00170" HPOS="1417" VPOS="2383" WIDTH="44"/>
						<String ID="P39_ST00193" HPOS="1461" VPOS="2306" WIDTH="209" HEIGHT="60" CONTENT="hören." WC="1.00" CC="000004"/>
					</TextLine>
					<TextLine ID="P39_TL00024" HPOS="581" VPOS="2391" WIDTH="2312" HEIGHT="95">
						<String ID="P39_ST00194" HPOS="581" VPOS="2409" WIDTH="141" HEIGHT="61" CONTENT="Der" WC="0.99" CC="010"/>
						<SP ID="P39_SP00171" HPOS="722" VPOS="2470" WIDTH="46"/>
						<String ID="P39_ST00195" HPOS="768" VPOS="2413" WIDTH="217" HEIGHT="73" CONTENT="junge" WC="0.99" CC="40300"/>
						<SP ID="P39_SP00172" HPOS="985" VPOS="2486" WIDTH="51"/>
						<String ID="P39_ST00196" HPOS="1036" VPOS="2401" WIDTH="438" HEIGHT="65" CONTENT="Sedemund:" WC="0.83" CC="000031602"/>
						<SP ID="P39_SP00173" HPOS="1474" VPOS="2486" WIDTH="64"/>
						<String ID="P39_ST00197" HPOS="1538" VPOS="2401" WIDTH="222" HEIGHT="62" CONTENT="Schaut" WC="0.99" CC="020050"/>
						<SP ID="P39_SP00174" HPOS="1760" VPOS="2486" WIDTH="56"/>
						<String ID="P39_ST00198" HPOS="1816" VPOS="2400" WIDTH="137" HEIGHT="61" CONTENT="kein" WC="0.99" CC="0150"/>
						<SP ID="P39_SP00175" HPOS="1953" VPOS="2486" WIDTH="55"/>
						<String ID="P39_ST00199" HPOS="2008" VPOS="2399" WIDTH="312" HEIGHT="78" CONTENT="Gespenst" WC="1.00" CC="00000400"/>
						<SP ID="P39_SP00176" HPOS="2320" VPOS="2486" WIDTH="60"/>
						<String ID="P39_ST00200" HPOS="2380" VPOS="2397" WIDTH="162" HEIGHT="59" CONTENT="einer" WC="0.99" CC="06002"/>
						<SP ID="P39_SP00177" HPOS="2542" VPOS="2486" WIDTH="50"/>
						<String ID="P39_ST00201" HPOS="2592" VPOS="2391" WIDTH="114" HEIGHT="62" CONTENT="Tat" WC="0.98" CC="500"/>
						<SP ID="P39_SP00178" HPOS="2706" VPOS="2486" WIDTH="56"/>
						<String ID="P39_ST00202" HPOS="2762" VPOS="2415" WIDTH="131" HEIGHT="37" CONTENT="zum" WC="0.96" CC="306"/>
					</TextLine>
					<TextLine ID="P39_TL00025" HPOS="661" VPOS="2471" WIDTH="2233" HEIGHT="81">
						<String ID="P39_ST00203" HPOS="661" VPOS="2489" WIDTH="251" HEIGHT="61" CONTENT="Fenster" WC="1.00" CC="0020022"/>
						<SP ID="P39_SP00179" HPOS="912" VPOS="2550" WIDTH="50"/>
						<String ID="P39_ST00204" HPOS="962" VPOS="2486" WIDTH="226" HEIGHT="66" CONTENT="hinaus," WC="0.99" CC="0540300"/>
						<SP ID="P39_SP00180" HPOS="1188" VPOS="2552" WIDTH="58"/>
						<String ID="P39_ST00205" HPOS="1246" VPOS="2508" WIDTH="68" HEIGHT="37" CONTENT="so" WC="0.64" CC="33"/>
						<SP ID="P39_SP00181" HPOS="1314" VPOS="2552" WIDTH="51"/>
						<String ID="P39_ST00206" HPOS="1365" VPOS="2480" WIDTH="154" HEIGHT="62" CONTENT="weiß" WC="0.99" CC="0032"/>
						<SP ID="P39_SP00182" HPOS="1519" VPOS="2552" WIDTH="53"/>
						<String ID="P39_ST00207" HPOS="1572" VPOS="2505" WIDTH="135" HEIGHT="37" CONTENT="man" WC="0.98" CC="004"/>
						<SP ID="P39_SP00183" HPOS="1707" VPOS="2552" WIDTH="53"/>
						<String ID="P39_ST00208" HPOS="1760" VPOS="2480" WIDTH="183" HEIGHT="71" CONTENT="nicht," WC="0.99" CC="552000"/>
						<SP ID="P39_SP00184" HPOS="1943" VPOS="2552" WIDTH="49"/>
						<String ID="P39_ST00209" HPOS="1992" VPOS="2502" WIDTH="125" HEIGHT="38" CONTENT="wes" WC="1.00" CC="000"/>
						<SP ID="P39_SP00185" HPOS="2117" VPOS="2552" WIDTH="53"/>
						<String ID="P39_ST00210" HPOS="2170" VPOS="2476" WIDTH="245" HEIGHT="62" CONTENT="Geistes" WC="1.00" CC="0010000"/>
						<SP ID="P39_SP00186" HPOS="2415" VPOS="2552" WIDTH="54"/>
						<String ID="P39_ST00211" HPOS="2469" VPOS="2475" WIDTH="203" HEIGHT="60" CONTENT="dieses" WC="1.00" CC="041000"/>
						<SP ID="P39_SP00187" HPOS="2672" VPOS="2552" WIDTH="53"/>
						<String ID="P39_ST00212" HPOS="2725" VPOS="2471" WIDTH="169" HEIGHT="61" CONTENT="Haus" WC="1.00" CC="0000"/>
					</TextLine>
					<TextLine ID="P39_TL00026" HPOS="661" VPOS="2552" WIDTH="2236" HEIGHT="89">
						<String ID="P39_ST00213" HPOS="661" VPOS="2571" WIDTH="94" HEIGHT="70" CONTENT="ist," WC="0.99" CC="4000"/>
						<SP ID="P39_SP00188" HPOS="755" VPOS="2641" WIDTH="46"/>
						<String ID="P39_ST00214" HPOS="801" VPOS="2568" WIDTH="213" HEIGHT="61" CONTENT="schaut" WC="1.00" CC="000000"/>
						<SP ID="P39_SP00189" HPOS="1014" VPOS="2641" WIDTH="42"/>
						<String ID="P39_ST00215" HPOS="1056" VPOS="2568" WIDTH="130" HEIGHT="58" CONTENT="eins" WC="0.96" CC="7460"/>
						<SP ID="P39_SP00190" HPOS="1186" VPOS="2641" WIDTH="43"/>
						<String ID="P39_ST00216" HPOS="1229" VPOS="2587" WIDTH="105" HEIGHT="38" CONTENT="aus" WC="0.98" CC="060"/>
						<SP ID="P39_SP00191" HPOS="1334" VPOS="2641" WIDTH="45"/>
						<String ID="P39_ST00217" HPOS="1379" VPOS="2564" WIDTH="109" HEIGHT="60" CONTENT="der" WC="0.95" CC="067"/>
						<SP ID="P39_SP00192" HPOS="1488" VPOS="2641" WIDTH="28"/>
						<String ID="P39_ST00218" HPOS="1516" VPOS="2560" WIDTH="328" HEIGHT="74" CONTENT="Dachluke," WC="1.00" CC="000001063"/>
						<SP ID="P39_SP00193" HPOS="1844" VPOS="2641" WIDTH="45"/>
						<String ID="P39_ST00219" HPOS="1889" VPOS="2583" WIDTH="70" HEIGHT="38" CONTENT="so" WC="0.81" CC="03"/>
						<SP ID="P39_SP00194" HPOS="1959" VPOS="2641" WIDTH="42"/>
						<String ID="P39_ST00220" HPOS="2001" VPOS="2559" WIDTH="147" HEIGHT="61" CONTENT="wird" WC="0.98" CC="4200"/>
						<SP ID="P39_SP00195" HPOS="2148" VPOS="2641" WIDTH="45"/>
						<String ID="P39_ST00221" HPOS="2193" VPOS="2561" WIDTH="126" HEIGHT="57" CONTENT="sein" WC="0.97" CC="0644"/>
						<SP ID="P39_SP00196" HPOS="2319" VPOS="2641" WIDTH="31"/>
						<String ID="P39_ST00222" HPOS="2350" VPOS="2555" WIDTH="229" HEIGHT="62" CONTENT="Wesen" WC="0.98" CC="07050"/>
						<SP ID="P39_SP00197" HPOS="2579" VPOS="2641" WIDTH="41"/>
						<String ID="P39_ST00223" HPOS="2620" VPOS="2552" WIDTH="277" HEIGHT="63" CONTENT="offenbar" WC="0.98" CC="06677666"/>
					</TextLine>
					<TextLine ID="P39_TL00027" HPOS="665" VPOS="2640" WIDTH="1226" HEIGHT="86">
						<String ID="P39_ST00224" HPOS="665" VPOS="2650" WIDTH="94" HEIGHT="60" CONTENT="für" WC="0.97" CC="600"/>
						<SP ID="P39_SP00198" HPOS="759" VPOS="2710" WIDTH="41"/>
						<String ID="P39_ST00225" HPOS="800" VPOS="2648" WIDTH="369" HEIGHT="78" CONTENT="jedermann." WC="1.00" CC="4000020303"/>
						<SP ID="P39_SP00199" HPOS="1169" VPOS="2726" WIDTH="73"/>
						<String ID="P39_ST00226" HPOS="1242" VPOS="2644" WIDTH="138" HEIGHT="62" CONTENT="Wie" WC="1.00" CC="010"/>
						<SP ID="P39_SP00200" HPOS="1380" VPOS="2726" WIDTH="45"/>
						<String ID="P39_ST00227" HPOS="1425" VPOS="2646" WIDTH="77" HEIGHT="58" CONTENT="ist" WC="0.99" CC="300"/>
						<SP ID="P39_SP00201" HPOS="1502" VPOS="2726" WIDTH="42"/>
						<String ID="P39_ST00228" HPOS="1544" VPOS="2665" WIDTH="66" HEIGHT="37" CONTENT="es" WC="0.90" CC="20"/>
						<SP ID="P39_SP00202" HPOS="1610" VPOS="2726" WIDTH="46"/>
						<String ID="P39_ST00229" HPOS="1656" VPOS="2640" WIDTH="235" HEIGHT="62" CONTENT="damit?" WC="1.00" CC="000000"/>
					</TextLine>
					<TextLine ID="P39_TL00028" HPOS="584" VPOS="2733" WIDTH="2313" HEIGHT="85">
						<String ID="P39_ST00230" HPOS="584" VPOS="2747" WIDTH="142" HEIGHT="59" CONTENT="Der" WC="0.99" CC="200"/>
						<SP ID="P39_SP00203" HPOS="726" VPOS="2806" WIDTH="41"/>
						<String ID="P39_ST00231" HPOS="767" VPOS="2744" WIDTH="143" HEIGHT="62" CONTENT="alte" WC="0.99" CC="0500"/>
						<SP ID="P39_SP00204" HPOS="910" VPOS="2806" WIDTH="28"/>
						<String ID="P39_ST00232" HPOS="938" VPOS="2739" WIDTH="408" HEIGHT="66" CONTENT="Sedemund" WC="0.80" CC="00045500"/>
						<SP ID="P39_SP00205" HPOS="1346" VPOS="2806" WIDTH="43"/>
						<String ID="P39_ST00233" HPOS="1389" VPOS="2737" WIDTH="382" HEIGHT="81" CONTENT="(spöttisch):" WC="1.00" CC="100000400700"/>
						<SP ID="P39_SP00206" HPOS="1771" VPOS="2818" WIDTH="40"/>
						<String ID="P39_ST00234" HPOS="1811" VPOS="2738" WIDTH="100" HEIGHT="60" CONTENT="Du" WC="1.00" CC="00"/>
						<SP ID="P39_SP00207" HPOS="1911" VPOS="2818" WIDTH="43"/>
						<String ID="P39_ST00235" HPOS="1954" VPOS="2737" WIDTH="219" HEIGHT="61" CONTENT="kannst" WC="0.99" CC="005200"/>
						<SP ID="P39_SP00208" HPOS="2173" VPOS="2818" WIDTH="42"/>
						<String ID="P39_ST00236" HPOS="2215" VPOS="2733" WIDTH="154" HEIGHT="61" CONTENT="auch" WC="0.99" CC="0500"/>
						<SP ID="P39_SP00209" HPOS="2369" VPOS="2818" WIDTH="44"/>
						<String ID="P39_ST00237" HPOS="2413" VPOS="2756" WIDTH="69" HEIGHT="36" CONTENT="so" WC="0.85" CC="02"/>
						<SP ID="P39_SP00210" HPOS="2482" VPOS="2818" WIDTH="45"/>
						<String ID="P39_ST00238" HPOS="2527" VPOS="2753" WIDTH="215" HEIGHT="56" CONTENT="sagen:" WC="0.99" CC="009000"/>
						<SP ID="P39_SP00211" HPOS="2742" VPOS="2818" WIDTH="30"/>
						<String ID="P39_ST00239" HPOS="2772" VPOS="2752" WIDTH="125" HEIGHT="38" CONTENT="was" WC="1.00" CC="000"/>
					</TextLine>
					<TextLine ID="P39_TL00029" HPOS="664" VPOS="2810" WIDTH="2235" HEIGHT="90">
						<String ID="P39_ST00240" HPOS="664" VPOS="2827" WIDTH="98" HEIGHT="61" CONTENT="ich" WC="0.98" CC="400"/>
						<SP ID="P39_SP00212" HPOS="762" VPOS="2888" WIDTH="52"/>
						<String ID="P39_ST00241" HPOS="814" VPOS="2825" WIDTH="166" HEIGHT="61" CONTENT="nicht" WC="0.99" CC="04000"/>
						<SP ID="P39_SP00213" HPOS="980" VPOS="2888" WIDTH="51"/>
						<String ID="P39_ST00242" HPOS="1031" VPOS="2832" WIDTH="220" HEIGHT="68" CONTENT="gesagt" WC="1.00" CC="000000"/>
						<SP ID="P39_SP00214" HPOS="1251" VPOS="2900" WIDTH="50"/>
						<String ID="P39_ST00243" HPOS="1301" VPOS="2820" WIDTH="179" HEIGHT="71" CONTENT="habe," WC="1.00" CC="00300"/>
						<SP ID="P39_SP00215" HPOS="1480" VPOS="2900" WIDTH="54"/>
						<String ID="P39_ST00244" HPOS="1534" VPOS="2822" WIDTH="76" HEIGHT="58" CONTENT="ist" WC="1.00" CC="000"/>
						<SP ID="P39_SP00216" HPOS="1610" VPOS="2900" WIDTH="43"/>
						<String ID="P39_ST00245" HPOS="1653" VPOS="2842" WIDTH="70" HEIGHT="37" CONTENT="so" WC="0.77" CC="30"/>
						<SP ID="P39_SP00217" HPOS="1723" VPOS="2900" WIDTH="43"/>
						<String ID="P39_ST00246" HPOS="1766" VPOS="2829" WIDTH="128" HEIGHT="66" CONTENT="gut," WC="1.00" CC="0001"/>
						<SP ID="P39_SP00218" HPOS="1894" VPOS="2900" WIDTH="46"/>
						<String ID="P39_ST00247" HPOS="1940" VPOS="2817" WIDTH="88" HEIGHT="61" CONTENT="als" WC="0.98" CC="040"/>
						<SP ID="P39_SP00219" HPOS="2028" VPOS="2900" WIDTH="44"/>
						<String ID="P39_ST00248" HPOS="2072" VPOS="2815" WIDTH="167" HEIGHT="61" CONTENT="hätte" WC="0.99" CC="60001"/>
						<SP ID="P39_SP00220" HPOS="2239" VPOS="2900" WIDTH="42"/>
						<String ID="P39_ST00249" HPOS="2281" VPOS="2813" WIDTH="141" HEIGHT="62" CONTENT="ich’s" WC="0.74" CC="40080"/>
						<SP ID="P39_SP00221" HPOS="2422" VPOS="2900" WIDTH="44"/>
						<String ID="P39_ST00250" HPOS="2466" VPOS="2820" WIDTH="236" HEIGHT="70" CONTENT="gesagt," WC="1.00" CC="0000000"/>
						<SP ID="P39_SP00222" HPOS="2702" VPOS="2900" WIDTH="45"/>
						<String ID="P39_ST00251" HPOS="2747" VPOS="2810" WIDTH="152" HEIGHT="61" CONTENT="oder" WC="0.98" CC="0015"/>
					</TextLine>
					<TextLine ID="P39_TL00030" HPOS="663" VPOS="2890" WIDTH="2235" HEIGHT="88">
						<String ID="P39_ST00252" HPOS="663" VPOS="2928" WIDTH="124" HEIGHT="40" CONTENT="was" WC="1.00" CC="000"/>
						<SP ID="P39_SP00223" HPOS="787" VPOS="2968" WIDTH="52"/>
						<String ID="P39_ST00253" HPOS="839" VPOS="2905" WIDTH="97" HEIGHT="61" CONTENT="ich" WC="0.98" CC="400"/>
						<SP ID="P39_SP00224" HPOS="936" VPOS="2968" WIDTH="50"/>
						<String ID="P39_ST00254" HPOS="986" VPOS="2913" WIDTH="121" HEIGHT="62" CONTENT="tue," WC="1.00" CC="0000"/>
						<SP ID="P39_SP00225" HPOS="1107" VPOS="2975" WIDTH="61"/>
						<String ID="P39_ST00255" HPOS="1168" VPOS="2904" WIDTH="78" HEIGHT="59" CONTENT="ist" WC="0.98" CC="320"/>
						<SP ID="P39_SP00226" HPOS="1246" VPOS="2975" WIDTH="50"/>
						<String ID="P39_ST00256" HPOS="1296" VPOS="2925" WIDTH="70" HEIGHT="36" CONTENT="so" WC="1.00" CC="00"/>
						<SP ID="P39_SP00227" HPOS="1366" VPOS="2975" WIDTH="45"/>
						<String ID="P39_ST00257" HPOS="1411" VPOS="2909" WIDTH="127" HEIGHT="69" CONTENT="gut," WC="0.98" CC="0404"/>
						<SP ID="P39_SP00228" HPOS="1538" VPOS="2978" WIDTH="54"/>
						<String ID="P39_ST00258" HPOS="1592" VPOS="2898" WIDTH="88" HEIGHT="62" CONTENT="als" WC="0.98" CC="050"/>
						<SP ID="P39_SP00229" HPOS="1680" VPOS="2978" WIDTH="43"/>
						<String ID="P39_ST00259" HPOS="1723" VPOS="2897" WIDTH="166" HEIGHT="63" CONTENT="hätte" WC="1.00" CC="00001"/>
						<SP ID="P39_SP00230" HPOS="1889" VPOS="2978" WIDTH="45"/>
						<String ID="P39_ST00260" HPOS="1934" VPOS="2897" WIDTH="141" HEIGHT="61" CONTENT="ich’s" WC="0.73" CC="50080"/>
						<SP ID="P39_SP00231" HPOS="2075" VPOS="2978" WIDTH="43"/>
						<String ID="P39_ST00261" HPOS="2118" VPOS="2895" WIDTH="165" HEIGHT="61" CONTENT="nicht" WC="0.99" CC="33000"/>
						<SP ID="P39_SP00232" HPOS="2283" VPOS="2978" WIDTH="42"/>
						<String ID="P39_ST00262" HPOS="2325" VPOS="2903" WIDTH="202" HEIGHT="67" CONTENT="getan," WC="1.00" CC="000050"/>
						<SP ID="P39_SP00233" HPOS="2527" VPOS="2978" WIDTH="56"/>
						<String ID="P39_ST00263" HPOS="2583" VPOS="2890" WIDTH="151" HEIGHT="62" CONTENT="oder" WC="0.99" CC="4000"/>
						<SP ID="P39_SP00234" HPOS="2734" VPOS="2978" WIDTH="39"/>
						<String ID="P39_ST00264" HPOS="2773" VPOS="2913" WIDTH="125" HEIGHT="37" CONTENT="was" WC="0.97" CC="051"/>
					</TextLine>
					<TextLine ID="P39_TL00031" HPOS="665" VPOS="2970" WIDTH="2232" HEIGHT="93">
						<String ID="P39_ST00265" HPOS="665" VPOS="2987" WIDTH="98" HEIGHT="62" CONTENT="ich" WC="0.98" CC="500"/>
						<SP ID="P39_SP00235" HPOS="763" VPOS="3049" WIDTH="52"/>
						<String ID="P39_ST00266" HPOS="815" VPOS="2985" WIDTH="156" HEIGHT="61" CONTENT="nicht" WC="1.00" CC="02000"/>
						<SP ID="P39_SP00236" HPOS="971" VPOS="3049" WIDTH="51"/>
						<String ID="P39_ST00267" HPOS="1022" VPOS="2993" WIDTH="180" HEIGHT="70" CONTENT="getan" WC="1.00" CC="00001"/>
						<SP ID="P39_SP00237" HPOS="1202" VPOS="3063" WIDTH="52"/>
						<String ID="P39_ST00268" HPOS="1254" VPOS="2982" WIDTH="178" HEIGHT="72" CONTENT="habe," WC="0.98" CC="00753"/>
						<SP ID="P39_SP00238" HPOS="1432" VPOS="3063" WIDTH="52"/>
						<String ID="P39_ST00269" HPOS="1484" VPOS="2983" WIDTH="76" HEIGHT="58" CONTENT="ist" WC="0.99" CC="100"/>
						<SP ID="P39_SP00239" HPOS="1560" VPOS="3063" WIDTH="50"/>
						<String ID="P39_ST00270" HPOS="1610" VPOS="3003" WIDTH="70" HEIGHT="38" CONTENT="so" WC="1.00" CC="00"/>
						<SP ID="P39_SP00240" HPOS="1680" VPOS="3063" WIDTH="52"/>
						<String ID="P39_ST00271" HPOS="1732" VPOS="2978" WIDTH="283" HEIGHT="74" CONTENT="schlecht," WC="0.99" CC="006600700"/>
						<SP ID="P39_SP00241" HPOS="2015" VPOS="3063" WIDTH="53"/>
						<String ID="P39_ST00272" HPOS="2068" VPOS="2977" WIDTH="88" HEIGHT="61" CONTENT="als" WC="0.98" CC="030"/>
						<SP ID="P39_SP00242" HPOS="2156" VPOS="3063" WIDTH="41"/>
						<String ID="P39_ST00273" HPOS="2197" VPOS="2980" WIDTH="158" HEIGHT="56" CONTENT="wäre" WC="1.00" CC="0000"/>
						<SP ID="P39_SP00243" HPOS="2355" VPOS="3063" WIDTH="54"/>
						<String ID="P39_ST00274" HPOS="2409" VPOS="2997" WIDTH="66" HEIGHT="38" CONTENT="es" WC="1.00" CC="00"/>
						<SP ID="P39_SP00244" HPOS="2475" VPOS="3063" WIDTH="52"/>
						<String ID="P39_ST00275" HPOS="2527" VPOS="2970" WIDTH="370" HEIGHT="79" CONTENT="geschehen." WC="1.00" CC="0000000073"/>
					</TextLine>
					<TextLine ID="P39_TL00032" HPOS="666" VPOS="3050" WIDTH="2232" HEIGHT="89">
						<String ID="P39_ST00276" HPOS="666" VPOS="3068" WIDTH="112" HEIGHT="71" CONTENT="Na," WC="0.98" CC="202"/>
						<SP ID="P39_SP00245" HPOS="778" VPOS="3139" WIDTH="46"/>
						<String ID="P39_ST00277" HPOS="824" VPOS="3067" WIDTH="81" HEIGHT="59" CONTENT="du" WC="0.72" CC="05"/>
						<SP ID="P39_SP00246" HPOS="905" VPOS="3139" WIDTH="42"/>
						<String ID="P39_ST00278" HPOS="947" VPOS="3064" WIDTH="183" HEIGHT="62" CONTENT="weißt" WC="1.00" CC="00300"/>
						<SP ID="P39_SP00247" HPOS="1130" VPOS="3139" WIDTH="38"/>
						<String ID="P39_ST00279" HPOS="1168" VPOS="3062" WIDTH="158" HEIGHT="62" CONTENT="wohl" WC="0.99" CC="0400"/>
						<SP ID="P39_SP00248" HPOS="1326" VPOS="3139" WIDTH="41"/>
						<String ID="P39_ST00280" HPOS="1367" VPOS="3065" WIDTH="162" HEIGHT="74" CONTENT="jetzt," WC="1.00" CC="000004"/>
						<SP ID="P39_SP00249" HPOS="1529" VPOS="3139" WIDTH="42"/>
						<String ID="P39_ST00281" HPOS="1571" VPOS="3083" WIDTH="124" HEIGHT="38" CONTENT="wes" WC="1.00" CC="000"/>
						<SP ID="P39_SP00250" HPOS="1695" VPOS="3139" WIDTH="38"/>
						<String ID="P39_ST00282" HPOS="1733" VPOS="3059" WIDTH="245" HEIGHT="62" CONTENT="Geistes" WC="1.00" CC="0000030"/>
						<SP ID="P39_SP00251" HPOS="1978" VPOS="3139" WIDTH="45"/>
						<String ID="P39_ST00283" HPOS="2023" VPOS="3058" WIDTH="202" HEIGHT="61" CONTENT="dieses" WC="1.00" CC="000000"/>
						<SP ID="P39_SP00252" HPOS="2225" VPOS="3139" WIDTH="31"/>
						<String ID="P39_ST00284" HPOS="2256" VPOS="3055" WIDTH="169" HEIGHT="61" CONTENT="Haus" WC="1.00" CC="0000"/>
						<SP ID="P39_SP00253" HPOS="2425" VPOS="3139" WIDTH="41"/>
						<String ID="P39_ST00285" HPOS="2466" VPOS="3057" WIDTH="95" HEIGHT="67" CONTENT="ist," WC="0.99" CC="4001"/>
						<SP ID="P39_SP00254" HPOS="2561" VPOS="3139" WIDTH="45"/>
						<String ID="P39_ST00286" HPOS="2606" VPOS="3050" WIDTH="183" HEIGHT="62" CONTENT="weißt" WC="1.00" CC="00000"/>
						<SP ID="P39_SP00255" HPOS="2789" VPOS="3139" WIDTH="29"/>
						<String ID="P39_ST00287" HPOS="2818" VPOS="3052" WIDTH="80" HEIGHT="59" CONTENT="du" WC="0.64" CC="07"/>
					</TextLine>
					<TextLine ID="P39_TL00033" HPOS="675" VPOS="3132" WIDTH="2219" HEIGHT="87">
						<String ID="P39_ST00288" HPOS="675" VPOS="3148" WIDTH="181" HEIGHT="71" CONTENT="denn," WC="0.98" CC="00534"/>
						<SP ID="P39_SP00256" HPOS="856" VPOS="3219" WIDTH="43"/>
						<String ID="P39_ST00289" HPOS="899" VPOS="3170" WIDTH="71" HEIGHT="36" CONTENT="zu" WC="0.69" CC="60"/>
						<SP ID="P39_SP00257" HPOS="970" VPOS="3219" WIDTH="42"/>
						<String ID="P39_ST00290" HPOS="1012" VPOS="3168" WIDTH="123" HEIGHT="38" CONTENT="was" WC="1.00" CC="000"/>
						<SP ID="P39_SP00258" HPOS="1135" VPOS="3219" WIDTH="43"/>
						<String ID="P39_ST00291" HPOS="1178" VPOS="3144" WIDTH="93" HEIGHT="60" CONTENT="für" WC="0.97" CC="404"/>
						<SP ID="P39_SP00259" HPOS="1271" VPOS="3219" WIDTH="28"/>
						<String ID="P39_ST00292" HPOS="1299" VPOS="3142" WIDTH="241" HEIGHT="77" CONTENT="Dingen" WC="1.00" CC="002000"/>
						<SP ID="P39_SP00260" HPOS="1540" VPOS="3219" WIDTH="45"/>
						<String ID="P39_ST00293" HPOS="1585" VPOS="3142" WIDTH="81" HEIGHT="59" CONTENT="du" WC="0.74" CC="05"/>
						<SP ID="P39_SP00261" HPOS="1666" VPOS="3219" WIDTH="44"/>
						<String ID="P39_ST00294" HPOS="1710" VPOS="3140" WIDTH="143" HEIGHT="61" CONTENT="dich" WC="1.00" CC="0000"/>
						<SP ID="P39_SP00262" HPOS="1853" VPOS="3219" WIDTH="44"/>
						<String ID="P39_ST00295" HPOS="1897" VPOS="3138" WIDTH="216" HEIGHT="63" CONTENT="einmal" WC="0.99" CC="025501"/>
						<SP ID="P39_SP00263" HPOS="2113" VPOS="3219" WIDTH="30"/>
						<String ID="P39_ST00296" HPOS="2143" VPOS="3139" WIDTH="341" HEIGHT="74" CONTENT="bequemst," WC="0.86" CC="400102003"/>
						<SP ID="P39_SP00264" HPOS="2484" VPOS="3219" WIDTH="40"/>
						<String ID="P39_ST00297" HPOS="2524" VPOS="3138" WIDTH="78" HEIGHT="74" CONTENT="ja," WC="0.97" CC="402"/>
						<SP ID="P39_SP00265" HPOS="2602" VPOS="3219" WIDTH="44"/>
						<String ID="P39_ST00298" HPOS="2646" VPOS="3132" WIDTH="137" HEIGHT="62" CONTENT="hast" WC="0.98" CC="7000"/>
						<SP ID="P39_SP00266" HPOS="2783" VPOS="3219" WIDTH="30"/>
						<String ID="P39_ST00299" HPOS="2813" VPOS="3132" WIDTH="81" HEIGHT="60" CONTENT="du" WC="0.64" CC="07"/>
					</TextLine>
					<TextLine ID="P39_TL00034" HPOS="668" VPOS="3212" WIDTH="2232" HEIGHT="80">
						<String ID="P39_ST00300" HPOS="668" VPOS="3228" WIDTH="158" HEIGHT="61" CONTENT="nicht" WC="0.99" CC="62000"/>
						<SP ID="P39_SP00267" HPOS="826" VPOS="3289" WIDTH="42"/>
						<String ID="P39_ST00301" HPOS="868" VPOS="3225" WIDTH="184" HEIGHT="63" CONTENT="schon" WC="0.99" CC="00025"/>
						<SP ID="P39_SP00268" HPOS="1052" VPOS="3289" WIDTH="45"/>
						<String ID="P39_ST00302" HPOS="1097" VPOS="3223" WIDTH="273" HEIGHT="63" CONTENT="schlecht" WC="1.00" CC="00010000"/>
						<SP ID="P39_SP00269" HPOS="1370" VPOS="3289" WIDTH="42"/>
						<String ID="P39_ST00303" HPOS="1412" VPOS="3222" WIDTH="124" HEIGHT="62" CONTENT="und" WC="0.99" CC="300"/>
						<SP ID="P39_SP00270" HPOS="1536" VPOS="3289" WIDTH="42"/>
						<String ID="P39_ST00304" HPOS="1578" VPOS="3220" WIDTH="170" HEIGHT="63" CONTENT="recht" WC="0.99" CC="13100"/>
						<SP ID="P39_SP00271" HPOS="1748" VPOS="3289" WIDTH="30"/>
						<String ID="P39_ST00305" HPOS="1778" VPOS="3220" WIDTH="170" HEIGHT="61" CONTENT="recht" WC="0.99" CC="50000"/>
						<SP ID="P39_SP00272" HPOS="1948" VPOS="3289" WIDTH="37"/>
						<String ID="P39_ST00306" HPOS="1985" VPOS="3218" WIDTH="273" HEIGHT="62" CONTENT="schlecht" WC="1.00" CC="04050000"/>
						<SP ID="P39_SP00273" HPOS="2258" VPOS="3289" WIDTH="29"/>
						<String ID="P39_ST00307" HPOS="2287" VPOS="3241" WIDTH="74" HEIGHT="35" CONTENT="an" WC="0.67" CC="06"/>
						<SP ID="P39_SP00274" HPOS="2361" VPOS="3289" WIDTH="30"/>
						<String ID="P39_ST00308" HPOS="2391" VPOS="3217" WIDTH="108" HEIGHT="58" CONTENT="mir" WC="0.98" CC="060"/>
						<SP ID="P39_SP00275" HPOS="2499" VPOS="3289" WIDTH="23"/>
						<String ID="P39_ST00309" HPOS="2522" VPOS="3212" WIDTH="378" HEIGHT="80" CONTENT="gehandelt?" WC="1.00" CC="0000000054"/>
					</TextLine>
					<TextLine ID="P39_TL00035" HPOS="589" VPOS="3307" WIDTH="2313" HEIGHT="94">
						<String ID="P39_ST00310" HPOS="589" VPOS="3325" WIDTH="145" HEIGHT="61" CONTENT="Der" WC="0.98" CC="104"/>
						<SP ID="P39_SP00276" HPOS="734" VPOS="3386" WIDTH="40"/>
						<String ID="P39_ST00311" HPOS="774" VPOS="3327" WIDTH="216" HEIGHT="74" CONTENT="junge" WC="0.98" CC="05305"/>
						<SP ID="P39_SP00277" HPOS="990" VPOS="3401" WIDTH="42"/>
						<String ID="P39_ST00312" HPOS="1032" VPOS="3317" WIDTH="437" HEIGHT="66" CONTENT="Sedemund:" WC="0.95" CC="000004000"/>
						<SP ID="P39_SP00278" HPOS="1469" VPOS="3401" WIDTH="42"/>
						<String ID="P39_ST00313" HPOS="1511" VPOS="3316" WIDTH="234" HEIGHT="62" CONTENT="Wovor" WC="0.99" CC="06000"/>
						<SP ID="P39_SP00279" HPOS="1745" VPOS="3401" WIDTH="52"/>
						<String ID="P39_ST00314" HPOS="1797" VPOS="3316" WIDTH="96" HEIGHT="62" CONTENT="ich" WC="0.98" CC="400"/>
						<SP ID="P39_SP00280" HPOS="1893" VPOS="3401" WIDTH="52"/>
						<String ID="P39_ST00315" HPOS="1945" VPOS="3314" WIDTH="197" HEIGHT="63" CONTENT="sicher" WC="1.00" CC="012000"/>
						<SP ID="P39_SP00281" HPOS="2142" VPOS="3401" WIDTH="51"/>
						<String ID="P39_ST00316" HPOS="2193" VPOS="3313" WIDTH="122" HEIGHT="73" CONTENT="bin," WC="0.96" CC="6450"/>
						<SP ID="P39_SP00282" HPOS="2315" VPOS="3401" WIDTH="53"/>
						<String ID="P39_ST00317" HPOS="2368" VPOS="3309" WIDTH="122" HEIGHT="63" CONTENT="daß" WC="1.00" CC="000"/>
						<SP ID="P39_SP00283" HPOS="2490" VPOS="3401" WIDTH="52"/>
						<String ID="P39_ST00318" HPOS="2542" VPOS="3307" WIDTH="150" HEIGHT="63" CONTENT="ich’s" WC="0.86" CC="00700"/>
						<SP ID="P39_SP00284" HPOS="2692" VPOS="3401" WIDTH="44"/>
						<String ID="P39_ST00319" HPOS="2736" VPOS="3307" WIDTH="166" HEIGHT="62" CONTENT="nicht" WC="0.96" CC="62477"/>
					</TextLine>
					<TextLine ID="P39_TL00036" HPOS="671" VPOS="3396" WIDTH="1438" HEIGHT="80">
						<String ID="P39_ST00320" HPOS="671" VPOS="3403" WIDTH="216" HEIGHT="63" CONTENT="einmal" WC="0.98" CC="243006"/>
						<SP ID="P39_SP00285" HPOS="887" VPOS="3466" WIDTH="44"/>
						<String ID="P39_ST00321" HPOS="931" VPOS="3401" WIDTH="151" HEIGHT="62" CONTENT="tue?" WC="0.99" CC="0600"/>
						<SP ID="P39_SP00286" HPOS="1082" VPOS="3466" WIDTH="84"/>
						<String ID="P39_ST00322" HPOS="1166" VPOS="3399" WIDTH="127" HEIGHT="63" CONTENT="Das" WC="1.00" CC="000"/>
						<SP ID="P39_SP00287" HPOS="1293" VPOS="3466" WIDTH="43"/>
						<String ID="P39_ST00323" HPOS="1336" VPOS="3397" WIDTH="99" HEIGHT="62" CONTENT="laß" WC="0.98" CC="303"/>
						<SP ID="P39_SP00288" HPOS="1435" VPOS="3466" WIDTH="43"/>
						<String ID="P39_ST00324" HPOS="1478" VPOS="3399" WIDTH="196" HEIGHT="59" CONTENT="meine" WC="0.99" CC="00600"/>
						<SP ID="P39_SP00289" HPOS="1674" VPOS="3466" WIDTH="43"/>
						<String ID="P39_ST00325" HPOS="1717" VPOS="3396" WIDTH="198" HEIGHT="80" CONTENT="Sorge" WC="0.99" CC="42000"/>
						<SP ID="P39_SP00290" HPOS="1915" VPOS="3476" WIDTH="44"/>
						<String ID="P39_ST00326" HPOS="1959" VPOS="3398" WIDTH="150" HEIGHT="59" CONTENT="sein." WC="0.98" CC="00543"/>
					</TextLine>
					<TextLine ID="P39_TL00037" HPOS="591" VPOS="3483" WIDTH="2309" HEIGHT="79">
						<String ID="P39_ST00327" HPOS="591" VPOS="3502" WIDTH="144" HEIGHT="60" CONTENT="Der" WC="0.98" CC="060"/>
						<SP ID="P39_SP00291" HPOS="735" VPOS="3562" WIDTH="43"/>
						<String ID="P39_ST00328" HPOS="778" VPOS="3500" WIDTH="142" HEIGHT="61" CONTENT="alte" WC="0.98" CC="3600"/>
						<SP ID="P39_SP00292" HPOS="920" VPOS="3562" WIDTH="38"/>
						<String ID="P39_ST00329" HPOS="958" VPOS="3496" WIDTH="434" HEIGHT="65" CONTENT="Sedemund:" WC="0.87" CC="200002600"/>
						<SP ID="P39_SP00293" HPOS="1392" VPOS="3562" WIDTH="31"/>
						<String ID="P39_ST00330" HPOS="1423" VPOS="3495" WIDTH="176" HEIGHT="61" CONTENT="Kann" WC="0.98" CC="4002"/>
						<SP ID="P39_SP00294" HPOS="1599" VPOS="3562" WIDTH="44"/>
						<String ID="P39_ST00331" HPOS="1643" VPOS="3518" WIDTH="66" HEIGHT="38" CONTENT="es" WC="1.00" CC="00"/>
						<SP ID="P39_SP00295" HPOS="1709" VPOS="3562" WIDTH="43"/>
						<String ID="P39_ST00332" HPOS="1752" VPOS="3493" WIDTH="168" HEIGHT="61" CONTENT="nicht" WC="0.98" CC="56000"/>
						<SP ID="P39_SP00296" HPOS="1920" VPOS="3562" WIDTH="42"/>
						<String ID="P39_ST00333" HPOS="1962" VPOS="3515" WIDTH="68" HEIGHT="39" CONTENT="so" WC="0.89" CC="02"/>
						<SP ID="P39_SP00297" HPOS="2030" VPOS="3562" WIDTH="31"/>
						<String ID="P39_ST00334" HPOS="2061" VPOS="3488" WIDTH="521" HEIGHT="70" CONTENT="herauskommen," WC="1.00" CC="0000600400053"/>
						<SP ID="P39_SP00298" HPOS="2582" VPOS="3562" WIDTH="33"/>
						<String ID="P39_ST00335" HPOS="2615" VPOS="3483" WIDTH="120" HEIGHT="64" CONTENT="daß" WC="0.99" CC="001"/>
						<SP ID="P39_SP00299" HPOS="2735" VPOS="3562" WIDTH="32"/>
						<String ID="P39_ST00336" HPOS="2767" VPOS="3509" WIDTH="133" HEIGHT="35" CONTENT="man" WC="0.95" CC="507"/>
					</TextLine>
					<TextLine ID="P39_TL00038" HPOS="673" VPOS="3562" WIDTH="2227" HEIGHT="88">
						<String ID="P39_ST00337" HPOS="673" VPOS="3580" WIDTH="217" HEIGHT="62" CONTENT="einmal" WC="0.99" CC="060016"/>
						<SP ID="P39_SP00300" HPOS="890" VPOS="3642" WIDTH="60"/>
						<String ID="P39_ST00338" HPOS="950" VPOS="3577" WIDTH="252" HEIGHT="64" CONTENT="belohnt" WC="1.00" CC="5000000"/>
						<SP ID="P39_SP00301" HPOS="1202" VPOS="3642" WIDTH="60"/>
						<String ID="P39_ST00339" HPOS="1262" VPOS="3575" WIDTH="150" HEIGHT="62" CONTENT="wird" WC="0.97" CC="0670"/>
						<SP ID="P39_SP00302" HPOS="1412" VPOS="3642" WIDTH="63"/>
						<String ID="P39_ST00340" HPOS="1475" VPOS="3572" WIDTH="191" HEIGHT="74" CONTENT="dafür," WC="0.99" CC="007000"/>
						<SP ID="P39_SP00303" HPOS="1666" VPOS="3646" WIDTH="66"/>
						<String ID="P39_ST00341" HPOS="1732" VPOS="3573" WIDTH="154" HEIGHT="61" CONTENT="böse" WC="0.98" CC="6300"/>
						<SP ID="P39_SP00304" HPOS="1886" VPOS="3646" WIDTH="68"/>
						<String ID="P39_ST00342" HPOS="1954" VPOS="3594" WIDTH="281" HEIGHT="56" CONTENT="gewesen" WC="1.00" CC="0000000"/>
						<SP ID="P39_SP00305" HPOS="2235" VPOS="3650" WIDTH="63"/>
						<String ID="P39_ST00343" HPOS="2298" VPOS="3593" WIDTH="69" HEIGHT="35" CONTENT="zu" WC="0.44" CC="46"/>
						<SP ID="P39_SP00306" HPOS="2367" VPOS="3650" WIDTH="53"/>
						<String ID="P39_ST00344" HPOS="2420" VPOS="3570" WIDTH="149" HEIGHT="68" CONTENT="sein," WC="0.99" CC="03401"/>
						<SP ID="P39_SP00307" HPOS="2569" VPOS="3650" WIDTH="54"/>
						<String ID="P39_ST00345" HPOS="2623" VPOS="3565" WIDTH="87" HEIGHT="61" CONTENT="als" WC="0.99" CC="030"/>
						<SP ID="P39_SP00308" HPOS="2710" VPOS="3650" WIDTH="53"/>
						<String ID="P39_ST00346" HPOS="2763" VPOS="3562" WIDTH="103" HEIGHT="62" CONTENT="Ent" SUBS_TYPE="HypPart1" SUBS_CONTENT="Entschädigung" WC="0.99" CC="300"/>
						<HYP HPOS="2866" VPOS="3562" WIDTH="34" CONTENT="-"/>
					</TextLine>
					<TextLine ID="P39_TL00039" HPOS="674" VPOS="3648" WIDTH="2229" HEIGHT="91">
						<String ID="P39_ST00347" HPOS="674" VPOS="3660" WIDTH="376" HEIGHT="79" CONTENT="schädigung" SUBS_TYPE="HypPart2" SUBS_CONTENT="Entschädigung" WC="0.99" CC="0370010570"/>
						<SP ID="P39_SP00309" HPOS="1050" VPOS="3739" WIDTH="140"/>
						<String ID="P39_ST00348" HPOS="1190" VPOS="3655" WIDTH="276" HEIGHT="73" CONTENT="nämlich," WC="0.99" CC="20505101"/>
						<SP ID="P39_SP00310" HPOS="1466" VPOS="3739" WIDTH="65"/>
						<String ID="P39_ST00349" HPOS="1531" VPOS="3653" WIDTH="122" HEIGHT="61" CONTENT="und" WC="0.98" CC="600"/>
						<SP ID="P39_SP00311" HPOS="1653" VPOS="3739" WIDTH="65"/>
						<String ID="P39_ST00350" HPOS="1718" VPOS="3652" WIDTH="119" HEIGHT="62" CONTENT="daß" WC="1.00" CC="000"/>
						<SP ID="P39_SP00312" HPOS="1837" VPOS="3739" WIDTH="65"/>
						<String ID="P39_ST00351" HPOS="1902" VPOS="3652" WIDTH="108" HEIGHT="61" CONTENT="der" WC="0.96" CC="055"/>
						<SP ID="P39_SP00313" HPOS="2010" VPOS="3739" WIDTH="61"/>
						<String ID="P39_ST00352" HPOS="2071" VPOS="3650" WIDTH="161" HEIGHT="63" CONTENT="Gute" WC="0.97" CC="0605"/>
						<SP ID="P39_SP00314" HPOS="2232" VPOS="3739" WIDTH="61"/>
						<String ID="P39_ST00353" HPOS="2293" VPOS="3648" WIDTH="93" HEIGHT="61" CONTENT="für" WC="0.95" CC="606"/>
						<SP ID="P39_SP00315" HPOS="2386" VPOS="3739" WIDTH="50"/>
						<String ID="P39_ST00354" HPOS="2436" VPOS="3651" WIDTH="129" HEIGHT="58" CONTENT="sein" WC="0.97" CC="0505"/>
						<SP ID="P39_SP00316" HPOS="2565" VPOS="3739" WIDTH="62"/>
						<String ID="P39_ST00355" HPOS="2627" VPOS="3665" WIDTH="276" HEIGHT="41" CONTENT="enormes" WC="0.98" CC="6714025"/>
					</TextLine>
					<TextLine ID="P39_TL00040" HPOS="675" VPOS="3736" WIDTH="682" HEIGHT="69">
						<String ID="P39_ST00356" HPOS="675" VPOS="3741" WIDTH="201" HEIGHT="64" CONTENT="Glück" WC="0.99" CC="05000"/>
						<SP ID="P39_SP00317" HPOS="876" VPOS="3805" WIDTH="42"/>
						<String ID="P39_ST00357" HPOS="918" VPOS="3739" WIDTH="203" HEIGHT="62" CONTENT="büßen" WC="0.98" CC="60203"/>
						<SP ID="P39_SP00318" HPOS="1121" VPOS="3805" WIDTH="46"/>
						<String ID="P39_ST00358" HPOS="1167" VPOS="3736" WIDTH="190" HEIGHT="62" CONTENT="muß?" WC="0.98" CC="0630"/>
					</TextLine>
					<TextLine ID="P39_TL00041" HPOS="1243" VPOS="3827" WIDTH="1010" HEIGHT="56">
						<String ID="P39_ST00359" HPOS="1243" VPOS="3834" WIDTH="149" HEIGHT="49" CONTENT="Frau" WC="0.97" CC="3206" STYLEREFS="TXT_5"/>
						<SP ID="P39_SP00319" HPOS="1392" VPOS="3883" WIDTH="34"/>
						<String ID="P39_ST00360" HPOS="1426" VPOS="3831" WIDTH="206" HEIGHT="51" CONTENT="Grude" WC="0.97" CC="01575" STYLEREFS="TXT_5"/>
						<SP ID="P39_SP00320" HPOS="1632" VPOS="3883" WIDTH="34"/>
						<String ID="P39_ST00361" HPOS="1666" VPOS="3831" WIDTH="190" HEIGHT="47" CONTENT="kommt" WC="0.97" CC="47230" STYLEREFS="TXT_5"/>
						<SP ID="P39_SP00321" HPOS="1856" VPOS="3883" WIDTH="32"/>
						<String ID="P39_ST00362" HPOS="1888" VPOS="3830" WIDTH="92" HEIGHT="48" CONTENT="mit" WC="0.96" CC="460" STYLEREFS="TXT_5"/>
						<SP ID="P39_SP00322" HPOS="1980" VPOS="3883" WIDTH="33"/>
						<String ID="P39_ST00363" HPOS="2013" VPOS="3827" WIDTH="240" HEIGHT="51" CONTENT="Sabine." WC="0.98" CC="0075473" STYLEREFS="TXT_5"/>
					</TextLine>
					<TextLine ID="P39_TL00042" HPOS="595" VPOS="3900" WIDTH="2309" HEIGHT="94">
						<String ID="P39_ST00364" HPOS="595" VPOS="3918" WIDTH="267" HEIGHT="63" CONTENT="Sabine" WC="0.99" CC="000441"/>
						<SP ID="P39_SP00323" HPOS="862" VPOS="3981" WIDTH="53"/>
						<String ID="P39_ST00365" HPOS="915" VPOS="3914" WIDTH="159" HEIGHT="80" CONTENT="(zum" WC="0.96" CC="3535"/>
						<SP ID="P39_SP00324" HPOS="1074" VPOS="3994" WIDTH="52"/>
						<String ID="P39_ST00366" HPOS="1126" VPOS="3914" WIDTH="158" HEIGHT="62" CONTENT="alten" WC="0.99" CC="05005"/>
						<SP ID="P39_SP00325" HPOS="1284" VPOS="3994" WIDTH="50"/>
						<String ID="P39_ST00367" HPOS="1334" VPOS="3910" WIDTH="408" HEIGHT="76" CONTENT="Sedemund):" WC="0.83" CC="1000550004"/>
						<SP ID="P39_SP00326" HPOS="1742" VPOS="3994" WIDTH="72"/>
						<String ID="P39_ST00368" HPOS="1814" VPOS="3909" WIDTH="103" HEIGHT="63" CONTENT="Sie" WC="0.99" CC="010"/>
						<SP ID="P39_SP00327" HPOS="1917" VPOS="3994" WIDTH="52"/>
						<String ID="P39_ST00369" HPOS="1969" VPOS="3909" WIDTH="199" HEIGHT="61" CONTENT="haben" WC="0.99" CC="60000"/>
						<SP ID="P39_SP00328" HPOS="2168" VPOS="3994" WIDTH="62"/>
						<String ID="P39_ST00370" HPOS="2230" VPOS="3902" WIDTH="430" HEIGHT="80" CONTENT="versprochen," WC="0.99" CC="000407407024"/>
						<SP ID="P39_SP00329" HPOS="2660" VPOS="3994" WIDTH="68"/>
						<String ID="P39_ST00371" HPOS="2728" VPOS="3900" WIDTH="176" HEIGHT="71" CONTENT="mich," WC="0.99" CC="07002"/>
					</TextLine>
					<TextLine ID="P39_TL00043" HPOS="678" VPOS="3980" WIDTH="2226" HEIGHT="87">
						<String ID="P39_ST00372" HPOS="678" VPOS="3998" WIDTH="300" HEIGHT="62" CONTENT="nachdem" WC="0.99" CC="4000060"/>
						<SP ID="P39_SP00330" HPOS="978" VPOS="4060" WIDTH="52"/>
						<String ID="P39_ST00373" HPOS="1030" VPOS="3995" WIDTH="104" HEIGHT="64" CONTENT="Sie" WC="0.97" CC="106"/>
						<SP ID="P39_SP00331" HPOS="1134" VPOS="4060" WIDTH="53"/>
						<String ID="P39_ST00374" HPOS="1187" VPOS="3994" WIDTH="158" HEIGHT="62" CONTENT="mich" WC="0.98" CC="5200"/>
						<SP ID="P39_SP00332" HPOS="1345" VPOS="4060" WIDTH="50"/>
						<String ID="P39_ST00375" HPOS="1395" VPOS="4017" WIDTH="108" HEIGHT="38" CONTENT="aus" WC="0.98" CC="400"/>
						<SP ID="P39_SP00333" HPOS="1503" VPOS="4060" WIDTH="51"/>
						<String ID="P39_ST00376" HPOS="1554" VPOS="3993" WIDTH="107" HEIGHT="61" CONTENT="der" WC="0.95" CC="077"/>
						<SP ID="P39_SP00334" HPOS="1661" VPOS="4060" WIDTH="43"/>
						<String ID="P39_ST00377" HPOS="1704" VPOS="3990" WIDTH="182" HEIGHT="62" CONTENT="Hölle" WC="0.98" CC="00045"/>
						<SP ID="P39_SP00335" HPOS="1886" VPOS="4060" WIDTH="43"/>
						<String ID="P39_ST00378" HPOS="1929" VPOS="3989" WIDTH="211" HEIGHT="78" CONTENT="geholt" WC="0.98" CC="900060"/>
						<SP ID="P39_SP00336" HPOS="2140" VPOS="4067" WIDTH="40"/>
						<String ID="P39_ST00379" HPOS="2180" VPOS="3987" WIDTH="220" HEIGHT="72" CONTENT="haben," WC="0.98" CC="006762"/>
						<SP ID="P39_SP00337" HPOS="2400" VPOS="4067" WIDTH="44"/>
						<String ID="P39_ST00380" HPOS="2444" VPOS="3982" WIDTH="155" HEIGHT="63" CONTENT="auch" WC="0.96" CC="0627"/>
						<SP ID="P39_SP00338" HPOS="2599" VPOS="4067" WIDTH="45"/>
						<String ID="P39_ST00381" HPOS="2644" VPOS="3980" WIDTH="161" HEIGHT="65" CONTENT="noch" WC="0.98" CC="5300"/>
						<SP ID="P39_SP00339" HPOS="2805" VPOS="4067" WIDTH="42"/>
						<String ID="P39_ST00382" HPOS="2847" VPOS="3984" WIDTH="57" HEIGHT="58" CONTENT="in" WC="0.66" CC="06"/>
					</TextLine>
				</TextBlock>
			</PrintSpace>
		</Page>
	</Layout>
</alto>
