3172 4622
353 398 167 61 Rene
539 398 299 63 Schickste
881 433 11 14 •
934 399 123 61 Wie
1084 399 236 62 verhält
1347 426 62 37 es
1436 404 124 60 sich
1590 407 111 57 mit
1728 405 137 60 dem
1893 404 559 80 Expressionismus
2465 410 34 59 ?

2535 410 122 62 337

898 1262 182 74 WIE
1129 1255 485 86 VERHÄLT
1665 1267 114 76 ES
1830 1270 244 73 SICH

732 1389 168 74 MIT
953 1389 209 76 DEM
1215 1392 1034 81 EXPRESSIONISMUS?

1181 1055 198 74 René
1422 1055 387 74 Schickele

414 1673 137 61 Von
595 1697 219 38 unsern
854 1674 511 82 Altersgenossen
1409 1684 57 58 in
1520 1683 109 60 der
1670 1683 292 62 Literatur
2010 1695 204 53 setzen
2268 1691 217 77 einige,
2537 1692 99 61 die

334 1752 157 62 nicht
520 1754 543 78 „mitgekommen“
1088 1782 218 50 waren,
1339 1762 101 60 auf
1468 1762 99 61 ihn
1596 1786 132 38 zum
1758 1765 491 63 konzentrischen
2270 1767 244 80 Angriff
2541 1795 94 38 an.

416 1865 131 61 Wir
588 1866 265 62 konnten
896 1869 109 62 das
1035 1870 148 61 Feld
1224 1878 260 68 räumen,
1516 1875 157 61 ohne
1703 1900 110 37 uns
1842 1880 106 58 mit
1977 1878 185 62 ihrem
2194 1879 442 67 Ressentiment

330 1946 697 64 auseinanderzusetzen.
1088 1951 176 61 Denn
1305 1977 123 38 was
1471 1955 148 76 geht
1659 1980 111 37 uns
1813 1958 201 61 dieser
2042 1959 240 62 Handel
2325 1961 123 63 an?
2505 1964 129 63 Das

331 2024 177 62 Wort
551 2030 76 57 ist
666 2030 203 58 weder
909 2052 118 38 von
1071 2054 130 52 uns,
1245 2032 150 61 noch
1438 2034 199 62 haben
1678 2041 105 55 wir
1826 2039 98 60 die
1960 2038 214 74 Sache,
2217 2041 100 61 die
2358 2046 105 58 wir
2503 2068 97 38 ver-

326 2115 215 64 treten,
593 2105 186 62 damit
830 2109 280 76 gedeckt.
1195 2112 179 61 Habe
1424 2115 110 72 ich,
1581 2139 172 37 wenn
1807 2118 86 59 ich
1946 2130 173 50 unter
2167 2120 461 66 Bildnerischem

326 2185 124 60 und
487 2184 443 64 Literarischem
969 2189 92 61 für
1097 2194 133 58 eine
1261 2191 332 65 Zeitschrift
1629 2198 344 73 auswählte,
2016 2203 60 73 je
2115 2203 132 58 eine
2282 2201 346 65 Kleckserei

323 2265 432 77 reproduziert,
798 2270 135 58 eine
977 2269 388 64 unleserliche
1407 2273 167 62 Seite
1618 2276 340 77 gedruckt?
2020 2279 125 61 Hat
2185 2279 339 80 Edschmid,
2570 2288 57 58 in

322 2345 137 60 dem
504 2349 87 57 sie
636 2346 119 61 den
798 2370 232 55 ganzen
1074 2349 551 80 Expressionismus
1668 2356 374 63 demolieren
2094 2360 235 75 wollen,
2380 2364 133 61 weil
2564 2389 64 37 er

322 2425 113 61 des
466 2425 381 79 Programms
876 2426 133 64 Roß
1052 2431 124 60 und
1205 2431 203 62 Reiter
1449 2440 108 67 sei,
1601 2438 57 57 in
1701 2439 209 60 seinen
1939 2438 272 63 Kritiken
2245 2445 61 74 je
2338 2445 95 59 ein
2465 2444 161 62 Buch

322 2505 370 79 empfohlen,
735 2507 223 61 dessen
1005 2509 257 63 Lektüre
1305 2516 133 57 eine
1483 2515 439 81 mehrwöchige
1965 2523 261 76 geistige
2269 2519 357 81 Gymnastik

321 2596 461 68 vorausgesetzt
822 2586 213 64 hätte?

400 2695 127 63 Der
567 2698 239 62 Handel
854 2703 187 76 ginge
1092 2703 294 62 vielleicht
1436 2704 319 77 Marinetti,
1804 2708 249 65 Picasso
2104 2713 124 61 und
2279 2713 339 65 Sternheim

321 2775 122 63 an?
524 2777 102 63 Sie
670 2779 283 62 bestiehlt
995 2806 155 49 man,
1193 2786 148 59 aber
1383 2810 132 37 man
1559 2788 179 76 greift
1780 2794 89 56 sie
1911 2792 156 61 nicht
2109 2817 95 38 an.
2283 2794 116 63 Um
2440 2797 144 61 abzu-

321 2853 231 77 lenken,
594 2862 160 75 zeigt
797 2883 133 37 man
974 2861 296 63 daneben.
1336 2864 141 63 Und
1516 2866 152 62 doch
1699 2868 245 79 begann
1973 2872 111 61 das
2113 2872 237 75 Unheil,
2393 2876 89 61 als
2510 2877 108 61 der

320 2933 325 80 begeistert
687 2939 302 62 suchende
1027 2942 314 63 Herwarth
1374 2946 256 62 Waiden
1672 2948 151 62 über
1865 2952 118 61 den
2026 2963 260 52 smarten
2316 2954 298 65 Marinetti

318 3017 305 76 stolperte,
675 3021 108 59 der
824 3021 228 77 gerade
1094 3027 106 57 mit
1242 3026 137 61 dem
1424 3027 441 65 futuristischen
1911 3031 425 64 Musterkoffer
2377 3035 240 81 Europa

318 3092 276 64 bereiste.
646 3098 246 80 Begann
922 3101 92 61 für
1042 3102 98 62 die
1170 3104 206 61 Maler.
1428 3107 117 61 Für
1573 3108 100 61 die
1696 3108 438 78 Schriftsteller,
2164 3113 89 61 als
2274 3113 339 65 Sternheim

317 3177 105 56 mit
462 3175 108 59 der
596 3177 430 63 Konstruktion
1069 3186 197 58 seiner
1292 3183 526 80 Sprachmaschine
1861 3196 212 56 soweit
2103 3192 179 79 fertig
2307 3217 140 50 war,
2490 3197 119 61 daß

316 3275 66 38 er
422 3255 59 59 in
525 3259 131 57 eine
698 3259 191 76 große
930 3261 370 64 Produktion
1344 3269 296 59 eintreten
1684 3268 245 64 konnte.

392 3365 229 63 Bereits
662 3371 168 61 sechs
861 3372 243 64 Monate
1145 3381 206 74 später
1391 3377 223 64 konnte
1657 3405 135 37 man
1837 3407 177 36 unsre
2043 3382 189 63 Maler
2259 3385 157 62 nicht
2443 3389 170 61 mehr

312 3447 378 74 verhindern,
732 3450 120 61 daß
895 3457 88 58 sie
1024 3456 121 61 sich
1191 3457 126 61 ihre
1346 3459 428 64 Schnurrbärte
1811 3462 372 63 abschnitten
2222 3466 122 61 und
2382 3469 102 60 auf
2519 3469 92 61 ihr

309 3525 439 81 Selbstporträt
787 3531 363 78 aufklebten,
1193 3560 121 38 war
1355 3563 67 38 es
1464 3564 71 37 zu
1578 3548 154 71 spät,
1776 3543 355 62 Wustmann
2171 3569 203 55 gegen
2402 3546 171 64 Stern-

308 3606 158 61 heim
524 3630 71 37 zu
655 3607 218 64 halten.
956 3612 165 64 Weit
1176 3617 123 60 und
1361 3619 156 62 breit
1574 3621 164 61 hatte
1799 3623 150 59 über
2006 3624 111 61 das
2169 3624 264 63 Deutsch
2494 3628 112 61 das

308 3685 440 65 Kirchenlatein
789 3692 254 77 gesiegt.

386 3799 58 61 In
488 3800 110 61 der
637 3800 329 63 bildenden
995 3804 195 64 Kunst
1229 3818 117 52 trat
1388 3814 133 57 eine
1557 3816 228 69 zweite,
1828 3813 251 62 diesmal
2106 3816 140 62 sehr
2274 3818 328 65 ernsthafte

302 3877 457 83 Verschiebung
815 3882 132 63 aufs
1004 3894 130 52 tote
1184 3887 172 64 Gleis
1414 3894 94 59 ein
1569 3893 281 74 dadurch,
1910 3894 120 61 daß
2091 3899 95 59 ein
2239 3896 327 67 Elementar-

302 3960 279 77 gedanke
624 3960 313 65 Cezannes
980 3964 98 62 bei
1127 3978 221 64 zarten,
1399 3972 371 76 grüblerisch
1822 3976 408 72 zweifelnden,
2282 3978 139 64 halb
2471 4006 97 38 ver-
