3332 4173
580 3659 167 60 224

585 394 159 41 celle-ci
778 404 38 30 et
847 393 30 41 il
910 393 197 43 contient
1140 408 50 27 en
1225 404 124 30 outre
1384 408 20 38 3
1441 406 80 38 p.c.
1560 392 49 42 de
1642 392 80 41 rési-

586 454 111 46 nols,
730 454 85 41 soit
844 454 71 40 des
943 453 189 52 phénols
1161 454 76 54 qui
1269 469 39 26 se
1337 453 321 42 transforment
1690 467 50 26 en

586 515 154 40 résines
769 514 157 41 solides
955 529 53 26 au
1040 526 173 31 contact
1243 516 49 41 de
1320 514 108 47 l'air,
1461 514 109 41 ainsi
1600 515 141 53 qu'un

584 587 292 41 pourcentage
904 576 251 51 important
1184 575 335 53 d'asphaltènes.

653 637 62 40 La
753 636 191 42 fraction
984 637 50 41 de
1070 637 189 52 phénols
1295 637 261 52 complexes,
1597 637 120 51 possé-

586 698 108 40 dant
725 698 36 40 le
791 699 193 51 pouvoir
1017 699 185 53 toxique
1233 700 49 39 de
1317 714 22 37 7
1376 699 19 39 à
1439 698 51 40 16
1524 696 87 42 fois
1642 697 100 51 plus

584 758 112 41 élevé
740 773 83 38 que
866 759 107 41 celui
1019 759 58 41 du
1122 759 146 43 crésol,
1315 769 191 30 contenu
1553 758 108 41 dans
1706 758 36 41 le

595 834 21 25 «
661 819 177 41 créosite
886 835 21 25 »
955 820 149 42 s'élève
1146 821 21 40 à
1212 821 76 41 elle
1330 820 110 41 seule
1484 820 21 40 à
1548 820 99 51 plus
1692 820 50 41 de

587 895 25 37 4
646 895 81 37 p.c.
763 881 50 40 de
846 896 80 25 son
959 882 130 51 poids
1122 893 38 29 et
1191 881 76 41 elle
1299 896 39 26 se
1369 879 179 53 répartit
1580 895 71 27 sur
1686 880 56 41 les

585 940 213 43 fractions
837 943 57 42 les
934 942 145 41 moins
1119 942 191 47 volatils,
1353 941 113 41 donc
1506 942 209 52 complète-

586 1014 121 30 ment
732 1002 235 42 stabilisées
991 1004 108 40 dans
1124 1004 35 41 le
1182 1003 110 45 bois,
1320 1002 224 42 bouillant
1571 1003 48 40 de
1650 1016 91 38 230

586 1063 21 40 à
643 1071 117 45 320°
794 1063 206 52 environ;
1037 1072 106 33 cette
1175 1063 290 42 circonstance
1499 1063 189 42 favorise
1720 1064 22 41 à

584 1138 62 26 un
670 1125 111 42 haut
805 1125 127 53 degré
956 1127 40 40 la
1020 1138 282 39 permanence
1326 1126 60 40 du
1410 1123 192 53 pouvoir
1625 1130 92 36 anti-

585 1199 40 26 ce
628 1201 29 36 p
663 1185 120 52 tique
810 1186 60 41 du
908 1201 21 25 «
959 1186 175 41 créosite
1164 1201 39 27 ».

653 1244 63 43 La
744 1246 196 53 présence
970 1248 49 40 de
1046 1246 224 53 composés
1301 1246 235 52 analogues
1565 1262 53 26 au
1651 1246 88 40 brai

586 1322 50 25 ne
663 1319 104 40 peut
794 1308 165 53 qu'être
984 1307 241 42 elle-même
1252 1307 228 41 favorable
1507 1322 123 37 parce
1658 1322 83 39 que

576 1369 167 41 ceux-ci
766 1380 195 30 exercent
984 1383 59 27 un
1065 1367 192 54 pouvoir
1281 1368 241 42 absorbant
1544 1367 173 43 considé-

587 1430 117 40 rable
758 1444 71 26 sur
882 1432 55 41 les
991 1429 295 41 constituants
1343 1429 291 54 phénoliques
1692 1429 49 40 de

584 1490 154 41 l'huile
760 1505 219 38 moyenne
1000 1490 132 54 qu'ils
1155 1491 146 40 aident
1325 1491 21 40 à
1371 1490 155 41 retenir
1548 1505 78 37 par
1654 1490 66 41 dis-

586 1552 198 40 solution
816 1551 222 42 mutuelle.

643 1611 173 54 Malgré
839 1627 58 26 un
918 1623 290 42 pourcentage
1235 1611 301 46 relativement
1558 1611 111 42 élevé
1692 1610 49 42 de

586 1688 62 26 ces
690 1673 225 53 composés
958 1674 49 40 de
1049 1674 109 41 haut
1198 1673 129 51 poids
1370 1672 289 46 moléculaire,
1706 1672 35 42 le

597 1749 21 24 «
657 1733 176 42 créosite
871 1749 21 26 »
932 1733 178 54 possède
1144 1749 60 26 un
1240 1734 192 51 pouvoir
1470 1734 26 40 d
1519 1733 221 40 ascension

587 1795 218 52 capillaire
846 1795 91 53 égal
979 1796 21 40 à
1041 1795 106 41 celui
1189 1795 131 40 d'une
1362 1794 119 42 huile
1522 1808 219 38 moyenne

587 1855 225 42 bouillant
835 1856 49 41 de
916 1871 86 37 190
1027 1856 21 40 à
1077 1864 137 45 230°;
1241 1856 243 51 cependant
1507 1855 31 41 il
1560 1871 52 25 ne
1635 1870 79 27 con-

588 1916 109 42 tient
720 1926 292 32 aucunement
1037 1918 50 40 de
1114 1918 195 41 Vessence
1333 1917 133 51 légère
1495 1927 38 31 et
1560 1931 59 26 ses
1646 1930 72 39 per-

586 1988 60 33 tes
668 1992 77 37 par
769 1977 285 53 évaporation
1080 1989 102 30 sont
1205 1977 305 41 notablement
1534 1976 184 42 inférieu-

588 2053 61 25 res
673 2039 21 39 à
719 2039 119 40 celles
864 2039 49 40 de
938 2038 152 42 l'huile
1118 2039 49 40 de
1190 2038 209 45 créosote;
1428 2053 42 25 ce
1494 2038 110 42 haut
1626 2051 86 38 pou-

588 2100 96 40 voir
720 2099 217 52 capillaire
974 2099 162 53 malgré
1174 2114 83 26 une
1294 2098 164 42 densité
1494 2099 49 41 de
1588 2097 153 54 1040/

596 2160 120 40 1060
748 2160 96 43 doit
875 2158 83 43 être
988 2159 188 44 attribué
1208 2175 52 26 au
1292 2161 96 40 soin
1420 2170 100 30 tout
1550 2158 167 54 particu-

588 2221 75 41 lier
689 2220 182 52 apporté
895 2221 21 40 à
942 2236 42 26 sa
1011 2220 280 42 fabrication.

655 2280 117 42 Mais
805 2296 59 26 un
898 2293 119 30 autre
1051 2281 184 42 élément
1269 2292 60 30 est
1362 2295 149 27 encore
1543 2281 21 40 à
1599 2279 119 42 consi-

588 2342 117 41 dérer
732 2353 38 30 et
797 2342 76 54 qui
901 2356 59 30 est
988 2354 99 32 tout
1113 2342 112 41 aussi
1252 2342 249 52 important
1529 2356 52 26 au
1611 2340 130 54 point

589 2403 49 40 de
669 2418 81 26 vue
782 2403 70 41 des
885 2403 176 53 progrès
1094 2403 76 54 qui
1200 2414 83 29 ont
1316 2403 60 40 été
1411 2402 203 53 apportés
1647 2402 20 40 à
1703 2401 38 40 la

588 2463 231 55 technique
846 2464 49 40 de
923 2463 376 53 l'imprégnation.

655 2525 79 40 Les
779 2525 170 43 anciens
992 2525 200 52 procédés
1238 2523 377 54 d'imprégnation
1661 2534 80 30 ont

590 2586 205 51 toujours
835 2585 125 53 opéré
1000 2600 77 38 par
1118 2585 233 53 chauffage
1391 2586 21 40 à
1453 2584 288 52 température

588 2646 135 41 élevée
759 2661 50 26 en
846 2645 137 41 même
1020 2657 140 41 temps
1195 2660 82 39 que
1311 2660 77 37 par
1425 2645 215 52 pression;
1681 2658 59 26 on

587 2707 81 41 sait
692 2722 83 38 que
801 2707 70 40 des
894 2707 132 52 pièces
1052 2707 49 41 de
1129 2707 96 40 bois
1252 2706 108 41 ainsi
1386 2705 168 43 traitées
1582 2716 159 30 restent

588 2768 301 52 exagérément
917 2767 193 53 gonflées
1138 2778 38 30 et
1205 2767 175 41 laissent
1411 2765 164 42 ensuite
1604 2779 137 28 resuer

588 2843 83 26 line
701 2828 163 53 grande
895 2827 201 54 quantité
1126 2827 165 42 d'huile
1322 2827 196 53 pendant
1552 2827 34 40 le
1618 2840 123 39 repos

586 2888 243 42 consécutif
850 2904 78 36 par
951 2889 109 41 suite
1084 2888 49 42 de
1158 2890 38 40 la
1222 2888 169 41 détente
1416 2887 219 53 graduelle
1658 2901 83 39 que

586 2950 219 41 subissent
835 2949 57 42 les
920 2949 134 40 fibres
1086 2949 58 40 du
1175 2949 110 40 bois.

654 3012 75 41 On
758 3026 21 26 a
807 3009 194 42 constaté
1029 3024 82 38 que
1141 3010 35 40 le
1204 3008 153 53 simple
1385 3020 219 42 trempage
1633 3008 108 40 dans

587 3087 60 26 un
684 3071 197 53 mélange
917 3071 55 40 tel
1008 3085 83 38 que
1125 3071 35 40 le
1204 3085 21 24 «
1264 3069 174 41 créosite
1479 3085 38 33 »,
1557 3069 112 41 dont
1706 3067 35 42 le

585 3134 192 51 pouvoir
805 3131 271 41 d'ascension
1103 3129 217 53 capillaire
1346 3141 59 30 est
1433 3129 308 42 sensiblement

587 3195 35 40 le
647 3193 138 42 même
809 3207 83 40 que
915 3191 108 42 celui
1048 3191 132 41 d'une
1204 3191 118 40 huile
1350 3205 231 37 moyenne,
1610 3189 131 42 suffit

584 3269 115 38 pour
727 3254 143 42 laisser
899 3253 196 53 pénétrer
1122 3250 155 44 Vhuile
1305 3252 22 40 à
1353 3266 85 26 une
1465 3251 276 52 profondeur

585 3315 116 52 égale
731 3316 23 40 à
784 3315 101 41 celle
917 3314 192 42 obtenue
1137 3327 80 37 par
1244 3311 194 52 pression
1470 3323 40 31 et
1539 3309 49 44 de
1621 3317 121 34 toute

587 3376 189 42 manière
805 3375 237 42 suffisante
1072 3389 114 37 pour
1218 3386 163 28 assurer
1410 3387 84 26 une
1525 3370 193 52 préserva-

588 3438 95 41 tion
716 3444 286 46 permanente
1009 3450 14 32 ;
1063 3437 37 39 la
1134 3433 277 53 pénétration
1448 3433 156 41 s'étant
1639 3447 77 38 pro-

585 3499 120 40 duite
725 3513 77 38 par
828 3498 35 41 le
886 3497 107 43 libre
1014 3496 71 52 jeu
1110 3495 70 41 des
1202 3495 195 40 tensions
1421 3492 318 53 superficielles,

586 3574 165 27 aucune
778 3558 191 42 réaction
994 3558 166 42 inverse
1187 3570 51 26 ne
1265 3566 104 41 peut
1394 3569 50 27 en
1472 3552 177 43 résulter
1674 3551 68 42 ul-

2334 252 306 55 TEK
2720 253 57 52 H
2859 253 58 54 N
2997 243 45 64 É

1889 390 324 45 térieurement;
2249 390 39 42 la
2319 389 174 41 matière
2525 389 191 41 infiltrée
2747 399 104 31 reste
2883 387 138 43 défini-

1891 453 212 39 tivement
2140 450 252 52 incorporée
2427 451 108 40 dans
2571 451 35 40 le
2641 450 97 41 bois
2771 461 39 32 et
2844 465 42 26 ce
2919 449 125 42 serait

1891 527 83 27 une
2002 510 254 43 absouvdité
2283 526 55 26 au
2366 511 132 52 point
2526 512 50 40 de
2606 521 82 31 vue
2714 509 219 53 physique
2962 522 83 39 que

1890 574 50 40 de
1967 573 227 52 prétendre
2223 575 36 40 le
2286 572 214 41 contraire
2505 605 8 8 .
2545 573 119 40 C'est
2693 573 35 40 le
2756 571 182 53 procédé
2968 585 77 39 par

1890 635 154 51 simple
2077 645 221 41 trempage
2328 634 20 40 à
2382 632 120 42 froid
2533 632 215 53 prolongé
2780 632 198 52 pendant
3011 631 34 41 le

1891 695 184 40 nombre
2125 695 197 40 d'heures
2374 694 239 47 nécessaire,
2667 692 289 55 qu'applique
3006 691 38 41 la

1892 755 162 42 Société
2093 755 57 41 du
2188 755 264 53 Créosotage
2491 754 253 45 Universel;
2786 769 41 26 ce
2863 752 182 54 procédé

1890 833 60 27 es:
1988 828 240 31 nettement
2264 816 219 52 supérieur
2521 831 52 25 au
2609 816 130 40 vieux
2776 815 181 52 procédé
2993 828 51 26 en

1891 878 224 41 autoclave
2147 892 122 37 parce
2303 891 59 39 qu
2385 877 28 42 i!
2445 891 162 37 permet
2640 875 316 42 d'économiser
2989 875 55 40 les

1889 939 105 41 frais
2028 939 80 40 très
2141 938 131 40 élevés
2307 938 49 40 de
2387 937 247 53 chauffage,
2672 936 49 42 de
2754 937 38 40 la
2826 950 190 38 compres-

1891 1000 95 40 sion
2023 1011 39 28 et
2100 999 48 41 de
2185 999 160 40 l'usure
2381 999 58 40 du
2475 998 193 41 matériel
2707 998 189 40 coûteux
2933 1010 38 29 et
3010 995 34 40 le

1889 1061 99 52 prix
2017 1060 49 40 de
2097 1060 163 41 revient
2288 1060 95 41 doit
2413 1061 87 39 s'en
2529 1058 198 42 ressentir
2756 1057 81 42 très
2867 1057 152 41 favora-

1889 1122 207 40 blement.

1949 1182 62 41 La
2033 1182 197 41 nécessité
2254 1182 58 40 du
2334 1180 234 53 chauffage
2590 1194 50 26 ne
2663 1196 39 25 se
2722 1180 169 52 justifie
2914 1192 104 28 aucu-

1891 1256 177 30 nement
2100 1258 52 25 au
2187 1243 130 52 point
2350 1242 49 41 de
2431 1256 82 27 vue
2545 1242 277 53 techniqueo,
2859 1239 185 54 puisque

1892 1306 37 39 la
1960 1304 195 52 présence
2188 1303 49 42 de
2268 1302 258 53 naph:aline
2559 1317 49 26 en
2639 1312 291 42 pourcentage
2961 1300 56 41 im-

1891 1376 195 41 portant,
2120 1376 38 30 et
2190 1365 111 40 dont
2333 1364 139 42 l'effet
2503 1375 60 29 est
2594 1364 78 41 nul
2705 1373 38 30 et
2775 1363 137 40 même
2945 1361 75 41 nui-

1890 1427 118 48 sible,
2040 1441 51 26 ne
2117 1437 104 41 peut
2248 1425 218 41 entraîner
2496 1439 83 38 que
2608 1425 70 40 des
2707 1422 337 53 complications

1890 1502 144 38 graves
2063 1487 107 41 dans
2197 1490 38 39 la
2265 1485 313 42 manutention
2592 1500 8 30 ;
2630 1485 76 41 elle
2734 1500 51 24 ne
2811 1499 38 26 se
2875 1482 169 53 justifie

1887 1563 75 37 pas
1983 1549 243 51 davantage
2249 1563 52 25 au
2323 1547 130 52 point
2479 1546 49 41 de
2548 1560 81 27 vue
2653 1545 49 40 de
2725 1545 38 40 la
2785 1543 236 54 pasteurisa-

1891 1610 95 40 tion
2025 1609 71 40 des
2133 1608 110 47 bois,
2283 1622 67 26 car
2389 1618 104 30 cette
2531 1607 144 41 raison
2716 1605 82 41 très
2837 1604 207 53 spécieuse

1889 1670 141 53 qu'on
2053 1685 20 25 a
2097 1684 72 26 cru
2190 1669 151 40 devoir
2362 1684 49 25 en
2440 1669 169 40 donner
2632 1679 59 30 est
2714 1667 108 40 d'un
2846 1665 106 42 effet
2976 1665 46 40 in-

1890 1730 232 54 signifiant
2148 1745 50 25 en
2227 1729 306 52 comparaison
2561 1729 48 39 de
2635 1728 106 41 celui
2768 1726 276 55 qu'entraîne

1891 1793 38 39 la
1954 1791 195 53 présence
2173 1791 27 40 d
2222 1805 59 26 un
2306 1801 107 30 taux
2438 1790 248 51 important
2713 1789 49 40 de
2785 1787 187 54 phénols
2995 1785 49 43 de

1886 1853 109 40 haut
2016 1852 193 52 pouvoir
2230 1851 219 53 exotique.

1957 1913 58 41 Le
2041 1912 130 42 mode
2198 1911 376 53 d'imprégnation
2606 1912 70 39 des
2703 1910 96 41 bois
2824 1924 77 37 par
2928 1922 92 38 pres-

1891 1975 95 40 sion
2032 1989 50 26 ne
2124 1973 206 52 s'impose
2371 1987 75 37 pas
2490 1971 243 53 davantage
2776 1970 185 52 puisque
3006 1968 37 40 la

1889 2034 295 42 constitution
2207 2034 188 40 fibreuse
2420 2031 57 42 du
2502 2032 97 41 bois
2621 2031 213 42 s'accorde
2857 2030 161 41 admira-

1890 2096 194 40 blement
2118 2109 96 26 avec
2247 2093 308 42 l'infiltration
2590 2093 32 40 si
2655 2092 154 52 simple
2843 2102 39 30 et
2914 2091 33 40 si
2976 2089 45 41 fa-

1889 2157 76 40 cile
1997 2170 76 38 par
2108 2156 35 40 le
2174 2155 155 51 simple
2362 2154 70 52 jeu
2466 2155 70 39 des
2566 2153 137 41 forces
2735 2151 238 53 capillaires
3005 2161 39 30 et

1892 2226 99 33 tous
2025 2218 57 42 les
2117 2215 201 42 résultats
2351 2213 364 52 expérimentaux
2750 2212 188 42 obtenus
2973 2210 48 40 de-

1889 2277 99 53 puis
2016 2276 78 42 dix
2118 2292 79 26 ans
2220 2285 81 33 ont
2326 2276 175 41 montré
2526 2273 247 43 l'efficacité
2799 2274 49 41 de
2872 2287 42 28 ce
2942 2285 77 40 pro-

1889 2339 117 45 cédé;
2030 2339 99 42 c'est
2152 2352 52 27 au
2228 2337 213 41 contraire
2463 2352 77 36 par
2566 2337 35 40 le
2623 2335 100 54 gain
2748 2332 296 43 considérable

1891 2400 49 41 de
1968 2398 199 54 l'énergie
2197 2398 49 40 de
2274 2396 297 53 compression
2601 2396 48 41 de
2677 2395 183 53 grandes
2889 2408 155 26 masses

1891 2461 26 40 d
1939 2461 119 40 huile
2082 2474 99 26 sous
2206 2474 83 25 une
2312 2458 195 52 pression
2536 2457 49 40 de
2616 2472 52 25 10
2695 2457 20 40 à
2748 2471 52 26 12
2825 2455 114 42 kilos
2961 2468 83 39 que

1891 2521 95 41 doit
2018 2537 38 24 se
2087 2519 205 53 justifier,
2326 2534 111 37 pour
2472 2528 98 31 tous
2601 2532 106 27 ceux
2738 2516 77 53 qui
2846 2525 82 31 ont
2959 2529 85 26 une

1891 2580 367 52 compréhension
2289 2580 116 41 saine
2437 2580 71 40 des
2541 2577 220 43 nécessités
2792 2574 230 43 industriel-

1889 2643 74 47 les,
1989 2643 38 40 la
2053 2641 292 42 substitution
2371 2640 259 41 rationnelle
2655 2653 52 27 au
2733 2637 181 53 procédé
2940 2636 78 41 coû-

1889 2715 104 29 teux
2020 2718 77 37 par
2124 2703 195 51 pression
2346 2702 20 40 à
2394 2701 141 41 chaud
2564 2700 49 40 de
2639 2714 41 26 ce
2709 2712 202 27 nouveau
2940 2711 78 38 pro-

1889 2765 96 40 cédé
2018 2764 76 53 qui
2126 2763 174 43 obtient
2331 2762 70 41 des
2434 2761 199 41 résultats
2665 2775 53 25 au
2752 2758 146 42 moins
2932 2757 112 42 aussi

1889 2825 178 53 positifs
2093 2840 78 36 par
2197 2824 154 51 simple
2377 2834 220 40 trempage
2623 2820 229 53 prolongé.

1956 2886 80 42 Les
2075 2883 202 54 procédés
2315 2884 51 41 de
2405 2884 39 41 la
2482 2881 165 42 Société
2684 2881 60 41 du
2780 2879 264 51 Créosotage

1894 2946 230 43 Universel
2146 2944 244 54 atteignent
2413 2945 114 40 donc
2554 2959 61 25 un
2639 2943 125 51 degré
2786 2939 259 43 d'efficacité

1890 3024 55 25 eu
1968 3007 147 42 moins
2136 3008 94 51 égal
2255 3007 23 40 à
2299 3006 107 42 celui
2430 3006 72 40 des
2525 3003 172 42 anciens
2722 3001 199 54 procédés
2946 3011 99 32 tout

1890 3085 51 24 en
1973 3067 285 53 supprimant
2287 3069 111 40 leurs
2427 3064 337 52 complications
2797 3061 179 43 inutiles
3005 3069 40 32 et

1891 3130 110 41 leurs
2037 3143 164 37 grosses
2239 3127 203 51 dépenses
2480 3124 347 53 d'exploitation
2863 3138 52 26 en
2954 3121 91 40 leur

1882 3189 276 43 substituant
2177 3190 70 40 des
2270 3202 184 38 moyens
2476 3185 177 52 simples
2674 3196 75 39 qui
2773 3191 272 33 constituent

1889 3265 79 38 par
1995 3250 273 42 eux-mêmes
2295 3265 61 25 un
2385 3247 176 54 progrès
2592 3245 230 53 technique
2852 3243 168 43 indiscu-

1891 3311 137 47 table;
2060 3311 52 42 ils
2146 3311 189 42 devront
2366 3311 114 40 donc
2510 3308 258 41 fatalement
2799 3305 245 51 s'imposer,

1891 3373 106 51 quoi
2025 3387 61 37 qu
2105 3387 60 25 on
2194 3372 124 47 fasse,
2347 3386 66 26 car
2439 3384 214 38 personne
2681 3384 51 25 ne
2760 3377 104 42 peut
2889 3365 155 42 arrêter

1890 3435 38 40 le
1951 3433 177 52 progrès
2157 3433 108 40 dans
2290 3447 61 25 un
2376 3446 108 37 pays
2510 3430 76 52 qui
2613 3429 178 52 possède
2816 3444 62 25 un
2904 3426 140 52 grand

1891 3493 365 51 développement
2288 3491 228 42 industriel
2619 3491 58 41 où
2713 3497 142 33 toutes
2888 3487 57 43 les
2978 3487 44 39 in-

1887 3554 235 42 industries
2141 3563 104 33 sont
2265 3553 280 42 étroitement
2566 3549 237 46 solidaires,
