3332 4173
2635 3655 90 50 121

338 875 876 95 ARCHITECTURE
1242 900 31 31 •
1301 867 650 89 URBANISME
1976 867 270 84 «ART
2317 862 406 87 PUBLIC

338 1053 323 91 ANNÉE
729 1068 178 68 1931
1281 1060 398 74 VOLUME
1735 1060 81 69 IX
2164 1036 414 90 NUMÉRO
2637 1055 89 71 10

343 1312 1021 111 L'URBANEUM
1430 1366 30 12 -
1520 1362 489 56 BRUXELLES,
2070 1348 177 60 CITÉ
2307 1357 419 48 MONDIALE

341 1466 514 56 BRUXELLES,
910 1462 330 48 GRANDE
1292 1461 231 47 VILLE.
1578 1460 515 49 BRUXELLES,
2148 1456 424 49 CAPITALE
2627 1456 99 44 DE

339 1569 91 44 LA
489 1561 452 51 BELGIQUE.

2258 1569 79 41 par
2374 1556 108 41 Paul
2521 1555 207 43 OTLET.

339 1698 258 47 Bruxelles,
623 1698 43 40 le
691 1705 99 33 tout
816 1695 146 50 grand
989 1693 248 42 Bruxelles
1266 1691 222 48 s'éveille,

339 1772 169 50 s'agite,
538 1779 69 34 est
635 1770 108 49 près
776 1770 56 40 de
861 1768 212 42 réaliser.

338 1846 257 40 Rarement
638 1842 195 50 congrès
878 1841 209 42 national
1134 1855 115 26 aura
1293 1854 58 25 eu
1395 1853 92 26 une

339 1918 199 42 réussite
569 1916 125 41 aussi
728 1914 234 50 complète
993 1928 92 36 que
1117 1912 121 42 celui
1272 1911 216 50 organisé

340 1992 288 40 récemment
662 2004 84 35 par
781 1988 197 42 l'Union
1013 1987 81 41 des
1129 1985 137 42 villes
1303 2001 108 26 sous
1448 1984 41 40 le

339 2079 108 26 nom
485 2064 57 40 de
576 2079 21 25 «
632 2062 238 42 Journées
903 2059 341 43 d'Urbanisme
1280 2076 35 24 ».
1350 2057 140 42 Cette

339 2137 199 41 réussite
566 2136 115 42 tient
708 2135 25 42 à
760 2144 166 41 quatre
953 2149 166 26 causes
1148 2149 9 24 :
1192 2149 48 24 sa
1267 2131 194 51 prépara-

340 2210 108 48 tion,
477 2225 47 25 sa
550 2208 325 50 composition,
903 2224 49 25 sa
977 2206 236 48 méthode,
1239 2221 85 26 son
1348 2203 141 50 objet.

340 2282 217 43 L'Union
587 2283 80 41 des
695 2281 152 41 Villes
877 2290 43 33 et
948 2280 43 41 la
1021 2279 185 42 Société
1234 2276 255 43 Nationale

342 2356 79 42 des
446 2355 302 41 Habitations
776 2353 264 43 Ouvrières
1065 2361 80 34 ont
1170 2351 73 42 été
1267 2351 67 41 les
1359 2358 104 41 orga-

341 2428 258 42 nisatrices.
632 2427 71 41 En
734 2427 174 42 faisant
935 2425 137 51 appel
1103 2425 26 41 à
1157 2440 92 26 une
1279 2424 123 41 série
1433 2422 56 42 de

341 2501 287 49 spécialistes
658 2500 109 42 bien
796 2499 236 51 qualifiés,
1062 2499 56 41 ils
1148 2506 81 33 ont
1258 2495 176 52 permis
1465 2495 26 41 à

340 2574 176 41 chacun
544 2573 178 42 d'avoir
747 2589 58 26 en
830 2573 228 50 quelques
1084 2572 172 40 heures
1282 2584 92 28 une
1398 2584 91 26 vue

342 2647 284 41 d'ensemble
648 2662 81 26 sur
748 2655 153 33 toutes
923 2646 67 42 les
1011 2645 258 51 questions,
1291 2643 57 42 de
1370 2642 119 41 faire

340 2729 185 39 partout
546 2719 42 42 le
611 2719 142 50 point.
776 2720 68 41 La
867 2718 314 50 composition
1204 2716 112 42 était
1338 2714 126 43 excel-

341 2792 136 49 lente,
511 2793 218 50 délégués
767 2793 80 41 des
881 2806 276 27 communes
1193 2805 107 26 sans
1336 2788 153 46 doute,

341 2865 117 42 mais
497 2866 66 41 les
600 2866 247 41 Autorités
886 2866 26 40 à
950 2874 104 33 tous
1093 2864 67 40 les
1201 2862 165 50 degrés
1395 2877 9 25 :
1448 2860 41 40 la

344 2938 243 49 Province,
611 2939 43 40 le
677 2938 406 48 Gouvernement,
1108 2937 42 40 le
1176 2936 172 40 Prince
1373 2933 87 42 Léo-

342 3011 107 48 pold
485 3012 112 41 dont
632 3012 43 42 le
712 3012 214 42 discours
962 3010 133 43 élevé
1131 3018 45 33 et
1209 3008 282 42 réalisateur

344 3099 23 24 a
410 3084 152 41 donné
604 3100 92 25 aux
735 3085 193 40 anciens
973 3084 43 41 le
1059 3082 253 43 sentiment
1354 3080 136 50 qu'ils

342 3156 189 42 allaient
553 3158 233 48 peut-être
809 3157 160 42 revoir
993 3156 43 42 le
1060 3165 151 40 temps
1237 3153 172 43 fécond
1435 3152 56 42 de

343 3229 209 49 Léopold
588 3230 42 41 le
666 3231 257 41 Bâtisseur.
962 3229 146 41 Enfin
1143 3229 66 40 les
1243 3226 220 50 représen-

343 3309 119 34 tants
485 3302 80 42 des
588 3304 199 49 grandes
809 3302 329 42 Associations
1160 3299 263 43 nationales
1448 3307 44 32 et

343 3374 65 41 les
435 3375 233 42 Hommes
696 3376 224 42 d'œuvre.
947 3376 162 48 Quant
1137 3374 25 41 à
1188 3374 42 41 la
1256 3372 235 47 méthode,

344 3447 86 41 elle
459 3448 69 42 fut
555 3448 313 42 caractérisée
895 3464 85 35 par
1006 3448 43 41 le
1077 3447 84 42 fait
1188 3447 173 50 qu'une
1387 3460 78 34 pro-

343 3520 201 48 position
571 3522 55 41 de
653 3522 60 41 loi
743 3538 80 25 sur
849 3522 306 41 l'urbanisme
1183 3520 107 49 déjà
1318 3517 174 51 déposé

1564 1708 59 25 au
1665 1691 155 47 Sénat,
1861 1690 112 41 était
2014 1688 267 42 commenté
2323 1687 25 41 à
2389 1684 330 49 l'Assemblée,

1571 1764 181 42 offrant
1775 1763 118 42 ainsi
1920 1778 92 25 une
2036 1762 111 41 base
2170 1775 253 28 commune
2448 1760 57 41 de
2529 1758 168 43 travail
2713 1774 9 34 ;

1571 1853 84 34 par
1689 1837 42 41 le
1765 1836 97 48 fait,
1897 1836 180 41 d'autre
2109 1843 117 42 part,
2259 1849 91 35 que
2383 1834 44 40 la
2460 1831 265 51 projection

1572 1926 81 26 sur
1681 1910 173 41 l'écran
1883 1918 45 33 et
1956 1909 66 40 les
2053 1908 214 41 discours
2296 1915 80 33 ont
2406 1905 84 42 fait
2517 1905 208 40 alterner

1571 1991 345 33 constamment
1950 1982 42 40 la
2025 1981 168 48 vision,
2229 1980 59 41 de
2319 1994 52 26 ce
2404 1978 79 51 qui
2517 1986 70 33 est
2620 1985 45 33 et
2699 1992 25 25 a

1571 2057 73 42 été
1670 2055 172 42 réalisé
1870 2064 45 33 et
1940 2054 206 50 l'exposé
2174 2054 57 41 de
2256 2068 54 26 ce
2335 2052 79 50 qui
2441 2050 213 51 pourrait
2681 2057 44 34 et

1573 2129 182 42 devrait
1784 2129 100 41 être
1916 2128 84 41 fait
2015 2144 8 34 ;
2058 2143 62 25 un
2150 2126 110 50 pied
2291 2125 115 41 dans
2437 2125 42 40 le
2510 2123 138 50 passé
2680 2131 44 32 et

1572 2219 62 25 un
1673 2201 109 51 pied
1822 2201 115 42 dans
1978 2199 197 42 l'avenir
2215 2215 24 25 a
2281 2199 66 40 dit
2387 2198 42 40 le
2471 2196 253 42 Président

1568 2275 172 42 Vinck.
1761 2273 186 42 Réalité
1969 2282 44 32 et
2033 2272 159 50 utopie
2213 2286 181 33 creuse,
2416 2270 308 49 expériences

1568 2348 255 50 pratiques,
1844 2346 181 43 théorie
2046 2354 45 33 et
2110 2345 286 42 orientation
2418 2341 303 43 d'ensemble.

1570 2422 146 40 Enfin
1761 2420 31 41 il
1837 2436 25 25 a
1908 2420 73 41 été
2025 2417 439 51 particulièrement
2508 2415 215 41 heureux

1569 2494 154 42 d'unir
1752 2509 77 26 ces
1860 2493 115 41 trois
2008 2492 146 50 sujets
2182 2507 8 25 :
2227 2490 288 47 urbanisme,
2544 2487 152 41 habita-

1569 2568 96 41 tion
1693 2567 250 40 minimum
1973 2574 45 33 et
2045 2564 169 42 taudis.
2243 2563 37 41 Il
2311 2579 25 25 a
2366 2562 136 42 suffit
2533 2562 57 41 de
2619 2561 102 40 leur

1568 2640 337 51 juxtaposition
1925 2654 119 34 pour
2065 2638 120 41 faire
2205 2635 269 51 apparaître
2493 2635 103 40 leur
2617 2649 78 34 pro-

1569 2714 143 41 fonde
1735 2711 341 43 interrelation.
2096 2711 79 40 Au
2197 2709 188 49 surplus
2408 2708 66 41 les
2498 2706 222 51 journées

1569 2787 80 42 des
1670 2786 52 41 25
1742 2794 45 33 et
1806 2785 53 42 26
1877 2784 119 42 avril
2018 2793 105 32 sont
2142 2796 266 37 parvenues
2429 2782 26 40 à
2474 2780 136 41 créer
2631 2794 92 26 une

1568 2859 299 50 atmosphère
1905 2857 195 41 morale.
2142 2855 58 42 Et
2238 2855 97 40 ceci
2376 2862 70 33 est
2485 2852 236 50 peut-être

1568 2949 53 25 ce
1652 2932 79 50 qui
1766 2940 69 33 est
1866 2931 44 42 le
1940 2930 104 50 plus
2076 2929 214 41 heureux
2323 2928 56 40 de
2413 2935 103 33 tous
2549 2925 66 41 les
2649 2924 47 41 ré-

1569 3006 178 42 sultats.
1778 3005 76 41 On
1880 3019 62 26 ne
1971 3004 108 40 s'est
2105 3002 104 50 plus
2239 3000 118 42 senti
2387 2999 117 41 isolé
2531 3014 119 34 pour
2679 2998 42 39 le

1568 3079 92 41 bon
1702 3078 145 41 effort
1875 3093 8 25 :
1931 3076 67 41 les
2038 3075 238 41 barrières
2317 3081 80 34 ont
2439 3070 179 43 semblé
2658 3086 62 25 un

1568 3153 175 40 instant
1767 3150 213 41 abattues
2007 3158 133 32 entre
2165 3148 67 40 les
2259 3146 212 42 diverses
2497 3143 196 42 adminis-

1569 3225 185 47 tations,
1788 3231 133 33 entre
1955 3222 113 42 elles
2103 3229 45 33 et
2180 3221 67 40 les
2279 3217 329 43 Associations
2641 3215 79 50 qui

1569 3297 312 51 poursuivent
1935 3295 80 41 des
2070 3294 105 41 buts
2231 3291 198 43 d'utilité
2483 3289 240 51 publique.

1569 3372 200 42 Chacun
1801 3386 60 25 au
1894 3367 223 43 vestiaire
2150 3381 115 27 avec
2297 3381 49 26 sa
2378 3379 150 26 canne
2560 3370 44 33 et
2639 3377 83 25 son

1570 3445 210 49 chapeau
1817 3442 125 41 avait
1978 3441 140 41 laissé
2156 3440 41 41 la
2235 3437 298 52 paralysante
2571 3433 131 51 politi-

1570 3533 104 34 que.
