3332 4173
413 280 1049 114 EDITIONS

413 564 85 46 LA
529 562 154 48 CITE.
715 560 233 47 Première
977 562 167 45 année.
1185 564 174 54 (Rare)
1427 592 943 16 .......
2497 562 54 45 fr.
2625 564 154 45 60.

719 634 259 46 Deuxième
1001 637 166 44 année.
1201 635 198 57 (Rare).
1426 665 935 17 .......
2540 670 10 10 .
2624 638 155 44 40.

720 712 33 43 3
753 718 18 19 e
772 743 13 21 ,
813 712 34 43 4
848 718 15 18 e
864 744 13 21 ,
903 710 31 45 se,5
936 718 17 18 e
955 743 12 22 ,
994 711 66 54 6°,
1089 712 31 42 7
1120 718 18 19 e
1163 717 48 37 et
1235 711 33 43 8
1269 718 16 19 e
1308 709 192 55 années,
1526 708 46 46 le
1593 709 191 46 volume
1888 743 475 12 ....
2542 744 10 10 .
2626 709 153 46 25.

543 796 92 44 Ces
658 796 215 44 volumes
899 806 207 43 peuvent
1131 800 97 42 être
1257 795 177 45 fournis
1460 795 134 45 reliés
1625 814 59 27 en
1722 797 154 53 pleine
1913 796 110 44 toile
2060 806 289 43 moyennant
2382 814 62 26 un
2481 796 296 53 supplément

407 870 63 45 de
506 872 53 45 15
594 870 166 46 francs.

412 985 84 45 LA
528 984 216 46 REVUE
778 1001 26 27 «
840 983 258 45 TEKHNE
1135 1001 26 26 »
1195 981 119 45 série
1346 981 431 54 d'avant-guerre),
1825 980 249 46 collection
2117 979 239 55 complète
2400 979 65 47 de
2510 980 47 46 la

547 1059 31 41 2
581 1065 17 19 e
626 1056 152 45 année
815 1055 370 57 (1912-1913).
1218 1057 127 44 Beau
1374 1054 192 46 volume
1609 1054 64 45 de
1710 1056 101 45 516
1849 1070 162 40 pages,
2049 1070 79 29 sur
2162 1054 165 55 papier
2362 1054 192 55 couché,

546 1129 174 45 illustré
755 1128 63 45 de
854 1129 102 47 250
990 1128 170 46 clichés
1268 1161 1093 13 ........
2539 1162 10 10 .
2622 1127 155 45 40.

407 1228 145 47 L'Art
577 1235 48 38 et
649 1228 47 45 la
721 1226 199 56 Société,
947 1246 85 36 par
1060 1228 135 47 H.-P.
1226 1227 208 53 Berlage,
1465 1226 248 45 architecte
1741 1230 28 41 à
1795 1225 318 48 Amsterdam.
2145 1226 130 46 Tirés
2303 1228 29 41 à
2359 1236 105 43 part
2490 1225 62 45 de

543 1303 47 44 la
611 1303 164 45 Revue
799 1320 24 30 «
850 1303 90 45 Art
962 1313 47 33 et
1029 1302 270 53 Technique
1322 1319 25 29 »
1382 1300 292 54 (septembre
1708 1300 318 47 1913-février
2058 1300 174 53 1914).
2260 1301 77 44 Un
2362 1300 191 44 volume

545 1378 350 43 luxueusement
918 1379 213 50 imprimé
1154 1387 47 33 et
1223 1376 171 44 illustré
1418 1374 62 46 de
1503 1376 63 44 98
1592 1375 167 45 clichés
1883 1407 475 13 ....
2537 1407 10 11 .
2623 1372 153 46 50.

407 1476 66 46 Le
498 1479 142 45 Cœur
664 1475 63 45 de
752 1475 46 45 la
821 1474 126 45 Ville
971 1474 64 46 de
1061 1474 251 55 Bruxelles,
1339 1491 86 36 par
1448 1472 193 47 Charles
1671 1474 121 50 Buis,
1825 1490 117 27 avec
1972 1472 263 45 traduction
2265 1471 145 45 d'une
2439 1488 83 28 con-

545 1550 186 45 férence
756 1548 62 46 de
842 1551 52 44 C.
925 1548 167 50 Curlitt;
1118 1565 76 27 sur
1219 1548 46 44 la
1294 1565 25 29 «
1350 1547 339 45 Conservation
1727 1546 65 44 du
1826 1564 131 27 cœur
1994 1545 301 45 d'anciennes
2330 1545 134 45 villes
2503 1564 42 27 ».

546 1626 106 44 Une
675 1623 230 44 brochure
928 1621 62 46 de
1015 1623 62 45 24
1104 1639 145 36 pages
1271 1653 1085 13 ........
2535 1652 10 11 .
2655 1620 119 43 4.

412 1722 260 54 L'Abbaye
694 1721 63 45 de
778 1721 45 45 la
846 1721 218 53 Cambre,
1090 1738 86 36 par
1199 1720 61 44 G.
1286 1719 87 44 des
1396 1719 158 45 Marez
1580 1750 777 13 ......
2535 1750 10 10 .
2655 1718 120 43 4.

405 1821 115 46 Paul
551 1820 195 45 Hankar
782 1820 365 55 (1859-1901),
1180 1835 85 36 par
1292 1818 85 44 Ch.
1410 1816 246 54 Conrardy
1680 1827 48 34 et
1751 1817 165 52 Raym.
1945 1815 215 46 Thibaut.
2189 1816 108 45 Une
2320 1813 231 46 brochure

543 1895 201 44 illustrée
2535 1922 10 11 •
2655 1889 119 44 4.

409 1992 278 48 Constantin
713 1990 228 48 Meunier.
972 1989 307 55 L'historique
1305 1988 64 47 de
1395 2005 87 29 son
1510 1995 275 39 monument
1814 2002 61 30 au
1905 1986 182 56 travail,
2120 2004 86 37 par
2237 1987 56 46 R.
2331 1986 141 53 Thiry
2505 1996 47 34 et

542 2069 60 44 G.
637 2065 285 47 Hendrickx.
955 2067 106 44 Une
1087 2063 230 46 brochure
1345 2063 200 44 illustrée
1575 2093 779 14 ......
2534 2093 10 10 .
2651 2061 122 44 4.

407 2166 144 45 L'Art
572 2165 89 45 des
682 2164 187 48 Jardins
893 2175 47 33 et
963 2163 44 45 le
1030 2180 215 28 nouveau
1269 2160 155 56 jardin
1446 2164 297 51 pittoresque,
1773 2177 86 36 par
1883 2159 139 45 Louis
2045 2175 95 27 van
2163 2157 87 45 der
2272 2157 275 51 Swaelmen,

543 2239 533 52 architecte-paysagiste
1112 2265 1244 16 .........
2535 2264 10 12 .
2655 2232 120 43 2.

409 2337 179 46 Belœil.
616 2340 70 44 Le
711 2335 254 47 Versailles
994 2335 158 54 Belge,
1183 2352 85 36 par
1299 2335 139 44 Louis
1465 2350 94 27 van
1590 2331 84 45 der
1705 2331 275 50 Swaelmen,
2018 2329 534 54 architecte-paysagiste
2655 2331 122 44 4.

405 2436 154 45 Etude
580 2452 77 28 sur
678 2436 47 44 la
747 2434 140 47 Forêt
907 2434 64 45 de
992 2433 209 55 Soignes,
1227 2449 85 37 par
1334 2432 138 45 Louis
1495 2448 93 27 van
1618 2430 83 44 der
1724 2429 260 47 Swaelmen
2032 2462 320 11 ...
2532 2461 10 11 .
2650 2429 121 43 4.

409 2534 259 54 L'Abbaye
693 2533 64 45 de
781 2534 47 44 la
853 2531 218 48 Cambre.
1100 2528 328 52 Restauration
1453 2527 85 47 des
1562 2527 186 47 Jardins
1771 2528 137 47 Louis
1928 2528 130 54 XIV,
2083 2543 85 38 par
2189 2527 141 45 Louis
2350 2544 94 27 van
2465 2525 89 46 der

543 2608 274 50 Swaelmen,
854 2606 533 52 architecte-paysagiste
1421 2634 935 14 .......
2535 2633 11 11 .
2654 2601 121 43 4.

407 2705 316 45 L'habitation
751 2703 246 46 coloniale.
1028 2704 60 45 Sa
1117 2705 314 42 construction
1460 2718 60 27 au
1550 2702 166 52 Congo
1752 2700 155 53 Belge,
1946 2717 85 36 par
2067 2701 130 44 Gast.
2238 2698 309 53 Boghemans.

544 2780 105 45 Une
687 2778 230 45 brochure
958 2777 62 44 de
1059 2778 62 44 20
1164 2793 145 36 pages
1348 2773 373 45 abondamment
1758 2774 202 44 illustrée
2039 2806 320 11 ...
2538 2803 11 11 .
2657 2771 121 44 4.

407 2876 261 47 Matériaux
691 2877 64 46 de
778 2874 297 47 substitution
1098 2874 120 45 dans
1241 2873 47 45 la
1309 2871 315 47 construction
1653 2872 63 44 de
1745 2871 220 54 maisons,
1997 2888 86 36 par
2111 2871 41 54 J.
2186 2871 188 50 Seroen,
2408 2869 120 45 archi-

547 2962 133 34 tecte.
720 2952 106 45 Une
859 2949 230 46 brochure
1122 2949 201 43 illustrée
1423 2977 936 15 .......
2538 2977 11 10 .
2660 2944 117 43 4.

407 3049 359 45 L'architecture
793 3047 307 55 hollandaise,
1130 3064 85 36 par
1242 3048 98 44 Luc
1370 3044 112 47 Paul
1513 3046 265 44 Haesaerts.
1819 3044 107 44 Une
1960 3041 231 45 brochure
2227 3041 202 45 illustrée
2538 3074 10 10 .
2658 3042 118 42 4.

414 3154 456 58 Réduction
947 3154 115 56 «9e
1137 3151 107 57 5@
1321 3163 85 49 p.
1482 3161 68 46 c.
1627 3160 167 46 aux
1870 3158 448 48 nouveaux
2380 3144 391 59 abonnés

545 3492 147 44 PRIX
727 3493 84 44 DE
847 3490 493 47 L'ABONNEMENT
1373 3488 29 45 à
1435 3487 187 46 Tannée
1647 3504 60 28 en
1733 3502 135 30 cours
1893 3486 64 45 de
1983 3486 46 44 la
2055 3487 164 43 Revue
2246 3504 26 26 «
2303 3486 86 44 LA
2416 3484 138 46 CITE
2584 3500 24 27 »
2638 3489 47 37 et
2711 3479 62 45 de

407 3580 87 28 son
520 3565 298 54 supplément
845 3584 26 26 «
900 3565 259 45 TEKHNE
1188 3582 25 26 »
1251 3581 13 27 :
1292 3561 237 56 Belgique,
1558 3565 68 43 40
1653 3561 170 44 francs.
1848 3561 242 52 Etranger,
2119 3559 65 46 55
2213 3558 170 44 francs.

545 3749 125 44 Pour
694 3747 253 46 s'abonner
971 3748 29 44 à
1029 3766 26 27 «
1085 3751 84 43 LA
1195 3747 139 47 CITE
1362 3765 26 25 »
1418 3761 63 28 ou
1506 3743 186 46 obtenir
1715 3742 86 45 des
1823 3742 153 54 livres,
2000 3741 32 45 il
2057 3739 129 45 suffit
2211 3739 62 44 de
2296 3751 171 40 verser,
2495 3736 120 45 dans
2638 3735 107 45 n'im-

412 3829 138 47 porte
578 3822 107 54 quel
713 3822 176 44 bureau
919 3820 86 46 des
1032 3827 174 48 postes,
1237 3836 61 28 au
1325 3817 148 47 crédit
1503 3816 65 46 du
1592 3823 190 46 compte
1820 3815 200 53 chèques
2057 3820 201 47 postaux
2292 3822 51 35 n°
2387 3813 175 52 166,21
2608 3813 163 44 Revue

411 3918 27 24 «
468 3900 84 46 LA
578 3899 136 45 CITE
743 3914 45 37 »,
813 3896 47 44 la
882 3911 183 29 somme
1088 3894 95 45 due
1208 3901 47 38 et
1278 3892 237 45 d'inscrire
1538 3902 77 34 stfr
1639 3892 44 43 le
1707 3889 194 46 bulletin
1924 3888 64 48 de
2011 3894 265 39 versement
2300 3887 44 43 le
2368 3885 106 45 titre
2498 3883 65 49 du
2587 3883 115 45 livre
2726 3888 47 38 et

413 3969 68 45 les
511 3986 114 28 nom
654 3978 47 37 et
730 3968 190 46 adresse
947 3967 66 45 du
1042 3966 324 52 souscripteur.
