3490 4414
1654 220 99 49 107

156 337 371 68 Durchführung
554 342 130 50 theils
712 361 57 32 an
791 346 194 59 Händel,
1015 350 128 48 theils
1172 369 56 31 an
1249 355 317 53 Mendelssohn
1595 374 47 31 er-

155 413 211 59 innernd,
405 416 114 49 doch
561 435 84 33 von
689 421 145 48 einem
877 425 104 47 sehr
1021 426 202 51 sicheren
1255 432 196 48 Gefühle
1484 433 75 47 für
1589 433 80 50 das

156 489 317 66 Chormässige
503 496 217 62 Zeugniss
749 497 192 66 ablegen
981 503 91 47 und
1101 505 113 48 eben
1244 507 160 50 darum
1436 510 128 47 einen
1595 527 46 31 er-

155 565 283 50 frischenden
468 571 233 48 Eindruck
733 576 204 48 machen.
980 578 71 48 An
1082 581 225 51 einzelnen
1337 586 186 57 Stellen,
1550 604 35 30 z.
1614 588 49 47 B.

151 642 44 47 in
226 642 101 48 dem
367 643 70 48 die
465 647 279 67 Zerstörung
772 652 206 49 Sodom's
1015 656 311 52 schildernden
1357 662 139 55 Chor,
1536 662 55 47 ist
1619 679 44 31 es

150 717 101 48 dem
272 719 321 65 Componisten
616 726 242 66 gelungen,
881 731 90 47 sich
997 732 80 47 der
1098 742 212 57 strengen
1329 738 196 47 Formen
1550 737 115 65 (hier

150 794 80 47 der
259 795 138 49 Form
429 797 80 48 der
537 800 305 69 Doppelfuge)
872 822 47 32 so
948 825 54 30 zu
1034 808 235 60 bedienen,
1300 813 99 47 dass
1429 814 69 47 die
1528 816 108 47 Stim-

150 887 138 48 mung
321 873 92 47 und
443 874 70 48 die
542 877 224 50 Situation
808 882 43 47 in
891 883 135 48 ihnen
1062 886 129 48 einen
1222 891 292 63 energischen
1543 892 89 47 Aus-

147 946 144 47 druck
321 948 164 58 findet;
517 969 85 31 nur
627 972 183 32 warnen
834 959 83 46 wir
946 960 74 47 ihn
1050 978 79 32 vor
1154 964 123 47 einer
1307 967 110 47 allzu
1449 968 211 64 häufigen

150 1025 310 66 Anwendung
489 1028 78 48 der
597 1032 279 63 Fugenform
918 1037 91 45 und
1049 1053 77 32 vor
1164 1040 111 47 allzu
1305 1058 178 47 grosser
1511 1044 150 49 Breite

148 1099 83 48 der
259 1101 334 68 Entwicklung.
649 1109 225 64 Weniger
912 1113 181 63 günstig
1130 1114 177 50 können
1338 1119 82 46 wir
1449 1119 114 50 über
1591 1120 70 47 die

146 1178 387 50 Solo-Nummern
566 1183 248 58 berichten,
851 1187 143 48 denen
1035 1206 44 30 es
1114 1192 127 47 meist
1276 1209 56 31 an
1362 1195 180 47 wahrer
1572 1198 59 46 Ge-

143 1255 357 62 sangs-Melodie
531 1259 120 48 fehlt.
706 1261 95 47 Das
832 1263 149 48 Ganze
1026 1265 168 50 konnte
1218 1268 285 65 demgemäss
1539 1272 122 48 nicht

145 1329 306 67 befriedigen;
495 1334 114 49 doch
639 1336 115 65 zeigt
781 1339 91 47 sich
909 1340 70 47 ein
1008 1358 179 48 grosser
1215 1347 269 49 Fortschritt
1514 1366 146 47 gegen

145 1406 71 47 ein
258 1408 204 49 früheres
493 1411 265 50 Oratorium
802 1415 233 51 desselben
1075 1420 336 66 Componisten,
1454 1425 85 47 den
1572 1427 58 47 Co-

143 1482 196 50 lumbus.
471 1488 184 49 Andere
697 1508 117 32 neue
846 1494 365 65 Compositionen
1252 1500 159 48 hörten
1454 1503 84 47 wir
1573 1519 83 32 von

143 1560 295 60 Wohlers,
468 1562 70 50 die
560 1566 91 49 sich
677 1566 139 50 durch
842 1570 98 48 eine
962 1574 254 62 geschickte
1239 1576 417 61 Instrumentation,

142 1636 248 51 theilweise
418 1642 114 46 auch
562 1641 141 51 durch
735 1648 250 48 natürliche
1015 1650 293 51 thematische
1338 1655 319 65 Entwicklung

143 1715 280 63 empfehlen;
453 1734 81 30 von
566 1720 121 48 Kiel
719 1722 97 49 eine
846 1725 242 62 geistvolle,
1114 1728 72 48 hin
1211 1729 91 48 und
1327 1731 168 49 wieder
1517 1739 138 42 etwas

139 1808 53 29 zu
216 1791 224 64 grübelnd
471 1796 239 62 gehaltene
739 1800 168 47 Sonate
937 1801 76 47 für
1032 1802 173 50 Ciavier
1235 1806 88 47 und
1345 1808 195 55 Violine;
1571 1825 82 31 von

141 1869 223 64 Siering
410 1869 58 66 (in
500 1874 222 64 Dresden)
767 1877 70 46 ein
868 1879 107 47 Irio
1015 1880 74 47 für
1120 1881 189 59 Ciavier,
1346 1885 177 48 Violine
1563 1886 92 47 und

142 1943 122 47 Cello
302 1945 89 47 und
423 1947 99 47 eine
551 1950 245 58 Serenade,
839 1955 172 48 welche
1053 1956 130 48 beide
1218 1960 166 48 Stücke
1423 1976 84 33 von
1550 1961 102 48 dem

139 2021 204 57 lalente,
373 2023 134 49 leicht
536 2026 89 47 und
658 2029 202 49 fliessend
888 2049 53 29 zu
970 2032 252 60 schreiben,
1243 2039 216 63 Zeugniss
1489 2039 166 64 gaben,

138 2096 112 48 aber
279 2097 76 48 des
386 2100 185 48 tieleren
600 2103 197 49 Inhaltes
828 2107 294 59 entbehrten;
1164 2128 83 31 von
1291 2114 253 48 Taubert
1585 2115 70 48 ein

137 2175 411 63 geschmackvolles
587 2181 99 47 Trio
719 2182 75 47 für
825 2183 190 59 Ciavier,
1046 2187 176 49 Violine
1253 2190 90 47 und
1376 2191 149 56 Cello;
1567 2208 84 31 von

138 2251 144 48 einem
307 2252 175 65 jungen
517 2256 320 65 Componisten
874 2262 160 47 Mohr
1072 2263 99 47 eine
1201 2265 215 49 Cantate:
1443 2269 208 64 Loreley,

137 2327 71 48 die
236 2328 44 47 in
311 2330 137 48 vielen
481 2332 315 67 Beziehungen
835 2337 106 47 sehr
979 2337 222 51 deutliche
1230 2342 178 65 Spuren
1448 2343 80 49 der
1556 2346 63 46 An-

138 2404 306 65 fängerschaft
472 2424 55 31 an
559 2410 90 47 sich
679 2418 118 58 trug.
841 2413 86 47 Ein
956 2415 193 48 anderer
1172 2417 170 65 junger
1371 2420 279 64 Componist,

134 2482 122 47 Herr
284 2483 186 57 Isaac,
500 2490 314 47 veranstaltete
843 2491 98 47 eine
971 2492 301 67 Aufführung
1302 2497 182 64 eigener
1515 2498 102 47 Com-

136 2558 266 64 positionen,
439 2561 80 48 der
556 2564 83 46 wir
675 2564 328 51 beizuwohnen
1046 2571 259 49 verhindert
1335 2590 167 33 waren.
1556 2576 94 47 Das

136 2636 307 49 musicalische
475 2639 152 49 lalent
655 2642 78 47 des
755 2643 173 65 jungen
952 2647 187 47 Mannes
1167 2648 114 49 wird
1313 2667 80 31 uns
1423 2652 225 62 gerühmt.

137 2712 82 47 Um
251 2728 49 32 so
329 2713 131 48 mehr
487 2716 55 47 ist
567 2735 53 29 zu
650 2717 250 60 bedauern,
923 2719 102 50 dass
1048 2740 49 30 er
1119 2724 89 47 sich
1239 2726 42 47 in
1305 2726 80 48 der
1409 2727 141 50 Wahl
1572 2727 76 48 des

134 2788 242 50 Gedichtes
404 2807 48 32 so
482 2794 240 64 vergriffen
754 2796 89 48 hat.
886 2799 61 46 Es
976 2798 54 48 ist
1058 2801 97 47 eine
1187 2802 212 49 Cantate:
1440 2805 206 64 „Spring'

301 2867 71 47 die
401 2868 144 50 ihrem
576 2872 188 48 Dichter
794 2872 168 66 (Herrn
999 2876 278 67 Golcher),
1327 2896 48 32 so
1423 2881 84 48 wie
1544 2881 100 48 dem

129 2943 220 57 Musiker,
380 2944 80 48 der
487 2947 100 48 naiv
617 2966 152 48 genug
799 2967 111 39 war,
933 2952 61 47 sie
1017 2971 51 29 zu
1093 2957 310 62 componiren,
1434 2958 212 64 gewisser

129 3020 207 47 Maassen
368 3022 69 47 ein
468 3024 204 50 Anrecht
701 3028 81 47 auf
805 3027 69 48 die
905 3029 379 51 Unsterblichkeit
1313 3033 109 65 gibt.
1462 3034 83 47 Die
1576 3051 48 30 er-

128 3103 95 41 sten
270 3098 151 51 Chöre
466 3102 89 45 und
595 3103 92 47 Soli
733 3104 135 48 feiern
910 3104 84 48 den
1037 3109 331 49 erwachenden
1408 3112 236 63 Frühling.

127 3173 132 48 Auch
289 3174 79 48 das
399 3177 248 49 Blümchen
682 3182 206 64 „Spring'
1059 3186 251 64 entspringt
1338 3187 101 48 dem
1470 3188 148 47 Erden-

126 3250 233 50 schoosse:
400 3255 208 64 „Spring'
632 3258 92 56 auf,
753 3259 131 48 heiss'
913 3260 86 56 ich,
1031 3263 175 47 Herzen
1237 3264 128 47 weiss
1394 3264 68 49 ich
1492 3282 51 31 zu
1575 3282 46 31 er-

124 3328 257 57 schliessen,
424 3330 100 49 dass
567 3333 82 48 der
684 3335 143 50 Uiebe
863 3338 389 65 Frühlingstriebe
1295 3347 181 43 munter
1516 3342 127 48 darin

421 3409 105 46 Nun
545 3410 110 47 wird
677 3412 311 57 beschrieben,
1017 3417 83 45 wie
1122 3417 191 48 Blumen
1338 3418 89 47 und
1453 3419 189 64 Vöglein

123 3480 90 48 sich
246 3481 230 65 begatten,
520 3486 84 49 wie
635 3490 114 46 auch
790 3490 42 47 in
868 3490 86 49 den
984 3494 178 46 Herzen
1192 3493 79 48 der
1300 3495 243 47 Menschen
1573 3495 70 49 die

123 3558 142 48 Uiebe
293 3560 92 48 sich
418 3569 122 57 regt:
590 3565 130 55 „Und
750 3567 103 48 dort
882 3568 41 47 in
955 3568 81 49 der
1063 3570 159 49 Uaube
1252 3570 389 50 beschirmendem

126 3633 143 57 Grün,
298 3636 61 47 sie
388 3638 125 49 sitzet
542 3644 268 47 vertraulich
843 3645 81 47 auf
945 3647 152 48 seinen
1120 3648 175 56 Knie'n,
1324 3648 63 48 sie
1411 3649 120 48 hatte
1556 3649 86 48 den

124 3709 148 48 Busen
297 3714 305 51 verschlossen
626 3718 225 59 bewahrt,
881 3721 123 49 heut'
1027 3724 142 47 reicht
1197 3740 49 32 er
1272 3725 71 47 ihr
1365 3725 179 65 Spring'
1567 3725 83 49 auf

120 3804 101 30 zum
246 3787 208 51 Strausse
477 3804 192 53 gepaart
698 3798 89 47 und
819 3799 160 49 schaut
1001 3801 62 47 sie
1087 3801 230 66 herzinnig
1340 3803 90 48 und
1455 3803 188 64 fragend

122 3879 82 41 an;
242 3864 59 49 da
329 3865 175 66 springt
532 3870 71 47 ihr
631 3873 80 48 das
739 3875 119 48 Herz
889 3876 42 47 in
962 3879 285 63 unsäglicher
1274 3880 125 56 Uust,
1435 3880 62 47 sie
1526 3879 118 48 sinkt

122 3940 313 51 überwunden
460 3961 57 32 an
541 3948 120 48 seine
686 3951 160 57 Brust;
876 3953 81 48 der
978 3955 179 65 Spring'
1181 3956 81 47 auf
1285 3956 77 49 hat
1390 3973 45 32 es
1464 3956 70 47 ihr
1563 3974 53 31 an-

119 4019 168 63 gethan
378 4021 192 51 Endlich
590 4024 174 51 kommt
786 4029 81 48 der
884 4033 181 64 Spring'
1089 4034 82 47 auf
1187 4034 115 48 auch
1326 4053 52 29 zu
1403 4034 85 48 den
1510 4035 99 48 Wol-

120 4094 101 49 ken.
261 4097 102 56 „Sie
386 4115 179 46 sausen,
595 4102 63 49 sie
683 4102 197 53 brausen
910 4108 44 48 in
978 4109 330 51 Uiebesweh'n.
1338 4111 103 59 Hei,
1472 4111 86 50 wie
1580 4111 62 50 sie

1736 358 58 49 da
1822 378 129 31 rasen
1973 364 44 47 in
2038 367 131 49 toller
2188 369 136 64 Jagd,
2353 369 71 50 bei
2445 371 149 65 jedem
2617 376 250 50 Umarmen
2895 394 46 32 es
2972 378 148 50 blitzet
3140 379 92 52 und

1737 435 175 50 kracht!
1940 440 73 47 Sie
2031 450 203 52 wettern,
2249 446 62 48 sie
2333 447 269 51 schmettern
2626 451 229 68 unbändig
2878 454 91 48 sich
3132 458 102 48 Und

1735 512 118 48 diese
1882 516 155 49 Poesie
2079 522 200 47 muthete
2320 540 107 32 man
2467 526 122 47 einer
2619 527 168 50 Anzahl
2820 531 163 65 junger
3011 532 221 50 Mädchen

1733 606 70 41 zu,
1830 607 53 30 zu
1911 592 178 64 singen!

1853 667 81 46 Die
1962 670 109 47 Zahl
2102 670 80 48 der
2208 672 258 59 Virtuosen,
2508 676 85 56 die,
2630 679 183 48 seitdem
2843 681 69 48 ich
2941 684 140 48 Ihnen
3110 685 122 48 nicht

1735 741 308 61 geschrieben,
2075 746 95 48 liier
2197 750 281 63 aufgetreten
2507 752 112 56 sind,
2654 755 53 45 ist
2743 755 103 48 sehr
2880 774 137 47 gross.
3071 762 160 47 Zuerst

1733 830 146 33 nenne
1906 818 69 48 ich
2006 821 385 67 Vieuxtemps,
2422 826 85 47 den
2536 828 81 47 wir
2645 845 111 48 ganz
2779 832 62 46 als
2864 832 83 48 den
2969 835 133 48 Alten
3124 837 79 49 wie-

1733 891 273 52 derfanden:
2044 897 483 70 bewundernswürdig
2564 903 42 47 in
2636 906 97 47 Ton
2763 907 90 47 und
2884 906 216 61 Technik,
3144 929 84 31 von

1732 968 165 50 hohem
1928 972 113 48 Ade!
2071 974 42 47 in
2144 974 81 49 der
2251 977 293 66 Auffassung,
2584 981 111 48 aber
2737 990 137 42 etwas
2914 1002 53 31 zu
3010 987 91 47 kalt
3139 988 93 49 und

1731 1047 230 48 vornehm.
2008 1049 132 49 Auch
2182 1052 166 49 Clara
2385 1054 311 50 Schumann
2733 1058 89 64 gab
2851 1061 67 46 ein
2951 1061 206 59 Concert,
3187 1065 44 47 in

1731 1120 100 49 dem
1862 1123 77 56 sie,
1981 1124 83 50 fast
2090 1145 52 29 zu
2174 1127 286 58 bescheiden,
2499 1148 87 31 nur
2622 1132 196 49 kleinere
2852 1137 165 48 Stücke
3055 1140 171 63 spielte,

1731 1197 141 49 durch
1902 1200 85 49 den
2018 1204 198 65 Vortrag
2244 1206 236 50 derselben
2518 1226 81 30 uns
2635 1209 112 49 aber
2775 1212 127 47 einen
2931 1230 183 47 grossen
3144 1216 57 48 Ge-

1730 1289 104 32 nuas
1893 1278 242 61 gewährte.
2189 1282 144 48 Einen
2389 1284 464 50 ausserordentlichen
2900 1289 159 64 Erfolg
3113 1292 119 48 hatte

1731 1350 322 51 Alexander
2080 1357 145 64 Drey
2236 1359 217 50 schock.
2495 1362 154 48 Ueber
2676 1364 119 47 seine
2823 1366 291 64 Fingerkraft
3140 1368 89 48 und

1731 1427 263 66 Fertigkeit,
2036 1430 124 59 kurz,
2202 1434 112 48 über
2351 1437 118 48 seine
2498 1439 198 49 Technik
2726 1457 152 32 waren
2907 1443 84 47 alle
3020 1444 211 49 Parteien

1730 1503 134 65 einig,
1905 1505 99 49 dass
2032 1508 61 47 sie
2123 1526 111 47 ganz
2263 1512 196 48 eminent
2485 1514 90 47 und
2610 1518 306 63 gegenwärtig
2945 1521 117 47 wohl
3094 1537 108 32 uner-

1728 1580 142 48 reicht
1897 1583 75 47 sei.
2014 1584 152 48 Ueber
2193 1587 151 48 seinen
2373 1589 200 65 Vortrag
2602 1593 206 47 machten
2836 1594 89 47 sich
2955 1595 145 49 indess
3129 1613 72 32 ver-

1727 1656 236 50 schiedene
1986 1660 245 50 Ansichten
2260 1664 178 64 geltend
2453 1683 11 37 ;
2494 1667 90 47 und
2613 1668 213 48 während
2857 1669 68 48 die
2947 1672 144 47 Einen
3120 1673 81 47 den-

1727 1734 152 48 selben
1901 1736 60 47 im
1987 1738 237 64 Vergleich
2248 1742 78 47 mit
2348 1742 84 48 den
2450 1744 202 62 Spielern
2674 1744 79 48 der
2775 1747 264 49 Uiszt'schen
3063 1750 165 49 Schule

1728 1810 318 51 unbedeutend
2071 1815 88 47 und
2178 1815 316 51 oberflächlich
2521 1819 178 58 fanden,
2730 1822 174 48 fühlten
2928 1824 89 47 sich
3041 1823 70 49 die
3133 1828 62 46 An-

1727 1885 136 50 deren
1892 1888 141 49 durch
2076 1890 71 48 die
2183 1909 166 32 maass-
2380 1895 90 47 und
2499 1896 384 64 geschmackvolle
2913 1902 84 45 Art
3026 1900 79 47 der
3132 1903 64 47 Nu-

1726 1964 233 65 ancirung,
2001 1966 141 49 durch
2185 1969 78 48 das
2304 1976 110 42 stete
2450 1973 270 48 Vermeiden
2762 1975 104 47 alles
2897 1976 330 50 Gewaltsamen

1726 2040 90 47 und
1848 2043 268 48 Unschönen
2146 2046 293 49 wohlthuend
2469 2049 202 49 berührt.
2701 2050 74 47 Ich
2800 2053 200 62 gestehe,
3029 2053 100 48 dass
3158 2054 69 48 ich

1726 2117 117 47 mich
1873 2120 128 46 mehr
2031 2120 83 47 den
2144 2123 236 48 Uetzteren
2410 2126 280 47 anschliesse.
2718 2128 134 47 Denn
2881 2145 130 31 wenn
3043 2130 113 47 auch
3186 2131 43 47 in

1726 2194 218 48 manchen
1975 2196 213 57 Stücken,
2216 2216 35 30 z.
2279 2200 51 47 B.
2361 2200 42 47 in
2433 2200 100 48 dem
2566 2203 155 48 letzten
2746 2204 128 47 Satze
2903 2204 80 48 der

1723 2270 183 57 Sonate,
1954 2274 325 63 Dreyschock's
2329 2276 278 66 Auffassung
2660 2280 305 65 ungenügend
3013 2299 112 39 war,
3179 2300 48 32 so

1723 2346 156 48 würde
1910 2364 101 32 man
2056 2349 112 48 doch
2208 2351 104 47 sehr
2340 2355 249 61 ungerecht
2616 2355 108 57 sein,
2767 2357 149 47 wollte
2946 2374 102 32 man
3078 2359 75 47 ihn
3182 2360 44 47 in

1721 2422 69 47 die
1821 2425 244 63 Kategorie
2094 2426 79 48 der
2203 2427 175 50 blossen
2406 2431 301 65 Salonspieler
2743 2434 168 48 stellen.
2953 2436 114 46 Dass
3097 2446 49 37 er
3174 2454 50 29 zu

1719 2498 135 49 ihnen
1883 2501 122 47 nicht
2033 2502 177 64 gehört,
2240 2504 79 48 hat
2347 2521 48 32 er
2424 2506 140 48 durch
2596 2507 83 47 den
2705 2509 197 64 Vortrag
2930 2509 77 48 des
3030 2512 167 47 Beetho-

1718 2577 238 48 ven'schen
2206 2577 76 51 Es-dur-
2283 2581 60 48 und
2344 2581 421 62 C-mo?/-Concertes,
2794 2586 75 47 des
3127 2590 99 47 rio's

1721 2652 89 47 und
1853 2652 76 48 des
1958 2656 470 51 Mendelssohn'schen
2460 2658 433 51 G-moll-Concerles
2935 2662 292 51 hinreichend

1721 2728 237 51 bewiesen.
2001 2733 63 46 Er
2093 2735 194 48 erreicht
2323 2737 122 46 nicht
2481 2738 160 47 immer
2676 2738 71 47 die
2785 2744 250 44 äussersten
3067 2742 160 64 Gipfel,

1718 2805 111 48 aber
1872 2815 160 40 ersetzt
2058 2808 94 57 das,
2196 2827 91 31 was
2318 2811 95 48 hier
2443 2813 89 47 und
2563 2813 103 49 dort
2695 2815 123 57 fehlt,
2862 2815 220 58 dadurch,
3125 2817 99 50 dass

1718 2898 48 31 er
1790 2883 162 49 immer
1972 2886 136 48 schön
2135 2887 137 48 bleibt
2295 2888 90 49 und
2409 2890 99 48 dass
2536 2891 143 48 nichts
2709 2893 302 47 unvermittelt
3039 2895 182 48 auftritt.

1716 2959 102 47 Sein
1971 2959 205 50 Crescendo
2177 2963 36 47 und
2734 2963 311 51 Decrescendo
2559 2967 53 47 ist
2640 2968 225 47 wahrhaft
2899 2968 297 50 bewunderirs-

1717 3038 142 47 werth
1876 3055 10 38 ;
1909 3038 91 47 sein
2199 3038 154 62 Forte,
2354 3041 87 49 obschon
2442 3045 260 63 gewaltiger,
2726 3046 61 47 als
2813 3045 80 48 wir
2914 3062 45 31 es
2973 3046 48 63 je
3045 3047 177 64 gehört,

1718 3112 76 48 hat
1822 3113 71 48 nie
1923 3122 138 41 etwas
2093 3117 336 57 Verletzendes;
2459 3119 90 47 sein
2749 3121 52 47 ist
2828 3137 84 32 von
2942 3121 253 51 bezaubern-

1716 3188 100 48 dem
1850 3192 253 48 Wohllaut.
2158 3194 66 46 Er
2250 3194 163 64 gehört
2439 3213 53 30 zu
2530 3196 82 48 den
2648 3197 108 63 jetzt
2781 3198 128 47 recht
2937 3199 141 47 selten
3107 3217 87 31 wer-

1716 3264 175 50 denden
1920 3268 248 58 Musikern,
2210 3269 69 49 die
2318 3271 90 47 sich
2451 3271 85 48 den
2573 3274 360 47 natürlichen
2975 3276 249 49 Musiksinn

1714 3343 115 47 noch
1859 3344 122 49 nicht
2008 3344 139 49 durch
2179 3348 84 46 alle
2293 3349 254 64 möglichen
2570 3351 376 48 transcendenten
2972 3352 133 48 Ideen
3128 3370 72 31 ver-

1714 3418 174 49 dorben
1920 3420 161 50 haben.
2112 3423 63 46 Er
2199 3423 105 56 will,
2333 3424 101 49 dass
2460 3424 71 49 die
2555 3427 147 47 Musik
2728 3427 147 47 Musik
2903 3428 61 47 sei
2988 3429 90 47 und
3104 3429 119 49 nicht

1714 3497 301 66 Philosophie.
2121 3500 87 47 Ein
2236 3502 407 65 neapolitanischer
2671 3504 184 56 Pianist,
2886 3504 335 65 Giuglielmo

1714 3574 370 57 Nacciarone,
2122 3575 198 50 erfreute
2357 3578 43 47 in
2431 3578 101 49 dem
2561 3580 228 64 Vortrage
2824 3580 231 49 mehrerer
3085 3582 101 48 Com-

1716 3650 246 64 positionen
1986 3668 83 32 von
2091 3653 336 58 Mendelssohn,
2447 3657 192 57 Händel,
2664 3658 173 65 Chopin
2866 3658 140 47 durch
3036 3676 187 47 grossen

1717 3727 241 49 Wohllaut
1997 3729 58 46 im
2099 3730 142 57 Tone,
2283 3732 238 63 präciseste
2550 3734 302 64 Ausführung
2888 3733 79 48 der
2994 3737 229 63 Passagen

1716 3804 90 48 und
1836 3805 130 49 einen
1995 3807 434 63 geschmackvollen,
2459 3812 173 47 runden
2666 3812 208 63 Vortrag.
2903 3813 95 46 Für
3026 3813 168 49 Beetho-

1713 3883 119 45 ven's
2273 3887 169 48 reichte
2481 3885 145 50 indess
2663 3888 91 47 sein
2784 3887 412 66 Auffassungs-Ver-

1714 3961 167 63 mögen
1910 3960 121 48 nicht
2060 3977 94 33 aus.
2192 3963 87 48 Ein
2309 3964 191 48 anderer
2527 3964 183 57 Pianist,
2739 3965 121 47 Herr
2890 3967 207 49 Hasert
3127 3967 96 66 (aus

1713 4035 281 65 Hannover),
2033 4036 166 50 bewies
2229 4039 43 48 in
2302 4041 238 47 mehreren
2572 4041 268 56 Concerten,
2881 4041 102 50 dass
3024 4059 48 32 er
3114 4045 81 47 emi-

1713 4120 133 43 nente
1878 4115 131 48 Kraft
2037 4116 93 49 und
2156 4118 252 66 Fertigkeit
2436 4119 176 57 besitzt;
2653 4120 122 47 seine
2801 4119 276 67 Auffassung
3111 4121 110 49 clas-

2857 4191 78 65 [*]
