2923 4036
250 148 350 63 Adspredelse
650 168 72 47 og
772 153 300 61 Resultater,
1122 171 127 35 naar
1285 158 227 51 Kunsten
1562 158 118 52 ikke
1730 162 111 49 selv
1891 163 89 49 vil:
2029 172 51 42 at
2128 165 165 50 vaske
2330 167 259 52 Lærredet
2636 177 122 51 rent,

251 258 127 36 naar
413 244 83 50 det
531 259 54 36 er
621 245 161 50 blevel
821 247 210 51 dækket
1072 249 115 49 med
1225 249 353 64 Daarligdom,
1628 268 74 47 og
1737 261 51 42 at
1822 256 165 49 vaske
2025 257 226 58 Pensler,
2302 261 271 62 hvergang
2608 263 64 50 de
2709 279 53 34 er

249 337 279 49 snavsede.
567 339 96 49 Det
698 339 211 61 betyder
943 347 89 55 nyt
1067 342 209 50 Humør.

406 430 64 48 Et
504 430 179 49 Maleri
735 430 161 52 bliver
945 432 48 50 til
1042 447 119 36 som
1211 441 49 43 et
1294 436 113 51 Slid
1451 439 75 48 fra
1564 440 144 49 Kaos
1743 455 129 36 over
1906 442 326 51 Makværket
2268 446 48 48 til
2354 446 404 52 Mesterværket.

246 521 221 52 Saadan
504 529 143 44 staar
682 524 85 50 det
801 526 80 48 for
915 526 247 60 Maleren,
1199 543 127 35 naar
1361 530 99 50 han
1500 535 146 57 giver
1680 534 83 49 det
1797 535 75 50 fra
1909 539 99 58 sig.
2055 536 224 51 Hvorfor
2315 553 99 47 gør
2448 543 49 45 vi
2533 540 84 50 det
2653 541 106 50 da?

345 615 113 50 selv
508 621 104 45 tror
658 619 101 61 jeg,
809 619 131 49 fordi
990 634 212 48 engang
1252 637 53 34 er
1354 630 114 42 vort
1502 625 192 50 Væsen
1737 626 169 51 blevet
1942 628 125 61 fyldt
2102 630 54 49 af
2188 637 173 56 noget,
2399 634 47 46 vi
2485 633 144 48 fandt
2663 634 99 50 helt

246 707 188 58 smukt,
471 708 131 49 fordi
640 712 49 45 vi
726 709 145 51 holdt
904 710 102 50 helt
1040 713 55 48 af
1126 712 99 49 det.

404 800 223 51 Maaske
678 809 160 56 noget
872 804 183 50 stærkt
1187 807 219 49 maaske
1443 809 121 50 bare
1603 818 158 55 noget
1797 812 148 57 kejtet
1981 827 74 47 og
2091 814 187 59 kantet,
2328 816 115 49 hvis
2481 818 195 50 Billede
2711 823 47 46 vi

246 892 93 51 har
373 896 12 45 i
423 901 114 43 vort
574 896 159 56 Indre,
768 911 74 47 og
877 911 117 36 som
1031 901 50 47 vi
1117 914 55 34 er
1206 900 101 48 helt
1341 900 176 50 sikker
1553 916 116 45 paa.

405 986 100 49 For
541 992 51 45 at
627 988 84 49 faa
748 991 101 47 vist
885 990 96 49 den
1009 990 256 51 Skønhed
1303 995 13 47 i
1352 994 176 60 synlig
1554 995 154 51 Form
1747 997 234 59 arbejder
2017 1001 48 46 vi
2102 1014 73 47 og
2211 1001 194 50 ønsker
2441 1007 51 44 at
2516 1005 119 58 give
2662 1002 95 51 den

246 1079 205 59 ganske
486 1094 117 35 som
641 1080 98 49 den
777 1082 112 49 selv
926 1098 68 34 er.
1034 1084 149 49 Hvad
1222 1085 167 49 denne
1418 1086 143 50 indre
1586 1088 184 59 Glans,
1808 1093 47 45 vi
1893 1090 226 57 tilbeder,
2156 1107 68 43 er,
2262 1094 47 47 til
2335 1094 149 48 hvem
2511 1096 48 46 vi
2587 1095 171 57 maler,

247 1170 213 50 hvorfor
494 1174 48 46 vi
580 1173 153 57 lever,
769 1174 85 49 det
889 1189 53 34 er
976 1190 97 35 vor
1108 1176 406 63 Hemmelighed.

2222 1211 187 49 Albert
2437 1212 161 50 Naur.
