2923 4036
721 147 197 71 Ingen
960 150 91 57 fik
1098 151 257 70 Sangen
1396 152 132 59 helt
1576 156 68 57 til
1689 157 273 59 Bunden
2004 178 265 53 sungen,

712 253 134 68 just
895 253 84 55 da
1018 270 157 40 man
1215 255 149 70 greb
1407 258 119 66 det,
1583 260 86 57 da
1708 278 115 41 var
1864 261 333 74 Strængen
2238 283 339 55 sprungen,

719 354 104 56 det
863 372 69 39 er
973 357 327 58 Naturens
1342 362 381 58 underfulde
1768 364 246 65 Gaade,

951 461 104 56 det
1097 480 67 38 er
1208 463 185 58 Guds
1436 466 247 57 Naade.

716 693 264 73 Sanger!
1026 697 135 57 Din
1202 698 110 57 Sol
1354 709 172 49 staar
1568 703 220 59 endnu
1829 707 158 55 midt
2028 724 127 53 paa
2197 709 288 63 Himlen,

716 799 220 57 endnu
978 801 89 57 dit
1115 801 249 73 Hjærte
1407 804 225 59 favner
1672 808 144 57 hele
1859 810 309 65 Vrimlen,

714 903 288 70 Agrenes
1042 923 244 53 grønne
1329 909 145 71 Dag
1515 910 98 58 fra
1655 913 308 58 Orienten

947 1009 69 55 til
1059 1011 409 59 Occidenten.

712 1242 162 56 Vide
917 1261 109 38 om
1068 1244 195 58 Solen
1303 1248 193 69 gaber
1536 1251 89 54 alt
1666 1252 103 56 det
1811 1262 185 55 sorte,

712 1361 158 56 syng
912 1364 71 38 os
1025 1351 21 52 i
1091 1349 302 72 Ungdom
1435 1352 160 58 frem
1636 1357 152 54 mod
1831 1357 211 58 Edens
2085 1359 202 66 Porte,

712 1465 181 40 værn
934 1468 110 39 om
1083 1469 118 41 vor
1242 1453 294 59 Sommer
1577 1459 146 56 med
1768 1459 110 57 din
1920 1462 208 57 kaade
2171 1463 299 66 Stemme,

943 1554 112 56 der
1097 1572 67 38 er
1206 1561 63 52 vi
1310 1557 299 71 hjemme.

710 1784 141 59 Tak
890 1787 99 57 for
1030 1789 127 56 den
1199 1791 186 72 Sang,
1430 1794 87 55 du
1558 1794 183 73 lagde
1784 1815 73 38 os
1900 1816 127 52 paa
2067 1799 289 74 Tungen,

710 1897 174 50 tavse
926 1896 63 51 vi
1031 1901 222 50 venter
1294 1896 143 63 den,
1482 1898 86 55 du
1610 1902 55 68 ej
1712 1900 120 57 har
1873 1919 265 54 sungen,

708 1995 253 56 rækker
1001 1996 104 73 dig
1145 1999 299 57 Kransen
1486 2001 115 58 her
1643 2020 83 39 en
1768 2005 144 71 Dag
1953 2010 22 52 i
2017 2008 271 66 Høsten,

940 2102 194 57 vendt
1175 2106 176 54 imod
1396 2106 217 56 Østen.

2044 2211 174 53 Thøger
2244 2216 166 42 Larsen.
