4912 7127
4451 6737 130 68 165

454 414 412 75 unberührt
912 413 560 81 umschwärmt,
1520 411 247 73 Maria
1811 408 257 74 Stuart
2114 409 97 68 ist
2256 403 151 72 und

455 531 230 73 bleibt
747 531 143 71 das
957 526 610 75 Zwiebelmuster
1635 526 135 71 des
1838 525 567 71 Tränenreizes.

455 643 282 76 Solche
793 665 197 63 ganz
1044 641 284 85 großen
1384 640 415 83 Gestalten,
1853 658 178 51 vom
2089 635 318 74 Schiller

460 760 365 85 geliefert,
891 755 319 74 machen
1272 755 119 73 die
1455 755 376 74 zwischen
1892 751 144 73 den
2099 750 264 74 Jahres-

461 873 268 73 zahlen
783 873 134 71 der
966 868 459 78 Schlachten
1477 892 124 51 am
1657 867 381 77 Qranikus
2089 863 152 76 und
2290 865 117 71 bei

461 989 256 74 Sedan
741 985 531 86 geschehende
1305 983 455 77 Geschichte
1789 980 440 86 körperhaft
2255 978 152 75 und

460 1102 626 86 bürgerweltlich.
1169 1102 139 73 Die
1342 1099 647 77 Schicksalshand
2024 1099 134 72 der
2192 1097 172 73 ober-

460 1217 387 85 gelehrten
888 1217 583 81 Vorstellungen
1511 1214 222 84 greift
1774 1215 115 72 bei
1931 1212 132 73 der
2102 1209 262 86 Einjäh-

461 1332 544 85 rigenprüfung
1083 1332 134 71 der
1296 1329 589 85 Eintagsfliegen
1965 1331 215 81 Toga
2255 1324 152 74 und

461 1446 430 76 Baerenfell
929 1451 133 69 mit
1100 1449 244 70 einem
1381 1444 198 75 Griff
1613 1464 438 53 zusammen
2087 1442 154 73 und
2275 1442 132 71 der

461 1561 808 74 Hausmacherschnitt
1311 1559 136 73 des
1489 1559 413 73 modernen
1941 1557 424 75 Mitteleuro-

461 1679 226 82 päers
722 1674 186 73 flitzt
944 1696 152 51 von
1127 1673 134 72 der
1296 1674 310 83 Stange.

463 1791 103 73 Ist
602 1789 247 75 dieser
885 1788 579 84 Bildungsgang
1498 1810 94 51 zu
1630 1788 232 84 Ende,
1901 1810 86 51 so
2024 1786 215 85 pfeift
2275 1786 132 73 der

463 1927 149 52 nun
641 1903 486 74 erwachsene
1161 1903 457 74 Halbwuchs
1652 1903 203 73 nicht
1885 1903 214 73 mehr
2129 1901 127 73 auf
2288 1901 119 71 die

463 2023 413 81 gereimten
902 2018 470 76 Weisheiten
1405 2018 132 73 der
1567 2018 242 85 Alten,
1841 2018 119 73 die
1989 2020 418 79 ungereimt

460 2135 152 73 und
649 2133 283 85 täglich
973 2155 144 53 neu
1156 2135 120 73 die
1313 2135 334 83 Spatzen
1684 2155 147 51 von
1874 2133 142 73 den
2058 2132 349 72 Dächern

456 2248 305 85 pfeifen,
814 2248 330 75 sondern
1195 2270 81 53 er
1325 2248 200 75 steht
1576 2252 71 69 in
1697 2247 463 74 klassischer
2207 2247 200 72 Pose

455 2364 121 74 als
620 2364 373 74 Herkules
1037 2386 125 50 am
1205 2364 562 84 Scheidewege,
1808 2364 118 72 die
1968 2362 439 73 Flötentöne

465 2479 167 72 sind
668 2501 438 62 vergangen
1140 2479 154 74 und
1332 2479 118 72 die
1484 2477 608 78 Wattemuskeln
2133 2477 235 83 geblie-

456 2594 170 73 ben.
715 2592 161 75 Das
919 2592 465 76 Gedächtnis
1425 2592 318 75 schlürft
1780 2592 251 75 fortan
2075 2595 100 70 im
2209 2592 159 71 Zita-

460 2707 238 75 terich
739 2707 135 73 des
915 2707 488 85 angelernten
1442 2707 509 83 Krebsgangs,
1992 2706 180 74 leise
2212 2704 195 74 zieht

456 2822 241 75 durch
725 2824 141 71 das
898 2822 278 75 Gemüt
1200 2827 118 68 ein
1347 2822 437 75 blecherner
1813 2821 416 84 Papphelm
2258 2843 149 51 von

460 2936 343 85 Schiller,
907 2941 118 68 ein
1123 2936 493 74 Frankfurter
1713 2936 381 85 Daktylus
2194 2939 213 68 rennt

460 3049 328 87 jiddisch
832 3053 181 71 über
1057 3051 117 73 die
1225 3051 293 85 Straße,
1564 3073 120 51 wo
1728 3049 193 75 auch
1967 3051 133 73 der
2148 3049 208 75 Omni-

460 3166 137 75 bus
643 3166 135 75 des
820 3166 295 75 Lebens
1159 3166 179 75 hält.

461 3280 197 74 Vom
693 3280 435 74 Deutschen
1162 3280 258 74 wurde
1454 3281 113 73 als
1603 3280 357 72 höchstes
1994 3280 244 72 Glück
2275 3278 132 73 der

461 3395 524 74 Erdenkinder
1052 3396 119 73 die
1997 3395 131 73 auf
2192 3398 215 70 einen

461 3510 525 85 Gemeinplatz
1071 3510 195 74 ohne
1325 3508 733 87 Verkehrsordnung
2141 3510 222 73 herab-

461 3647 342 63 gezogen
869 3625 153 73 und
1084 3625 116 73 als
1264 3625 528 85 vorzügliches
1855 3625 247 73 Mittel
2165 3645 242 63 gegen

460 3761 228 52 unser
724 3738 531 75 maschinelles
1289 3738 353 75 Zeitalter
1674 3738 452 85 empfohlen.
2158 3738 249 75 Wenn

461 3876 176 52 man
671 3854 163 76 sich
864 3859 204 69 einer
1098 3854 240 84 Logik
1367 3854 205 74 nicht
1603 3854 389 74 entziehen
2023 3854 199 72 kann
2255 3852 152 74 und

461 3969 315 74 deshalb
836 3969 230 74 reden
1118 3969 198 86 muß,
1374 3969 361 73 schildert
1787 3989 178 53 man
2021 3969 135 73 frei
2212 3965 195 77 nach

460 4084 152 74 und
656 4084 239 73 durch
935 4084 239 85 Hegel
1220 4082 367 75 zunächst
1630 4082 118 75 die
1789 4082 388 75 Antithese
2224 4082 183 75 oder

461 4197 141 75 das
643 4197 418 85 Gegenteil.
1147 4196 183 76 Also
1369 4197 181 73 bitte
1592 4197 346 83 geehrter
1977 4196 193 73 Herr
2209 4196 195 84 Anti,

463 4335 117 52 wo
637 4318 97 69 ist
785 4314 216 73 keine
1059 4311 559 74 Maschinerie?
1719 4313 139 72 Die
1916 4311 441 74 Gemütsver-

463 4450 337 64 sorgung
864 4429 237 73 durch
1169 4428 527 84 Gartenlaube,
1763 4428 119 72 die
1948 4428 416 72 Interessen-

463 4548 359 81 speisung
866 4543 239 74 durch
1151 4541 269 86 Radio,
1467 4541 132 75 der
1645 4541 577 85 Bildungsdung
2266 4541 139 75 des

463 4658 787 86 mitteleuropäischen
1381 4655 657 86 Hausgewächses
2170 4655 237 74 durch

463 4775 291 74 Marlitt
825 4775 154 73 und
1051 4775 213 83 May,
1337 4773 316 83 Zeitung
1723 4771 154 73 und
1948 4771 457 85 Parlament,

463 4892 183 83 Sipo
707 4890 154 73 und
922 4888 489 83 Briefträger,
1476 4887 719 83 Straßenreinigung
2253 4885 154 73 und

461 5002 1010 79 Konfirmandenunterricht
1521 5000 170 75 sind
1738 5002 114 71 als
1904 5000 456 75 Mechanisie-

465 5142 191 63 rung
712 5120 135 73 des
902 5119 323 83 Körper-
1281 5117 152 73 und
1489 5115 691 75 Seelenzuschnitts
2231 5113 176 75 bald

463 5235 342 75 erkannt.
885 5235 106 72 Zu
1024 5232 428 83 schweigen
1482 5252 151 51 von
1667 5230 132 73 der
1828 5229 579 84 Zifferordnung

463 5352 134 73 der
659 5349 707 83 Verkehrsbahnen,
1428 5347 132 71 der
1625 5344 376 84 täglichen
2060 5345 296 75 Wieder-

461 5466 285 84 holung
802 5466 137 73 des
995 5464 242 83 Wegs
1293 5483 178 50 vom
1528 5461 879 72 Frühstücksaufschnitt

463 5583 135 72 des
661 5579 696 81 Lokal-Anzeigers
1415 5574 183 75 oder
1659 5574 132 73 der
1846 5574 246 83 Roten
2151 5574 254 73 Fahne

463 5718 169 52 zum
683 5696 217 83 WC.,
954 5694 171 71 dem
1179 5693 181 81 Step
1418 5689 134 73 des
1606 5689 566 83 Normalpulses
2222 5689 185 73 oder

465 5811 172 73 dem
671 5804 971 92 rhythmisch-metrischen
1672 5804 281 83 Zwang
1985 5804 131 71 der
2146 5809 71 66 in
2248 5806 157 71 Zeit

463 5931 522 78 umgesetzten
1022 5921 508 81 Schrittlänge
1572 5918 132 73 des
1753 5921 154 81 1,70
1946 5942 73 49 m
2060 5918 296 74 Normal-

466 6040 434 83 menschen,
935 6058 244 63 gegen
1213 6036 276 71 dessen
1521 6033 505 83 Eintönigkeit
2056 6021 117 85 die
2204 6035 161 71 Frei-

465 6155 150 73 heit
680 6153 511 85 persönlicher
1254 6146 631 77 Intensitätswahl
1948 6148 212 71 mehr
2224 6150 181 71 oder

463 6268 293 73 minder
788 6268 386 73 fruchtbar
1203 6267 415 83 opponiert.
1699 6262 103 72 So
1833 6262 223 72 bleibt
2089 6262 277 72 schließ-

465 6383 145 75 lich
659 6385 114 71 als
825 6387 329 79 einziger
1200 6377 631 76 unmaschineller
1877 6377 362 84 Vorgang
2288 6378 117 73 die

463 6499 183 76 Wut
687 6502 204 69 eines
935 6495 514 83 biologischen
1489 6492 252 73 Etwas
1784 6492 127 71 auf
1953 6492 117 73 die
2111 6492 293 85 Lange-

2646 403 210 72 weile
2913 399 527 75 maschineller
3496 398 711 81 Wiederholungen,
4270 398 105 69 sie
4436 398 154 69 tritt

2644 518 112 73 als
2805 514 564 85 schöpferische
3416 513 432 73 Vehemenz
3892 511 149 85 auf,
4088 509 119 75 die
4253 509 142 73 alle
4437 509 114 73 bis-

2642 633 134 73 her
2829 631 423 73 bekannten
3303 628 669 83 Stabilisierungen
4022 648 139 51 aus
4214 626 172 73 dem
4439 624 98 75 Ge-

2644 746 181 75 leise
2864 745 198 74 wirft
3100 745 154 72 und
3291 743 520 85 rhythmische
3845 741 457 85 Aenderung
4336 763 96 49 an
4469 745 117 69 ein

2644 884 230 50 neues
2910 862 330 72 Metrum
3274 860 276 73 bindet.
3633 858 103 75 Es
3772 862 96 71 ist
3902 858 134 71 der
4066 858 237 71 Natur
4337 856 251 83 längst

2642 975 349 85 bekannt,
3040 975 144 71 daß
3232 978 108 68 sie
3389 973 237 73 durch
3672 972 257 74 solche
3977 970 433 86 Synthesen
4456 992 132 51 zur

2642 1090 469 73 Produktion
3159 1090 311 73 kommt.
3569 1088 137 73 Die
3758 1087 246 74 These
4415 1090 130 71 wir-

2642 1207 151 73 belt
2824 1210 118 70 ein
2974 1205 315 73 bißchen
3323 1205 235 75 Staub
3592 1204 149 84 auf,
3775 1204 119 72 die
3924 1204 390 72 Antithese
4349 1202 192 85 „Vor-

3056 1319 255 74 macht
3352 1324 73 68 in
3465 1319 132 74 der
3638 1319 588 84 Spiegelgalerie
4266 1319 134 71 der
4439 1317 100 81 Re-

2646 1436 399 72 flektionen
3089 1439 119 68 ein
3247 1434 171 73 Bild
3462 1436 273 83 davon,
3779 1434 272 73 dessen
4092 1434 491 83 umgekehrte

2644 1551 229 83 Optik
3530 1549 199 75 heißt
3767 1549 152 73 und
3958 1552 337 70 inmitten
4337 1547 249 75 dieses

2641 1664 330 75 Zaubers
3018 1664 259 75 erhebt
3325 1664 162 75 sich
3535 1664 474 85 synthetisch
4058 1664 141 73 das
4246 1661 342 76 Produkt

3416 1779 139 73 das
3616 1781 279 73 ebenso
3951 1783 259 71 weiter
4265 1778 149 74 will
4473 1779 113 71 als

2646 1894 203 73 nicht
2881 1896 278 71 anders
3189 1896 224 71 kann.
3447 1896 159 71 Das
3638 1896 469 73 verbliebene
4143 1896 443 83 allgemeine

2644 2010 152 72 und
2878 2010 338 84 geheime
3296 2010 445 74 Wahlrecht
3818 2032 132 50 zur
4027 2010 380 84 Richtung
4485 2015 103 67 im

2642 2128 353 70 weiteren
3030 2125 396 73 Fortleben
3460 2125 244 73 liefert
3738 2125 205 76 Stoff
3975 2126 119 72 für
4126 2125 419 84 philosophi-

2644 2238 178 73 sche
2851 2237 795 86 Lebensverwertung,
3679 2238 228 75 deren
3939 2240 503 83 Erzeugnisse
4473 2240 115 73 als

2644 2352 225 74 Ideen
2905 2353 205 83 oder,
3145 2357 73 67 in
3250 2353 485 85 praktischen
3768 2353 341 75 Verkehr
4138 2360 450 80 umgesetzt,

2642 2468 115 72 als
2796 2467 349 84 Dogmen
3188 2467 326 74 bekannt
3553 2468 192 73 sind.
3833 2468 159 75 Das
4029 2468 249 75 Leben
4319 2474 96 69 ist
4453 2468 90 75 da-

2644 2585 132 70 mit
2808 2580 344 75 reflektiv
3177 2585 468 83 eingesperrt
3672 2584 154 72 und
3855 2584 201 74 kann
4083 2606 139 50 nur
4251 2584 289 74 Maschi-

2644 2719 142 49 nen
2849 2699 306 71 treiben.
3265 2697 185 75 Man
3511 2700 173 73 muß
3745 2700 161 73 sich
3965 2702 178 71 aber
4204 2722 93 51 zu
4358 2700 227 73 deren

2644 2811 217 72 Wert
2930 2812 386 73 bekennen
3387 2812 153 73 und
3611 2814 403 85 begreifen,
4092 2816 144 72 daß
4312 2838 83 50 es
4468 2816 118 72 die

2642 2924 762 86 Mechanisierungen
3447 2929 169 73 sind
3657 2931 152 71 und
3850 2951 137 51 nur
4029 2934 159 70 sein
4227 2929 359 86 konnten,

2644 3037 117 75 die
2802 3039 143 73 den
2981 3041 278 74 Willen
3296 3063 356 64 anregen.

2642 3156 139 73 Die
2840 3156 737 76 Selbstherrlichkeit
3636 3158 212 84 jedes
3907 3161 342 83 Dogmas
4312 3164 96 70 ist
4468 3166 117 68 ein

2642 3269 429 75 abstraktes
3172 3271 198 75 Auto
3474 3276 135 70 mit
3709 3273 655 86 Einsteigezwang
4468 3275 123 74 für

2642 3383 502 76 Echauffeure
3198 3388 183 73 oder
3430 3388 306 74 Führer.
3834 3390 161 74 Das
4048 3391 386 73 Trittbrett
4483 3396 98 68 im

2642 3500 198 84 Kopf
2878 3501 254 83 nagelt
3166 3503 118 73 die
3321 3505 205 73 Welt
3562 3505 203 73 nicht
3806 3527 115 62 zu,
3960 3505 327 74 sondern
4326 3507 265 72 erhebt

2644 3613 144 73 den
2871 3615 283 74 Schritt
3240 3639 171 50 zum
3496 3618 223 73 Ideal.
3826 3618 271 76 Welch
4180 3622 405 72 besonntes

2644 3727 566 78 Omnibusdach
3257 3735 97 70 ist
4144 3759 215 49 wenn
4408 3759 178 52 man

2641 3842 462 84 unbequeme
3167 3845 320 73 Glatzen
3550 3849 428 83 bespucken
4043 3850 191 73 darf.
4346 3850 180 75 Wäh-

2642 3957 185 73 rend
2869 3959 132 72 der
3044 3959 230 76 Fahrt
3310 3960 206 77 nicht
3558 3964 419 74 aufstehen.
4065 3965 171 75 Wie
4281 3987 256 61 gewun-

2642 4069 144 74 den
2834 4072 177 85 geht
3059 4074 118 73 die
3225 4075 293 85 Treppe
3565 4099 132 51 zur
4229 4103 119 50 wo
4393 4082 192 73 oben

2641 4184 176 74 Luft
2881 4187 330 83 greifbar
3276 4192 72 70 in
3414 4192 117 71 die
3597 4191 305 74 Locken
3968 4194 200 73 fährt
4234 4194 152 73 und
4451 4196 137 73 der

2641 4299 401 86 Fahrpreis
3084 4307 324 72 sowieso
3447 4306 372 74 feststeht.
3909 4309 198 73 Bitte
4149 4311 117 73 die
4307 4311 236 73 Draht-

2642 4411 281 88 leitung
2967 4416 205 74 nicht
3221 4419 390 75 berühren.
3709 4423 410 74 Innerliche
4168 4424 417 75 Menschen

2642 4526 266 78 fahren
2959 4531 516 88 geschlossen,
3525 4558 120 51 wo
3696 4558 83 51 es
3829 4538 204 73 nicht
4085 4539 218 75 zieht.
4402 4539 183 75 Also

2642 4663 231 64 mang
2939 4644 140 75 das
3149 4646 418 76 Publikum.
4281 4658 95 71 ist
4468 4661 118 70 ein

2639 4756 593 90 Plüschpolster,
3282 4766 70 70 in
3403 4763 140 74 das
3592 4766 161 73 sich
3801 4770 169 81 jede
4019 4770 315 83 geliebte
4380 4771 153 82 Run-

2642 4870 205 86 dung
2912 4875 286 73 muffen
3262 4878 175 73 läßt.
3550 4880 356 76 Vorsicht
3970 4885 193 73 beim
4226 4885 315 86 Absprin-

2647 4986 178 83 gen!
3348 4997 117 67 ein
3536 4995 386 74 ähnlicher
3989 4998 391 77 Ledersitz
4444 5007 142 69 wie

3338 5108 197 73 doch
3587 5115 134 70 mit
3775 5113 418 83 gelähmter
4246 5117 288 83 Sprung-

2641 5217 724 79 federbereitschaft.
3470 5225 185 75 Man
3711 5234 211 78 spürt
3975 5230 119 73 die
4149 5230 396 77 Erschütte-

2644 5354 286 63 rungen
3000 5337 296 73 stärker
3362 5340 152 72 und
3584 5340 132 75 der
3784 5342 352 76 hölzerne
4200 5347 385 73 Unterbau

2641 5466 267 56 unsres
2983 5449 482 86 Antigehirns
3538 5459 407 73 vermittelt
4019 5459 191 74 feste
4287 5461 251 72 Grund-

2642 5566 234 71 sätze.
2954 5566 533 76 Modernerem
3521 5572 752 77 Schwebebedürfnis
4305 5581 103 68 sei
4444 5576 144 73 das

2642 5677 383 88 Flugzeug
3560 5688 451 84 empfohlen,
4058 5689 137 73 das
4241 5691 178 71 über
4464 5691 117 71 dir.

2641 5793 560 76 Unebenheiten
3249 5799 184 73 aller
3484 5801 550 85 Pflasterköpfe
4087 5803 493 84 hinweghebt.

2641 5906 489 78 Fallschirme
3177 5914 302 73 werden
3526 5938 149 51 von
3723 5916 132 71 der
3900 5916 508 76 Gesellschaft
4453 5942 87 60 ge-

2649 6023 263 74 liefert.
3030 6026 137 73 Die
3238 6050 271 52 neuere
3579 6031 733 85 Ballastabwerfung
4383 6033 200 74 heißt

3003 6165 147 49 von
3199 6143 215 81 Rilke
3465 6145 193 73 auch
4031 6155 349 78 genannt,
4430 6151 153 72 und

2641 6275 155 51 wer
2835 6256 215 73 dabei
3089 6258 129 71 auf
3257 6263 281 70 seinem
3582 6262 476 84 Standpunkt
4097 6263 245 87 bleibt,
4383 6265 205 73 fährt

2644 6372 100 69 im
3562 6375 118 73 Da
3736 6377 222 73 bleibt
4019 6377 169 73 kein
4249 6380 334 73 Einstein

2646 6487 128 71 auf
2817 6488 171 73 dem
3032 6490 306 85 andern,
3386 6492 327 71 sondern
3757 6492 184 73 alles
3985 6497 95 68 ist
4126 6494 460 84 Bewegung.
