4912 7127
422 6660 133 72 174

473 381 144 64 tost
666 377 153 66 und
868 376 278 71 flammt

475 491 151 67 und

472 604 675 73 Flammenblumen
1196 608 205 71 blüht
1452 611 117 68 die
1620 611 189 69 Erde

467 721 579 69 Funkenwiesen

468 838 119 68 die
638 838 531 69 Blütenfunken
1223 841 390 70 schweben
1662 846 261 65 tanzen

463 951 359 90 Knospen
871 955 261 69 lichten

463 1073 153 61 und

484 1158 7 8 *
531 1159 13 12 +

463 1202 129 49 aus
644 1180 144 71 den
837 1183 664 73 Mädchenbrüsten
1552 1188 317 68 brechen
1918 1188 379 70 Flammen

463 1297 117 69 auf
631 1297 499 71 Loderrossen
1179 1300 222 70 reiten
1450 1300 657 92 Jünglingskörper

460 1414 152 67 und
660 1414 284 89 Körper
995 1415 313 90 gleissen

460 1527 325 73 brennen
832 1529 659 91 Menschenkörper

461 1644 151 68 und

456 1756 380 71 wirbelloh
883 1761 427 67 vertaumelt
1356 1759 306 71 Mensch

455 1874 318 68 verwirrt

458 1989 154 66 und

453 2103 412 69 schleudert
914 2104 259 70 Ahnen
1223 2106 275 70 Tasten
1549 2104 301 73 Sehnen

455 2215 548 91 sehngestreckt

453 2331 110 69 ins
617 2335 122 65 All

452 2641 369 111 Homo
929 2644 440 142 sapiens
1491 2647 447 112 honoris
2060 2678 339 81 causa

1178 2793 491 113 (Omnibus)

448 2963 151 88 Tja,
663 2966 93 66 da
814 2968 172 66 habt
1054 2965 115 69 ihr
1232 2970 142 66 den
1432 2963 227 76 Salut.
1772 2970 268 69 Homo.
2151 2970 246 71 Homo

448 3080 308 90 sapiens.
826 3083 206 66 Allso
1068 3081 220 70 taufte
1323 3085 154 66 sich
1505 3081 194 72 DAS
1735 3085 366 69 UNTIER
2136 3088 261 68 selber.

445 3192 377 72 Selbstlos.
924 3195 357 71 Sachlich.
1373 3195 357 73 Fachlich.
1816 3200 390 86 Tierkund,
2243 3202 124 67 tier-

445 3307 277 83 freund,
795 3313 439 87 zoologisch.
1369 3312 342 90 Logisch.
1835 3315 266 70 Weise.
2224 3317 173 69 Und

443 3427 337 86 parteilos
832 3427 645 71 seffaschtändlich.
1579 3430 210 70 Eben
1821 3434 222 66 homo
2079 3430 311 92 sapiens.

441 3542 147 68 Auf
651 3544 191 66 allen
902 3544 301 68 Zweien.
1305 3544 276 69 Keiner
1642 3545 239 68 Einar.
1994 3545 152 72 Nur
2197 3551 197 67 nicht

441 3657 308 66 wanken
802 3657 123 68 mit
976 3659 126 66 der
1134 3657 493 71 Hünenleiter.
1713 3661 152 67 Nur
1913 3662 216 68 nicht.
2207 3662 183 70 810
2394 3657 4 75 ß

439 3772 217 68 nicht.
758 3774 266 66 Immer
1058 3777 294 65 höcher!
1455 3776 304 67 Kühner
1792 3781 271 64 turnen.
2168 3776 219 74 Salto.

438 3886 342 69 Morituri.
883 3888 230 67 Evoe!
1217 3888 252 69 Sowas
1506 3891 151 66 lebt
1689 3889 222 70 nicht.
2013 3893 215 67 Nicht
2265 3893 125 67 der

436 4001 205 69 Rede
710 4008 192 62 wert.
1020 4003 303 88 Sapiens
1400 4001 296 71 honoris
1769 4028 239 46 causa.
2111 4008 271 67 Selbst-

436 4116 640 71 VER-SORGER.
1176 4120 230 67 Keine
1466 4118 250 91 Sorge.
1818 4121 245 90 Särge,
2121 4121 256 92 Särge!

433 4231 222 70 Ehret
715 4255 219 46 euern
995 4233 235 80 AHN,
1318 4236 143 66 den
1535 4236 185 68 alten
1794 4235 584 74 Affen-WAHN.

431 4345 257 71 Sowas
739 4348 202 66 stirbt
988 4348 198 68 nicht
1235 4370 93 48 an
1379 4350 153 68 sich
1582 4351 263 68 selber.
1945 4351 200 68 Hebt
2187 4351 179 70 sich.

431 4462 171 67 Hält
663 4460 176 69 sich.
942 4462 193 69 Steht
1193 4462 154 69 sich
1410 4472 144 79 gut,
1611 4470 288 83 entgeht
1952 4467 149 67 sich
2157 4468 220 68 nicht.

429 4577 187 69 Fällt
693 4578 153 66 sich
927 4577 137 83 auf,
1151 4578 266 68 entfällt
1494 4580 151 68 sich
1723 4582 218 66 nicht.
2062 4580 316 92 Hoppla,

431 4692 147 69 icht
668 4694 152 66 und
917 4697 171 64 ahnt
1168 4694 130 71 ES
1393 4695 218 70 nicht.
1787 4697 297 68 Gestern
2187 4700 193 65 noch

428 4807 76 68 in
553 4805 135 70 UR
738 4809 152 66 und
939 4807 159 69 RU.
1198 4812 210 63 Ruhe
1459 4809 144 81 hin,
1655 4810 209 68 Ruhe
1914 4815 144 67 her.
2157 4812 179 68 Über-

428 4944 306 66 morgen
770 4924 453 86 widerlustig.
1295 4924 298 90 Morgen
1625 4926 208 88 listig.
1896 4927 237 66 Heute
2167 4926 206 88 feige.

426 5036 249 71 Ruhet
736 5037 210 70 sanft.
1056 5039 418 78 Menschen,
1554 5041 401 67 Menschen
2026 5042 156 68 sein
2251 5042 129 68 wir

426 5152 186 68 Alle.
714 5152 245 70 Nichts
1024 5154 350 88 dagegen.
1476 5154 139 68 Tut
1674 5158 125 64 der
1848 5156 232 68 Name
2140 5158 235 67 nichts

426 5290 129 47 zur
599 5266 252 88 Sache,
903 5273 239 64 macht
1176 5268 374 89 NICHTS,
1604 5271 187 90 ewig
1840 5278 107 61 tut
1997 5273 153 67 sich
2202 5293 173 49 was.

423 5381 242 73 Tutet:
756 5383 288 81 „Homo
1560 5383 188 78 Alle.

1918 5477 176 79 Otto
2147 5479 226 77 Nebel

424 5784 372 112 Musik

425 5956 355 85 Konzert

415 6109 190 68 Kein
632 6111 305 68 Mensch
983 6113 199 67 kann
1216 6116 205 64 mehr
1455 6114 103 68 als
1595 6135 77 47 er
1714 6116 217 68 kann.
2034 6116 125 68 Sie
2188 6121 181 64 auch

414 6223 177 84 hier,
644 6226 184 68 Herr
878 6228 306 67 Doktor.
1286 6229 238 66 Meine
1575 6231 334 66 Freunde
1946 6253 225 68 sagen
2205 6233 163 78 alle,

414 6339 115 68 ich
566 6346 242 63 müsse
844 6343 404 90 unbedingt
1282 6343 449 90 Strawinsky
1765 6343 250 85 hören,
2073 6368 73 46 er
2180 6346 189 68 wäre

417 6477 81 45 so
549 6458 310 66 überaus
915 6460 325 67 modern.
1338 6460 425 86 Programm
1799 6461 357 68 Nummer
2203 6460 163 69 fünf

2654 386 171 69 Trio
2876 391 185 64 nach
3100 389 382 88 Pergolese
3532 409 145 48 von
3730 389 479 90 Strawinsky.
4336 392 222 70 Brock-

2653 503 177 64 haus
2861 501 896 76 Konversationslexikon:
3796 504 399 90 Pergolese,
4236 504 366 71 Giovanni

2651 614 290 82 Battsta,
2996 618 480 69 italienischer
3525 619 459 90 Komponist,
4024 623 161 88 geb.
4224 619 64 73 3.
4338 621 264 90 Januar

2653 728 88 71 17
2758 728 338 93 lOzuJesi
3115 733 98 68 im
3228 733 502 71 Kirchenstaat
3770 790 14 14 .
3865 790 14 16 .
3931 736 669 92 Tonschöpfungen

2651 846 367 88 erlangten
3073 848 155 66 eine
3267 870 248 64 grosse
3550 848 493 71 Berühmtheit
4085 904 15 15 .
4180 900 19 19 .
4268 851 76 68 in
4376 851 226 68 ihnen

2649 963 121 64 hat
2808 961 127 66 das
2974 963 393 66 Rührende
3403 967 151 64 und
3608 965 479 90 Gesangliche
4122 965 212 69 einen
4376 968 180 65 wahr-

2646 1075 152 69 haft
2849 1075 329 69 schönen
3228 1080 151 66 und
3416 1102 573 66 angemessenen
4033 1082 394 67 Ausdruck
4476 1104 80 66 ge-

2644 1190 293 69 funden.
2991 1192 390 69 Ausdruck
3410 1195 233 88 gleich
3667 1195 693 90 Expressionismus.
4412 1197 186 68 Also

2648 1307 130 66 das
2829 1307 91 68 ist
2969 1307 612 71 Neuaufarbeiten
3635 1312 152 66 und
3835 1310 355 71 Wenden.
4292 1312 264 68 Motten-

2644 1422 320 68 schäden
3025 1424 295 67 werden
3377 1425 356 90 beseitigt.
3843 1425 208 68 Etwa
4128 1425 135 70 wie
4326 1427 74 66 in
4470 1427 130 68 der

2641 1542 271 63 werten
2937 1537 354 70 Literatur
3316 1537 116 70 die
3459 1541 359 69 Literaten
3846 1541 265 71 Werfel
4136 1542 151 68 und
4314 1542 235 68 Hasen-

2644 1651 261 83 clever,
2922 1651 378 91 Euripides
3315 1657 150 65 und
3481 1652 408 93 Sophokles
3913 1656 679 89 expressionistisch

2639 1766 447 71 verbrämen.
3125 1767 139 70 Die
3305 1791 386 66 vergessen
3716 1773 418 86 allerdings,
4151 1773 115 66 die
4287 1771 266 69 Motten-

2639 1883 322 66 schäden
2979 1903 94 46 zu
3096 1879 419 93 beseitigen.
3616 1886 190 68 Kein
3828 1886 301 69 Mensch
4161 1889 190 66 kann
4382 1889 208 65 mehr

2639 1996 108 66 als
2800 2018 76 46 er
2927 1993 215 71 kann.
3242 1998 200 69 Aber
3516 1999 170 70 kein
3747 2001 299 70 Mensch
4100 2005 138 66 soll
4287 2025 81 44 so
4431 2010 150 72 tun,

3058 2082 6 10 i

2639 2110 102 66 als
2793 2111 95 66 ob
2919 2132 76 45 er
3022 2113 196 64 mehr
3245 2113 214 76 kann,
3486 2135 149 46 was
3665 2137 76 45 er
3763 2113 200 71 nicht
3992 2116 215 71 kann.
4278 2113 262 88 Sowjet-

2636 2225 332 67 russland
2995 2228 122 66 hat
3134 2226 108 68 für
3262 2228 253 68 diesen
3542 2230 262 67 Zweck
3830 2230 248 69 seinen
4112 2231 473 90 Strawinsky.

2636 2338 154 71 Wir
2846 2340 74 68 in
2996 2342 126 66 der
3179 2343 427 68 völkischen
3675 2345 366 88 Republik
4111 2347 479 69 Deuschland

2637 2455 237 68 haben
2927 2455 203 74 dafür
3181 2458 141 66 den
3384 2458 315 68 Richard
3767 2458 311 71 Strauss.
4183 2462 153 67 Der
4400 2469 185 62 setzt

2636 2572 186 66 auch
2873 2570 369 88 irgendwo
3294 2572 508 69 Dissonanzen
3858 2575 244 68 hinein
4136 2573 151 70 und
4331 2577 249 88 glaubt

2632 2684 253 77 sicher,
2917 2687 244 66 atonal
3189 2687 119 68 auf
3325 2687 543 69 Musikfreunde
3896 2712 91 44 zu
4014 2692 295 68 wirken.
4363 2692 218 80 Bach,

2631 2802 288 88 Johann
2971 2799 396 83 Sebastian,
3420 2802 86 70 ist
3574 2805 469 68 entschieden
4106 2807 123 68 der
4292 2811 284 64 bessere

2627 2916 864 89 Jazzband-Komponist.
3542 2917 208 70 Mehr
3769 2921 550 88 Expressionist.
4380 2922 212 68 Mehr

2629 3031 323 89 logische
3001 3032 553 68 Konstruktion.
3662 3034 339 90 Weniger
4051 3037 314 68 rührend
4422 3037 153 68 und

2631 3148 443 88 gesanglich.
3161 3148 244 69 .Dafür
3454 3153 206 66 mehr
3708 3153 340 67 Musiker.
4148 3153 152 67 Nur
4358 3154 213 68 sollte

2627 3283 165 46 man
2844 3263 196 66 Bach
3095 3263 198 67 nicht
3354 3286 145 44 von
3567 3264 237 90 Georg
3867 3263 416 72 Schumann
4348 3268 230 67 leiten

2626 3378 267 84 lassen,
2949 3378 125 66 der
3125 3378 100 66 als
3274 3378 342 69 Direktor
3665 3381 126 66 der
3843 3380 555 89 Singakademie
4451 3380 129 71 mit

2627 3490 188 69 allen
2868 3491 298 68 Göttern
3217 3491 120 68 bei
3374 3493 193 68 Bach
3618 3496 362 66 verlassen
4012 3496 110 68 ist.
4222 3496 175 68 Man
4427 3498 153 68 darf

2626 3610 194 64 nicht
2905 3630 252 66 wegen
3228 3608 127 68 des
3440 3610 281 69 Wortes
3809 3612 552 69 H-moll-Messe
4451 3612 122 71 die

2622 3722 239 67 Musik
2913 3725 510 85 wegtäuschen
3474 3725 257 68 lassen.
3862 3725 447 90 Strawinsky
4366 3728 212 88 spielt

2622 3838 407 88 persönlich
3100 3838 313 68 Klavier.
3543 3840 131 68 Mit
3763 3842 293 66 zierlich
4141 3840 435 73 flatternden

2619 3954 316 67 Händen
3017 3955 171 66 haut
3272 3976 75 45 er
3432 3957 418 86 gesanglich
3936 3957 356 69 daneben.
4443 3960 132 66 Mit

2609 4069 587 67 intellektuellem
3237 4069 482 69 Bewusstsein
3767 4072 127 66 des
3914 4070 657 73 Danebenhauens.

2610 4182 363 68 Daneben
3030 4180 90 70 ist
3179 4186 198 66 nicht
3437 4186 255 67 immer
3752 4187 262 68 Kunst.
4124 4186 230 69 Dafür
4421 4209 114 48 ver-

2610 4299 173 64 haut
2836 4318 76 45 er
2947 4301 183 62 auch
3166 4297 142 68 den
3352 4299 411 88 Rossignol.
3865 4301 456 88 Gesanglich.
4422 4302 153 70 Nur

2612 4411 215 67 keine
2876 4412 256 89 Angst,
3189 4434 75 46 er
3313 4418 173 64 haut
3535 4436 127 66 gar
3711 4416 218 78 nicht,
3989 4438 71 46 er
4109 4424 107 60 tut
4265 4441 135 44 nur
4463 4441 103 46 so.

2612 4526 257 68 Hinter
2920 4528 127 66 der
3093 4528 428 89 Nachtigall,
3577 4526 471 71 hierzulande
4099 4533 90 66 ist
4246 4533 102 66 sie
4414 4534 156 66 eine

2614 4641 608 88 Frauensperson,
3300 4646 196 64 stellt
3554 4644 150 68 sich
3779 4646 135 66 mir
3982 4646 190 66 mein
4234 4646 339 71 Nachbar

2612 4758 105 66 als
2754 4756 325 87 Mitglied
3117 4760 127 66 des
3283 4760 287 67 Vereins
3599 4761 385 68 deutscher
4014 4761 557 90 Faustkämpfer

2609 4893 149 46 vor.
2869 4871 315 71 Beweis:
3267 4876 115 65 die
3454 4876 233 70 Faust.
3824 4876 99 68 Er
3990 4880 122 66 hat
4182 4878 98 68 im
4351 4878 219 90 Krieg

2610 4986 180 68 alles
2842 4988 385 88 umgelegt.
3327 4990 152 68 Nur
3526 4990 127 66 mit
3708 4992 127 66 der
3885 4990 237 69 Faust.
4224 4993 102 68 Er
4376 4997 188 66 stellt

2609 5103 152 68 sich
2812 5103 110 68 für
2973 5105 117 66 die
3118 5103 239 70 Kunst
3389 5127 127 46 zur
3554 5105 431 91 Verfügung.
4085 5108 175 68 Man
4321 5113 243 65 müsse

2614 5218 467 68 dreinhauen.
3203 5218 100 68 Er
3376 5218 191 68 liebe
3653 5222 116 66 die
3840 5227 184 63 zarte
4104 5220 240 70 Musik
4424 5222 139 69 wie

2610 5329 461 93 Strawinsky,
3125 5334 418 89 gesanglich
3596 5337 149 66 und
3801 5339 313 64 rührend
4165 5337 145 66 und
4361 5337 203 71 nicht

2610 5449 115 66 die
2786 5449 451 68 verfluchten
3293 5450 643 89 Expressionisten.
4085 5452 149 66 Das
4297 5454 86 66 ist
4448 5456 116 66 die

2609 5562 589 68 Normalstimme
3271 5564 125 68 des
3460 5564 288 69 Volkes.
3852 5564 132 68 Zur
4053 5562 508 97 Orientierung

2605 5676 112 69 für
2768 5677 113 68 die
2930 5679 483 68 Musikkritik:
3467 5679 154 68 Das
3672 5679 203 68 Neue
3924 5679 92 68 ist
4065 5681 198 66 nicht
4309 5681 257 71 immer

2607 5798 147 83 gut.
2858 5793 169 69 Und
3078 5793 128 69 das
3261 5796 181 66 Gute
3494 5816 197 46 muss
3743 5796 197 66 nicht
3989 5816 162 63 neu,
4217 5818 75 46 es
4361 5821 197 48 muss

2607 5913 127 79 gut
2786 5908 177 69 sein.

2606 6097 161 95 Die
2835 6101 508 91 Brautwahl

2606 6234 249 68 Wenn
2906 6258 173 46 man
3131 6258 78 48 so
3265 6258 125 46 aus
3443 6236 127 68 der
3621 6236 423 88 Gegenwart
4093 6241 183 66 nach
4340 6238 174 71 Char-

2605 6348 411 90 lottenburg
3067 6350 301 86 kommt,
3424 6350 253 69 schläft
3726 6372 169 45 man
3948 6361 318 61 erstaunt
4313 6353 73 69 in
4422 6355 127 67 der

2605 6461 708 73 Städtischen
3365 6461 269 90 Oper
3687 6466 137 68 ein.
3902 6465 169 71 Und
4122 6473 259 65 träumt
4406 6492 152 47 von
