3469 4435
283 173 1437 214 Xioderrlieinisclie
1863 173 1173 254 IHiisik-Zeilmig

641 455 190 89 für
882 458 864 86 Kunstfreunde
1802 458 236 86 und
2091 450 585 91 Künstler.

1296 548 4 19 f
3003 548 13 11 %

96 651 441 85 Herausgegeben
579 670 100 37 von
729 651 269 57 Professor
1994 654 54 53 L.
2173 652 243 75 Bischoff.
1545 651 193 85 Verlag
1783 651 90 56 der
1911 652 66 55 M.
2789 651 431 86 Buchhandlung.

1376 842 174 84 KÖLN,
1588 854 52 58 4.
1679 851 100 60 Juli
1818 851 141 59 1857.

125 854 83 60 Nr.
246 855 80 60 27.

2812 853 57 59 V.
2906 853 276 77 Jahrgang.

163 1040 212 38 Inhalt.

433 1041 73 34 Die
536 1039 114 36 dritte
678 1040 120 36 Fahrt
826 1041 66 36 des
921 1041 135 36 kölner
1084 1041 487 47 Männergesang-Vereins
1599 1041 101 35 nach
1728 1040 170 39 London.
2029 1041 81 35 Das
2138 1041 391 47 fünfunddreissigste
2556 1040 349 37 niederrheinische
2936 1041 218 36 Musikfest.
3183 1043 69 37 111.

53 1102 415 47 (Künstler-Concert).
576 1102 226 37 Richard
829 1104 226 35 Hammer
1084 1102 281 48 (Biographie).
1395 1103 84 35 Von
1508 1102 32 38 d.
1680 1103 184 47 Tages-
1903 1102 99 35 und
2030 1102 562 47 Unterhaltungsblatt
2636 1102 148 47 (Berlin
2891 1102 171 36 Weimar
3170 1102 78 37 Der

53 1164 342 47 braunschweiger
424 1164 465 48 Männergesang-Verein
997 1165 216 37 Karlsruhe
1320 1165 127 48 Roger
1552 1165 112 36 Wien
1769 1164 82 37 Das
1880 1164 169 36 Portrait
2075 1164 184 36 Mozart's
2288 1176 76 24 von
2392 1164 212 37 Tischbein
2711 1164 119 36 Pesth
2940 1163 136 49 Paris).

93 1446 86 58 Die
219 1444 149 59 dritte
409 1444 149 60 Fahrt
596 1446 87 58 des
722 1446 177 59 kölner
935 1447 632 76 Männergesang-Vereins

644 1536 127 59 nach
808 1537 212 60 London.

179 1672 89 48 Am
312 1668 93 52 23.
438 1668 87 51 Mai
571 1668 151 51 führte
767 1668 68 51 ein
880 1669 156 68 langer
1075 1667 388 68 Eisenbahn-Zug
1502 1686 103 31 zum

53 1754 166 52 dritten
251 1753 117 51 Male
412 1754 99 49 eine
556 1752 142 51 Schar
743 1770 85 33 von
875 1752 72 51 86
992 1752 287 67 Mitgliedern
1323 1753 79 50 des
1449 1751 156 50 kölner

50 1837 583 68 Männergesang-Vereins
678 1853 86 33 von
802 1837 118 51 Köln
964 1836 113 50 über
1103 1836 202 58 Aachen,
1347 1838 121 48 Gent
1512 1836 92 50 und

53 1922 113 52 Lille
194 1921 113 53 nach
340 1921 161 58 Calais,
541 1938 83 32 von
657 1921 54 49 da
744 1919 112 51 über
886 1919 86 51 den
1004 1919 136 51 Canal
1169 1921 112 49 nach
1314 1919 222 69 England,

525 2008 211 47 eingefasst
763 2020 89 24 vom
880 2008 147 36 stolzen
1055 2008 141 46 Meere,

370 2079 87 37 dess
487 2079 250 48 Felsgestade
755 2079 114 47 jeden
896 2080 276 36 Wellensturm

369 2152 66 36 des
464 2152 223 36 neidischen
715 2152 205 47 Neptunus
949 2152 100 35 wirft
1077 2152 160 37 zurück.

50 2222 64 49 Es
146 2220 56 49 ist
231 2219 165 67 gewiss
429 2219 42 50 in
504 2219 81 50 der
617 2218 270 51 Geschichte
918 2219 81 50 der
1028 2219 151 50 Musik
1210 2219 93 51 und
1332 2218 81 51 der
1431 2220 141 50 Kunst-

52 2303 147 51 reisen
241 2302 96 49 eine
368 2300 283 70 beispiellose
689 2300 332 68 Erscheinung,
1063 2304 105 47 dass
1197 2302 70 49 ein
1298 2302 301 50 Dilettanten-

50 2386 168 52 Verein
251 2386 78 49 das
362 2384 304 51 durchführen
699 2386 186 57 konnte,
929 2402 94 33 was
1065 2386 141 49 selbst
1248 2386 88 49 den
1385 2384 181 51 berühm-

49 2478 149 43 testen
230 2468 247 51 Virtuosen
523 2469 41 50 in
609 2469 87 50 den
746 2469 221 50 Perioden
1012 2469 120 50 ihrer
1176 2473 212 62 grössten
1433 2469 163 50 Blüthe

52 2553 120 51 nicht
203 2552 225 68 gelungen
458 2553 71 50 ist.
565 2553 104 51 Wir
699 2552 174 49 meinen
905 2552 70 51 die
999 2553 428 50 ununterbrochene
1453 2553 142 50 Reihe

50 2653 88 35 von
169 2636 287 50 dreizehn
486 2634 287 51 öffentlichen
806 2634 257 51 Concerten
1102 2634 163 51 binnen
1303 2636 179 49 zwölf
1507 2637 59 48 Ta-

52 2736 86 52 gen
171 2720 147 49 hinter
349 2718 230 57 einander,
624 2717 69 51 bei
739 2718 204 51 welchen
989 2720 69 48 die
1089 2720 103 49 Säle
1228 2720 127 64 jedes
1388 2720 87 49 Mal
1507 2737 88 32 von

49 2802 240 52 Zuhörern
320 2802 155 66 gefüllt
505 2819 168 40 waren,
718 2802 91 50 und
840 2802 174 50 meinen
1049 2803 148 50 ferner
1226 2803 72 49 die
1327 2802 269 57 Thatsache,

52 2887 105 50 dass
186 2892 118 45 trotz
337 2885 82 50 der
449 2886 296 66 ungeheuren
779 2886 176 49 Kosten
988 2886 80 48 der
1096 2886 134 49 Reise
1259 2904 86 31 von
1379 2886 74 51 90
1486 2888 82 47 Per-

50 2986 141 35 sonen
223 2970 75 49 hin
320 2970 94 49 und
438 2970 166 49 zurück
630 2970 88 49 und
738 2970 78 49 des
839 2970 393 67 vierzehntägigen
1246 2970 285 49 Aufenthalts
1554 2970 42 49 in

50 3052 193 54 London
265 3052 178 66 (1000
470 3054 125 50 Thlr.
619 3052 130 68 jeder
771 3054 138 66 Tag!)
950 3054 203 49 dennoch
1185 3054 69 49 ein
1290 3054 310 49 bedeutender

53 3135 311 51 Ueberschuss
407 3153 87 33 von
539 3136 83 51 der
650 3136 251 51 Einnahme
938 3136 156 50 erzielt
1132 3136 188 51 worden
1350 3137 71 49 ist.
1480 3137 116 49 Dass

52 3220 94 49 dies
176 3236 87 33 nur
290 3219 41 49 in
362 3219 209 57 London,
603 3238 72 33 wo
707 3220 145 49 nichts
882 3220 258 67 unmöglich
1173 3221 70 56 ist,
1290 3221 193 65 möglich
1519 3221 76 57 sei,

50 3304 56 49 ist
137 3302 184 68 richtig;
363 3301 129 51 allein
532 3302 114 50 auch
688 3304 105 49 dort
837 3304 57 49 ist
934 3321 47 32 es
1023 3304 116 49 noch
1177 3304 71 49 nie
1290 3302 55 51 da
1385 3321 210 49 gewesen

50 3385 93 52 und
172 3385 59 50 ist
261 3403 76 32 um
365 3402 51 33 so
443 3385 128 50 mehr
600 3403 52 32 zu
687 3388 316 58 verwundern,
1033 3386 55 51 da
1117 3386 71 50 die
1212 3386 274 68 Neugierde,
1512 3386 84 51 wie

52 3487 48 31 es
130 3469 97 49 hier
256 3468 80 50 der
368 3469 91 48 Fall
491 3485 108 42 war,
644 3469 139 51 schon
830 3470 142 51 durch
1016 3471 297 66 zweimaliges
1353 3471 243 49 Auftreten

52 3550 238 52 desselben
322 3551 188 51 Vereins
539 3551 60 69 (in
631 3551 86 51 den
745 3551 170 51 Jahren
956 3551 151 52 1853
1150 3554 96 49 und
1284 3553 172 68 1854)
1488 3553 88 50 voll-

53 3635 178 67 ständig
260 3635 239 66 befriedigt
528 3653 108 33 war.

179 3718 82 49 Die
292 3718 409 68 hauptsächlichste
732 3718 199 51 Ursache
960 3719 146 50 dieser
1136 3722 280 49 unerhörten
1447 3720 124 50 Theil-

52 3803 162 49 nahme
243 3802 80 50 des
354 3802 218 50 londoner
603 3802 260 52 Publicums
894 3819 80 33 aus
1005 3803 86 49 den
1122 3812 153 43 ersten
1299 3804 185 51 Classen
1516 3804 80 50 der

53 3885 296 51 Gesellschaft
392 3885 151 51 finden
589 3885 81 50 wir
715 3885 40 51 in
801 3887 88 49 den
933 3887 405 66 eigenthümlichen
1375 3887 198 49 musicali-

53 3969 137 51 schen
208 3969 263 51 Zuständen
489 3988 83 33 von
590 3969 221 68 England,
838 3969 113 51 über
983 3970 69 50 die
1083 3970 81 49 wir
1193 3988 86 32 uns
1309 3970 113 50 auch
1455 3970 141 51 schon

52 4050 155 53 früher
245 4053 43 50 in
329 4053 152 51 diesen
515 4054 205 50 Blättern
750 4054 370 68 ausgesprochen
1150 4053 162 51 haben.
1371 4053 225 67 England,

50 4136 271 52 namentlich
353 4137 207 61 London,
603 4137 58 51 ist
702 4137 44 52 in
790 4137 137 52 vieler
956 4137 208 51 Hinsicht
1207 4137 80 51 mit
1326 4137 102 51 dem
1473 4137 119 51 alten

1699 1385 117 49 Rom
1846 1401 56 32 zu
1934 1383 298 67 vergleichen.
2260 1383 83 50 Die
2373 1383 167 58 Macht,
2571 1383 70 51 die
2673 1382 114 52 über
2816 1385 87 51 den
2937 1385 163 51 halben
3131 1387 88 50 Erd-

1700 1467 117 50 kreis
1849 1484 72 32 wo
1952 1466 124 51 nicht
2105 1466 215 67 gebietet,
2350 1467 116 50 doch
2491 1467 275 66 wenigstens
2796 1486 87 32 von
2913 1467 88 51 ihm
3032 1470 214 65 geachtet

1699 1551 112 51 oder
1841 1550 255 66 gefürchtet
2127 1550 128 57 wird,
2287 1551 80 48 der
2397 1551 287 59 Reichthum,
2714 1551 86 50 den
2833 1552 80 49 der
2932 1554 311 59 Welthandel,

2607 1623 3 9 I

1699 1634 204 52 welchen
1934 1634 122 49 diese
2085 1634 154 49 Macht
2270 1632 253 60 beschützt,
2561 1634 264 66 aufgehäuft
2855 1635 91 57 hat,
2984 1636 145 50 haben
3162 1655 54 33 un-

1699 1717 156 68 gefähr
1896 1716 228 52 dieselben
2156 1717 236 50 Resultate
2432 1719 70 48 für
2542 1717 79 51 das
2654 1717 283 51 Kunstleben
2979 1720 42 48 in
3053 1720 193 51 London

1698 1809 202 58 erzeugt,
1931 1801 87 50 wie
2048 1801 114 50 einst
2193 1801 41 50 in
2265 1803 132 48 Rom.
2439 1801 87 50 Die
2556 1801 335 50 Kunstschätze
2921 1803 110 49 aller
3060 1804 184 49 Länder

1698 1885 181 50 werden
1912 1885 131 48 dahin
2076 1885 544 67 zusammengeschleppt,
2653 1885 109 50 aber
2791 1885 81 51 der
2905 1885 338 69 schöpferische

1696 1969 127 49 Geist
1851 1968 82 49 der
1963 1968 217 49 Künstler
2222 1968 116 50 kann
2372 1968 121 50 nicht
2522 1969 227 67 importirt
2781 1969 198 51 werden.
3036 1970 64 50 So
3131 1971 113 50 wird

1695 2051 118 50 denn
1844 2051 115 50 auch
1990 2053 58 47 im
2080 2050 189 50 Gebiete
2302 2051 80 50 der
2419 2051 241 50 Tonkunst
2689 2051 107 50 alles
2830 2051 413 68 Ausgezeichnete,

1694 2135 106 51 alles
1832 2135 42 50 in
1905 2137 184 66 Europa
2119 2135 238 49 Namhafte
2396 2134 90 51 und
2518 2135 248 51 Berühmte
2795 2153 86 33 von
2916 2135 325 70 Componisten

1694 2219 91 51 und
1809 2218 244 49 Virtuosen
2086 2217 277 67 wenigstens
2394 2218 227 51 zeitweise
2654 2219 110 50 nach
2795 2219 192 50 London
3020 2237 221 51 gezogen;

1686 2302 61 67 ja,
1790 2302 70 49 die
1889 2302 134 49 meist
2052 2300 150 50 reiche
2232 2302 176 49 Aernte
2447 2318 56 33 an
2535 2302 151 49 Beifall
2728 2303 90 49 und
2850 2303 113 49 Geld
3006 2304 76 48 hat
3123 2304 116 51 auch

1693 2387 68 48 ein
1793 2387 480 48 Zusammenströmen
2305 2384 81 50 der
2415 2386 306 49 Tonkünstler
2761 2403 80 33 aus
2872 2387 157 51 freiem
3062 2388 174 52 Willen

1691 2469 182 51 dorthin
1905 2469 139 50 schon
2075 2468 85 51 seit
2189 2468 168 50 Jahren
2386 2469 262 50 veranlasst.

1814 2552 84 49 Die
1927 2552 145 66 Folge
2117 2552 143 51 davon
2286 2551 71 50 .ist
2399 2551 70 49 für
2508 2552 86 49 den
2627 2552 347 51 musicalischen
3003 2554 209 66 Kunstge-

1687 2636 210 50 schmack
1930 2636 42 49 in
2005 2636 204 64 England
2242 2634 257 51 bedeutend
2531 2652 230 50 gewesen,
2803 2636 91 49 und
2928 2653 122 35 zwar
3092 2638 120 48 merk-

1687 2720 230 67 würdiger
1950 2720 160 50 Weise
2152 2720 42 49 in
2225 2718 252 69 doppelter,
2522 2720 214 49 einander
2781 2727 458 61 entgegengesetzter

1689 2803 176 51 Weise.
1922 2802 86 50 Die
2052 2802 325 51 Anwesenheit
2419 2802 94 50 und
2542 2803 332 51 Wirksamkeit
2916 2821 85 33 von
3044 2805 195 58 Händel,

1686 2886 179 68 Haydn,
1897 2886 321 49 Mendelssohn
2250 2885 76 49 hat
2355 2902 80 32 aus
2466 2886 104 49 dem
2594 2887 182 56 Ernste,
2808 2886 82 51 der
2908 2886 57 51 im
2987 2886 249 52 Charakter

1687 2970 80 49 der
1798 2968 155 51 Briten
1983 2970 121 66 liegt,
2152 2968 87 50 den
2270 2970 108 49 Sinn
2411 2970 70 49 für
2510 2970 70 49 die
2611 2970 203 49 edelsten
2844 2971 263 66 Gattungen
3151 2971 81 51 der

1689 3052 344 50 Instrumental-
2066 3052 91 50 und
2189 3051 330 58 Vocal-Musik,
2564 3052 68 50 für
2677 3052 70 50 die
2776 3052 202 51 Sinfonie
3020 3054 90 49 und
3152 3054 80 50 das

1687 3137 281 56 Oratorium,
2000 3136 273 51 entwickelt.
2306 3136 84 48 Die
2422 3136 378 67 protestantische
2832 3136 291 51 Orthodoxie
3153 3139 80 48 hat

1686 3238 81 31 zur
1795 3217 312 68 Verbreitung
2136 3219 79 50 des
2246 3219 305 50 Geschmacks
2592 3236 56 33 an
2679 3220 244 49 Oratorien
2965 3219 119 52 dann
3114 3221 117 51 auch

1686 3304 79 48 das
1798 3302 151 66 Ihrige
1980 3302 308 66 heigetragen,
2321 3302 90 50 und
2443 3319 51 33 so
2526 3302 138 50 sehen
2696 3302 81 49 wir
2808 3302 115 50 denn
2954 3302 40 50 in
3025 3304 212 66 England

1686 3386 104 51 sehr
1822 3386 182 66 häufige
2033 3385 350 66 Aufführungen
2428 3404 88 32 von
2546 3386 253 66 geistlicher
2837 3386 148 50 Musik
3032 3386 82 51 der
3158 3405 54 51 ge-

1687 3479 197 41 nannten
1917 3470 205 66 Gattung
2173 3470 90 48 und
2308 3469 72 51 bei
2418 3470 131 66 jeder
2589 3470 127 48 einen
2747 3469 214 66 Zudrang
3004 3470 94 51 und
3140 3473 101 50 eine

1687 3553 295 49 Theilnahme
2019 3553 80 49 der
2128 3553 371 58 Zuhörerschaft,
2542 3551 70 50 die
2644 3569 100 32 man
2776 3551 42 51 in
2851 3553 203 50 solchem
3086 3555 155 50 Grade

1687 3636 44 50 in
1764 3638 176 49 keinem
1972 3635 197 51 anderen
2201 3636 154 51 Lande
2386 3635 155 59 findet,
2585 3635 141 50 selbst
2767 3636 126 50 nicht
2931 3636 43 50 in
3011 3639 202 51 Deutsch-

1687 3720 120 57 land,
1861 3720 103 50 dem
2010 3720 295 66 eigentlichen
2353 3718 272 52 Vaterlande
2684 3718 82 49 der
2824 3723 418 65 protestantischen

1689 3803 363 57 Kirchenmusik,
2082 3803 285 66 geschweige
2394 3802 116 49 denn
2536 3800 44 51 in
2598 3802 295 59 Frankreich,
2923 3821 73 33 wo
3029 3822 81 48 gar
3143 3807 101 49 kein

1687 3887 110 50 Sinn
1827 3887 128 49 dafür
1986 3887 259 49 vorbanden
2275 3887 56 49 ist
2376 3885 93 50 und
2510 3903 74 32 wo
2627 3885 143 51 selbst
2813 3887 263 52 talentvolle
3105 3889 103 51 Com-

1689 3970 222 67 ponisten,
1943 3987 131 33 wenn
2108 3970 61 49 sie
2194 3969 45 66 ja
2270 3968 160 51 einmal
2461 3969 88 50 den
2580 3969 249 51 Gedanken
2863 3990 54 30 zu
2951 3973 122 50 einer
3106 3974 113 66 geist-

1687 4052 143 51 lichen
1860 4053 149 48 Musik
2042 4052 160 57 fassen,
2245 4050 72 51 die
2348 4052 94 51 sich
2488 4050 123 53 nicht
2640 4053 43 50 in
2714 4053 89 51 den
2832 4054 198 51 Formen
3058 4056 77 49 des
3166 4056 48 48 ka-

1687 4136 251 50 tholischen
1969 4134 163 51 Cultus
2165 4134 198 69 bewegt,
2406 4136 82 50 auf
2526 4136 72 50 die
2643 4137 358 52 sonderbarsten
3032 4138 207 67 Abwege

2631 4218 70 53 27
