3469 4435
1762 143 95 54 210

200 292 237 70 gerathen,
482 291 88 52 wie
614 308 36 32 z.
680 289 53 52 B,
776 288 230 51 neuerlich
1048 287 176 53 Berlioz
1271 288 42 51 in
1357 287 148 54 seiner
1550 286 202 67 Trilogie

209 377 118 60 „Die
357 376 216 50 Kindheit
860 373 97 50 Der
981 372 285 51 Geschmack
1298 372 113 51 nach
1442 371 150 50 dieser
1616 371 109 49 Rich-

199 468 117 58 tung
359 460 74 49 hin
477 460 56 48 ist
579 456 118 50 denn
741 456 116 50 auch
899 457 43 51 in
983 457 81 51 der
1092 457 119 51 That
1251 456 70 50 bei
1361 456 104 50 dem
1495 453 260 67 englischen

202 545 237 50 Publicum
471 541 104 49 sehr
607 540 301 67 ausgebildet,
955 542 93 50 und
1087 559 86 33 von
1215 541 116 49 allen
1364 538 266 52 Versuchen
1662 537 70 50 ein-

203 626 265 52 heimischer
505 625 329 68 Componisten
879 625 259 68 überhaupt
1183 625 209 67 gelingen
1435 625 159 49 immer
1637 622 117 51 noch

204 710 249 67 diejenigen
486 727 70 31 am
585 708 177 60 besten,
804 710 171 50 welche
1013 710 43 49 in
1100 708 146 51 dieser
1274 708 204 68 Gattung
1517 707 69 51 die
1628 724 103 50 gros-

203 813 80 33 sen
315 795 254 49 deutschen
598 796 180 48 Muster
809 795 296 49 nachahmen.

329 879 131 67 Dage
466 896 86 50 gen
599 879 75 49 hat
731 879 69 48 die
858 877 220 50 deutsche
1124 877 128 68 Oper
1295 876 42 50 in
1383 875 208 67 England
1636 874 123 50 nicht

204 964 197 52 Wurzel
429 964 145 49 fassen
600 964 195 56 können,
828 962 153 49 weder
1007 961 79 50 mit
1110 961 265 50 deutschem
1402 960 115 49 noch
1544 959 79 49 mit
1648 976 84 49 eng-

206 1048 187 49 lischem
413 1049 160 48 Texte.
606 1045 153 51 Selbst
790 1045 68 50 die
888 1045 327 50 Anwesenheit
1247 1044 49 51 C.
1328 1044 61 49 M.
1421 1061 88 32 von
1543 1041 218 52 Weber's

206 1134 45 48 in
291 1131 195 51 London
537 1130 76 50 hat
659 1129 159 49 keinen
868 1129 262 49 dauernden
1177 1128 197 50 Einfluss
1421 1125 193 70 gehabt;
1665 1126 94 50 sein

209 1216 192 51 Oberon
442 1216 57 49 ist
540 1232 83 31 von
667 1213 81 49 der
790 1213 157 49 Bühne
988 1213 377 57 verschwunden,
1407 1213 91 48 und
1531 1229 92 32 was
1657 1229 102 32 vom

204 1300 263 51 Freischütz
513 1298 117 49 noch
675 1296 108 60 lebt,
829 1296 118 68 zeigt
988 1296 91 50 sich
1119 1296 43 49 in
1205 1296 227 66 trauriger
1464 1295 178 50 Gestalt
1672 1313 87 32 nur

204 1384 79 50 auf
307 1382 420 66 untergeordneten
763 1380 189 51 Bühnen
998 1382 90 49 und
1129 1398 87 33 von
1262 1380 276 68 ephemeren
1573 1379 182 69 Opern-

206 1465 356 51 Gesellschaften
604 1464 79 50 der
716 1464 367 51 Wolfsschlucht
1128 1481 161 49 wegen
1331 1464 118 50 dann
1489 1463 93 49 und
1625 1479 132 33 wann

207 1550 169 51 wieder
396 1549 338 66 hervorgeholt.
767 1548 129 52 Eben
926 1567 50 33 so
1009 1550 149 65 wenig
1191 1549 74 50 hat
1281 1548 282 57 Marsebner,
1595 1547 161 49 dessen

207 1637 204 65 Vampyr
442 1653 54 30 zu
528 1634 146 49 seiner
698 1634 98 49 Zeit
821 1633 111 50 über
962 1633 206 66 sechszig
1192 1633 355 65 Vorstellungen
1572 1630 188 59 erlebte,

209 1718 80 51 auf
325 1718 71 50 die
426 1718 155 50 Dauer
613 1717 155 51 Boden
814 1717 146 51 fassen
992 1717 196 49 können.
1246 1717 216 48 Mozart's
1492 1717 104 47 Don
1625 1716 135 55 Juan,

207 1803 302 50 Beethovens
541 1801 170 49 Fidelio
745 1802 183 48 werden
960 1818 121 32 zwar
1112 1801 137 49 heute
1280 1799 116 51 noch
1486 1801 274 64 wenigstens

211 1886 245 67 alljährlich
479 1886 83 48 Ein
593 1884 87 50 Mal
771 1884 221 66 gegeben,
1022 1883 109 50 aber
1162 1902 87 32 von
1280 1883 85 51 den
1396 1882 241 52 Italiänern
1669 1882 92 49 und

209 1989 69 40 so,
310 1971 103 48 dass
446 1970 132 48 ihnen
608 1968 84 49 alle
722 1968 169 50 Hoheit
922 1967 264 66 abgestreift
1218 1967 127 50 wird.

335 2055 64 49 So
430 2055 56 49 ist
515 2070 47 33 es
595 2052 119 51 denn
754 2070 87 32 nur
872 2052 70 50 die
971 2052 277 50 italiänische
1279 2052 144 67 Oper,
1465 2051 70 49 die
1567 2051 43 49 in
1637 2051 93 66 Eng-

206 2137 102 51 land
341 2137 141 50 schon
515 2137 83 50 seit
627 2136 149 49 einem
806 2136 144 49 vollen
980 2136 315 49 Jahrhundert
1335 2135 290 50 vorherrscht
1671 2133 92 50 und

208 2222 70 50 die
306 2220 283 51 sonderbare
618 2220 318 66 Erscheinung
976 2218 239 59 darbietet,
1262 2218 102 51 dass
1407 2218 70 50 ein
1509 2217 254 59 Publicum,

208 2305 196 51 welches
449 2305 121 49 nicht
611 2323 86 30 nur
729 2305 80 48 mit
837 2304 432 59 Aufmerksamkeit,
1312 2304 199 49 sondern
1556 2302 81 50 mit
1666 2302 64 50 An-

208 2390 135 49 dacht
373 2389 70 49 die
475 2387 247 51 Oratorien
753 2387 180 60 anhört,
973 2387 69 51 die
1070 2387 355 66 Aufführungen
1467 2386 78 50 des
1576 2386 188 50 Messias

208 2472 88 51 wie
326 2472 131 50 einen
490 2471 315 51 Gottesdienst
843 2471 191 57 ansieht,
1075 2471 124 50 nicht
1242 2470 227 51 zufrieden
1512 2470 74 60 ist,
1632 2486 133 33 wenn

211 2574 48 33 es
287 2556 43 51 in
360 2556 103 50 dem
494 2555 270 51 Textbuche
800 2573 71 33 am
903 2556 161 50 Rande
1105 2556 122 50 nicht
1262 2555 104 67 jede
1397 2554 259 51 Bibelstelle
1686 2572 52 49 ge-

211 2659 87 32 nau
331 2639 268 67 angegeben
631 2640 156 57 findet,
815 2640 79 50 das
924 2639 258 67 Hallelujah
1218 2648 111 42 stets
1361 2639 191 49 stehend
1582 2638 41 49 in
1647 2638 87 49 Ehr-

211 2723 243 67 erbietung
494 2724 93 49 und
618 2723 332 67 Begeisterung
988 2724 180 58 anhört,
1214 2724 103 49 dass
1364 2721 205 51 dasselbe
1610 2721 129 51 Publi-

209 2826 106 31 cum
346 2815 121 42 trotz
499 2808 81 48 der
607 2806 212 50 fabelhaft
848 2806 149 50 hohen
1015 2806 360 68 Eintrittspreise
1404 2805 146 51 zwei
1581 2806 184 49 Häuser

209 2892 83 49 der
321 2890 306 51 italiänischen
654 2892 129 66 Oper
815 2890 217 50 während
1063 2892 98 48 lünf
1186 2890 66 50 bis
1285 2890 128 50 sechs
1429 2890 185 50 Monate
1639 2888 100 67 jähr-

208 2975 86 50 lich
340 2975 100 49 füllt
487 2974 93 50 und
622 2974 142 52 durch
814 2974 79 50 das
940 2974 146 66 ewige
1125 2974 194 50 Einerlei
1364 2974 81 50 der
1484 2973 150 49 Musik
1672 2974 93 48 und

207 3059 143 51 selbst
381 3059 81 50 der
494 3059 232 56 Künstler,
778 3058 70 51 die
888 3058 317 51 Jahrzehende
1247 3058 104 66 lang
1390 3057 80 49 auf
1495 3057 138 50 Einer
1675 3058 91 49 und

208 3142 241 52 derselben
489 3142 161 49 Bühne
689 3142 228 51 dieselben
957 3142 164 51 Rollen
1164 3140 234 68 absingen,
1445 3144 241 63 ungestört
1726 3140 42 51 in

211 3227 167 51 diesem
410 3227 213 51 Genüsse
654 3227 242 66 schwelgt!

334 3311 161 49 Dieser
527 3311 241 48 verkehrte
799 3309 424 66 Kunstgeschmack
1265 3309 56 50 ist
1350 3328 91 31 nun
1474 3308 117 52 eben
1622 3309 143 50 durch

212 3394 79 50 das
333 3394 485 50 Zusammenströmen
866 3393 80 50 der
990 3393 359 51 künstlerischen
1390 3393 375 50 Berühmtheiten

212 3478 93 50 und
338 3476 137 51 deren
507 3478 554 65 Virtuosen-Leistungen
1095 3476 271 51 entstanden
1408 3477 92 50 und
1544 3477 112 50 wird
1689 3477 51 48 da-

213 3562 142 48 durch
387 3562 203 50 erhalten
622 3563 90 49 und
744 3562 208 67 genährt.
1013 3561 83 48 Die
1128 3561 294 49 Theilnahme
1451 3579 70 31 am
1554 3561 185 49 dramati-

214 3645 139 49 schen
382 3646 147 48 Inhalt
560 3646 79 48 der
670 3647 127 68 Oper
829 3648 56 47 ist
915 3646 42 48 in
990 3645 102 49 dem
1120 3645 276 49 Vaterlande
1413 3645 351 67 Shakespeare's

213 3727 123 51 nicht
378 3728 286 59 vorhanden;
715 3748 119 33 neun
865 3730 191 49 Zehntel
1103 3728 79 50 des
1214 3728 262 50 Publicums
1525 3728 239 50 verstehen

214 3812 102 49 kein
352 3812 139 49 Wort
520 3830 86 32 von
640 3814 115 54 dem,
788 3831 96 32 was
907 3830 235 50 gesungen
1176 3812 126 50 wird.
1332 3812 84 49 Die
1446 3812 210 51 Zuhörer
1686 3814 52 48 ha-

213 3895 89 49 ben
339 3913 121 30 zwar
490 3913 159 48 grosse
680 3896 91 50 und
805 3897 142 50 kleine
979 3896 295 51 Textbücher
1305 3896 40 48 in
1378 3896 208 56 Händen,
1616 3897 44 49 in
1688 3896 51 50 de-

212 3996 90 33 nen
344 3979 70 48 die
457 3980 229 65 englische
719 3979 344 68 Uebersetzung
1111 3982 102 49 dem
1247 3980 232 66 Originale
1521 3998 80 31 zur
1641 3980 124 51 Seite

209 4062 141 59 steht,
390 4061 62 66 ja,
499 4062 42 49 in
581 4062 84 49 den
708 4080 191 49 grossen
945 4064 95 49 sind
1072 4065 114 50 auch
1219 4065 70 48 die
1321 4064 209 49 Thema's
1561 4064 80 49 der
1671 4064 70 49 ein-

207 4148 157 50 zelnen
395 4148 270 58 Nummern,
711 4148 62 49 oft
819 4146 129 51 halbe
979 4148 138 50 Arien
1149 4150 39 48 in
1220 4150 193 50 Noten
1456 4149 78 49 mit
1566 4148 195 50 Ciavier-

1848 284 273 69 Begleitung
2151 280 310 72 abgedruckt;
2505 291 119 43 trotz
2669 284 191 51 alledem
2900 283 219 53 verlieren
3161 288 68 50 die
3257 288 119 52 Nach-

1849 369 118 51 leser
1997 368 93 50 und
2121 367 383 52 Nachleserinnen
2537 367 107 51 sehr
2674 367 105 51 bald
2810 367 88 51 den
2927 368 172 58 Faden,
3140 372 93 49 und
3267 391 49 32 es
3347 374 56 50 ist

1850 453 239 70 spasshaft,
2119 452 79 52 das
2230 451 297 52 Umherirren
2559 451 81 49 der
2669 451 202 52 schönen
2900 451 168 68 Augen
3100 453 82 50 der
3213 457 166 49 vorneh-

1850 555 103 33 men
1986 538 174 49 Damen
2203 537 40 50 in
2276 536 86 49 den
2391 536 212 51 Büchern
2635 553 53 32 zu
2723 534 301 61 beobachten,
3066 536 68 51 bis
3165 538 63 50 sie
3260 540 120 67 plötz-

1850 622 83 51 lich
1966 622 81 50 auf
2085 622 123 50 einer
2239 621 124 51 Seite
2401 621 258 58 verweilen,
2704 622 139 50 deren
2873 621 148 49 Inhalt
3060 621 125 51 nicht
3226 622 58 52 im
3316 625 60 49 Ge-

1851 707 204 66 ringsten
2090 724 54 31 zu
2177 705 101 50 dem
2312 714 139 59 passt,
2481 722 94 33 was
2607 706 79 49 auf
2711 707 80 48 der
2813 705 160 50 Bühne
3008 722 237 51 gesungen
3279 708 126 51 wird.

1851 790 150 49 Allein
2036 806 91 33 was
2158 788 173 51 thut's?
2390 790 105 49 Man
2532 790 104 49 hört
2667 790 114 51 doch
2815 790 71 51 die
2920 788 132 60 Grisi,
3099 790 304 62 Piccolomini,

1853 875 202 68 Spezzia,
2086 875 87 49 den
2203 874 159 58 Mario,
2394 874 214 59 Gardoni,
2641 874 239 68 Guglielmi
2913 893 43 30 u.
2977 890 34 34 s.
3031 891 59 33 w.
3121 875 157 66 singen
3309 876 96 50 und

1853 960 186 58 trillern,
2085 959 202 49 schreien
2320 957 92 50 und
2445 976 146 41 rasen,
2636 975 103 33 man
2784 959 161 49 nimmt
2988 957 69 51 die
3102 957 301 54 beliebtesten

1853 1044 315 51 Bruchstücke
2196 1044 80 49 der
2296 1044 149 49 Musik
2464 1044 213 49 Schwarz
2705 1042 80 51 auf
2805 1044 154 51 Weiss
2991 1044 80 49 mit
3101 1042 113 51 nach
3232 1045 173 58 Hause,

1854 1128 90 49 und
1978 1128 79 49 mit
2086 1128 136 49 Hülfe
2254 1126 121 51 eines
2406 1128 238 67 gefälligen
2671 1128 356 66 Gesanglehrers
3058 1128 118 49 lernt
3208 1145 101 32 man
3342 1128 63 50 sie

1853 1211 266 68 auswendig
2150 1213 91 49 und
2271 1213 57 48 ist
2356 1213 57 48 im
2443 1213 187 58 Stande,
2660 1213 44 48 in
2729 1210 297 52 Gesellschaft
3057 1213 122 49 seine
3205 1214 165 48 Bewun-

1854 1296 178 66 derung
2071 1296 113 50 über
2215 1295 120 51 diese
2367 1296 111 50 oder
2514 1298 107 66 jene
2650 1295 445 52 Kunst-Notabilität
3135 1314 243 51 auszuspre-

1854 1380 114 49 chen
2001 1380 90 50 und
2126 1380 94 50 sein
2253 1379 172 51 Urtheil
2472 1380 141 50 durch
2645 1382 220 48 Summen
2913 1380 90 50 und
3036 1380 204 50 Trailern
3284 1382 121 49 eines

1853 1464 282 50 Stückchens
2165 1464 194 50 Melodie
2390 1482 55 32 zu
2478 1465 237 65 kräftigen.
2746 1465 135 50 Diese
2907 1464 392 67 Veritaliänerung
3328 1464 78 50 hat

1854 1564 52 32 so
1948 1548 105 48 weit
2083 1566 77 33 um
2203 1547 93 50 sich
2342 1548 236 66 gegriffen,
2622 1549 103 48 dass
2771 1564 102 33 man
2918 1547 42 49 in
3005 1547 193 50 London
3245 1548 158 51 keinen

1851 1632 295 51 Leierkasten
2178 1633 119 56 hört,
2342 1633 80 48 der
2464 1633 68 50 ein
2573 1633 253 67 englisches
2857 1632 109 49 Lied
3010 1632 111 49 oder
3162 1632 70 49 ein
3262 1633 144 50 Stück

1851 1733 82 32 aus
1978 1716 122 49 einer
2145 1716 270 50 classischen
2462 1717 129 67 Oper
2636 1716 113 50 oder
2790 1717 98 49 eine
2932 1716 264 48 Ouvertüre
3240 1733 41 33 u.
3314 1714 91 68 dgl.

1853 1799 155 68 spielt;
2052 1801 83 49 alle
2179 1801 81 49 mit
2304 1799 214 50 einander
2561 1801 159 67 orgeln
2765 1818 85 32 von
2888 1799 193 66 Morgen
3127 1797 69 51 bis
3240 1798 165 50 Abend

1853 1883 273 51 italiänische
2159 1884 138 50 Arien
2328 1883 71 50 ab.

1977 1968 103 50 Nun
2112 1968 146 50 denke
2290 1985 100 32 man
2423 1967 107 58 sich,
2577 1967 101 50 dass
2723 1985 81 32 vor
2846 1967 145 50 einem
3022 1966 256 58 Publicum,
3325 1966 80 49 das

1855 2052 80 48 mit
1967 2052 182 50 solchen
2182 2052 311 66 Süssigkeiten
2535 2051 274 51 überfüttert
2848 2052 130 59 wird,
3025 2051 77 51 das
3134 2052 146 48 Natur
3314 2051 92 48 und

1857 2137 246 50 Wahrheit
2128 2137 79 50 der
2225 2137 151 48 Kunst
2401 2135 115 50 über
2536 2136 67 49 die
2631 2136 291 49 raffinirteste
2939 2136 235 49 Künstelei
3201 2133 86 51 fast
3308 2151 74 32 ver-

1857 2236 163 48 gessen
2048 2221 90 56 hat,
2170 2221 79 48 das
2278 2221 43 48 in
2347 2220 128 66 jeder
2489 2220 207 49 Hinsicht
2712 2220 141 49 durch
2871 2218 372 51 Concert-Musik
3271 2217 108 50 über-

1855 2302 112 50 reizt
1996 2304 73 58 ist,
2108 2305 104 48 dass
2250 2320 80 33 vor
2359 2302 144 50 einem
2541 2302 182 50 solchen
2757 2304 236 49 Publicum
3025 2304 80 48 auf
3129 2302 161 49 einmal
3337 2301 71 50 die

1857 2387 179 66 Klänge
2065 2387 122 51 eines
2217 2387 231 50 einfachen
2471 2386 164 51 Liedes
2660 2391 206 55 ertönen,
2898 2404 235 49 gesungen
3166 2404 88 32 von
3283 2385 100 49 acht-

1855 2471 71 66 zig
1968 2471 209 59 frischen,
2217 2470 367 52 wohllautenden
2612 2471 225 51 Stimmen
2876 2471 80 51 mit
3001 2471 103 50 dem
3133 2469 275 49 Ausdrucke

1858 2555 179 51 wahrer
2067 2555 325 69 Empfindung,
2433 2555 281 50 natürlichen
2746 2555 185 51 Gelühls
2968 2574 90 31 —:
3109 2554 53 49 da
3208 2552 203 51 erwacht

1858 2639 42 49 in
1931 2638 88 50 den
2050 2640 185 50 Hörern
2274 2639 82 49 der
2398 2638 116 50 doch
2558 2638 121 50 nicht
2711 2657 112 49 ganz
2855 2645 406 60 untergegangene
3293 2636 110 50 Sinn

1858 2724 68 48 für
1952 2724 86 49 den
2057 2724 332 66 Volksgesang,
2420 2723 80 49 der
2525 2723 45 66 ja
2599 2724 115 48 auch
2746 2724 78 48 auf
2848 2723 105 50 dem
2982 2721 225 51 Inselland
3240 2721 168 50 schöne

1859 2806 198 50 Blüthen
2088 2808 40 49 in
2160 2808 85 48 den
2278 2806 325 58 schottischen,
2635 2805 189 52 irischen
2856 2806 90 50 und
2982 2805 258 66 englischen
3273 2804 134 51 Glees

1862 2892 91 48 und
1985 2892 151 66 Songs
2166 2890 234 68 getrieben
2433 2890 102 57 hat;
2569 2889 53 51 da
2653 2898 103 60 regt
2785 2890 108 60 sich,
2923 2890 136 50 ihnen
3091 2888 141 51 selbst
3262 2888 116 51 unbe-

1862 2983 160 51 wusst,
2062 2975 99 49 eine
2204 2974 262 50 verwandte
2498 2974 328 51 Gelühlsweise
2855 2975 43 49 in
2937 2974 143 50 ihrem
3113 2975 181 56 Innern,
3339 2972 71 49 die

1862 3058 313 66 germanische
2197 3059 146 48 Natur
2366 3058 131 66 siegt,
2525 3058 90 48 und
2648 3057 77 50 das
2757 3057 218 50 deutsche
2991 3057 128 58 Lied,
3149 3057 78 48 das
3257 3063 154 42 ernste

1863 3143 82 48 wie
1981 3143 79 48 das
2091 3142 230 58 fröhliche,
2353 3142 151 66 dringt
2535 3140 395 53 unwiderstehlich
2961 3140 41 51 in
3021 3143 123 48 Herz
3176 3140 93 50 und
3301 3139 109 51 Sinn

1860 3226 93 50 und
1994 3224 184 51 erobert
2217 3226 87 49 den
2333 3226 159 49 Boden
2535 3224 183 61 wieder,
2763 3226 85 49 den
2894 3224 398 51 fremdländisches
3320 3223 59 50 Ge-

1860 3309 153 50 wächs
2043 3308 323 52 überwuchert
2396 3309 90 49 hat.

1982 3393 155 50 Daher
2166 3393 72 50 die
2268 3393 257 50 Thatsache
2555 3393 121 50 eines
2707 3393 96 50 drei
2833 3393 89 51 Mal
2956 3392 327 51 wiederholten
3313 3391 71 50 bei-

1859 3477 239 67 spiellosen
2131 3477 236 66 Erfolges;
2399 3492 49 33 er
2476 3477 107 66 liegt
2613 3477 337 69 hauptsächlich
2982 3478 43 49 in
3057 3477 80 48 der
3166 3477 133 48 Kraft
3328 3477 79 48 der

1860 3562 385 65 Gegenwirkung,
2272 3579 49 31 er
2351 3561 55 49 ist
2437 3560 77 50 das
2544 3561 212 51 Resultat
2785 3561 123 49 einer
2936 3561 235 57 Reaction,
3204 3561 70 48 die
3304 3576 103 32 man

1860 3645 226 49 durchaus
2117 3645 122 49 nicht
2272 3645 305 58 überschätzt,
2606 3662 133 32 wenn
2761 3661 100 32 man
2893 3661 87 33 von
3010 3645 70 48 ihr
3111 3643 130 50 einen
3273 3642 108 50 nach-

1860 3728 196 67 haltigen
2100 3728 200 50 Einüuss
2344 3728 80 50 auf
2462 3728 129 50 einen
2638 3727 127 50 Theil
2810 3727 80 50 der
2935 3727 340 50 musicalischen
3316 3726 61 48 Zu-

1860 3812 160 50 stände
2051 3814 40 48 in
2122 3812 192 50 London
2345 3821 232 50 erwartet,
2621 3811 192 51 nämlich
2855 3812 78 50 auf
2969 3810 283 67 denjenigen,
3298 3808 81 49 wel-

1859 3896 107 50 cher
1996 3896 85 50 den
2113 3897 180 65 Gesang
2325 3896 184 51 betrifft.
2568 3895 152 49 Schon
2768 3895 146 51 haben
2955 3895 92 49 sich
3078 3894 42 49 in
3151 3892 143 66 Folge
3326 3892 81 50 der

1860 3979 224 49 Concerte
2114 3981 82 48 der
2226 3980 158 49 kölner
2401 3980 179 65 Sänger
2611 3979 41 49 In
2671 3977 193 51 London
2888 3975 402 68 Gesang-Vereine
3320 3993 87 31 von

1859 4064 277 51 Dilettanten
2168 4064 216 67 gebildet,
2414 4062 121 51 nicht
2565 4062 122 50 bloss
2716 4061 318 57 Liedertafeln,
3063 4060 201 49 sondern
3295 4059 87 50 voll-

1860 4148 205 66 ständige
2084 4148 344 52 Chor-Vereine
2452 4164 84 33 von
2555 4148 177 49 Damen
2757 4146 91 51 und
2867 4146 196 57 Herren,
3093 4153 136 42 unter
3259 4143 146 50 denen
