3505 4363
1747 131 89 51 102

206 271 73 44 art
400 264 155 58 E-moll,
556 262 75 51 nicht
660 262 43 51 in
728 262 149 51 diesen
908 263 249 69 ruhigen
1186 266 446 67 Idyllen-Charakter
1661 271 72 49 hin-

208 348 70 50 ein
310 362 186 51 passen;
545 346 118 49 denn
692 362 47 33 es
769 346 56 48 ist
858 353 141 44 etwas
1032 347 253 67 Unruhiges
1326 351 89 49 und
1448 353 282 51 Schmerzvol-

208 430 64 49 les
314 428 139 50 darin.
499 430 91 48 Das
634 427 58 50 ist
734 445 93 32 nun
874 430 114 49 auch
1035 447 121 32 zwar
1199 431 238 68 allerdings
1482 435 160 49 immer
1685 436 70 49 ein

209 504 299 61 sidvXXiov,
552 510 70 49 ein
653 510 123 59 Bild;
822 511 109 51 aber
970 530 51 32 so
1059 512 99 50 eine
1191 515 327 52 Zerrissenheit
1559 518 78 49 des
1669 518 58 50 Ge-

209 591 179 49 müthes
419 592 137 48 kennt
587 592 77 48 das
707 592 339 66 glückliche
1086 596 268 51 Hirtenvolk
1384 598 252 51 Arkadiens
1666 619 92 32 nun

212 673 157 50 einmal
400 673 135 50 nicht.

330 755 295 52 Heinrich
655 758 268 59 Strauss,
952 758 291 68 Erinnerung
1272 779 55 32 an
1357 764 220 49 Böhmen.
1617 765 141 49 Sechs

458 838 385 51 Phantasiebilder
874 842 68 47 für
973 841 77 48 das
1083 841 269 52 Pianoforte.
1398 846 89 66 Op.
1534 846 48 51 7.
1625 847 105 68 Leip-

458 921 85 66 zig,
575 922 239 68 Breitkopf
838 921 43 52 &
909 925 175 48 Härtel.
1117 925 125 51 Preis
1281 927 21 49 1
1341 927 126 51 Thlr.
1500 929 31 49 5
1564 931 110 65 Ngr.

333 1002 97 50 Der
461 1004 235 49 Verfasser
729 1005 95 66 gibt
855 1006 94 48 hier
982 1006 68 50 ein
1083 1007 95 49 Bild
1210 1026 85 32 von
1326 1010 124 49 einer
1479 1012 132 49 Reise
1643 1014 112 49 nach

209 1084 233 59 Böhmen;
489 1086 123 50 seine
645 1087 240 51 Phantasie
916 1089 57 48 ist
1003 1089 163 48 darauf
1190 1092 234 64 gerichtet,
1455 1094 229 67 dasjenige
1714 1096 42 49 in

211 1167 161 49 Tönen
404 1185 54 32 zu
491 1167 238 63 schildern,
763 1188 93 31 was
886 1186 50 32 er
964 1188 56 31 an
1049 1174 348 49 verschiedenen
1427 1176 211 50 Punkten
1670 1178 62 49 sei-

209 1265 84 32 ner
326 1249 134 49 Reise
490 1250 221 66 empfand,
756 1251 90 50 und
879 1252 133 49 somit
1041 1255 268 50 entstanden
1350 1256 121 50 diese
1507 1258 129 49 sechs
1665 1259 67 48 Bil-

211 1330 81 49 der
310 1330 77 49 mit
411 1330 82 51 der
510 1330 332 53 Ueberschrift:
880 1334 48 66 1)
960 1334 317 61 Wanderlust,
1313 1338 52 67 2)
1389 1339 187 66 Lustige
1599 1340 155 60 Fahrt,

213 1409 55 68 3)
308 1413 50 48 In
388 1411 266 62 Dobrzisch,
700 1414 56 68 4)
802 1415 91 50 Am
922 1415 419 64 Althütten-Teich,
1389 1420 52 67 5)
1484 1423 67 48 Im
1582 1423 169 50 Walde

208 1493 94 50 und
350 1494 52 67 6)
434 1493 384 71 Abend-Hymne.
865 1498 134 49 Ohne
1030 1517 54 30 zu
1116 1500 169 50 suchen
1317 1503 89 48 und
1440 1520 55 32 zu
1526 1505 200 66 coquetti-

208 1592 95 44 ren,
335 1576 118 50 ohne
481 1578 45 49 in
556 1578 241 52 affectirter
813 1580 297 67 Empfindelei
1135 1600 55 31 zu
1213 1584 296 60 schwärmen,
1539 1587 95 66 gibt
1660 1588 91 49 sich

211 1658 82 49 der
325 1658 282 67 Componist,
651 1661 85 49 wie
766 1678 49 33 er
844 1663 73 58 ist,
960 1663 231 51 natürlich.
1255 1665 141 50 Dabei
1436 1668 97 49 sind
1566 1669 186 53 manche

211 1740 128 65 Züge
368 1758 87 32 von
486 1741 286 66 Originalität
801 1744 197 50 sichtbar
1039 1745 91 49 und
1161 1748 200 65 zugleich
1396 1749 130 50 meist
1564 1750 165 50 interes-

212 1829 128 41 sante
397 1823 266 51 Melodieen.
702 1853 64 26 T**
804 1827 92 48 Das
952 1827 263 49 sind.aber
1269 1830 106 50 alles
1431 1832 194 59 Punkte,
1684 1833 70 49 die

208 1919 103 33 vom
354 1904 238 50 Verfasser
635 1907 298 50 festzuhalten
976 1908 114 58 sind,
1145 1910 69 50 die
1258 1913 202 65 zugleich
1504 1913 248 67 bezeugen,

208 1985 103 51 dass
343 2003 48 32 er
420 1988 82 48 auf
524 1988 103 49 dem
656 1990 214 65 geraden,
912 1990 219 66 richtigen
1159 1993 285 68 Kunstwege
1486 1997 90 49 sich
1609 1997 119 49 befin-

208 2068 90 49 det.
328 2069 167 65 Mögen
524 2070 115 50 auch
669 2072 197 50 einzelne
884 2073 124 49 FäSle
1039 2074 307 61 vorkommen,
1378 2095 72 33 wo
1476 2078 80 50 der
1580 2079 174 50 Becher

208 2148 349 54 überschäumt:

203 3556 51 32 so
284 3539 57 49 ist
364 3540 113 49 doch
498 3541 157 51 immer
679 3544 98 49 eine
804 3545 190 65 gewisse
1018 3546 201 65 gesunde
1238 3549 142 49 Natur
1387 3550 113 51 kraft
1525 3552 221 54 dahinter.

324 3624 80 49 Nr.
443 3622 20 50 1
507 3624 122 66 fängt
654 3626 131 50 frisch
816 3644 55 33 an
913 3629 79 48 mit
1037 3629 101 49 dem
1170 3629 198 53 heiteren
1615 3638 127 49 Aber

202 3704 77 49 das
320 3705 176 66 schlägt
537 3707 80 47 auf
650 3709 156 49 einmal
847 3710 43 49 in
918 3712 116 49 Moll
1073 3729 91 32 um.
1225 3714 116 51 Was
1371 3718 56 48 ist
1458 3718 113 49 das?
1631 3721 107 51 Will

201 3786 116 50 denn
358 3795 118 41 etwa
521 3805 81 32 aus
646 3789 102 50 dem
792 3808 159 49 engen,
996 3794 275 66 gewohnten
1302 3798 334 52 Stubenraume
1671 3803 69 49 die

201 3869 86 48 alte
310 3870 146 65 Sorge
480 3870 270 51 mitziehen?
781 3874 105 48 Fast
916 3875 171 50 scheint
1116 3894 48 32 es
1196 3894 65 33 so.
1294 3879 127 49 Aber
1449 3881 202 68 ringsum
1681 3885 57 48 ist

194 3950 46 69 ja
269 3951 353 61 Sonnenschein,
653 3954 161 51 frische
846 3958 104 48 Luft
980 3960 92 48 und
1100 3960 329 67 Lerchenjubel
1538 3965 54 50 da
1618 3966 119 68 ringt

199 4031 221 68 plötzlich,
463 4036 93 50 und
585 4054 122 32 zwar
736 4036 232 68 siegreich,
1008 4040 80 50 der
1128 4049 109 60 gute
1265 4045 132 50 Muth
1441 4046 92 50 sich
1578 4066 158 49 empor

1857 290 78 32 aus
1968 272 101 51 dem
2100 277 199 57 Drucke,
2343 277 80 50 der
2466 278 73 51 ihn
2584 281 139 49 schon
2770 301 52 32 zu
2865 283 309 54 beschleichen
3205 290 92 51 und
3339 309 53 32 zu

1855 355 159 50 fesseln
2037 357 178 60 drohte,
2244 361 90 48 und
2349 362 162 48 —fort
2541 365 144 63 geht's
2715 365 41 48 in
2789 367 68 47 die
2889 369 166 49 schöne
3087 371 104 48 freie
3210 374 156 50 Gottes-

1855 437 107 50 welt
1991 438 181 51 hinaus!
2184 444 149 48 —Nr.
2368 442 49 50 2.
2446 445 256 49 Natürliche
2720 447 266 60 Melodieen,
3017 451 126 51 dabei
3176 454 180 50 Gemüt-

1854 520 189 51 lichkeit.
2092 522 221 66 Obgleich
2343 526 113 48 auch
2488 527 145 49 dieser
2663 530 56 47 im
2749 530 127 49 Bilde
2918 532 68 49 ein
3017 534 253 52 feindliches
3302 537 60 51 Un-

1854 604 156 64 gefähr
2055 607 338 65 entgegentritt,
2437 626 52 32 so
2506 651 5 3 .
2531 610 246 68 behauptet
2819 614 62 48 sie
2927 615 89 48 sich
3050 619 238 51 standhaft.

1854 685 135 49 Wird
2022 704 85 32 uns
2149 689 111 48 auch
2295 690 42 48 in
2366 691 77 50 Nr.
2479 689 30 52 3
2558 692 99 49 dem
2690 695 114 48 Titel
2834 696 112 48 nach
2977 698 120 49 nicht
3129 700 108 57 klar,
3280 719 112 34 was

1853 767 79 49 der
1962 767 264 68 Componist
2257 771 57 48 im
2339 772 135 50 Sinne
2506 775 180 63 gehabt,
2718 776 94 50 hier
2841 779 355 59 auszudrücken,
3228 800 50 32 so
3309 785 63 50 fin-

1852 849 85 49 den
1968 850 91 49 sich
2090 851 117 50 doch
2239 854 109 48 viele
2387 856 301 64 gemüthliche
2716 861 127 64 Züge
2885 861 139 59 darin,
3068 863 69 48 die
3184 864 84 49 den
3299 868 60 48 Zu-

1852 931 134 50 hörer
2004 931 305 70 beschäftigen
2330 938 89 48 und
2438 939 287 51 interessiren
2752 943 196 50 werden.
3035 946 78 50 Nr.
3134 946 32 49 4
3176 949 213 51 .H-moll.

1848 1015 85 48 Die
1963 1016 90 49 sich
2086 1034 54 31 zu
2170 1019 207 65 Anfange
2408 1038 49 32 so
2489 1021 389 54 charakteristisch
2917 1030 311 64 ausprägende
3259 1032 132 49 Ruhe

1849 1096 152 50 fesselt
2032 1098 68 49 die
2118 1100 239 50 Phantasie
2390 1104 88 48 und
2511 1104 115 49 kann
2658 1106 119 49 wohl
2809 1108 127 49 einen
2956 1110 435 52 Landschaftsmaler

1849 1179 110 48 oder
1987 1180 187 50 Dichter
2210 1180 273 67 begeistern,
2528 1186 66 49 ein
2627 1188 249 66 Gegenbild
2920 1208 53 31 zu
3016 1192 86 49 den
3133 1194 159 50 Tönen
3334 1214 54 31 zu

1848 1261 211 51 schaffen.
2090 1264 96 48 Der
2205 1265 264 68 Componist
2490 1268 108 49 liebt
2621 1287 62 42 es,
2715 1272 84 48 wie
2829 1273 113 48 auch
2974 1274 139 50 schon
3143 1277 42 48 in
3217 1277 171 67 einigen

1846 1343 403 66 vorhergehenden
2272 1348 264 58 Nummern,
2568 1350 68 49 die
2659 1353 193 49 Melodie
2883 1353 80 49 der
2993 1354 306 53 Oberstimme
3330 1360 57 49 im

1845 1425 113 50 Bass
1989 1444 54 31 zu
2074 1426 305 53 wiederholen
2423 1432 90 49 und
2556 1451 93 31 nun
2691 1435 246 50 wiederum
2977 1438 235 51 derselben
3243 1442 141 49 durch

1848 1506 68 49 die
1948 1508 309 51 Oberstimme
2296 1512 98 49 eine
2434 1531 116 30 neue
2582 1515 269 68 Begleitung
2879 1519 267 66 anzufügen,
3190 1540 93 31 was
3312 1541 48 32 so-

1846 1589 119 50 wohl
1996 1608 82 31 zur
2100 1592 177 49 Einheit
2305 1594 63 48 als
2399 1613 80 31 zur
2498 1597 400 68 Mannigfaltigkeit
2927 1599 195 69 beiträgt
3148 1606 90 48 und
3269 1604 114 51 eben

1845 1672 113 48 auch
2006 1673 41 47 in
2092 1673 212 51 letzterer
2332 1677 207 49 Hinsicht
2579 1680 116 49 noch
2735 1682 130 49 einen
2897 1683 222 65 gewissen
3148 1687 107 48 Reiz
3285 1705 73 31 ver-

1844 1753 193 49 leiht.—
2048 1754 78 50 Nr.
2154 1754 48 51 5.
2234 1757 66 49 Im
2332 1759 167 50 Walde
2532 1760 56 50 ist
2617 1780 102 31 man
2749 1763 200 51 fröhlich.
2983 1767 128 48 Oder
3141 1772 130 46 wär's
3303 1769 80 50 der

1846 1834 266 67 Componist
2154 1844 119 43 etwa
2316 1839 155 51 nicht?
2523 1843 70 48 Da
2620 1846 107 47 ruht
2751 1846 44 64 ja
2827 1846 80 49 der
2930 1848 205 59 Mensch,
3166 1867 88 33 von
3283 1858 74 42 tau-

1845 1918 285 50 sendfachem
2161 1919 159 51 Grün
2351 1923 205 58 umhüllt,
2598 1942 50 33 so
2677 1928 128 48 recht
2834 1928 234 66 eigentlich
3100 1948 70 32 am
3203 1934 178 49 Herzen

1845 2001 94 47 und
1968 2001 153 48 Busen
2153 2002 80 48 der
2260 2004 173 49 Mutter
2461 2007 159 51 Natur.
2680 2008 100 51 Und
2821 2009 148 51 indem
3010 2030 49 30 er
3100 2013 90 50 sich
3232 2014 67 49 ihr
3329 2032 50 33 so

1846 2082 129 48 recht
2003 2083 115 48 nahe
2159 2083 112 50 fühlt
2313 2084 58 50 im
2414 2087 314 67 beseligenden
2756 2092 269 51 Anschauen
3058 2095 119 49 ihrer
3205 2097 174 65 ewigen

1846 2164 193 56 Schöne,
2085 2166 55 48 da
2183 2168 222 50 rauschen
2445 2171 89 48 ihm
2575 2171 69 49 die
2672 2175 189 59 Blätter,
2907 2176 53 48 da
3001 2177 150 50 rieselt
3180 2178 88 50 ihm
3299 2180 82 49 der

1846 2247 119 48 Bach
1998 2247 85 48 den
2103 2248 324 67 Waldesgruss
2459 2261 238 60 entgegen.
2711 2258 150 49 —Nr.
2889 2258 50 57 6,
2968 2258 334 63 Abendläuten,
3322 2262 57 48 ist

1845 2327 248 51 besonders
2125 2332 200 65 poetisch
2356 2335 90 48 und
2476 2336 201 65 originel.
2734 2340 51 48 In
2815 2340 145 49 dieser
2988 2342 261 67 Beziehung
3278 2345 76 48 her-

1846 2411 287 49 vorzuheben
2175 2413 80 49 der
2285 2415 185 50 Schluss
2513 2417 78 50 des
2620 2420 292 52 Mittelsatzes
3153 2442 80 32 vor
3276 2427 101 49 dem

1846 2492 381 69 Wiederanfange
2268 2496 80 49 der
2376 2498 353 66 Haupt-Tonart
2756 2505 192 51 Es-dur.
2998 2506 160 50 Dieser
3188 2509 104 48 Satz
3322 2509 57 48 ist

1843 2575 240 66 unstreitig
2112 2592 85 33 von
2226 2577 113 50 allen
2381 2581 80 48 der
2502 2582 141 51 beste.
2694 2585 92 49 Das
2818 2586 152 50 Ganze
3006 2589 202 66 verlangt
3252 2590 127 49 keine

1841 2674 159 48 grosse
2018 2658 328 68 Anstrengung
2375 2662 57 50 im
2456 2663 119 68 Spiel
2610 2667 90 50 und
2732 2667 110 51 wird
2873 2670 92 49 sich
2995 2671 114 50 auch
3139 2672 116 50 noch
3287 2674 66 48 hie-

1840 2738 141 50 durch
2012 2741 209 49 Freunde
2252 2743 250 51 erwerben.

2114 2822 187 51 Henri
2332 2825 262 59 Strauss,
3137 2830 255 66 Arabesques

2089 2924 165 40 mance,
2290 2910 199 63 Capricej
2516 2928 120 47 pour
2667 2915 37 47 le
2732 2915 156 49 Piano.
2941 2916 85 65 Op.
3064 2917 87 50 10.
3193 2920 186 65 Leipsic,

2370 2989 100 48 chez
2633 2991 238 67 Breitkopf
3151 2995 45 65 &f
3298 2995 94 48 Här
2766 2996 124 50 Preis
2923 2997 31 49 2
2967 2999 29 48 5
3030 3000 109 65 Ngr.

1966 3067 95 49 Der
2092 3071 251 66 Hauptsatz
2375 3090 86 32 von
2490 3076 78 47 Nr.
2608 3076 45 59 1,
2686 3077 180 50 Ballade

1844 3146 101 70 %).
1987 3168 11 29 '
2004 3168 16 30 s
2028 3159 13 39 t
2074 3152 165 50 seinem
2272 3155 250 51 Charakter
2551 3159 112 48 nach
2694 3160 138 50 schon
2864 3161 40 50 in
2936 3163 100 49 dem
3069 3165 126 48 Tone
3227 3166 125 64 gehal-

1840 3239 92 49 ten,
1977 3232 79 47 der
2103 3234 157 64 irgend
2304 3236 143 50 einem
2493 3243 448 66 ernst-gewichtigen
2984 3244 393 52 Lebens-Abrisse

1840 3314 122 47 einer
1986 3315 180 48 Vorzeit
2189 3318 231 49 zukommt
2447 3321 90 49 und
2569 3323 89 48 sich
2691 3324 133 48 somit
2854 3326 113 49 auch
2997 3326 43 49 in
3071 3328 67 49 ein
3170 3328 206 50 düsteres

1840 3395 121 48 Grau
1994 3398 202 50 verhüllt.
2255 3401 93 47 Zur
2379 3403 304 67 Vermittlung
2723 3405 143 50 dieses
2898 3409 163 49 trüben
3088 3411 177 50 E-moll
3294 3411 83 50 soll

1838 3495 92 32 nun
1962 3478 80 48 der
2071 3480 239 51 Mittelsatz
2876 3485 155 48 G-dur
2532 3485 259 69 beitragen;
2821 3490 113 48 auch
2965 3492 78 48 das
3073 3494 173 48 tonisch
3276 3512 74 32 ver-

1838 3559 180 49 wandte
2244 3561 93 51 E-dur
2338 3564 91 51 stimmt
2453 3566 120 50 nicht
2603 3587 85 30 nur
2720 3570 78 49 mit
2827 3570 168 51 diesem
3026 3573 198 62 überein,
3269 3593 78 32 son-

1838 3641 109 50 dern
1979 3644 113 47 auch
2133 3646 79 49 mit
2252 3648 80 48 der
2371 3650 372 66 ursprünglichen
2772 3654 283 65 Klageweise
3090 3657 153 59 selbst,
3288 3659 86 50 wie

1835 3742 48 30 es
1915 3724 85 48 den
2032 3725 225 52 Anschein
2291 3729 89 58 hat,
2422 3732 120 49 diese
2574 3751 52 29 zu
2658 3734 188 50 mildern
2890 3737 111 48 oder
3044 3738 113 49 doch
3203 3740 141 52 wenig-

1834 3814 123 41 stens
1986 3826 42 29 in
2060 3810 112 49 stille
2196 3812 252 50 Wehmuth
2481 3833 55 29 zu
2567 3814 139 51 lösen.
2741 3817 323 59 Aber—„hin
3096 3822 55 47 ist
3176 3822 73 48 hin
3279 3824 91 50 und

1832 3889 100 48 todt
1962 3889 56 48 ist
2212 3894 151 51 —Nr.
2398 3894 31 48 2
2465 3897 115 64 zeigt
2605 3897 194 50 Gemüth
2824 3900 89 50 und
2934 3902 321 67 Empfindung.
3285 3906 85 49 Die

1830 3970 281 51 Modulation
2141 3974 56 50 ist
2227 3977 216 48 zuweilen
2476 3978 120 48 kühn
2627 3980 91 49 und
2747 3980 349 61 überraschend,
3128 3986 68 48 die
3227 3987 119 66 Spiel-

1831 4062 69 42 art
1930 4054 167 51 wieder
2125 4058 120 49 nicht
2268 4059 177 50 schwer
2467 4060 91 51 und
2589 4062 121 51 nicht
2733 4064 283 67 unbequem,,
3036 4068 193 50 welches
3261 4069 86 50 letz-
