2771 3919
640 508 122 94 A
828 510 312 97 NOS
1211 513 872 99 LECTEURS

476 800 67 53 Le
579 805 147 65 projet
762 806 113 51 dont
910 828 82 30 nos
1026 805 188 52 lecteurs
1248 819 80 38 ont
1364 828 61 44 pu
1463 810 99 49 voir
1596 807 236 56 l'annonce
1867 811 113 53 dans
2016 826 130 40 notre
2182 819 190 48 numéro
2409 815 60 52 de

335 871 268 54 Novembre
639 889 66 38 est
743 875 40 53 le
820 880 173 48 suivant
1014 899 12 29 :

334 1024 43 30 44
420 1024 133 72 La
607 1026 336 72 Revue
999 1024 470 74 Musicale
1521 1028 92 73 S.
1655 1031 67 71 I.
1771 1032 117 73 M.
2024 1038 443 83 organise

602 1200 90 32 une
727 1182 111 50 série
872 1178 60 52 de
966 1176 78 53 dix
1079 1177 228 53 auditions
1342 1178 60 54 de
1441 1178 337 70 MUSIQUE
1815 1185 384 55 ANCIENNE

881 1261 62 52 les
978 1259 166 54 mardis
1178 1259 60 54 de
1274 1261 31 52 4
1332 1261 44 53 h.
1416 1262 75 69 1/2
1528 1267 25 48 à
1590 1266 33 51 6
1647 1263 46 56 h.
1731 1266 12 52 I
1756 1266 66 68 /2,
1863 1289 56 31 au

525 1398 307 52 Théâtre
867 1397 84 52 de
989 1397 67 52 la
1094 1397 688 66 Comédie-Marigny
1817 1402 226 64 (Champs
2076 1395 202 73 Élysèes)

998 1524 95 52 DE
1127 1524 319 66 JANVIER
1482 1527 54 51 A
1572 1527 237 55 AVRIL

388 1676 177 37 avec
623 1661 64 51 le
743 1675 350 37 concours
1150 1659 87 51 de
1295 1658 616 59 l'ORCHESTRE
1973 1667 440 56 COLONNE

335 1897 93 52 Ces
462 1896 224 53 auditions
720 1894 350 68 comprendront
1096 1920 11 30 :

613 2016 81 54 Un
731 2016 98 52 bref
863 2016 140 54 décor
1036 2020 193 51 oratoire
1265 2018 111 54 d'un
1413 2034 131 52 quart
1581 2021 218 61 d'heure;

613 2126 108 52 Une
758 2126 138 53 heure
932 2140 44 39 et
1012 2126 152 54 demie
1199 2126 61 53 de
1295 2131 219 63 musique,
1553 2134 174 64 coupée
1762 2152 83 46 par
1868 2156 11 29 :

335 2234 83 53 Un
453 2235 212 53 entr'acte
699 2249 271 52 permettant
1006 2258 57 30 au
1100 2236 153 67 public
1287 2236 61 53 de
1384 2237 210 68 prendre,
1647 2261 58 31 au
1754 2241 139 67 foyer,
1934 2264 61 32 un
2033 2242 91 54 five
2160 2267 29 30 o
2207 2244 127 53 clock
2378 2260 86 48 tea,

1121 2319 137 53 offert
1294 2340 81 46 par
1411 2320 42 53 la
1492 2321 176 55 Revue.

471 2590 126 54 Tout
631 2592 176 53 abonné
843 2593 112 53 d'un
992 2616 55 30 an
1086 2598 26 47 à
1148 2609 131 39 notre
1315 2595 49 54 S.
1408 2595 33 54 I.
1486 2595 73 54 M.
1618 2597 265 54 bénéficiera
1933 2599 139 54 d'une
2127 2601 234 54 réduction
2405 2603 61 53 de

334 2660 62 54 25
435 2660 49 66 °/„
518 2682 74 33 sur
627 2663 62 52 les
722 2679 173 38 carnets
929 2664 61 52 de
1027 2665 67 52 60
1133 2665 158 63 francs,
1332 2669 77 65 qui
1446 2667 203 54 donnent
1688 2668 119 54 droit
1842 2674 26 48 à
1906 2692 89 32 une
2030 2670 127 68 place
2194 2672 60 53 de
2279 2673 185 55 fauteuil

331 2730 288 64 d'orchestre,
658 2731 97 70 loge
790 2756 59 31 ou
886 2734 177 62 balcon,
1102 2739 27 48 â
1163 2735 203 54 chacune
1402 2735 61 54 de
1514 2758 74 32 ces
1638 2738 239 54 auditions.
1936 2740 102 54 Soit
2086 2742 66 52 45
2211 2742 145 53 francs
2404 2766 58 31 au

332 2800 88 53 lieu
457 2800 60 53 de
552 2804 80 52 60.
677 2802 136 55 Donc
835 2828 12 30 :

611 2896 123 55 Pour
769 2899 63 53 les
867 2900 328 63 non-abonnés,
1246 2903 58 51 10
1347 2902 228 54 auditions
1646 2947 538 13 .......
2223 2909 67 52 60
2316 2908 148 56 francs

612 2994 124 55 Pour
771 2996 61 53 les
867 2997 201 53 abonnés
1092 3022 11 31 :

744 3078 333 56 Abonnement
1112 3084 27 49 à
1171 3079 42 54 la
1249 3079 177 63 Revue,
1465 3097 7 32 !
1484 3083 56 52 15
1580 3083 146 52 francs
1769 3086 14 49 )
2229 3121 20 14 ,
2259 3121 33 29 n

754 3149 57 52 10
847 3152 227 52 auditions
1124 3192 274 13 ....
1473 3153 66 52 45
1580 3153 146 53 francs
1769 3142 20 62 /
2338 3142 126 33 rancs

1728 3327 97 52 LA
1864 3327 415 58 DIRECTION.
