2771 3919
314 190 89 84 58

1322 192 59 65 S.
1449 194 52 66 I.
1569 193 101 64 M.

303 327 130 60 génie
457 328 169 44 réservé
650 329 23 44 à
710 345 78 27 nos
819 329 174 44 voisins.
1030 329 43 43 A
1105 328 164 58 l'appui
1305 346 59 28 on
1398 333 136 56 citait,
1560 346 106 30 avec
1686 331 106 59 joie,
1819 329 61 44 les
1904 344 158 42 propos
2087 344 143 28 amers
2255 328 52 43 de
2333 329 116 43 deux
2474 328 193 46 malades
2689 346 9 30 :

306 395 258 44 Baudelaire
600 405 44 34 et
681 395 227 44 Mirbeau.
941 394 60 44 Et
1026 411 177 28 comme
1225 398 202 44 sifflaient
1452 415 70 27 ces
1547 397 161 56 ténors,
1741 412 79 28 nos
1846 397 109 42 bons
1980 395 290 59 concitoyens
2295 395 271 45 chantaient.

440 462 106 51 Que
571 473 116 33 cette
710 461 191 59 séquelle
927 462 82 43 soit
1033 462 197 60 envoyée
1254 480 56 26 au
1336 464 139 44 diable
1503 463 9 47 !

440 528 82 45 VI.
638 527 77 44 Les
737 545 164 26 œuvres
926 528 173 59 lyriques
1122 529 226 44 nationales
1371 548 47 26 ne
1440 530 289 45 seraient-elles
1745 538 78 50 pas
1847 528 154 44 viables
2024 527 25 44 ?

438 595 132 44 Voilà
597 612 86 41 que
708 610 108 28 vous
840 611 28 43 y
895 611 188 26 revenez
1107 611 111 41 pour
1241 595 42 45 la
1306 598 244 56 quatrième
1573 598 95 44 fois.

435 663 55 57 Je
515 661 196 59 répugne
736 661 24 43 à
784 677 72 27 me
880 660 187 58 répéter,
1094 663 191 57 quoique
1323 665 235 57 Napoléon
1593 666 61 42 ait
1691 663 64 43 dit
1792 678 83 42 que
1914 660 40 45 la
1989 659 238 59 répétition
2263 671 65 34 est
2360 661 41 44 la
2439 661 97 59 plus
2573 661 100 45 éner-

303 729 132 59 gique
461 729 74 42 des
558 727 160 60 figures
743 727 52 43 de
819 727 252 59 rhétorique
1107 739 44 32 et
1186 731 192 57 quoique
1414 732 44 59 je
1496 732 129 43 sache
1667 745 76 42 par
1785 728 185 44 cruelles
2002 727 285 58 expériences
2324 745 84 41 que
2442 728 61 44 les
2543 728 155 60 Belges

303 807 100 32 sont
476 794 101 43 durs
602 794 52 43 de
679 809 294 41 comprenure

436 860 108 45 VII.
664 859 159 60 Quelles
858 877 168 26 mesures
1055 861 177 44 seraient
1263 864 179 56 capables
1475 865 47 42 de
1553 872 142 50 porter
1731 862 155 43 remède
1920 879 26 25 a
1981 872 57 32 cet
2074 865 88 38 état
2185 861 49 43 de
2256 859 121 45 choses
2489 861 209 44 d*attirer

304 927 242 44 Vattention
578 927 53 42 du
658 925 137 60 public
827 943 69 26 sur
929 927 162 60 Veffort
1121 929 48 42 de
1201 946 64 26 nos
1299 929 202 43 musiciens
1613 947 46 26 en
1686 939 193 33 assurant
1917 928 41 43 la
2000 927 319 58 représentation
2356 939 39 32 et
2428 927 191 45 Védition
2652 930 46 42 de

304 995 105 42 leurs
432 1010 163 26 œuvres
618 992 24 44 ?

436 1059 148 44 Parler
609 1075 177 28 comme
806 1060 44 59 je
875 1059 39 44 le
940 1060 78 44 fais
1054 1061 70 56 ici,
1152 1061 92 44 dire
1271 1063 297 43 brutalement
1592 1062 61 44 les
1678 1061 172 57 vérités,
1878 1072 121 46 taper
2035 1076 73 27 sur
2140 1059 61 45 les
2234 1060 301 45 récalcitrants
2570 1073 45 32 et
2639 1061 59 45 les

304 1126 226 59 métèques
554 1127 72 56 qui
652 1126 242 59 s'arrogent
918 1127 39 42 le
982 1126 89 44 rôle
1098 1128 52 42 de
1176 1145 111 27 nous
1312 1129 250 59 morigéner
1585 1140 45 32 et
1654 1129 73 57 qui
1753 1129 187 42 feraient
1964 1128 152 42 mieux
2142 1127 53 43 de
2211 1139 232 32 retourner
2463 1129 112 42 chez
2595 1146 100 40 eux,

304 1193 24 44 à
353 1195 144 42 moins
522 1209 83 42 que
630 1192 191 59 quelque
846 1209 127 28 cause
999 1193 331 45 confidentielle
1355 1195 59 44 les
1439 1197 259 57 contraigne
1723 1195 25 43 à
1771 1211 63 26 un
1860 1194 88 43 exil
1974 1195 113 42 chez
2113 1209 126 29 nous.

438 1258 242 59 L'opinion
706 1268 63 34 est
804 1259 24 44 à
863 1260 153 43 refaire
1042 1277 54 26 en
1123 1260 229 59 Belgique.
1379 1261 99 44 Elle
1505 1273 62 32 est
1592 1263 346 42 honteusement
1964 1260 209 60 dévoyée.
2201 1260 66 44 Le
2294 1260 149 44 devoir
2467 1273 64 32 est
2569 1263 52 42 de
2657 1261 40 45 la

303 1324 190 45 rectifier
517 1341 97 28 sans
638 1325 186 44 relâche.
856 1326 137 43 Votre
1019 1326 159 43 subtile
1204 1326 205 59 Enquête
1446 1345 29 43 y
1510 1345 104 27 aura
1651 1326 111 46 aidé.
1797 1329 55 57 Je
1889 1327 202 44 souhaite
2125 1343 83 42 que
2244 1343 92 27 mes
2368 1344 158 41 propos
2559 1329 138 44 irrités

303 1394 120 42 aient
447 1392 40 44 la
513 1393 148 42 même
687 1393 181 42 chance.

438 1459 106 51 Que
570 1459 53 42 de
647 1459 151 43 choses
822 1458 23 43 à
870 1458 105 43 faire
1000 1475 54 26 en
1082 1475 50 27 ce
1156 1475 98 28 sens
1280 1458 8 45 !
1317 1460 135 58 Mais,
1479 1477 177 27 comme
1680 1477 24 26 a
1729 1461 64 42 dit
1818 1459 130 45 Léon
1969 1459 115 61 Bloy
2108 1476 10 29 :
2148 1462 28 22 u
2195 1460 42 43 la
2259 1461 63 43 vie
2343 1472 63 32 est
2426 1472 97 47 trop
2544 1472 152 34 courte

305 1542 108 41 pour
438 1527 138 58 giffler
601 1536 98 33 tout
724 1524 40 43 le
789 1525 178 43 monde.

2099 1629 223 45 EDMOND
2361 1631 199 45 PICARD.

438 1756 178 58 Réponse
638 1757 48 42 de
709 1752 75 46 M.
810 1752 221 47 Octave
1056 1753 187 56 Pvï&lXS,
1281 1757 219 43 Président
1534 1759 48 41 de
1617 1756 286 45 /'Association
1933 1759 65 42 des
2022 1758 231 44 Ecrivains
2277 1759 155 59 Belges,
2474 1760 222 43 Directeur

303 1825 48 42 de
376 1822 122 44 rArt
522 1821 210 44 Moderne
757 1833 37 32 et
816 1823 48 42 de
889 1823 41 42 la
955 1822 129 43 Libre
1108 1823 251 59 Esthétique.

834 1948 121 44 Cher
992 1948 251 57 Monsieur,

437 2058 219 44 Plusieurs
680 2058 73 43 des
778 2058 236 42 musiciens
1037 2067 43 33 et
1106 2058 202 44 hommes
1332 2059 53 42 de
1410 2058 148 44 lettres
1582 2061 75 56 qui
1683 2071 80 31 ont
1795 2059 200 57 répondu
2018 2072 135 31 avant
2190 2063 90 41 moi
2305 2062 24 42 à
2353 2074 123 31 votre
2503 2064 190 58 enquête

304 2136 80 33 ont
409 2124 232 44 démontré
666 2124 205 43 combien
896 2123 29 43 il
950 2134 64 32 est
1037 2124 183 42 absurde
1247 2124 52 43 de
1324 2124 148 44 réunir
1496 2141 98 27 sous
1618 2142 88 26 une
1740 2126 213 57 étiquette
1978 2128 167 56 unique
2171 2126 286 59 l'expression
2484 2131 208 44 musicale

304 2193 73 42 des
393 2192 224 55 Flandres,
637 2201 249 32 nettement
910 2190 301 58 germanique,
1229 2201 43 31 et
1296 2190 110 44 celle
1426 2191 52 43 de
1497 2191 41 43 la
1557 2191 243 57 Wallonie,
1828 2194 75 56 qui
1922 2195 164 41 associe
2110 2194 24 42 à
2159 2210 79 27 son
2261 2195 220 44 caractère
2506 2199 160 42 autoch-

304 2270 103 32 tone
434 2258 72 43 des
530 2256 185 44 affinités
740 2256 229 54 françaises
993 2256 284 44 indéniables.
1304 2257 53 58 Je
1383 2274 55 26 ne
1465 2258 292 44 m'attarderai
1795 2258 115 44 donc
1937 2276 72 40 pas
2034 2260 24 42 à
2094 2260 192 44 discuter
2322 2262 41 43 la
2399 2266 204 55 question
2641 2265 51 42 de

303 2326 140 42 savoir
467 2323 65 44 s'il
559 2324 136 42 existe
857 2333 64 31 art
947 2322 171 59 lyrique
1143 2324 220 42 vraiment
1389 2323 124 59 belge
1605 2323 37 43 Il
1670 2325 77 59 n'y
1771 2342 24 26 a
1820 2342 74 40 pas
1919 2324 111 44 d'art
2067 2328 183 43 musical
2290 2329 125 59 belge
2451 2346 130 41 parce
2606 2347 87 42 que

303 2391 337 58 l'antagonisme
678 2390 51 42 de
767 2388 39 44 la
842 2389 157 57 pensée
1035 2388 223 44 wallonne
1293 2400 44 32 et
1373 2390 52 42 de
1461 2390 41 42 la
1537 2390 158 58 pensée
1732 2392 218 43 flamande
1987 2409 57 26 ne
2081 2395 197 55 pourrait
2303 2396 157 43 fondre
2484 2413 65 28 ses
2574 2398 117 43 deux

303 2468 160 33 termes
487 2472 97 28 sans
609 2455 190 43 détruire
824 2454 281 59 l'originalité
1140 2455 283 43 individuelle
1460 2456 53 42 de
1549 2457 174 43 chacun
1760 2456 147 46 d'eux.
1935 2458 123 44 Mais
2083 2459 27 43 il
2137 2477 29 43 y
2190 2477 24 27 a
2240 2462 73 43 des
2343 2464 238 43 musiciens
2616 2464 75 45 nés

301 2540 73 28 sur
398 2524 39 42 le
462 2523 62 44 sol
552 2522 139 59 belge,
718 2532 43 32 et
786 2537 70 27 ces
880 2523 237 41 musiciens
1141 2533 79 31 ont
1245 2521 98 43 créé
1367 2539 62 26 un
1456 2522 158 44 double
1640 2535 188 32 courant
1853 2524 189 59 lyrique.

436 2589 129 52 Qu'il
603 2588 115 43 faille
758 2588 169 42 fournir
962 2587 23 43 à
1021 2604 113 26 ceux
1170 2588 170 42 d'entre
1377 2604 86 28 eux
1499 2590 75 57 qui
1611 2601 81 31 ont
1728 2591 59 42 du
1823 2591 140 43 talent
1999 2592 238 45 l'occasion
2268 2595 54 42 de
2347 2596 205 57 produire
2578 2597 113 44 leurs

301 2672 172 28 œuvres
497 2672 56 26 en
579 2655 163 56 public,
769 2656 72 55 qui
866 2671 29 43 y
920 2655 248 42 contredira
1192 2653 13 44 ?
1240 2653 61 44 Et
1326 2671 83 41 que
1434 2654 181 59 l'équité
1644 2658 267 42 commande
1947 2674 56 27 au
2041 2674 371 45 gouvernement,
2438 2680 87 26 aux
2551 2664 117 45 direc-

301 2735 118 31 teurs
457 2723 53 42 de
544 2721 190 43 théâtres
767 2720 345 44 subventionnés
1148 2721 51 42 de
1235 2721 204 43 favoriser
1475 2722 106 42 dans
1618 2738 88 27 une
1743 2740 172 27 mesure
1952 2724 120 59 égale
2109 2726 61 44 les
2207 2731 321 54 compositeurs
2564 2731 52 43 de
2652 2731 39 44 la

302 2789 190 43 Flandre
517 2799 43 31 et
584 2803 112 27 ceux
723 2787 51 42 de
799 2787 40 43 la
864 2786 244 57 Wallonie,
1136 2787 76 42 nul
1239 2804 55 25 ne
1319 2787 38 42 le
1394 2799 212 32 conteste.
1635 2789 66 43 Ce
1731 2790 198 57 principe
1966 2802 63 32 est
2065 2791 221 46 d'ailleurs
2310 2797 197 56 respecté
2532 2814 75 40 par
2632 2798 57 44 les

302 2857 239 42 directeurs
566 2854 59 43 du
649 2853 169 44 théâtre
844 2853 52 44 de
921 2853 39 43 la
987 2852 220 44 Monnaie
1232 2855 88 56 qui,
1346 2854 87 43 s'ils
1458 2855 255 43 montèrent
1738 2867 123 32 entre
1886 2869 146 31 autres
2057 2858 59 44 les
2140 2876 175 29 œuvres
2345 2863 51 42 de
2423 2862 188 59 Blockx,
2638 2865 51 43 de

303 2921 175 56 Gilson,
506 2921 52 43 de
583 2919 141 44 Tinel
767 2931 43 31 et
848 2921 53 42 de
939 2920 104 43 Van
1082 2921 84 41 den
1204 2919 169 59 Eeden,
1411 2937 55 26 ne
1503 2922 294 57 manquèrent
1832 2940 74 40 pas
1929 2941 56 26 au
2011 2924 148 44 devoir
2185 2928 53 42 de
2263 2929 274 56 représenter
2562 2931 127 44 celles

301 2988 205 44 d'Albert
532 2987 193 57 Dupuis,
747 2986 52 43 de
826 2985 183 45 Charles
1036 2985 190 44 Radoux
1252 2997 43 32 et
1320 2987 52 42 de
1397 2987 163 58 Joseph
1586 2989 192 57 Jongen.

434 3054 106 44 Sans
564 3054 148 55 doute,
739 3069 88 26 une
853 3052 148 43 même
1027 3053 176 42 fortune
1231 3069 54 26 ne
1308 3055 137 41 sourit
1470 3069 72 42 pas
1566 3053 24 44 à
1616 3071 69 27 ces
1721 3053 149 45 efforts
1896 3056 154 46 divers.
2074 3058 121 44 Mais
2220 3060 23 42 à
2268 3063 75 56 qui
2368 3062 93 44 s'en
2488 3065 198 56 prendre,

298 3123 128 43 sinon
451 3137 57 27 au
532 3119 109 59 goût
665 3119 59 43 du
749 3118 162 58 public,
940 3119 108 43 dont
1073 3118 59 44 les
1157 3118 273 57 préférences
1454 3131 99 32 sont
1578 3123 109 41 aussi
1724 3123 203 43 obscures
1963 3125 326 57 qu'imprévues
2313 3127 14 44 ?
2364 3130 216 44 N'a-t-on
2617 3147 71 42 pas

297 3206 59 26 vu
382 3187 192 44 échouer
601 3187 161 42 devant
797 3184 61 44 lui
885 3186 73 42 des
991 3201 173 27 œuvres
1187 3185 243 58 françaises,
1469 3186 230 45 italiennes
1734 3205 59 26 ou
1827 3189 270 46 allemandes
2119 3191 14 44 ?
2169 3192 136 46 Est-il
2337 3196 116 59 juste
2490 3198 52 43 de
2568 3215 56 27 ne
2648 3198 37 43 le

298 3254 192 44 déclarer
515 3252 155 44 hostile
695 3251 163 59 qu'aux
883 3251 139 44 seules
1046 3252 349 43 manifestations
1419 3252 192 60 lyriques
1635 3255 243 44 nationales
1900 3255 14 44 ?

431 3321 106 44 Sans
561 3330 225 32 remonter
809 3335 57 26 au
891 3318 95 43 delà
1011 3319 74 42 des
1110 3319 73 42 dix
1209 3319 217 43 dernières
1450 3319 162 44 années
1637 3331 43 32 et
1704 3338 109 40 pour
1839 3338 56 27 ne
1920 3323 141 57 parler
2098 3342 86 42 que
2209 3328 75 43 des
2309 3345 211 40 ouvrages
2544 3330 119 59 repré-

296 3387 142 45 sentés
463 3387 24 44 à
513 3385 242 57 Bruxelles,
781 3395 253 34 constatons
1058 3401 85 43 que
1170 3384 59 45 les
1253 3386 229 57 partitions
1506 3386 227 58 indigènes
1760 3399 100 33 sont
1885 3389 91 44 loin
2013 3391 167 45 d'avoir
2205 3393 69 45 été
2298 3396 249 45 accueillies
2582 3413 101 28 avec
