2771 3919
1315 158 59 67 S.
1438 159 52 66 I.
1555 160 103 65 M.

299 172 95 66 34

290 292 155 57 deux
475 293 226 59 enfants
727 297 101 76 qui
854 299 520 75 accompagnaient
1406 302 455 56 ordinairement
1885 301 324 58 l'allumeur
2233 303 96 57 des
2355 302 343 61 réverbères.

291 378 102 57 Un
417 382 340 76 narcotique
783 381 99 57 eût
906 381 267 58 endormi
1203 385 79 55 les
1306 388 264 74 gardiens
1601 401 57 42 et
1688 387 55 56 la
1772 386 150 57 fuite
1955 386 29 57 à
2012 401 216 43 travers
2252 391 53 54 la
2331 391 368 56 Normandie

290 463 98 57 eût
421 466 242 57 conduit
694 468 77 55 les
804 468 348 77 prisonniers
1198 490 70 35 en
1301 472 364 78 Angleterre.
1702 473 83 55 Le
1818 473 263 77 complot
2111 472 165 59 fut-il
2313 473 204 59 éventé
2548 479 18 54 ?
2618 477 81 55 Le

287 548 204 59 hasard
522 551 410 79 empêcha-t-il
978 553 51 55 la
1061 553 324 60 réalisation
1429 559 69 55 de
1528 580 66 36 ce
1625 559 190 77 projet
1857 559 519 58 minutieusement
2408 560 242 79 préparé
2677 564 18 54 ?

287 636 294 76 Toujours
614 652 81 42 est
750 639 42 54 il
830 641 217 55 certain
1081 661 112 56 que
1244 644 237 77 Lepitre
1533 659 57 43 et
1639 645 232 56 Toulan
1926 665 71 36 ne
2045 644 196 58 furent
2290 668 99 57 pas
2436 647 186 58 réélus
2669 647 30 56 à

290 721 197 76 Pâque
530 739 151 60 1793
712 736 54 42 et
799 725 295 75 perdirent
1126 727 143 56 ainsi
1301 729 291 58 l'autorité
1626 731 103 78 qui
1761 730 154 56 seule
1947 744 101 42 eut
2079 750 80 57 pu
2185 731 203 56 rendre
2412 734 126 54 leur
2563 734 134 76 plan

286 805 356 58 exécutable.

459 893 92 54 De
578 893 282 57 Madame
887 894 175 79 Cléry
1086 899 52 54 le
1164 899 176 56 talent
1366 903 241 56 musical
1632 903 145 56 n'est
1802 900 177 80 guère
2012 920 196 37 connu
2239 903 97 56 des
2366 903 328 58 historiens.

287 976 244 56 Femme
563 978 77 55 du
673 978 221 58 dévoué
940 984 151 55 valet
1146 984 68 56 de
1246 985 274 59 chambre
1554 989 68 56 de
1670 989 179 56 Louis
1896 988 171 68 XVI,
2115 989 107 55 elle
2253 990 258 77 imagina
2544 1004 153 42 cette

285 1082 126 35 ruse
444 1063 317 58 touchante
807 1087 148 56 pour
986 1069 237 57 adoucir
1268 1072 52 54 la
1352 1073 275 77 captivité
1675 1075 69 55 de
1777 1094 81 36 ses
1905 1074 248 56 illustres
2199 1074 252 57 maîtres.
2490 1077 49 54 Il
2570 1074 127 57 faut

285 1148 151 53 tenir
468 1164 235 61 compte
736 1152 73 54 ici
859 1152 68 55 de
959 1154 349 70 l'intention,
1343 1172 170 42 avant
1559 1159 193 56 même
1799 1159 69 56 de
1891 1159 174 76 juger
2110 1158 53 56 la
2195 1162 288 76 musique.
2520 1159 174 59 Enfin

282 1232 116 55 l'on
444 1253 386 59 remarquera,
878 1258 94 37 sur
1016 1242 51 53 le
1115 1243 132 55 titre
1280 1243 69 56 de
1382 1265 90 35 ces
1503 1243 326 70 facsimilés,
1863 1247 54 53 la
1952 1247 295 76 signature
2280 1247 69 54 de
2384 1249 310 68 Beaumont,

284 1319 102 75 qui
422 1318 182 77 paraît
635 1321 134 57 bien
800 1323 120 57 être
953 1327 140 54 celle
1126 1327 68 54 de
1226 1331 80 53 M
1312 1331 48 19 me
1385 1331 293 56 Beaumont
1678 1376 14 23 ,
1717 1332 196 55 l'amie
1946 1331 142 56 dont
2120 1331 53 56 la
2204 1332 141 56 voix
2376 1354 56 35 se
2464 1334 231 56 mariait

284 1420 26 38 a
346 1406 141 53 celle
520 1406 68 54 de
624 1407 70 56 M
701 1409 49 21 me
780 1407 194 80 Cléry,
1009 1431 232 38 comme
1274 1434 142 35 nous
1447 1416 284 77 l'indique
1763 1418 53 55 la
1848 1417 245 56 seconde
2128 1437 289 37 romance.

456 1489 296 59 L'édition
785 1493 69 56 de
887 1515 63 35 ce
982 1497 235 56 volume
1246 1498 184 77 paraît
1454 1500 160 57 dater
1646 1501 69 56 de
1739 1502 53 56 la
1827 1502 431 69 Restauration,
2285 1517 56 41 et
2368 1503 162 58 s'être
2553 1503 141 59 faite

284 1594 102 57 par
432 1576 79 56 les
543 1578 152 56 soins
739 1578 219 59 mêmes
991 1582 68 55 de
1093 1596 149 42 cette
1280 1585 168 56 dame
1495 1587 343 57 Beaumont.
1876 1588 111 56 Les
2034 1588 153 55 deux
2233 1610 300 37 romances
2581 1613 112 55 que

281 1679 146 36 nous
460 1663 405 75 reproduisons
896 1666 77 55 ici
1006 1680 128 43 sont
1167 1670 209 54 suivies
1423 1670 70 56 de
1526 1671 152 57 deux
1710 1686 186 43 autres
1940 1694 227 35 encore.
2204 1674 186 57 L'une
2422 1676 272 57 intitulée

292 1746 92 55 La
549 1747 331 57 Consolation
817 1773 89 42 ;
907 1751 116 57 l'autre
1837 1755 90 54 La
2092 1754 237 71 Crainte,
1447 1756 307 78 composée
1786 1760 52 53 le
1875 1779 75 37 22
1987 1760 155 57 août.
2172 1757 177 60 Enfin
2396 1762 297 78 l'ouvrage

280 1849 56 37 se
381 1834 249 54 termine
678 1854 100 57 par
1390 1837 80 55 Le
1651 1837 160 56 vieux
2089 1840 342 58 Troubadour
1567 1842 143 56 dont
1764 1845 74 55 les

280 1916 359 78 changements
659 1931 141 64 pour
830 1922 271 78 s'adapter
1131 1947 34 33 a
1198 1925 279 57 Pheureux
1507 1940 179 45 retour
1715 1929 62 56 de
1806 1931 59 54 la
1874 1929 228 76 famille
2131 1934 197 76 royale.

452 2001 50 56 Il
546 2001 125 59 faut
718 2004 223 77 espérer
987 2028 112 57 que
1146 2009 354 79 l'hommage
1547 2013 69 56 de
1649 2033 90 38 ces
1783 2014 155 56 deux
1969 2015 155 59 âmes
2166 2015 194 60 fidèles
2397 2018 91 57 fut
2520 2020 170 78 agréé

280 2105 101 58 par
413 2088 52 54 la
497 2108 160 49 cour,
689 2103 57 42 et
779 2110 113 58 que
922 2093 52 54 le
1007 2095 86 55 roi
1132 2095 179 57 Louis
1344 2096 215 58 XVIII
1608 2112 93 43 sut
1747 2098 406 80 récompenser
2197 2104 55 55 le
2299 2103 391 61 dévouement

277 2171 302 78 artistique
611 2174 69 56 de
713 2196 90 35 ces
835 2176 153 58 deux
1020 2182 407 57 musiciennes.
1456 2183 160 57 C'est
1641 2184 79 56 du
1744 2188 189 55 moins
1950 2185 30 58 à
2003 2208 78 36 un
2110 2190 194 77 espoir
2329 2190 69 56 de
2423 2211 67 35 ce
2515 2213 176 56 genre

280 2274 77 57 qu
384 2258 40 54 il
454 2263 124 51 faut
625 2262 280 55 attribuer
950 2264 51 55 la
1032 2264 360 78 publication
1439 2282 56 42 et
1536 2288 101 57 par
1669 2269 356 79 conséquent
2072 2274 52 55 la
2171 2279 402 55 conservation
2620 2279 71 56 de

277 2361 92 36 ces
400 2344 247 76 reliques
677 2345 535 63 révolutionnaires.
