2771 3919
198 164 36 48 2
252 145 41 65 6

1220 150 58 65 S.
1344 150 51 65 I.
1459 150 103 66 M.

191 284 299 77 préconise
522 287 318 56 seulement
874 287 69 56 de
988 289 79 53 les
1099 289 151 67 unir,
1297 304 55 42 et
1386 290 68 57 de
1500 291 149 56 vêtir
1682 289 70 55 de
1797 286 287 80 plasticité
2131 290 52 54 le
2229 287 343 79 pathétique
2592 287 12 57 !

365 372 165 56 Ceux
563 374 100 76 qui
697 386 101 42 ont
830 372 252 56 entendu
1114 375 51 53 le
1197 371 167 60 finale
1396 376 259 57 d'Yseult
1687 372 209 59 chanté
1929 394 103 56 par
2055 374 323 77 Mustapha
2409 389 196 42 savent

191 477 112 55 que
327 458 261 76 Wagner
620 459 93 53 n'a
733 458 207 76 jamais
972 465 101 47 ouï
1104 478 113 57 que
1241 479 81 37 ses
1348 460 221 57 drames
1594 479 55 38 et
1675 482 115 34 non
1816 480 56 35 sa
1898 459 287 76 musique.
2209 460 54 55 A
2289 459 315 77 Bayreuth,

191 562 73 35 on
311 543 210 55 chante
569 564 74 34 ou
691 544 76 54 du
822 544 189 54 moins
1066 564 70 34 on
1193 565 30 35 a
1277 545 228 70 chanté,
1556 567 138 35 avec
1744 559 189 43 toutes
1985 545 79 55 les
2115 559 194 42 vertus
2362 546 243 55 morales

187 626 354 70 vénération,
576 628 346 70 obéissance,
955 629 323 77 discipline,
1310 634 438 76 componction,
1782 645 55 42 et
1871 629 192 57 c'était
2097 630 282 56 touchant
2398 653 11 34 :
2462 633 143 54 mais

189 733 72 34 on
297 714 93 76 n'y
423 736 31 33 a
477 714 207 75 jamais
717 714 309 56 bellement
1067 715 226 59 chanté.

430 800 299 60 Qu'est-ce
785 799 178 76 qu'un
1025 800 144 56 beau
1231 803 174 56 chant
1430 805 18 55 ?
1574 803 524 57 demandera-t-on.
2235 802 169 56 Celui
2460 802 141 57 dont

188 896 188 43 toutes
408 884 77 55 les
518 897 178 56 notes,
731 887 175 73 prises
939 884 380 79 séparément,
1352 905 125 39 sont
1509 888 170 57 belles
1797 889 69 74 Je
1900 907 70 34 ne
2003 907 158 56 peux
2194 907 96 56 pas
2322 888 120 55 être
2475 888 127 76 plus

186 968 157 67 clair,
377 982 55 42 et
465 971 123 53 l'art
624 971 376 55 Palestinien
1031 987 82 41 est
1145 973 52 55 le
1228 976 120 53 seul
1381 976 100 75 qui
1515 976 312 75 poursuive
1858 986 90 42 cet
1992 971 167 57 idéal.

356 1054 386 78 Ajouterai-je
775 1077 112 56 que
918 1057 134 57 c'est
1099 1059 51 54 le
1197 1061 118 53 seul
1363 1081 110 55 que
1519 1061 114 56 l'on
1683 1062 169 55 doive
1900 1061 300 73 enseigner
2246 1080 71 34 au
2352 1059 214 56 Conser-

183 1139 240 68 vatoire,
457 1141 102 75 qui
593 1139 219 59 devrait
845 1143 118 55 être
997 1164 112 34 une
1142 1142 157 57 école
1334 1146 421 76 Niedermeyer
1786 1160 54 40 et
1891 1146 167 75 point
2092 1157 161 42 autre
2286 1143 192 56 chose.
2516 1145 86 55 Or

184 1225 51 54 le
271 1225 439 57 Conservatoire
757 1230 43 54 si
847 1227 237 57 fameux
1131 1245 81 41 est
1260 1231 296 76 incapable
1604 1230 329 57 d'exécuter
1981 1231 54 55 la
2074 1230 196 56 Messe
2318 1230 75 56 du
2445 1232 154 74 Pape

186 1310 228 56 Marcel
447 1333 76 33 ou
555 1313 79 54 les
666 1312 205 78 répons
922 1315 69 54 de
1025 1315 273 68 Vittoria,
1331 1316 285 75 j'entends
1649 1319 68 53 de
1760 1319 78 53 les
1874 1313 274 59 exécuter
2191 1336 69 35 en

356 1396 84 55 Le
487 1397 315 77 triomphe,
850 1397 264 78 légitime
1169 1414 198 53 certes,
1415 1401 70 55 de
1519 1401 259 78 Wagner
1825 1423 28 33 a
1900 1399 259 57 entraîné
2208 1400 391 77 l'hégémonie

181 1482 198 55 vocale
426 1481 68 56 de
540 1482 403 78 l'Allemagne.
995 1485 109 55 Les
1150 1486 133 55 rites
1331 1486 73 55 du
1458 1507 262 35 nouveau
1774 1487 291 75 Dyonisos
2116 1487 353 55 recevraient
2520 1507 75 35 un

182 1565 146 57 éclat
363 1567 431 78 incomparable
826 1570 68 55 de
925 1570 319 56 l'ancienne
1278 1587 56 40 et
1368 1574 218 75 unique
1613 1571 292 57 méthode.

353 1654 163 54 Avec
550 1655 50 53 la
631 1654 303 57 récitation
969 1656 318 55 allemande
1321 1677 72 35 on
1429 1678 69 33 ne
1531 1672 138 62 peut
1703 1658 202 56 rendre
1940 1659 53 53 ni
2026 1658 262 68 Mozart,
2312 1659 58 55 ni
2399 1659 198 55 Gluck

182 1750 54 42 et
283 1758 31 34 a
358 1735 228 59 fortiori
619 1761 189 34 aucun
858 1740 95 56 des
997 1740 438 79 polyphonistes
1468 1743 74 54 du
1578 1743 174 56 chant
1788 1764 11 35 :
1849 1743 188 56 tandis
2070 1763 115 57 que
2216 1744 52 55 le
2303 1744 90 55 bel
2426 1758 171 41 canto

178 1823 320 76 s'applique
530 1823 30 56 à
593 1837 129 44 tout
747 1846 10 34 :
795 1846 94 34 car
921 1839 241 41 souvent
1193 1827 79 54 les
1297 1828 206 75 petites
1528 1827 198 55 choses
1757 1829 442 75 accomplissent
2232 1830 78 55 les
2336 1829 259 76 grandes.

181 1908 503 58 Soutiendra-t-on
719 1931 112 56 que
861 1912 51 53 la
939 1909 204 59 beauté
1178 1912 95 56 des
1303 1932 129 36 sons
1463 1915 110 53 soit
1607 1915 283 54 contraire
1937 1914 29 55 à
2016 1915 123 54 leur
2171 1914 373 57 dramatisme
2576 1918 18 53 ?

170 1994 70 74 Je
275 1990 403 80 témoignerai,
711 2009 55 42 et
814 2016 188 35 aucun
1052 2017 68 34 ne
1170 2017 91 34 me
1310 1995 340 70 démentira,
1686 2020 111 55 que
1848 1999 344 78 Mustapha,
2238 2002 43 54 si
2315 1999 280 59 décadent

178 2078 142 76 qu'il
352 2077 109 68 fut,
496 2081 318 74 produisait
863 2101 110 34 une
1023 2079 261 57 émotion
1332 2082 300 77 beaucoup
1679 2084 128 75 plus
1854 2086 129 53 vive
2032 2105 113 56 que
2188 2087 77 55 les
2298 2084 298 79 horlogers

176 2183 124 36 sans
325 2166 138 53 voix
489 2167 174 75 qu'on
691 2166 189 56 donne
904 2186 150 56 pour
1080 2167 92 56 des
1200 2166 308 77 Siegfrieds
1533 2167 29 56 à
1589 2169 311 77 Bayreuth.
1932 2169 48 56 Il
2004 2168 126 57 faut
2155 2175 162 52 avoir
2342 2173 253 55 entendu

176 2249 52 54 le
259 2249 176 55 vieux
487 2252 186 75 Vogel
715 2251 137 54 dans
899 2252 205 75 Logue
1150 2252 69 55 de
1268 2252 134 56 /'Or
1708 2275 152 54 pour
1905 2275 55 35 se
2007 2252 216 79 figurer
2256 2277 65 35 ce
2369 2277 114 56 que
2531 2279 64 34 ce

174 2333 202 76 public
409 2335 282 77 snobique
724 2349 252 63 accepte.
1014 2337 578 56 Sentimentalement
1625 2341 132 53 c'est
1791 2338 114 56 fort
1943 2340 134 56 bien
2114 2361 10 35 :
2176 2341 296 57 honorons
2517 2345 79 54 les

172 2418 260 58 vétérans
464 2435 56 41 et
553 2422 76 55 les
663 2422 276 55 invalides
971 2423 144 54 mais
1148 2423 282 75 qu'est-ce
1465 2444 111 56 que
1609 2439 91 42 cet
1743 2440 84 41 art
1871 2423 104 58 fait
2023 2426 70 55 de
2141 2429 454 55 considérations

173 2505 136 54 d'un
344 2506 77 53 tel
454 2505 165 56 ordre
648 2509 18 53 ?
703 2506 141 67 Oui,
879 2509 38 52 il
949 2528 37 55 y
1019 2528 29 34 a
1080 2528 112 34 une
1226 2507 204 56 beauté
1465 2507 76 56 du
1575 2507 196 69 chant,
1805 2531 69 33 en
1908 2510 208 57 dehors
2148 2512 70 55 de
2266 2533 57 35 sa
2371 2512 221 59 fidélité

172 2605 56 41 et
261 2590 68 56 de
362 2610 56 36 sa
451 2591 196 56 valeur
678 2590 326 79 esthétique
1039 2613 231 35 comme
1324 2594 40 53 il
1396 2614 36 56 y
1465 2614 30 34 a
1529 2614 108 34 une
1673 2594 202 56 beauté
1909 2596 76 55 du
2030 2617 185 57 corps,
2265 2619 68 34 en
2383 2600 211 56 dehors

172 2677 68 55 de
272 2697 102 35 son
408 2674 420 59 identification
860 2677 140 55 àun
1033 2698 354 57 personnage
1420 2694 55 39 et
1523 2679 154 56 àun
1711 2695 141 41 acte.
1890 2683 109 54 Les
2047 2681 187 59 écoles
2281 2686 165 55 n'ont
2495 2707 99 57 pas

170 2761 218 56 d'autre
435 2763 185 54 raison
668 2763 179 54 d'être
896 2783 111 56 que
1054 2763 361 76 d'enseigner
1462 2765 118 53 cela
1611 2779 108 41 :et
1753 2764 194 58 c'était
1980 2766 125 56 l'art
2140 2768 69 56 de
2246 2770 345 78 Mustapha,

170 2869 77 33 un
282 2862 85 40 art
400 2849 296 55 tellement
748 2848 275 76 précieux
1057 2849 141 76 qu'il
1245 2849 235 56 charme
1527 2871 134 34 avec
1696 2872 75 33 un
1819 2850 203 57 fredon
2067 2868 55 39 et
2172 2857 141 73 qu'il
2347 2858 247 56 n'existe

170 2952 98 57 pas
301 2933 69 54 de
402 2930 425 59 chef-d'œuvre
860 2934 144 75 qu'il
1039 2934 393 56 n'embellisse.

343 3018 311 56 L'homme
689 3020 100 74 qui
824 3019 223 76 gardait
1080 3022 52 53 la
1166 3020 292 66 tradition,
1493 3042 30 33 a
1571 3022 229 76 disparu
1848 3042 122 36 sans
2018 3044 113 56 que
2180 3046 283 56 personne
2512 3032 78 53 ait

169 3103 175 77 songé
377 3103 30 56 à
443 3105 284 54 recueillir
758 3125 83 35 ses
873 3119 225 54 secrets,
1134 3104 275 78 précieux
1440 3107 341 75 cependant,
1819 3109 189 55 même
2049 3131 70 33 au
2153 3131 123 35 sens
2324 3113 69 55 de
2440 3116 105 54 l'or
2576 3137 11 34 :

169 3203 56 41 et
258 3191 362 53 maintenant
652 3191 51 54 le
734 3188 87 57 bel
846 3202 149 43 canto
1026 3192 233 75 n'ayant
1293 3192 125 75 plus
1451 3191 412 77 d'exemplaire
1895 3196 217 66 vivant,
2136 3215 72 35 on
2238 3212 140 60 peut
2406 3201 185 56 croire

170 3296 112 57 que
315 3296 65 36 ce
414 3276 143 54 n'est
591 3277 175 75 qu'un
802 3276 288 56 snobisme
1115 3274 348 71 d'autrefois,
1493 3277 328 77 qu'évoque
1853 3279 366 69 aujourd'hui
2256 3304 79 34 un
2370 3285 221 59 bizarre

169 3360 421 77 incompétent.

2189 3397 312 61 Péladan.
