2771 3919
1277 126 61 69 S.
1403 127 50 66 I.
1518 127 103 66 M.

238 138 97 64 42

236 257 183 61 anglais.
460 259 130 46 Nous
631 263 240 45 voudrions
910 263 253 45 seulement
1201 266 92 44 dire
1334 268 209 59 quelques
1585 278 116 34 mots
1739 266 75 44 des
1856 265 413 44 communications
2310 264 251 58 présentées
2602 281 57 28 au

239 324 204 62 Congrès
478 338 45 33 et
561 345 169 46 essayer
764 331 53 43 de
854 329 188 62 dégager
1078 348 89 28 une
1206 332 97 46 idée
1340 334 274 46 d'ensemble
1639 335 60 44 du
1729 331 223 47 caractère
1977 342 46 34 et
2061 332 53 43 de
2151 330 323 47 l'ordonnance
2501 334 53 42 de
2588 349 73 28 ces

240 392 253 62 mémoires,
532 396 110 44 dont
680 397 59 45 les
771 409 180 33 auteurs
989 399 60 43 du
1089 400 29 23 u
1139 399 174 59 Report
1399 414 96 47 ont,
1536 404 87 43 fort
1657 402 391 62 judicieusement,
2086 398 127 60 placé
2249 415 57 29 en
2343 399 90 45 tête
2470 400 53 44 de
2563 400 98 44 leur

238 460 275 59 publication
540 463 261 45 l'ensemble
826 465 76 44 des
925 465 197 45 résumés
1145 466 170 61 rédigés
1339 486 55 27 en
1420 470 181 59 anglais.

375 528 89 46 Les
487 529 191 46 lectures
703 532 125 44 faites
852 548 55 27 en
934 532 159 45 séance
1128 534 243 46 solennelle
1407 549 225 48 occupent
1668 536 61 45 les
1754 551 131 44 pages
1914 532 59 62 76
2011 532 24 45 à
2077 531 60 61 83
2160 553 13 36 ;
2211 534 191 57 ensuite,
2443 536 217 42 viennent

239 595 61 44 les
325 595 188 47 diverses
537 600 410 43 communications
971 599 180 47 classées
1176 618 55 28 en
1260 602 27 45 6
1313 606 203 56 sections,
1543 606 203 43 chacune
1780 602 153 44 d'elles
1958 600 124 45 étant
2107 599 215 60 précédée
2347 601 111 45 d'un
2483 600 177 46 résumé

240 661 133 45 établi
400 665 109 43 dans
532 681 45 27 sa
600 665 163 60 langue
787 666 229 60 originale.
1043 667 248 63 L'ouvrage
1324 687 43 28 se
1405 674 191 42 termine
1632 688 76 43 par
1732 671 62 44 les
1819 668 390 59 comptes-rendus
2242 669 75 43 des
2341 680 320 48 groupements

240 730 54 43 de
320 730 40 44 la
386 731 187 57 Société,
600 748 76 42 par
703 733 73 43 des
801 734 269 45 documents
1092 736 336 47 administratifs
1452 750 44 34 et
1521 756 76 43 par
1621 756 63 27 un
1714 739 135 44 index
1884 734 316 61 alphabétique
2225 736 54 44 de
2305 746 100 34 tous
2442 736 62 45 les
2528 752 134 29 noms

239 797 110 45 cités
375 797 88 59 (pp.
492 810 92 46 415
614 799 24 44 à
664 800 131 60 427).

375 864 103 45 Plus
504 866 52 43 de
586 865 60 45 80
673 867 238 45 mémoires
934 880 81 33 ont
1041 868 70 45 été
1135 870 67 45 lus
1225 889 56 26 au
1308 871 203 62 Congrès
1532 890 11 30 :
1571 873 109 46 c'est
1705 873 92 44 dire
1822 889 87 44 que
1935 870 41 45 le
2001 870 153 45 travail
2180 869 282 61 scientifique
2487 888 25 27 a
2531 882 126 47 tenu,

238 948 56 27 au
320 931 153 45 milieu
501 933 75 44 des
600 933 250 59 réceptions
875 945 44 34 et
944 936 74 45 des
1042 938 222 45 auditions
1284 940 52 43 de
1362 942 219 58 musique,
1607 957 91 28 une
1722 940 124 59 place
1873 938 87 45 très
1985 937 259 45 honorable.
2274 938 95 44 Des
2393 938 266 45 résolutions

238 998 213 45 émanant
488 999 52 44 de
577 999 41 45 la
657 1000 305 47 Commission
1002 1004 53 43 de
1093 1004 332 62 Bibliographie
1461 1008 100 44 font
1596 1007 155 62 l'objet
1793 1006 136 45 d'une
1966 1016 107 33 note
2117 1006 54 43 de
2216 1005 56 44 M
2278 1008 15 19 r
2334 1006 209 60 Springer
2580 1007 76 59 qui

238 1082 162 42 expose
424 1065 126 46 l'état
576 1068 73 44 des
674 1079 184 35 travaux
883 1070 96 61 déjà
1004 1074 215 57 entrepris
1244 1090 109 42 pour
1379 1074 40 45 la
1444 1076 173 43 refonte
1644 1075 59 44 du
1731 1074 173 62 Quellen
1930 1072 184 45 Lexikon
2140 1072 222 46 d'Eitner.

374 1132 130 46 Dans
528 1150 185 44 presque
748 1147 146 34 toutes
929 1138 61 44 les
1023 1141 207 56 sections,
1256 1157 59 28 on
1339 1159 25 26 a
1388 1142 177 45 soulevé
1590 1143 74 44 des
1687 1143 228 59 questions
1939 1141 53 44 de
2030 1140 214 45 méthode
2265 1161 12 36 ;
2316 1157 114 28 nous
2465 1141 196 44 citerons

239 1198 166 46 l'étude
425 1201 53 43 de
504 1201 74 46 M.
601 1202 184 59 Launis,
803 1204 185 59 (section
1009 1205 80 60 II),
1110 1206 132 45 celles
1266 1208 53 45 de
1342 1209 133 46 MM.
1499 1209 319 58 Calvocoressi,
1847 1208 166 45 Krohn
2033 1220 44 32 et
2120 1208 206 43 Wellesz
2345 1209 186 58 (section
2552 1208 103 59 III),

238 1277 45 33 et
323 1267 298 47 l'intéressant
663 1270 219 46 mémoire
923 1272 54 45 de
1020 1273 74 46 M.
1137 1274 276 61 Scheurleer,
1455 1293 74 28 sur
1576 1277 41 45 la
1659 1276 214 45 nécessité
1915 1275 138 45 d'une
2096 1275 193 58 enquête
2338 1275 318 61 systématique

238 1336 220 43 touchant
484 1335 350 62 l'iconographie
873 1341 209 43 musicale
1109 1341 185 59 (section
1322 1343 76 59 V).
1426 1342 183 60 Disons,
1635 1361 57 27 au
1718 1345 128 57 point
1871 1343 53 44 de
1949 1360 87 27 vue
2062 1342 416 61 méthodologique,
2505 1360 84 41 que
2616 1343 41 44 la

238 1401 326 60 classification,
607 1421 56 27 en
704 1403 26 46 6
770 1409 207 55 sections,
1017 1408 75 44 des
1129 1409 188 44 diverses
1355 1411 205 44 matières
1598 1411 197 45 étudiées
1828 1410 247 59 n'échappe
2119 1427 75 42 pas
2228 1410 25 45 à
2289 1421 125 34 toute
2451 1412 207 57 critique.

239 1469 147 57 Ainsi,
407 1469 40 45 la
470 1472 171 43 section
661 1472 70 44 111
750 1473 235 59 (Musique
1005 1475 247 60 religieuse)
1272 1477 245 59 n'apparaît
1548 1495 85 42 que
1659 1495 180 28 comme
1863 1495 90 27 une
1973 1479 274 43 subdivision
2282 1478 53 43 de
2362 1477 40 45 la
2426 1479 170 43 section
2618 1477 38 58 I,

238 1536 188 59 laquelle
470 1538 191 45 déborde
704 1539 258 46 elle-même
1002 1559 74 27 sur
1119 1541 260 47 l'ensemble
1421 1545 75 44 des
1536 1557 160 33 autres.
1742 1545 69 45 La
1851 1547 172 43 section
2063 1545 53 44 de
2162 1544 219 60 Musique
2426 1545 231 60 religieuse

238 1606 255 57 enregistre,
520 1622 56 27 en
602 1604 120 60 effet,
750 1607 74 44 des
849 1610 407 44 communications
1282 1611 53 44 de
1360 1611 220 45 caractère
1616 1614 283 43 strictement
1934 1614 245 57 historique
2204 1624 45 32 et
2274 1629 59 28 on
2361 1630 54 26 ne
2441 1614 118 42 saisit
2584 1629 75 43 pas

238 1670 62 45 les
323 1672 167 44 raisons
514 1674 74 57 qui
614 1684 273 47 permettent
913 1674 174 46 d'isoler
1122 1678 358 44 arbitrairement
1515 1679 42 44 la
1581 1681 204 58 musique
1822 1679 231 61 religieuse
2080 1681 54 43 de
2160 1681 40 43 la
2225 1681 205 58 musique
2456 1681 200 57 profane.

346 1737 76 45 De
462 1740 166 57 même,
660 1740 42 45 la
743 1740 69 45 III
816 1749 15 19 e
871 1743 172 44 section
1085 1743 834 63 (Théorie-Esthétique-Acoustique)
1960 1747 217 45 accueille
2235 1748 74 44 des
2356 1759 187 33 travaux
2584 1764 74 28 sur

238 1804 301 60 l'Esthétique
556 1809 75 56 qui
652 1809 258 56 pourraient
929 1821 100 34 tout
1052 1812 112 43 aussi
1185 1812 118 57 bien,
1323 1823 45 33 et
1393 1814 149 43 même
1568 1814 169 58 mieux,
1763 1830 44 28 se
1833 1815 147 57 placer
2000 1816 110 43 dans
2134 1815 41 44 la
2199 1816 173 44 section
2398 1816 258 58 historique.

240 1870 274 47 N'oublions
539 1890 72 41 pas
636 1891 86 42 que
758 1874 256 47 Vhistoricité
1038 1879 93 42 doit
1157 1879 203 45 dominer
1396 1879 281 52 aujourd'hui
1813 1881 156 45 études
2003 1882 272 51 esthétiques
2310 1899 101 29 sous
2447 1884 131 58 peine
2604 1883 55 43 de

240 1940 95 43 voir
383 1940 195 44 celles-ci
628 1940 235 60 perpétuer
910 1937 74 52 (les
1031 1947 289 56 conceptions
1366 1947 241 44 surannées
1652 1959 46 33 et
1744 1948 182 46 stériles.
2079 1949 74 45 De
2197 1950 150 44 même
2395 1966 181 42 encore,
2619 1949 41 45 la

238 2006 44 45 V
287 2009 15 19 e
326 2008 169 43 section
523 2007 333 61 (Instruments)
881 2012 246 57 comprend
1153 2013 117 44 deux
1296 2015 410 45 communications
1731 2016 54 44 de
1812 2015 121 45 MM
1937 2018 30 20 rs
1993 2016 197 45 Norlind
2217 2029 44 32 et
2288 2017 132 45 Roda
2456 2019 75 57 qui
2557 2029 103 33 sont

238 2074 376 45 essentiellement
638 2076 277 59 historiques.
1028 2078 130 46 Dans
1181 2080 42 44 la
1245 2082 171 43 section
1442 2081 247 45 d'Histoire
1715 2097 288 44 proprement
2028 2084 105 57 dite,
2167 2098 58 30 10
2247 2086 413 44 communications

238 2157 73 28 sur
360 2140 56 45 16
459 2142 183 44 traitent
683 2143 53 43 de
777 2144 135 60 sujets
950 2157 279 33 concernant
1266 2147 61 45 les
1364 2147 146 45 XVII
1512 2157 17 21 e
1565 2159 45 33 et
1647 2149 172 45 XVIII
1823 2155 16 20 e
1878 2150 168 60 siècles,
2086 2152 145 44 tandis
2258 2170 90 39 que
2369 2152 40 45 la
2452 2154 206 59 musique

239 2207 244 45 médiévale
522 2208 212 59 n'inspire
772 2227 87 42 que
887 2225 26 30 2
941 2211 250 47 mémoires.
1231 2213 75 45 De
1340 2214 245 58 précieuses
1623 2218 331 44 contributions
1990 2218 25 44 à
2051 2217 227 47 l'examen
2305 2220 75 44 des
2416 2220 244 45 caractères

240 2276 236 57 ethniques
501 2276 54 44 de
579 2276 42 43 la
645 2277 205 60 musique
886 2277 216 47 résultent
1127 2282 74 42 des
1237 2281 190 45 lectures
1451 2283 125 44 faites
1610 2284 107 43 dans
1752 2284 42 44 la
1821 2283 47 44 II
1871 2289 16 20 e
1910 2286 187 45 section,
2125 2285 157 59 Enfin,
2312 2287 40 44 la
2388 2290 171 42 section
2586 2290 75 42 des

238 2341 301 45 Instruments
563 2359 30 27 n
614 2360 25 27 a
663 2360 74 41 pas
761 2345 201 44 entendu
1002 2348 145 44 moins
1173 2348 53 43 de
1258 2359 53 46 15
1340 2351 410 44 communications
1774 2351 331 46 extrêmement
2143 2354 313 45 intéressantes
2482 2372 112 42 pour
2620 2355 41 44 la.

238 2409 193 59 plupart,
457 2420 45 33 et
527 2411 141 56 parmi
695 2411 230 59 lesquelles
949 2429 113 29 nous
1087 2415 193 44 citerons
1303 2432 89 28 une
1419 2416 133 44 étude
1576 2434 73 28 sur
1674 2417 41 44 la
1739 2419 135 58 harpe
1908 2419 248 59 irlandaise,
2183 2438 88 42 que
2307 2422 41 45 le
2388 2424 28 22 u
2438 2422 173 59 Report

239 2476 168 45 illustre
435 2476 134 44 d'une
596 2478 87 44 très
707 2480 203 43 curieuse
935 2481 329 59 iconographie.

375 2544 68 45 Ce
482 2544 180 45 volume
701 2545 78 44 fait
817 2545 40 44 le
897 2547 98 58 plus
1033 2549 139 59 grand
1211 2551 209 43 honneur
1455 2566 56 29 au
1545 2551 184 45 Comité
1768 2551 346 61 d'organisation
2153 2556 60 44 du
2251 2556 207 60 Congrès
2493 2570 44 31 et
2573 2574 88 27 aux

238 2610 193 45 éditeurs
456 2612 74 58 qui
556 2611 116 44 l'ont
697 2612 164 59 publié.

1802 2698 185 46 LIONEL
2022 2716 62 29 DE
2121 2717 60 30 LA
2220 2702 302 48 LAURENCIE.

375 2848 290 45 LANDRY
708 2848 238 62 (Eugene).
1097 2852 67 44 La
1212 2851 174 46 Théorie
1425 2855 54 43 du
1524 2854 184 61 Ryth?ne
1749 2867 39 33 et
1830 2858 35 42 le
1913 2857 186 61 Rythme
2140 2862 55 42 du
2234 2861 210 65 Français
2485 2865 183 44 déclamé

238 2917 81 58 (H.
348 2916 273 59 Champion,
655 2930 139 46 1911,
823 2917 121 45 in-8°
970 2919 53 44 de
1049 2919 94 57 428
1171 2921 161 59 pages).

375 3019 88 46 Cet
499 3036 195 43 ouvrage
730 3018 114 46 n'est
882 3038 99 28 sans
1017 3023 134 44 doute
1185 3040 74 42 pas
1296 3024 203 61 étranger
1534 3042 56 28 au
1628 3027 102 43 titre
1756 3027 52 44 de
1835 3028 188 44 docteur
2059 3029 221 47 ès-lettres
2316 3046 298 47 appartenant
2639 3035 24 44 à

240 3086 207 58 l'auteur,
492 3087 196 59 quoique
731 3086 163 46 devant
936 3107 90 26 une
1073 3092 166 57 grande
1282 3093 138 56 partie
1464 3093 52 42 de
1563 3108 79 29 son
1692 3093 162 46 intérêt
1900 3095 25 44 à
1972 3095 201 61 l'emploi
2217 3103 348 44 consciencieux
2609 3104 54 43 de

240 3154 234 45 méthodes
511 3153 299 60 scientifiques
852 3156 467 59 d'expérimentation.
1365 3159 73 45 M.
1480 3159 55 46 L.
1578 3159 107 45 était
1724 3161 86 45 très
1851 3163 178 57 qualifié
2072 3181 113 42 pour
2221 3169 153 44 traiter
2410 3187 80 27 son
2533 3172 128 59 sujet,

235 3223 207 60 joignant
466 3221 24 44 à
515 3238 88 28 une
638 3221 176 44 culture
852 3222 211 46 littéraire
1101 3236 44 33 et
1177 3224 282 61 scientifique
1493 3227 193 44 étendue
1719 3227 40 45 le
1793 3229 109 59 goût
1929 3232 53 42 de
2013 3231 41 44 la
2079 3235 221 58 musique,
2327 3248 60 46 et,
2416 3238 129 52 çrâce
2571 3238 24 44 à
2619 3255 46 27 sa

240 3290 316 43 connaissance
583 3290 55 43 de
662 3288 215 59 plusieurs
901 3290 198 61 langues,
1125 3292 260 61 n'ignorant
1416 3295 95 43 rien
1539 3295 73 44 des
1647 3295 298 58 publications
1983 3299 54 43 de
2073 3299 242 62 l'étranger
2338 3325 11 35 ;
2388 3305 174 44 n'a-t-il
2589 3321 75 42 pas

240 3356 71 45 été
336 3356 203 45 entraîné
579 3373 75 42 par
691 3355 41 45 là
769 3355 24 45 à
831 3360 190 43 exotiser
1059 3360 159 57 parfois
1254 3377 78 28 son
1365 3361 113 61 style
1504 3373 45 32 et
1572 3364 112 43 aussi
1717 3363 24 44 à
1777 3375 216 49 partager,
2028 3367 178 60 jusqu'à
2230 3387 64 27 un
2322 3374 169 43 certain
2519 3374 143 56 point,
