2771 3919
1296 139 59 65 S.
1420 139 50 65 I.
1536 138 103 65 M.

285 160 95 65 54

277 293 183 43 marque
479 295 89 27 une
590 278 98 43 date
708 278 268 56 importante
997 276 106 42 dans
1122 274 211 45 l'histoire
1353 276 52 44 de
1426 276 41 44 la
1486 276 202 57 musique
1708 270 330 62 symphonique
2059 268 211 55 française
2296 283 56 27 au
2371 265 124 44 XIX
2498 267 16 18 e
2532 263 145 45 siecle.

412 357 146 44 Parmi
599 373 70 28 ces
992 355 52 42 de
1082 365 98 33 tous
1218 355 61 43 les
1315 356 114 58 âges,
1454 373 63 27 un
1552 354 94 45 seul
1682 360 211 50 pourtant
1931 363 106 28 aura
2077 346 198 59 toujours
2317 344 190 60 quelque
2547 344 129 57 peine

278 435 24 44 à
338 453 141 41 passer
516 453 110 43 pour
662 452 60 27 un
1101 445 59 45 et,
1199 434 95 58 plus
1329 452 176 40 encore,
1543 449 110 43 pour
1692 447 58 28 un
1837 430 132 42 vieux
2347 441 49 27 ce
2434 422 243 58 désopilant

280 514 233 60 Chabrier,
556 517 74 58 qui
668 515 153 44 attend
859 514 197 59 toujours
1091 530 43 27 sa
1184 530 92 41 rue,
1315 515 336 57 probablement
1686 526 98 29 sans
1819 525 42 27 se
1909 508 106 42 faire
2063 505 51 43 de
2165 504 100 56 bile,
2314 504 144 43 tandis
2505 518 82 44 que
2636 518 43 28 sa

277 593 174 63 Joyeuse
475 594 188 44 Marche
667 630 10 21 ,
705 591 293 46 ébouriffante
1023 603 45 32 et
1094 591 233 45 débraillée
1353 593 23 44 à
1400 595 188 54 souhait,
1615 600 176 35 soumet
1815 587 24 44 à
1864 603 90 27 une
1980 583 177 45 terrible
2194 583 221 43 tentation
2454 582 41 43 la
2531 583 148 41 bonne

278 682 151 47 tenue,
451 673 236 44 désormais
712 671 328 44 traditionnelle
1065 672 59 43 du
1150 671 148 58 public
1324 673 72 42 des
1422 670 551 52 Concerts-Lamoureux,
1994 674 99 33 tout
2119 661 252 44 émoustille
2396 679 22 25 a
2443 661 233 43 l'audition

280 751 52 43 de
358 767 50 27 ce
485 753 87 42 bon
598 753 168 42 chahut
841 752 73 57 qui
941 761 111 33 reste
1080 767 54 26 en
1160 751 148 43 même
1334 763 143 46 temps
1502 752 52 43 de
1581 750 40 43 la
1648 750 149 42 bonne
1821 746 218 56 musique.

414 829 61 44 Et
511 841 126 32 notre
661 830 188 43 aimable
887 831 138 42 voisin
1063 830 52 43 de
1151 830 258 43 s'exclamer
1444 846 104 27 avec
1584 846 44 27 sa
1657 843 129 28 verve
1825 826 102 42 bien
1965 823 246 57 parisienne
2238 837 9 28 :
2327 819 40 45 Si
2406 819 150 44 c'était
2580 819 24 44 à
2641 819 40 44 la

279 906 119 45 Lune
423 908 148 44 Rousse
574 944 11 20 ,
611 908 219 56 qu'est-ce
854 908 108 56 qu'il
988 910 223 54 prendrait
1238 908 8 45 !

2023 964 283 57 Auguste
2341 962 272 59 Sérieyx.

481 1130 352 73 SOCIÉTÉ
881 1150 151 53 DES
1082 1149 444 54 CONCERTS
1577 1147 119 55 DU
1747 1140 730 60 CONSERVATOIRE

652 1305 61 47 A
749 1320 244 42 propos
1030 1305 87 47 du
1153 1320 282 42 psaume
1472 1305 81 46 de
1589 1302 239 47 Alexis
1865 1300 82 47 de
1984 1296 326 50 Castiîlon

417 1449 66 46 Le
507 1463 90 32 sort
621 1468 56 27 ne
702 1451 67 44 fut
794 1468 72 41 pas
892 1453 197 42 heureux
1115 1453 74 56 qui
1228 1451 134 43 échut
1394 1450 24 43 à
1442 1449 155 44 Alexis
1623 1449 52 42 de
1703 1447 218 45 Castiîlon
1949 1462 8 27 :
1996 1461 45 28 sa
2067 1445 68 43 vie
2161 1444 176 56 durant,
2365 1442 29 44 il
2430 1460 55 26 ne
2512 1456 172 30 connut

283 1530 44 42 ni
354 1529 61 44 les
439 1531 257 56 triomphes,
724 1532 43 41 ni
812 1530 39 43 la
884 1531 87 59 joie
997 1531 73 43 des
1094 1529 420 58 applaudissements
1540 1549 10 34 ;
1588 1528 61 43 les
1674 1525 403 45 émerveillements
2103 1524 59 42 du
2186 1523 151 44 succès
2363 1540 55 26 ne
2447 1522 60 44 lui
2534 1522 151 44 furent

282 1624 75 41 pas
382 1609 229 44 distribués
636 1626 75 41 par
736 1609 40 44 la
802 1611 147 41 bonne
974 1609 66 43 fée
1065 1609 170 58 Justice
1260 1625 57 26 ou
1344 1608 39 43 la
1407 1607 194 59 maligne
1627 1606 66 44 fée
1722 1605 169 44 Hasard
1919 1620 9 28 :
1957 1603 148 44 faut-il
2131 1602 91 43 l'en
2249 1602 197 57 plaindre
2470 1600 13 44 ?

419 1687 116 44 Pour
560 1689 73 57 qui
662 1689 108 43 bâtit
795 1705 61 26 un
884 1698 271 33 monument
1178 1688 24 42 à
1226 1688 40 42 la
1291 1687 205 57 postérité
1524 1703 9 27 :
1561 1702 109 41 pour
1696 1686 75 57 qui
1798 1683 123 59 place
1946 1699 79 27 son
2052 1682 111 44 idéal
2191 1698 91 26 non
2309 1683 106 42 dans
2440 1682 41 42 la
2506 1685 178 40 fortune

282 1766 331 58 momentanée,
641 1768 107 42 mais
773 1767 106 44 dans
916 1766 41 44 la
995 1768 263 56 persistance
1284 1765 134 44 d'une
1457 1764 274 56 renommée,
1759 1764 71 56 qui
1870 1762 164 60 s'étaye
2061 1760 190 44 d'année
2290 1777 53 27 en
2384 1760 158 57 année,
2575 1776 110 42 pour

282 1845 75 57 qui
400 1844 138 44 désire
579 1844 42 44 la
656 1845 136 58 gloire
828 1845 153 57 idéale,
1024 1861 110 41 pour
1170 1846 73 56 qui
1280 1844 121 58 place
1438 1860 44 26 sa
1517 1843 216 43 mémoire
1769 1841 178 43 au-delà
1983 1841 52 42 de
2072 1857 45 26 sa
2153 1856 156 41 propre
2347 1841 239 55 existence,
2627 1839 59 44 les

277 1924 255 59 jugements
556 1924 74 43 des
668 1925 204 43 hommes
908 1935 101 32 sont
1048 1924 100 42 bien
1191 1934 194 46 suspects
1410 1923 72 57 qui
1525 1938 42 27 se
1607 1931 178 47 portent
1821 1936 73 28 sur
1930 1937 62 26 un
2028 1921 148 42 artiste
2203 1920 168 56 vivant,
2406 1935 92 27 non
2524 1935 84 42 que
2646 1918 40 44 la

284 2003 146 41 bonne
456 2003 59 42 foi
543 2003 72 43 des
640 2004 209 57 critiques
872 2020 59 26 ou
957 2003 73 43 des
1054 2002 141 44 foules
1220 2002 141 58 puisse
1386 2002 91 42 être
1502 2017 61 27 un
1590 2001 166 42 instant
1781 2001 108 42 mise
1915 2016 56 26 en
1997 2000 151 57 doute,
2175 1999 109 43 mais
2316 2015 128 42 parce
2470 1998 194 58 qu'inter-

282 2081 216 43 viennent
522 2097 70 27 ces
616 2082 190 43 facteurs
832 2098 9 28 :
878 2081 130 44 luttes
1033 2081 303 55 d'influences,
1363 2079 212 59 querelles
1600 2077 204 58 d'écoles,
1843 2078 213 60 mystères
2080 2104 62 8 —
2166 2079 187 59 joyeux,
2391 2078 201 58 glorieux
2629 2095 58 26 ou

284 2159 277 44 douloureux
586 2186 65 6 —
676 2160 72 43 des
774 2161 256 55 initiations,
1056 2159 313 58 atmosphères,
1397 2170 42 31 et
1465 2168 144 33 toutes
1633 2168 135 33 sortes
1792 2157 52 43 de
1870 2157 337 59 contingences.

417 2237 157 44 Alexis
598 2239 53 42 de
678 2238 216 45 Castiîlon
934 2239 181 42 connaît
1141 2239 115 42 donc
1293 2236 334 56 actuellement,
1667 2252 59 27 ou
1764 2235 146 58 plutôt
1948 2234 187 46 l'œuvre
2162 2236 53 43 de
2250 2235 218 45 Castiîlon
2507 2236 181 43 connaît

283 2333 88 27 une
397 2318 231 43 substance
656 2328 42 31 et
724 2333 87 28 une
837 2317 165 59 qualité
1028 2318 51 41 de
1105 2317 136 58 gloire
1266 2316 285 57 supérieures.

420 2396 88 44 Car
534 2398 127 55 voici,
702 2413 55 26 en
795 2396 118 57 effet,
953 2413 50 26 ce
1042 2396 75 57 qui
1154 2412 41 27 se
1236 2411 117 42 passe
1381 2411 9 28 :
1430 2411 47 26 on
1516 2393 116 58 parle
1670 2410 106 26 avec
1816 2393 199 43 émotion
2053 2394 59 43 du
2150 2395 131 43 brave
2316 2407 43 31 et
2396 2394 292 44 malheureux

284 2474 166 43 officier
475 2495 10 34 ;
527 2492 46 25 on
598 2473 204 45 s'attriste
829 2475 161 43 devant
1016 2486 116 32 cette
1153 2474 202 59 jeunesse
1380 2472 189 45 courbée
1594 2488 99 28 sous
1729 2472 40 43 la
1794 2472 137 58 gloire
1958 2484 43 31 et
2026 2472 41 44 la
2091 2474 221 42 servitude
2340 2474 228 44 militaires
2594 2495 10 33 ;
2642 2493 48 26 on

282 2553 203 43 s'étonne
512 2552 135 44 d'une
672 2554 173 43 culture
872 2554 208 44 musicale
1105 2552 290 45 commencée
1421 2568 74 42 par
1521 2568 60 26 un
1612 2552 156 42 Victor
1794 2550 151 44 Massé
1970 2573 11 33 ;
2009 2570 46 24 on
2081 2552 202 60 souligne
2309 2552 41 45 la
2374 2566 236 32 rencontre
2637 2555 51 43 de

285 2631 135 45 César
447 2632 177 44 Franck
648 2645 43 30 et
717 2634 58 42 du
812 2632 163 44 mobile
1014 2632 158 44 écolier
1209 2631 179 59 pénétré
1415 2632 74 42 des
1525 2631 149 42 Noces
1710 2631 52 41 de
1788 2631 239 59 Jeannette
2055 2648 9 27 :
2105 2632 163 43 devant
2293 2632 40 44 le
2366 2634 151 43 mince
2542 2634 148 44 cahier

284 2711 102 57 posé
422 2727 72 27 sur
533 2711 39 43 le
598 2712 190 43 cercueil
815 2712 51 43 de
893 2729 49 27 ce
981 2711 125 43 héros
1133 2712 52 42 de
1214 2725 57 45 33
1300 2726 77 27 ans
1402 2711 72 57 (en
1501 2710 156 42 dehors
1682 2709 59 42 du
1767 2725 180 41 psaume
1977 2709 60 57 84
2064 2711 188 43 exécuté
2278 2711 24 43 à
2338 2711 40 44 la
2417 2712 174 44 Société
2617 2714 73 42 des

284 2801 217 46 concerts,
528 2790 208 58 quelques
759 2807 175 27 œuvres
959 2792 51 42 de
1047 2791 203 57 musique
1277 2790 50 42 de
1366 2789 225 55 chambre,
1620 2788 115 44 deux
1760 2790 135 42 suites
1920 2788 284 58 d'orchestre,
2233 2808 88 26 une
2359 2804 238 32 ouverture
2637 2794 53 41 de

285 2869 213 57 concert),
540 2886 46 25 on
622 2869 188 44 s'émeut
849 2869 134 43 d'une
1021 2870 110 43 aussi
1174 2869 193 58 ingénue
1407 2867 188 44 sobriété
1620 2888 10 33 ;
1675 2885 56 26 au
1773 2879 179 32 contact
1991 2869 53 42 de
2086 2881 116 31 cette
2248 2871 205 58 musique
2496 2873 194 55 nourrie,

284 2947 184 57 sincère,
494 2949 124 42 sobre
645 2960 42 31 et
714 2949 146 54 haute,
887 2966 47 25 on
960 2947 222 59 proclame
1208 2947 39 43 le
1273 2947 220 57 triomphe
1519 2946 274 59 obligatoire.

421 3025 59 44 Et
506 3038 70 32 cet
600 3044 46 25 on
651 3062 10 22 ,
689 3039 69 31 cet
783 3045 46 25 on
854 3026 201 59 souligné
1080 3039 44 31 et
1149 3026 147 59 répété
1324 3036 64 33 est
1424 3041 60 26 un
1512 3026 207 56 composé
1746 3026 52 42 de
1838 3036 146 33 toutes
2022 3026 60 44 les
2120 3028 257 57 tendances,
2405 3029 52 43 de
2496 3043 100 29 tous
2632 3031 61 42 les

287 3118 329 47 groupements.

474 3184 233 57 Castiîlon,
735 3186 141 43 disent
901 3186 203 55 certains,
1133 3186 107 42 mais
1265 3184 105 43 c'est
1396 3197 125 30 notre
1548 3186 181 41 homme
1757 3200 9 27 :
1808 3183 26 43 il
1872 3196 78 45 est,
1978 3200 178 28 comme
2183 3202 128 41 nous,
2343 3186 171 59 l'élève,
2542 3187 131 44 l'héri-

289 3266 96 54 tier,
413 3263 38 44 le
478 3264 270 43 descendant
773 3264 59 43 du
858 3264 101 57 père
985 3263 177 44 Franck
1188 3285 10 33 ;
1235 3264 27 43 il
1290 3263 104 43 était
1418 3280 78 26 son
1524 3263 118 43 élève
1668 3263 39 43 le
1734 3262 96 58 plus
1856 3263 141 60 choyé
2023 3285 10 33 ;
2060 3264 30 43 il
2115 3264 217 57 possédait
2359 3266 59 43 les
2442 3278 161 33 secrets
2625 3288 10 34 ;
2665 3267 25 43 il

290 3342 105 45 était
421 3342 125 44 initié
572 3363 10 35 ;
609 3360 45 27 sa
678 3343 135 57 gloire
839 3355 62 31 est
927 3354 127 32 notre
1080 3343 136 57 gloire
1242 3365 11 33 ;
1282 3342 80 44 elle
1388 3342 173 58 rejaillit
1585 3358 72 28 sur
1684 3358 111 28 nous
1818 3363 12 33 ;
1859 3354 126 32 notre
2010 3343 119 44 force
2154 3344 203 45 s'accroît
2384 3346 53 43 de
2466 3362 44 27 sa
2536 3347 118 44 force
