3046 4572
1280 437 138 51 CarC
1432 434 281 53 Sternßeim
1738 459 11 10 •
1766 432 269 62 Napofeon

537 443 94 50 830

615 631 123 61 Der
777 630 125 61 Ruf
936 629 99 61 des
1076 629 236 59 Hauses
1354 626 147 61 hatte
1543 624 106 61 sich
1691 622 315 61 verbreitet.
2065 621 182 61 Einer
2288 621 227 64 rühmte
2555 647 63 39 es
2662 624 132 63 dem

537 725 214 63 andern
793 724 118 62 und
950 724 219 61 brachte
1209 722 93 62 ihn
1343 746 75 36 zu
1451 729 180 52 einem
1658 718 260 61 Versuch
1943 725 116 54 mit.
2112 716 314 64 Schließlich
2460 720 201 62 reichte
2693 720 102 62 der

535 821 187 61 Raum
748 819 155 70 nicht,
931 818 89 61 die
1047 817 186 62 Gäste
1265 840 75 38 zu
1374 814 205 61 fassen.
1625 812 189 59 Einen
1849 810 102 63 frei
1955 812 349 62 werdenden
2337 814 169 62 Stuhl
2539 815 256 63 besetzte

535 913 184 61 sofort
758 921 89 52 ein
888 911 237 62 anderer
1165 911 336 75 Hungriger,
1567 904 204 63 Große
1813 901 459 83 Tagesumsätze
2314 909 244 63 wurden
2601 911 194 62 erzielt

535 1006 117 61 und
685 1016 193 51 immer
908 1003 433 63 bedeutendere.
1387 1000 258 78 Verglich
1679 1000 137 62 aber
1849 1025 136 37 zum
2017 1001 464 79 Jahresabschluß
2516 1003 102 63 der
2635 1005 159 62 Wirt

531 1099 324 62 Einnahme
880 1099 118 61 und
1014 1096 301 79 Ausgabe,
1340 1095 128 61 kam
1494 1095 171 61 kaum
1693 1104 90 52 ein
1811 1095 320 65 Guthaben
2166 1123 76 37 zu
2275 1108 216 53 seinem
2520 1099 273 63 Gunsten

531 1194 224 63 heraus.
821 1194 287 76 Anfangs,
1157 1191 179 61 bevor
1385 1214 59 37 er
1494 1189 103 62 das
1649 1189 133 62 Ziel
1840 1200 188 55 seines
2079 1194 216 77 großen
2345 1195 148 62 Rufs
2547 1196 245 73 erreicht,

530 1288 108 62 ließ
681 1312 61 38 er
783 1312 59 38 es
884 1288 208 77 gehen,-
1132 1287 82 61 als
1258 1284 135 62 aber
1435 1284 186 64 dieser
1655 1285 142 63 über
1839 1310 149 55 ganz
2021 1288 159 63 Paris
2224 1289 300 73 feststand,
2566 1290 227 79 begann

529 1383 91 61 die
661 1382 256 62 schlechte
957 1381 381 76 Abrechnung
1378 1378 95 61 ihn
1515 1404 77 36 zu
1633 1404 280 40 wurmen.
1959 1382 88 62 Er
2088 1407 125 38 war
2253 1409 120 36 nun
2407 1384 216 80 dreißig
2662 1386 132 78 Jahr

527 1476 94 71 alt,
672 1476 147 61 hatte
866 1475 173 78 große
1078 1475 191 69 Pläne,
1311 1473 119 61 und
1480 1475 184 62 schien
1706 1476 294 63 Reichtum
2042 1480 138 59 auch
2223 1480 142 61 nicht
2415 1489 158 54 seine
2622 1481 171 62 letzte

525 1571 251 71 Absicht,
818 1570 191 61 mußte
1051 1593 59 38 er
1151 1569 136 62 doch
1330 1579 100 52 mit
1462 1570 132 62 dem
1636 1570 237 81 übrigen
1915 1574 282 62 kommen.
2256 1575 319 63 Nochmals
2618 1579 175 59 nahm

525 1688 59 38 er
625 1664 89 61 die
739 1664 210 61 Bücher
988 1664 281 77 gründlich
1311 1688 108 38 vor
1461 1664 120 62 und
1607 1665 185 64 stellte
1828 1668 129 72 fest,
1993 1668 101 62 der
2126 1669 327 79 geforderte
2486 1670 155 62 Preis
2667 1696 126 36 war

523 1767 54 52 in
601 1758 347 62 Anbetracht
988 1758 99 62 der
1128 1758 500 80 hervorragenden
1655 1762 446 64 Beschaffenheit
2143 1764 119 62 und
2288 1765 223 79 Menge
2545 1765 102 63 der
2686 1790 69 54 ge-

521 1854 232 61 reihten
781 1853 235 80 Speisen
1043 1878 75 37 zu
1152 1854 229 80 niedrig.
1426 1856 101 62 Da
1561 1857 116 62 ihm
1703 1857 139 63 aber
1867 1858 385 74 einleuchtete,
2280 1861 100 62 der
2406 1861 387 63 Konkurrenz

521 1971 199 55 wegen
760 1947 186 64 könne
988 1972 60 39 er
1089 1958 163 54 einen
1285 1951 449 80 Preisaufschlag
1767 1955 141 61 nicht
1950 1964 273 53 eintreten
2265 1956 212 72 lassen,
2519 1956 171 62 stand
2732 1980 61 38 er

521 2066 107 39 vor
667 2042 98 63 der
804 2042 441 82 Entscheidung,
1296 2045 137 62 alles
1476 2046 151 62 beim
1678 2047 152 64 alten
1880 2074 76 37 zu
2004 2050 191 62 lassen
2246 2050 143 63 oder
2440 2051 93 62 die
2576 2051 177 73 Quali-

522 2146 81 53 tät
635 2136 101 63 des
771 2138 344 63 Gebotenen
1148 2164 75 37 zu
1256 2141 454 64 verschlechtern.
1763 2139 159 67 Treu
1956 2154 197 53 seinen
2187 2145 320 81 bisherigen
2543 2146 250 63 Grunde

522 2242 193 52 sätzen
758 2235 279 63 entschloß
1080 2259 61 39 er
1180 2237 108 62 sich
1330 2261 76 38 zu
1440 2254 295 56 ersterem,
1777 2240 169 61 stand
1979 2240 138 64 aber
2158 2242 112 62 den
2304 2242 311 62 Essenden
2656 2253 137 67 jetzt

521 2328 138 61 nicht
699 2328 156 62 mehr
894 2338 98 54 mit
1024 2331 140 62 alter
1197 2331 510 81 Unbefangenheit
1731 2336 342 78 gegenüber.
2126 2337 102 61 Bei
2268 2337 187 77 jedem
2481 2337 170 72 Filet,
2685 2337 104 62 das

521 2422 98 62 der
658 2423 231 64 Kellner
930 2435 99 52 mit
1068 2427 264 62 schönem
1359 2428 287 80 Schwung
1688 2455 133 37 zum
1867 2431 155 63 Gast
2063 2432 398 74 niedersetzte,
2503 2432 185 64 stellte
2729 2456 63 38 er

518 2517 108 63 den
653 2517 291 80 Vergleich
986 2522 277 61 zwischen
1296 2522 190 64 Ware
1529 2524 121 62 und
1692 2525 284 63 erzieltem
2008 2526 154 62 Preis
2206 2552 74 36 an
2322 2527 122 63 und
2484 2527 131 63 kam
2656 2527 134 63 bald

518 2611 168 74 dazu,
737 2614 109 62 daß
896 2614 94 63 ihn
1031 2625 126 54 eine
1199 2618 197 73 Platte,
1445 2629 54 67 je
1541 2619 199 65 besser
1781 2630 84 54 sie
1904 2621 282 79 gelungen
2229 2621 121 63 und
2389 2633 53 68 je
2483 2623 307 62 reichlicher

518 2717 82 53 sie
640 2719 234 54 serviert
913 2712 202 62 wurde
1157 2715 334 63 umsomehr
1533 2724 56 54 in
1633 2715 287 80 qualvolle
1961 2717 307 80 Erregung
2309 2736 304 47 versetzte.
2672 2718 118 62 Be*

517 2803 236 64 sonders
795 2804 210 65 konnte
1047 2831 61 39 er
1148 2809 112 63 den
1302 2811 147 62 Blick
1491 2836 121 38 von
1655 2822 185 52 einem
1877 2812 155 63 Gast
2064 2814 142 61 nicht
2238 2813 267 74 wenden,
2548 2814 101 63 der
2690 2823 100 54 mit

518 2897 127 62 dem
697 2898 345 66 Gebotenen
1101 2905 243 80 anfangs
1405 2907 142 62 nicht
1604 2907 319 73 zufrieden,
1984 2907 93 62 die
2133 2908 336 80 Bedienung
2526 2910 121 62 und
2695 2910 94 62 die

516 2992 463 83 Küchenbrigade
1005 2997 166 63 durch
1207 3000 354 63 anfeuernde
1595 3001 202 62 Reden
1830 3027 106 36 zur
1969 3002 265 64 höchsten
2260 3005 274 79 Leistung
2568 3004 92 63 für
2693 3005 95 61 ihn

516 3108 344 61 angespornt
885 3090 149 65 hatte
1061 3094 118 62 und
1205 3119 120 38 nun
1352 3096 199 63 wahre
1567 3096 500 64 Fleischtrümmer
2092 3117 328 61 vorgesetzt
2444 3099 226 74 bekam,
2696 3100 92 62 die

516 3206 60 38 er
615 3194 99 52 mit
746 3187 256 80 Mengen
1045 3190 138 63 alles
1227 3190 412 65 Erreichbaren
1682 3204 238 51 würzte.
1979 3194 175 61 Dazu
2178 3195 159 61 warf
2369 3218 61 40 er
2461 3195 326 79 Napoleon

515 3281 472 80 triumphierende
1030 3286 120 61 und
1191 3287 440 63 anerkennende
1673 3288 181 62 Blicke
1896 3314 97 47 zu,
2035 3288 92 64 die
2169 3289 197 64 diesen
2408 3291 243 78 anfangs
2694 3314 95 39 er*

516 3373 331 76 erbitterten,
898 3380 297 62 schließlich
1246 3406 76 37 zu
1372 3382 174 62 heller
1595 3383 348 80 Empörung
2000 3385 277 62 brachten.
2347 3386 126 61 Der
2520 3385 267 62 Vielfraß

515 3493 120 38 war
676 3481 88 52 ein
797 3474 519 73 Kanzleibeamter,
1346 3502 120 38 von
1500 3479 131 62 dem
1658 3489 91 53 nie
1782 3489 90 53 ein
1915 3480 352 62 besonderes
2301 3480 318 62 Verdienst
2651 3504 137 38 ver*

515 3563 175 63 lautet
729 3565 167 75 hatte,
939 3569 119 62 und
1100 3570 100 62 der
1233 3571 155 63 Herr
1429 3573 102 62 des
1569 3574 371 63 Gasthauses
1985 3575 182 78 fragte
2207 3575 108 61 sich
2343 3584 304 69 ergrimmt,
2688 3584 100 53 mit

515 3659 260 64 welchem
823 3663 188 73 Recht,
1063 3665 93 63 für
1204 3668 239 61 welches
1501 3669 365 64 bedeutende
1908 3670 325 63 Vorhaben
2285 3669 100 62 der
2426 3670 362 63 Betreffende

515 3757 278 73 eigentlich
827 3758 183 65 solche
1042 3761 495 81 Anforderungen
1572 3764 92 63 für
1696 3775 198 53 seinen
1926 3767 224 77 Magen
2183 3766 201 62 stellte.
2427 3766 153 62 Man
2611 3776 177 53 wisse

513 3847 295 65 schließlich
850 3877 75 39 zu
965 3856 268 62 welchem
1275 3856 195 72 Ende,
1513 3860 258 78 schlänge
1813 3870 90 53 ein
1937 3856 226 76 Thiers,
2214 3870 90 52 ein
2345 3861 213 62 Balzac
2600 3861 187 62 solche

513 3945 258 80 Mengen
813 3957 55 53 in
910 3960 157 53 seine
1108 3952 237 64 Därme.
1416 3954 210 63 Dieser
1668 3956 626 78 Durchschnittsbürger
2343 3956 139 64 aber
2522 3957 265 63 schweife
