3240 4572
1228 460 54 48 S.
1317 455 353 52 Triedfaender
1689 478 7 11 ■
2213 453 116 49 Der
1863 448 282 62 Wagßafter
2170 448 95 47 der
2295 445 122 50 Weft

696 462 93 48 882

697 653 94 61 lieh
843 676 107 36 nur
999 650 90 61 die
1130 648 248 62 zentrale
1420 646 259 60 Maxime
1729 640 101 61 des
1874 636 899 64 Zusammenbestehenkönnens
2825 636 139 63 aller

698 746 372 63 Sonderfälle.
1116 746 80 59 Im
1239 743 191 61 selben
1473 739 288 67 Moment,
1806 744 53 51 in
1902 734 128 61 dem
2076 733 103 60 das
2223 742 200 68 eigene
2465 733 200 61 Innere
2707 734 107 60 sich
2858 757 105 37 zur

697 841 349 61 unteilbaren
1088 838 260 61 Identität
1389 832 333 67 entschließt,
1780 828 125 62 sind
1948 828 136 61 auch
2130 827 107 61 alle
2281 827 297 61 Weltteile
2620 852 104 36 zur
2766 837 198 51 immer

696 935 387 80 spielenderen
1116 933 460 70 Harmonierung
1619 925 372 77 freigegeben.
2038 923 125 60 Der
2196 922 345 79 allmächtige
2575 922 248 62 Frieden
2860 922 103 62 des

696 1030 263 60 Herzens
999 1026 226 79 gerade,
1268 1034 183 51 seiner
1493 1017 559 64 harmonisierenden
2088 1017 174 61 Kraft
2302 1017 207 79 gewiß,
2551 1016 150 62 kann
2747 1034 115 44 erst
2904 1026 55 54 in

696 1124 103 61 das
842 1123 409 77 kriegerischste
1282 1119 218 61 Außen
1536 1115 353 76 einwilligen.
1936 1114 116 61 Die
2086 1121 198 69 eigene
2320 1113 483 62 Selbstsicherheit
2846 1113 118 61 und

696 1217 326 62 Gewißheit
1061 1217 146 58 kann
1251 1212 278 62 sämtliche
1572 1210 212 61 äußere
1821 1208 405 62 Gewißheiten
2269 1208 281 61 radikaler
2592 1208 373 80 problemati**

693 1322 182 52 sieren
918 1311 117 61 und
1075 1308 242 78 zugleich
1360 1314 354 70 garantieren
1757 1303 84 62 als
1886 1303 91 62 die
2020 1302 300 62 schwanke
2347 1298 299 76 Teilseele,
2691 1303 91 61 die
2815 1303 151 61 halt**

692 1407 85 61 los
835 1405 266 78 skeptisch
1161 1401 247 70 verfällt,
1467 1424 171 37 wenn
1694 1408 82 53 sie
1826 1400 108 61 sich
1986 1424 74 35 an
2110 1398 127 61 kein
2288 1408 214 70 positiv
2559 1398 405 78 auswendiges

689 1501 231 75 Dogma
961 1497 306 61 klammern
1310 1495 141 61 darf.
1497 1495 151 60 Man
1691 1494 107 61 soll
1841 1495 142 60 nicht
2027 1494 100 61 der
2161 1492 334 79 Dogmatik,
2531 1492 253 63 sondern
2819 1492 147 61 ihrer

688 1593 479 76 Auswendigkeit
1209 1600 89 52 ein
1340 1589 172 62 Ende
1554 1590 250 70 machen,
1849 1589 189 61 indem
2081 1614 135 36 man
2259 1591 91 59 die
2394 1599 194 51 innere
2631 1612 169 38 erzen
2845 1588 119 60 und

688 1706 207 43 stumm
938 1687 263 77 befestigt
1243 1685 118 61 und
1394 1709 117 37 von
1548 1684 185 61 dieser
1769 1684 376 78 Befestigung
2187 1708 106 37 aus
2330 1684 370 64 elastizisiert.
2748 1683 83 62 So
2865 1699 103 61 gut

687 1792 110 51 wie
839 1782 258 61 unerlebt
1139 1792 70 51 ist
1251 1782 137 61 noch
1432 1781 92 61 die
1567 1779 326 61 universale
1939 1778 244 62 Gewalt
2234 1779 101 61 des
2378 1779 295 71 Herzens,
2724 1778 91 61 die
2857 1779 108 60 sich

688 1887 53 51 in
774 1877 155 76 jedes
964 1877 279 61 Einzelne
1285 1877 137 61 flößt
1465 1876 118 61 und
1619 1900 61 37 es
1718 1875 248 61 dadurch
2003 1892 115 44 erst
2151 1900 75 36 zu
2262 1885 184 51 einem
2472 1873 261 63 Weltteil
2768 1875 196 59 macht.

687 1972 339 63 Unerkannt
1067 1981 71 54 ist
1177 1974 137 59 noch
1359 1972 102 61 das
1506 1972 151 61 echte
1696 1971 453 70 »Von=selbst«,
2192 1995 73 37 an
2309 1970 208 62 dessen
2552 1970 148 62 Statt
2731 1971 108 60 sich
2874 1994 61 35 re-

687 2068 169 61 lative
900 2066 481 77 Scheinsubjekte,
1434 2065 270 62 einander
1754 2065 342 61 verzerrend
2147 2064 121 62 und
2310 2064 467 79 zerquetschend,
2829 2088 136 38 ver**

687 2162 204 78 geblich
919 2162 370 62 anzusiedeln
1315 2162 324 78 verlangen.
1671 2163 114 60 Die
1813 2162 188 61 nahen
2030 2162 238 61 Sonnen
2297 2162 99 59 der
2424 2160 544 63 unterscheidenden

689 2257 351 62 Sinnlichkeit
1098 2257 417 71 überblenden,
1572 2258 232 70 trüben,
1863 2268 56 65 ja
1978 2258 337 60 verfinstern
2373 2266 99 52 mit
2531 2256 159 62 ihren
2748 2256 217 61 bunten

689 2352 262 62 Strahlen
1011 2352 103 62 das
1172 2362 155 52 reine
1384 2353 151 61 Licht
1595 2353 99 60 der
1754 2352 306 62 absoluten
2110 2352 354 61 Weltsonne
2524 2351 102 61 des
2688 2351 284 62 Gesamt**

691 2456 213 62 sinnes,
956 2447 102 63 des
1101 2449 189 59 echten
1333 2449 266 69 Inneren,
1652 2447 102 63 des
1933 2447 151 61 Man
2128 2464 176 44 nennt
2345 2447 92 61 die
2479 2456 240 52 meisten
2762 2446 207 62 Seelen

696 2551 312 66 »gemein«,
1051 2541 164 61 allein
1258 2551 83 51 sie
1383 2541 127 63 sind
1552 2565 61 37 es
1657 2543 137 61 noch
1830 2565 101 55 gar
1966 2541 170 73 nicht,-
2178 2541 118 61 ihre
2335 2540 371 62 Gemeinheit
2747 2540 225 62 besteht

691 2645 53 66 ja
785 2637 208 76 gerade
1035 2635 178 71 darin,
1257 2637 108 62 daß
1408 2647 81 52 sie
1531 2638 165 60 nicht
1738 2647 220 68 gemein
2003 2637 144 71 sind,
2192 2637 110 61 daß
2347 2661 62 38 es
2453 2637 207 62 Seelen
2704 2635 118 79 gibt
2864 2661 108 35 an**

692 2747 129 44 statt
862 2731 99 60 der
1003 2731 185 71 Seele,
1232 2731 100 62 des
1375 2756 80 46 00,
1498 2733 125 61 also
1667 2742 74 52 im
1776 2733 244 78 Mangel
2065 2757 72 36 an
2175 2734 182 60 echter
2394 2732 386 61 Gemeinheit,
2827 2731 145 60 Und

694 2823 89 61 die
826 2825 445 77 Ungemeinheit
1321 2827 182 62 dieses
1555 2828 117 61 echt
1717 2827 453 62 Gemeinsamen
2222 2827 226 62 besteht
2499 2836 55 52 in
2604 2836 188 52 seiner
2834 2827 138 60 Illo*=*

692 2918 218 72 kalität,
961 2930 183 52 seiner
1194 2921 342 64 ätherischen
1592 2924 473 71 Beschaffenheit,
2118 2934 187 52 seiner
2350 2924 427 77 Veräußerung
2836 2924 137 59 aller

693 3014 313 71 Differenz,
1040 3025 184 52 seiner
1258 3016 330 80 lebendigen
1623 3019 354 72 Indifferenz,
2014 3029 185 52 seiner
2234 3019 296 61 neutralen
2568 3019 221 61 Größe,
2828 3018 145 61 Und

694 3108 83 61 als
829 3109 183 61 solche
1054 3110 164 61 sollte
1261 3112 100 60 das
1403 3113 173 61 Innen
1628 3114 453 79 unvergleichlich
2124 3132 323 44 vertrauter
2498 3113 119 61 und
2658 3113 315 61 bekannter

693 3213 122 52 sein
860 3203 81 62 als
987 3204 102 61 das
1133 3206 235 62 Außen,
1418 3208 149 61 Man
1619 3211 165 59 sollte
1826 3236 94 36 am
1963 3211 393 61 indifferenten
2400 3209 203 61 Innern
2657 3208 104 62 das
2805 3208 137 61 diffe-

691 3308 279 52 renzierte
997 3298 241 64 Äußere
1266 3303 220 78 prüfen,
1514 3306 138 60 nicht
1679 3306 348 79 umgekehrt.
2066 3306 138 61 Alle
2232 3306 265 62 Schlüsse
2523 3329 140 37 vom
2690 3303 282 61 Äußeren

692 3395 131 61 aufs
867 3395 201 61 Innere
1111 3395 127 62 sind
1280 3396 212 65 Schein.
1536 3399 126 62 Das
1707 3401 176 62 totale
1924 3402 378 61 Welt-Innen
2347 3411 71 51 ist
2461 3399 218 62 überall
2723 3397 101 61 der

692 3491 189 61 solute
923 3490 309 72 Maßstab,
1282 3517 201 36 woran
1536 3498 135 57 auch
1723 3496 89 61 die
1863 3499 138 58 noch
2053 3522 69 37 so
2165 3498 248 61 sicheren
2456 3495 275 61 relativen
2776 3504 199 51 immer

692 3585 283 79 berichtigt
1016 3587 235 60 werden
1294 3598 250 52 müssen.
1588 3589 88 62 Es
1710 3590 116 78 gibt
1868 3595 123 59 also
2034 3592 127 62 kein
2204 3593 380 61 differenziert
2625 3588 348 70 Absolutes,

692 3682 137 62 aber
871 3682 103 62 das
1018 3682 438 62 indifferenziert
1489 3683 398 80 Inwendigste,
1931 3688 105 62 das
2071 3691 107 59 sich
2222 3712 205 55 wegen
2470 3696 188 53 seiner
2692 3702 282 45 ununter**

692 3778 288 61 scheidbar
1021 3787 354 70 verinnigten
1418 3778 444 65 Beschaffenheit
1911 3806 67 37 so
2032 3783 282 79 unsäglich
2367 3785 215 61 schwer
2624 3781 177 62 selbst
2843 3791 132 50 inne

691 3872 163 73 wird,
899 3874 154 60 führt
1087 3874 283 78 eigentlich
1408 3874 92 60 die
1534 3874 298 62 unfehlbar
1865 3887 221 68 präzise
2121 3879 325 77 Regierung
2481 3876 139 62 alles
2654 3876 318 61 Relativen,

691 3969 129 61 Das
871 3969 188 71 Herz,
1117 3968 237 80 gehörig
1404 3978 310 68 integriert,
1774 3970 234 78 gehörig
2057 3997 117 37 von
2226 3974 146 61 allen
2424 3974 371 60 Differenzen
2847 3987 94 44 ent-
