3198 4572
2557 404 95 51 923

1371 415 223 52 GCossen

1149 1001 676 78 GLOSSEN

749 1166 278 63 Lektüre.

872 1293 39 49 1.

509 1392 142 48 DER
687 1388 207 51 »PAN«
932 1388 81 50 IM
1040 1387 230 51 KRIEG.

381 1489 101 48 Der
511 1486 177 56 »Pan«,
712 1490 121 44 einst
854 1489 103 44 eine
993 1480 470 58 Halbmonatschrift,

317 1586 98 32 von
426 1565 234 51 Wilhelm
679 1566 197 60 Herzog
894 1561 406 61 herausgegeben,
1317 1561 146 56 führt,

318 1645 197 51 seitdem
557 1650 69 43 sie
668 1642 175 50 Alfred
876 1641 126 50 Kerr
1042 1640 183 62 gehört,
1268 1645 74 43 ein
1376 1656 58 43 ge-

320 1724 308 64 spenstisches
664 1725 195 48 Dasein-
899 1724 129 48 »Der
1063 1722 148 55 Pan«,
1252 1720 128 49 heißt
1413 1738 51 31 es

316 1813 47 43 in
397 1805 83 49 der
510 1804 191 57 letzten,
734 1809 63 43 im
829 1801 143 62 April
1000 1802 121 49 1915
1157 1799 280 62 aufgetauch-

316 1896 77 38 ten
417 1884 254 57 Nummer,
707 1881 256 50 »erscheint
989 1880 75 49 bei
1088 1879 259 50 Lebzeiten
1381 1877 83 51 des

316 1962 364 63 Herausgebers
740 1967 178 44 immer.
977 1961 51 48 In
1096 1957 370 63 selbgewählten

317 2042 465 51 Zwischenräumen,
836 2041 92 48 Die
970 2039 96 49 drei
1108 2037 117 50 noch
1276 2036 190 62 fälligen

318 2122 272 51 Nummern
641 2120 84 51 des
781 2125 204 57 jetzigen
1035 2120 214 58 Bezuges
1305 2116 161 62 folgen

320 2202 172 50 binnen
527 2204 241 47 kurzem.«

383 2282 94 50 Die
519 2281 257 56 Nummer,
819 2280 72 48 die
933 2279 128 50 diese
1102 2276 367 62 Ankündigung

320 2362 210 58 enthielt,
566 2360 110 49 kam
712 2378 78 30 am
824 2370 153 38 ersten
1004 2357 160 63 April,
1200 2361 84 45 mit
1317 2362 152 44 einem

321 2441 216 60 Umfang
558 2458 101 31 von
683 2437 178 61 dreißig
883 2436 324 57 Drudeseiten,
1233 2435 70 49 als
1327 2435 107 60 Dop-

322 2520 309 62 pelnummcr.
684 2515 259 52 Trotzdem
994 2516 178 50 zweifle
1221 2515 65 49 ich
1336 2514 133 58 nicht,

325 2599 91 50 daß
469 2597 178 51 Alfred
690 2597 125 51 Kerr
856 2601 100 45 sein
990 2595 324 62 Versprechen
1357 2594 111 49 hält.

323 2679 72 49 Es
429 2677 118 50 wird
580 2677 179 50 wieder
793 2676 172 51 einmal
1000 2680 103 44 eine
1139 2674 299 62 Doppclnum-

323 2776 99 31 mer
457 2757 282 51 erscheinen.
784 2756 78 51 Sie
894 2754 119 50 wird
1046 2754 175 50 wieder
1254 2755 217 60 Beiträge

323 2856 99 31 von
457 2839 125 49 Kerr
605 2836 257 57 enthalten,
885 2835 73 51 die
980 2840 88 44 wir
1090 2835 158 61 längst
1271 2834 199 57 kennen,

326 2917 98 49 und
473 2917 149 50 außer
671 2917 163 49 diesen
883 2915 74 48 die
1007 2915 297 60 Registratur
1356 2912 114 50 aller

327 2996 414 61 Ärgerlichkeiten,
784 2995 75 49 die
901 3014 50 30 er
997 2999 45 43 in
1079 2994 80 49 der
1193 2991 247 51 Zwischen-

328 3081 91 43 zeit
452 3095 63 31 zu
548 3075 230 52 erdulden
812 3075 141 57 hatte,
995 3074 75 49 die
1104 3090 183 45 genaue
1322 3071 124 50 Stati-

328 3156 91 48 stik
453 3156 114 50 aller
602 3156 154 50 Hiebe
791 3155 98 49 und
922 3154 166 57 Stiche,
1129 3151 73 51 die
1244 3170 50 31 er
1334 3150 137 49 dafür

330 3236 316 57 auszuteilen,
680 3235 74 49 die
777 3232 324 52 behördlichen
1124 3230 347 61 Mitteilungen,

330 3314 73 49 die
436 3333 51 31 er
520 3334 62 30 an
617 3320 127 44 seine
779 3312 247 51 Getreuen
1059 3330 61 29 zu
1154 3310 169 49 richten
1360 3319 83 51 gut-

328 3392 155 51 fmdet.
522 3395 69 48 Ich
626 3394 111 49 muß
774 3392 140 63 gleich
941 3391 306 60 hinzufügen,
1280 3387 91 51 daß
1407 3387 63 49 ich

332 3474 113 48 mich
480 3493 86 30 zur
599 3474 229 61 besagten
863 3470 323 61 Gefolgschaft
1217 3467 148 50 zähle.
1400 3467 71 49 Es

332 3552 98 59 gibt
472 3555 161 56 nichts,
682 3571 102 31 was
828 3551 113 50 mich
981 3568 99 30 von
1124 3555 175 42 meiner
1339 3547 101 50 Ver-

332 3631 182 62 ehrung
563 3635 79 48 für
693 3634 123 48 Kerr
858 3631 257 59 abbringen
1159 3627 189 50 könnte.
1402 3625 71 49 Ich

334 3710 175 60 gehöre
544 3731 60 31 zu
640 3718 127 44 einer
802 3711 311 54 Generation,
1157 3707 76 49 für
1267 3705 74 49 die
1372 3723 103 30 war

335 3806 49 31 er
434 3790 88 51 das
566 3791 143 59 Licht,
760 3790 84 51 das
887 3795 47 43 in
976 3789 83 48 der
1099 3787 259 49 Finsternis
1394 3784 81 49 der

335 3869 522 52 nachnaturalistischen
908 3869 111 49 Zeit
1074 3865 236 51 leuchtete.
1364 3864 114 49 Wir

334 3947 105 51 sind
489 3955 63 44 im
602 3951 222 60 heutigen
876 3945 443 63 Dichtergeschlecht
1370 3949 103 44 eine

1510 1179 147 44 ganze
1690 1160 146 51 Reihe
1870 1157 179 52 solcher
2086 1156 263 51 Getreuen,
2385 1152 69 50 Ich
2481 1150 175 63 glaube

1510 1240 134 51 auch:
1668 1240 77 48 für
1766 1258 90 30 uns
1880 1237 107 50 sind
2013 1236 73 50 die
2110 1235 352 58 aufrichtigsten
2486 1230 172 49 Zeilen

1511 1320 307 61 geschrieben,
1854 1317 73 50 die
1962 1316 85 50 das
2081 1316 142 48 letzte
2249 1314 115 49 Heft
2387 1311 83 50 des
2498 1311 158 48 »Pan«

1512 1397 179 51 enthält
1723 1436 10 11 .
1760 1436 10 11 ,
1798 1436 10 11 .
1844 1396 99 50 Soll
1985 1395 66 49 ich
2093 1399 68 44 sie
2206 1390 283 53 aufzählen?
2533 1389 125 49 Man

1511 1477 128 50 kann
1690 1483 67 44 sie
1798 1475 260 58 nachlesen,
2108 1479 70 44 sie
2220 1472 236 60 beginnen
2500 1486 158 44 genau

1513 1557 87 49 auf
1629 1556 80 51 der
1742 1556 77 48 41,
1855 1555 124 49 Seite
2013 1559 85 44 mit
2131 1552 106 50 dem
2275 1547 383 52 »Menschheits»

1513 1635 157 51 kind«.

1578 1715 164 63 Jedoch
1776 1714 101 62 gibt
1920 1731 49 32 es
2014 1712 70 49 bis
2129 1710 143 51 dabin
2314 1706 344 52 ausschließlich

1515 1796 321 48 Variationen
1870 1811 61 31 zu
1954 1791 90 51 den
2067 1791 78 48 län
2150 1790 78 49 der
2233 1787 209 51 üblichen
2466 1787 192 49 Posau»

1515 1879 324 44 nenmotiven.
1873 1871 118 50 Und
2013 1871 124 48 Kerr
2160 1870 143 48 kennt
2326 1866 115 51 doch
2467 1866 92 50 alle
2583 1865 76 49 die

1515 1955 202 57 Völker,
1757 1954 150 49 denen
1949 1951 123 50 allen
2114 1949 212 50 dasselbe
2371 1945 290 62 vorgeredet

1517 2034 136 57 wird,
1687 2034 146 49 kennt
1945 2030 193 51 obwohl
2180 2048 50 31 er
2270 2026 386 52 unwahrschein»

1517 2114 111 49 liehe
1651 2114 157 59 Dinge
1831 2110 203 51 darüber
2056 2110 165 49 äußert
2326 2105 243 62 England,
2592 2104 66 49 ich

1517 2192 189 61 glaube,
1741 2209 49 32 er
1825 2191 142 48 kennt
2000 2205 142 45 sogar
2176 2187 139 60 Grey
2354 2185 163 56 selbst,
2560 2182 100 50 und

1516 2292 141 31 wenn
1692 2271 134 57 nicht,
1859 2289 56 30 so
1949 2270 123 48 hätte
2105 2269 94 48 ihm
2240 2265 188 63 jemand
2461 2265 199 48 Zuver»

1520 2351 195 61 lässiges
1751 2350 117 49 über
1902 2349 90 49 den
2024 2349 156 48 Mann
2213 2363 145 43 sagen
2392 2344 203 49 können.

1586 2431 178 61 Jedoch,
1806 2430 88 49 auf
1930 2429 123 49 Seite
2086 2429 61 48 38
2192 2432 203 55 ereignet
2435 2424 92 49 sich
2562 2421 98 51 fol»

1522 2511 173 62 gender
1727 2511 259 60 Vorgang:

1524 2591 113 49 Wir
1670 2590 174 56 lachen,
1875 2606 141 31 wenn
2049 2585 82 51 der
2164 2584 150 50 Feind
2345 2601 90 31 uns
2470 2580 157 57 droht.

1587 2671 97 49 Mit
1718 2666 297 65 Hungertod,

1522 2751 108 49 Uns
1665 2749 138 49 nährt
1837 2747 117 58 <und
1986 2745 150 56 bläht)
2171 2741 357 52 Kartoffelbrot.

1586 2830 112 48 Wir
1731 2826 193 57 essen's,
1957 2831 87 43 wir
2077 2822 242 64 gedenken
2353 2820 114 49 auch

1518 2909 74 49 Sir
1615 2907 211 50 Edward
1851 2905 160 62 Greys
2112 2907 82 45 mit
2220 2900 240 51 manchem
2477 2899 184 49 Hauch.

1583 2989 101 48 Der
1715 2987 198 49 Donner
1946 2982 110 51 rollt
2089 2986 90 45 wie
2212 2981 162 50 Sturm
2409 2979 99 49 und
2541 2979 90 49 See

1520 3066 117 50 Und
1671 3064 138 63 grollt
1844 3062 91 50 den
1968 3061 194 50 Namen
2195 3057 216 51 Edward
2446 3057 152 61 Grey,

1521 3145 154 58 <Doch
1709 3142 212 51 mancher
1954 3141 166 50 Hauch
2153 3151 110 49 sagt
2294 3137 228 51 flüsternd
2545 3136 116 50 still:

1586 3224 258 51 Churchill!
1883 3220 284 57 Churchill!)

1583 3302 165 65 Jedoch
1766 3301 125 50 zieht
1908 3319 50 30 er
1974 3318 116 31 vom
2109 3297 150 52 Leder
2286 3314 151 44 gegen
2456 3295 209 51 Schlaik»

1518 3390 82 56 jer.
1635 3382 111 50 Daß
1780 3399 66 41 er,
1880 3380 177 49 Alfred
2079 3380 142 56 Kerr,
2245 3377 107 50 kein
2377 3376 178 51 Ästhet
2581 3381 87 51 sei,

1520 3464 197 49 beweist
1750 3479 50 32 er
1832 3460 109 49 ihm.
1978 3459 140 50 Noch
2152 3457 159 50 früher
2334 3456 124 50 stellt
2482 3474 51 32 er
2556 3456 112 57 fest,

1521 3542 93 50 daß
1648 3546 47 43 in
1729 3540 155 49 Berlin
1920 3539 72 49 die
2015 3536 185 51 Eroika
2232 3535 225 51 sechsmal
2491 3534 177 50 binnen

1525 3628 118 44 zwei
1666 3619 184 63 Tagen,
1883 3619 175 49 binnen
2093 3622 118 45 zwei
2236 3615 165 62 Tagen
2425 3614 245 58 sechsmal,

1526 3700 197 63 gespielt
1764 3699 199 49 worden
2005 3701 84 46 sei.
2140 3695 116 51 Und
2289 3694 196 49 schreibt
2519 3694 148 50 dazu:

1527 3780 303 51 »Beethoven
1863 3789 194 49 versagt
2091 3776 163 50 nicht«,
2292 3776 91 56 (Er
2416 3774 134 49 hätte
2583 3793 89 30 so»

1527 3879 102 43 gar,
1671 3860 121 50 nicht
1832 3878 106 39 nur,
1978 3856 108 51 weil
2128 3875 51 32 er
2218 3874 102 32 von
2362 3854 82 50 der
2486 3854 186 49 Eroika

1527 3941 179 62 sprach,
1739 3940 252 51 bemerken
2025 3937 189 51 dürfen;
2251 3934 230 58 Diesmal,
2508 3953 81 31 wo
2625 3953 49 31 er
