3076 4572
2477 384 94 50 863

819 411 57 51 S,
911 406 357 53 Dtiedfaender
1286 428 10 11 -
1314 404 119 52 Der
1461 396 290 67 Waghafter
1776 396 97 49 der
1902 392 124 52 Weit

288 637 136 57 sage
464 611 143 63 nicht
646 619 114 67 ja«,
802 605 252 65 sondern
1096 602 77 63 ich
1215 624 138 55 sage
1397 597 104 63 das
1544 601 249 74 positive
1830 585 307 82 Gegenteil
2170 607 122 39 von
2325 582 79 79 Ja.
2453 580 121 60 »Ich

289 732 135 56 sage
466 705 141 61 nicht
647 712 189 62 nein«,
878 700 150 62 heißt
1069 698 138 62 noch
1250 698 166 75 lange
1456 691 142 63 nicht
1644 689 114 61 »ich
1802 708 138 56 sage
1991 693 110 67 ja«.
2155 680 147 61 Hier
2352 675 118 80 gibt
2513 698 62 38 es

290 804 136 64 auch
476 799 204 79 logisch
731 798 137 61 noch
920 795 90 61 die
1060 793 117 62 real
1236 788 366 82 dynamische
1653 783 356 63 Indifferenz,
2071 778 181 61 Diese
2301 770 153 65 Null
2506 779 72 52 ist

292 911 194 52 immer
534 894 139 61 noch
725 892 332 77 dreideutig,
1107 897 82 53 sie
1239 886 203 77 besagt
1490 898 214 46 stumm
1755 898 214 59 genug:
2024 882 190 52 minus
2266 868 138 71 null,
2448 865 128 82 plus

292 994 134 69 null,
468 1006 283 46 neutrum.
806 988 210 60 Dieses
1059 983 167 63 letzte
1268 991 70 52 ist
1380 981 91 61 die
1513 977 179 62 totale
1734 972 356 70 Indifferenz,
2143 967 106 61 das
2292 966 287 61 Zentrum

293 1090 99 61 des
425 1085 278 80 logischen
737 1075 743 84 Richtungsunterschiedes,
1515 1072 104 63 das
1654 1067 341 81 magnetisch
2032 1062 386 64 funktioniert.
2465 1057 115 62 Die

293 1183 239 80 logische
574 1176 372 78 Aufhebung
995 1174 107 63 soll
1151 1173 136 62 nach
1329 1171 160 63 Kant
1537 1166 328 79 überhaupt
1915 1165 171 58 nichts
2131 1169 141 62 sein,
2316 1156 140 61 aber
2498 1162 82 53 sie

294 1289 70 53 ist
405 1301 108 37 nur
553 1273 92 62 die
685 1270 372 77 Aufhebung
1099 1268 102 61 des
1245 1267 419 77 Gegensatzes,
1710 1260 111 62 den
1864 1268 84 52 sie
1990 1270 162 49 setzt.

373 1375 128 59 Das
548 1367 381 79 »Überhaupt
969 1366 207 59 nichts«
1223 1362 257 77 dagegen
1531 1368 71 52 ist
1643 1366 199 53 weiter
1893 1354 170 61 nichts
2117 1349 83 62 als
2246 1348 102 62 der
2390 1343 193 65 blinde

294 1467 146 64 Blick
482 1465 92 62 für
615 1462 105 62 das
762 1460 173 63 nißit
955 1457 292 69 neutrafe,
1304 1456 91 61 für
1446 1453 91 63 die
1583 1449 285 64 »tausend
1911 1446 254 73 Quellen
2218 1442 188 63 neben
2451 1439 132 63 dem

297 1559 407 66 Durstenden«
759 1566 56 52 in
864 1555 323 76 derjenigen
1238 1550 237 71 Wüste,
1526 1547 91 62 die
1670 1546 101 62 der
1823 1541 353 65 »umwölkte
2226 1538 185 63 Blick«
2468 1550 116 47 erst

299 1658 205 62 schafft.
558 1655 127 61 Das
736 1650 266 64 absolute
1051 1649 202 62 Nichts
1313 1645 194 62 müßte
1565 1644 138 61 auch
1753 1641 108 62 sich
1912 1637 178 64 selbst
2138 1635 324 62 vernichten

299 1776 123 37 was
458 1749 184 61 dann?
676 1748 129 61 Das
840 1756 159 50 wäre
1035 1743 90 61 die
1160 1740 381 78 unbändigste
1567 1736 373 63 Atfirmation
1973 1757 121 37 von
2128 1731 62 79 Ja
2226 1728 137 63 und
2396 1726 184 63 Nein.

300 1848 126 61 Das
478 1867 162 57 pure,
689 1841 180 63 krude
910 1839 224 70 Nichts,
1186 1837 151 61 ohne
1377 1836 323 76 Negation,
1751 1830 152 63 ohne
1953 1829 258 61 Position
2263 1834 72 52 ist
2385 1830 201 54 weiter

302 1941 169 61 nichts
521 1938 83 61 als
646 1936 439 77 Paralysierung
1135 1931 100 62 der
1285 1930 236 80 polaren
1564 1923 516 81 Gegengewalten,
2132 1921 91 61 die
2274 1918 126 62 also
2442 1941 146 37 vor*

303 2034 225 62 banden
563 2034 136 61 aber
726 2031 141 61 nicht
894 2027 354 64 entschieden
1276 2025 128 62 sind
1430 2022 119 62 und
1574 2021 254 81 plötzlich
1856 2016 451 65 herausbrechen
2334 2013 250 61 können.

303 2129 342 77 Vergebens
688 2142 214 62 strengt
943 2124 104 62 das
1090 2123 202 62 Nichts
1336 2121 107 61 sich
1487 2143 92 47 an,
1621 2142 125 36 was
1789 2114 237 62 Andres
2068 2137 75 36 zu
2185 2120 123 52 sein
2352 2109 85 61 als
2482 2106 104 61 das

304 2225 202 61 Nichts
558 2223 101 61 des
709 2222 237 78 polaren
996 2213 605 72 Weltunterschiedes,
1653 2211 52 63 d,
1752 2220 32 52 i.
1840 2209 137 62 aber
2028 2208 207 61 dessen
2287 2203 303 77 lebendige

307 2318 263 62 Identität
603 2316 119 61 und
754 2313 488 70 Personifikation,
1277 2311 100 60 der
1412 2308 273 79 Schöpfer
1718 2305 137 63 aller
1888 2305 311 60 Differenz.
2236 2298 349 79 Vergebens

308 2412 144 61 wird
492 2436 132 37 man
666 2425 362 63 angestrengt
1075 2416 141 62 sein,
1267 2406 90 61 die
1408 2401 381 78 selbständige
1831 2401 217 59 Person
2100 2396 373 76 anderweitig
2515 2416 78 37 zu

309 2505 355 62 lokalisieren
706 2505 82 61 als
831 2502 188 63 illokal
1061 2511 56 52 in
1160 2501 215 61 diesem
1418 2496 390 63 nihilistischen
1842 2493 207 72 Sinne,-
2091 2491 153 61 denn
2286 2488 139 61 alles
2468 2487 125 61 Lo=

311 2599 124 61 kale
477 2608 70 52 ist
588 2598 314 61 wesentlich
946 2594 444 70 unterschieden,
1432 2617 75 36 zu
1549 2608 164 61 guter
1746 2590 165 60 Letzt
1951 2610 101 56 gar
2095 2603 234 44 extrem.
2373 2584 222 61 Person

314 2702 72 53 ist
425 2692 262 77 nirgends
730 2717 75 35 zu
847 2690 188 61 finden
1076 2690 84 61 als
1203 2698 75 52 im
1320 2686 231 63 absolut
1593 2684 364 68 Identischen,
2000 2680 104 61 das
2147 2678 235 62 absolut
2423 2676 137 61 Iden-

316 2787 166 61 tische
521 2786 263 76 nirgends
828 2786 82 60 als
953 2794 75 51 im
1070 2783 334 77 lebendigen
1446 2782 224 68 Nichts,
1713 2788 56 52 in
1812 2777 100 62 der
1953 2773 560 63 Weh>lndifferenz,

393 2879 150 60 Man
585 2878 105 61 soll
732 2878 521 79 kopernikanischer
1292 2874 305 64 verfahren
1638 2873 84 61 als
1756 2873 179 69 Kant,
1978 2869 100 63 der
2112 2868 113 62 den
2259 2868 340 61 Zuschauer

320 2975 106 59 sich
467 2972 212 61 drehen
720 2972 122 71 ließ,
885 2998 97 35 um
1026 2973 90 60 die
1158 2971 415 77 Wandlungen
1624 2979 54 50 in
1722 2968 208 60 dessen
1972 2963 368 80 Perspektive
2383 2987 76 37 zu
2504 2985 62 39 er-

321 3067 220 72 klären,-
588 3066 519 79 kopernikanischer
1156 3066 84 61 als
1283 3064 389 80 Kopernikus,
1724 3062 100 61 der
1873 3070 199 52 seinen
2114 3060 271 61 Fixstern
2428 3059 172 61 schon

321 3169 54 52 in
412 3160 98 61 der
543 3159 197 62 Sonne
774 3160 156 73 fand,
963 3170 112 51 wie
1108 3161 162 60 Kant
1303 3159 110 61 den
1447 3167 250 68 seinigen
1732 3165 75 52 im
1844 3155 223 62 Gesetz
2101 3179 74 37 an
2211 3155 128 70 sich,
2382 3153 220 62 diesem

322 3254 304 79 Symptom
668 3278 68 37 so
778 3253 131 62 sehr
951 3254 100 61 des
1085 3254 265 61 Instinkts
1393 3254 91 60 für
1516 3253 216 60 Person
1774 3260 113 53 wie
1930 3250 103 61 des
2066 3249 277 78 Mangels
2388 3273 75 37 an
2499 3248 101 62 ihr.

322 3348 149 61 Man
520 3348 144 61 wird
713 3348 90 60 die
854 3347 394 62 zuschauende
1297 3347 120 61 und
1468 3346 323 62 handelnde
1832 3347 219 60 Person
2103 3353 54 52 in
2209 3344 397 78 gleichschwer

323 3442 212 61 bender
567 3441 167 62 Ruhe
775 3441 342 73 belassen,
1160 3441 84 61 ihr
1283 3442 139 61 aber
1456 3441 111 62 den
1601 3440 376 62 anscheinend
2012 3440 185 62 festen
2233 3438 218 63 Grund
2485 3437 123 62 und

323 3535 200 62 Boden
574 3535 100 61 der
713 3535 162 62 Erde
924 3535 145 61 ihrer
1116 3535 374 62 vermeintlich
1540 3535 418 77 selbsteigenen
2009 3534 363 80 psychischen
2414 3532 197 63 Differ

325 3654 207 37 renzen
575 3647 164 44 unter
781 3630 109 61 den
924 3630 205 62 Füßen
1170 3630 333 78 wegziehen
1548 3630 119 61 und
1701 3640 83 52 sie
1818 3639 282 69 zwingen,
2145 3629 105 62 das
2286 3639 102 51 mit
2423 3628 188 63 hellen

327 3724 215 78 Augen
600 3724 118 61 und
774 3724 263 79 geflügelt
1093 3748 75 37 zu
1225 3741 128 55 tun,
1412 3748 125 38 was
1605 3734 82 52 sie
1746 3724 322 62 menschlich
2127 3723 303 79 blindlings
2491 3723 123 62 und

326 3819 289 61 kriechend
655 3819 254 79 vollzog:
962 3845 75 35 zu
1088 3819 410 79 äquilibrieren,
1548 3845 119 37 von
1718 3819 147 64 ihrer
1906 3821 340 61 Indifferenz
2297 3843 108 39 aus
2449 3821 167 80 polar

326 3937 75 37 zu
450 3913 440 64 differenzieren.
943 3915 182 62 Diese
1174 3915 404 79 schöpferische
1628 3916 170 62 Ruhe
1850 3915 103 64 des
2000 3915 468 74 »Zuschauers«,
2513 3916 103 62 des
