<?xml version="1.0" encoding="UTF-8"?>
<alto xmlns:xsi="http://www.w3.org/2001/XMLSchema-instance" xmlns="http://www.loc.gov/standards/alto/ns-v2#" xsi:schemaLocation="http://www.loc.gov/standards/alto/ns-v2# http://www.loc.gov/standards/alto/v2/alto-2-0.xsd" xmlns:xlink="http://www.w3.org/1999/xlink">
	<Description>
		<MeasurementUnit>mm10</MeasurementUnit>
		<sourceImageInformation>
			<fileName>./bmtnabr_1915-07_01_0100.jp2</fileName>
		</sourceImageInformation>
		<OCRProcessing ID="OCRPROCESSING_1">
			<preProcessingStep>
				<processingSoftware>
					<softwareCreator>CCS Content Conversion Specialists GmbH, Germany</softwareCreator>
					<softwareName>CCS docWorks</softwareName>
					<softwareVersion>6.8-1.27</softwareVersion>
				</processingSoftware>
			</preProcessingStep>
			<ocrProcessingStep>
				<processingSoftware>
					<softwareCreator>ABBYY (BIT Software), Russia</softwareCreator>
					<softwareName>FineReader</softwareName>
					<softwareVersion>11.0</softwareVersion>
				</processingSoftware>
			</ocrProcessingStep>
			<postProcessingStep>
				<processingSoftware>
					<softwareCreator>CCS Content Conversion Specialists GmbH, Germany</softwareCreator>
					<softwareName>CCS docWorks</softwareName>
					<softwareVersion>6.8-1.27</softwareVersion>
					<applicationDescription>docWorks: Text modified manually, or automatically replaced</applicationDescription>
				</processingSoftware>
			</postProcessingStep>
		</OCRProcessing>
	</Description>
	<Styles>
		<TextStyle ID="TXT_0" FONTSIZE="18" FONTFAMILY="Times New Roman" FONTSTYLE="bold italics"/>
		<TextStyle ID="TXT_1" FONTSIZE="27" FONTFAMILY="Times New Roman"/>
		<TextStyle ID="TXT_2" FONTSIZE="22" FONTFAMILY="Times New Roman"/>
		<ParagraphStyle ID="PAR_RIGHT" ALIGN="Right"/>
		<ParagraphStyle ID="PAR_LEFT" ALIGN="Left"/>
	</Styles>
	<Layout>
		<Page ID="P100" PHYSICAL_IMG_NR="100" HEIGHT="4572" WIDTH="3315" PRINTED_IMG_NR="922" PC="0.953">
			<TopMargin ID="P100_TM00001" HPOS="0" VPOS="0" WIDTH="3315" HEIGHT="493">
				<TextBlock ID="P100_TB00001" HPOS="1601" VPOS="427" WIDTH="646" HEIGHT="64" STYLEREFS="TXT_0 PAR_RIGHT">
					<TextLine ID="P100_TL00001" HPOS="1603" VPOS="429" WIDTH="644" HEIGHT="62">
						<String ID="P100_ST00001" HPOS="1603" VPOS="431" WIDTH="169" HEIGHT="50" CONTENT="Tranz" WC="0.66" CC="62150"/>
						<SP ID="P100_SP00001" HPOS="1772" VPOS="481" WIDTH="31"/>
						<String ID="P100_ST00002" HPOS="1803" VPOS="430" WIDTH="122" HEIGHT="50" CONTENT="Bfei" WC="0.58" CC="0465"/>
						<SP ID="P100_SP00002" HPOS="1925" VPOS="481" WIDTH="17"/>
						<String ID="P100_ST00003" HPOS="1942" VPOS="454" WIDTH="9" HEIGHT="12" CONTENT="•" WC="0.20" CC="8"/>
						<SP ID="P100_SP00003" HPOS="1951" VPOS="481" WIDTH="28"/>
						<String ID="P100_ST00004" HPOS="1979" VPOS="430" WIDTH="121" HEIGHT="50" CONTENT="Vom" WC="0.98" CC="510"/>
						<SP ID="P100_SP00004" HPOS="2100" VPOS="481" WIDTH="39"/>
						<String ID="P100_ST00005" HPOS="2139" VPOS="429" WIDTH="108" HEIGHT="62" CONTENT="Xag" WC="0.51" CC="940"/>
					</TextLine>
				</TextBlock>
				<TextBlock ID="P100_TB00002" HPOS="780" VPOS="429" WIDTH="98" HEIGHT="49" STYLEREFS="TXT_1 PAR_LEFT">
					<TextLine ID="P100_TL00002" HPOS="780" VPOS="429" WIDTH="98" HEIGHT="49">
						<String ID="P100_ST00006" HPOS="780" VPOS="429" WIDTH="98" HEIGHT="49" CONTENT="922" WC="1.00" CC="000"/>
					</TextLine>
				</TextBlock>
			</TopMargin>
			<LeftMargin ID="P100_LM00001" HPOS="0" VPOS="493" WIDTH="734" HEIGHT="3575"/>
			<RightMargin ID="P100_RM00001" HPOS="3064" VPOS="493" WIDTH="251" HEIGHT="3575"/>
			<BottomMargin ID="P100_BM00001" HPOS="0" VPOS="4068" WIDTH="3315" HEIGHT="504"/>
			<PrintSpace ID="P100_PS00001" HPOS="734" VPOS="493" WIDTH="2330" HEIGHT="3575">
				<TextBlock ID="P100_TB00003" HPOS="734" VPOS="618" WIDTH="2330" HEIGHT="3034" STYLEREFS="TXT_2 PAR_LEFT">
					<TextLine ID="P100_TL00003" HPOS="780" VPOS="619" WIDTH="2280" HEIGHT="81">
						<String ID="P100_ST00007" HPOS="780" VPOS="623" WIDTH="193" HEIGHT="62" CONTENT="aktion" WC="0.53" CC="655055"/>
						<SP ID="P100_SP00005" HPOS="973" VPOS="685" WIDTH="42"/>
						<String ID="P100_ST00008" HPOS="1015" VPOS="640" WIDTH="191" HEIGHT="44" CONTENT="nennt." WC="0.97" CC="666334"/>
						<SP ID="P100_SP00006" HPOS="1206" VPOS="685" WIDTH="44"/>
						<String ID="P100_ST00009" HPOS="1250" VPOS="623" WIDTH="219" HEIGHT="62" CONTENT="Ferner" WC="0.98" CC="235045"/>
						<SP ID="P100_SP00007" HPOS="1469" VPOS="685" WIDTH="39"/>
						<String ID="P100_ST00010" HPOS="1508" VPOS="620" WIDTH="344" HEIGHT="80" CONTENT="geschwächt" WC="0.98" CC="7301780780"/>
						<SP ID="P100_SP00008" HPOS="1852" VPOS="700" WIDTH="39"/>
						<String ID="P100_ST00011" HPOS="1891" VPOS="644" WIDTH="120" HEIGHT="37" CONTENT="von" WC="0.98" CC="040"/>
						<SP ID="P100_SP00009" HPOS="2011" VPOS="700" WIDTH="51"/>
						<String ID="P100_ST00012" HPOS="2062" VPOS="619" WIDTH="101" HEIGHT="62" CONTENT="der" WC="0.94" CC="806"/>
						<SP ID="P100_SP00010" HPOS="2163" VPOS="700" WIDTH="50"/>
						<String ID="P100_ST00013" HPOS="2213" VPOS="645" WIDTH="190" HEIGHT="37" CONTENT="neuen" WC="1.00" CC="00200"/>
						<SP ID="P100_SP00011" HPOS="2403" VPOS="700" WIDTH="52"/>
						<String ID="P100_ST00014" HPOS="2455" VPOS="621" WIDTH="320" HEIGHT="79" CONTENT="englischen" WC="0.98" CC="4497407803"/>
						<SP ID="P100_SP00012" HPOS="2775" VPOS="700" WIDTH="45"/>
						<String ID="P100_ST00015" HPOS="2820" VPOS="624" WIDTH="206" HEIGHT="65" CONTENT="Steuer" SUBS_TYPE="HypPart1" SUBS_CONTENT="Steuerpolitik." WC="0.98" CC="630406"/>
						<HYP HPOS="3026" VPOS="624" WIDTH="34" CONTENT="-"/>
					</TextLine>
					<TextLine ID="P100_TL00004" HPOS="778" VPOS="713" WIDTH="2286" HEIGHT="82">
						<String ID="P100_ST00016" HPOS="778" VPOS="717" WIDTH="208" HEIGHT="78" CONTENT="politik." SUBS_TYPE="HypPart2" SUBS_CONTENT="Steuerpolitik." WC="0.99" CC="23722044"/>
						<SP ID="P100_SP00013" HPOS="986" VPOS="795" WIDTH="42"/>
						<String ID="P100_ST00017" HPOS="1028" VPOS="718" WIDTH="104" HEIGHT="60" CONTENT="An" WC="0.56" CC="35"/>
						<SP ID="P100_SP00014" HPOS="1132" VPOS="795" WIDTH="44"/>
						<String ID="P100_ST00018" HPOS="1176" VPOS="717" WIDTH="91" HEIGHT="61" CONTENT="die" WC="0.95" CC="930"/>
						<SP ID="P100_SP00015" HPOS="1267" VPOS="795" WIDTH="42"/>
						<String ID="P100_ST00019" HPOS="1309" VPOS="717" WIDTH="262" HEIGHT="61" CONTENT="deutsche" WC="0.99" CC="00060910"/>
						<SP ID="P100_SP00016" HPOS="1571" VPOS="795" WIDTH="32"/>
						<String ID="P100_ST00020" HPOS="1603" VPOS="713" WIDTH="261" HEIGHT="62" CONTENT="Zukunft" WC="0.98" CC="6506023"/>
						<SP ID="P100_SP00017" HPOS="1864" VPOS="795" WIDTH="31"/>
						<String ID="P100_ST00021" HPOS="1895" VPOS="713" WIDTH="245" HEIGHT="77" CONTENT="glauben" WC="0.99" CC="0713700"/>
						<SP ID="P100_SP00018" HPOS="2140" VPOS="795" WIDTH="47"/>
						<String ID="P100_ST00022" HPOS="2187" VPOS="724" WIDTH="83" HEIGHT="52" CONTENT="sie" WC="0.99" CC="030"/>
						<SP ID="P100_SP00019" HPOS="2270" VPOS="795" WIDTH="43"/>
						<String ID="P100_ST00023" HPOS="2313" VPOS="715" WIDTH="120" HEIGHT="61" CONTENT="und" WC="0.97" CC="600"/>
						<SP ID="P100_SP00020" HPOS="2433" VPOS="795" WIDTH="43"/>
						<String ID="P100_ST00024" HPOS="2476" VPOS="715" WIDTH="255" HEIGHT="64" CONTENT="fürchten" WC="0.98" CC="60507325"/>
						<SP ID="P100_SP00021" HPOS="2731" VPOS="795" WIDTH="44"/>
						<String ID="P100_ST00025" HPOS="2775" VPOS="728" WIDTH="103" HEIGHT="62" CONTENT="sie," WC="0.98" CC="0604"/>
						<SP ID="P100_SP00022" HPOS="2878" VPOS="795" WIDTH="43"/>
						<String ID="P100_ST00026" HPOS="2921" VPOS="722" WIDTH="143" HEIGHT="61" CONTENT="nicht" WC="0.98" CC="65000"/>
					</TextLine>
					<TextLine ID="P100_TL00005" HPOS="776" VPOS="807" WIDTH="2281" HEIGHT="72">
						<String ID="P100_ST00027" HPOS="776" VPOS="812" WIDTH="94" HEIGHT="61" CONTENT="für" WC="0.96" CC="406"/>
						<SP ID="P100_SP00023" HPOS="870" VPOS="873" WIDTH="41"/>
						<String ID="P100_ST00028" HPOS="911" VPOS="812" WIDTH="91" HEIGHT="62" CONTENT="die" WC="1.00" CC="000"/>
						<SP ID="P100_SP00024" HPOS="1002" VPOS="874" WIDTH="41"/>
						<String ID="P100_ST00029" HPOS="1043" VPOS="811" WIDTH="503" HEIGHT="68" CONTENT="Monroedoktrin," WC="0.99" CC="03064001046431"/>
						<SP ID="P100_SP00025" HPOS="1546" VPOS="879" WIDTH="45"/>
						<String ID="P100_ST00030" HPOS="1591" VPOS="808" WIDTH="137" HEIGHT="61" CONTENT="aber" WC="0.97" CC="0704"/>
						<SP ID="P100_SP00026" HPOS="1728" VPOS="879" WIDTH="43"/>
						<String ID="P100_ST00031" HPOS="1771" VPOS="807" WIDTH="91" HEIGHT="62" CONTENT="für" WC="0.98" CC="005"/>
						<SP ID="P100_SP00027" HPOS="1862" VPOS="879" WIDTH="42"/>
						<String ID="P100_ST00032" HPOS="1904" VPOS="808" WIDTH="112" HEIGHT="61" CONTENT="den" WC="1.00" CC="000"/>
						<SP ID="P100_SP00028" HPOS="2016" VPOS="879" WIDTH="41"/>
						<String ID="P100_ST00033" HPOS="2057" VPOS="809" WIDTH="226" HEIGHT="63" CONTENT="Pacific," WC="0.99" CC="00007614"/>
						<SP ID="P100_SP00029" HPOS="2283" VPOS="879" WIDTH="53"/>
						<String ID="P100_ST00034" HPOS="2336" VPOS="811" WIDTH="229" HEIGHT="62" CONTENT="Darum" WC="0.98" CC="20560"/>
						<SP ID="P100_SP00030" HPOS="2565" VPOS="879" WIDTH="43"/>
						<String ID="P100_ST00035" HPOS="2608" VPOS="813" WIDTH="119" HEIGHT="62" CONTENT="hält" WC="0.98" CC="6004"/>
						<SP ID="P100_SP00031" HPOS="2727" VPOS="879" WIDTH="46"/>
						<String ID="P100_ST00036" HPOS="2773" VPOS="839" WIDTH="133" HEIGHT="38" CONTENT="man" WC="0.97" CC="206"/>
						<SP ID="P100_SP00032" HPOS="2906" VPOS="879" WIDTH="45"/>
						<String ID="P100_ST00037" HPOS="2951" VPOS="818" WIDTH="106" HEIGHT="59" CONTENT="sich" WC="0.99" CC="0400"/>
					</TextLine>
					<TextLine ID="P100_TL00006" HPOS="774" VPOS="902" WIDTH="2283" HEIGHT="84">
						<String ID="P100_ST00038" HPOS="774" VPOS="916" WIDTH="100" HEIGHT="51" CONTENT="mit" WC="0.98" CC="050"/>
						<SP ID="P100_SP00033" HPOS="874" VPOS="967" WIDTH="24"/>
						<String ID="P100_ST00039" HPOS="898" VPOS="907" WIDTH="196" HEIGHT="79" CONTENT="Japan," WC="0.99" CC="500004"/>
						<SP ID="P100_SP00034" HPOS="1094" VPOS="986" WIDTH="34"/>
						<String ID="P100_ST00040" HPOS="1128" VPOS="905" WIDTH="388" HEIGHT="62" CONTENT="trotzalledem" WC="0.69" CC="063460870000"/>
						<SP ID="P100_SP00035" HPOS="1516" VPOS="986" WIDTH="35"/>
						<String ID="P100_ST00041" HPOS="1551" VPOS="902" WIDTH="117" HEIGHT="61" CONTENT="und" WC="0.97" CC="600"/>
						<SP ID="P100_SP00036" HPOS="1668" VPOS="986" WIDTH="33"/>
						<String ID="P100_ST00042" HPOS="1701" VPOS="902" WIDTH="259" HEIGHT="62" CONTENT="alledem." WC="0.99" CC="00740300"/>
						<SP ID="P100_SP00037" HPOS="1960" VPOS="986" WIDTH="37"/>
						<String ID="P100_ST00043" HPOS="1997" VPOS="903" WIDTH="165" HEIGHT="78" CONTENT="Jenes" WC="0.99" CC="50000"/>
						<SP ID="P100_SP00038" HPOS="2162" VPOS="986" WIDTH="27"/>
						<String ID="P100_ST00044" HPOS="2189" VPOS="905" WIDTH="151" HEIGHT="61" CONTENT="Buch" WC="0.98" CC="1060"/>
						<SP ID="P100_SP00039" HPOS="2340" VPOS="986" WIDTH="29"/>
						<String ID="P100_ST00045" HPOS="2369" VPOS="906" WIDTH="102" HEIGHT="62" CONTENT="des" WC="1.00" CC="000"/>
						<SP ID="P100_SP00040" HPOS="2471" VPOS="986" WIDTH="28"/>
						<String ID="P100_ST00046" HPOS="2499" VPOS="907" WIDTH="302" HEIGHT="64" CONTENT="Admirals" WC="0.99" CC="50066070"/>
						<SP ID="P100_SP00041" HPOS="2801" VPOS="986" WIDTH="26"/>
						<String ID="P100_ST00047" HPOS="2827" VPOS="910" WIDTH="230" HEIGHT="62" CONTENT="Mahan" WC="0.94" CC="00010"/>
					</TextLine>
					<TextLine ID="P100_TL00007" HPOS="774" VPOS="996" WIDTH="2286" HEIGHT="88">
						<String ID="P100_ST00048" HPOS="774" VPOS="1010" WIDTH="70" HEIGHT="52" CONTENT="ist" WC="0.98" CC="004"/>
						<SP ID="P100_SP00042" HPOS="844" VPOS="1062" WIDTH="49"/>
						<String ID="P100_ST00049" HPOS="893" VPOS="1000" WIDTH="184" HEIGHT="71" CONTENT="mehr," WC="0.99" CC="00064"/>
						<SP ID="P100_SP00043" HPOS="1077" VPOS="1071" WIDTH="59"/>
						<String ID="P100_ST00050" HPOS="1136" VPOS="1000" WIDTH="82" HEIGHT="61" CONTENT="als" WC="0.97" CC="070"/>
						<SP ID="P100_SP00044" HPOS="1218" VPOS="1071" WIDTH="54"/>
						<String ID="P100_ST00051" HPOS="1272" VPOS="999" WIDTH="103" HEIGHT="60" CONTENT="das" WC="1.00" CC="000"/>
						<SP ID="P100_SP00045" HPOS="1375" VPOS="1071" WIDTH="40"/>
						<String ID="P100_ST00052" HPOS="1415" VPOS="997" WIDTH="149" HEIGHT="60" CONTENT="Buch" WC="0.98" CC="1600"/>
						<SP ID="P100_SP00046" HPOS="1564" VPOS="1071" WIDTH="54"/>
						<String ID="P100_ST00053" HPOS="1618" VPOS="1006" WIDTH="155" HEIGHT="51" CONTENT="eines" WC="0.99" CC="06200"/>
						<SP ID="P100_SP00047" HPOS="1773" VPOS="1071" WIDTH="54"/>
						<String ID="P100_ST00054" HPOS="1827" VPOS="996" WIDTH="287" HEIGHT="74" CONTENT="Mannes," WC="1.00" CC="3000004"/>
						<SP ID="P100_SP00048" HPOS="2114" VPOS="1071" WIDTH="61"/>
						<String ID="P100_ST00055" HPOS="2175" VPOS="999" WIDTH="100" HEIGHT="62" CONTENT="der" WC="0.99" CC="003"/>
						<SP ID="P100_SP00049" HPOS="2275" VPOS="1071" WIDTH="60"/>
						<String ID="P100_ST00056" HPOS="2335" VPOS="1002" WIDTH="108" HEIGHT="60" CONTENT="sich" WC="1.00" CC="0000"/>
						<SP ID="P100_SP00050" HPOS="2443" VPOS="1071" WIDTH="61"/>
						<String ID="P100_ST00057" HPOS="2504" VPOS="1001" WIDTH="92" HEIGHT="62" CONTENT="für" WC="0.98" CC="600"/>
						<SP ID="P100_SP00051" HPOS="2596" VPOS="1071" WIDTH="61"/>
						<String ID="P100_ST00058" HPOS="2657" VPOS="1004" WIDTH="158" HEIGHT="61" CONTENT="diese" WC="1.00" CC="03000"/>
						<SP ID="P100_SP00052" HPOS="2815" VPOS="1071" WIDTH="51"/>
						<String ID="P100_ST00059" HPOS="2866" VPOS="1005" WIDTH="194" HEIGHT="79" CONTENT="Dinge" WC="0.99" CC="04600"/>
					</TextLine>
					<TextLine ID="P100_TL00008" HPOS="773" VPOS="1091" WIDTH="2281" HEIGHT="85">
						<String ID="P100_ST00060" HPOS="773" VPOS="1104" WIDTH="358" HEIGHT="53" CONTENT="interessiert." WC="1.00" CC="0004600000534"/>
						<SP ID="P100_SP00053" HPOS="1131" VPOS="1157" WIDTH="37"/>
						<String ID="P100_ST00061" HPOS="1168" VPOS="1094" WIDTH="148" HEIGHT="61" CONTENT="Man" WC="1.00" CC="000"/>
						<SP ID="P100_SP00054" HPOS="1316" VPOS="1157" WIDTH="36"/>
						<String ID="P100_ST00062" HPOS="1352" VPOS="1095" WIDTH="147" HEIGHT="57" CONTENT="kann" WC="1.00" CC="0000"/>
						<SP ID="P100_SP00055" HPOS="1499" VPOS="1157" WIDTH="36"/>
						<String ID="P100_ST00063" HPOS="1535" VPOS="1115" WIDTH="106" HEIGHT="37" CONTENT="aus" WC="0.98" CC="050"/>
						<SP ID="P100_SP00056" HPOS="1641" VPOS="1157" WIDTH="38"/>
						<String ID="P100_ST00064" HPOS="1679" VPOS="1091" WIDTH="101" HEIGHT="60" CONTENT="der" WC="0.97" CC="007"/>
						<SP ID="P100_SP00057" HPOS="1780" VPOS="1157" WIDTH="26"/>
						<String ID="P100_ST00065" HPOS="1806" VPOS="1091" WIDTH="293" HEIGHT="62" CONTENT="Subtilität" WC="0.76" CC="5072000601"/>
						<SP ID="P100_SP00058" HPOS="2099" VPOS="1157" WIDTH="33"/>
						<String ID="P100_ST00066" HPOS="2132" VPOS="1104" WIDTH="186" HEIGHT="52" CONTENT="seiner" WC="0.99" CC="004005"/>
						<SP ID="P100_SP00059" HPOS="2318" VPOS="1157" WIDTH="26"/>
						<String ID="P100_ST00067" HPOS="2344" VPOS="1095" WIDTH="438" HEIGHT="81" CONTENT="Bemerkungen" WC="0.99" CC="20006060730"/>
						<SP ID="P100_SP00060" HPOS="2782" VPOS="1176" WIDTH="29"/>
						<String ID="P100_ST00068" HPOS="2811" VPOS="1099" WIDTH="209" HEIGHT="63" CONTENT="heraus" SUBS_TYPE="HypPart1" SUBS_CONTENT="herauslesen," WC="0.98" CC="756060"/>
						<HYP HPOS="3020" VPOS="1099" WIDTH="34" CONTENT="-"/>
					</TextLine>
					<TextLine ID="P100_TL00009" HPOS="769" VPOS="1186" WIDTH="2286" HEIGHT="87">
						<String ID="P100_ST00069" HPOS="769" VPOS="1190" WIDTH="176" HEIGHT="70" CONTENT="lesen," SUBS_TYPE="HypPart2" SUBS_CONTENT="herauslesen," WC="0.98" CC="610464"/>
						<SP ID="P100_SP00061" HPOS="945" VPOS="1260" WIDTH="44"/>
						<String ID="P100_ST00070" HPOS="989" VPOS="1189" WIDTH="109" HEIGHT="61" CONTENT="daß" WC="0.99" CC="002"/>
						<SP ID="P100_SP00062" HPOS="1098" VPOS="1260" WIDTH="42"/>
						<String ID="P100_ST00071" HPOS="1140" VPOS="1212" WIDTH="61" HEIGHT="37" CONTENT="es" WC="1.00" CC="00"/>
						<SP ID="P100_SP00063" HPOS="1201" VPOS="1260" WIDTH="50"/>
						<String ID="P100_ST00072" HPOS="1251" VPOS="1198" WIDTH="74" HEIGHT="49" CONTENT="im" WC="0.75" CC="40"/>
						<SP ID="P100_SP00064" HPOS="1325" VPOS="1260" WIDTH="41"/>
						<String ID="P100_ST00073" HPOS="1366" VPOS="1186" WIDTH="255" HEIGHT="78" CONTENT="Auftrag" WC="0.99" CC="0076500"/>
						<SP ID="P100_SP00065" HPOS="1621" VPOS="1264" WIDTH="50"/>
						<String ID="P100_ST00074" HPOS="1671" VPOS="1188" WIDTH="361" HEIGHT="76" CONTENT="geschrieben" WC="1.00" CC="00000550700"/>
						<SP ID="P100_SP00066" HPOS="2032" VPOS="1264" WIDTH="45"/>
						<String ID="P100_ST00075" HPOS="2077" VPOS="1190" WIDTH="221" HEIGHT="63" CONTENT="wurde." WC="0.97" CC="955034"/>
						<SP ID="P100_SP00067" HPOS="2298" VPOS="1264" WIDTH="47"/>
						<String ID="P100_ST00076" HPOS="2345" VPOS="1192" WIDTH="115" HEIGHT="61" CONTENT="Die" WC="0.99" CC="030"/>
						<SP ID="P100_SP00068" HPOS="2460" VPOS="1264" WIDTH="45"/>
						<String ID="P100_ST00077" HPOS="2505" VPOS="1192" WIDTH="413" HEIGHT="81" CONTENT="Sympathien," WC="0.99" CC="17000074154"/>
						<SP ID="P100_SP00069" HPOS="2918" VPOS="1273" WIDTH="44"/>
						<String ID="P100_ST00078" HPOS="2962" VPOS="1197" WIDTH="93" HEIGHT="61" CONTENT="die" WC="0.98" CC="050"/>
					</TextLine>
					<TextLine ID="P100_TL00010" HPOS="770" VPOS="1280" WIDTH="2284" HEIGHT="87">
						<String ID="P100_ST00079" HPOS="770" VPOS="1286" WIDTH="99" HEIGHT="61" CONTENT="der" WC="0.98" CC="005"/>
						<SP ID="P100_SP00070" HPOS="869" VPOS="1347" WIDTH="33"/>
						<String ID="P100_ST00080" HPOS="902" VPOS="1284" WIDTH="310" HEIGHT="61" CONTENT="Verfasser" WC="0.99" CC="506000005"/>
						<SP ID="P100_SP00071" HPOS="1212" VPOS="1347" WIDTH="42"/>
						<String ID="P100_ST00081" HPOS="1254" VPOS="1282" WIDTH="90" HEIGHT="59" CONTENT="für" WC="0.95" CC="606"/>
						<SP ID="P100_SP00072" HPOS="1344" VPOS="1347" WIDTH="33"/>
						<String ID="P100_ST00082" HPOS="1377" VPOS="1280" WIDTH="273" HEIGHT="78" CONTENT="England" WC="0.98" CC="6290060"/>
						<SP ID="P100_SP00073" HPOS="1650" VPOS="1358" WIDTH="42"/>
						<String ID="P100_ST00083" HPOS="1692" VPOS="1283" WIDTH="118" HEIGHT="71" CONTENT="hat," WC="0.99" CC="0004"/>
						<SP ID="P100_SP00074" HPOS="1810" VPOS="1358" WIDTH="42"/>
						<String ID="P100_ST00084" HPOS="1852" VPOS="1283" WIDTH="127" HEIGHT="61" CONTENT="sind" WC="0.99" CC="0600"/>
						<SP ID="P100_SP00075" HPOS="1979" VPOS="1358" WIDTH="34"/>
						<String ID="P100_ST00085" HPOS="2013" VPOS="1284" WIDTH="345" HEIGHT="79" CONTENT="geheuchelt." WC="1.00" CC="00000000724"/>
						<SP ID="P100_SP00076" HPOS="2358" VPOS="1363" WIDTH="44"/>
						<String ID="P100_ST00086" HPOS="2402" VPOS="1287" WIDTH="81" HEIGHT="61" CONTENT="Im" WC="0.97" CC="00"/>
						<SP ID="P100_SP00077" HPOS="2483" VPOS="1363" WIDTH="35"/>
						<String ID="P100_ST00087" HPOS="2518" VPOS="1289" WIDTH="348" HEIGHT="78" CONTENT="politischen," WC="0.99" CC="007131090003"/>
						<SP ID="P100_SP00078" HPOS="2866" VPOS="1367" WIDTH="44"/>
						<String ID="P100_ST00088" HPOS="2910" VPOS="1292" WIDTH="144" HEIGHT="60" CONTENT="nicht" WC="0.99" CC="05005"/>
					</TextLine>
					<TextLine ID="P100_TL00011" HPOS="766" VPOS="1377" WIDTH="2286" HEIGHT="83">
						<String ID="P100_ST00089" HPOS="766" VPOS="1388" WIDTH="74" HEIGHT="52" CONTENT="im" WC="0.98" CC="00"/>
						<SP ID="P100_SP00079" HPOS="840" VPOS="1440" WIDTH="41"/>
						<String ID="P100_ST00090" HPOS="881" VPOS="1378" WIDTH="379" HEIGHT="79" CONTENT="persönlichen" WC="1.00" CC="005056700000"/>
						<SP ID="P100_SP00080" HPOS="1260" VPOS="1457" WIDTH="36"/>
						<String ID="P100_ST00091" HPOS="1296" VPOS="1377" WIDTH="192" HEIGHT="62" CONTENT="Sinne." WC="0.99" CC="050004"/>
						<SP ID="P100_SP00081" HPOS="1488" VPOS="1457" WIDTH="44"/>
						<String ID="P100_ST00092" HPOS="1532" VPOS="1377" WIDTH="144" HEIGHT="61" CONTENT="Auf" WC="0.98" CC="400"/>
						<SP ID="P100_SP00082" HPOS="1676" VPOS="1457" WIDTH="34"/>
						<String ID="P100_ST00093" HPOS="1710" VPOS="1377" WIDTH="91" HEIGHT="62" CONTENT="die" WC="1.00" CC="000"/>
						<SP ID="P100_SP00083" HPOS="1801" VPOS="1457" WIDTH="42"/>
						<String ID="P100_ST00094" HPOS="1843" VPOS="1380" WIDTH="144" HEIGHT="59" CONTENT="nicht" WC="1.00" CC="00004"/>
						<SP ID="P100_SP00084" HPOS="1987" VPOS="1457" WIDTH="43"/>
						<String ID="P100_ST00095" HPOS="2030" VPOS="1380" WIDTH="180" HEIGHT="62" CONTENT="direkt" WC="0.99" CC="053040"/>
						<SP ID="P100_SP00085" HPOS="2210" VPOS="1457" WIDTH="41"/>
						<String ID="P100_ST00096" HPOS="2251" VPOS="1383" WIDTH="275" HEIGHT="77" CONTENT="gestellte," WC="0.99" CC="8000065303"/>
						<SP ID="P100_SP00086" HPOS="2526" VPOS="1460" WIDTH="47"/>
						<String ID="P100_ST00097" HPOS="2573" VPOS="1383" WIDTH="140" HEIGHT="63" CONTENT="aber" WC="0.96" CC="0746"/>
						<SP ID="P100_SP00087" HPOS="2713" VPOS="1460" WIDTH="41"/>
						<String ID="P100_ST00098" HPOS="2754" VPOS="1395" WIDTH="75" HEIGHT="51" CONTENT="im" WC="0.69" CC="60"/>
						<SP ID="P100_SP00088" HPOS="2829" VPOS="1460" WIDTH="35"/>
						<String ID="P100_ST00099" HPOS="2864" VPOS="1386" WIDTH="188" HEIGHT="62" CONTENT="Buche" WC="0.99" CC="00070"/>
					</TextLine>
					<TextLine ID="P100_TL00012" HPOS="762" VPOS="1471" WIDTH="2292" HEIGHT="86">
						<String ID="P100_ST00100" HPOS="762" VPOS="1474" WIDTH="209" HEIGHT="59" CONTENT="latente" WC="0.99" CC="0550030"/>
						<SP ID="P100_SP00089" HPOS="971" VPOS="1533" WIDTH="40"/>
						<String ID="P100_ST00101" HPOS="1011" VPOS="1472" WIDTH="214" HEIGHT="78" CONTENT="Frage:" WC="0.99" CC="560000"/>
						<SP ID="P100_SP00090" HPOS="1225" VPOS="1550" WIDTH="49"/>
						<String ID="P100_ST00102" HPOS="1274" VPOS="1471" WIDTH="188" HEIGHT="61" CONTENT="»Wer" WC="0.97" CC="5700"/>
						<SP ID="P100_SP00091" HPOS="1462" VPOS="1550" WIDTH="42"/>
						<String ID="P100_ST00103" HPOS="1504" VPOS="1471" WIDTH="120" HEIGHT="61" CONTENT="hilft" WC="0.97" CC="73611"/>
						<SP ID="P100_SP00092" HPOS="1624" VPOS="1550" WIDTH="52"/>
						<String ID="P100_ST00104" HPOS="1676" VPOS="1496" WIDTH="109" HEIGHT="38" CONTENT="uns" WC="0.97" CC="700"/>
						<SP ID="P100_SP00093" HPOS="1785" VPOS="1550" WIDTH="46"/>
						<String ID="P100_ST00105" HPOS="1831" VPOS="1481" WIDTH="74" HEIGHT="53" CONTENT="im" WC="0.69" CC="60"/>
						<SP ID="P100_SP00094" HPOS="1905" VPOS="1550" WIDTH="42"/>
						<String ID="P100_ST00106" HPOS="1947" VPOS="1474" WIDTH="214" HEIGHT="63" CONTENT="Pacific" WC="0.98" CC="5303760"/>
						<SP ID="P100_SP00095" HPOS="2161" VPOS="1550" WIDTH="49"/>
						<String ID="P100_ST00107" HPOS="2210" VPOS="1500" WIDTH="183" HEIGHT="56" CONTENT="gegen" WC="0.97" CC="94050"/>
						<SP ID="P100_SP00096" HPOS="2393" VPOS="1556" WIDTH="42"/>
						<String ID="P100_ST00108" HPOS="2435" VPOS="1479" WIDTH="249" HEIGHT="78" CONTENT="Japan?«" WC="0.99" CC="2000063"/>
						<SP ID="P100_SP00097" HPOS="2684" VPOS="1557" WIDTH="56"/>
						<String ID="P100_ST00109" HPOS="2740" VPOS="1498" WIDTH="314" HEIGHT="44" CONTENT="antwortet" WC="0.99" CC="006007002"/>
					</TextLine>
					<TextLine ID="P100_TL00013" HPOS="762" VPOS="1566" WIDTH="2289" HEIGHT="89">
						<String ID="P100_ST00110" HPOS="762" VPOS="1567" WIDTH="100" HEIGHT="61" CONTENT="der" WC="0.96" CC="065"/>
						<SP ID="P100_SP00098" HPOS="862" VPOS="1628" WIDTH="41"/>
						<String ID="P100_ST00111" HPOS="903" VPOS="1567" WIDTH="334" HEIGHT="63" CONTENT="Verfasser:" WC="0.99" CC="2060400076"/>
						<SP ID="P100_SP00099" HPOS="1237" VPOS="1630" WIDTH="58"/>
						<String ID="P100_ST00112" HPOS="1295" VPOS="1566" WIDTH="344" HEIGHT="79" CONTENT="»England«" WC="0.99" CC="564905001"/>
						<SP ID="P100_SP00100" HPOS="1639" VPOS="1645" WIDTH="183"/>
						<String ID="P100_ST00113" HPOS="1822" VPOS="1570" WIDTH="130" HEIGHT="61" CONTENT="weil" WC="1.00" CC="0000"/>
						<SP ID="P100_SP00101" HPOS="1952" VPOS="1645" WIDTH="51"/>
						<String ID="P100_ST00114" HPOS="2003" VPOS="1594" WIDTH="62" HEIGHT="38" CONTENT="er" WC="0.76" CC="04"/>
						<SP ID="P100_SP00102" HPOS="2065" VPOS="1645" WIDTH="50"/>
						<String ID="P100_ST00115" HPOS="2115" VPOS="1571" WIDTH="392" HEIGHT="64" CONTENT="Deutschland" WC="1.00" CC="00000077400"/>
						<SP ID="P100_SP00103" HPOS="2507" VPOS="1645" WIDTH="54"/>
						<String ID="P100_ST00116" HPOS="2561" VPOS="1575" WIDTH="263" HEIGHT="72" CONTENT="fürchtet," WC="0.99" CC="006006054"/>
						<SP ID="P100_SP00104" HPOS="2824" VPOS="1647" WIDTH="52"/>
						<String ID="P100_ST00117" HPOS="2876" VPOS="1601" WIDTH="175" HEIGHT="54" CONTENT="sogar" WC="0.99" CC="00025"/>
					</TextLine>
					<TextLine ID="P100_TL00014" HPOS="761" VPOS="1661" WIDTH="2097" HEIGHT="86">
						<String ID="P100_ST00118" HPOS="761" VPOS="1663" WIDTH="81" HEIGHT="61" CONTENT="als" WC="0.98" CC="400"/>
						<SP ID="P100_SP00105" HPOS="842" VPOS="1724" WIDTH="45"/>
						<String ID="P100_ST00119" HPOS="887" VPOS="1663" WIDTH="357" HEIGHT="61" CONTENT="eventuellen" WC="1.00" CC="01000606000"/>
						<SP ID="P100_SP00106" HPOS="1244" VPOS="1724" WIDTH="25"/>
						<String ID="P100_ST00120" HPOS="1269" VPOS="1661" WIDTH="527" HEIGHT="80" CONTENT="Bundesgenossen" WC="1.00" CC="04700005040000"/>
						<SP ID="P100_SP00107" HPOS="1796" VPOS="1741" WIDTH="46"/>
						<String ID="P100_ST00121" HPOS="1842" VPOS="1665" WIDTH="250" HEIGHT="63" CONTENT="fürchtet." WC="0.99" CC="607002024"/>
						<SP ID="P100_SP00108" HPOS="2092" VPOS="1741" WIDTH="46"/>
						<String ID="P100_ST00122" HPOS="2138" VPOS="1667" WIDTH="273" HEIGHT="80" CONTENT="England" WC="1.00" CC="0006000"/>
						<SP ID="P100_SP00109" HPOS="2411" VPOS="1747" WIDTH="43"/>
						<String ID="P100_ST00123" HPOS="2454" VPOS="1669" WIDTH="99" HEIGHT="61" CONTENT="hat" WC="0.99" CC="003"/>
						<SP ID="P100_SP00110" HPOS="2553" VPOS="1747" WIDTH="34"/>
						<String ID="P100_ST00124" HPOS="2587" VPOS="1696" WIDTH="110" HEIGHT="35" CONTENT="nur" WC="0.98" CC="006"/>
						<SP ID="P100_SP00111" HPOS="2697" VPOS="1747" WIDTH="35"/>
						<String ID="P100_ST00125" HPOS="2732" VPOS="1681" WIDTH="126" HEIGHT="52" CONTENT="eine" WC="0.98" CC="4040"/>
						<SP ID="P100_SP00112" HPOS="2858" VPOS="1747" WIDTH="0"/>
					</TextLine>
					<TextLine ID="P100_TL00015" HPOS="760" VPOS="1757" WIDTH="2286" HEIGHT="82">
						<String ID="P100_ST00126" HPOS="760" VPOS="1758" WIDTH="354" HEIGHT="79" CONTENT="gangenheit," WC="0.80" CC="00000570044"/>
						<SP ID="P100_SP00113" HPOS="1114" VPOS="1837" WIDTH="43"/>
						<String ID="P100_ST00127" HPOS="1157" VPOS="1767" WIDTH="99" HEIGHT="52" CONTENT="mit" WC="0.96" CC="055"/>
						<SP ID="P100_SP00114" HPOS="1256" VPOS="1837" WIDTH="41"/>
						<String ID="P100_ST00128" HPOS="1297" VPOS="1757" WIDTH="114" HEIGHT="61" CONTENT="ihm" WC="0.99" CC="200"/>
						<SP ID="P100_SP00115" HPOS="1411" VPOS="1837" WIDTH="44"/>
						<String ID="P100_ST00129" HPOS="1455" VPOS="1759" WIDTH="146" HEIGHT="60" CONTENT="wird" WC="0.98" CC="0450"/>
						<SP ID="P100_SP00116" HPOS="1601" VPOS="1837" WIDTH="40"/>
						<String ID="P100_ST00130" HPOS="1641" VPOS="1783" WIDTH="135" HEIGHT="37" CONTENT="man" WC="1.00" CC="000"/>
						<SP ID="P100_SP00117" HPOS="1776" VPOS="1837" WIDTH="35"/>
						<String ID="P100_ST00131" HPOS="1811" VPOS="1761" WIDTH="194" HEIGHT="78" CONTENT="fertig,-" WC="0.99" CC="50605044"/>
						<SP ID="P100_SP00118" HPOS="2005" VPOS="1839" WIDTH="40"/>
						<String ID="P100_ST00132" HPOS="2045" VPOS="1762" WIDTH="394" HEIGHT="62" CONTENT="Deutschland" WC="1.00" CC="00000007000"/>
						<SP ID="P100_SP00119" HPOS="2439" VPOS="1839" WIDTH="33"/>
						<String ID="P100_ST00133" HPOS="2472" VPOS="1764" WIDTH="99" HEIGHT="63" CONTENT="hat" WC="0.98" CC="040"/>
						<SP ID="P100_SP00120" HPOS="2571" VPOS="1839" WIDTH="34"/>
						<String ID="P100_ST00134" HPOS="2605" VPOS="1774" WIDTH="126" HEIGHT="53" CONTENT="eine" WC="1.00" CC="0000"/>
						<SP ID="P100_SP00121" HPOS="2731" VPOS="1839" WIDTH="33"/>
						<String ID="P100_ST00135" HPOS="2764" VPOS="1766" WIDTH="282" HEIGHT="72" CONTENT="Zukunft," WC="0.99" CC="60062114"/>
					</TextLine>
					<TextLine ID="P100_TL00016" HPOS="759" VPOS="1852" WIDTH="2287" HEIGHT="79">
						<String ID="P100_ST00136" HPOS="759" VPOS="1861" WIDTH="99" HEIGHT="52" CONTENT="mit" WC="0.99" CC="003"/>
						<SP ID="P100_SP00122" HPOS="858" VPOS="1913" WIDTH="48"/>
						<String ID="P100_ST00137" HPOS="906" VPOS="1852" WIDTH="100" HEIGHT="61" CONTENT="der" WC="1.00" CC="000"/>
						<SP ID="P100_SP00123" HPOS="1006" VPOS="1913" WIDTH="49"/>
						<String ID="P100_ST00138" HPOS="1055" VPOS="1876" WIDTH="132" HEIGHT="37" CONTENT="man" WC="0.99" CC="030"/>
						<SP ID="P100_SP00124" HPOS="1187" VPOS="1913" WIDTH="58"/>
						<String ID="P100_ST00139" HPOS="1245" VPOS="1852" WIDTH="142" HEIGHT="61" CONTENT="nicht" WC="0.99" CC="05004"/>
						<SP ID="P100_SP00125" HPOS="1387" VPOS="1913" WIDTH="60"/>
						<String ID="P100_ST00140" HPOS="1447" VPOS="1853" WIDTH="403" HEIGHT="78" CONTENT="fertigwerden" WC="1.00" CC="505340004000"/>
						<SP ID="P100_SP00126" HPOS="1850" VPOS="1931" WIDTH="58"/>
						<String ID="P100_ST00141" HPOS="1908" VPOS="1855" WIDTH="230" HEIGHT="63" CONTENT="könnte." WC="0.99" CC="7000504"/>
						<SP ID="P100_SP00127" HPOS="2138" VPOS="1931" WIDTH="54"/>
						<String ID="P100_ST00142" HPOS="2192" VPOS="1857" WIDTH="89" HEIGHT="62" CONTENT="Es" WC="0.71" CC="50"/>
						<SP ID="P100_SP00128" HPOS="2281" VPOS="1931" WIDTH="52"/>
						<String ID="P100_ST00143" HPOS="2333" VPOS="1858" WIDTH="100" HEIGHT="61" CONTENT="hat" WC="0.95" CC="706"/>
						<SP ID="P100_SP00129" HPOS="2433" VPOS="1931" WIDTH="48"/>
						<String ID="P100_ST00144" HPOS="2481" VPOS="1860" WIDTH="133" HEIGHT="62" CONTENT="sehr" WC="0.99" CC="0006"/>
						<SP ID="P100_SP00130" HPOS="2614" VPOS="1931" WIDTH="48"/>
						<String ID="P100_ST00145" HPOS="2662" VPOS="1861" WIDTH="113" HEIGHT="61" CONTENT="viel" WC="0.99" CC="0400"/>
						<SP ID="P100_SP00131" HPOS="2775" VPOS="1931" WIDTH="42"/>
						<String ID="P100_ST00146" HPOS="2817" VPOS="1861" WIDTH="229" HEIGHT="62" CONTENT="Wahr*" WC="0.97" CC="10079"/>
					</TextLine>
					<TextLine ID="P100_TL00017" HPOS="757" VPOS="1947" WIDTH="2289" HEIGHT="88">
						<String ID="P100_ST00147" HPOS="757" VPOS="1947" WIDTH="412" HEIGHT="71" CONTENT="scheinlichkeit," WC="0.73" CC="090040730040054"/>
						<SP ID="P100_SP00132" HPOS="1169" VPOS="2018" WIDTH="43"/>
						<String ID="P100_ST00148" HPOS="1212" VPOS="1947" WIDTH="112" HEIGHT="62" CONTENT="daß" WC="0.97" CC="053"/>
						<SP ID="P100_SP00133" HPOS="1324" VPOS="2018" WIDTH="43"/>
						<String ID="P100_ST00149" HPOS="1367" VPOS="1948" WIDTH="110" HEIGHT="61" CONTENT="auf" WC="0.95" CC="075"/>
						<SP ID="P100_SP00134" HPOS="1477" VPOS="2018" WIDTH="36"/>
						<String ID="P100_ST00150" HPOS="1513" VPOS="1947" WIDTH="215" HEIGHT="64" CONTENT="Grund" WC="0.98" CC="26500"/>
						<SP ID="P100_SP00135" HPOS="1728" VPOS="2018" WIDTH="40"/>
						<String ID="P100_ST00151" HPOS="1768" VPOS="1974" WIDTH="120" HEIGHT="38" CONTENT="von" WC="1.00" CC="010"/>
						<SP ID="P100_SP00136" HPOS="1888" VPOS="2018" WIDTH="43"/>
						<String ID="P100_ST00152" HPOS="1931" VPOS="1951" WIDTH="259" HEIGHT="64" CONTENT="Mahans" WC="0.94" CC="030000"/>
						<SP ID="P100_SP00137" HPOS="2190" VPOS="2018" WIDTH="34"/>
						<String ID="P100_ST00153" HPOS="2224" VPOS="1954" WIDTH="151" HEIGHT="61" CONTENT="Buch" WC="0.99" CC="5000"/>
						<SP ID="P100_SP00138" HPOS="2375" VPOS="2018" WIDTH="38"/>
						<String ID="P100_ST00154" HPOS="2413" VPOS="1965" WIDTH="126" HEIGHT="52" CONTENT="eine" WC="0.99" CC="0060"/>
						<SP ID="P100_SP00139" HPOS="2539" VPOS="2018" WIDTH="26"/>
						<String ID="P100_ST00155" HPOS="2565" VPOS="1956" WIDTH="481" HEIGHT="79" CONTENT="Verständigung" WC="1.00" CC="0060000060209"/>
					</TextLine>
					<TextLine ID="P100_TL00018" HPOS="756" VPOS="2042" WIDTH="2289" HEIGHT="88">
						<String ID="P100_ST00156" HPOS="756" VPOS="2044" WIDTH="274" HEIGHT="61" CONTENT="zwischen" WC="1.00" CC="60100000"/>
						<SP ID="P100_SP00140" HPOS="1030" VPOS="2105" WIDTH="44"/>
						<String ID="P100_ST00157" HPOS="1074" VPOS="2042" WIDTH="110" HEIGHT="63" CONTENT="den" WC="1.00" CC="000"/>
						<SP ID="P100_SP00141" HPOS="1184" VPOS="2105" WIDTH="43"/>
						<String ID="P100_ST00158" HPOS="1227" VPOS="2042" WIDTH="80" HEIGHT="63" CONTENT="U." WC="0.48" CC="63"/>
						<SP ID="P100_SP00142" HPOS="1307" VPOS="2105" WIDTH="23"/>
						<String ID="P100_ST00159" HPOS="1330" VPOS="2042" WIDTH="59" HEIGHT="64" CONTENT="S," WC="0.79" CC="04"/>
						<SP ID="P100_SP00143" HPOS="1389" VPOS="2106" WIDTH="47"/>
						<String ID="P100_ST00160" HPOS="1436" VPOS="2044" WIDTH="120" HEIGHT="61" CONTENT="und" WC="1.00" CC="000"/>
						<SP ID="P100_SP00144" HPOS="1556" VPOS="2106" WIDTH="42"/>
						<String ID="P100_ST00161" HPOS="1598" VPOS="2045" WIDTH="273" HEIGHT="79" CONTENT="England" WC="1.00" CC="0000000"/>
						<SP ID="P100_SP00145" HPOS="1871" VPOS="2124" WIDTH="50"/>
						<String ID="P100_ST00162" HPOS="1921" VPOS="2049" WIDTH="284" HEIGHT="61" CONTENT="zustande" WC="1.00" CC="00003000"/>
						<SP ID="P100_SP00146" HPOS="2205" VPOS="2124" WIDTH="42"/>
						<String ID="P100_ST00163" HPOS="2247" VPOS="2049" WIDTH="158" HEIGHT="72" CONTENT="kam," WC="0.98" CC="5004"/>
						<SP ID="P100_SP00147" HPOS="2405" VPOS="2124" WIDTH="52"/>
						<String ID="P100_ST00164" HPOS="2457" VPOS="2051" WIDTH="91" HEIGHT="61" CONTENT="die" WC="1.00" CC="000"/>
						<SP ID="P100_SP00148" HPOS="2548" VPOS="2124" WIDTH="52"/>
						<String ID="P100_ST00165" HPOS="2600" VPOS="2053" WIDTH="108" HEIGHT="59" CONTENT="sich" WC="1.00" CC="0000"/>
						<SP ID="P100_SP00149" HPOS="2708" VPOS="2124" WIDTH="51"/>
						<String ID="P100_ST00166" HPOS="2759" VPOS="2051" WIDTH="286" HEIGHT="79" CONTENT="vorläufig" WC="0.98" CC="035703639"/>
					</TextLine>
					<TextLine ID="P100_TL00019" HPOS="755" VPOS="2138" WIDTH="2288" HEIGHT="84">
						<String ID="P100_ST00167" HPOS="755" VPOS="2140" WIDTH="136" HEIGHT="59" CONTENT="noch" WC="0.99" CC="0500"/>
						<SP ID="P100_SP00150" HPOS="891" VPOS="2199" WIDTH="61"/>
						<String ID="P100_ST00168" HPOS="952" VPOS="2138" WIDTH="118" HEIGHT="61" CONTENT="und" WC="0.98" CC="600"/>
						<SP ID="P100_SP00151" HPOS="1070" VPOS="2199" WIDTH="57"/>
						<String ID="P100_ST00169" HPOS="1127" VPOS="2163" WIDTH="109" HEIGHT="36" CONTENT="nur" WC="0.96" CC="046"/>
						<SP ID="P100_SP00152" HPOS="1236" VPOS="2199" WIDTH="56"/>
						<String ID="P100_ST00170" HPOS="1292" VPOS="2149" WIDTH="55" HEIGHT="51" CONTENT="in" WC="0.40" CC="56"/>
						<SP ID="P100_SP00153" HPOS="1347" VPOS="2200" WIDTH="68"/>
						<String ID="P100_ST00171" HPOS="1415" VPOS="2139" WIDTH="112" HEIGHT="61" CONTENT="den" WC="1.00" CC="000"/>
						<SP ID="P100_SP00154" HPOS="1527" VPOS="2200" WIDTH="58"/>
						<String ID="P100_ST00172" HPOS="1585" VPOS="2140" WIDTH="632" HEIGHT="82" CONTENT="Materiallieferungen" WC="1.00" CC="0040650474050606900"/>
						<SP ID="P100_SP00155" HPOS="2217" VPOS="2222" WIDTH="68"/>
						<String ID="P100_ST00173" HPOS="2285" VPOS="2169" WIDTH="74" HEIGHT="37" CONTENT="an" WC="0.69" CC="60"/>
						<SP ID="P100_SP00156" HPOS="2359" VPOS="2222" WIDTH="60"/>
						<String ID="P100_ST00174" HPOS="2419" VPOS="2145" WIDTH="91" HEIGHT="61" CONTENT="die" WC="1.00" CC="000"/>
						<SP ID="P100_SP00157" HPOS="2510" VPOS="2222" WIDTH="57"/>
						<String ID="P100_ST00175" HPOS="2567" VPOS="2145" WIDTH="476" HEIGHT="64" CONTENT="Ententemächte" WC="1.00" CC="5000000000050"/>
					</TextLine>
					<TextLine ID="P100_TL00020" HPOS="754" VPOS="2232" WIDTH="2287" HEIGHT="85">
						<String ID="P100_ST00176" HPOS="754" VPOS="2233" WIDTH="213" HEIGHT="61" CONTENT="äußert." WC="0.98" CC="3500652"/>
						<SP ID="P100_SP00158" HPOS="967" VPOS="2294" WIDTH="43"/>
						<String ID="P100_ST00177" HPOS="1010" VPOS="2232" WIDTH="117" HEIGHT="62" CONTENT="Mit" WC="0.99" CC="012"/>
						<SP ID="P100_SP00159" HPOS="1127" VPOS="2294" WIDTH="33"/>
						<String ID="P100_ST00178" HPOS="1160" VPOS="2233" WIDTH="395" HEIGHT="62" CONTENT="Deutschland" WC="1.00" CC="00010006000"/>
						<SP ID="P100_SP00160" HPOS="1555" VPOS="2295" WIDTH="41"/>
						<String ID="P100_ST00179" HPOS="1596" VPOS="2258" WIDTH="182" HEIGHT="55" CONTENT="gegen" WC="1.00" CC="00000"/>
						<SP ID="P100_SP00161" HPOS="1778" VPOS="2313" WIDTH="36"/>
						<String ID="P100_ST00180" HPOS="1814" VPOS="2236" WIDTH="273" HEIGHT="78" CONTENT="England" WC="0.99" CC="5087000"/>
						<SP ID="P100_SP00162" HPOS="2087" VPOS="2314" WIDTH="42"/>
						<String ID="P100_ST00181" HPOS="2129" VPOS="2263" WIDTH="76" HEIGHT="36" CONTENT="zu" WC="0.64" CC="70"/>
						<SP ID="P100_SP00163" HPOS="2205" VPOS="2314" WIDTH="42"/>
						<String ID="P100_ST00182" HPOS="2247" VPOS="2239" WIDTH="205" HEIGHT="78" CONTENT="gehen," WC="1.00" CC="000004"/>
						<SP ID="P100_SP00164" HPOS="2452" VPOS="2317" WIDTH="44"/>
						<String ID="P100_ST00183" HPOS="2496" VPOS="2239" WIDTH="104" HEIGHT="63" CONTENT="das" WC="0.99" CC="020"/>
						<SP ID="P100_SP00165" HPOS="2600" VPOS="2317" WIDTH="37"/>
						<String ID="P100_ST00184" HPOS="2637" VPOS="2241" WIDTH="151" HEIGHT="62" CONTENT="hätte" WC="1.00" CC="00000"/>
						<SP ID="P100_SP00166" HPOS="2788" VPOS="2317" WIDTH="36"/>
						<String ID="P100_ST00185" HPOS="2824" VPOS="2242" WIDTH="92" HEIGHT="61" CONTENT="für" WC="0.96" CC="405"/>
						<SP ID="P100_SP00167" HPOS="2916" VPOS="2317" WIDTH="33"/>
						<String ID="P100_ST00186" HPOS="2949" VPOS="2242" WIDTH="92" HEIGHT="61" CONTENT="die" WC="1.00" CC="000"/>
					</TextLine>
					<TextLine ID="P100_TL00021" HPOS="754" VPOS="2326" WIDTH="2287" HEIGHT="89">
						<String ID="P100_ST00187" HPOS="754" VPOS="2326" WIDTH="153" HEIGHT="64" CONTENT="US." WC="0.94" CC="654"/>
						<SP ID="P100_SP00168" HPOS="907" VPOS="2390" WIDTH="46"/>
						<String ID="P100_ST00188" HPOS="953" VPOS="2352" WIDTH="108" HEIGHT="37" CONTENT="nur" WC="0.98" CC="060"/>
						<SP ID="P100_SP00169" HPOS="1061" VPOS="2390" WIDTH="41"/>
						<String ID="P100_ST00189" HPOS="1102" VPOS="2328" WIDTH="293" HEIGHT="73" CONTENT="bedeutet," WC="0.99" CC="700041024"/>
						<SP ID="P100_SP00170" HPOS="1395" VPOS="2401" WIDTH="44"/>
						<String ID="P100_ST00190" HPOS="1439" VPOS="2329" WIDTH="113" HEIGHT="61" CONTENT="daß" WC="1.00" CC="000"/>
						<SP ID="P100_SP00171" HPOS="1552" VPOS="2401" WIDTH="44"/>
						<String ID="P100_ST00191" HPOS="1596" VPOS="2340" WIDTH="82" HEIGHT="52" CONTENT="sie" WC="0.99" CC="010"/>
						<SP ID="P100_SP00172" HPOS="1678" VPOS="2401" WIDTH="43"/>
						<String ID="P100_ST00192" HPOS="1721" VPOS="2333" WIDTH="108" HEIGHT="60" CONTENT="sich" WC="0.98" CC="0007"/>
						<SP ID="P100_SP00173" HPOS="1829" VPOS="2401" WIDTH="46"/>
						<String ID="P100_ST00193" HPOS="1875" VPOS="2341" WIDTH="74" HEIGHT="52" CONTENT="im" WC="0.92" CC="10"/>
						<SP ID="P100_SP00174" HPOS="1949" VPOS="2401" WIDTH="33"/>
						<String ID="P100_ST00194" HPOS="1982" VPOS="2332" WIDTH="212" HEIGHT="64" CONTENT="Pacific" WC="1.00" CC="0500000"/>
						<SP ID="P100_SP00175" HPOS="2194" VPOS="2401" WIDTH="43"/>
						<String ID="P100_ST00195" HPOS="2237" VPOS="2345" WIDTH="150" HEIGHT="52" CONTENT="zwei" WC="0.98" CC="0070"/>
						<SP ID="P100_SP00176" HPOS="2387" VPOS="2401" WIDTH="43"/>
						<String ID="P100_ST00196" HPOS="2430" VPOS="2337" WIDTH="312" HEIGHT="78" CONTENT="mächtigen" WC="0.99" CC="040046960"/>
						<SP ID="P100_SP00177" HPOS="2742" VPOS="2415" WIDTH="35"/>
						<String ID="P100_ST00197" HPOS="2777" VPOS="2336" WIDTH="264" HEIGHT="63" CONTENT="Flotten.»" WC="0.99" CC="565060044"/>
					</TextLine>
					<TextLine ID="P100_TL00022" HPOS="751" VPOS="2422" WIDTH="2287" HEIGHT="83">
						<String ID="P100_ST00198" HPOS="751" VPOS="2441" WIDTH="221" HEIGHT="43" CONTENT="Staaten" WC="1.00" CC="0100500"/>
						<SP ID="P100_SP00178" HPOS="972" VPOS="2484" WIDTH="50"/>
						<String ID="P100_ST00199" HPOS="1022" VPOS="2422" WIDTH="83" HEIGHT="62" CONTENT="als" WC="0.98" CC="060"/>
						<SP ID="P100_SP00179" HPOS="1105" VPOS="2484" WIDTH="44"/>
						<String ID="P100_ST00200" HPOS="1149" VPOS="2423" WIDTH="448" HEIGHT="64" CONTENT="Konkurrenten" WC="0.99" CC="000406620305"/>
						<SP ID="P100_SP00180" HPOS="1597" VPOS="2487" WIDTH="53"/>
						<String ID="P100_ST00201" HPOS="1650" VPOS="2445" WIDTH="332" HEIGHT="60" CONTENT="ausgesetzt" WC="0.99" CC="0409000075"/>
						<SP ID="P100_SP00181" HPOS="1982" VPOS="2505" WIDTH="49"/>
						<String ID="P100_ST00202" HPOS="2031" VPOS="2429" WIDTH="207" HEIGHT="61" CONTENT="hätten." WC="0.99" CC="0047004"/>
						<SP ID="P100_SP00182" HPOS="2238" VPOS="2505" WIDTH="56"/>
						<String ID="P100_ST00203" HPOS="2294" VPOS="2430" WIDTH="84" HEIGHT="62" CONTENT="So" WC="0.59" CC="52"/>
						<SP ID="P100_SP00183" HPOS="2378" VPOS="2505" WIDTH="52"/>
						<String ID="P100_ST00204" HPOS="2430" VPOS="2432" WIDTH="274" HEIGHT="61" CONTENT="erscheint" WC="0.99" CC="060070306"/>
						<SP ID="P100_SP00184" HPOS="2704" VPOS="2505" WIDTH="50"/>
						<String ID="P100_ST00205" HPOS="2754" VPOS="2455" WIDTH="62" HEIGHT="38" CONTENT="es" WC="1.00" CC="00"/>
						<SP ID="P100_SP00185" HPOS="2816" VPOS="2505" WIDTH="52"/>
						<String ID="P100_ST00206" HPOS="2868" VPOS="2432" WIDTH="170" HEIGHT="63" CONTENT="ihnen" WC="0.99" CC="30007"/>
					</TextLine>
					<TextLine ID="P100_TL00023" HPOS="748" VPOS="2517" WIDTH="2288" HEIGHT="83">
						<String ID="P100_ST00207" HPOS="748" VPOS="2517" WIDTH="230" HEIGHT="63" CONTENT="bessere" WC="0.99" CC="7000050"/>
						<SP ID="P100_SP00186" HPOS="978" VPOS="2580" WIDTH="18"/>
						<String ID="P100_ST00208" HPOS="996" VPOS="2519" WIDTH="220" HEIGHT="72" CONTENT="Politik," WC="0.99" CC="03003532"/>
						<SP ID="P100_SP00187" HPOS="1216" VPOS="2591" WIDTH="27"/>
						<String ID="P100_ST00209" HPOS="1243" VPOS="2520" WIDTH="138" HEIGHT="62" CONTENT="alles" WC="0.99" CC="06000"/>
						<SP ID="P100_SP00188" HPOS="1381" VPOS="2591" WIDTH="27"/>
						<String ID="P100_ST00210" HPOS="1408" VPOS="2545" WIDTH="76" HEIGHT="37" CONTENT="zu" WC="0.64" CC="70"/>
						<SP ID="P100_SP00189" HPOS="1484" VPOS="2591" WIDTH="26"/>
						<String ID="P100_ST00211" HPOS="1510" VPOS="2539" WIDTH="122" HEIGHT="53" CONTENT="tun," WC="0.97" CC="1650"/>
						<SP ID="P100_SP00190" HPOS="1632" VPOS="2592" WIDTH="22"/>
						<String ID="P100_ST00212" HPOS="1654" VPOS="2547" WIDTH="98" HEIGHT="35" CONTENT="um" WC="1.00" CC="00"/>
						<SP ID="P100_SP00191" HPOS="1752" VPOS="2592" WIDTH="28"/>
						<String ID="P100_ST00213" HPOS="1780" VPOS="2523" WIDTH="91" HEIGHT="60" CONTENT="die" WC="0.99" CC="020"/>
						<SP ID="P100_SP00192" HPOS="1871" VPOS="2592" WIDTH="20"/>
						<String ID="P100_ST00214" HPOS="1891" VPOS="2523" WIDTH="266" HEIGHT="63" CONTENT="deutsche" WC="0.99" CC="00700070"/>
						<SP ID="P100_SP00193" HPOS="2157" VPOS="2592" WIDTH="18"/>
						<String ID="P100_ST00215" HPOS="2175" VPOS="2524" WIDTH="190" HEIGHT="62" CONTENT="Flotte" WC="0.98" CC="260060"/>
						<SP ID="P100_SP00194" HPOS="2365" VPOS="2592" WIDTH="18"/>
						<String ID="P100_ST00216" HPOS="2383" VPOS="2528" WIDTH="321" HEIGHT="61" CONTENT="vernichten" WC="0.99" CC="0035500400"/>
						<SP ID="P100_SP00195" HPOS="2704" VPOS="2592" WIDTH="27"/>
						<String ID="P100_ST00217" HPOS="2731" VPOS="2552" WIDTH="76" HEIGHT="37" CONTENT="zu" WC="0.69" CC="60"/>
						<SP ID="P100_SP00196" HPOS="2807" VPOS="2592" WIDTH="19"/>
						<String ID="P100_ST00218" HPOS="2826" VPOS="2526" WIDTH="210" HEIGHT="74" CONTENT="helfen," WC="0.98" CC="0056074"/>
					</TextLine>
					<TextLine ID="P100_TL00024" HPOS="750" VPOS="2611" WIDTH="2287" HEIGHT="89">
						<String ID="P100_ST00219" HPOS="750" VPOS="2611" WIDTH="148" HEIGHT="63" CONTENT="denn" WC="0.98" CC="0370"/>
						<SP ID="P100_SP00197" HPOS="898" VPOS="2674" WIDTH="42"/>
						<String ID="P100_ST00220" HPOS="940" VPOS="2613" WIDTH="272" HEIGHT="78" CONTENT="England" WC="0.99" CC="7090030"/>
						<SP ID="P100_SP00198" HPOS="1212" VPOS="2691" WIDTH="43"/>
						<String ID="P100_ST00221" HPOS="1255" VPOS="2614" WIDTH="98" HEIGHT="62" CONTENT="hat" WC="0.97" CC="043"/>
						<SP ID="P100_SP00199" HPOS="1353" VPOS="2691" WIDTH="41"/>
						<String ID="P100_ST00222" HPOS="1394" VPOS="2615" WIDTH="166" HEIGHT="62" CONTENT="keine" WC="0.99" CC="00060"/>
						<SP ID="P100_SP00200" HPOS="1560" VPOS="2691" WIDTH="43"/>
						<String ID="P100_ST00223" HPOS="1603" VPOS="2617" WIDTH="263" HEIGHT="62" CONTENT="Zukunft" WC="0.99" CC="0503044"/>
						<SP ID="P100_SP00201" HPOS="1866" VPOS="2691" WIDTH="46"/>
						<String ID="P100_ST00224" HPOS="1912" VPOS="2619" WIDTH="117" HEIGHT="61" CONTENT="und" WC="1.00" CC="000"/>
						<SP ID="P100_SP00202" HPOS="2029" VPOS="2691" WIDTH="36"/>
						<String ID="P100_ST00225" HPOS="2065" VPOS="2629" WIDTH="73" HEIGHT="52" CONTENT="ist" WC="0.96" CC="603"/>
						<SP ID="P100_SP00203" HPOS="2138" VPOS="2691" WIDTH="33"/>
						<String ID="P100_ST00226" HPOS="2171" VPOS="2620" WIDTH="164" HEIGHT="63" CONTENT="keine" WC="1.00" CC="00000"/>
						<SP ID="P100_SP00204" HPOS="2335" VPOS="2691" WIDTH="38"/>
						<String ID="P100_ST00227" HPOS="2373" VPOS="2620" WIDTH="245" HEIGHT="65" CONTENT="Gefahr," WC="0.98" CC="0040764"/>
						<SP ID="P100_SP00205" HPOS="2618" VPOS="2691" WIDTH="46"/>
						<String ID="P100_ST00228" HPOS="2664" VPOS="2623" WIDTH="134" HEIGHT="77" CONTENT="Jene" WC="0.99" CC="4000"/>
						<SP ID="P100_SP00206" HPOS="2798" VPOS="2700" WIDTH="41"/>
						<String ID="P100_ST00229" HPOS="2839" VPOS="2623" WIDTH="198" HEIGHT="61" CONTENT="wahr»" WC="0.98" CC="02062"/>
					</TextLine>
					<TextLine ID="P100_TL00025" HPOS="747" VPOS="2709" WIDTH="2287" HEIGHT="87">
						<String ID="P100_ST00230" HPOS="747" VPOS="2709" WIDTH="316" HEIGHT="62" CONTENT="scheinliche" WC="0.93" CC="00004002000"/>
						<SP ID="P100_SP00207" HPOS="1063" VPOS="2771" WIDTH="42"/>
						<String ID="P100_ST00231" HPOS="1105" VPOS="2710" WIDTH="479" HEIGHT="80" CONTENT="Verständigung" WC="1.00" CC="0050300020439"/>
						<SP ID="P100_SP00208" HPOS="1584" VPOS="2790" WIDTH="48"/>
						<String ID="P100_ST00232" HPOS="1632" VPOS="2716" WIDTH="281" HEIGHT="59" CONTENT="zwischen" WC="1.00" CC="00400000"/>
						<SP ID="P100_SP00209" HPOS="1913" VPOS="2790" WIDTH="52"/>
						<String ID="P100_ST00233" HPOS="1965" VPOS="2716" WIDTH="112" HEIGHT="61" CONTENT="den" WC="1.00" CC="000"/>
						<SP ID="P100_SP00210" HPOS="2077" VPOS="2790" WIDTH="43"/>
						<String ID="P100_ST00234" HPOS="2120" VPOS="2716" WIDTH="81" HEIGHT="62" CONTENT="U," WC="0.45" CC="73"/>
						<SP ID="P100_SP00211" HPOS="2201" VPOS="2790" WIDTH="31"/>
						<String ID="P100_ST00235" HPOS="2232" VPOS="2717" WIDTH="60" HEIGHT="62" CONTENT="S." WC="0.47" CC="64"/>
						<SP ID="P100_SP00212" HPOS="2292" VPOS="2790" WIDTH="44"/>
						<String ID="P100_ST00236" HPOS="2336" VPOS="2717" WIDTH="118" HEIGHT="61" CONTENT="und" WC="0.98" CC="400"/>
						<SP ID="P100_SP00213" HPOS="2454" VPOS="2790" WIDTH="43"/>
						<String ID="P100_ST00237" HPOS="2497" VPOS="2717" WIDTH="275" HEIGHT="79" CONTENT="England" WC="1.00" CC="5000000"/>
						<SP ID="P100_SP00214" HPOS="2772" VPOS="2796" WIDTH="49"/>
						<String ID="P100_ST00238" HPOS="2821" VPOS="2718" WIDTH="213" HEIGHT="64" CONTENT="konnte" WC="0.99" CC="410020"/>
					</TextLine>
					<TextLine ID="P100_TL00026" HPOS="747" VPOS="2806" WIDTH="2287" HEIGHT="76">
						<String ID="P100_ST00239" HPOS="747" VPOS="2827" WIDTH="97" HEIGHT="37" CONTENT="um" WC="1.00" CC="00"/>
						<SP ID="P100_SP00215" HPOS="844" VPOS="2864" WIDTH="42"/>
						<String ID="P100_ST00240" HPOS="886" VPOS="2829" WIDTH="67" HEIGHT="36" CONTENT="so" WC="0.89" CC="02"/>
						<SP ID="P100_SP00216" HPOS="953" VPOS="2865" WIDTH="43"/>
						<String ID="P100_ST00241" HPOS="996" VPOS="2806" WIDTH="219" HEIGHT="62" CONTENT="leichter" WC="0.99" CC="60600205"/>
						<SP ID="P100_SP00217" HPOS="1215" VPOS="2868" WIDTH="40"/>
						<String ID="P100_ST00242" HPOS="1255" VPOS="2808" WIDTH="285" HEIGHT="61" CONTENT="zustande" WC="0.99" CC="60030700"/>
						<SP ID="P100_SP00218" HPOS="1540" VPOS="2869" WIDTH="42"/>
						<String ID="P100_ST00243" HPOS="1582" VPOS="2808" WIDTH="289" HEIGHT="73" CONTENT="kommen," WC="0.99" CC="7500004"/>
						<SP ID="P100_SP00219" HPOS="1871" VPOS="2881" WIDTH="52"/>
						<String ID="P100_ST00244" HPOS="1923" VPOS="2811" WIDTH="84" HEIGHT="61" CONTENT="als" WC="1.00" CC="000"/>
						<SP ID="P100_SP00220" HPOS="2007" VPOS="2881" WIDTH="45"/>
						<String ID="P100_ST00245" HPOS="2052" VPOS="2835" WIDTH="133" HEIGHT="37" CONTENT="man" WC="1.00" CC="000"/>
						<SP ID="P100_SP00221" HPOS="2185" VPOS="2881" WIDTH="42"/>
						<String ID="P100_ST00246" HPOS="2227" VPOS="2813" WIDTH="216" HEIGHT="69" CONTENT="wußte," WC="0.98" CC="071504"/>
						<SP ID="P100_SP00222" HPOS="2443" VPOS="2882" WIDTH="44"/>
						<String ID="P100_ST00247" HPOS="2487" VPOS="2813" WIDTH="111" HEIGHT="61" CONTENT="daß" WC="1.00" CC="000"/>
						<SP ID="P100_SP00223" HPOS="2598" VPOS="2882" WIDTH="43"/>
						<String ID="P100_ST00248" HPOS="2641" VPOS="2813" WIDTH="393" HEIGHT="63" CONTENT="Deutschland" WC="1.00" CC="00210000000"/>
					</TextLine>
					<TextLine ID="P100_TL00027" HPOS="746" VPOS="2901" WIDTH="2291" HEIGHT="86">
						<String ID="P100_ST00249" HPOS="746" VPOS="2907" WIDTH="55" HEIGHT="52" CONTENT="in" WC="0.65" CC="60"/>
						<SP ID="P100_SP00224" HPOS="801" VPOS="2959" WIDTH="43"/>
						<String ID="P100_ST00250" HPOS="844" VPOS="2909" WIDTH="183" HEIGHT="52" CONTENT="einem" WC="1.00" CC="00000"/>
						<SP ID="P100_SP00225" HPOS="1027" VPOS="2961" WIDTH="42"/>
						<String ID="P100_ST00251" HPOS="1069" VPOS="2901" WIDTH="213" HEIGHT="80" CONTENT="Kriege" WC="0.99" CC="064000"/>
						<SP ID="P100_SP00226" HPOS="1282" VPOS="2981" WIDTH="51"/>
						<String ID="P100_ST00252" HPOS="1333" VPOS="2912" WIDTH="101" HEIGHT="52" CONTENT="mit" WC="0.99" CC="002"/>
						<SP ID="P100_SP00227" HPOS="1434" VPOS="2981" WIDTH="40"/>
						<String ID="P100_ST00253" HPOS="1474" VPOS="2904" WIDTH="275" HEIGHT="78" CONTENT="England" WC="0.99" CC="7000500"/>
						<SP ID="P100_SP00228" HPOS="1749" VPOS="2982" WIDTH="51"/>
						<String ID="P100_ST00254" HPOS="1800" VPOS="2905" WIDTH="165" HEIGHT="62" CONTENT="keine" WC="0.99" CC="50000"/>
						<SP ID="P100_SP00229" HPOS="1965" VPOS="2982" WIDTH="52"/>
						<String ID="P100_ST00255" HPOS="2017" VPOS="2906" WIDTH="132" HEIGHT="62" CONTENT="dem" WC="0.99" CC="030"/>
						<SP ID="P100_SP00230" HPOS="2149" VPOS="2982" WIDTH="42"/>
						<String ID="P100_ST00256" HPOS="2191" VPOS="2907" WIDTH="234" HEIGHT="61" CONTENT="Handel" WC="0.99" CC="600000"/>
						<SP ID="P100_SP00231" HPOS="2425" VPOS="2982" WIDTH="52"/>
						<String ID="P100_ST00257" HPOS="2477" VPOS="2910" WIDTH="230" HEIGHT="60" CONTENT="offenen" WC="0.98" CC="6676600"/>
						<SP ID="P100_SP00232" HPOS="2707" VPOS="2982" WIDTH="44"/>
						<String ID="P100_ST00258" HPOS="2751" VPOS="2909" WIDTH="286" HEIGHT="78" CONTENT="Seewege" WC="0.99" CC="6000090"/>
					</TextLine>
					<TextLine ID="P100_TL00028" HPOS="745" VPOS="2992" WIDTH="2291" HEIGHT="89">
						<String ID="P100_ST00259" HPOS="745" VPOS="2992" WIDTH="184" HEIGHT="63" CONTENT="haben" WC="0.99" CC="00700"/>
						<SP ID="P100_SP00233" HPOS="929" VPOS="3055" WIDTH="60"/>
						<String ID="P100_ST00260" HPOS="989" VPOS="2996" WIDTH="219" HEIGHT="64" CONTENT="würde." WC="0.99" CC="006004"/>
						<SP ID="P100_SP00234" HPOS="1208" VPOS="3060" WIDTH="56"/>
						<String ID="P100_ST00261" HPOS="1264" VPOS="2998" WIDTH="142" HEIGHT="62" CONTENT="Auf" WC="1.00" CC="100"/>
						<SP ID="P100_SP00235" HPOS="1406" VPOS="3060" WIDTH="52"/>
						<String ID="P100_ST00262" HPOS="1458" VPOS="2999" WIDTH="92" HEIGHT="61" CONTENT="die" WC="1.00" CC="000"/>
						<SP ID="P100_SP00236" HPOS="1550" VPOS="3060" WIDTH="53"/>
						<String ID="P100_ST00263" HPOS="1603" VPOS="2999" WIDTH="539" HEIGHT="80" CONTENT="Komplikationen," WC="0.99" CC="009060702436064"/>
						<SP ID="P100_SP00237" HPOS="2142" VPOS="3079" WIDTH="62"/>
						<String ID="P100_ST00264" HPOS="2204" VPOS="3003" WIDTH="90" HEIGHT="61" CONTENT="die" WC="0.99" CC="030"/>
						<SP ID="P100_SP00238" HPOS="2294" VPOS="3079" WIDTH="51"/>
						<String ID="P100_ST00265" HPOS="2345" VPOS="3004" WIDTH="108" HEIGHT="60" CONTENT="sich" WC="0.98" CC="0307"/>
						<SP ID="P100_SP00239" HPOS="2453" VPOS="3079" WIDTH="62"/>
						<String ID="P100_ST00266" HPOS="2515" VPOS="3004" WIDTH="212" HEIGHT="61" CONTENT="daraus" WC="0.98" CC="007560"/>
						<SP ID="P100_SP00240" HPOS="2727" VPOS="3079" WIDTH="61"/>
						<String ID="P100_ST00267" HPOS="2788" VPOS="3004" WIDTH="248" HEIGHT="77" CONTENT="ergeben" WC="0.99" CC="0690000"/>
					</TextLine>
					<TextLine ID="P100_TL00029" HPOS="742" VPOS="3088" WIDTH="2292" HEIGHT="89">
						<String ID="P100_ST00268" HPOS="742" VPOS="3088" WIDTH="245" HEIGHT="73" CONTENT="können," WC="1.00" CC="0000303"/>
						<SP ID="P100_SP00241" HPOS="987" VPOS="3161" WIDTH="43"/>
						<String ID="P100_ST00269" HPOS="1030" VPOS="3099" WIDTH="73" HEIGHT="53" CONTENT="ist" WC="0.98" CC="500"/>
						<SP ID="P100_SP00242" HPOS="1103" VPOS="3161" WIDTH="39"/>
						<String ID="P100_ST00270" HPOS="1142" VPOS="3116" WIDTH="134" HEIGHT="38" CONTENT="man" WC="1.00" CC="000"/>
						<SP ID="P100_SP00243" HPOS="1276" VPOS="3161" WIDTH="43"/>
						<String ID="P100_ST00271" HPOS="1319" VPOS="3095" WIDTH="175" HEIGHT="60" CONTENT="sicher" WC="0.98" CC="040704"/>
						<SP ID="P100_SP00244" HPOS="1494" VPOS="3161" WIDTH="42"/>
						<String ID="P100_ST00272" HPOS="1536" VPOS="3103" WIDTH="55" HEIGHT="52" CONTENT="in" WC="0.67" CC="60"/>
						<SP ID="P100_SP00245" HPOS="1591" VPOS="3161" WIDTH="44"/>
						<String ID="P100_ST00273" HPOS="1635" VPOS="3095" WIDTH="284" HEIGHT="61" CONTENT="Amerika" WC="0.99" CC="2004002"/>
						<SP ID="P100_SP00246" HPOS="1919" VPOS="3161" WIDTH="42"/>
						<String ID="P100_ST00274" HPOS="1961" VPOS="3098" WIDTH="378" HEIGHT="73" CONTENT="vorbereitet,-" WC="0.99" CC="0070075400440"/>
						<SP ID="P100_SP00247" HPOS="2339" VPOS="3171" WIDTH="49"/>
						<String ID="P100_ST00275" HPOS="2388" VPOS="3100" WIDTH="137" HEIGHT="60" CONTENT="auch" WC="0.97" CC="5007"/>
						<SP ID="P100_SP00248" HPOS="2525" VPOS="3171" WIDTH="45"/>
						<String ID="P100_ST00276" HPOS="2570" VPOS="3099" WIDTH="110" HEIGHT="61" CONTENT="auf" WC="0.98" CC="005"/>
						<SP ID="P100_SP00249" HPOS="2680" VPOS="3171" WIDTH="34"/>
						<String ID="P100_ST00277" HPOS="2714" VPOS="3100" WIDTH="92" HEIGHT="61" CONTENT="die" WC="1.00" CC="000"/>
						<SP ID="P100_SP00250" HPOS="2806" VPOS="3171" WIDTH="42"/>
						<String ID="P100_ST00278" HPOS="2848" VPOS="3098" WIDTH="186" HEIGHT="79" CONTENT="Mög»" WC="0.65" CC="0094"/>
					</TextLine>
					<TextLine ID="P100_TL00030" HPOS="741" VPOS="3182" WIDTH="2291" HEIGHT="83">
						<String ID="P100_ST00279" HPOS="741" VPOS="3182" WIDTH="209" HEIGHT="63" CONTENT="lichkeit" WC="0.83" CC="70000203"/>
						<SP ID="P100_SP00251" HPOS="950" VPOS="3245" WIDTH="33"/>
						<String ID="P100_ST00280" HPOS="983" VPOS="3194" WIDTH="155" HEIGHT="54" CONTENT="eines" WC="0.99" CC="01200"/>
						<SP ID="P100_SP00252" HPOS="1138" VPOS="3248" WIDTH="28"/>
						<String ID="P100_ST00281" HPOS="1166" VPOS="3187" WIDTH="395" HEIGHT="65" CONTENT="Ultimatums," WC="0.99" CC="67410200000"/>
						<SP ID="P100_SP00253" HPOS="1561" VPOS="3252" WIDTH="38"/>
						<String ID="P100_ST00282" HPOS="1599" VPOS="3191" WIDTH="136" HEIGHT="61" CONTENT="Daß" WC="1.00" CC="000"/>
						<SP ID="P100_SP00254" HPOS="1735" VPOS="3252" WIDTH="37"/>
						<String ID="P100_ST00283" HPOS="1772" VPOS="3191" WIDTH="90" HEIGHT="61" CONTENT="die" WC="0.98" CC="040"/>
						<SP ID="P100_SP00255" HPOS="1862" VPOS="3252" WIDTH="26"/>
						<String ID="P100_ST00284" HPOS="1888" VPOS="3191" WIDTH="386" HEIGHT="63" CONTENT="Amerikaner" WC="0.99" CC="2006200006"/>
						<SP ID="P100_SP00256" HPOS="2274" VPOS="3254" WIDTH="33"/>
						<String ID="P100_ST00285" HPOS="2307" VPOS="3193" WIDTH="165" HEIGHT="62" CONTENT="keine" WC="0.99" CC="04500"/>
						<SP ID="P100_SP00257" HPOS="2472" VPOS="3255" WIDTH="27"/>
						<String ID="P100_ST00286" HPOS="2499" VPOS="3194" WIDTH="252" HEIGHT="71" CONTENT="Nation," WC="0.99" CC="5016210"/>
						<SP ID="P100_SP00258" HPOS="2751" VPOS="3265" WIDTH="28"/>
						<String ID="P100_ST00287" HPOS="2779" VPOS="3194" WIDTH="253" HEIGHT="63" CONTENT="sondern" WC="0.98" CC="0570067"/>
					</TextLine>
					<TextLine ID="P100_TL00031" HPOS="741" VPOS="3282" WIDTH="2291" HEIGHT="86">
						<String ID="P100_ST00288" HPOS="741" VPOS="3287" WIDTH="124" HEIGHT="53" CONTENT="eine" WC="1.00" CC="0000"/>
						<SP ID="P100_SP00259" HPOS="865" VPOS="3340" WIDTH="26"/>
						<String ID="P100_ST00289" HPOS="891" VPOS="3282" WIDTH="299" HEIGHT="75" CONTENT="gemischte" WC="1.00" CC="040000010"/>
						<SP ID="P100_SP00260" HPOS="1190" VPOS="3357" WIDTH="18"/>
						<String ID="P100_ST00290" HPOS="1208" VPOS="3282" WIDTH="409" HEIGHT="81" CONTENT="Bevölkerung" WC="1.00" CC="00005007000"/>
						<SP ID="P100_SP00261" HPOS="1617" VPOS="3363" WIDTH="26"/>
						<String ID="P100_ST00291" HPOS="1643" VPOS="3296" WIDTH="101" HEIGHT="51" CONTENT="mit" WC="0.97" CC="052"/>
						<SP ID="P100_SP00262" HPOS="1744" VPOS="3363" WIDTH="26"/>
						<String ID="P100_ST00292" HPOS="1770" VPOS="3287" WIDTH="151" HEIGHT="61" CONTENT="alten" WC="0.98" CC="50500"/>
						<SP ID="P100_SP00263" HPOS="1921" VPOS="3363" WIDTH="19"/>
						<String ID="P100_ST00293" HPOS="1940" VPOS="3287" WIDTH="543" HEIGHT="80" CONTENT="Heimatsgefühlen" WC="1.00" CC="502030090307000"/>
						<SP ID="P100_SP00264" HPOS="2483" VPOS="3367" WIDTH="30"/>
						<String ID="P100_ST00294" HPOS="2513" VPOS="3290" WIDTH="119" HEIGHT="61" CONTENT="und" WC="0.95" CC="670"/>
						<SP ID="P100_SP00265" HPOS="2632" VPOS="3367" WIDTH="19"/>
						<String ID="P100_ST00295" HPOS="2651" VPOS="3290" WIDTH="381" HEIGHT="78" CONTENT="Sympathien" WC="0.99" CC="0690000500"/>
					</TextLine>
					<TextLine ID="P100_TL00032" HPOS="737" VPOS="3373" WIDTH="2294" HEIGHT="88">
						<String ID="P100_ST00296" HPOS="737" VPOS="3373" WIDTH="146" HEIGHT="72" CONTENT="sind," WC="1.00" CC="00000"/>
						<SP ID="P100_SP00266" HPOS="883" VPOS="3445" WIDTH="130"/>
						<String ID="P100_ST00297" HPOS="1013" VPOS="3379" WIDTH="186" HEIGHT="59" CONTENT="dieser" WC="0.99" CC="000006"/>
						<SP ID="P100_SP00267" HPOS="1199" VPOS="3445" WIDTH="42"/>
						<String ID="P100_ST00298" HPOS="1241" VPOS="3377" WIDTH="440" HEIGHT="82" CONTENT="Schwierigkeit," WC="1.00" CC="56002060020141"/>
						<SP ID="P100_SP00268" HPOS="1681" VPOS="3459" WIDTH="44"/>
						<String ID="P100_ST00299" HPOS="1725" VPOS="3382" WIDTH="92" HEIGHT="61" CONTENT="die" WC="1.00" CC="000"/>
						<SP ID="P100_SP00269" HPOS="1817" VPOS="3459" WIDTH="41"/>
						<String ID="P100_ST00300" HPOS="1858" VPOS="3406" WIDTH="135" HEIGHT="37" CONTENT="man" WC="1.00" CC="000"/>
						<SP ID="P100_SP00270" HPOS="1993" VPOS="3459" WIDTH="36"/>
						<String ID="P100_ST00301" HPOS="2029" VPOS="3382" WIDTH="91" HEIGHT="63" CONTENT="bei" WC="0.97" CC="701"/>
						<SP ID="P100_SP00271" HPOS="2120" VPOS="3459" WIDTH="36"/>
						<String ID="P100_ST00302" HPOS="2156" VPOS="3408" WIDTH="109" HEIGHT="37" CONTENT="uns" WC="1.00" CC="000"/>
						<SP ID="P100_SP00272" HPOS="2265" VPOS="3459" WIDTH="37"/>
						<String ID="P100_ST00303" HPOS="2302" VPOS="3385" WIDTH="377" HEIGHT="71" CONTENT="überschätzt," WC="1.00" CC="000600700011"/>
						<SP ID="P100_SP00273" HPOS="2679" VPOS="3459" WIDTH="44"/>
						<String ID="P100_ST00304" HPOS="2723" VPOS="3384" WIDTH="148" HEIGHT="62" CONTENT="wird" WC="0.98" CC="0360"/>
						<SP ID="P100_SP00274" HPOS="2871" VPOS="3459" WIDTH="31"/>
						<String ID="P100_ST00305" HPOS="2902" VPOS="3385" WIDTH="129" HEIGHT="76" CONTENT="jede" WC="0.98" CC="9000"/>
					</TextLine>
					<TextLine ID="P100_TL00033" HPOS="737" VPOS="3470" WIDTH="2295" HEIGHT="88">
						<String ID="P100_ST00306" HPOS="737" VPOS="3470" WIDTH="434" HEIGHT="63" CONTENT="amerikanische" WC="1.00" CC="0004200020000"/>
						<SP ID="P100_SP00275" HPOS="1171" VPOS="3533" WIDTH="41"/>
						<String ID="P100_ST00307" HPOS="1212" VPOS="3472" WIDTH="325" HEIGHT="80" CONTENT="Regierung" WC="0.99" CC="500405530"/>
						<SP ID="P100_SP00276" HPOS="1537" VPOS="3552" WIDTH="46"/>
						<String ID="P100_ST00308" HPOS="1583" VPOS="3476" WIDTH="156" HEIGHT="63" CONTENT="Herr" WC="0.96" CC="5056"/>
						<SP ID="P100_SP00277" HPOS="1739" VPOS="3552" WIDTH="42"/>
						<String ID="P100_ST00309" HPOS="1781" VPOS="3479" WIDTH="255" HEIGHT="62" CONTENT="werden." WC="1.00" CC="0000003"/>
						<SP ID="P100_SP00278" HPOS="2036" VPOS="3552" WIDTH="47"/>
						<String ID="P100_ST00310" HPOS="2083" VPOS="3479" WIDTH="126" HEIGHT="62" CONTENT="Der" WC="0.97" CC="035"/>
						<SP ID="P100_SP00279" HPOS="2209" VPOS="3552" WIDTH="32"/>
						<String ID="P100_ST00311" HPOS="2241" VPOS="3480" WIDTH="180" HEIGHT="78" CONTENT="Krieg" WC="0.98" CC="04209"/>
						<SP ID="P100_SP00280" HPOS="2421" VPOS="3558" WIDTH="43"/>
						<String ID="P100_ST00312" HPOS="2464" VPOS="3490" WIDTH="73" HEIGHT="51" CONTENT="ist" WC="0.98" CC="203"/>
						<SP ID="P100_SP00281" HPOS="2537" VPOS="3558" WIDTH="35"/>
						<String ID="P100_ST00313" HPOS="2572" VPOS="3490" WIDTH="90" HEIGHT="51" CONTENT="ein" WC="0.98" CC="040"/>
						<SP ID="P100_SP00282" HPOS="2662" VPOS="3558" WIDTH="45"/>
						<String ID="P100_ST00314" HPOS="2707" VPOS="3504" WIDTH="70" HEIGHT="37" CONTENT="so" WC="0.79" CC="04"/>
						<SP ID="P100_SP00283" HPOS="2777" VPOS="3558" WIDTH="43"/>
						<String ID="P100_ST00315" HPOS="2820" VPOS="3480" WIDTH="212" HEIGHT="78" CONTENT="grobes" WC="0.99" CC="064000"/>
					</TextLine>
					<TextLine ID="P100_TL00034" HPOS="736" VPOS="3561" WIDTH="2048" HEIGHT="91">
						<String ID="P100_ST00316" HPOS="736" VPOS="3561" WIDTH="203" HEIGHT="75" CONTENT="Mittel," WC="0.98" CC="7043262"/>
						<SP ID="P100_SP00284" HPOS="939" VPOS="3636" WIDTH="46"/>
						<String ID="P100_ST00317" HPOS="985" VPOS="3566" WIDTH="111" HEIGHT="63" CONTENT="daß" WC="0.98" CC="050"/>
						<SP ID="P100_SP00285" HPOS="1096" VPOS="3636" WIDTH="44"/>
						<String ID="P100_ST00318" HPOS="1140" VPOS="3591" WIDTH="61" HEIGHT="38" CONTENT="er" WC="0.80" CC="03"/>
						<SP ID="P100_SP00286" HPOS="1201" VPOS="3636" WIDTH="43"/>
						<String ID="P100_ST00319" HPOS="1244" VPOS="3569" WIDTH="185" HEIGHT="61" CONTENT="solche" WC="0.98" CC="020970"/>
						<SP ID="P100_SP00287" HPOS="1429" VPOS="3636" WIDTH="43"/>
						<String ID="P100_ST00320" HPOS="1472" VPOS="3570" WIDTH="366" HEIGHT="64" CONTENT="Subtilitäten" WC="0.90" CC="060000030200"/>
						<SP ID="P100_SP00288" HPOS="1838" VPOS="3636" WIDTH="45"/>
						<String ID="P100_ST00321" HPOS="1883" VPOS="3573" WIDTH="101" HEIGHT="62" CONTENT="des" WC="1.00" CC="000"/>
						<SP ID="P100_SP00289" HPOS="1984" VPOS="3636" WIDTH="47"/>
						<String ID="P100_ST00322" HPOS="2031" VPOS="3573" WIDTH="255" HEIGHT="63" CONTENT="Gefühls" WC="0.99" CC="6000700"/>
						<SP ID="P100_SP00290" HPOS="2286" VPOS="3636" WIDTH="44"/>
						<String ID="P100_ST00323" HPOS="2330" VPOS="3577" WIDTH="157" HEIGHT="59" CONTENT="rasch" WC="0.98" CC="65000"/>
						<SP ID="P100_SP00291" HPOS="2487" VPOS="3636" WIDTH="46"/>
						<String ID="P100_ST00324" HPOS="2533" VPOS="3574" WIDTH="251" HEIGHT="78" CONTENT="erledigt." WC="1.00" CC="060000002"/>
					</TextLine>
				</TextBlock>
			</PrintSpace>
		</Page>
	</Layout>
</alto>
