3084 4572
2471 433 96 52 833

1029 453 142 52 Carf
1185 449 286 54 Sternfieim
1499 472 9 11 •
1527 444 273 64 NapoCeon

274 653 255 80 Klopfen
573 651 120 62 und
733 649 254 63 Lodern
1023 644 101 63 der
1166 644 227 61 Atome
1428 633 478 84 angeschwollen,
1949 632 172 62 durch
2171 628 398 77 Beimischung

273 748 242 65 scharfer
560 746 300 63 Gewürze
901 742 202 62 Kiefer
1145 738 120 63 und
1318 736 278 63 Gaumen
1647 741 138 70 jetzt
1826 737 257 69 weniger
2126 724 171 63 durch
2353 723 215 61 Kauen

274 845 84 62 als
401 844 168 61 durch
612 842 171 61 Beize
825 837 379 78 beschäftigte,
1247 828 383 68 schmunzelte
1674 851 62 38 er
1778 823 120 64 und
1940 822 144 62 trieb
2140 821 92 62 die
2276 817 293 65 entdedte

274 940 198 62 Kunst
528 963 75 37 zu
663 948 198 51 immer
919 934 269 79 größerer
1247 926 395 78 Vollendung.
1705 922 154 64 Nun
1920 920 152 62 hatte
2132 941 62 39 er
2253 940 161 38 zwar
2474 938 95 38 am

277 1034 203 64 Schluß
532 1033 101 61 des
686 1030 194 82 Jahres
933 1028 92 62 die
1077 1027 405 76 Genugtuung
1533 1030 156 52 eines
1742 1013 567 67 außerordentlichen
2368 1009 203 62 Über*

279 1129 281 72 Schusses,
604 1127 181 62 fühlte
827 1124 156 71 aber,
1026 1122 95 62 ihn
1164 1119 375 78 befriedigten
1591 1115 91 63 die
1736 1110 401 72 Grundsätze,
2190 1108 138 61 nach
2380 1105 189 61 denen

275 1249 63 37 er
379 1223 172 63 heute
576 1222 159 61 Wirt
774 1230 105 61 sei,
919 1217 197 62 weder
1158 1226 56 52 in
1248 1216 198 76 Bezug
1488 1211 111 62 auf
1625 1211 92 62 die
1750 1204 454 66 Beschaffenheit
2239 1202 103 62 der
2377 1201 194 62 Gäste

278 1319 176 71 mehr,
490 1317 137 61 noch
663 1312 326 65 hinsichtlich
1018 1312 99 61 der
1147 1310 205 71 Mittel,
1387 1309 92 62 die
1515 1331 61 38 er
1610 1303 333 73 anwandte,
1978 1302 121 62 ihre
2133 1301 436 74 Erwartungen

277 1439 75 37 zu
393 1413 253 62 erfüllen.

1399 1493 31 27 *

358 1604 104 60 An
505 1612 183 52 einem
730 1598 453 79 Sonntagabend
1224 1597 104 62 lief
1355 1596 141 60 dicht
1529 1618 109 37 vor
1672 1602 198 53 seinen
1897 1592 224 76 Augen
2156 1588 93 62 die
2274 1585 252 65 Wendel-

279 1715 197 62 treppe
528 1721 75 36 zu
653 1696 111 61 den
815 1696 264 60 Räumen
1130 1702 74 51 im
1256 1707 190 45 ersten
1498 1690 171 62 Stod
1721 1687 102 61 des
1867 1687 382 60 Restaurants
2293 1691 93 53 ein
2427 1682 143 61 Per*

280 1794 244 61 sönden
583 1814 217 56 empor,
861 1789 105 61 das
1017 1796 100 52 mit
1166 1786 393 61 Rodrüschen
1611 1782 120 62 und
1773 1781 259 62 Volants
2084 1789 114 52 wie
2249 1787 91 52 ein
2394 1777 176 73 Quirl

280 1886 143 63 über
448 1897 184 50 seiner
660 1886 151 61 Stirn
838 1883 212 80 hüpfte.
1079 1884 116 60 Die
1214 1881 176 61 Beine
1416 1889 56 52 in
1498 1877 428 63 weißseidenen
1956 1874 336 80 Strümpfen
2319 1872 251 63 nahmen

280 1989 167 62 zwei,
481 1980 118 60 drei
635 1979 205 62 Stufen
876 1977 111 62 auf
1012 1975 226 71 einmal,
1272 1974 121 61 und
1426 1975 93 60 bei
1552 1971 186 77 jedem
1771 1971 141 61 Satz
1947 1970 218 61 federte
2201 1968 103 62 der
2337 1969 234 79 Körper

282 2074 137 61 hoch
446 2074 109 61 auf
573 2083 54 51 in
663 2073 110 61 den
802 2072 320 62 Gelenken,
1161 2071 176 60 Dazu
1375 2069 189 78 flogen
1599 2068 221 69 Haare,
1855 2065 252 70 Federn,
2141 2062 296 63 Pelzwerk
2471 2087 100 37 um

282 2170 111 61 den
435 2168 182 79 Kopf,
677 2168 119 61 und
853 2177 90 51 ein
1006 2175 288 71 empörtes
1354 2162 434 63 Hundekläffen
1848 2162 130 61 kam
2029 2185 120 38 von
2202 2159 180 63 ihrem
2433 2182 140 38 ver*

283 2280 311 43 mummten
621 2262 194 61 Busen
835 2261 115 61 her.
971 2261 120 60 Mit
1116 2269 184 52 einem
1328 2258 233 79 Sprung
1589 2258 266 77 schwang
1883 2265 83 52 sie
1992 2256 110 61 sich
2131 2255 153 62 oben
2311 2279 78 37 zu
2423 2262 151 54 zwei

284 2359 225 61 Herren
551 2382 74 36 an
677 2356 110 62 den
829 2352 164 65 Tisch
1045 2355 122 61 und
1223 2355 114 62 rief
1379 2354 339 78 klingenden
1770 2352 399 63 Sümmchens:
2220 2351 349 78 »Hunger!«

283 2453 340 79 Napoleon,
684 2452 101 60 der
834 2452 109 60 auf
987 2450 205 62 Zehen
1243 2473 109 38 vor
1402 2458 84 53 sie
1536 2464 254 62 getreten
1834 2472 144 47 war,
2030 2446 169 61 durch
2207 2445 201 73 fuhr's,
2451 2445 123 62 hier

284 2556 83 52 sei
416 2556 158 52 seine
622 2570 182 54 ganze
854 2544 365 80 Speisekarte
1271 2544 114 61 fehl
1437 2568 94 37 am
1576 2544 137 70 Ort,
1764 2542 122 62 und
1928 2540 283 63 während
2251 2542 155 61 Röte
2448 2549 125 54 sein

283 2641 225 61 Antlitz
548 2641 190 71 malte,
781 2639 189 79 schlug
1012 2639 103 63 das
1159 2641 160 59 Herz
1356 2638 475 62 Generalmarsch
1867 2647 54 51 in
1957 2636 269 78 hastiger,
2262 2637 313 61 aussichts*

284 2736 153 61 loser
477 2735 322 78 Erregung,
843 2760 124 37 was
1012 2759 61 38 er
1115 2735 217 62 diesem
1373 2735 299 78 Püppchen
1716 2733 189 61 bieten
1947 2732 205 62 könne,

363 2829 114 61 Als
519 2829 285 62 Madame
846 2829 315 62 Valentine
1201 2830 219 61 Forain
1463 2829 185 62 stellte
1690 2838 84 52 sie
1817 2836 156 52 einer
2015 2827 103 61 der
2170 2827 234 63 Herren
2446 2852 131 47 vor,

287 2924 119 61 und
446 2924 353 79 Napoleons
842 2924 249 62 Unruhe
1134 2925 192 61 wuchs
1369 2948 105 38 zur
1515 2924 472 77 Verzweiflung,
2038 2923 85 62 als
2169 2947 63 38 er
2274 2923 187 72 hörte,
2514 2947 63 38 er

287 3018 147 61 habe
476 3018 91 62 die
609 3018 298 62 berühmte
948 3015 289 66 Tänzerin
1295 3043 109 38 vor
1462 3019 129 71 sich,
1652 3019 95 61 die
1797 3028 109 52 seit
1947 3018 269 62 Wochen
2265 3019 160 62 Paris
2470 3019 108 62 be*

285 3111 265 62 zaubere,
595 3112 234 62 »Stillen
871 3113 98 62 Sie
1011 3123 226 52 meinen
1279 3114 247 78 Hunger
1568 3122 101 52 mit
1709 3113 191 71 Luft,«
1947 3130 166 62 sagte
2156 3123 104 63 sie,
2300 3114 129 61 »die
2465 3114 114 63 den

287 3206 139 61 Leib
468 3207 141 60 nicht
650 3206 328 65 beschwert.
1023 3208 98 63 Sie
1164 3208 178 63 sehen
1385 3233 129 47 aus,
1557 3207 84 64 als
1685 3207 309 64 verstehen
2038 3208 98 63 Sie
2179 3208 128 63 Ihre
2358 3210 217 63 Kunst.

287 3301 240 62 Diesem
585 3302 181 61 süßen
827 3302 410 79 Ungeheuer,«
1301 3313 82 52 sie
1434 3313 142 52 wies
1629 3304 111 61 auf
1784 3304 104 62 das
1942 3305 326 61 safranrote
2320 3305 260 62 Hunde*

285 3398 399 71 schnäuzchen,
736 3398 104 62 das
884 3422 106 38 aus
1041 3408 156 52 einer
1239 3399 198 80 Spalte
1488 3399 149 62 ihrer
1676 3395 187 66 Taille
1915 3400 349 73 schnüffelte,
2321 3403 258 62 »reichen

287 3490 98 63 Sie
426 3501 91 52 ein
560 3492 297 62 Schälchen
899 3493 395 62 zerkleinerter
1336 3494 396 62 Kalbsmilch,«

364 3586 191 62 Einen
598 3587 358 79 Augenblick
999 3587 149 62 blieb
1190 3588 325 80 Napoleon
1558 3591 111 61 auf
1703 3591 133 62 dem
1881 3591 180 80 Gang
2110 3616 107 37 zur
2259 3592 203 62 Küche
2504 3601 78 53 im

287 3681 270 62 Dunkeln
602 3706 73 37 an
720 3692 164 52 einen
926 3683 204 63 Pfeiler
1171 3685 249 78 gelehnt,
1469 3685 84 63 als
1606 3686 151 63 habe
1809 3711 61 38 er
1923 3696 166 53 einen
2142 3687 205 80 Schlag
2398 3713 184 54 gegen

288 3775 90 62 die
421 3775 153 63 Stirn
617 3776 342 64 bekommen
1003 3779 119 61 und
1163 3790 196 52 müsse
1393 3781 109 61 sich
1539 3798 117 45 erst
1689 3807 75 36 zu
1799 3805 211 40 neuem
2043 3782 202 63 Leben
2281 3784 299 63 sammeln.

288 3870 196 62 Gleich
528 3873 138 62 aber
707 3874 168 61 schoß
912 3873 91 63 die
1045 3874 377 63 Stichflamme
1465 3876 103 63 der
1610 3876 352 65 Erkenntnis
2006 3888 56 52 in
2105 3878 119 63 ihm
2259 3879 161 72 hoch,
2465 3880 119 61 hier

285 3967 148 77 gelte
475 3991 62 39 es
581 3968 92 62 die
715 3968 279 74 Zukunft,
1047 3969 121 62 und
1218 3972 171 61 schon
1441 3983 201 69 spürte
1693 3997 62 38 er
1804 3973 113 63 den
1971 3998 108 40 aus
2132 3974 113 64 den
2287 3976 297 80 Kämpfen
