3246 4572
1226 454 57 49 S.
1316 445 352 57 Triedfaettder
1689 466 9 11 •
1716 440 118 52 Der
1863 432 286 65 Wagßafter
2175 430 94 48 der
2297 425 125 52 Weft

692 464 96 51 872

700 653 210 62 andere
928 651 240 61 Extrem
1195 666 132 39 zum
1356 630 432 72 zunehmenden
1806 627 231 73 Zwang
2062 621 104 60 das
2194 614 336 81 umgekehrt
2555 609 418 66 zunehmende.

702 750 273 61 Extreme
1016 738 251 65 Freiheit
1319 743 71 52 ist
1430 754 106 38 nur
1577 719 396 83 umgedrehter
2015 715 261 75 Zwang/
2325 709 154 62 ohne
2531 708 157 62 diese
2733 704 206 79 Gegen-

702 839 272 78 seitigkeit
1013 835 226 62 verliert
1279 829 155 78 jeder
1465 822 103 64 Pol
1611 820 91 59 für
1742 816 107 61 sich
1893 821 157 53 seine
2083 807 359 76 Bedeutung.
2488 804 153 61 Man
2676 799 303 64 versichert

701 938 106 62 sich
843 935 99 60 der
975 929 234 63 wahren
1242 919 322 67 Herrschaft
1597 912 166 63 durch
1801 909 102 60 das
1938 903 366 65 Einnehmen
2339 900 103 63 des
2478 909 233 52 intimen
2747 895 203 64 Gleich-

701 1023 520 86 gewichtspunktes.
1267 1018 83 62 So
1393 1015 99 60 hat
1533 1006 245 65 Willkür
1820 1002 119 63 ihre
1982 1001 299 68 Extreme,
2333 1020 73 37 an
2451 995 175 61 deren
2671 1002 185 53 einem
2900 999 84 52 sie

703 1136 196 51 immer
938 1118 158 64 mehr
1138 1113 118 63 und
1296 1109 158 64 mehr
1496 1105 126 70 ab-,
1663 1126 93 37 am
1799 1098 253 62 anderen
2095 1104 198 52 immer
2329 1091 162 63 mehr
2525 1099 308 61 zunimmt/
2874 1084 74 62 da-

703 1220 186 68 durch,
932 1215 108 61 daß
1082 1221 81 52 sie
1205 1207 128 61 dem
1376 1212 163 53 einen
1581 1194 335 70 nachstrebt,
1968 1192 219 61 kommt
2236 1199 84 52 sie
2362 1211 140 39 vom
2545 1184 254 62 anderen
2842 1180 146 63 nicht

702 1315 107 68 los,
861 1335 61 37 es
966 1307 139 76 folgt
1144 1303 100 70 ihr,
1296 1324 60 37 es
1401 1295 238 68 hindert,
1693 1314 61 38 es
1807 1290 217 60 bremst
2074 1296 99 52 sie.
2218 1284 204 63 Wenn
2465 1291 84 53 sie
2591 1279 158 63 ihren
2794 1277 193 62 echten

702 1406 227 64 Vorteil
969 1397 268 69 versteht,
1289 1391 237 64 erwählt
1577 1397 81 53 sie
1700 1386 111 62 sich
1854 1383 93 61 die
1990 1381 529 79 lebendig-präzise
2561 1373 428 75 Beherrschung

702 1502 192 62 beider
934 1495 163 64 durch
1143 1491 100 61 das
1288 1484 403 82 schöpferische
1724 1479 332 63 Innehaben
2099 1477 104 61 des
2239 1471 486 85 polarisierenden
2758 1466 202 64 Mittel-

702 1594 254 82 punktes,
1009 1591 212 59 Derart
1271 1582 202 63 befreit
1524 1602 133 38 man
1702 1577 108 60 sich
1853 1573 179 63 selbst
2074 1596 119 38 von
2239 1570 137 61 aller
2420 1566 248 63 falschen
2710 1559 282 66 Tendenz

705 1691 129 61 nach
886 1683 367 65 illusorischer
1304 1674 381 79 Beliebigkeit,
1740 1672 116 61 Die
1910 1677 217 70 einzige
2170 1665 272 70 Freiheit,
2500 1663 92 61 die
2636 1684 63 39 es
2743 1659 136 79 gibt,
2923 1665 71 53 ist

703 1784 153 61 diese
890 1777 268 70 Freiheit,
1196 1768 446 87 polarisierende
1676 1767 341 61 Indifferenz
2051 1762 137 62 aller
2222 1762 299 61 Differenz
2555 1781 76 37 zu
2667 1763 138 54 sein.
2842 1752 157 62 Wer

705 1888 81 52 sie
827 1872 360 69 mißbraucht,
1230 1879 159 70 gerät
1432 1876 55 52 in
1533 1866 90 60 die
1665 1861 194 64 Räder
1902 1869 188 54 seiner
2126 1867 237 69 eigenen
2400 1852 398 65 Maschinerie.
2842 1848 154 63 Man

706 1972 103 63 soll
843 1966 384 70 innewerden,
1271 1964 111 61 daß
1416 1985 133 37 man
1587 1959 90 62 die
1712 1955 299 79 lebendige
2047 1950 334 80 Drehangel
2417 1950 137 61 aller
2589 1946 408 62 Alternativen

706 2078 88 61 ist,
837 2064 117 64 und
994 2064 107 61 sich
1144 2062 141 61 nicht
1327 2057 298 71 einbilden,
1670 2078 109 38 vor
1822 2053 92 61 die
1954 2049 176 63 Wahl
2187 2048 101 61 des
2342 2055 163 52 einen
2558 2043 143 63 oder
2743 2040 102 62 des
2889 2062 75 38 an-

708 2163 171 60 deren
912 2159 269 63 Extrems
1225 2153 221 81 gestellt
1487 2177 75 37 zu
1605 2159 140 54 sein.
1790 2148 131 62 Das
1964 2143 351 83 persönliche
2349 2142 206 61 Nichts
2593 2138 102 62 der
2726 2135 169 64 Welt
2930 2143 72 52 ist

708 2281 106 38 nur
865 2255 101 61 das
1014 2252 204 62 Nichts
1270 2248 147 63 ihres
1470 2246 238 81 polaren
1760 2238 448 66 Unterschiedes
2372 2245 92 53 ein
2518 2234 159 70 Satz,
2738 2231 101 61 der
2897 2253 108 39 zur

707 2351 164 62 Welt
921 2347 303 64 dermaßen
1276 2354 231 67 zwingt,
1559 2341 112 61 daß
1722 2337 213 82 gerade
1989 2336 101 61 der
2132 2332 403 64 Allerfreieste
2579 2328 104 63 das
2729 2325 274 64 Schicksal

708 2446 182 63 selber
923 2453 121 53 sein
1078 2441 155 70 muß,
1276 2436 405 82 schöpferische
1716 2430 419 79 Welt-Angel,
2183 2429 123 62 Sich
2342 2436 101 52 mit
2479 2425 104 61 der
2616 2421 255 64 Freiheit
2906 2444 100 37 um

710 2542 89 61 die
824 2535 478 79 Notwendigkeit
1335 2532 449 63 herumdrüdcen
1818 2553 75 37 zu
1934 2528 249 70 können,
2221 2534 71 51 ist
2326 2523 102 61 der
2461 2529 314 71 gemeinste
2801 2515 206 64 Wahn

710 2638 99 61 des
861 2636 344 70 Menschen,-
1260 2629 252 64 Freiheit
1571 2637 71 52 ist
1693 2627 138 60 aber
1884 2623 106 62 das
2039 2620 265 64 Fatalste
2362 2642 119 38 von
2535 2615 218 70 Allem,
2814 2620 197 54 intime

710 2732 171 61 Mitte
923 2728 100 63 des
1058 2728 260 61 Fatums,
1362 2726 152 60 Man
1558 2722 98 61 hat
1698 2745 109 37 nur
1849 2718 91 62 die
1973 2716 201 72 Wahl,
2218 2714 158 61 diese
2409 2713 176 60 Mitte
2627 2706 371 82 schöpferisch

713 2836 117 52 rein
872 2825 141 62 oder
1054 2824 179 62 leblos
1279 2831 199 52 unrein
1522 2845 77 36 zu
1634 2817 403 80 praktizieren;
2083 2821 120 53 rein
2239 2835 138 37 vom
2413 2805 416 64 Unterschiede
2864 2802 152 62 ihrer

715 2930 233 69 eigenen
990 2943 73 37 an
1105 2918 83 62 ihr
1229 2915 324 62 rüttelnden
1596 2914 310 70 Extreme,-
1959 2907 144 63 oder
2152 2904 263 71 zitternd,
2461 2897 400 73 schwankend,
2904 2897 73 61 be-

713 3018 155 61 fleckt
908 3040 118 36 von
1068 3014 146 61 ihrer
1249 3022 237 68 eigenen
1524 3005 509 83 Gegenseitigkeit,
2080 3004 183 61 Diese
2298 2998 413 64 Wahlfreiheit
2747 2995 99 61 hat
2879 3015 134 39 man

716 3121 55 52 in
825 3112 99 60 der
965 3106 129 64 Tat.
1147 3109 152 61 Man
1354 3107 149 61 kann
1556 3104 196 63 diesen
1804 3101 306 63 seelischen
2161 3095 205 73 Punkt,
2417 3120 76 36 zu
2545 3093 131 62 dem
2726 3113 135 38 man
2911 3111 70 54 ge-

717 3230 282 55 zwungen
1054 3215 86 61 ist,
1194 3203 160 63 strikt
1403 3210 347 71 präzisieren
1803 3197 144 62 oder
1997 3195 303 63 schlottern
2351 3193 223 70 lassen,-
2624 3187 91 61 die
2757 3186 260 62 Meisten

719 3302 242 78 glauben
1006 3300 165 61 desto
1208 3299 167 61 freier
1408 3322 75 36 zu
1520 3305 142 62 sein,
1705 3304 54 68 je
1794 3292 163 63 mehr
1994 3300 82 53 sie
2112 3288 319 64 schlottern.
2469 3285 184 62 Wem
2690 3305 62 38 es
2789 3278 232 63 evident

720 3398 308 77 geworden
1056 3405 89 63 ist,
1182 3395 111 60 daß
1319 3391 259 63 Freiheit
1604 3391 169 61 nichts
1803 3399 71 52 ist
1903 3388 82 62 als
2014 3386 91 63 die
2133 3385 164 80 polar
2324 3380 369 81 schöpferisch
2721 3374 299 77 lebendige

721 3501 154 52 reine
910 3492 238 61 Grenze
1191 3489 103 61 des
1329 3485 300 64 Verkehrs
1671 3484 282 62 zwischen
1987 3492 190 50 minus
2215 3478 119 62 und
2368 3478 129 80 plus
2533 3474 150 62 ihrer
2718 3470 194 70 selbst,
2947 3493 74 36 an

724 3588 104 60 sich
857 3587 184 61 selber
1068 3584 171 63 hohle
1266 3581 540 71 Kommunikation,
1841 3579 101 61 der
1967 3578 147 61 wird
2150 3600 62 38 es
2246 3598 121 38 von
2403 3573 130 60 dem
2570 3593 74 37 an
2679 3568 93 61 für
2806 3563 219 63 absurd

725 3682 207 71 halten,
984 3682 156 61 diese
1192 3677 480 80 unausgedehnte
1716 3676 238 61 Grenze
2006 3675 139 61 auch
2197 3696 109 37 nur
2357 3678 76 52 im
2485 3666 353 76 Geringsten
2888 3685 104 38 ver-

727 3777 240 61 breitern
1020 3803 74 35 zu
1145 3776 238 61 wollen:
1446 3772 256 61 Freiheit
1760 3781 70 52 ist
1881 3795 108 37 nur
2043 3769 252 69 absolut,
2347 3788 174 39 wenn
2573 3770 81 52 sie
2714 3756 311 82 persönlich

727 3880 121 52 rein
893 3882 69 50 ist
1003 3896 117 36 von
1164 3870 178 61 ihrem
1387 3868 240 81 polaren
1671 3864 570 70 Selbstunterschied,
2287 3855 625 68 Selbst-Widerstreit,

809 3967 87 61 Es
950 3976 71 52 ist
1069 3967 140 59 nicht
1258 3964 256 77 möglich,
1571 3962 103 61 das
1727 3959 489 80 unaussprechlich
2259 3950 587 80 Überschwängliche,
2889 3946 142 64 Ab-
