3066 4572
652 445 95 51 844

1404 449 139 51 CarC
1558 451 151 49 Stern
1712 452 129 48 heim
1868 475 9 11 •
1894 452 269 60 Napofeon

652 637 158 78 Lage
861 638 118 61 und
1030 639 135 61 alles
1211 638 370 62 Gewesenen
1632 639 170 60 hinzu
1846 638 118 59 und
2008 639 223 61 erfüllte
2281 640 94 61 ihn
2418 650 100 54 mit
2557 642 138 62 Haß
2736 664 181 56 gegen

654 731 91 60 die
795 732 358 62 Menschheit
1202 732 120 61 und
1373 733 107 61 den
1525 731 283 78 Schöpfer.
1879 727 195 66 Tiefer
2129 732 164 61 kroch
2345 757 61 38 er
2465 746 54 51 in
2571 737 108 61 sich
2730 736 187 62 hinein

654 826 120 61 und
815 826 194 63 häufte
1051 827 269 77 Anklage
1361 827 111 60 auf
1494 824 267 78 Anklage
1802 849 181 54 gegen
2018 826 91 62 die
2143 827 181 62 Welt,
2377 830 62 61 In
2475 841 154 51 einer
2670 831 248 62 dunklen

655 921 193 61 Nacht
889 921 169 62 stand
1099 946 61 37 er
1202 922 251 79 plötzlich
1494 944 107 37 vor
1643 918 109 63 den
1795 929 101 52 mit
1936 921 254 61 Brettern
2232 926 367 76 vernagelten
2634 926 284 61 Fenstern

654 1024 188 52 seines
885 1015 211 61 Lokals
1249 1018 136 58 noch
1428 1014 247 61 hafteten
1719 1023 182 68 einige
1941 1015 247 77 goldene
2213 1018 357 62 Buchstaben
2613 1020 101 61 des
2743 1020 145 62 Schil-

652 1109 103 61 des
917 1110 118 61 und
1083 1120 55 51 in
1190 1110 102 60 das
1351 1109 147 60 Loch
1550 1109 254 77 plötzlich
1855 1112 394 77 riesengroßer
2289 1113 347 62 Erkenntnis
2689 1115 87 61 fiel
2828 1114 91 62 die

654 1203 236 61 Summe
933 1202 462 78 fünfzigjährigen
1436 1203 251 61 Lebens:
1734 1212 89 52 ein
1867 1203 232 63 blankes
2142 1205 202 63 Nichts
2390 1208 118 60 und
2541 1208 373 62 Einsamkeit,

732 1293 178 66 Trotz
961 1298 117 61 und
1119 1298 342 79 Empörung
1510 1298 302 62 stachelten
1864 1299 93 61 ihn
2000 1325 75 37 zu
2118 1325 208 38 neuem
2368 1298 151 66 Tun,
2575 1303 208 78 Gegen
2827 1303 91 63 die

654 1392 274 78 Ungunst
985 1392 99 61 der
1132 1392 401 62 Verhältnisse
1592 1392 196 64 wollte
1846 1418 61 38 er
1964 1395 187 62 sofort
2207 1399 331 69 versuchen,
2598 1399 193 60 Mittel
2842 1424 75 35 zu

651 1509 206 38 neuem
900 1486 239 76 Anfang
1179 1510 75 36 zu
1296 1487 275 73 schaffen,-
1619 1487 101 61 des
1764 1487 242 79 gleichen
2048 1489 249 63 Abends
2340 1491 137 62 aber
2518 1493 147 77 legte
2707 1515 61 38 er
2810 1493 107 60 sich

651 1579 387 79 irgendwohin
1089 1580 214 71 nieder,
1353 1583 272 77 spürend,
1677 1607 61 38 es
1789 1584 147 61 leide
1978 1594 157 52 seine
2176 1585 202 62 Natur
2420 1588 160 70 nidit,
2631 1588 111 61 daß
2785 1612 132 37 man

650 1683 82 51 sie
776 1698 95 36 um
915 1673 102 62 das
1060 1673 274 72 bestehle,
1378 1701 123 37 was
1553 1675 85 63 ihr
1679 1701 109 38 vor
1828 1678 168 62 allem
2038 1679 334 79 notwendig
2413 1689 105 54 sei:
2565 1691 352 68 ungestörte,

649 1767 351 79 hingebende
1026 1764 223 66 Trauer
1292 1795 97 37 um
1417 1772 319 62 Valentine,
1799 1772 84 62 So
1926 1774 191 61 suchte
2159 1797 61 38 er
2260 1776 108 61 sich
2411 1785 164 52 einen
2602 1777 175 71 Platz,
2820 1776 102 61 der

649 1861 111 61 ihm
811 1886 108 37 nur
960 1862 103 62 das
1113 1865 232 78 tägliche
1393 1866 141 61 Brot
1581 1866 128 79 gab.
1779 1867 161 61 Früh
1991 1893 93 36 am
2135 1868 363 80 Nachmittag
2555 1870 138 62 aber
2750 1871 169 61 schon

649 1956 185 62 schloß
877 1981 60 39 er
978 1959 106 61 sich
1129 1969 54 51 in
1226 1969 157 52 seine
1426 1961 278 61 Kammer
1746 1973 109 61 ein,
1898 1964 210 78 stopfte
2150 1964 245 62 Fenster
2446 1965 116 61 und
2604 1965 317 62 Schlüssel*

651 2051 198 73 löcher,
900 2053 146 78 legte
1096 2055 106 61 sich
1247 2056 131 61 aufs
1421 2056 125 61 Bett
1587 2058 118 59 und
1756 2058 246 78 begann,
2053 2059 92 61 die
2194 2060 160 61 Frau
2405 2084 118 37 von
2575 2060 111 62 den
2728 2056 191 66 Toten

652 2145 510 65 heraufzudichten.
1224 2149 303 62 Nachdem
1571 2174 59 37 er
1673 2161 82 52 sie
1797 2169 194 45 zuerst
2032 2153 85 62 bis
2171 2163 55 52 in
2269 2153 93 62 die
2401 2154 238 62 kleinste
2681 2154 203 62 Einzel-

652 2241 112 60 heit
797 2241 300 80 körperlich
1130 2267 109 38 vor
1272 2246 108 59 sich
1414 2246 216 62 wieder
1663 2246 341 78 hergestellt,
2044 2258 132 69 ging
2209 2274 63 36 er
2303 2258 121 52 sein
2458 2249 196 63 Leben
2697 2260 99 52 mit
2837 2251 85 61 ihr

650 2359 137 36 vom
839 2336 290 62 frühesten
1172 2338 314 79 Anbeginn
1538 2364 72 37 an
1653 2341 186 63 durch.
1901 2342 123 61 Um
2065 2342 203 62 keinen
2310 2343 358 79 Augenblick
2710 2345 106 62 ließ
2860 2368 61 38 er

652 2431 106 61 sich
809 2430 292 80 betrügen,
1159 2444 300 68 repetierte
1512 2435 90 62 die
1653 2437 255 61 einzelne
1959 2437 287 63 Situation
2303 2463 69 38 so
2430 2440 101 71 oft,
2580 2440 85 62 bis
2725 2450 81 52 sie
2865 2450 54 51 in

651 2524 321 80 lebendiger
1021 2526 487 80 Wahrhaftigkeit
1566 2554 107 37 vor
1732 2530 114 61 ihm
1905 2533 184 61 stand.
2150 2534 136 77 Jene
2345 2550 169 54 erste,
2565 2534 75 61 da
2689 2544 83 52 sie
2822 2544 100 52 mit

651 2619 385 63 Rockrüschen
1079 2622 120 62 und
1223 2623 255 63 Volants
1520 2634 113 52 wie
1675 2634 90 52 ein
1793 2625 171 73 Quirl
2009 2627 141 62 über
2183 2638 186 52 seiner
2395 2628 152 63 Stirn
2574 2629 90 62 die
2691 2625 230 84 Treppe

652 2713 464 79 hinaufgehuscht
1155 2742 140 37 war.
1357 2718 116 62 Die
1515 2719 175 63 Beine
1734 2729 54 53 in
1832 2722 422 62 weißseidenen
2297 2722 333 81 Strümpfen
2673 2724 248 61 nahmen

650 2818 166 63 zwei,
884 2811 116 62 drei
1059 2812 204 62 Stufen
1329 2815 111 61 auf
1498 2815 226 71 einmal,
1798 2840 61 37 er
1924 2817 146 61 sieht
2135 2827 82 52 sie
2284 2829 74 50 im
2419 2818 229 63 Gelenk
2714 2820 205 72 flitzen,

652 2903 120 61 und
830 2903 75 63 da
1094 2907 103 63 das
1257 2909 137 62 aber
1453 2909 97 62 hat
1609 2934 59 38 er
1728 2911 219 61 damals
2008 2914 140 59 nicht
2213 2914 250 77 gesehen
2650 2915 272 61 erscheint

651 2997 247 63 blitzend
938 3024 93 37 am
1073 3001 150 62 Knie
1265 3001 90 62 die
1395 3004 245 77 goldene
1682 3005 679 80 Strumpfbandschnalle.
2404 3008 390 78 Wahrhaftig,
2838 3008 83 62 als

651 3093 384 63 Wirklichkeit
1092 3095 254 75 dauerte,
1403 3123 108 37 vor
1559 3100 184 63 lauter
1794 3100 259 64 Schauen
2104 3102 119 61 und
2274 3103 259 62 Staunen
2592 3103 156 62 hatte
2799 3112 122 53 sein

650 3188 373 62 Bewußtsein
1082 3199 82 52 sie
1214 3193 139 61 nicht
1402 3194 207 78 gefaßt.
1672 3196 144 61 Und
1867 3196 171 62 heute
2090 3197 232 62 erstand
2372 3207 84 53 sie
2507 3198 102 61 das
2655 3197 266 63 erstemal

649 3306 134 37 zum
833 3283 217 71 Leben,
1101 3284 363 65 beschworen
1516 3288 165 63 durch
1745 3300 158 52 seine
1963 3291 527 63 unwiderstehliche
2540 3292 376 62 Zärtlichkeit.

649 3377 83 62 So
786 3378 180 79 drang
1017 3403 61 38 er
1130 3381 283 80 inständig
1470 3394 197 52 weiter
1726 3395 54 52 in
1831 3386 368 79 Erinnerung
2250 3396 89 52 ein
2400 3387 119 61 und
2578 3389 179 61 entriß
2815 3387 104 71 ihr,

647 3483 99 52 mit
786 3474 354 78 Hingebung
1173 3475 118 61 und
1324 3476 266 64 Andacht
1632 3504 96 37 um
1771 3490 90 52 ein
1896 3481 203 63 Nichts
2142 3483 120 61 und
2303 3483 111 61 den
2449 3483 274 62 Bruchteil
2766 3493 155 52 einer

646 3566 273 63 Sekunde
961 3568 326 80 kämpfend,
1331 3594 68 37 so
1433 3571 111 61 viel
1569 3573 472 81 Nichtgespürtes
2085 3577 119 61 und
2237 3577 526 72 Nichterfahrenes,
2808 3577 111 62 daß

647 3685 61 38 er
759 3672 88 52 ein
891 3662 175 80 völlig
1107 3687 201 48 neues,
1357 3665 267 63 reicheres
1667 3668 194 62 Leben
1905 3679 97 51 mit
2044 3671 102 61 der
2195 3671 384 78 gestorbenen
2621 3671 297 62 Freundin

647 3756 205 64 führte.

725 3851 114 62 Als
875 3875 61 38 er
967 3852 92 62 bei
1092 3864 157 67 jener
1282 3853 237 79 Epoche
1560 3855 413 78 angekommen
2015 3883 142 47 war,
2201 3869 55 50 in
2291 3859 100 62 der
2424 3869 83 52 sie
2541 3860 84 61 ihr
2659 3860 258 63 irdisches

645 3945 197 62 Leben
884 3947 246 61 beendet
1171 3947 175 72 hatte,
1388 3947 223 64 brachte
1653 3973 61 38 er
1756 3960 81 52 sie
1879 3951 155 62 leicht
2076 3952 142 63 über
2259 3954 93 61 die
2376 3954 212 80 Klippe
2630 3956 101 63 des
2775 3955 114 62 leib-
