3133 4572
1068 465 141 51 CarC
1219 466 153 50 Stent
1374 465 131 50 Beim
1529 488 9 11 -
1557 461 274 63 Mapofeon

2511 457 97 50 847

304 659 183 61 Atem
546 667 153 53 einer
756 659 373 79 allgemeinen
1186 657 376 80 glückseligen
1614 653 244 65 Sattheit
1915 652 138 62 nach
2105 647 168 67 Tisch
2327 651 121 62 und
2501 651 105 62 des

304 753 239 64 Dankes
585 776 182 56 gegen
811 755 149 63 Gott
1000 753 120 64 und
1162 755 111 62 den
1317 753 160 63 Wirt
1518 751 169 62 durch
1731 750 113 62 den
1886 748 212 63 Raum.
2143 747 158 65 Steif
2335 747 122 62 und
2499 771 70 55 ge-

303 859 139 52 reizt
483 850 113 62 fast
637 851 103 61 saß
783 850 100 62 der
924 849 290 63 Kauende
1257 849 119 62 und
1418 846 277 73 vermied,
1738 846 140 62 auch
1921 868 112 39 nur
2073 868 121 38 von
2228 844 110 62 sich
2377 842 193 63 fortzu-

302 944 193 63 sehen.
542 947 126 62 Das
713 971 125 36 war
878 947 144 60 nicht
1054 955 92 52 ein
1179 944 342 80 geänderter
1554 941 432 72 Kundenkreis,
2020 939 107 63 das
2162 964 127 38 war
2324 939 106 62 das
2468 939 89 63 Ge-

301 1042 133 61 sicht
475 1051 154 52 einer
671 1042 252 62 anderen
966 1042 184 71 Welt,
1195 1040 273 63 erkannte
1510 1038 341 81 Napoleon.

379 1136 89 62 Es
510 1161 123 37 war
674 1136 143 62 klar:
862 1136 215 62 andere
1125 1136 192 62 Ideale
1360 1136 318 62 herrschten
1731 1143 55 52 in
1839 1157 195 38 neuen
2077 1132 341 62 Menschen.
2474 1133 128 61 Der

301 1230 177 80 Krieg
542 1231 148 61 hatte
756 1231 93 62 die
918 1230 376 63 Machthaber
1358 1255 121 37 von
1548 1228 254 64 ehemals
1863 1230 326 61 vernichtet.
2261 1227 92 64 Es
2415 1228 183 63 saßen

299 1326 141 61 nicht
481 1326 157 61 mehr
682 1326 90 62 die
816 1326 241 64 Glieder
1099 1326 141 62 alter
1281 1328 283 60 Familien
1607 1350 75 37 an
1725 1335 201 53 seinen
1969 1321 264 75 Tischen,
2277 1324 94 63 die
2414 1334 57 52 in
2515 1325 84 62 oft

298 1419 631 80 jahrhundertelangem
970 1423 221 76 Ringen
1217 1420 288 64 Ansehen
1549 1420 119 62 und
1695 1420 344 79 Vermögen
2075 1446 76 36 an
2185 1421 109 61 sich
2330 1419 268 80 gebradit

299 1514 118 60 und
475 1538 60 37 es
594 1541 76 35 zu
727 1515 280 63 brauchen
1065 1517 266 72 wußten,-
1397 1541 62 38 er
1516 1517 267 62 bediente
1841 1518 145 61 nicht
2043 1515 164 64 mehr
2274 1517 94 62 die
2438 1517 159 62 dreh*

298 1608 154 61 fache
492 1609 388 64 Aristokratie
923 1611 101 62 des
1066 1611 212 72 Adels,
1322 1612 260 61 ererbten
1625 1613 324 61 Reichtums
2004 1612 120 62 und
2178 1612 104 63 des
2329 1612 261 65 Geistes.

295 1701 145 61 Hier
481 1719 110 44 trat
633 1714 126 52 eine
798 1705 186 62 Rasse
1026 1706 120 71 auf,
1190 1706 91 61 die
1323 1706 169 61 durch
1536 1706 112 61 den
1692 1707 286 61 Umsturz
2011 1706 140 63 aller
2179 1707 414 65 Verhältnisse

295 1819 74 37 an
403 1796 91 62 die
520 1797 338 64 Oberfläche
891 1801 244 78 gespült,
1169 1800 228 62 behend
1432 1804 352 76 zugegriffen
1819 1804 122 59 und
1976 1813 56 50 in
2070 1804 103 61 der
2208 1804 382 79 allgemeinen

295 1889 397 81 Verwirrung,
743 1894 91 61 bei
886 1904 152 51 einer
1092 1895 435 61 sentimentalen
1572 1896 402 79 Erschlaffung
2026 1898 103 61 der
2179 1898 410 75 Besitzenden,

295 1987 107 59 sich
445 1987 331 80 übermäßig
817 1989 120 61 und
979 1989 317 80 skrupellos
1339 1990 305 63 bereichert
1686 1992 168 62 hatte.
1892 1993 137 62 Den
2065 1994 144 62 Sack
2244 1996 119 62 voll
2400 1996 188 72 Gold,

292 2081 177 59 saßen
511 2091 83 51 sie
636 2082 294 79 unkundig
970 2093 187 54 seines
1187 2086 387 72 Verbrauchs,
1616 2097 195 69 gierig,
1852 2088 93 61 die
1987 2090 253 63 Allüren
2284 2091 103 62 der
2413 2092 175 64 Wis*

294 2173 215 61 senden
569 2176 106 60 sich
735 2186 377 69 anzueignen,
1172 2178 166 63 elend
1397 2181 120 61 und
1576 2181 116 61 leer
1748 2191 102 52 mit
1908 2182 103 62 der
2070 2194 263 71 einzigen
2395 2186 193 64 Geste

292 2269 416 78 schweigender
767 2271 283 64 Abwehr,
1112 2274 226 62 Stumm
1398 2276 119 61 und
1576 2285 56 52 in
1691 2277 102 63 der
1842 2279 341 80 Bewegung
2240 2280 345 76 beherrscht,

290 2360 249 64 konnten
582 2373 83 52 sie
707 2365 91 61 für
840 2369 356 61 unterrichtet
1235 2370 205 76 gelten,
1485 2371 287 79 Sprachen
1816 2383 104 62 sie,
1962 2375 207 62 wurde
2212 2387 93 52 ein
2333 2378 250 63 Wirken

292 2455 100 61 der
419 2457 237 62 Glieder
689 2462 351 77 notwendig,
1073 2463 266 79 klappten
1374 2476 84 50 sie
1492 2491 76 35 zu
1595 2468 240 77 völliger
1861 2469 332 64 Ohnmacht
2218 2497 361 41 zusammen.

368 2549 300 64 Nachdem
718 2577 60 37 er
828 2554 138 61 aber
1017 2558 363 76 eingesehen,
1432 2559 93 63 die
1574 2562 477 83 Zurückhaltung
2103 2566 103 62 der
2250 2567 196 65 Gäste
2498 2581 85 52 sei

290 2652 55 51 in
388 2653 183 52 einem
613 2646 288 81 Zuwenig
934 2650 338 78 begründet,
1314 2653 109 63 ließ
1460 2679 62 38 er
1555 2666 158 52 seine
1747 2657 358 66 beherrschte
2141 2662 443 83 Unterwürfige

287 2737 113 62 keit
457 2740 118 61 und
631 2750 131 70 ging
819 2742 277 80 langsam,
1155 2746 139 62 doch
1353 2750 355 79 eindringlich
1766 2779 136 37 zum
1953 2756 245 79 Angriff
2247 2783 186 55 gegen
2487 2761 94 64 die

287 2832 298 63 maskierte
645 2835 374 65 Gesellschaft
1075 2865 125 39 vor,
1441 2854 90 52 ein
1583 2848 155 61 Dieb
1789 2848 165 63 brach
2009 2874 62 38 er
2122 2862 56 52 in
2228 2874 353 61 gepanzerte

285 2925 454 76 Unnahbarkeit,
773 2932 147 77 legte
955 2943 88 52 ein
1079 2934 315 66 harmloses
1432 2939 274 65 Sätzchen
1743 2944 83 61 als
1863 2945 208 64 Köder
2103 2973 111 37 vor
2250 2951 122 62 und
2405 2966 178 49 amü*

284 3031 168 52 sierte
494 3026 105 58 sich
641 3027 235 76 göttlich,
918 3028 108 62 ließ
1069 3031 101 62 der
1211 3036 452 75 geschmeichelte
1698 3039 557 87 Heraufkömmling
2288 3050 111 59 sich
2446 3051 132 62 aufs

281 3113 108 62 Eis
434 3116 471 66 überkommener
946 3123 244 78 Begriffe
1239 3127 194 64 locken
1485 3131 121 61 und
1656 3132 149 80 legte
1856 3145 129 53 eine
2034 3140 296 77 geradezu
2374 3144 169 63 erbar-

281 3213 465 79 mungswürdige
787 3216 180 64 Blöße
1009 3244 74 37 an
1127 3221 111 62 den
1264 3219 144 83 Tag,
1454 3226 184 64 Hatte
1672 3253 62 38 er
1767 3230 186 65 hinter
1987 3235 591 84 undurchdringlicher

280 3302 214 65 Maske
533 3309 292 73 jemandes
853 3311 331 66 Vertrauen
1228 3342 345 54 gewonnen,
1616 3323 109 63 ließ
1769 3349 62 38 er
1874 3328 112 62 den
2032 3330 400 68 Getäuschten
2468 3337 107 63 das

279 3407 197 69 eigene
518 3400 551 71 Selbstbewußtsein
1113 3413 350 74 ausbreiten,
1507 3417 112 63 daß
1662 3422 109 59 sich
1817 3422 115 63 fast
1983 3433 202 56 immer
2236 3441 193 53 stüzte
2472 3434 116 61 auf

278 3492 249 73 alberne,
569 3506 99 52 mit
708 3499 301 80 Emphase
1059 3525 418 62 vorgetragene
1521 3512 446 85 Gemeinplätze
2019 3521 145 63 über
2216 3523 113 64 den
2372 3527 203 81 Krieg,

276 3588 406 75 Heldentaten,
734 3594 90 63 die
873 3597 102 61 der
1023 3598 362 69 Betreffende
1435 3610 315 76 irgendwie
1792 3615 281 65 während
2126 3619 104 63 des
2274 3622 299 84 Feldzugs

273 3682 307 65 vollbracht
638 3686 187 65 haben
883 3692 227 75 wollte,-
1167 3696 155 64 dann
1380 3699 207 66 kamen
1653 3706 358 82 Napoleons
2079 3714 316 67 Einwürfe
2463 3746 111 39 aus

273 3776 132 62 dem
455 3779 201 64 Schatz
715 3784 100 62 des
875 3786 449 79 Herkommens,
1383 3795 242 66 Namen
1684 3808 504 75 ausgezeichneter
2247 3813 326 68 Menschen

273 3871 100 61 der
415 3874 488 82 Vergangenheit,
961 3883 394 68 bedeutender
1405 3892 421 85 Erfindungen,
1886 3904 361 77 irgendeiner
2292 3911 245 66 Geistes-

268 3969 242 75 großtat.
571 3973 126 62 Am
754 3974 268 66 höchsten
1082 3982 196 81 hüpfte
1337 3997 123 53 sein
1520 3991 162 63 Herz
1741 4020 110 43 yor
1908 3998 261 76 Freude,
2231 4005 218 68 konnte
2510 4036 65 38 er
