3219 4572
2569 393 97 50 927

1397 406 222 51 Gfossen

2474 2095 58 49 R.
2560 2095 55 48 S.

335 616 75 51 bei
430 608 213 54 Thomas
669 607 175 56 Mann,
878 621 130 33 »war
1042 607 75 44 ein
1140 597 234 63 Krüppel,
1395 596 82 50 der

335 695 122 52 nicht
490 687 171 53 einmal
690 705 111 31 zum
825 681 428 54 Garnisonsdienst
1285 687 194 52 getaugt

336 775 138 54 hätte,
515 767 99 51 und
647 785 50 31 er
730 782 101 33 war
864 763 83 50 der
980 772 123 39 erste
1135 757 230 52 Moralist
1398 756 80 49 des

336 849 252 54 deutschen
603 846 401 52 Soldatentums«.
1026 842 66 62 Ja,
1108 839 113 50 aber
1239 856 50 33 er
1306 836 173 50 schrieb

337 933 92 49 den
472 930 235 58 »Ewigen
748 923 250 51 Frieden«.
1042 919 339 60 Wohingegen
1431 935 49 30 es

337 1026 205 36 unseren
575 1006 220 59 heutigen
831 998 308 65 »Krüppeln«
1173 996 309 52 Vorbehalten

339 1088 138 57 blieb,
500 1086 75 49 die
596 1082 312 53 wunderbare
933 1078 221 62 Seligkeit
1178 1076 81 50 des
1281 1074 201 60 »Kriegs

341 1187 61 32 an
444 1166 121 51 sich«
610 1184 60 29 zu
717 1161 264 50 entdecken.
1023 1158 99 51 Nie
1164 1156 83 49 hat
1285 1154 92 50 sich
1410 1158 75 45 ein

341 1247 186 52 Militär
548 1264 61 30 zu
627 1248 151 45 einem
797 1241 264 59 derartigen
1079 1233 406 66 philosophischen

341 1323 389 55 Kannibalismus
764 1321 222 56 bekannt,
1021 1335 109 31 man
1164 1326 206 38 mustere
1403 1316 81 52 sie,

341 1426 99 33 von
452 1406 280 49 Gneisenau
749 1402 71 48 bis
831 1399 265 54 Schließen,-
1111 1397 156 48 keiner
1283 1393 204 61 kämpfte

342 1490 78 49 für
444 1486 75 49 die
535 1483 195 56 Kultur,
754 1479 98 51 und
872 1497 140 32 wenn
1035 1483 127 43 einer
1190 1471 298 66 gelegentlich

344 1586 99 32 von
462 1565 89 49 den
571 1561 302 50 moralischen
892 1558 98 51 und
1007 1553 329 65 hygienischen
1348 1552 140 49 Wir*

345 1647 188 60 kungen
553 1643 82 50 des
654 1642 201 58 Krieges
882 1645 75 43 ein
1054 1631 434 62 entschuldigendes

433 1725 151 49 Wort
617 1721 143 51 fallen
795 1718 106 57 ließ,
934 1736 57 30 so
1026 1714 161 50 dachte
1221 1712 115 51 doch
1369 1711 120 49 nicht

345 1812 126 43 einer
488 1822 63 31 an
568 1802 75 48 die
661 1798 321 64 Möglichkeit,
1010 1796 89 49 den
1118 1794 149 60 Krieg
1294 1792 66 49 als
1388 1796 104 44 eine

345 1885 298 49 humanitäre
666 1878 308 60 Einrichtung
996 1872 360 63 anzusprechen.
1381 1871 111 48 Den

349 1962 360 55 »schädlichen«,
742 1958 91 50 den
858 1953 389 53 »verächtlichen«
1273 1949 219 59 Frieden,

346 2042 98 52 und
492 2047 93 45 wie
633 2039 75 50 die
756 2038 173 50 letzten
971 2034 340 50 Erkenntnisse
1353 2028 139 50 wild*

349 2121 306 63 gewordener
665 2118 213 50 Philister
896 2126 137 39 sonst
1049 2113 182 57 heißen,
1250 2111 75 49 die
1344 2125 149 47 ganze

349 2202 260 62 Apotheke
642 2200 81 49 des
748 2196 228 50 tödlichen
999 2192 271 56 Blödsinns,
1304 2191 85 48 das
1412 2188 82 50 hat

351 2282 82 48 der
450 2282 263 58 Bourgeois
736 2295 100 32 von
858 2276 123 49 1914
999 2271 245 57 erfunden,
1267 2267 226 51 zwischen

351 2358 296 54 Stammtisch
665 2357 99 51 und
774 2352 433 55 Schreibmaschine,
1226 2356 64 43 im
1308 2348 188 50 tiefsten

351 2441 237 62 Behagen,
628 2434 377 65 Feldpostbriefe
1046 2431 177 58 lesend,
1266 2431 73 48 die
1384 2433 114 43 »mit

351 2521 110 49 Blut
502 2516 287 66 geschmückt
833 2532 209 38 waren«,
1090 2517 91 43 wie
1224 2514 127 45 einer
1398 2526 99 32 von

354 2600 140 49 ihnen
519 2597 189 51 schrieb.
728 2594 188 51 Woher
934 2592 90 51 soll
1049 2591 73 49 die
1145 2587 238 65 politische
1399 2587 99 48 Er*

353 2674 461 65 ziehungkommen?
833 2674 115 50 Alle
960 2673 269 59 Zeitungen
1247 2666 252 58 schreiben,

354 2760 105 58 alle,
494 2758 74 51 die
601 2756 234 62 sprechen,
868 2753 144 50 reden
1046 2749 230 51 dasselbe.
1311 2746 186 50 Solches

358 2838 115 50 läuft
514 2843 63 45 im
619 2838 165 49 besten
817 2833 107 51 Fall
966 2843 109 40 statt
1109 2831 88 49 auf
1225 2826 276 61 Erziehung

356 2918 85 49 auf
478 2916 319 62 Einpaukerei
840 2913 186 56 hinaus,
1064 2909 185 50 sodann
1291 2906 86 49 auf
1416 2922 85 43 ge*

358 2996 311 51 dankenloses
693 2992 418 56 Nachschwätzen,
1135 2987 103 51 also
1263 2986 87 49 auf
1367 2984 134 50 Ver*

358 3076 279 59 dummung,
704 3073 87 50 auf
850 3067 332 53 intellektuelle
1244 3064 254 51 Sklaverei-

359 3156 155 48 Hütet
555 3155 149 57 Euch,
746 3152 74 50 die
864 3151 73 49 Ihr
979 3148 132 51 Euch
1154 3144 226 52 ernsthaft
1419 3161 82 30 um

361 3236 239 60 politische
626 3233 210 50 Einsicht
859 3229 209 55 bemüht,
1102 3228 133 47 hütet
1257 3223 131 51 Euch
1412 3238 89 32 vor

360 3313 89 51 den
492 3334 154 30 neuen
680 3312 211 61 Sängern
934 3309 80 49 der
1049 3306 182 57 Politik,
1278 3302 74 49 die
1386 3301 116 49 über

361 3392 157 51 Nacht
560 3411 86 31 aus
688 3387 368 53 Kuckuckseiern
1099 3382 256 63 gekrochen
1397 3377 105 52 sind

361 3472 98 48 und
500 3472 90 50 sich
633 3490 97 30 nun
772 3475 63 43 im
876 3466 208 50 fremden
1117 3463 127 50 Nest
1277 3461 224 61 plustern.

361 3551 72 48 Es
468 3551 107 49 sind
607 3548 355 60 Schwächlinge,
995 3544 74 49 die
1102 3537 401 54 Gewaltmärsche

363 3640 280 52 trompeten.
679 3631 124 48 Man
836 3628 83 49 hat
952 3624 137 50 ihnen
1123 3621 74 49 die
1223 3618 281 64 gewohnten

363 3708 349 65 Scheuklappen
722 3704 396 65 weggeschlagen,
1127 3699 193 52 seitdem
1333 3703 173 43 wissen

363 3795 68 44 sie
449 3791 118 49 nicht
585 3791 147 57 mehr,
749 3788 175 50 wohin.
944 3782 239 61 Verfolgt,
1211 3786 47 43 in
1282 3778 89 50 den
1391 3796 116 30 aus*

367 3870 389 59 gesprochensten
798 3863 367 55 Parteiblättern,
1215 3858 90 50 den
1348 3863 159 43 inner*

364 3948 273 59 politischen
684 3947 198 60 Kampf,
930 3943 82 51 der
1063 3947 82 43 mit
1196 3937 313 63 gedämpftem

1526 593 387 61 Trommelklang
1929 588 294 62 weitergeht,
2240 607 99 30 von
2355 583 106 65 Tag
2481 603 61 32 zu
2551 582 122 63 Tag,

1526 681 91 44 wie
1659 673 87 51 das
1789 672 173 50 Leben,
2006 668 211 51 Studiert
2259 667 74 49 die
2377 664 297 51 »Gedanken

1527 754 98 50 und
1647 756 395 55 Erinnerungen«
2067 766 100 33 von
2192 744 251 59 Bismarck,
2466 743 209 57 dreimal,

1530 836 72 49 die
1651 833 166 52 beiden
1866 829 164 52 Bände
2080 847 100 30 von
2222 825 274 61 Friedjung,
2547 824 131 48 »Der

1530 914 184 61 Kampf
1738 932 83 31 um
1845 910 73 50 die
1944 907 366 53 Vorherrschaft
2331 902 347 53 Deutschlands

1530 1012 98 31 von
1664 992 301 57 1856—65«,
2006 989 128 48 dann
2176 985 85 50 das
2298 983 381 62 ausgezeichnete

1531 1072 122 51 Buch
1676 1070 80 51 des
1784 1070 187 50 Grafen
1993 1069 153 48 Ernst
2171 1084 62 31 zu
2256 1062 284 52 Reventlow
2562 1060 118 50 über

1535 1149 371 52 »Deutschlands
1926 1150 293 56 auswärtige
2236 1142 171 52 Politik
2430 1159 99 32 von
2559 1140 120 49 1888

1534 1232 70 49 bis
1625 1230 169 58 1914«,
1818 1229 84 50 das
1926 1246 111 31 zum
2061 1223 251 53 erstenmal
2331 1229 64 43 im
2413 1222 107 49 Mai
2543 1219 139 57 1914,

1535 1316 47 43 in
1598 1316 188 44 zweiter
1795 1308 237 60 Auflage,
2049 1311 84 43 mit
2151 1309 154 45 einem
2322 1302 178 49 kurzen
2515 1298 167 51 Nach*

1535 1401 140 47 wort,
1713 1394 65 45 im
1819 1389 196 60 übrigen
2057 1383 338 57 unverändert,
2438 1380 122 50 1915
2603 1397 79 32 er*

1536 1469 164 50 schien.
1728 1468 116 48 Hier
1866 1465 143 50 findet
2033 1464 92 59 Ihr,
2152 1463 107 49 sehr
2282 1458 302 60 ausführlich,
2607 1457 75 49 die

1541 1547 268 52 Geschichte
1832 1545 151 50 dieses
2007 1544 225 61 Krieges,-
2265 1559 50 32 es
2340 1545 61 45 ist
2426 1539 83 50 der
2532 1538 151 60 Krieg

1536 1647 98 32 von
1652 1627 193 49 Bülows
1865 1625 165 49 »freier
2048 1622 189 50 Hand«,
2258 1620 116 50 Lind
2392 1618 142 57 dann,
2553 1618 129 48 dann

1539 1719 100 37 rate
1678 1707 82 57 ich,
1802 1723 85 32 zur
1920 1703 252 60 Erholung
2213 1699 99 51 und
2344 1697 339 59 Aufrichtung,

1541 1785 173 53 Alfred
1753 1787 64 47 H,
1854 1782 165 52 Frieds
2066 1778 350 63 »Europäische
2449 1775 234 50 Wieder*

1540 1864 315 61 herstellung«
1892 1882 61 30 zu
1987 1862 144 57 lesen,
2165 1860 82 49 das
2275 1859 151 48 dieser
2449 1853 134 63 Tage
2608 1854 76 50 bei

1543 1946 135 50 Grell
1701 1944 141 50 Füßli
1874 1948 47 43 in
1953 1940 172 51 Zürich
2159 1937 280 52 herauskam
2473 1934 98 51 und
2606 1934 77 48 für

1541 2032 102 43 eine
1666 2024 145 50 Mark
1837 2022 136 51 durch
1997 2020 101 63 jede
2119 2017 367 61 Buchhandlung
2509 2033 61 31 zu
2594 2013 57 51 be-

1544 2104 161 49 ziehen
1739 2109 74 44 ist.

1667 2290 314 83 Rußland
2001 2288 147 63 und
2169 2287 99 62 die
2306 2284 261 64 Mächte.

1612 2425 94 48 Die
1761 2417 333 64 nachfolgende
2143 2414 308 61 Darstellung
2506 2417 61 44 ist
2623 2416 65 43 im

1548 2501 323 52 wesentlichen
1907 2496 259 64 gegründet
2200 2495 87 49 auf
2315 2492 89 50 den
2429 2490 152 51 Inhalt
2606 2489 82 49 des

1549 2583 174 50 Buches
1784 2577 248 52 »Rußland
2081 2576 69 50 als
2202 2571 318 53 Großmacht«
2571 2588 118 31 vom

1549 2665 208 48 Fürsten
1802 2660 64 51 G.
1902 2659 69 49 N,
2005 2654 289 52 Trubetzkoi
2338 2650 209 58 (deutsch
2588 2666 101 32 von

1549 2741 129 65 Josef
1686 2737 198 58 Melnik,
1896 2729 226 63 Deutsche
2122 2729 398 63 Verlagsanstalt
2537 2727 154 50 Stutt*

1550 2828 137 55 gart).
1734 2820 68 48 Im
1833 2815 277 52 Russischen
2146 2811 202 51 erschien
2381 2809 152 49 dieses
2567 2806 125 51 Buch

1550 2900 201 60 Anfang
1772 2897 135 56 1911,
1935 2900 61 44 ist
2014 2892 103 51 also
2134 2890 115 51 noch
2265 2908 92 31 vor
2374 2887 89 51 den
2482 2886 210 51 Balkan*

1550 2981 191 60 kriegen
1783 2974 304 64 geschrieben.
2139 2972 73 49 Es
2252 2969 191 50 verliert
2489 2965 204 52 dadurch

1551 3059 143 49 nichts
1731 3075 59 31 an
1816 3054 263 61 Giltigkeit,
2112 3050 60 49 da
2207 3049 113 49 auch
2343 3047 85 50 das
2454 3045 240 63 politische

1554 3136 292 57 Geschehen,
1879 3134 121 49 allen
2026 3131 211 60 Kriegen
2260 3146 112 32 zum
2388 3124 167 60 Trotz,
2587 3125 109 48 dem

1554 3220 180 50 Gesetz
1783 3215 82 49 der
1915 3214 308 48 Kontinuität
2273 3206 264 61 unterliegt.
2597 3206 101 48 Der

1553 3296 256 52 Verfasser
1833 3299 60 43 ist
1918 3296 126 46 einer
2071 3289 82 49 der
2179 3287 236 60 fähigsten
2433 3284 265 50 russischen

1553 3376 324 62 Diplomaten,
1910 3369 315 63 langjähriger
2258 3364 447 64 Departementchef

1554 3463 60 43 im
1649 3455 327 50 Ministerium
2018 3449 81 50 des
2136 3447 228 50 Äußeren
2400 3445 175 56 (Leiter
2617 3442 84 50 der

1554 3535 109 50 dort
1703 3532 307 60 wichtigsten,
2044 3526 316 52 nahöstlichen
2393 3522 308 60 Abteilung),

1557 3611 297 66 gelegentlich
1888 3609 98 50 und
2020 3628 56 30 so
2112 3606 115 51 noch
2261 3611 47 43 in
2341 3611 214 55 jüngster
2589 3602 114 50 Zeit

1557 3690 440 66 Spezialgesandter
2047 3706 61 31 an
2157 3686 90 50 den
2287 3682 326 51 Balkanhöfen
2656 3687 47 44 in

1559 3771 255 52 besonders
1850 3769 184 52 heiklen
2052 3764 374 64 Augenblicken,
2449 3762 106 50 also
2579 3767 128 45 einer

1560 3853 82 50 der
1659 3853 166 49 besten
1842 3850 196 49 Kenner
2057 3846 80 51 der
2156 3842 335 64 europäischen
2503 3841 204 51 Orient*

1559 3934 146 60 frage.
1725 3931 172 52 Seinen
1915 3926 382 61 Ausführungen
2316 3922 113 51 muß
2449 3921 115 51 auch
2583 3920 126 58 dort.
