3226 4572
1195 424 57 50 S.
1285 419 355 52 Triedfaender
1659 441 9 10 •
1685 415 117 50 Der
1830 408 285 64 WagßaCter
2140 406 93 49 der
2262 403 125 50 Weft

664 429 95 51 866

670 618 426 80 Gleichgewicht
1145 639 66 37 so
1263 613 128 62 sehr
1439 616 214 72 gestört
1692 613 111 52 wie
1843 624 139 38 vom
2022 595 414 65 menschlichen.
2491 595 128 61 Das
2671 593 258 79 göttliche

668 726 70 50 ist
769 714 394 76 Antizipation
1198 708 99 61 des
1324 701 195 65 Todes
1555 699 117 63 und
1705 696 176 61 macht
1916 717 106 38 aus
2058 691 208 61 dessen
2300 689 210 80 abrupt
2552 688 380 63 eintretender

666 808 331 62 Indifferenz
1046 804 90 61 die
1185 799 353 68 elastischste,
1597 794 89 60 die
1735 790 276 61 Extreme
2071 811 92 37 am
2215 784 425 79 Gängelbande
2689 783 243 63 behal*

666 902 227 71 tende,
929 910 81 52 sie
1042 896 508 63 kontrebalanciert
1574 886 310 80 Vergehen
1917 906 182 56 gegen
2125 881 299 73 Werden,-
2458 881 157 62 diese
2650 881 280 61 Extreme

667 999 99 59 der
799 992 397 70 Sterblichkeit,
1229 991 90 60 die
1352 988 99 61 der
1475 981 133 65 Tod
1640 981 257 70 zerhaut,
1932 978 229 78 schlingt
2192 986 84 53 sie
2311 986 54 52 in
2401 976 157 62 ihren
2594 976 336 77 lebendigen

666 1093 249 59 Knoten.
968 1090 79 60 Im
1093 1088 289 61 Innersten
1430 1080 135 62 muß
1615 1100 130 38 man
1795 1074 461 80 synästhetisiert
2313 1082 142 63 sein,
2505 1071 427 70 weltidentisch,

665 1185 114 61 leer
811 1208 115 38 von
959 1183 308 66 Differenz,
1310 1202 95 35 um
1438 1174 107 62 alle
1578 1173 368 61 Differenzen
1980 1178 348 70 gegenseitig
2364 1168 91 62 für
2488 1166 273 64 einander
2796 1189 101 40 sen-

665 1279 137 63 sibel
842 1303 74 36 zu
958 1277 240 61 machen.

741 1375 85 61 Es
869 1382 70 52 ist
978 1395 47 37 z,
1062 1371 62 59 B.
1161 1366 287 63 unendlich
1491 1363 235 70 leichter,
1761 1361 325 62 Milliardär
2126 1386 77 37 zu
2245 1369 123 54 sein
2410 1359 85 63 als
2533 1358 201 62 »kein«
2775 1356 159 63 Geld

661 1493 74 37 zu
784 1467 201 65 haben,
1036 1463 52 61 d,
1126 1462 48 62 h.
1210 1460 195 62 weder
1450 1460 335 77 Vermögen
1837 1457 140 61 noch
2020 1456 303 71 Schulden,
2377 1455 53 63 d.
2476 1456 54 62 h.
2576 1453 91 63 die
2718 1476 172 38 unum-

658 1561 277 80 gängliche
968 1556 457 79 Vorbedingung
1465 1579 109 38 vor
1613 1554 158 78 jeder
1805 1552 451 63 Gelddifferenz,
2298 1551 148 64 Wer
2490 1550 157 62 diese
2688 1557 246 73 persön*

658 1658 130 61 liehe
821 1654 353 63 Neutralität
1207 1650 260 80 lebendig
1499 1660 177 63 wäre,
1711 1649 158 62 hätte
1903 1649 112 61 den
2044 1645 517 65 Geldunterschied
2595 1643 339 82 disponibel,

657 1750 151 79 jedes
851 1748 308 63 finanzielle
1199 1747 243 62 Extrem
1483 1754 158 52 wäre
1690 1744 213 79 gerade
1954 1743 217 62 diesem
2218 1742 430 62 »Besitzlosen«
2702 1739 233 62 absolut

657 1846 347 78 zugänglich,-
1043 1844 180 61 dieser
1263 1842 223 63 seelisch
1530 1850 337 53 zentrierten
1905 1838 340 65 Geldmacht
2278 1848 160 52 wäre
2478 1838 165 61 keine
2675 1836 221 62 mensch-

657 1942 128 61 liche
825 1941 180 61 Börse
1046 1940 349 78 gewachsen.
1443 1936 156 63 Geld
1640 1946 72 52 ist
1754 1935 456 80 unvergleichlich
2253 1933 162 63 mehr
2457 1932 83 64 als
2584 1956 134 37 man
2761 1930 174 63 denkt

658 2045 125 52 eine
823 2043 154 53 intim
1019 2032 342 80 persönliche
1403 2031 363 79 Eigenschaft
1808 2040 137 60 <wie
1987 2055 48 37 z.
2069 2030 64 61 B,
2172 2030 139 61 auch
2354 2029 178 68 Zeit).
2577 2027 117 61 Die
2736 2026 199 61 Macht

658 2131 99 61 des
801 2129 223 62 Zufalls
1067 2130 168 60 bricht
1283 2129 106 61 sich
1441 2128 222 62 allemal
1714 2151 73 38 an
1833 2126 100 63 der
1977 2125 101 62 der
2121 2126 118 61 echt
2281 2134 239 70 eigenen
2562 2124 239 70 Person,
2852 2130 83 54 sie

657 2225 199 61 würde
897 2250 72 36 an
1013 2224 100 62 der
1154 2224 100 62 der
1296 2224 449 62 neutralisierten
1787 2223 356 62 zerschellen.
2187 2222 154 61 Eine
2377 2220 218 63 Person
2629 2242 134 56 mag
2794 2217 140 62 noch

657 2345 66 37 so
782 2321 275 77 energisch
1117 2330 138 63 sein,
1317 2319 139 63 aber
1514 2319 153 63 ohne
1725 2318 159 62 diese
1942 2327 121 52 rein
2123 2316 260 63 neutrale
2433 2316 293 61 Präzision
2788 2312 149 62 ihrer

657 2416 246 79 Energie
945 2416 212 62 erfährt
1207 2426 83 52 sie
1340 2416 97 62 die
1486 2416 446 62 sdireddichsten
1977 2412 475 79 Schwankungen
2504 2411 120 62 und
2666 2411 272 62 Verwirr

656 2534 231 55 rungen.
940 2511 115 61 Die
1104 2511 277 61 Extreme
1432 2510 101 63 des
1584 2511 248 73 Lebens,
1893 2510 92 62 die
2045 2509 102 62 der
2196 2519 84 52 sie
2331 2505 606 65 indifferenzierenden

656 2606 211 63 Person
909 2615 185 71 präzis
1137 2606 271 63 einander
1448 2606 234 80 parallel
1724 2605 206 79 gehen,
1973 2628 340 56 verqueren,
2355 2601 410 65 verschränken
2819 2600 119 62 und

657 2702 385 62 überkreuzen
1091 2704 108 61 sich
1251 2702 101 63 der
1401 2703 412 62 menschlichen.
1874 2702 82 63 So
2016 2700 403 64 verklammert
2476 2700 108 61 sich
2643 2698 144 62 über
2838 2697 101 61 der

660 2797 351 79 Gegenwart
1036 2798 471 80 Vergangenheit
1532 2808 99 52 mit
1658 2798 283 71 Zukunft,
1969 2807 84 53 sie
2087 2797 183 79 liegen
2304 2797 108 62 sich
2448 2805 56 52 in
2538 2794 112 63 den
2676 2794 262 70 Haaren,

658 2891 117 62 und
817 2915 60 38 es
919 2892 115 79 gibt
1075 2893 138 61 noch
1255 2916 102 56 gar
1396 2893 164 63 keine
1604 2895 153 61 echte
1799 2893 348 82 persönliche
2191 2892 377 78 Gegenwart.

737 2987 81 63 So
851 2987 290 80 korrigiert
1174 2990 108 61 sich
1317 2989 105 63 das
1448 2991 360 61 menschliche
1833 2987 498 65 Mißverständnis
2361 2987 101 61 des
2493 2985 442 63 »Gewissens«.

657 3083 86 62 Es
785 3102 160 44 nutzt
985 3108 100 55 gar
1127 3087 189 71 nichts,
1359 3087 198 78 irgend
1599 3103 183 46 etwas
1827 3112 76 37 zu
1946 3094 285 71 negieren.
2275 3085 154 61 Man
2471 3083 152 62 kann
2657 3083 140 61 auch
2833 3080 105 62 das

660 3178 308 63 Gewissen
1019 3181 141 60 nicht
1208 3191 285 70 negieren,
1546 3182 152 62 ohne
1749 3206 62 38 es
1862 3207 76 37 zu
1991 3191 292 71 ponieren.
2337 3179 233 71 Etwas,
2614 3177 104 62 das
2763 3175 175 63 über*

658 3272 177 81 haupt
876 3276 424 62 unterschieden
1334 3286 90 62 ist,
1466 3286 71 53 ist
1571 3295 215 57 etwas,-
1827 3301 174 55 sogar
2035 3277 91 61 die
2161 3274 491 79 wahnsinnigsten
2689 3269 252 65 Gebilde

660 3367 99 62 des
795 3368 467 80 Aberglaubens,
1291 3371 209 62 Hexen
1537 3399 48 36 z,
1615 3374 64 62 B,
1709 3374 128 62 sind
1870 3391 201 45 etwas.
2107 3372 204 63 Falsch
2345 3395 75 38 an
2454 3370 226 62 solchen
2716 3367 226 61 Unter*

660 3464 254 63 schieden
963 3475 73 52 ist
1084 3492 109 36 nur
1244 3466 104 62 das
1400 3468 249 63 isolierte
1691 3470 361 80 Behaupten,
2104 3469 101 63 der
2246 3466 246 79 Mangel
2542 3489 76 38 an
2660 3464 147 62 Blick
2849 3464 93 61 für

661 3556 89 63 die
789 3560 177 62 totale
999 3562 315 72 Differenz,
1358 3572 55 52 in
1457 3563 90 61 die
1589 3573 83 53 sie
1712 3564 275 79 gehören,
2030 3565 91 63 die
2156 3562 377 80 Unfähigkeit
2565 3584 105 38 zur
2703 3559 238 80 polaren

661 3652 415 82 Abwandlung
1118 3657 185 62 dieser
1344 3658 259 78 Begriffe,
1648 3659 71 61 Z,
1752 3661 63 61 B.
1865 3662 244 61 »Hexe«
2157 3661 366 62 kontrastiert
2565 3673 155 46 etwa
2760 3678 182 56 gegen

662 3746 90 62 die
798 3767 169 60 »gute
1008 3752 182 72 Fee«,
1234 3752 157 62 diese
1427 3753 278 63 Extreme
1745 3756 129 61 sind
1917 3756 103 62 das
2063 3756 269 62 Erlebnis
2379 3763 156 54 einer
2575 3751 193 63 realen
2810 3775 133 37 mo*

661 3842 264 64 ralischen
959 3846 311 72 Differenz,
1315 3847 91 62 die
1447 3857 56 52 in
1546 3847 102 64 der
1679 3845 116 66 Tat
1838 3860 84 53 ins
1959 3851 387 62 Exorbitante
2387 3849 147 81 geht.
2577 3849 212 60 Etwas
2824 3871 119 37 von

661 3937 101 63 der
820 3937 415 66 Universalität
1283 3941 389 64 Verlassenes
1729 3945 118 78 gibt
1904 3969 61 38 es
2026 3949 156 60 nicht.
2245 3946 171 61 Aber
2473 3968 62 39 es
2595 3943 118 80 gibt
2770 3967 173 56 sogar
