3061 4214
796 492 289 117 PAS
1186 492 209 117 DE
1507 492 669 127 CORSET!

1483 790 35 45 ((
1568 757 300 85 Allons
1933 758 221 87 donc
2217 762 463 89 Messieurs

1266 954 123 84 les
1455 953 389 85 nunistes
1924 986 209 54 vous
2198 987 219 57 nous
2481 991 147 56 con-

1269 1148 289 85 duisez
1614 1157 50 75 à
1716 1148 456 88 l'anarchie
2238 1183 200 55 avec
2489 1165 189 75 tous

1264 1376 152 54 vos
1495 1355 685 75 renversements
2271 1348 151 84 des
2518 1350 159 85 lois

1269 1542 481 97 existantes,
1806 1571 211 55 vous
2084 1542 328 86 oubliez
2480 1547 197 114 qu'il

1267 1740 177 83 faut
1495 1769 116 54 un
1675 1746 277 77 corset
2013 1767 217 86 pour
2295 1741 383 83 contenir

1265 1937 124 84 les
1432 1934 621 86 affaissements
2097 1945 78 75 et
2207 1933 123 84 les
2372 1933 252 85 débor-

1271 2130 423 85 dements!
1745 2164 34 44 »

1478 2379 36 46 «
1562 2343 370 115 Voyons,
1968 2341 466 96 Monsieur,
2462 2370 211 56 vous

1265 2571 241 53 savez
1571 2538 201 86 bien
1839 2567 162 85 que
2086 2566 93 54 ce
2264 2535 145 116 qui
2481 2567 50 52 a
2591 2536 77 84 le

1260 2737 191 114 plus
1519 2735 105 82 de
1688 2732 294 84 valeur
2047 2760 106 53 en
2210 2760 91 53 ce
2351 2729 315 84 monde

1258 2939 126 75 est
1440 2929 467 114 justement
1961 2954 91 54 ce
2119 2923 144 115 qui
2323 2953 87 55 se
2460 2923 207 83 tient

1256 3132 182 79 tout
1501 3121 206 85 seul.
1751 3154 38 45 »

715 3411 179 69 prépare
925 3428 112 52 pour
1068 3409 38 47 le
1146 3411 106 45 mois
1289 3409 50 47 de
1362 3407 139 70 juinj
1539 3427 13 28 :

283 3489 45 42 j°
367 3481 99 52 Vne
493 3486 174 66 grande
704 3482 325 71 manifestation
1066 3489 273 61 comprenant
1362 3499 83 30 une
1485 3477 230 73 conférence
1741 3473 323 52 contradictoire
2101 3478 39 40 et
2187 3471 45 48 la
2266 3473 207 66 première
2517 3468 120 69 repré-

421 3562 214 44 sentation
665 3559 128 47 d'une
812 3558 112 69 pièce
946 3557 49 47 de
1014 3552 269 64 Guillaume
1616 3594 9 9 .

277 3632 48 54 2?
360 3627 98 52 Une
482 3635 186 48 causerie
692 3649 75 31 sur
792 3630 48 48 la
863 3628 132 63 poésie
1016 3631 173 49 nuniste
1213 3645 96 34 avec
1331 3628 156 58 poèmes
1514 3640 225 35 nouveaux
1741 3660 15 20 }
1774 3625 195 64 musique
1993 3626 39 40 et
2054 3618 169 47 danses.
