2667 3929
189 304 175 74 LA
473 286 414 92 CITÉ.

1802 298 66 74 N
1931 298 66 74 u
2061 296 109 73 M.
2279 296 92 76 8.

1091 301 66 73 v
1215 301 71 73 o
1347 301 79 73 L.
1530 301 64 73 5

2297 3661 176 73 149

333 542 71 33 on
446 536 128 52 peut
613 540 234 48 prouver
885 520 121 53 bien
1048 520 88 53 des
1176 519 193 57 choses,
1412 520 131 51 mais
1582 519 95 65 qui
1718 518 135 52 n'est
1895 534 96 47 pas
2031 513 342 67 précisément

331 608 248 52 honnête.

490 693 163 52 Aussi
680 692 192 65 vais-je
901 691 124 53 citer
1054 689 400 65 intégralement
1482 691 44 50 le
1557 703 141 38 texte
1726 688 123 53 visé.

494 790 225 65 Jacques
736 787 198 54 Mesnil
957 787 124 52 écrit
1100 786 77 65 (*)
1220 805 13 32 :

503 905 30 33 «
565 886 46 52 Il
637 904 64 34 ne
729 886 106 51 s'en
863 885 124 52 faut
1011 901 95 47 pas
1134 884 62 52 de
1222 884 274 63 beaucoup
1525 899 100 48 que
1653 882 126 53 Van
1808 881 61 52 de
1897 879 186 57 Velde,
2116 877 133 52 dans
2277 893 96 34 son

338 971 392 54 enthousiasme
771 988 141 47 pour
954 970 71 51 les
1069 982 230 38 travaux
1343 968 61 50 de
1446 966 310 65 l'ingénieur
1798 980 50 38 et
1891 965 72 52 les
2005 961 253 67 produits
2302 960 73 52 du

333 1058 311 57 mécanisme
668 1056 266 56 moderne,
962 1055 124 52 n'en
1111 1055 188 51 vienne
1324 1055 27 51 à
1378 1054 106 52 dire
1509 1072 200 34 comme
1736 1051 148 54 MM.
1914 1053 177 50 Perret
2118 1067 103 47 que
2248 1048 99 52 l'ar-

330 1144 282 52 chitecture
640 1157 74 38 est
743 1143 49 49 la
821 1140 381 54 construction.
1237 1139 142 52 Mais
1406 1139 125 52 Van
1562 1139 61 52 de
1651 1139 169 52 Velde
1850 1136 135 53 n'est
2014 1154 97 47 pas
2140 1135 73 51 du
2246 1145 125 40 tout

334 1241 366 39 constructeur
715 1244 98 47 par
833 1224 381 66 tempérament
1241 1225 90 51 :il
1368 1224 210 52 croit
1614 1224 28 51 à
1677 1224 69 51 la
1784 1218 591 57 construction

336 1331 284 34 comme
675 1331 93 33 on
827 1310 213 54 croit
1097 1328 88 33 au
1243 1309 219 52 salut
1520 1310 81 51 de
1658 1327 136 33 son
1855 1308 170 51 âme.
2089 1307 93 52 Au
2216 1304 156 56 fond,

329 1398 122 52 c'est
477 1416 75 34 un
579 1397 339 56 dessinateur,
950 1413 72 33 on
1049 1396 46 50 le
1121 1396 117 50 voit
1265 1394 131 52 dans
1422 1407 149 38 toute
1597 1411 97 34 son
1722 1411 193 38 œuvre,
1945 1409 73 35 on
2047 1393 44 50 le
2119 1404 116 40 sent
2264 1390 28 51 à
2318 1389 52 51 la

336 1483 158 65 façon
522 1483 208 65 lyrique
755 1483 136 51 dont
918 1482 38 51 il
983 1482 143 63 parle
1152 1481 62 50 de
1238 1481 48 50 la
1314 1479 139 65 ligne
1478 1479 131 52 dans
1636 1478 194 53 l'étude
1857 1478 134 65 qu'il
2019 1496 36 47 y
2080 1492 243 36 consacre
2358 1493 14 32 :

329 1587 139 47 pour
494 1570 77 50 lui
598 1570 51 50 la
675 1570 140 63 ligne
844 1568 134 51 n'est
1004 1585 96 47 pas
1128 1566 283 52 seulement
1441 1583 73 34 un
1542 1582 194 47 moyen
1765 1564 62 53 de
1855 1562 413 65 communiquer
2296 1562 71 51 les

329 1655 194 64 images
542 1655 95 63 qui
659 1671 48 34 se
726 1653 238 51 forment
984 1671 62 33 en
1068 1670 154 38 nous,
1247 1651 121 53 c'est
1388 1650 493 66 primordialement
1902 1663 51 39 et
1975 1650 28 50 à
2025 1647 246 65 l'origine
2295 1663 73 35 un

330 1754 136 50 geste
494 1738 307 66 exprimant
829 1751 152 39 notre
1009 1737 105 52 être
1140 1736 249 53 intérieur
1421 1755 48 33 ».

490 1850 71 51 Et
585 1850 123 64 plus
734 1848 114 53 loin
884 1867 12 31 :

496 1964 263 53 «Mais
806 1975 209 40 cette
1065 1962 389 53 tendance
1505 1958 506 65 romantique
2064 1971 64 38 et
2178 1954 152 55 indi-

327 2050 409 52 vidualiste
797 2061 107 38 est
978 2047 603 51 heureusement
1642 2041 396 67 tempérée
2102 2058 83 36 en
2249 2038 118 55 lui

326 2152 137 49 par
528 2136 70 52 la
665 2133 391 54 tendance
1125 2145 183 39 tout
1396 2130 363 66 opposée,
1834 2127 398 53 utilitaire
2302 2137 66 40 et

327 2220 305 57 sociale,
683 2218 213 67 qu'il
946 2216 307 57 défend,
1305 2227 336 41 surtout
1689 2232 84 33 en
1823 2212 543 59 architecture,

327 2323 168 34 avec
587 2323 88 34 un
750 2304 548 52 exclusivisme
1371 2301 135 65 qui
1580 2298 531 54 l'amènerait
2189 2297 29 52 à
2296 2297 71 51 la

326 2390 365 57 froideur,
731 2389 28 52 à
795 2389 66 50 la
900 2387 305 52 raideur
1241 2400 68 41 et
1346 2387 28 51 à
1412 2386 70 52 la
1519 2384 287 53 nudité
1845 2381 525 67 préconisées

327 2474 508 67 aujourd'hui
914 2492 128 47 par
1105 2472 355 53 certains
1523 2486 283 37 comme
1872 2469 128 52 des
2065 2479 300 44 vertus,

327 2563 58 50 si
425 2579 108 34 ces
575 2560 304 53 défauts
919 2559 394 52 n'étaient
1354 2574 135 48 pas
1533 2558 61 50 si
1637 2555 468 52 contraires
2152 2555 30 51 à
2229 2570 138 36 son

327 2646 553 67 tempérament.
933 2645 200 51 Dans
1183 2645 66 51 la
1299 2641 401 68 pratique,
1757 2658 117 34 ces
1926 2639 442 53 tendances

327 2751 65 35 se
460 2730 739 54 contre-balancent
1270 2729 183 65 plus
1526 2744 92 35 ou
1690 2726 258 53 moins
2022 2739 71 38 et
2165 2724 205 53 c'est

327 2818 180 51 dans
579 2817 101 52 les
754 2828 361 39 moments
1190 2813 87 52 où
1352 2812 190 53 elles
1616 2810 611 65 s'équilibrent
2301 2810 67 52 le

326 2902 184 66 plus
560 2913 475 41 exactement
1083 2917 132 47 que
1265 2898 157 52 Van
1473 2898 77 52 de
1600 2897 240 52 Velde
1893 2895 271 54 arrive
2217 2912 150 35 aux

329 2987 546 53 réalisations
922 2986 110 52 les
1077 2984 181 66 plus
1307 2982 471 67 parfaites».

484 3086 393 56 Evidemment,
907 3083 127 54 Van
1064 3083 60 52 de
1152 3082 169 52 Velde
1350 3095 73 38 est
1454 3080 307 57 théoricien;
1796 3080 38 53 il
1864 3078 154 54 serait
2048 3078 226 52 absurde
2305 3077 62 52 de

327 3171 45 52 le
402 3170 127 58 nier,
562 3171 134 52 mais
722 3170 37 52 il
791 3182 75 40 est
894 3186 75 36 un
998 3167 283 54 théoricien
1312 3167 61 51 de
1401 3165 161 66 génie.
1595 3166 132 52 Sans
1756 3163 106 52 être
1892 3165 206 52 devenu
2128 3163 240 52 l'esclave

450 3376 69 55 (*)
566 3376 175 52 Jacques
763 3374 162 50 Mesnil,
948 3374 142 53 Henry
1111 3374 100 43 Van
1231 3371 53 46 de
1301 3371 136 44 Velde
1456 3382 40 33 et
1517 3370 36 44 le
1576 3368 176 45 Théâtre
1772 3367 70 45 des
1863 3365 378 54 Champs-Elysées.
2267 3365 77 44 Bru-

324 3461 120 46 xelles
467 3478 41 33 et
534 3461 128 45 Paris.
690 3460 102 44 Van
816 3460 102 44 Oest
942 3471 39 35 et
1005 3459 89 50 Cie,
1120 3475 67 36 pp.
1219 3459 61 44 24
1305 3468 38 34 et
1369 3456 73 45 25.
