2667 3929
194 3701 166 75 158

305 334 172 73 LA
586 331 422 76 CITE.

1209 331 345 76 VOL.
1658 334 64 68 5

1938 334 195 73 NU
2197 334 119 73 M.
2420 334 61 73 8

298 604 114 32 sera,
447 587 65 43 dit
541 587 42 43 la
616 585 305 43 Commission
955 584 61 42 du
1048 583 286 49 Commerce,
1369 584 263 52 spécialisée
1663 588 26 38 à
1722 595 105 33 tous
1855 585 63 43 les
1950 586 110 43 Arts
2093 586 189 44 décorai
2302 586 38 42 fo

300 661 238 51 appliqués
565 662 26 39 à
619 658 25 42 Y
651 657 310 47 architecture,
992 674 59 25 au
1079 656 210 43 mobilier
1315 668 44 31 et
1386 660 27 40 à
1441 657 41 42 la
1514 673 183 35 parure;
1724 657 90 44 elle
1839 673 101 28 sera
1966 659 210 43 réservée
2203 661 28 42 à
2259 659 82 42 des

300 749 181 28 oeuvres
507 732 140 44 d'une
672 730 266 53 inspiration
964 729 216 48 nouvelle
1206 730 28 44 à
1258 729 267 46 l'exclusion
1554 730 61 44 de
1641 737 128 37 toute
1795 731 134 52 copie
1955 747 61 27 ou
2045 732 204 51 pastiche
2277 732 64 42 du

300 808 133 51 passé
460 823 41 26 ».

433 887 61 43 La
523 888 305 43 Commission
858 906 56 25 ne
944 897 108 43 peut
1082 889 134 48 donc,
1249 905 72 26 sur
1348 904 74 26 ces
1454 889 121 42 deux
1602 889 166 52 points,
1801 906 87 34 que
1917 889 199 49 prendre
2145 899 100 33 acte
2279 896 59 34 du

299 972 108 32 vote
452 960 361 52 parlementaire,
865 971 42 32 et
953 961 174 47 établir,
1174 963 111 41 ainsi
1332 961 166 53 quelle
1544 980 55 25 en
1647 972 65 32 est
1756 961 208 52 chargée,
2015 961 65 43 les
2123 964 128 41 voies
2297 971 43 31 et

299 1050 192 35 moyens
531 1051 115 35 pour
688 1035 39 42 la
772 1035 257 43 réalisation
1075 1035 59 42 de
1173 1052 52 25 ce
1267 1051 294 36 programme
1606 1035 57 43 de
1706 1037 215 49 principe,
1968 1040 87 45 qui,
2105 1035 42 44 !u
2155 1039 7 22 :
2169 1072 7 13 ,
2225 1052 114 26 nous

296 1108 219 52 échappe.

432 1193 32 47 I]
500 1207 67 30 est
598 1192 340 52 indispensable
974 1193 58 42 de
1067 1209 57 26 ne
1158 1209 82 34 pas
1275 1192 174 43 oublier
1482 1211 59 24 un
1576 1195 96 42 seul
1707 1195 168 41 instant
1912 1209 86 35 que
2035 1190 302 52 l'Exposition

299 1267 81 41 des
416 1266 110 42 Arts
563 1265 261 43 Décoratifs
863 1265 247 43 modernes
1149 1266 116 42 n'est
1305 1282 56 27 en
1402 1270 94 39 rien
1534 1265 300 51 comparable
1874 1268 26 40 à
1940 1282 90 26 une
2069 1264 267 51 Exposition

303 1339 278 43 Universelle
621 1357 9 22 :
663 1356 52 24 ce
747 1339 116 46 n'est
894 1357 80 33 pas
1009 1357 87 26 une
1129 1338 268 51 Exposition
1430 1340 58 43 de
1520 1357 104 34 gros
1656 1339 244 43 bataillons
1934 1340 58 41 de
2027 1338 154 43 firmes
2214 1353 93 26 com-

297 1400 231 42 merciales
552 1411 43 31 et
619 1399 314 43 industrielles.
960 1399 98 44 Elle
1082 1400 74 42 n'a
1182 1418 83 34 pas
1286 1417 117 35 pour
1425 1400 82 43 but
1533 1400 58 43 de
1615 1409 203 33 montrer
1843 1409 125 33 toute
1995 1400 42 42 la
2061 1399 276 52 production

296 1474 242 51 nationale,
566 1491 55 25 au
647 1475 239 45 contraire,
913 1491 49 24 sa
988 1475 149 40 raison
1164 1473 158 48 d'être,
1352 1473 111 44 c'est
1490 1473 57 43 de
1573 1473 301 43 sélectionner
1900 1479 120 36 cette
2046 1472 289 50 production,

297 1548 106 42 d'en
437 1547 203 42 éliminer
673 1557 98 32 tout
802 1564 52 24 ce
886 1550 87 49 qui,
1010 1564 84 35 par
1122 1564 50 26 sa
1207 1546 168 53 qualité
1410 1546 117 43 d'art
1561 1565 55 24 en
1651 1550 151 40 même
1837 1556 152 40 temps
2018 1564 87 33 que
2138 1562 85 34 par
2253 1562 83 25 son

296 1623 252 45 exécution,
586 1621 115 42 n'est
736 1637 83 34 pas
853 1620 135 51 digne
1025 1620 29 42 d
1076 1619 152 52 éloge;
1265 1619 112 44 c'est
1409 1620 80 51 d'y
1524 1618 186 45 éveiller
1742 1619 66 43 les
1844 1618 205 53 énergies
2084 1618 252 54 créatrices,

294 1703 43 33 et
369 1694 58 43 de
457 1711 56 25 ne
543 1696 235 49 présenter
809 1694 124 42 enfin
967 1696 25 40 à
1024 1693 225 43 l'examen
1281 1703 45 33 et
1357 1697 26 39 à
1415 1693 344 52 l'approbation
1794 1693 57 42 de
1885 1692 41 44 la
1955 1693 209 42 clientèle
2196 1702 45 33 et
2276 1692 60 42 du

294 1767 153 51 public
482 1784 87 35 que
602 1766 67 44 les
701 1782 182 28 œuvres
916 1766 195 43 sincères
1145 1774 47 36 et
1227 1766 242 52 originales
1503 1782 58 27 en
1595 1765 213 45 excluant
1843 1780 105 28 sans
1984 1764 215 44 feiblesse
2236 1771 100 37 tout

294 1840 186 44 modèle
506 1849 105 44 trop
639 1839 265 44 facilement
931 1839 108 53 pillé
1066 1840 116 42 dans
1209 1839 192 43 l'œuvre
1430 1839 59 43 de
1517 1854 85 28 nos
1630 1839 281 45 devanciers.

431 1923 166 44 C'EST
630 1923 123 44 UNE
786 1924 366 43 EXPOSITION
1187 1923 81 44 DE
1302 1923 314 43 CREATION
1653 1922 76 44 ET
1762 1922 81 44 DE
1875 1921 348 47 SELECTION,
2260 1921 76 45 ET

295 1997 241 50 QUELLE
565 1997 127 52 QUE
721 1997 137 43 SOIT
889 1997 80 43 LA
999 1995 257 45 VALEUR
1286 1995 456 44 COMMERCIALE
1771 1996 89 43 OU
1891 1996 81 43 LA
2004 1995 331 43 PUISSANCE

296 2070 438 44 INDUSTRIELLE
764 2070 186 43 D'UNE
978 2069 250 48 MAISON,
1261 2069 194 44 CETTE
1486 2068 238 44 MAISON
1752 2069 106 43 N'A
1888 2068 113 44 PAS
2030 2068 78 44 SA
2138 2068 197 44 PLACE

296 2144 166 43 DANS
508 2143 195 44 CETTE
748 2142 367 45 EXPOSITION
1159 2142 48 44 SI
1255 2142 106 43 LES
1406 2141 270 44 ŒUVRES
1721 2141 258 53 QU'ELLE
2028 2141 307 43 PRESENTE

296 2216 388 52 N'AJOUTENT
721 2216 257 43 AUCUNE
1020 2214 464 45 CONTRIBUTION
1527 2214 432 45 PERSONNELLE
2001 2216 90 42 AU
2133 2214 170 44 PATRI-

297 2291 195 43 MOINE
531 2288 344 46 CONSTITUE
913 2288 155 53 DEJA
1107 2288 123 45 PAR
1270 2288 292 44 L'EFFORT
1599 2287 369 53 ARTISTIQUE
2008 2288 80 43 DE
2128 2288 209 43 NOTRE

296 2363 170 45 PAYS.

429 2448 66 43 En
524 2448 167 47 réalité,
719 2465 51 24 ce
795 2448 115 41 n'est
936 2448 120 41 donc
1080 2464 82 35 pas
1188 2447 259 51 l'exposant
1470 2451 73 47 qui
1570 2457 66 32 est
1663 2445 160 50 admis,
1854 2448 113 41 mais
1991 2446 111 43 c'est
2129 2445 203 43 l'œuvre.

291 2521 125 43 C'est
440 2521 42 43 le
506 2522 205 52 principe
734 2524 73 48 qui
833 2538 26 26 a
881 2522 111 50 régi,
1016 2536 115 27 avec
1155 2537 60 26 un
1240 2522 157 41 succès
1421 2519 211 52 éclatant,
1663 2518 343 53 l'organisation
2037 2519 60 43 du
2126 2518 205 43 Pavillon

293 2596 81 41 des
393 2596 110 41 Arts
523 2594 248 43 décoratifs
790 2592 247 44 modernes
1056 2596 26 39 à
1103 2592 151 50 Turin,
1278 2593 114 43 celle
1415 2594 81 42 des
1516 2592 293 52 Expositions
1832 2593 59 42 de
1912 2591 186 44 Munich
2122 2592 57 42 de
2209 2591 12 43 1
2237 2590 95 44 908

291 2679 43 32 et
365 2667 140 49 1912,
527 2667 115 44 celle
666 2667 82 43 des
767 2668 199 42 sections
990 2666 40 44 d'
1040 2666 88 44 Art
1152 2666 225 44 décoratif
1403 2666 58 43 de
1486 2675 149 34 toutes
1660 2665 64 44 les
1747 2665 294 52 Expositions
2066 2665 133 43 faites
2221 2680 114 27 avec

292 2743 39 41 la
359 2743 320 51 participation
705 2740 216 47 officielle
948 2740 59 43 de
1029 2739 322 52 I*Allemagne.

426 2824 126 45 C'est
585 2823 44 46 la
663 2823 124 54 règle
821 2823 348 46 fondamentale
1206 2838 106 29 sans
1346 2822 198 54 laquelle
1576 2822 30 45 il
1641 2822 81 52 n'y
1755 2838 27 27 a
1819 2821 101 53 plus
1956 2822 46 42 ni
2039 2835 296 38 programme

292 2898 216 52 possible,
535 2898 47 44 ni
605 2897 210 45 résultats
841 2898 29 42 à
894 2898 197 52 espérer.

426 2980 67 44 En
520 2980 172 44 France
726 2982 45 50 (1
791 2981 38 51 ),
859 2985 58 38 où
943 2991 120 32 cette
1091 2980 120 52 règle
1240 2981 72 42 n'a
1342 2996 168 26 encore
1534 2981 165 50 jamais
1724 2981 72 40 été
1823 2978 258 52 appliquée,
2114 2978 26 42 i!
2171 2976 162 44 faudra

291 3054 251 44 s'attendre
567 3058 26 39 à
620 3065 264 33 rencontrer
909 3071 88 27 une
1022 3070 125 27 assez
1173 3056 108 40 vive
1308 3053 264 52 opposition
1602 3052 82 43 dès
1711 3052 41 43 le
1783 3051 153 44 début.
1973 3051 85 43 Les
2085 3060 250 43 exposants

299 3128 306 51 (industriels)
654 3141 106 32 sont
796 3126 211 45 habitués
1046 3130 27 41 à
1112 3130 95 41 être
1247 3125 150 45 admis
1436 3142 105 26 sans
1581 3124 263 49 discussion,
1888 3135 43 33 et
1972 3141 74 27 sur
2086 3124 44 45 le
2169 3123 164 51 simple

292 3203 174 41 énoncé
496 3201 81 43 des
602 3203 325 50 récompenses
956 3201 225 43 obtenues
1209 3200 444 51 automatiquement
1678 3216 83 35 par
1790 3197 96 45 leur
1914 3199 177 44 maison
2124 3197 115 44 dans
2270 3197 63 41 les

291 3274 291 53 Expositions
626 3276 288 43 antérieures.
968 3273 55 44 Ils
1069 3272 292 45 considèrent
1409 3280 118 34 cette
1573 3271 250 43 admission
1872 3287 183 27 comme
2103 3288 59 26 un
2214 3270 121 42 droit

291 3351 166 49 acquis,
485 3349 195 51 quelque
705 3365 88 35 peu
816 3349 296 43 intéressants
1136 3363 91 37 que
1251 3347 200 51 puissent
1476 3348 93 41 être
1595 3345 66 44 les
1686 3344 153 53 objets
1860 3344 136 52 qu'ils
2020 3355 224 41 exposent
2272 3360 60 24 ou

434 3507 82 51 (1)
546 3505 77 45 ET
647 3506 80 44 EN
754 3504 329 53 BELGIQUE!
