5115 7188
248 454 114 49 Wie
399 455 182 50 steht's
618 459 90 46 mit
743 457 197 51 Deinen
976 460 348 50 Socialisten?
1358 492 63 6 —

252 538 60 60 O,
355 541 158 48 lieber
555 538 233 66 Mensch,
832 547 227 58 liebe,
1104 549 193 47 liebe
1340 547 128 49 Dein
1509 545 161 48 liebes

152 623 274 51 Mädchen.
470 626 199 57 Igstadt
697 632 64 48 ist
787 632 138 49 nicht
952 634 137 55 weit,
1121 635 99 46 und
1249 647 55 34 es
1337 636 172 51 erregt
1537 630 132 49 mich

156 711 410 61 eigenthümlich,
616 715 94 49 daß
761 718 89 47 der
895 716 332 57 Gegenstand
1272 716 188 48 Deiner
1508 715 129 49 Sehn-

155 795 149 51 sucht
349 810 57 36 so
453 798 129 51 nahe
625 800 83 49 bei
752 799 266 59 Hamburg
1061 816 42 32 w
1104 816 9 9 r
1120 803 98 47 eilt.
1295 801 172 56 Liebe,
1512 800 155 49 liebe!

155 879 123 51 Ach.
317 882 78 47 die
431 880 111 54 Zeit
574 886 63 47 ist
674 898 58 34 so
768 887 290 48 verdammt
1094 885 153 49 kurz!
1287 925 8 9 .
1334 925 9 9 .
1413 885 84 48 Ich
1532 884 136 47 hoffe

155 968 197 56 immer,
427 968 96 49 daß
566 968 77 50 Du
686 972 100 47 und
829 970 77 48 ich
946 985 93 35 uns
1081 970 118 48 bald
1242 970 156 49 sehen
1441 969 227 49 werden.

155 1049 78 48 An
280 1054 201 48 meinen
526 1054 167 47 lieben
741 1053 394 50 Dichterfreund
1196 1053 153 49 Prinz
1414 1052 127 52 Emil
1607 1066 62 33 zu

159 1134 562 53 Schönaich-Carolath
771 1140 201 47 schrieb
1023 1140 78 47 ich
1152 1138 176 57 Bogen
1381 1152 138 33 von
1570 1136 101 48 und

158 1222 127 48 über
325 1222 142 49 Dich.
542 1222 78 50 Du
663 1222 139 50 mußt
845 1225 138 48 diese
1026 1224 130 48 liebe
1201 1219 436 52 Menschendurch-

158 1308 170 47 laucht
374 1307 198 48 kennen
620 1309 190 47 lernen.
890 1308 171 49 Siehst
1109 1308 79 47 Du
1235 1309 80 46 ihn
1365 1310 144 52 einst,
1556 1307 115 47 liest

160 1389 76 50 Du
271 1406 105 34 von
413 1392 99 47 ihm
548 1393 77 46 für
658 1391 127 49 Dich
824 1397 175 50 später
1036 1394 292 47 bestimmte
1366 1390 186 58 Briefe,
1591 1388 78 48 Du

159 1476 136 49 fällst
341 1479 114 46 dem
498 1475 394 50 Menschen
939 1475 243 50 Carolath
1230 1476 163 49 sofort
1439 1472 203 50 schluch-

161 1563 131 46 zend
318 1576 59 33 an
406 1562 95 47 den
520 1559 142 61 Hals,
690 1576 57 34 so
769 1567 89 49 gut
884 1563 97 46 und
1007 1559 490 50 vornehmdenkend
1525 1560 65 46 ist
1618 1573 55 33 er

161 1645 98 46 und
278 1675 63 5 —
361 1645 158 47 solch'
553 1648 77 45 ein
661 1643 319 49 Dichter.
1011 1644 73 48 Im
1104 1642 244 49 nächsten
1372 1641 140 48 Brief
1529 1640 144 48 mehr

161 1741 103 35 von
300 1728 87 48 Dir
423 1731 100 47 und
558 1729 113 49 ihm.
722 1729 81 48 Ihr
835 1727 187 49 müßt
1053 1727 267 48 Bekannte
1354 1727 227 48 werden.
1611 1757 63 4 —

158 1812 201 58 Bester,
398 1814 117 49 hast
552 1813 78 49 Du
670 1814 128 49 auch
838 1829 57 33 so
934 1814 100 47 viel
1070 1812 304 54 Privatpost
1411 1815 101 45 wie
1553 1809 117 51 ich?

158 1896 128 50 Post
310 1896 138 50 heißt
476 1897 126 50 Pest
626 1899 84 47 bei
740 1899 118 47 mir!
890 1897 161 54 Kaum
1082 1896 142 49 mehr
1258 1911 61 34 zu
1352 1896 319 55 bezwingen.

157 2013 63 4 —
261 1982 83 47 Ich
387 1984 90 45 sah
921 1996 102 33 von
1070 1979 220 55 Richard
1333 1980 126 49 Voß.
1535 1981 137 48 Aber

446 2071 63 45 ist
553 2067 129 47 doch
730 2067 122 47 drin.
913 2064 122 49 M,an
1083 2066 99 48 will
1228 2065 110 47 Voß
1386 2067 99 46 und
1532 2067 139 46 seine

161 2150 223 49 Dramen
424 2155 179 44 immer
636 2182 64 4 —
735 2150 164 49 krank
935 2150 231 49 machen.

255 2235 83 48 Ich
385 2236 218 57 möchte,
647 2238 96 45 wir
788 2235 158 49 sähen
990 2250 96 35 uns
1128 2236 133 47 bald.
1323 2234 351 49 Tausendstes

158 2320 140 48 hätte
330 2320 77 47 ich
441 2319 87 48 Dir
559 2335 60 32 zu
652 2320 256 57 erzählen,
939 2320 104 56 Dir,
1073 2321 217 47 meinem
1323 2321 164 47 lieben
1516 2318 157 48 Peter

161 2404 142 49 Hille.

251 2487 212 51 Möchte
509 2491 116 46 bald
667 2492 195 46 wieder
908 2489 159 48 Deine
1113 2488 561 49 Schlittschuhläuferin

160 2575 83 47 bei
274 2573 89 48 Dir
396 2576 124 55 sein,
553 2576 101 47 und
686 2574 77 48 Du
797 2577 91 46 mit
921 2574 73 48 ihr
1028 2575 82 47 bei
1144 2573 215 49 Sternen
1370 2574 170 47 schein
1576 2574 97 46 und

162 2659 675 57 „Kartoffelfeldergeruch''
872 2653 17 60 (
895 2691 61 4 —
994 2659 106 48 ich
1142 2660 168 47 rieche
1350 2658 79 47 ihn
1469 2661 89 45 mit
1595 2651 81 60 —)

162 2759 297 35 zusammen
498 2747 123 46 sein.

925 2829 124 47 Dein
1087 2829 188 47 Detlev
1312 2828 301 47 Liliencron.

162 2953 226 48 Neunter
425 2955 140 47 Brief

1216 3039 55 52 K.
1310 3039 75 46 20.
1423 3038 77 47 IV.
1541 3039 72 45 89.

256 3122 140 50 Mein
443 3125 386 54 inniggeliebter
873 3122 171 55 Peter,
1092 3124 101 48 bist
1239 3122 77 49 Du
1370 3125 128 46 denn
1545 3122 131 47 noch

164 3211 179 45 immer
376 3211 45 45 in
454 3206 296 57 Pyrmont?
814 3209 139 47 Aber
981 3210 101 45 wie
1114 3209 132 46 kann
1280 3221 114 34 man
1429 3207 128 47 doch
1590 3219 58 41 ge-

161 3293 259 49 schicktes
450 3292 275 56 Reisegeld
758 3290 302 51 verleihen?
1089 3291 171 56 Peter,
1282 3290 155 50 Peter
1457 3290 142 48 Hille.
1618 3321 62 4 —

161 3380 283 53 Anliegend
507 3371 535 63 (gelegentlich
1105 3370 431 60 zurückerbeten)
1603 3390 51 32 er-

163 3463 157 49 hältst
362 3462 78 49 Du
487 3466 143 45 einen
674 3462 141 48 Brief
859 3465 139 45 eines
1041 3462 188 48 Deiner
1271 3460 271 56 Verehrer,
1591 3462 87 45 des

165 3547 149 49 treffl.
346 3547 398 49 Schriftstellers
776 3545 125 50 Otto
934 3546 160 49 Julius
1126 3545 291 48 Bierbaum.
1449 3544 67 51 Es
1547 3546 131 45 wird

166 3631 125 49 Dich
326 3635 360 45 interessieren
717 3634 99 46 und
849 3633 289 55 freuen,
1171 3645 113 34 was
1315 3646 51 33 er
1398 3630 124 47 über
1551 3629 127 47 Dich

165 3718 241 47 schreibt.
433 3718 77 56 Ja,
536 3718 89 46 der
649 3717 234 47 versteht
910 3716 142 47 Dich.
1078 3715 149 57 Bitte,
1256 3718 107 45 tritt
1389 3718 89 45 mit
1504 3715 100 47 ihm
1634 3716 45 44 in

162 3801 389 49 Briefwechsel.
580 3801 135 48 Der
740 3795 320 59 (Bierbaum)
1084 3801 169 55 bringt
1277 3799 127 47 Dich
1427 3803 146 43 unter
1602 3799 77 46 die

164 3886 183 48 Leute:
382 3885 144 49 Denn
558 3885 155 48 Peter
741 3884 127 49 Hille
901 3886 91 47 soll
1022 3887 99 45 und
1153 3884 117 48 muß
1302 3886 122 49 jetzt
1453 3897 98 34 vor
1583 3883 95 47 den

165 3971 377 55 Dummköpfen
585 3972 324 55 erscheinen;
970 3984 53 33 er
1064 3968 150 49 muß
1251 3969 202 47 heraus.
1508 3967 171 48 Sende

165 4059 92 45 mir
285 4055 129 49 auch
442 4058 133 46 viele
605 4055 248 48 Gedichte
884 4069 61 34 an
1221 4056 139 47 diese
1387 4051 292 48 Zeitschrift

163 4142 133 47 wird
343 4143 178 45 immer
584 4142 361 46 verbreiteter.
1025 4139 142 48 Auch
1231 4138 82 49 bei
1360 4133 319 59 Xanthippus

166 4221 100 55 (Fr.
317 4220 259 60 Sandroß)
624 4225 117 48 hab'
797 4225 76 47 ich
926 4225 79 47 für
1059 4224 111 46 dich
1220 4223 283 55 geworben
1552 4215 127 59 (ihm

165 4309 201 50 Sachen
394 4325 101 34 von
525 4309 89 49 Dir
641 4304 217 61 gesagt).
918 4309 347 57 Ueberhaupt,
1295 4307 78 48 Du
1402 4305 277 49 herrlicher

164 4392 217 50 Mensch
417 4397 99 46 und
552 4393 224 59 Dichter,
813 4409 112 36 was
960 4396 46 46 in
1044 4396 216 54 meinen,
1300 4392 211 48 diesmal
1546 4392 133 47 ohne

164 4478 222 49 Phrase:
478 4478 310 49 schwachen
839 4479 209 52 Kräften
1102 4477 148 56 steht,
1303 4477 119 48 thue
1475 4476 75 48 ich
1602 4475 76 47 für

166 4563 143 49 Dich.
355 4596 63 4 —
465 4563 130 49 Sehr
642 4564 88 48 hat
780 4579 55 35 es
883 4563 133 47 mich
1067 4564 258 55 amüsiert,
1373 4575 113 34 was
1534 4558 116 49 Bier-

165 4651 152 46 baum
356 4650 124 46 über
518 4651 144 45 deine
698 4647 333 49 Handschrift
1068 4646 201 48 schrieb
1307 4640 372 62 („chinesische

166 4733 315 48 Grasschrift
532 4735 63 46 ist
646 4731 360 55 Lithographie
1448 4728 231 55 Mensch,

166 4815 232 60 Mensch,
438 4816 78 48 Du
556 4817 260 48 verdirbst
854 4815 87 48 Dir
983 4815 127 48 Dein
1149 4829 192 41 ganzes
1379 4814 172 47 Leben
1593 4815 58 45 da-

169 4902 158 47 durch
361 4900 155 49 noch:
553 4899 145 59 Hille,
735 4899 144 55 Hille,
912 4900 125 47 höre
1072 4899 133 48 mich
1242 4898 219 48 darin!!!

259 4984 57 48 P.
364 4983 197 50 Barsch
610 4984 224 48 schreibt
882 4988 110 49 mir,
1056 4983 94 49 daß
1217 4998 53 33 er
1334 4985 90 47 mit
1472 4982 209 55 größter

166 5070 200 48 Freude
414 5068 89 48 Dir
553 5070 132 55 plein
735 5071 219 51 pouvoir
1045 5062 68 59 (in
1165 5066 178 54 Raum,
1396 5066 283 56 Ausdruck,

165 5155 175 56 Länge
377 5168 45 41 p.
443 5147 68 62 p.)
546 5169 59 32 zu
641 5156 138 45 einer
814 5152 161 54 Kritik
1013 5154 124 46 über
1173 5152 146 48 mich.
1373 5151 139 48 Das
1549 5153 129 45 wird

165 5242 95 45 mir
292 5241 79 45 die
402 5239 181 47 liebste
614 5241 122 45 sein.
802 5236 80 49 Ob
912 5238 77 47 die
1021 5239 222 45 anderen
1275 5239 72 45 sie
1374 5237 304 57 verstehen;

166 5325 75 47 ich
271 5323 245 50 verstehe
547 5325 97 46 sie:
674 5321 115 49 Und
815 5324 75 47 sie
917 5323 92 46 soll
1039 5325 94 44 mir
1163 5336 82 33 am
1273 5319 201 49 Herzen
1506 5321 173 47 ruhen.

166 5408 196 54 Kannst
398 5408 77 49 Dai
517 5408 137 48 nicht
692 5411 44 44 in
778 5408 167 47 dieser
984 5406 161 53 Kritik
1185 5398 18 60 (
1205 5436 63 5 —
1304 5405 90 49 das
1434 5403 141 49 Buch
1616 5407 64 45 ist

167 5495 130 46 noch
322 5508 98 33 vor
447 5492 142 49 Ende
618 5494 168 46 dieses
813 5490 209 49 Monats
1049 5494 45 45 in
1123 5490 59 48 D.
1206 5489 216 49 Händen
1443 5483 83 60 —)
1552 5489 127 48 auch

168 5579 181 47 einmal
392 5579 93 47 den
525 5583 154 51 guten
719 5576 295 49 Deutschen
1056 5589 175 41 sagen,
1271 5573 95 50 daß
1407 5574 128 48 auch
1576 5573 104 48 ihre

166 5658 298 52 Dichter
540 5656 158 59 (nicht
775 5657 166 51 Maler
1022 5660 100 47 und
1200 5656 231 50 Musiker
1511 5656 169 51 allein)

166 5745 353 54 Künstler
558 5750 106 46 sein
706 5745 288 49 müssen!!!
1050 5743 215 49 Schreib
1305 5742 120 48 bald
1465 5741 214 48 Deinem

166 5830 205 58 Detlev,
431 5833 96 45 und
587 5832 310 49 namentlich
957 5844 105 35 von
1125 5831 88 46 der
1272 5827 240 49 Schweiz
1574 5841 106 34 aus.

166 5915 150 50 Dank
343 5914 79 49 für
447 5914 193 49 Deinen
670 5917 165 48 lieben
864 5915 154 57 Brief,
1047 5930 54 33 er
1128 5929 113 33 war
1272 5914 197 47 wieder
1498 5911 182 48 höchst

167 6004 327 45 interessant.

166 6170 223 48 Zehnter
426 6169 139 49 Brief

352 6299 185 48 Altona
570 6291 180 61 (Elbe),
785 6297 330 50 Palnrweiler
1150 6299 44 57 5,
1233 6299 94 46 den
1368 6298 69 47 13.
1475 6296 32 48 I.
1542 6296 75 46 95.

260 6401 98 44 Am
398 6398 185 48 besten
624 6399 92 46 ists
757 6397 156 57 wohl,
957 6401 132 45 mein
1137 6398 141 56 alter,
1325 6398 156 46 lieber
1525 6394 155 48 Peter

164 6482 146 60 Hille,
343 6496 155 33 wenn
535 6482 79 47 ich
650 6496 59 33 zu
746 6483 203 46 Amsler
987 6484 99 45 und
1125 6481 230 53 Rudhart
1391 6479 288 58 persönlich

166 6567 155 56 gehe:
364 6567 85 47 Ich
492 6567 208 48 komme
746 6567 218 48 nämlich
1008 6567 119 48 bald
1173 6568 101 47 mal
1318 6566 129 48 nach
1493 6564 186 49 Berlin.

165 6650 129 50 Was
336 6650 76 50 Du
454 6655 94 44 mir
587 6666 103 33 von
731 6650 188 49 Deiner
959 6665 163 34 neuen
1163 6650 291 49 Zeitschrift
1495 6648 184 58 „Peter

365 6736 271 56 schreibst,
674 6737 322 46 interessiert
1030 6734 134 47 mich
1202 6734 247 48 natürlich
1486 6746 193 36 enorm.

165 6821 140 47 Aber
334 6822 165 46 meine
531 6817 479 53 Qeldverhältnisse
1039 6821 114 48 sind
1182 6832 59 35 so
1271 6817 278 59 furchtbar,
1585 6816 94 50 daß

166 6906 79 48 ich
284 6906 141 49 nicht
460 6906 314 48 abonnieren
813 6905 150 49 kann.
1037 6904 137 50 Bitte
1216 6903 206 51 schicke
1463 6906 95 48 mir
1601 6904 78 48 die

166 6995 138 43 erste
336 6989 261 50 Nummer.

1015 7075 184 45 Immer
1242 7074 127 46 Dein
1413 7075 188 45 Detlev

1795 456 627 100 Mensehen
2495 483 240 71 von
2815 455 376 101 Gottes

1801 607 475 102 Gnaden

1798 796 106 47 Aus
1939 797 97 47 den
2068 796 411 50 Bekenntnissen
2514 802 93 46 des
2640 796 167 50 Herrn
2842 796 305 50 Lieutenant
3182 791 126 50 Mié

1798 880 135 56 ville,
1971 883 354 55 nachmaligen
2367 881 185 51 Paters
2595 882 366 48 Bonaventura
3004 881 52 47 S.
3098 880 45 56 J.

1798 1006 112 48 Von
1944 1006 118 50 Karl
2097 1007 317 54 Borromäus
2446 1007 240 57 Heinrich

3002 1126 305 47 Fortsetzung

1799 1229 550 48 Bekenntnisse
2399 1226 122 46 des
2568 1220 325 55 Marquis
2942 1213 367 64 Choiseul,

1797 1209 216 65 auf
2085 1209 576 65 Choiseul
2733 1209 216 65 und
3021 1209 288 65 Riom

1894 1441 371 48 Bonaventura
2310 1452 110 33 war
2468 1449 104 33 von
2618 1432 177 49 Bozen
2844 1429 128 48 nach
3022 1427 150 47 Wien
3221 1436 58 42 ge-

1802 1530 124 45 reist
1962 1527 98 46 und
2094 1524 143 48 hatte
2272 1536 103 33 von
2412 1520 157 47 Pater
2605 1516 236 49 Canisius
2878 1512 52 48 S.
2969 1511 42 48 J.
3051 1512 94 47 den
3183 1509 99 46 letz-

1801 1616 83 43 ten
1926 1609 140 48 Brief
2104 1607 172 48 Baron
2316 1605 278 54 Frangarts
2635 1600 244 56 erhalten,
2923 1598 186 46 dessen
3148 1591 161 49 Inhalt

1802 1710 53 32 er
1891 1692 155 49 durch
2085 1693 77 47 die
2194 1690 210 55 Fügung
2440 1687 184 48 Gottes
2658 1684 158 49 schon
2850 1685 46 44 in
2930 1677 185 49 Schloß
3149 1676 127 48 Fran-

1802 1784 114 52 gart
1957 1779 198 46 kennen
2201 1775 200 57 gelernt
2439 1772 158 47 hatte.

1897 1862 208 47 Sodann
2139 1857 201 50 schrieb
2376 1856 371 47 Bonaventura
2778 1866 64 32 an
2878 1851 139 47 seine
3054 1845 175 47 Obern
3264 1846 47 44 in

1805 1945 268 49 Ghamfort
2120 1944 100 46 und
2266 1941 147 49 erbat
2458 1939 105 47 sich
2610 1937 250 47 weiteren
2906 1930 206 49 Urlaub.

1897 2029 73 47 Im
2007 2027 207 47 Wiener
2255 2023 334 50 Ordenshaus
2627 2022 135 53 legte
2800 2017 385 53 Bonaventura,
3222 2012 59 46 ob-

1803 2128 142 34 zwar
1994 2128 53 32 er
2094 2110 109 51 sich
2243 2106 210 51 bewußt
2498 2120 127 43 war,
2670 2102 166 49 nichts
2882 2099 301 48 Schlechtes
3228 2108 57 43 ge-

1805 2204 84 42 tan
1938 2211 62 33 zu
2045 2195 181 56 haben,
2273 2196 46 45 in
2370 2194 85 45 der
2508 2190 290 53 demütigen
2843 2183 323 54 Erkenntnis,
3217 2177 95 49 daß

1805 2283 127 49 auch
1972 2284 77 45 die
2083 2282 242 45 leisesten
2363 2275 344 57 ungehörigen
2745 2270 281 55 Regungen
3067 2266 89 47 des
3195 2262 89 48 Gei-

1806 2373 107 44 stes
1948 2366 163 47 wider
2145 2365 103 46 den
2286 2360 184 48 Willen
2513 2361 87 46 der
2635 2356 215 54 heiligen
2894 2352 222 47 Gesetze
3156 2349 157 54 seien,

1807 2454 96 46 und
1944 2449 94 49 daß
2075 2452 77 45 die
2188 2447 150 48 Seele
2374 2459 90 33 nur
2495 2442 163 49 durch
2690 2434 464 53 immerwährende
3190 2430 94 47 Prü-

1806 2537 120 54 fung
1961 2549 105 33 von
2106 2534 149 47 allem
2293 2528 174 50 Makel
2506 2527 184 47 befreit
2726 2522 212 48 werden
2977 2519 183 54 könne,
3203 2517 109 46 eine

1806 2617 426 52 Generalbeichte
2279 2614 79 50 ab.

1898 2702 210 50 Hierauf
2153 2698 282 50 unterwarf
2480 2711 54 33 er
2579 2693 104 49 sich
2751 2693 143 46 einen
2955 2686 181 48 Monat
3196 2685 117 52 lang

1806 2788 252 54 freiwillig
2118 2787 93 46 den
2271 2782 322 48 schwersten
2652 2774 298 59 geistlichen

1807 2873 160 47 Jeden
1999 2872 219 46 zweiten
2246 2866 112 56 Tag
2386 2863 206 50 enthielt
2622 2876 52 33 er
2705 2859 106 49 sich
2841 2870 130 42 ganz
3002 2856 86 46 der
3115 2851 198 55 Speise.

1805 2956 66 48 Er
1909 2952 307 51 unterbrach
2254 2965 85 34 um
2377 2950 78 47 die
2492 2945 210 50 zwölfte
2740 2942 194 48 Stunde
2970 2940 140 51 jeder
3148 2934 164 48 Nacht

1807 3043 96 46 den
1945 3039 187 55 Schlaf,
2171 3037 197 47 sodann
2404 3032 199 47 wieder
2646 3043 83 34 um
2766 3028 84 47 die
2890 3025 186 47 zweite
3117 3019 197 48 Stunde

1806 3127 143 50 jedes
1973 3120 251 57 Morgens
2253 3119 98 48 und
2380 3118 173 47 betete
2585 3115 78 46 die
2693 3111 189 48 Hören.
2944 3106 99 49 Um
3069 3106 110 45 vier
3211 3100 102 49 Uhr

1807 3206 195 51 verließ
2037 3221 52 33 er
2125 3206 106 46 sein
2262 3203 167 54 Lager
2464 3199 101 49 und
2599 3196 177 50 suchte
2807 3208 59 35 es
2898 3195 106 45 erst
3036 3188 180 50 nachts
3251 3185 65 47 elf

1804 3292 107 48 Uhr
1945 3291 197 47 wieder
2182 3287 107 59 auf;
2340 3299 59 35 es
2434 3282 222 50 bestand
2695 3293 90 34 aus
2828 3280 165 45 einem
3031 3272 163 52 Brett,
3234 3270 81 48 auf

1811 3380 89 46 das
1947 3391 53 33 er
2047 3373 105 50 sich
2198 3387 92 32 nur
2337 3372 108 45 eine
2494 3369 164 45 dünne
2703 3362 177 48 Decke
2926 3361 230 47 bereiten
3200 3351 115 51 ließ.

1806 3460 274 54 Freiwillig
2125 3457 151 55 oblag
2319 3469 52 33 er
2419 3454 94 46 den
2558 3450 292 47 niedersten
2894 3442 420 52 Verrichtungen,

1810 3547 76 46 die
1928 3547 144 45 sonst
2115 3542 95 47 den
2250 3538 208 48 Fratres
2497 3534 332 55 zukommen;
2888 3543 53 32 er
2984 3528 213 52 reinigte
3237 3524 77 45 die

1807 3629 170 47 Zellen
2010 3627 100 47 und
2141 3629 117 50 trug
2292 3624 93 45 den
2421 3619 465 53 Ordensgenossen
2922 3613 90 46 das
3048 3607 139 48 Mahl
3219 3605 95 49 auf.

1806 3712 265 49 Während
2115 3709 89 48 des
2243 3718 197 45 ganzen
2476 3701 210 49 Monats
2729 3696 208 51 enthielt
2981 3710 52 33 er
3076 3692 106 48 sich
3228 3691 86 46 der

1809 3795 254 59 Sprache;
2112 3791 154 50 außer
2301 3791 113 46 dem
2447 3787 216 54 heiligen
2696 3781 137 49 Gruß
2867 3781 117 47 kam
3020 3779 114 46 kein
3165 3774 152 47 Wort

1808 3883 125 46 über
1981 3882 138 45 seine
2162 3876 209 53 Lippen.
2452 3871 150 48 Seine
2651 3867 218 55 tägliche
2915 3862 176 49 Messe
3138 3861 74 47 las
3262 3872 53 34 er

1809 3979 119 41 „zur
1972 3963 169 48 Sühne
2185 3961 77 46 für
2305 3959 94 46 den
2441 3955 178 47 Schrei
2665 3953 88 47 der
3175 3946 139 49 jener

1810 4047 302 55 Sehnsucht,
2151 4047 141 50 jenes
2329 4040 254 56 Schreies,
2626 4038 92 54 die,
2755 4036 103 46 wie
2896 4032 225 47 Baronin
3159 4027 126 47 Fran-

1809 4138 127 51 gart.
1972 4135 44 45 in
2068 4131 86 46 der
2204 4125 285 49 Ohnmacht
2539 4119 326 58 gestammelt
2914 4117 157 54 hatte,
3118 4110 198 49 Fleisch

1808 4217 278 56 geworden
2130 4226 193 34 waren.

1900 4299 143 49 Nach
2092 4300 164 45 dieser
2303 4293 107 49 Zeit
2458 4293 86 46 der
2591 4288 142 49 Buße
2779 4287 155 47 fühlte
2983 4298 53 33 er
3083 4281 105 49 sich
3238 4282 77 44 ein

1806 4387 172 54 wenig
2015 4384 267 55 getröstet.
2350 4375 93 50 Mit
2479 4373 198 49 Mitleid
2712 4370 222 49 blickten
2974 4370 75 45 die
3088 4364 193 48 Ordens-

1806 4470 188 48 brüder
2045 4467 85 48 auf
2182 4467 94 45 den
2329 4460 355 58 gezüchtigten
2739 4455 399 55 abgemagerten
3190 4447 124 48 Leib

1810 4554 412 48 Bonaventuras,
2264 4551 113 46 dem
2419 4547 77 45 die
2532 4542 202 54 Kleider
2774 4554 62 33 zu
2874 4541 122 44 weit
3035 4535 281 57 geworden

1807 4652 193 35 waren.
2075 4635 92 48 Die
2212 4648 57 33 so
2313 4633 205 54 gütigen
2558 4628 179 53 Augen
2781 4625 89 47 des
2911 4622 183 48 Paters
3137 4631 179 35 waren

1809 4723 131 49 noch
1983 4723 199 53 gütiger
2230 4714 282 59 geworden
2557 4751 8 8 .
2615 4750 9 8 .
2671 4749 8 8 .

1905 4807 88 46 Als
2041 4805 75 46 die
2163 4801 109 49 Zeit
2318 4813 81 34 um
2447 4810 109 35 war
2602 4797 154 45 reiste
2822 4791 370 48 Bonaventura
3257 4800 62 33 zu

1806 4889 232 55 Marquis
2076 4885 241 50 Choiseul
2353 4883 83 48 auf
2472 4878 240 49 Choiseul
2748 4878 98 46 und
2885 4873 163 53 Riom.
3115 4871 67 48 Er
3221 4876 98 43 tiat

1810 4977 79 46 ihn
1930 4974 85 48 auf
2047 4974 123 46 dem
2210 4967 398 55 Krankenlager.
2679 4961 94 48 Die
2817 4960 149 47 Gicht
3008 4958 169 54 plagte
3223 4956 95 47 den

1811 5060 130 47 alten
1975 5057 382 47 vereinsamten
2386 5050 182 48 Herrn.
2632 5046 167 58 „Aber
2829 5058 152 34 wenn
3014 5057 54 36 es
3100 5054 92 34 nur
3228 5039 90 48 das

2059 5142 145 52 sagte
2254 5151 53 33 er
2352 5136 89 46 mit
2487 5129 420 52 schmerzlichem
2969 5124 223 49 Lächeln
3257 5137 61 33 zu

1809 5226 382 49 Bonaventura,
2239 5222 186 47 dessen
2469 5217 190 56 hagere
2707 5213 199 48 Gestalt
2952 5226 53 33 er
3052 5212 90 46 mit
3186 5207 101 56 Rüh-

1810 5324 128 41 rung
1994 5319 271 45 gemessen
2324 5304 156 48 hatte.
2555 5299 197 58 „Wenn
2795 5312 55 34 es
2891 5310 92 35 nur
3029 5297 90 45 das
3159 5296 159 45 wäre.

1810 5394 107 49 Das
1956 5394 190 47 könnte
2186 5391 80 46 ich
2307 5389 283 47 abwarten.
2661 5383 137 48 Aber
2841 5382 90 48 das
2974 5380 207 56 andere,
3228 5379 91 46 das

1810 5480 245 46 moderne
2091 5473 312 50 Frankreich
2442 5510 109 8 ...
2620 5469 72 47 La
2733 5480 196 41 pauvre
2969 5463 196 48 France
3203 5463 116 45 bien

1812 5561 190 48 aimee!
2060 5560 100 50 das-
2189 5556 116 51 frißt
2343 5573 61 33 an
2444 5556 109 45 mir.
2620 5552 105 48 Der
2763 5550 247 48 Schmerz
3050 5545 132 59 frißt,
3220 5546 101 47 und

1810 5648 78 48 ich
1929 5647 132 48 kann
2108 5645 79 48 ihn
2230 5642 137 49 nicht
2410 5639 310 50 loswerden.
2795 5634 167 49 Sehen
3006 5632 100 58 Sie,
3149 5631 136 49 Bona-

1810 5736 234 50 ventura,
2077 5730 100 48 und
2208 5741 155 34 wenn
2392 5727 79 46 ich
2503 5726 94 46 mir
2628 5720 320 50 hundertmal
2983 5717 187 49 denke:
3207 5728 112 35 was

1810 5814 165 57 geht's
2002 5814 119 48 dich
2150 5812 131 49 noch
2314 5826 77 38 an,
2427 5811 61 46 du
2520 5808 101 47 bist
2654 5808 77 45 ein
2766 5803 382 56 gebrechlicher
3178 5802 141 48 Alter

1812 5901 102 46 und
1972 5898 164 49 stehst
2195 5895 97 48 nah
2354 5909 82 33 am
2499 5891 172 48 Grabe
2718 5930 7 7 .
2774 5929 8 7 .
2830 5928 6 7 .
2916 5888 121 54 Ach,
3100 5901 55 33 es
3213 5885 107 47 hilft

1811 5982 189 49 nichts!
2050 6021 8 8 .
2106 6021 8 8 .

1904 6065 371 49 Bonaventura
2308 6064 175 46 wollte
2523 6060 101 48 ihm
2658 6058 157 48 Trost
2850 6057 331 55 zusprechen,
3221 6055 100 47 ihm

1812 6164 175 43 sagen,
2029 6148 94 49 daß
2166 6151 138 46 diese
2347 6145 109 49 Zeit
2497 6146 89 46 der
2627 6142 253 49 Anarchie
2923 6145 47 45 in
3010 6137 312 52 Frankreich

1812 6234 287 55 unmöglich
2146 6234 117 54 lang
2311 6232 190 47 dauern
2548 6229 192 57 könne;
2806 6227 121 48 aber
2975 6242 53 33 er
3076 6225 119 48 fand
3244 6225 76 45 die

1810 6318 181 49 Worte
2022 6318 152 56 nicht,
2210 6318 63 45 da
2303 6330 54 33 er
2392 6314 168 49 selber
2595 6313 139 48 nicht
2765 6313 157 47 daran
2955 6311 222 57 glaubte.
3228 6305 93 47 Mit

1812 6407 138 44 einer
1993 6402 185 48 müden
2222 6398 319 59 gramvollen
2589 6396 159 50 Geste
2795 6396 210 48 drückte
3068 6410 52 32 er
3183 6395 138 46 seine

1811 6490 256 45 innersten
2118 6485 281 48 Gedanken
2447 6497 94 35 aus
2586 6520 10 9 .
2646 6523 8 9 .
2704 6521 9 8 .

2198 6567 306 50 unterbrach
2581 6567 87 46 der
2740 6567 99 47 alte
2916 6562 241 50 Choiseul
3227 6561 94 46 das

1812 6655 370 50 schmerzliche
2227 6652 308 56 Schweigen
2583 6690 9 9 .
2640 6690 8 8 .
2695 6689 10 10 .
2784 6649 156 58 „Nein
3005 6650 101 46 und
3167 6644 122 50 noch-

1812 6742 130 46 mals
1984 6739 139 48 nein!
2169 6777 115 10 ...
2344 6735 86 49 Ich
2469 6736 187 56 glaube
2695 6734 138 49 nicht
2872 6733 143 49 mehr
3060 6747 63 33 an
3169 6743 152 35 unser

1812 6839 173 36 armes
2026 6822 327 49 Frankreich.
2431 6820 94 49 Die
2589 6820 255 49 Anarchie
2904 6818 131 47 wird
3099 6829 55 35 es
3216 6828 82 33 zer-

1812 6910 215 48 fressen.
2097 6906 90 49 Ein
2223 6907 158 57 Land,
2423 6907 185 47 dessen
2651 6907 192 53 regime
2887 6905 77 46 die
3005 6901 318 55 Legitimitär

1812 6994 239 48 verloren
2087 6993 105 58 hat,
2237 6993 78 47 die
2358 6990 242 58 göttliche
2644 6990 101 48 und
2787 6986 344 51 menschliche
3174 6984 120 56 Legi-

1812 7081 199 49 timität.
2059 7079 91 47 das
2196 7077 118 48 eeht
2357 7091 60 32 zu
2465 7077 175 45 erund.
2718 7072 67 48 Es
2850 7074 115 51 p*ibt:
2967 7082 27 23 v
3014 7073 114 47 kein
3189 7069 135 49 Heil-

3432 464 158 46 Mittel
3634 465 226 54 dagegen
3900 504 10 7 .
3949 503 10 8 .
3997 503 9 7 .
4072 465 107 47 Ach
4216 466 62 55 ja,
4316 476 150 34 wenn
4510 463 78 46 die
4627 459 308 49 Bourbonen

3433 545 144 47 einen
3608 544 263 57 Napoleon
3903 548 466 48 hervorbrächten!
4401 588 10 9 .
4442 584 9 9 .
4595 543 114 49 Und
4740 545 196 48 wieder

3433 630 293 47 versanken
3756 632 77 47 die
3862 635 131 44 zwei
4023 630 215 50 Männer
4269 636 46 44 in
4348 633 91 47 das
4471 629 203 55 dumpfe
4705 626 198 49 Schwei-

3433 724 96 41 gen
3573 712 133 47 ihres
3745 714 270 50 umflorten
4056 714 323 50 Schmerzes.

3529 806 272 63 „Mieville,
3848 813 163 53 geben
4059 813 83 49 Sie
4186 816 96 46 mir
4326 814 110 49 Ihre
4734 814 202 55 begann

3436 892 196 48 endlich
3667 896 86 45 der
3785 895 100 48 alte
3918 894 254 51 Choiseul.
4236 897 271 58 „Mieville,
4540 897 84 49 Sie
4659 897 278 49 verstehen

3433 976 149 48 mich.
3644 976 210 54 Können
3884 977 85 50 Sie
4001 982 282 47 verzeihen»
4311 1022 8 7 .
4353 1023 10 7 .
4395 1024 7 6 .
4462 982 141 60 Nein,
4635 998 58 36 es
4721 984 216 47 braucht

3435 1061 148 49 keine
3620 1060 336 61 Verzeihung,
3996 1077 54 35 es
4087 1064 91 48 hat
4218 1068 107 47 sein
4368 1070 206 45 müssen
4617 1106 10 9 .
4669 1106 11 9 .
4723 1106 9 9 .
4805 1067 102 54 Kön-

3435 1159 98 34 nen
3576 1144 86 48 Sie
3704 1145 127 48 auch
3874 1146 293 58 verstehen,
4208 1163 112 34 was
4362 1151 77 46 ich
4482 1166 61 33 an
4588 1151 152 48 Ihnen
4785 1155 152 53 getan

3435 1228 174 49 habe?
3655 1268 9 9 .
3709 1268 9 8 .
3880 1228 367 52 Bonaventura
4289 1233 154 49 ahnte
4490 1236 90 48 das
4625 1234 315 50 Bekenntnis

3435 1314 100 46 und
3565 1312 94 49 ließ
3690 1316 143 45 einen
3861 1314 316 55 Augenblick
4203 1318 420 48 unentschlossen
4651 1321 89 46 das
4767 1319 173 55 Haupt

3437 1397 192 49 sinken.
3703 1398 138 47 Aber
3883 1397 226 56 sogleich
4151 1399 156 47 erhob
4351 1414 52 33 er
4448 1416 55 33 es
4542 1404 209 47 wieder.
4828 1401 111 59 „Oh

3764 1482 93 47 rief
3894 1496 53 33 er
3982 1481 238 58 halblaut,
4258 1484 99 46 und
4391 1487 90 45 mit
4518 1487 135 45 einer
4692 1488 247 47 weiteren

3438 1565 158 50 Geste
3640 1571 211 50 segnete
3891 1581 53 33 er
3987 1566 90 48 das
4120 1565 397 57 Krankenlager,
4560 1570 62 55 ja,
4664 1570 278 55 gleichsam

3435 1650 98 47 den
3563 1664 198 41 ganzen
3792 1649 160 58 Geist,
3985 1651 78 48 die
4092 1664 197 42 ganzen
4316 1650 152 48 Ideen
4501 1654 166 46 dieses
4699 1655 45 45 in
4778 1658 138 43 stren-

3437 1747 88 41 ger
3562 1733 261 49 Tradition
3865 1747 289 43 erzogenen
4193 1732 233 50 Mannes.
4497 1734 114 49 Und
4650 1738 89 47 mit
4779 1738 164 46 einem

3435 1814 138 50 Male
3634 1820 248 47 verstand
3943 1832 55 34 er
4063 1819 90 49 das
4213 1819 298 49 namenlose
4554 1818 139 60 Leid,
4742 1821 91 47 das
4881 1835 62 34 an

3441 1901 190 48 diesem
3664 1902 149 49 Alten
3844 1903 202 48 zehrte:
4102 1903 78 48 die
4214 1907 254 44 zerstörte
4501 1902 314 57 Legitimität
4848 1907 73 46 sei-

3439 1997 90 35 nes
3565 1984 354 61 Vaterlandes,
3960 1988 88 46 der
4084 1988 409 47 unaufhaltsame
4534 1986 146 58 Gang
4719 1989 86 46 der
4841 2001 72 35 mo-

3440 2068 189 49 dernen
3668 2069 166 58 Ideen,
3877 2071 86 46 der
4001 2069 469 50 Zusammenbruch
4510 2073 88 46 der
4634 2070 284 50 Ueberliefe-

3441 2166 125 40 rung
3612 2154 99 46 und
3760 2155 89 46 der
3894 2156 134 47 alten
4076 2156 323 47 Autoritäten
4448 2194 8 8 .
4507 2196 8 8 .
4563 2194 9 8 .
4649 2155 299 49 Wiederum

3441 2234 156 49 erhob
3629 2250 55 33 er
3715 2238 77 46 die
3820 2236 148 51 Hand
4000 2254 114 32 zum
4145 2238 168 56 Segen
4346 2241 100 46 und
4477 2254 89 33 zur
4594 2239 353 55 Versühnung.

3441 2317 103 49 Der
3591 2319 114 49 Alte
3757 2321 157 48 fühlte
3968 2322 104 48 sich
4126 2325 314 46 verstanden
4494 2325 96 46 und
4646 2322 293 49 schluchzte

3444 2403 225 48 dankbar
3718 2407 46 45 in
3814 2406 107 48 sich
3969 2406 181 48 hinein.
4232 2405 128 60 „Oh,
4749 2408 199 54 begann

3441 2501 54 33 er
3534 2492 144 44 unter
3717 2487 218 60 Tränen,
3976 2490 108 56 „ich
4125 2491 160 48 selbst
4324 2492 131 48 habe
4496 2491 314 59 verhindert,
4853 2491 95 48 daß

3440 2570 86 49 Sie
3562 2570 78 49 Ihr
3676 2571 157 51 Vater
3867 2587 117 34 zum
4021 2578 170 44 comte
4229 2574 148 53 Riom
4415 2575 219 55 machte,
4669 2577 99 47 wie
4809 2590 53 33 er
4902 2577 49 50 ja

3440 2657 130 46 nach
3600 2658 178 46 diesen
3813 2658 383 48 schrecklichen
4232 2674 162 33 neuen
4429 2658 257 50 Gesetzen
4722 2659 226 56 gekonnt

3440 2739 140 48 hätte
3617 2780 8 8 .
3662 2779 9 8 .
3707 2780 8 9 .
3763 2735 390 58 (Bonaventura
4190 2743 215 48 lächelte
4442 2745 137 55 leise,
4616 2746 99 45 wie
4750 2759 54 33 er
4841 2743 107 57 sah,

3443 2822 96 49 daß
3587 2824 95 48 den
3726 2826 166 58 Alten,
3936 2829 177 45 mitten
4155 2830 49 45 in
4251 2829 166 46 seiner
4480 2827 135 49 Bitte
4678 2843 86 32 um
4821 2827 101 47 Ver-

3440 2906 231 59 zeihung,
3705 2909 264 49 nochmals
4005 2911 87 47 der
4126 2909 133 49 Zorn
4296 2924 163 43 gegen
4495 2913 78 47 die
4608 2912 342 56 Illegitimität,

3440 3005 163 42 gegen
3645 2994 77 46 die
3761 2994 100 46 ihm
3898 2995 153 49 damit
4087 2995 524 55 gleichbedeutenden
4650 3011 162 33 neuen
4852 2995 66 49 Ge-

3443 3080 142 43 setze
3630 3070 232 61 überfiel)
3907 3116 9 8 .
3965 3117 7 8 .
4021 3117 7 8 .
4106 3077 91 49 Die
4245 3078 173 49 Gräfin
4468 3078 145 53 Riom
4678 3094 110 33 war
4853 3081 95 47 seit

3442 3161 132 46 zwei
3619 3159 188 49 Jahren
3857 3166 99 53 tot;
4023 3163 64 47 da
4131 3162 213 50 brachte
4395 3166 71 45 sie
4518 3165 77 46 die
4644 3163 304 48 Wäscherin

3441 3240 229 51 Mieville
3735 3259 90 33 zur
3872 3243 153 51 Welt.
4106 3245 142 58 Nefri,
4300 3261 56 35 es
4405 3261 110 33 war
4567 3247 147 48 keine
4781 3247 168 48 reiche

3441 3325 209 60 Witwe,
3688 3326 242 60 Mieville,
3971 3332 99 45 und
4111 3329 112 49 Ihre
4267 3331 195 49 Geburt
4501 3332 204 47 bezahlt
4747 3334 73 46 sie
4861 3333 91 46 mit

3443 3410 161 49 ihrem
3645 3414 182 54 jungen
3873 3412 187 50 Leben.
4135 3413 115 50 Und
4295 3414 79 48 Ihr
4418 3414 159 50 Vater
4618 3416 163 48 freute
4828 3416 122 54 sich,

3446 3497 144 46 einen
3634 3495 139 49 Sohn
3814 3512 60 32 zu
3916 3497 165 49 haben
4126 3537 110 10 ...
4295 3498 77 49 Da
4408 3498 134 49 habe
4584 3499 92 58 ich,
4722 3502 87 45 der
4848 3500 102 47 alte

3443 3576 256 60 Choiseul,
3743 3580 100 48 ihm
3884 3580 108 57 Tag
4037 3584 98 46 und
4175 3581 164 50 Nacht
4385 3583 295 59 abgeredet,
4743 3582 84 49 Sie
4889 3597 62 33 zu

3443 3664 349 58 legitimieren,
3837 3666 62 47 da
3940 3668 73 47 sie
4056 3681 97 33 nun
4198 3668 129 46 doch
4369 3669 182 46 einmal
4595 3668 226 55 illegitim
4863 3681 59 43 ge-

3444 3747 161 48 boren
3645 3761 178 36 waren
3869 3789 8 6 .
3924 3789 8 7 .
3977 3789 9 7 .
4063 3750 122 57 Ach,
4228 3748 242 55 Mieville,
4529 3752 276 48 verzeihen
4865 3751 86 48 Sie

3445 3834 108 55 mir,
3589 3833 75 46 ich
3704 3833 190 48 konnte
3930 3835 136 47 nicht
4103 3836 187 47 anders
4331 3875 7 8 .
4380 3874 8 8 .
4540 3834 226 50 Mieville
4808 3840 122 44 strei-

3443 3915 165 48 chelte
3653 3917 297 48 liebkosend
3993 3920 83 46 die
4121 3918 200 49 weißen
4369 3919 169 48 Haare
4587 3922 88 46 des
4722 3918 231 56 Marquis

3444 3997 257 52 Choiseul.

3539 4084 243 57 „Denken
3821 4085 84 48 Sie
3943 4088 107 47 sich
4087 4089 131 45 mein
4635 4088 112 49 fuhr
4788 4089 165 48 dieser

3444 4168 128 48 nach
3618 4171 137 46 einer
3801 4169 165 50 Weile
4009 4171 139 58 leise,
4193 4172 100 48 fast
4339 4172 249 49 flüsternd
4634 4174 117 58 fort,
4800 4174 124 56 „den-

3444 4252 99 49 ken
3579 4252 85 49 Sie
3701 4254 105 48 sich
3843 4257 132 45 mein
4014 4254 277 49 Entsetzen
4332 4258 75 48 als
4446 4256 78 48 ich
4567 4259 77 45 die
4684 4256 270 54 Komtesse

3447 4337 194 49 damals
3678 4340 89 46 mit
3806 4338 152 48 Ihnen
3998 4354 82 33 am
4117 4338 214 51 Fenster
4373 4342 106 55 sah,
4522 4343 72 46 sie
4634 4342 140 49 hatte
4815 4341 139 48 ihren

3444 4419 324 50 Halbbruder
3806 4427 219 53 erraten,
4057 4424 144 48 mehr
4234 4439 114 34 war
4385 4426 91 48 das
4512 4426 136 49 nicht
4688 4465 8 8 .
4734 4465 9 8 .
4783 4467 8 8 .
4831 4426 123 48 aber

3446 4508 72 46 sie
3582 4506 191 49 konnte
3838 4508 105 47 ihre
4009 4510 177 54 eigene
4253 4508 329 49 Zärtlichkeit
4649 4509 303 57 mißdeuten,

3446 4590 190 48 konnte
3671 4591 235 60 glauben,
3943 4593 90 48 das
4069 4597 73 43 sei
4176 4593 156 48 Liebe
4370 4632 8 7 .
4418 4634 9 6 .
4469 4590 4 61 .
4512 4594 77 56 öh,
4629 4596 98 45 und
4764 4596 71 47 sie
4869 4595 85 46 hat

3446 4687 56 35 es
3540 4676 256 58 geglaubt,
3835 4678 89 45 der
3962 4678 351 54 unglückliche
4352 4677 61 48 Fr
4423 4683 177 51 angart
4638 4678 88 49 hat
4766 4692 55 34 es
4860 4680 95 45 mir

3447 4759 194 48 erzählt
3686 4799 9 7 .
3740 4799 9 8 .
3795 4800 7 7 .
3849 4760 84 48 ich)
3973 4762 131 47 habe
4153 4777 56 34 es
4255 4767 218 43 erraten.
4551 4762 83 46 Ich
4681 4767 146 50 trage
4877 4762 77 47 die

3446 4842 205 55 Schuld,
3695 4848 129 55 nein,
3870 4861 54 36 es
3967 4860 111 33 war
4120 4845 149 49 keine
4313 4845 203 58 Schuld,
4558 4860 60 34 es
4662 4860 111 33 war
4819 4845 136 48 nicht

3449 4929 77 46 die
3566 4932 261 53 geringste
3866 4928 204 58 Schuld,
4109 4927 243 57 Mieville,
4395 4931 78 46 ich
4516 4930 165 47 durfte
4719 4944 58 34 es
4818 4929 140 49 nicht

3449 5013 198 58 dulden,
3690 5012 94 49 daß
3825 5013 86 48 Sie
3950 5016 74 45 als
4064 5012 199 49 Bruder
4303 5015 88 46 der
4432 5013 274 53 Komtesse
4753 5015 173 47 dastan-

3448 5098 110 50 den,
3600 5096 100 59 Sie,
3740 5100 78 46 ein
3858 5099 284 54 illegitimes
4182 5097 128 53 Kind
4352 5099 88 46 der
4479 5097 304 49 Wäscherin
4826 5096 97 49 Mie-

3447 5181 121 48 ville
3607 5221 7 7 .
3655 5220 8 9 .
3814 5181 103 48 Der
3955 5179 228 57 Marquis
4223 5181 174 56 ergriff
4436 5183 46 47 in
4524 5182 192 49 diesem
4755 5182 167 55 Augen-

3446 5265 133 48 blick
3619 5269 85 45 die
3743 5264 147 49 Hand
3932 5264 397 50 Bonaventuras
4373 5262 106 52 undi
4519 5265 154 49 küßte
4717 5269 73 46 sie
4836 5308 8 7 .
4890 5308 10 8 .
4946 5304 10 10 .

3447 5348 114 59 „Ich
3607 5349 154 48 küsse
3809 5348 109 49 Ihre
3960 5347 165 60 Hand,
4499 5357 145 50 sägte
4694 5366 68 40 er,
4810 5357 146 43 unter

3446 5433 204 49 Tränen
3685 5434 245 46 lächelnd.
4001 5432 114 58 „Sie
4151 5435 167 48 haben
4357 5437 105 46 sich
4499 5437 304 54 legitimiert.
4857 5434 68 49 Un-

3449 5531 115 35 sere
3602 5517 183 53 Kirche
3826 5520 62 45 ist
3932 5532 69 36 es,
4043 5521 44 44 in
4123 5519 96 47 der
4261 5518 85 49 Sie
4387 5519 106 48 sich
4536 5520 291 55 legitimiert
4868 5520 58 48 ha-

3447 5602 96 48 ben
3589 5641 7 8 .
3639 5640 8 7 .
3687 5640 8 8 .
3756 5602 129 47 denn
3927 5616 54 34 es
4023 5603 106 54 gibt
4171 5605 109 46 eine
4323 5604 264 55 geistliche
4628 5604 329 56 Legitimität,

3451 5686 125 48 eben
3622 5699 183 35 unsere
3847 5685 184 54 Kirche
4076 5726 7 8 .
4129 5727 8 7 .

3541 5783 272 56 Erschöpft
3863 5785 120 48 hielt
4039 5787 87 48 der
4176 5785 232 58 Marquis
4459 5791 113 45 inne
4626 5790 99 46 und
4779 5788 169 49 lehnte

3449 5869 104 48 sich
3594 5872 45 44 in
3681 5870 77 46 die
3798 5869 180 53 Kissen
4016 5873 207 47 zurück.
4295 5872 108 60 „Ja,
4756 5873 202 55 begann

3450 5969 52 32 er
3552 5954 131 47 dann
3730 5956 212 58 wieder,
3991 5956 108 57 „ich
4149 5958 127 46 habe
4325 5957 133 47 mich
4510 5971 57 34 so
4617 5958 215 57 gefreut,
4882 5957 77 47 als

3448 6037 84 48 Sie
3578 6038 82 48 bei
3706 6039 94 47 den
3847 6038 230 51 Jesuiten
4126 6044 315 53 eingetreten
4487 6055 178 34 waren
4709 6072 63 4 —
4820 6042 138 46 diese

3451 6122 99 48 alte
3582 6124 264 53 geistliche
3876 6123 161 50 Zucht
4069 6127 101 47 und
4200 6124 290 49 Tradition!
4526 6164 9 9 .
4570 6164 9 9 .
4613 6164 9 8 .
4687 6124 145 48 Denn
4868 6125 91 48 das

3448 6206 183 54 glaube
3677 6207 94 53 ich,
3833 6211 79 45 ein
3955 6208 344 49 Verwandter
4346 6211 88 46 der
4480 6208 336 49 Bourbonen:
4873 6208 86 47 die

3448 6291 264 55 geistliche
3778 6291 314 57 Legitimität
4164 6297 62 44 ist
4294 6294 81 47 bei
4446 6295 88 46 der
4605 6291 353 50 katholischen

3447 6374 200 59 Kirche,
3689 6379 100 45 und
3830 6380 71 46 sie
3942 6377 87 48 hat
4070 6391 184 35 unsere
4295 6377 255 48 weltliche
4590 6376 242 57 gebilligt,
4871 6389 58 43 ge-

3449 6459 209 56 kräftigt
3697 6462 99 46 und
3832 6462 238 55 geweiht.
4141 6460 114 48 Und
4291 6465 47 44 in
4379 6462 110 46 dem
4532 6460 231 48 Glauben
4802 6460 156 47 küsse

3450 6544 77 47 ich
3574 6545 77 47 die
3695 6544 182 50 Hände
3920 6560 103 33 von
4066 6544 159 49 Pater
4748 6542 211 50 Wieder

3448 6628 218 49 lächelte
3711 6630 87 47 der
3844 6628 245 58 Marquis,
4136 6631 100 47 und
4283 6631 173 47 seinen
4502 6628 205 48 Tränen
4753 6631 208 46 netzten

3452 6714 77 47 die
3570 6711 150 50 Hand
3765 6715 90 47 des
3894 6712 202 59 Paters,
4140 6716 87 46 der
4273 6713 100 49 ihm
4413 6716 90 48 mit
4547 6715 166 46 einem
4753 6716 206 53 gütigen

3449 6796 144 49 Blick
3634 6801 167 45 seiner
3847 6799 217 48 dunklen
4107 6799 179 56 Augen
4330 6799 213 47 wehrte.

3575 6895 280 59 „Erzählen
3887 6896 84 50 Sie
4002 6899 94 45 mir
4128 6911 105 33 von
4259 6895 176 49 Baron
4689 6897 90 49 bat
4811 6893 121 50 Choi-

3452 6982 123 49 seul.
3610 7014 64 3 —
3711 6981 144 59 „Wie
3894 6983 94 48 soll
4028 6983 80 47 ich
4145 6979 197 58 sagen?
4381 6980 120 50 kühl
4540 6984 66 46 ist
4645 6994 55 35 er
4740 6982 100 46 wie
4882 6981 78 45 ein

3451 7068 301 52 Deutscher,
3800 7069 122 46 aber
4178 7067 357 53 v^schmeidi?:
4599 7067 139 51 und__
4759 7065 203 48 elegant
