5115 7188
190 502 338 55 Bewußtsein,
569 502 89 47 das
699 503 167 49 dieses
906 500 117 49 Tier
1064 515 113 34 zum
1215 500 230 59 Liebling
1487 516 212 35 unserer

189 585 213 51 Vettern
443 588 210 50 jenseits
697 586 88 48 des
826 585 189 52 Kanals
1349 585 93 49 Die
1485 586 214 50 Vettern

187 672 204 47 dürften
434 671 105 47 sich
586 670 76 47 für
713 673 138 45 diese
896 668 137 50 Base
1095 673 89 48 mit
1247 673 113 45 dem
1424 671 274 57 knurrigen

189 753 498 50 Selbstbewußtsein
733 755 285 47 bedanken.
1095 753 116 50 Und
1255 770 116 34 zum
1418 756 202 58 Schluß,
1669 770 29 33 o

187 838 333 50 Lieblichkeit
581 840 125 46 über
766 839 348 57 Lieblichkeit,
1162 839 192 58 „Julius
1400 843 164 47 Adam
1613 843 85 45 hat

189 926 110 45 eine
338 925 167 46 seiner
545 924 253 48 beliebten
837 922 437 60 Katzenfamilien,
1316 928 77 46 die
1434 933 104 42 erst
1579 940 89 34 neu-

188 1007 92 47 lich
345 1007 248 48 anläßlich
659 1010 91 46 des
813 1009 312 56 siebzigsten
1179 1010 374 55 Geburtstages
1608 1011 88 46 des

186 1090 268 55 Künstlers
493 1091 106 49 ihre
638 1091 321 58 Würdigung
999 1094 107 49 hier
1143 1095 200 58 fanden,

186 1174 167 50 Wenn
388 1191 92 33 nur
518 1178 78 46 die
634 1176 247 49 lebenden
919 1177 309 51 Genußtiere
1269 1181 77 46 die
1384 1182 139 45 toten
1562 1176 136 49 nicht

185 1260 302 49 auffressen.

283 1343 69 49 So
382 1346 122 49 malt
538 1346 105 48 sich
674 1348 46 47 in
756 1348 114 47 dem
902 1347 162 57 Kopfe
1100 1350 88 46 des
1217 1348 201 54 alpinen
1449 1345 212 47 Münche-

187 1443 90 33 ner
309 1429 406 53 Kunstkritikers
748 1433 84 46 die
866 1431 152 59 Welt,
1058 1434 77 45 die
1166 1429 216 50 Malerei
1418 1429 150 48 heißt.

1457 1513 62 48 H.
1553 1512 80 48 W.

185 1892 678 97 Baudelaire

183 2079 115 49 Von
331 2080 223 54 Jacques
586 2075 217 57 Rivière

186 2199 354 50 Uebertragung
581 2211 81 31 aus
704 2199 103 42 dem
843 2197 364 43 Französischen
1248 2209 94 32 von
1384 2195 314 50 Jean-Jaques

327 2312 38 42 O
393 2324 130 36 vous,
553 2323 144 35 soyez
726 2312 170 40 temoin
926 2322 87 35 que
1043 2308 73 48 j'ai
1147 2309 81 43 fait
1259 2321 106 31 mon
1397 2309 162 43 devois

321 2382 189 42 Comme
533 2395 56 29 un
613 2381 167 49 parfait
803 2380 209 43 chimiste
1028 2383 45 40 et
1097 2391 178 32 comme
1298 2391 89 32 une
1409 2379 103 43 äme
1535 2380 163 44 sainte.

1310 2449 278 44 Baudelaire

286 2571 63 47 Er
387 2574 63 45 ist
483 2572 187 48 mitten'
698 2574 146 44 unter
881 2583 108 35 uns.
1059 2569 64 48 Er
1162 2570 135 48 zieht
1335 2569 107 47 sich
1479 2568 135 48 nicht
1652 2570 46 45 in

189 2657 77 46 die
308 2655 216 48 Wüsten
568 2654 206 57 zurück,
821 2669 86 33 um
951 2655 73 48 als
1069 2653 209 48 Dichter
1324 2654 101 47 und
1468 2650 228 56 Prophet

191 2739 465 48 zurückzukehren.
720 2737 67 49 Er
818 2740 131 46 wird
981 2741 77 46 die
1089 2737 160 48 Natur
1281 2737 137 48 nicht
1449 2735 249 57 anflehen,

189 2824 79 47 ihn
300 2824 209 55 göttlich
541 2838 61 33 zu
633 2823 230 48 machen.
892 2854 62 4 —
983 2823 137 47 Aber
1149 2837 51 33 er
1232 2825 63 45 ist
1324 2824 91 46 mit
1444 2834 108 35 uns.
1613 2819 82 47 Ich

189 2908 122 48 sehe
341 2908 78 47 ihn
449 2908 82 48 auf
559 2909 87 46 der
673 2907 184 47 Straße
874 2922 7 32 :
913 2922 53 32 er
999 2907 152 48 denkt
1181 2921 61 32 an
1271 2908 139 46 seine
1442 2904 254 48 Schulden

189 2993 101 48 und
321 2992 118 57 geht
471 2991 147 49 dahin
650 2994 99 46 und
781 2992 142 48 recht
957 2991 459 48 ununterbrochen.
1478 2988 64 49 Er
1576 2990 120 47 baut

188 3076 378 48 Luftschlösser
619 3077 122 47 über
794 3075 210 57 Artikel,
1060 3076 153 47 deren
1266 3074 296 55 Bezahlung
1617 3073 79 47 ihn

189 3163 269 54 rangieren
502 3161 205 47 könnte.
786 3158 141 49 Oder
972 3159 256 48 vielleicht
1277 3159 152 48 denkt
1474 3173 52 33 er
1573 3159 125 46 über

187 3246 179 54 irgend
393 3248 111 45 eine
531 3244 533 56 Liebenswürdigkeit
1094 3245 76 46 für
1199 3245 94 46 den
1324 3242 199 48 Freund
1552 3241 144 57 nach,

192 3330 93 47 den
328 3345 53 33 er
423 3329 257 48 besuchen
723 3328 134 56 geht.
933 3327 139 49 Oder
1116 3328 256 47 vielleicht

191 3428 53 32 er
279 3414 127 46 noch
443 3414 238 47 innerlich
714 3427 60 34 an
807 3416 164 45 einem
1004 3412 230 59 Gedicht,
1269 3412 136 48 stellt
1437 3411 182 48 Worte
1652 3413 44 46 in

190 3496 262 58 Ordnung,
541 3499 77 46 die
664 3497 135 49 nicht
845 3497 140 48 recht
1033 3497 309 47 zueinander
1389 3509 201 41 passen.
1638 3526 62 4 —

189 3581 266 50 Vielleicht
498 3582 140 49 hätte
684 3582 79 47 ich
806 3581 81 48 ihn
929 3581 225 56 gekannt
1194 3612 63 3 —
1297 3581 141 47 hätte
1484 3579 79 48 ich
1607 3593 91 33 nur

189 3669 141 47 seine
373 3665 212 49 Einfälle
627 3667 101 47 und
769 3665 210 49 Launen
1024 3665 198 49 kennen
1271 3665 211 55 gelernt.
1561 3665 138 46 Aber

190 3765 54 33 er
272 3752 139 47 hatte
443 3753 110 46 eine
581 3750 164 48 Seele.
776 3749 65 48 Er
870 3755 114 51 trug
1016 3753 72 46 sie
1120 3753 174 44 mitten
1328 3753 146 44 unter
1503 3752 194 45 seinem

189 3835 187 47 Leben.
449 3834 83 48 Sie
570 3849 112 33 war
725 3848 243 42 zugegen,
1010 3848 152 34 wenn
1207 3835 257 54 irgendein
1509 3833 190 47 Leiden

191 3920 125 46 oder
359 3922 109 45 eine
511 3919 119 48 Gier
671 3920 108 47 sich
818 3923 166 44 seiner
1026 3918 360 56 bemächtigte.
1460 3917 84 48 Sie
1588 3930 109 34 war

193 4005 177 52 bereit,
411 4004 126 47 alles
576 4002 353 60 mitzufühlen;
972 4002 135 49 nicht
1149 4006 89 45 mit
1277 4002 424 52 Dilettantismus,

194 4090 221 45 sondern
453 4090 106 46 wie
602 4090 110 45 eine
757 4087 145 48 echte
948 4101 156 43 arme,
1149 4087 77 47 für
1273 4088 76 46 die
1393 4086 163 56 Sorge
1602 4085 99 49 und

194 4171 226 56 Sorgfalt
460 4173 327 55 geschaffene
829 4171 165 48 Seele.
1067 4172 93 47 Die
1200 4170 165 59 Seele,
1410 4172 91 48 das
1545 4171 125 46 unbe-

195 4256 187 47 kannte
426 4259 45 43 in
511 4270 108 42 uns,
663 4257 90 47 das
794 4256 95 48 alle
931 4270 185 35 unsere
1158 4256 293 49 Abenteuer
1493 4256 206 47 lauernd

195 4339 335 48 beobachtet!
608 4339 89 49 Bei
745 4341 103 46 sich
897 4355 60 33 zu
1006 4339 174 49 Hause
1228 4340 94 48 ließ
1372 4355 52 32 er
1475 4342 70 46 sie
1597 4338 104 49 sich

195 4424 241 47 befreien.
509 4423 85 48 Sie
636 4426 183 52 sprach
862 4423 118 57 klug
1022 4426 99 46 und
1163 4423 224 48 erzählte
1432 4423 106 48 ihre
1580 4422 93 48 Prü-

194 4509 184 54 fungen
424 4508 458 57 leidenschaftslos,
924 4510 243 54 glanzlos.
1242 4508 84 48 Sie
1369 4509 215 47 bestand
1629 4509 73 46 ihr

195 4592 541 49 Gewissensexamen.
802 4592 112 48 Und
955 4593 254 47 dennoch:
1269 4595 71 45 sie
1379 4593 146 48 allein
1564 4593 138 53 klagt

196 4678 104 47 sich
333 4678 135 47 nicht
500 4677 145 48 mehr
676 4692 77 42 an,
785 4678 122 47 aber
940 4679 166 46 meine
1138 4677 149 48 Seele
1319 4679 99 46 und
1453 4680 78 45 die
1564 4692 138 44 eure,

196 4764 77 45 die
315 4765 95 44 wir
454 4762 126 48 doch
628 4776 57 33 so
730 4762 265 55 sorgfältig
1038 4761 429 56 zurückgehalten
1511 4762 191 52 hatten,

194 4848 99 47 und
338 4848 76 47 die
455 4850 93 44 wir
591 4847 137 49 nicht
771 4860 57 34 so
868 4845 186 57 großer
1098 4846 423 49 Leidenschaften
1568 4846 135 57 fähig

195 4931 310 47 erachteten.

933 5058 16 47 I

193 5142 344 49 Beherrschte
578 5142 187 49 Poesie

289 5267 77 49 Du
409 5270 200 47 machst
655 5270 92 47 den
790 5268 256 49 Eindruck
1091 5273 138 45 eines
1277 5269 225 49 schönen
1545 5268 133 48 Schif-

196 5353 92 56 fes,
325 5354 97 46 das
464 5355 45 45 in
551 5353 98 48 See
691 5354 167 48 sticht.
879 5350 16 27 1
906 5347 17 62 )

290 5436 84 49 Sie
423 5440 64 45 ist
531 5439 103 46 voll
681 5439 314 48 lehrreichen
1049 5440 203 48 Inhalts.
1333 5438 85 49 Sie
1470 5439 233 48 schwebt

195 5521 275 55 gehorsam
515 5525 88 46 mit
648 5522 138 49 ihren
832 5524 267 55 fügsamen
1146 5523 222 57 Fängen.
1444 5521 121 51 Man
1613 5524 67 46 fin-

199 5606 84 50 det
322 5606 149 48 keine
511 5606 178 58 Verse,
734 5609 76 45 die
853 5609 105 47 sich
1001 5612 44 43 in
1089 5611 144 46 einen
1276 5609 193 56 graden
1512 5609 160 46 unend-

197 5691 159 46 lichen
402 5690 133 55 Weg
578 5695 267 53 zwängen,
890 5694 77 46 die
1012 5694 107 49 sich
1166 5696 138 46 einer
1351 5695 114 47 dem
1511 5693 194 47 andern

196 5775 379 57 anschmiegen,
613 5776 77 47 die
724 5776 103 47 sich
863 5791 101 33 von
1001 5777 160 49 selbst
1194 5778 322 47 vermehren.
1568 5778 136 47 Aber

195 5861 143 49 jedes
377 5860 225 48 einzelne
642 5858 160 50 Stück
841 5863 64 46 ist
947 5862 90 49 das
1079 5866 137 45 reine
1257 5862 267 56 Umgehen
1567 5865 137 44 einer

195 5941 293 59 Strömung,
535 5946 76 45 die
656 5943 168 50 Treue
872 5945 88 51 des
1005 5945 242 51 Wassers
1291 5946 260 50 zwischen
1597 5947 107 48 sich

195 6029 307 47 windenden
543 6028 173 49 Ufern.

290 6112 153 48 Diese
508 6113 232 54 geführte
804 6112 186 50 Poesie
1059 6115 126 48 reißt
1251 6118 95 47 alle
1409 6116 183 50 Worte
1658 6120 46 45 in

197 6196 133 48 ihrer
370 6195 121 49 Zahl
532 6200 90 46 mit
664 6199 120 47 sich.
857 6198 93 48 Die
993 6200 280 48 seltensten
1318 6202 180 48 stehen
1541 6201 164 49 neben

197 6283 95 46 den
349 6282 495 59 gebräuchlichsten,
918 6285 77 47 die
1055 6284 426 51 bescheidensten
1540 6289 163 46 neben

198 6367 91 46 den
330 6366 268 49 kühnsten.
670 6367 151 54 Aber,
863 6368 351 56 untergehend
1254 6372 46 46 in
1344 6372 87 47 der
1474 6371 231 49 sicheren

196 6452 100 46 und
344 6456 175 44 zarten
567 6450 302 59 Bewegung
919 6454 88 50 des
1057 6453 296 59 Gesamten,
1404 6457 301 47 überrascht

194 6535 192 48 keines.
454 6534 412 58 Merkwürdiger
897 6537 262 57 Schwung
1195 6539 87 48 der
1315 6539 209 49 Worte!
1576 6540 129 49 Bald

195 6622 99 45 wie
316 6646 6 7 -
340 6624 109 44 eine
493 6620 294 57 Ermüdung
831 6624 89 47 der
961 6621 232 61 Stimme,
1253 6625 118 48 bald
1431 6629 100 45 wie
1595 6630 110 44 eine

195 6704 283 54 plötzliche,
542 6707 92 47 das
695 6705 136 49 Herz
876 6707 435 50 überkommende
1359 6708 314 52 Bescheiden-

195 6789 117 52 heit,
358 6791 99 46 wie
521 6793 77 45 ein
660 6791 410 57 geschmeidiges
1117 6792 441 60 Dahinschreiten,
1603 6797 103 46 wie

196 6874 76 45 ein
315 6872 150 50 Wort
507 6876 164 47 voller
709 6874 314 49 Schwäche:

340 7045 38 52 1)
408 7050 67 44 Tu
511 7050 89 46 fais
632 7050 146 47 raffet
816 7053 104 45 d'un
957 7054 119 46 htm
1113 7066 220 35 vaisse&ts
1371 7057 77 59 qui
1482 7056 148 51 prend
1665 7055 46 48 le

419 7123 24 30 •.
997 7126 70 19 —«

1900 503 61 50 Et
1999 507 79 52 qui
2116 507 97 44 sait
2249 505 41 46 si
2327 503 73 47 les
2437 502 159 50 fleurs
2635 501 266 50 nouvelles
2937 514 96 43 que
3071 505 46 50 je
3157 516 125 34 reve

1897 588 329 48 Trouveront
2268 588 124 46 dans
2433 587 138 47 cesal
2613 588 117 46 lave
2773 601 201 34 comme
3016 602 95 34 une
3152 587 160 56 gr£ve

1896 673 71 47 Le
2001 672 258 55 mystique
2293 672 207 47 aliment
2533 673 81 52 qui
2649 671 224 49 ferait
2908 673 106 47 leur
3050 674 231 54 vigueur.
3300 669 17 26 1
3326 664 19 60 )

1901 797 162 48 Oder:

2162 927 81 50 qui
2293 923 73 48 les
2417 924 131 47 ahne
2599 928 390 50 augmente
3040 936 84 35 ses

3012 1010 269 49 verdures.
3302 1004 21 29 2
3328 1001 17 61 )

1928 1134 383 57 Scharfsinnige
2348 1133 436 59 Einschränkung,
2818 1136 82 46 die
2941 1136 75 46 die
3056 1135 255 55 Gedrängt-

1834 1219 101 50 heit
1979 1221 89 47 des
2106 1220 192 48 Verses
2341 1220 282 48 schwächt.
2665 1219 150 48 Wahl
2862 1221 87 46 der
2994 1219 322 56 Geringfügig-

1833 1303 118 49 keit.
2021 1303 329 56 Kompromiß
2389 1306 90 46 mit
2518 1306 117 46 dem
2668 1303 325 57 Schweigen.

1929 1387 292 50 Manchmal
2303 1391 228 55 dagegen
2606 1390 237 53 kämpfen
2887 1387 2 59 .
2926 1391 75 46 die
3083 1390 259 49 stärksten

1834 1472 212 50 Wörter
2092 1475 163 47 voller
2305 1474 138 59 Wut,
2494 1474 228 48 erstickt.
2803 1473 84 49 Sie
2953 1476 194 53 grollen
3213 1474 130 48 ohne

1834 1557 193 50 Schrei.
2103 1558 85 48 Sie
2231 1561 111 45 sind
2387 1561 93 46 den
2525 1558 211 50 Flüssen
2784 1564 252 43 entrissen
3082 1562 97 44 und
3226 1573 87 33 ver-

1834 1644 155 48 lieren
2023 1644 108 47 sich
2166 1647 43 44 in
2247 1645 87 46 der
2367 1648 268 52 stummen,
2668 1644 333 48 verhaltenen
3039 1642 177 50 Macht
3256 1645 86 46 des

1834 1729 298 54 poetischen
2179 1728 346 56 Schwunges:

1898 1853 251 50 Cheveux
2185 1856 159 56 bleus,
2383 1855 218 55 papillon
2641 1858 59 45 de
2737 1855 211 49 tenebre
2984 1856 231 57 tendues,

1895 1938 144 50 Vous
2072 1954 80 33 me
2187 1941 189 47 rendez
2403 1940 160 48 l'azur
2598 1942 62 47 du
2695 1942 92 47 ciel
2823 1944 246 45 immense
3106 1946 47 43 et
3190 1943 152 51 rond;

1898 2023 97 50 Sur
2026 2026 72 49 les
2131 2026 157 48 bords
2324 2026 217 48 duvetes
2573 2026 65 49 de
2669 2040 97 34 vos
2800 2025 205 49 meches
3038 2027 211 50 tordues

1898 2109 58 48 Je
1989 2109 248 49 m'eßivre
2271 2112 320 47 ardemment
2630 2112 88 47 des
2755 2114 236 46 senteurs
3027 2111 316 47 conforidues

1847 2186 4 63 '
1899 2193 76 49 De
2007 2193 166 49 l'huile
2210 2195 60 47 de
2304 2209 142 38 coco,
2482 2197 59 46 du
2576 2209 144 34 musc
2757 2200 47 44 et
2843 2197 59 46 du
2939 2195 248 54 goudron.
3205 2189 20 30 3
3231 2186 19 61 )

1928 2322 138 47 Aber
2111 2325 176 45 immer
2337 2323 86 48 übt
2469 2324 86 45 der
2602 2322 209 48 Dichter
2857 2325 139 46 seine
3041 2321 304 48 Herrschaft

1836 2407 124 47 über
1995 2409 141 46 seine
2173 2406 320 56 Dichtungen
2531 2422 105 33 aus.
2707 2406 64 48 Er
2806 2407 139 48 leitet
2984 2408 89 54 sie,
3113 2407 231 55 langsam

1836 2493 98 45 und
1984 2491 376 54 durchgeführt.
2442 2490 114 49 Wie
2605 2506 55 33 es
2707 2491 101 48 ihm
2857 2490 135 60 paßt,
3059 2505 59 34 zu
3184 2490 159 48 ihrem

1834 2573 150 49 Ziele.
2062 2573 66 49 Er
2178 2574 138 49 lenkt
2369 2576 155 47 durch
2574 2578 174 45 seinen
2801 2574 393 49 einflußreichen
3248 2573 64 49 Ge-

1834 2659 260 48 schmack.
2159 2658 67 48 Er
2260 2661 206 46 bedient
2502 2659 106 48 sich
2644 2674 124 41 gern
2806 2660 317 55 ungeahnter
3160 2657 184 48 Worte

1831 2774 63 4 —
1923 2757 117 33 man
2072 2744 191 47 könnte
2296 2757 157 42 sagen
2486 2744 460 55 abgeschmackter
2977 2742 199 51 Worte.
3207 2744 136 47 Aber

1835 2843 54 32 er
1918 2832 75 44 tut
2025 2843 69 42 es,
2123 2843 85 33 um
2238 2830 105 46 ihre
2371 2828 406 49 Sonderbarkeit
2808 2843 60 33 zu
2901 2828 325 57 schwächen,
3260 2843 82 33 um

1834 2915 110 45 eine
1984 2912 277 48 Harmonie
2302 2914 124 47 über
2467 2916 73 45 sie
2580 2913 358 56 auszugießen,
2980 2930 83 33 um
3108 2915 90 46 das
3240 2914 68 46 Ab-

1833 2996 181 49 fließen
2055 2999 328 54 einzuengen,
2426 2999 92 48 das
2554 3014 54 32 er
2647 3000 163 55 ihnen,
2849 2998 294 49 launenhaft
3182 2998 135 56 geöff-

1832 3086 85 43 net
1953 3080 100 47 hat.
2077 3076 20 27 4
2103 3075 17 59 )
2191 3075 113 55 Wie
2348 3085 93 54 die,
2485 3084 76 46 die
2602 3083 105 47 sich
2748 3081 348 49 vollkommen
3141 3081 200 57 dessen,

1834 3167 91 47 das
1972 3169 71 45 sie
2091 3180 158 43 sagen
2292 3168 202 53 wollen,
2541 3167 207 50 bewußt
2793 3169 127 56 sind,
2966 3168 147 48 sucht
3161 3182 53 33 er
3264 3169 78 46 die

1833 3251 225 49 fernsten
2088 3252 329 59 Ausdrücke;
2467 3252 129 48 dann
2624 3252 134 49 führt
2792 3268 53 32 er
2877 3255 73 46 sie
2980 3253 156 48 näher
3167 3252 175 58 heran,

1835 3334 392 57 beschwichtigt
2278 3338 87 54 sie,
2416 3338 107 53 gibt
2574 3336 147 48 ihnen
2775 3340 109 44 eine
2937 3336 407 55 Gemessenheit,

1836 3419 81 48 die
1961 3434 115 33 man
2122 3434 60 33 an
2228 3420 148 49 ihnen
2419 3422 133 48 nicht
2595 3421 171 49 kennt.

1934 3503 66 47 Er
2046 3506 63 46 ist
2154 3504 319 56 Dichter,
2532 3506 97 48 das
2677 3505 135 49 heißt
2862 3521 53 32 er
2976 3507 372 54 gestaltet

1839 3587 161 49 Verse
2033 3591 101 45 wie
2166 3591 110 47 eine
2309 3589 183 57 kühne,
2525 3589 251 49 nützliche
2809 3593 98 45 und
2942 3591 405 56 wohlüberlegte

1838 3673 190 48 Arbeit.

1965 3756 122 49 Eine
2122 3760 174 46 solche
2331 3758 184 49 Poesie
2549 3760 133 48 kann
2718 3760 136 48 nicht
2890 3760 303 55 Inspiration
3226 3764 121 45 sein.

1840 3840 292 50 Zweifellos
2167 3845 64 47 ist
2265 3846 72 45 sie
2370 3844 297 58 begeistert,
2702 3847 110 45 eine
2847 3843 389 60 Begeisterung,
3273 3847 76 45 die

1840 3926 179 52 jedoch
2060 3942 91 33 nur
2190 3929 77 46 die
2302 3927 276 57 Befreiung
2618 3931 89 45 der
2746 3930 331 47 arbeitenden
3117 3930 204 48 Dichter-

1840 4010 135 48 kraft
2022 4014 78 45 ist.
2181 4011 305 50 Baudelaire
2548 4014 294 49 beschreibt
2906 4015 104 47 sich
3077 4015 160 48 selbst
3303 4019 46 44 in

1840 4097 171 45 seinen
2050 4096 256 56 Irrungen,
2343 4100 100 45 wie
2477 4113 52 33 er
2569 4099 213 47 dichtet:

1900 4221 253 50 Heurtant
2193 4224 190 53 parfois
2425 4226 89 46 des
2554 4239 121 34 vers
2717 4221 177 58 depuis
2932 4227 289 54 longtemps

3116 4323 170 35 reves.
3308 4306 17 28 5
3333 4304 17 59 )

1934 4432 91 48 Die
2063 4435 340 53 sprudelnden
2440 4434 170 57 Sätze,
2649 4439 76 44 die
2766 4437 76 46 die
2878 4436 470 56 ursprünglichsten

1839 4532 62 33 zu
1939 4521 106 45 sein
2083 4519 256 58 scheinen,
2417 4521 111 46 sind
2567 4524 179 44 immer
2785 4524 99 44 wie
2928 4524 110 44 eine
3078 4521 269 55 plötzliche

1838 4602 296 57 Auflösung,
2180 4606 98 45 wie
2327 4606 76 46 ein
2449 4605 378 48 vorbereiteter
2872 4604 146 48 Blitz.
3097 4604 115 49 Wie
3259 4606 89 46 der

1840 4687 279 57 steigende,
2160 4693 142 43 zarte
2341 4688 246 49 Gedanke
2627 4690 107 47 sich
2772 4690 130 47 ohne
2939 4689 103 49 Eile
3085 4692 87 45 der
3211 4689 104 48 Dun-

1840 4771 202 56 kelheit,
2090 4775 77 45 die
2214 4787 54 33 er
2309 4787 128 43 war,
2485 4774 237 57 entzieht,
2768 4788 57 34 so
2867 4775 173 49 behält
3084 4775 131 47 auch
3261 4777 88 47 der

1840 4858 261 51 poetische
2163 4856 119 49 Fluß
2348 4861 133 45 trotz
2542 4862 191 45 seinem
2781 4858 566 57 Wirkungsvermögen

1841 4943 109 44 eine
1989 4944 224 52 gewisse
2250 4941 390 57 Langsamkeit:

1902 5065 181 51 J'aime
2115 5070 59 45 de
2205 5083 97 34 vos
2335 5068 145 56 longs
2508 5083 138 40 yeux
2674 5071 48 47 la
2751 5069 210 49 lumiere
2990 5068 246 49 verdätre
3260 5065 90 57 ..°)

1932 5192 66 48 Er
2033 5196 62 47 ist
2132 5197 190 47 einsam
2359 5200 99 44 wie
2492 5199 110 46 eine
2637 5195 158 58 große
2830 5197 197 49 Blume.
3091 5198 91 49 Bei
3219 5198 99 48 Bau-

1841 5279 188 47 delaire
2059 5280 243 48 wuchern
2337 5283 77 45 die
2450 5281 318 49 Gleichnisse
2801 5285 77 46 nie
2914 5297 57 34 so
3003 5286 100 47 wie
3136 5284 80 49 bei
3254 5285 95 47 den

1840 5361 342 55 Inspirierten.
2219 5364 103 47 Der
2357 5365 206 49 Dichter
2600 5367 219 49 fürchtet
2859 5369 77 47 die
2976 5368 371 48 dichterischen

1839 5445 332 58 Situationen,
2221 5449 298 55 Gedanken,
2571 5453 152 46 deren
2773 5453 260 48 einfaches
3080 5455 269 54 Aussagen

1839 5533 226 54 ringsum
2127 5535 76 46 die
2267 5532 305 57 Metaphern
2621 5540 100 44 wie
2768 5536 265 49 Flammen
3079 5538 270 55 aufglühen

1839 5615 117 49 läßt.
2022 5616 65 49 Er
2122 5620 63 46 ist
2215 5618 139 48 nicht
2387 5633 126 41 gern
2546 5635 102 34 von
2686 5622 115 46 dem
2837 5620 162 50 Glanz
3033 5626 167 44 seiner
3233 5621 87 50 Ein-

1839 5700 115 47 fälle
1984 5703 251 56 umgeben
2271 5705 99 46 und
2403 5704 368 49 umschlossen.
2806 5705 66 48 Er
2907 5707 105 54 gibt
3046 5707 106 47 sich
3186 5708 163 51 nichts

1838 5786 66 44 im
1934 5786 215 56 Anfang.
2179 5788 138 48 Aber
2350 5791 78 45 die
2456 5788 172 49 Bilder
2658 5791 268 48 entstehen
2957 5794 138 53 rings
3127 5808 82 32 um
3241 5796 108 46 sein

1839 5867 174 63 Wort;
2045 5886 103 33 von
2181 5874 99 46 ihm
2315 5874 246 56 erweckt,
2595 5874 222 49 erheben
2850 5879 72 45 sie
2954 5877 131 58 sich;
3119 5880 73 46 sie
3225 5878 99 48 blei-

1839 5952 98 48 ben
1973 5955 83 48 bei
2090 5957 126 59 ihm;
2258 5960 71 46 sie
2364 5958 166 48 bilden
2572 5962 141 45 einen
2756 5962 315 53 geordneten
3110 5962 238 56 Festzug.

1838 6036 85 50 Sie
1970 6040 281 50 klammern
2301 6043 105 47 sich
2455 6058 62 33 an
2568 6047 143 46 einen
2779 6046 263 48 einfachen
3107 6046 240 60 Vokativ,

1838 6125 201 46 stützen
2083 6125 95 54 ihn,
2258 6128 210 49 erfüllen
2510 6129 79 49 ihn
2631 6132 89 45 mit
2766 6130 235 59 dichtem,
3088 6133 259 48 düsterem

1837 6206 202 49 Lichte:

1902 6334 59 48 Je
2009 6335 196 50 t'adore
2250 6338 29 46 ä
2322 6339 147 55 l'egal
2516 6342 59 46 de
2622 6341 46 48 la
2714 6341 159 48 voüte
2918 6348 232 46 noturne.

1901 6416 44 49 O
1977 6433 128 35 vase
2140 6423 59 47 de
2229 6425 252 56 tristesse,
2512 6424 29 45 ö
2571 6427 191 53 grande
2792 6430 251 46 taciturne
3077 6467 151 9 ....

1978 6625 40 54 1)
2046 6629 256 53 L'Ennemi,
2333 6644 43 38 p.
2412 6634 74 42 101

1974 6697 45 54 2)
2048 6701 276 47 Boh&niens
2356 6705 53 42 du
2447 6718 199 37 voyage,
2680 6719 41 36 p.
2758 6708 76 40 104

1976 6765 42 54 3)
2050 6774 66 41 La
2154 6773 274 51 Chevelure,
2464 6787 40 37 p.
2547 6777 77 42 120

1973 6839 45 51 4)
2049 6843 191 46 Claudel
2276 6850 133 46 sagte
2444 6859 92 31 von
2573 6846 302 47 Baudelaires
2907 6847 106 47 Stil:
3062 6848 91 52 „Es
3186 6851 60 44 ist
3277 6852 74 44 ein

2055 6917 370 49 merkwürdiges
2453 6917 214 45 Gemisch
2699 6931 83 31 aus
2813 6920 101 42 dem
2947 6918 84 45 Stil
3064 6922 80 42 des
3176 6919 174 50 Racine

2060 6989 89 40 und
2186 6989 102 41 dem
2322 6986 86 45 Stil
2440 6988 81 44 der
2558 6988 310 46 Journalisten
2903 6992 153 42 seiner

1972 7053 43 53 5)
2045 7057 90 51 „Le
2420 7072 42 37 p.
2503 7062 78 41 251

2006 7128 11 27 i
2309 7131 80 27 Anf
2600 7142 27 15 n

3576 502 86 48 Sie
3695 503 111 49 sind
3842 505 77 46 die
3955 502 202 51 Gestalt
4192 507 160 46 selbst
4389 508 87 45 der

3485 589 72 46 sie
3596 587 292 56 schmiegen
3929 587 106 48 sich
4076 590 116 46 dem
4231 587 126 50 Satz
4395 605 86 32 an:

3547 707 183 58 Quand
3767 726 124 34 vers
3927 716 68 45 toi
4030 726 111 35 mes
4180 713 163 48 desirs
4382 718 298 49 partenten
4720 728 276 42 caravane,

3545 794 103 49 Tes
3684 810 138 40 yeux
3859 802 114 44 sont
4010 799 46 46 la
4091 799 192 47 citerne
4318 797 62 47 oü
4420 799 210 50 boivent
4662 814 112 36 mes

4667 889 190 46 ennuis.
4892 926 10 9 .
4938 878 60 65 .*)

3547 1006 85 48 Sie
3670 1008 188 55 gleiten
3894 1010 45 46 in
3979 1010 94 46 den
4111 1009 208 58 Dialog;
4359 1014 72 44 sie
4469 1012 110 47 sind
4621 1014 46 46 in
4706 1012 87 47 der
4831 1011 164 57 Frage

3485 1093 98 46 und
3618 1095 45 44 in
3701 1093 88 47 der
3825 1093 264 49 Antwort:

3544 1216 127 47 D'oü
3722 1232 147 43 vous,
3921 1218 329 58 disiez-vous,
4296 1225 136 44 cette
4481 1224 235 45 tristesse
4767 1224 227 53 etrange,

3541 1302 241 52 Montant
3817 1319 201 33 comme
4054 1307 44 45 la
4133 1319 109 33 mer
4278 1319 84 34 sur
4398 1308 43 46 le
4476 1320 86 35 roc
4595 1309 110 46 noir
4743 1313 48 42 et
4826 1307 105 47 nu?
4952 1302 21 28 2
4977 1301 22 61 )

3574 1429 117 49 Und
3734 1433 44 46 in
3828 1430 89 49 der

3544 1556 197 50 N'es-tu
3783 1573 94 39 pas
3912 1558 172 48 l'oasis
4124 1557 63 48 oü
4229 1562 46 50 je
4314 1573 142 45 reve,
4497 1566 49 41 et
4588 1562 45 46 la
4673 1562 195 53 gourde

3543 1639 76 49 Oü
3653 1645 45 50 je
3733 1642 150 49 hume
3920 1642 27 47 ä
3984 1644 147 55 longs
4165 1645 147 47 traits
4347 1645 43 45 le
4425 1646 84 46 vin
4549 1647 59 46 de
4643 1642 282 49 Souvenir?
4948 1639 19 28 3
4976 1637 17 61 )

4530 1724 308 51 Fortsetzung
4878 1726 117 49 folgt

3617 1914 38 52 1)
3689 1920 120 49 „Sed
3846 1934 89 30 non
4222 1934 39 36 p.
4305 1923 77 41 123

3614 1986 42 52 2)
3686 1990 221 50 „Semper
4200 2005 40 36 p.
4288 1994 76 41 145

3614 2057 41 48 3)
3687 2061 91 49 „La
4160 2076 40 35 p.
4244 2065 76 40 120

3479 2388 345 97 Adler
3900 2392 236 95 und
4214 2392 665 123 Zaunkönig

3484 2559 112 49 Von
3634 2558 88 50 Dr.
3754 2560 53 49 S.
3844 2560 363 50 Friedlaender

3573 2672 130 48 Herr
3751 2672 120 50 Carl
3917 2674 244 49 Albrecht
4208 2675 274 56 Bernoulli,
4532 2680 86 46 der
4668 2682 129 44 mein
4849 2678 143 49 Bach

3480 2755 289 58 „Friedrich
3834 2757 274 50 Nietzsche
4190 2753 15 64 /
4282 2760 122 50 Eine
4468 2762 345 49 intellektuale
4876 2762 89 48 Bio-

3760 2857 97 33 vor
3890 2843 213 48 kurzem
4139 2848 45 44 in
4225 2847 86 46 der
4351 2844 362 60 „Frankfurter
4750 2847 229 56 Zeitung'
4983 2848 13 17 4

3483 2925 321 54 besprochen
3854 2927 100 57 hat,
4002 2928 102 49 läßt
4153 2929 132 47 mich
4337 2931 75 48 als
4869 2932 103 56 figu-

3482 3012 181 53 rieren,
3695 3012 122 57 „der
3849 3011 106 49 sich
3984 3026 93 34 aus
4108 3014 94 46 den
4232 3012 311 58 Schwingen
4576 3016 91 48 des
4696 3016 302 48 ermüdeten

3482 3093 184 48 Adlers
3701 3095 131 46 noch
3867 3109 85 34 um
3988 3099 77 44 ein
4102 3096 160 48 Stück
4299 3097 158 48 höher
4490 3099 125 47 über
4652 3098 81 48 ihn

3485 3179 100 45 und
3628 3180 121 55 „der
3795 3177 229 56 Respekt
4069 3195 96 33 vor
4214 3183 93 46 den
4355 3182 240 47 siebzehn
4645 3182 227 58 Bänden,
4921 3184 78 47 die

3481 3258 274 51 Nietzsche
3785 3263 338 48 hinterlassen
4154 3265 100 53 hat,
4286 3268 235 53 verträgt
4552 3268 106 49 sich
4691 3266 136 49 nicht
4856 3266 143 50 recht

3484 3346 90 46 mit
3614 3348 164 47 einem
3819 3346 208 49 solchen
4589 3348 111 50 Nun
4744 3350 255 56 behaupte

3486 3428 77 47 ich
3596 3459 61 4 —
3688 3431 84 46 die
3809 3428 240 51 Beweise
4084 3433 163 55 liegen
4282 3434 46 46 in
4366 3434 148 51 jenen
4899 3434 104 47 und

3485 3515 221 46 meinem
3751 3516 143 45 einen
3943 3513 177 49 Bande
4169 3517 62 47 ad
4281 3517 176 48 oculos
4507 3518 362 48 demonstriert
4911 3533 86 33 —:

3485 3594 273 51 Nietzsche
3800 3600 63 46 ist
3904 3598 113 49 kein
4456 3601 171 59 Adler,
4672 3604 89 46 das
4804 3602 172 48 Gleich-

3486 3683 77 46 nis
3598 3681 141 51 hinkt
3776 3683 123 47 aber
3938 3683 84 48 auf
4055 3684 143 47 mehr
4235 3686 73 46 als
4350 3688 164 44 einem
4551 3685 142 48 Bein.
4762 3685 111 48 Von
4910 3688 92 46 der

3485 3765 312 55 Auffassung
3827 3765 302 50 Nietzsches
4162 3770 74 47 als
4270 3771 298 45 ermüdeten
4601 3770 182 48 Adlers
4815 3773 63 46 ist
4911 3772 93 47 der

3487 3846 323 54 Rückschluß
3845 3852 84 46 auf
3960 3854 110 44 eine
4101 3850 548 60 Froschperspektive,
4684 3855 44 47 in
4766 3854 88 48 der
4882 3868 116 34 man

3476 3932 155 48 Adler
3658 3935 98 45 und
3780 3931 329 61 Zaunkönige
4137 3936 150 49 leicht
4314 3936 362 50 verwechselt,
4703 3936 117 50 sehr
4849 3937 121 48 nahe-

3485 4018 184 54 gelegt.
3735 4017 70 48 Zu
3840 4019 208 48 solchen
4081 4019 179 48 Höhen
4295 4021 339 53 aufblickend,
4669 4023 132 47 kann
4839 4022 163 48 selbst

3487 4102 88 46 der
3607 4101 422 56 scharfsinnigste
4062 4102 307 57 Rezensent,
4398 4119 150 33 wenn
4584 4121 54 36 es
4672 4106 100 47 ihm
4805 4120 61 32 an
4898 4104 67 53 Re-

3484 4184 148 54 spekt
3674 4179 158 57 (nicht
3877 4201 95 32 vor
4017 4187 192 49 bereits
4253 4188 306 55 bekannten,
4606 4183 246 59 sondern)
4898 4203 97 32 vor

3485 4269 519 48 unbekannten
4046 4270 206 48 Größen
4291 4273 248 56 gebricht,
4579 4276 137 46 einer
4755 4273 216 55 perspek-

3485 4352 253 48 tivischen
3785 4353 310 58 Täuschung
4192 4356 330 55 unterliegen.
4606 4356 105 49 Das
4764 4356 235 49 Große

3486 4435 201 48 schätzt
3736 4438 156 56 jeder,
3987 4439 88 46 der
4138 4452 55 34 es
4260 4453 91 34 nur
4419 4440 154 58 sieht;
4672 4441 123 48 aber
4863 4442 138 47 beim

3816 4522 46 49 ja
3906 4518 500 59 Mikroskopischen,
4453 4524 61 47 da
4559 4524 173 49 nehmt
4780 4527 125 45 euch
4952 4527 47 46 in

3485 4602 139 47 acht!
3720 4602 120 49 Hier
3905 4610 141 44 nutzt
4109 4606 124 47 euch
4300 4609 77 45 die
4444 4605 262 59 Berufung
4772 4610 82 46 auf
4921 4610 78 45 die

3482 4687 246 56 Augen
3774 4687 269 51 sicherlich
4093 4692 133 46 beim
4275 4692 193 56 Vulgus
4517 4687 114 59 (des
4679 4693 170 48 Denk-
4897 4694 98 47 und

3483 4767 352 63 Lesepöbels),
3867 4776 214 49 niemals
4109 4776 133 48 beim
4275 4776 217 53 Kenner.
4524 4776 109 51 Das
4659 4778 174 54 Kleine
4864 4778 135 49 kann

3485 4855 132 49 klein
3656 4860 156 46 sein
3848 4859 124 47 oder
4009 4859 132 48 klein
4181 4861 368 49 scheinen.
4589 4861 253 48 Siebzehn
4883 4877 87 34 aus-

3483 4941 315 54 gewachsne
3860 4941 196 50 Bäume
4119 4945 169 47 lassen
4354 4946 106 46 sich
4524 4945 107 49 hier
4695 4946 303 55 leichtfertig

3484 5038 164 41 gegen
3687 5028 77 46 ein
3801 5025 321 50 Samenkorn
4161 5030 304 54 ausspielen.
4535 5030 137 56 Also,
4711 5031 122 47 der
4871 5029 87 52 Re-

3485 5114 308 43 zensent
3837 5108 119 50 hat
4004 5111 201 48 darin
4255 5111 223 59 recht,
4529 5108 125 49 daß
4703 5124 69 33 er
4816 5107 182 50 mich

3484 5195 265 54 winzig
3792 5195 263 58 findet;
4100 5211 70 32 er
4215 5196 136 48 irrt
4391 5197 174 47 aber
4866 5194 131 48 daß

3486 5287 71 35 er
3600 5274 202 49 diese
3844 5273 453 57 Winzigkeit
4339 5278 107 47 für
4492 5278 121 49 das
4656 5278 191 54 Auge
4890 5277 110 45 als

3486 5363 161 46 eine
3685 5361 108 49 für
3834 5364 109 46 die
3980 5361 337 51 Einsicht
4353 5367 252 44 nimmt.
4642 5394 62 4 —
4742 5361 225 50 Bekannt-

3484 5443 93 48 lich
3609 5448 137 52 trägt
3778 5447 87 46 der
3896 5448 152 46 Adler
4077 5445 381 51 Zarathustra's
4489 5449 109 45 eine
4630 5446 254 56 Schlange
4912 5461 86 33 um

3486 5532 174 44 seinen
3702 5529 127 49 Hals
3869 5533 264 54 geringelt.
4208 5530 135 49 Mein
4388 5531 415 55 Grundgedanke
4877 5546 91 33 ver-

3485 5615 188 54 gleicht
3738 5615 102 48 sich
3908 5616 156 48 lieber
4116 5617 167 47 dieser
4330 5615 382 55 Schlange.
4795 5615 87 49 Sie
4934 5620 65 46 ist

3984 5703 73 44 sie
4105 5700 197 47 kriecht
4347 5701 100 46 und
4496 5701 193 48 windet
4735 5703 124 57 sich,
4927 5707 73 44 sie

3486 5782 166 54 käme,
3704 5784 131 47 ohne
3885 5785 473 54 Adlerschwingen,
4413 5784 135 48 nicht
4600 5799 89 34 zur
4740 5785 148 51 Höhe
4938 5818 64 5 —

3485 5866 125 47 aber
3653 5869 73 45 sie
3769 5870 64 47 ist
3874 5868 115 47 kein
4032 5866 312 56 Zaunkönig.
4423 5866 177 58 Gegen
4647 5871 139 48 diese
4831 5869 134 49 Meta-

3483 5950 427 57 morphosierung
3937 5952 298 52 protestiert
4262 5952 72 46 sie
4364 5951 137 50 kraft
4529 5951 302 51 Nietzsches
4862 5956 110 54 eige-

3485 6049 89 33 ner
3610 6034 204 50 Gewalt
3850 6036 99 46 und
3983 6049 93 34 aus
4113 6035 88 47 der
4234 6032 641 56 Machtvollkommenheit
4911 6040 91 47 des

3486 6117 314 50 Gedankens
3833 6118 125 48 aller
3993 6117 297 61 Gedanken,
4330 6121 96 48 den
4463 6123 138 49 diese
4634 6125 164 46 uralte
4833 6124 167 54 listige

3480 6200 257 59 Schlange
3758 6200 169 58 gewiß
3951 6201 131 49 noch
4105 6204 412 51 vernehmlicher
4545 6211 76 44 ins
4646 6205 108 50 Ohr
4781 6207 89 49 des
4895 6209 70 46 Ad-

3482 6289 103 46 lers
3618 6288 154 45 reden
3807 6289 147 46 wird.
3988 6285 67 50 Es
4089 6289 88 55 gilt
4214 6291 96 47 den
4342 6290 297 57 Rangstreit
4675 6294 87 47 der
4798 6292 170 49 Gedan-

3483 6371 113 56 ken,
3632 6371 176 47 keiner
3841 6370 283 51 Personen.
4165 6372 94 51 Die
4297 6374 329 58 Philosophie
4665 6378 157 49 kennt
4861 6379 137 47 nicht

3484 6455 145 53 Kant
3663 6456 220 47 sondern
3915 6459 112 55 „die
4060 6458 161 54 Kritik
4255 6464 87 45 der
4376 6463 175 46 reinen
4924 6465 74 45 sie

3483 6539 155 48 kennt
3678 6540 158 48 schon
3878 6542 210 49 deshalb
4128 6543 184 49 keinen
4350 6544 379 59 Friedlaender,
4767 6547 118 47 weil
4925 6548 73 46 sie

3482 6622 183 50 keinen
3695 6623 274 51 Nietzsche
4001 6625 172 50 kennt.
4237 6627 115 48 Und
4385 6633 216 54 gesetzt,
4634 6628 365 50 Friedlaender

3484 6712 145 45 wäre
3657 6708 299 59 Zaunkönig
3981 6742 63 5 —
4076 6727 55 34 es
4160 6712 107 56 gibt
4294 6714 138 49 nicht
4463 6717 163 46 soviel
4653 6713 347 60 Zaunkönige,

3486 6793 79 48 die
3629 6794 108 49 sich
3799 6797 139 47 eines
3999 6796 186 49 Adlers
4247 6797 250 49 bedienen
4562 6799 221 49 können.
4861 6799 142 48 Aber

3485 6876 291 49 schließlich
3819 6879 158 49 bleibt
4016 6893 60 35 es
4118 6881 81 47 bei
4245 6882 88 47 der
4379 6879 281 59 Schlange:
4723 6883 134 47 und
4916 6883 83 47 bei

3485 6960 130 48 allen
3652 6960 376 57 Täuschungen
4067 6968 88 44 der
4192 6962 563 55 Froschperspektive»'
