2578 4244
487 505 307 41 THEATRE
831 506 111 41 DES
975 506 430 42 DEMOISELLES
1438 495 348 53 VERRIÈRES

1930 506 81 41 225

315 651 80 40 Les
430 651 111 41 deux
574 665 137 27 sœurs
745 652 266 54 comptaient
1045 654 58 39 les
1131 653 97 54 plus
1248 654 157 54 grands
1433 667 124 27 noms
1578 654 51 40 de
1652 653 166 41 France
1840 652 107 41 dans
1971 652 38 40 le

256 724 291 41 volumineux
568 725 163 41 dossier
750 726 52 40 de
820 727 113 39 leurs
956 739 190 28 amours.
1173 727 173 40 L'aînée
1368 736 176 32 surtout
1569 727 116 40 avait
1708 729 63 38 été
1793 727 216 41 courtisée

257 811 76 40 par
359 797 59 41 les
452 798 100 54 plus
583 798 186 42 illustres
801 800 225 52 seigneurs
1049 809 38 31 et
1110 799 137 41 s'était
1271 800 99 40 bien
1406 801 153 53 gardée
1580 801 48 41 de
1651 814 226 42 repousser
1898 802 116 38 leurs

255 871 269 56 hommages.
555 873 96 42 Elle
677 874 118 41 avait
816 875 64 40 été
901 873 40 41 la
967 876 221 38 maîtresse
1211 888 53 27 en
1296 875 100 40 titre
1424 875 51 40 de
1510 875 197 40 Maurice
1748 876 51 40 de
1835 876 107 40 Saxe
1976 883 41 32 et

255 946 116 40 avait
391 959 54 28 eu
467 947 50 39 de
543 946 64 41 lui
632 961 87 27 une
741 946 86 42 fille
850 948 136 54 qu'on
1007 948 117 40 avait
1145 961 76 27 cru
1246 948 186 54 prudent
1453 948 51 40 de
1526 949 229 41 soustraire
1779 963 56 27 au
1856 950 135 53 dange-

256 1033 105 27 reux
388 1020 193 55 exemple
609 1021 52 41 de
689 1035 44 27 sa
755 1024 116 38 mère
893 1036 9 27 :
929 1021 75 41 elle
1026 1022 105 41 était
1156 1021 140 41 élevée
1319 1024 22 38 à
1363 1021 251 56 Saint-Cyr,
1642 1037 73 40 par
1736 1023 61 40 les
1818 1023 118 41 soins
1965 1023 52 40 de

252 1093 42 41 la
311 1094 241 56 dauphine,
568 1095 87 41 fille
665 1096 59 40 du
741 1096 64 41 roi
823 1099 200 52 Auguste
1039 1096 50 41 de
1109 1096 192 54 Pologne
1317 1106 42 30 et
1376 1096 119 41 nièce
1514 1096 60 41 du
1593 1097 216 40 maréchal
1823 1097 51 40 de
1889 1097 124 40 Saxe.

254 1167 329 42 Mademoiselle
605 1171 51 38 de
679 1170 214 41 Verrières
914 1170 155 41 l'aînée
1090 1170 119 41 avait
1232 1171 64 40 été
1328 1169 117 42 aussi
1474 1169 248 54 distinguée
1755 1184 76 40 par
1863 1170 39 41 le
1931 1170 85 41 duc

254 1242 51 40 de
329 1242 209 42 Bouillon
563 1250 41 34 et
625 1244 134 54 parle
781 1244 145 55 prince
960 1244 51 40 de
1044 1245 227 40 Turenne.

310 1315 61 41 Ce
400 1316 159 41 double
593 1331 158 40 propos
783 1317 152 41 mérite
970 1319 190 51 créance,
1190 1331 72 27 car
1299 1318 111 40 celui
1446 1318 77 54 qui
1566 1317 197 41 l'affirme
1794 1328 61 30 est
1886 1317 132 54 digne

252 1388 52 41 de
341 1388 74 42 foi.
451 1390 116 41 C'est
600 1390 279 55 l'inspecteur
911 1391 52 40 de
996 1392 138 55 police
1163 1391 241 54 Meusnier,
1439 1392 159 54 lequel,
1634 1400 132 46 ayant
1798 1395 23 37 à
1861 1391 152 56 parler,

256 1462 109 41 dans
388 1477 61 27 un
472 1474 191 44 rapport,
702 1465 106 41 d'un
840 1466 180 40 nommé
1047 1466 223 49 Lambert,
1307 1465 173 55 laquais
1503 1466 108 40 beau
1642 1478 174 46 garçon,
1855 1465 163 41 honoré

256 1538 73 40 des
366 1539 233 54 premières
633 1538 171 42 faveurs
839 1540 52 40 de
926 1540 317 41 mademoiselle
1279 1541 147 40 Leduc
1467 1540 164 41 cadette
1639 1571 10 24 ?
1686 1540 143 53 ajoute
1866 1554 8 27 :
1914 1556 17 22 «
1958 1541 60 40 Ce

256 1611 209 43 Lambert
487 1621 61 33 est
570 1613 310 41 actuellement
910 1614 171 40 attaché
1103 1628 55 25 au
1181 1614 149 54 prince
1354 1614 50 40 de
1427 1614 208 40 Turenne
1655 1629 10 35 ;
1703 1614 98 40 c'est
1834 1614 64 40 lui
1935 1614 78 53 qui

254 1684 164 43 veillait
441 1699 75 26 sur
538 1685 38 41 la
600 1686 206 42 conduite
828 1687 51 40 de
901 1687 39 40 la
971 1687 245 40 demoiselle
1246 1687 215 41 Verrières
1494 1688 170 51 l'aînée,
1703 1701 45 26 sa
1774 1689 239 47 maîtresse,

254 1757 245 55 lorsqu'elle
522 1760 245 40 demeurait
789 1774 76 26 rue
889 1760 305 42 Montmartre.
1224 1761 117 39 Pour
1366 1760 211 54 répondre
1604 1762 144 38 même
1775 1760 98 54 plus
1897 1762 99 38 sûre-

254 1840 122 33 ment
393 1832 60 41 du
477 1834 137 40 trésor
633 1833 77 55 qui
734 1834 62 40 lui
819 1833 107 42 étoit
948 1833 155 55 confié,
1131 1834 31 41 il
1184 1833 203 42 couchait
1406 1834 108 40 dans
1538 1847 88 28 une
1646 1834 204 41 chambre
1872 1838 22 35 à
1922 1834 94 41 côté

261 1905 52 41 de
336 1906 41 40 la
398 1905 167 55 sienne,
590 1915 40 32 et
649 1906 37 54 je
702 1907 112 40 crois
836 1920 85 40 que
943 1907 38 41 le
1004 1906 117 42 drôle
1144 1908 218 53 mangeait
1382 1908 39 40 le
1441 1907 93 41 lard
1561 1905 74 57 (1).
1657 1923 22 23 »

317 1978 82 41 Les
421 1979 114 41 deux
557 1993 138 27 sœurs
719 1980 271 54 possédaient
1013 1980 167 41 maison
1206 1981 50 40 de
1277 1981 103 40 ville
1401 1988 40 33 et
1460 1981 172 40 maison
1660 1980 73 41 des
1759 1980 192 55 champs,
1977 1988 43 33 et

261 2053 99 40 elles
381 2053 229 55 prenaient
630 2068 62 27 un
716 2054 33 40 si
768 2054 137 52 grand
928 2054 149 54 plaisir
1098 2059 23 35 à
1143 2053 119 47 jouer
1283 2055 41 40 la
1347 2054 193 42 comédie
1558 2054 175 55 qu'elles
1761 2055 173 40 avaient
1952 2068 63 26 un

262 2127 168 42 théâtre
453 2129 149 39 monté
623 2133 22 35 à
667 2127 40 41 la
731 2141 239 40 campagne
992 2141 168 28 comme
1183 2134 23 35 à
1228 2129 42 40 la
1288 2128 117 41 ville.
1444 2129 61 40 La
1527 2129 101 40 salle
1651 2129 52 39 de
1731 2129 211 54 spectacle
1964 2129 52 40 de

256 2201 97 41 leur
381 2200 104 41 villa
514 2201 226 42 d'Auteuil
763 2202 105 40 était
903 2202 192 54 élégante
1125 2210 41 32 et
1204 2202 102 41 bien
1329 2202 212 55 disposée,
1571 2202 110 40 mais
1714 2203 103 40 celle
1849 2202 51 40 de
1923 2203 93 40 leur

261 2274 115 43 hôtel
399 2276 51 39 de
475 2275 137 54 Paris,
637 2275 56 40 sis
716 2289 52 27 en
790 2276 40 40 la
853 2276 452 53 Chaussée-d'Antin,
1336 2277 104 41 était
1463 2275 400 56 particulièrement
1882 2275 98 55 jolie
2003 2289 10 30 :

262 2348 81 42 elle
365 2348 104 42 était
492 2350 85 40 très
598 2350 161 54 grande
781 2364 109 41 pour
912 2364 62 27 un
998 2350 165 42 théâtre
1189 2350 268 55 particulier,
1486 2350 131 40 d'une
1640 2350 107 40 belle
1764 2350 188 40 hauteur
1978 2358 42 32 et

260 2424 85 39 très
365 2422 242 43 richement
622 2424 189 41 décorée.
835 2424 92 41 Elle
945 2438 53 27 ne
1016 2425 212 54 comptait
1244 2438 74 41 pas
1336 2424 141 40 moins
1493 2425 50 39 de
1559 2432 92 46 sept
1667 2424 116 53 loges
1801 2437 52 26 en
1870 2424 124 41 balda-

258 2496 241 55 quin,d'un
527 2498 146 40 dessin
696 2498 167 54 élégant
884 2507 40 31 et
947 2498 179 40 tendues
1147 2498 52 40 de
1220 2498 137 40 riches
1387 2497 167 53 étoffes;
1580 2497 115 55 puis,
1723 2511 168 27 comme
1911 2497 108 41 dans

259 2578 100 33 tous
386 2570 58 41 les
466 2571 186 42 théâtres
674 2571 50 40 de
746 2571 154 42 société
930 2572 152 40 établis
1105 2573 113 40 alors
1251 2573 102 39 chez
1374 2572 51 39 de
1447 2572 138 40 riches
1618 2572 286 53 courtisanes,
1935 2572 31 40 il
1992 2586 28 42 y

259 2644 119 42 avait
411 2658 61 28 un
496 2646 163 40 certain
684 2647 181 40 nombre
890 2648 51 38 de
962 2648 117 52 loges
1101 2647 169 53 grillées
1305 2648 75 53 qui
1404 2647 307 53 permettaient
1737 2661 85 27 aux
1843 2647 179 41 femmes

258 2718 52 41 de
334 2719 167 54 qualité
522 2719 217 42 d'assister
760 2734 54 27 au
839 2721 208 53 spectacle
1070 2734 97 27 sans
1189 2722 86 39 être
1298 2734 105 27 vues
1426 2720 78 55 (2).

301 2874 47 41 (1)
371 2870 168 45 Rapport
560 2873 44 32 de
627 2872 234 44 l'inspecteur
881 2872 189 35 Meusnier
1099 2875 28 41 (i
1136 2881 26 13 er
1183 2875 89 32 août
1292 2874 102 46 1753)
1421 2884 64 24 sur
1508 2874 280 34 mademoiselle
1815 2874 120 33 Leduc
1962 2884 38 24 ca-

258 2928 107 39 dette,
385 2934 210 27 autrement
616 2928 74 32 dite
714 2929 180 40 l'Altesse,
918 2929 19 32 à
961 2940 105 22 cause
1087 2931 43 31 de
1153 2940 56 22 ses
1233 2929 174 33 relations
1436 2941 85 22 avec
1549 2931 32 31 le
1609 2938 120 24 comte
1750 2931 43 31 de
1814 2930 206 34 Clermont.

258 2983 48 32 Ce
329 2989 164 36 rapport,
516 2982 65 44 qui
600 2983 122 33 faisait
753 2984 115 43 partie
883 2983 48 33 du
953 2985 247 33 volumineux
1239 2985 145 42 journal
1406 2986 42 31 de
1475 2984 118 45 police
1615 2984 115 34 inédit
1751 2985 173 32 conservé
1945 2985 19 33 à
1987 2984 34 34 la

257 3037 266 44 Bibliothèque
559 3038 44 32 de
636 3037 34 33 la
692 3037 110 44 Ville,
825 3049 19 21 a
866 3038 54 32 été
943 3039 139 33 détruit
1116 3040 90 32 dans
1230 3040 194 32 l'incendie
1445 3041 43 31 de
1510 3041 134 32 l'Hôtel
1667 3041 43 32 de
1733 3041 115 41 Ville;
1877 3040 93 32 mais
1994 3040 25 33 il

255 3098 55 26 est
331 3093 190 42 reproduit
543 3103 45 22 en
610 3093 117 33 entier
747 3093 92 33 dans
862 3095 185 42 l'ouvrage
1072 3094 29 32 si
1125 3095 149 33 curieux
1296 3103 33 25 et
1355 3096 29 32 si
1409 3096 161 43 complet
1594 3096 43 32 de
1659 3096 48 32 M.
1726 3096 101 32 Jules
1850 3095 141 33 Cousin
2009 3106 9 21 :

254 3147 54 34 Le
329 3148 127 32 Comte
477 3148 43 32 de
542 3147 198 42 Clermont,
760 3158 42 23 sa
826 3158 87 23 cour
933 3154 34 28 et
986 3159 56 23 ses
1063 3148 219 35 maîtresses.

298 3204 49 40 (2)
367 3203 68 32 Les
457 3202 199 34 véritables
678 3214 109 22 noms
809 3203 63 33 des
893 3203 189 34 Verrières
1098 3204 134 33 étaient
1254 3206 115 32 Marie
1391 3211 35 27 et
1449 3205 387 34 Genevièveßinteau.
1853 3206 168 33 Madame

256 3257 144 43 George
416 3258 98 33 Sand
542 3258 144 32 anoblit
713 3269 66 22 son
801 3258 384 44 arrière-grand'mère
1206 3260 128 43 quand
1357 3262 70 31 elle
1447 3261 33 32 la
1503 3259 150 44 qualifie
1675 3260 43 32 de
1738 3261 105 32 dame
1858 3261 161 43 d'opéra,

258 3322 61 23 car
341 3323 95 22 nous
464 3323 44 21 ne
529 3323 157 34 croyons
712 3324 76 32 pas,
813 3313 105 44 après
949 3314 216 33 recherches
1187 3314 116 43 faites,
1327 3326 74 32 que
1430 3315 301 32 mademoiselles
1753 3315 188 34 Verrières
1971 3317 51 33 ait

256 3367 133 43 jamais
410 3366 117 44 figuré
555 3368 90 33 dans
680 3369 52 32 les
767 3368 148 33 chœurs
949 3369 196 33 chantants
1167 3370 35 31 ni
1227 3370 177 32 dansants
1437 3370 42 32 de
1514 3370 223 33 l'Académie
1758 3371 43 31 de
1824 3371 191 44 musique.

259 3421 167 32 Madame
456 3422 142 43 George
621 3422 97 33 Sand
741 3434 37 21 se
801 3430 147 36 trompe
970 3434 131 21 encore
1123 3423 125 42 quand
1271 3424 68 31 elle
1374 3423 123 33 donne
1535 3423 126 33 l'hôtel
1697 3425 42 31 de
1763 3425 34 32 la
1820 3425 180 33 Chaussée-

261 3476 152 33 d'Antin
445 3487 98 32 pour
575 3488 72 22 une
684 3477 139 34 maison
847 3479 61 33 des
933 3479 144 44 champs
1098 3490 9 21 :
1127 3478 116 34 c'était
1264 3479 34 33 la
1320 3479 174 33 demeure
1513 3479 43 33 de
1578 3479 99 42 ville,
1702 3487 34 25 et
1759 3481 30 31 la
1810 3481 146 33 maison
1979 3482 43 32 de

264 3541 202 33 campagne
487 3531 87 33 était
596 3533 18 33 à
637 3533 163 33 Auteuil.

429 3593 134 44 VIII.

1808 3602 45 40 15
