<?xml version="1.0" encoding="UTF-8"?>
<alto xmlns:xsi="http://www.w3.org/2001/XMLSchema-instance" xmlns="http://www.loc.gov/standards/alto/ns-v2#" xsi:schemaLocation="http://www.loc.gov/standards/alto/ns-v2# http://www.loc.gov/standards/alto/v2/alto-2-0.xsd" xmlns:xlink="http://www.w3.org/1999/xlink">
	<Description>
		<MeasurementUnit>mm10</MeasurementUnit>
		<sourceImageInformation>
			<fileName>//lib-docworks1/IN/PUL-BlueMountain-RQA/periodicals/bmtnabf/issues/1900/06/15_01/00000013.jp2</fileName>
		</sourceImageInformation>
		<OCRProcessing ID="OCRPROCESSING_1">
			<preProcessingStep>
				<processingSoftware>
					<softwareCreator>CCS Content Conversion Specialists GmbH, Germany</softwareCreator>
					<softwareName>CCS docWorks</softwareName>
					<softwareVersion>6.8-1.27</softwareVersion>
				</processingSoftware>
			</preProcessingStep>
			<ocrProcessingStep>
				<processingSoftware>
					<softwareCreator>ABBYY (BIT Software), Russia</softwareCreator>
					<softwareName>FineReader</softwareName>
					<softwareVersion>11.0</softwareVersion>
				</processingSoftware>
			</ocrProcessingStep>
			<postProcessingStep>
				<processingSoftware>
					<softwareCreator>CCS Content Conversion Specialists GmbH, Germany</softwareCreator>
					<softwareName>CCS docWorks</softwareName>
					<softwareVersion>6.8-1.27</softwareVersion>
					<applicationDescription>docWorks: Text modified manually, or automatically replaced</applicationDescription>
				</processingSoftware>
			</postProcessingStep>
		</OCRProcessing>
	</Description>
	<Styles>
		<TextStyle ID="TXT_0" FONTSIZE="26" FONTFAMILY="Times New Roman"/>
		<TextStyle ID="TXT_1" FONTSIZE="23" FONTFAMILY="Times New Roman"/>
		<TextStyle ID="TXT_2" FONTSIZE="19" FONTFAMILY="Times New Roman"/>
		<TextStyle ID="TXT_3" FONTSIZE="81" FONTFAMILY="Arial"/>
		<ParagraphStyle ID="PAR_LEFT" ALIGN="Left"/>
		<ParagraphStyle ID="PAR_RIGHT" ALIGN="Right"/>
	</Styles>
	<Layout>
		<Page ID="P13" PHYSICAL_IMG_NR="13" HEIGHT="3048" WIDTH="2887" PRINTED_IMG_NR="189" PC="0.966">
			<TopMargin ID="P13_TM00001" HPOS="0" VPOS="0" WIDTH="2887" HEIGHT="412"/>
			<LeftMargin ID="P13_LM00001" HPOS="0" VPOS="412" WIDTH="5" HEIGHT="1976"/>
			<RightMargin ID="P13_RM00001" HPOS="2837" VPOS="412" WIDTH="50" HEIGHT="1976"/>
			<BottomMargin ID="P13_BM00001" HPOS="0" VPOS="2388" WIDTH="2887" HEIGHT="660">
				<TextBlock ID="P13_TB00001" HPOS="1297" VPOS="2389" WIDTH="67" HEIGHT="45" STYLEREFS="TXT_0 PAR_LEFT">
					<TextLine ID="P13_TL00001" HPOS="1297" VPOS="2389" WIDTH="67" HEIGHT="45">
						<String ID="P13_ST00001" HPOS="1297" VPOS="2389" WIDTH="67" HEIGHT="45" CONTENT="189" WC="1.00" CC="000"/>
					</TextLine>
				</TextBlock>
			</BottomMargin>
			<PrintSpace ID="P13_PS00001" HPOS="5" VPOS="412" WIDTH="2832" HEIGHT="1976">
				<TextBlock ID="P13_TB00002" HPOS="583" VPOS="579" WIDTH="1542" HEIGHT="144" STYLEREFS="TXT_1 PAR_LEFT">
					<TextLine ID="P13_TL00002" HPOS="583" VPOS="580" WIDTH="1541" HEIGHT="69">
						<String ID="P13_ST00002" HPOS="583" VPOS="580" WIDTH="139" HEIGHT="53" CONTENT="DIE" WC="1.00" CC="000"/>
						<SP ID="P13_SP00001" HPOS="722" VPOS="633" WIDTH="39"/>
						<String ID="P13_ST00003" HPOS="761" VPOS="580" WIDTH="71" HEIGHT="54" CONTENT="K." WC="0.71" CC="23"/>
						<SP ID="P13_SP00002" HPOS="832" VPOS="634" WIDTH="27"/>
						<String ID="P13_ST00004" HPOS="859" VPOS="582" WIDTH="173" HEIGHT="54" CONTENT="UND" WC="0.98" CC="023"/>
						<SP ID="P13_SP00003" HPOS="1032" VPOS="636" WIDTH="35"/>
						<String ID="P13_ST00005" HPOS="1067" VPOS="583" WIDTH="71" HEIGHT="55" CONTENT="K." WC="0.65" CC="33"/>
						<SP ID="P13_SP00004" HPOS="1138" VPOS="638" WIDTH="26"/>
						<String ID="P13_ST00006" HPOS="1164" VPOS="585" WIDTH="960" HEIGHT="64" CONTENT="HOFGARTENDIRECTION" WC="0.91" CC="230000002200000021"/>
					</TextLine>
					<TextLine ID="P13_TL00003" HPOS="674" VPOS="656" WIDTH="1352" HEIGHT="67">
						<String ID="P13_ST00007" HPOS="674" VPOS="656" WIDTH="163" HEIGHT="54" CONTENT="AUF" WC="1.00" CC="000"/>
						<SP ID="P13_SP00005" HPOS="837" VPOS="710" WIDTH="34"/>
						<String ID="P13_ST00008" HPOS="871" VPOS="658" WIDTH="162" HEIGHT="54" CONTENT="DER" WC="1.00" CC="100"/>
						<SP ID="P13_SP00006" HPOS="1033" VPOS="712" WIDTH="34"/>
						<String ID="P13_ST00009" HPOS="1067" VPOS="661" WIDTH="327" HEIGHT="55" CONTENT="PARISER" WC="1.00" CC="0100000"/>
						<SP ID="P13_SP00007" HPOS="1394" VPOS="716" WIDTH="34"/>
						<String ID="P13_ST00010" HPOS="1428" VPOS="666" WIDTH="598" HEIGHT="57" CONTENT="AUSSTELLUNG." WC="1.00" CC="000000000302"/>
					</TextLine>
				</TextBlock>
				<TextBlock ID="P13_TB00003" HPOS="505" VPOS="814" WIDTH="1671" HEIGHT="1466" STYLEREFS="TXT_2 PAR_RIGHT">
					<Shape>
						<Polygon POINTS="2176,2280 505,2280 505,1049 773,1049 773,814 2176,814"/>
					</Shape>
					<TextLine ID="P13_TL00004" HPOS="776" VPOS="815" WIDTH="1400" HEIGHT="63">
						<String ID="P13_ST00011" HPOS="776" VPOS="815" WIDTH="93" HEIGHT="44" CONTENT="UF" WC="1.00" CC="00"/>
						<SP ID="P13_SP00008" HPOS="869" VPOS="859" WIDTH="17"/>
						<String ID="P13_ST00012" HPOS="886" VPOS="817" WIDTH="141" HEIGHT="55" CONTENT="jeder" WC="0.99" CC="00406"/>
						<SP ID="P13_SP00009" HPOS="1027" VPOS="872" WIDTH="19"/>
						<String ID="P13_ST00013" HPOS="1046" VPOS="819" WIDTH="341" HEIGHT="59" CONTENT="Ausstellung," WC="1.00" CC="000000051570"/>
						<SP ID="P13_SP00010" HPOS="1387" VPOS="878" WIDTH="23"/>
						<String ID="P13_ST00014" HPOS="1410" VPOS="823" WIDTH="275" HEIGHT="47" CONTENT="besonders" WC="1.00" CC="000010060"/>
						<SP ID="P13_SP00011" HPOS="1685" VPOS="878" WIDTH="26"/>
						<String ID="P13_ST00015" HPOS="1711" VPOS="827" WIDTH="121" HEIGHT="44" CONTENT="aber" WC="0.98" CC="4003"/>
						<SP ID="P13_SP00012" HPOS="1832" VPOS="878" WIDTH="22"/>
						<String ID="P13_ST00016" HPOS="1854" VPOS="829" WIDTH="92" HEIGHT="43" CONTENT="auf" WC="0.94" CC="664"/>
						<SP ID="P13_SP00013" HPOS="1946" VPOS="878" WIDTH="18"/>
						<String ID="P13_ST00017" HPOS="1964" VPOS="831" WIDTH="138" HEIGHT="44" CONTENT="einer" WC="0.99" CC="00403"/>
						<SP ID="P13_SP00014" HPOS="2102" VPOS="878" WIDTH="20"/>
						<String ID="P13_ST00018" HPOS="2122" VPOS="832" WIDTH="54" HEIGHT="43" CONTENT="in" WC="1.00" CC="00"/>
					</TextLine>
					<TextLine ID="P13_TL00005" HPOS="774" VPOS="878" WIDTH="1402" HEIGHT="63">
						<String ID="P13_ST00019" HPOS="774" VPOS="887" WIDTH="56" HEIGHT="30" CONTENT="so" WC="1.00" CC="00"/>
						<SP ID="P13_SP00015" HPOS="830" VPOS="917" WIDTH="30"/>
						<String ID="P13_ST00020" HPOS="860" VPOS="878" WIDTH="328" HEIGHT="54" CONTENT="ungeheuren" WC="0.99" CC="5090603000"/>
						<SP ID="P13_SP00016" HPOS="1188" VPOS="932" WIDTH="29"/>
						<String ID="P13_ST00021" HPOS="1217" VPOS="881" WIDTH="369" HEIGHT="47" CONTENT="Dimensionen" WC="1.00" CC="00000001000"/>
						<SP ID="P13_SP00017" HPOS="1586" VPOS="932" WIDTH="32"/>
						<String ID="P13_ST00022" HPOS="1618" VPOS="886" WIDTH="318" HEIGHT="55" CONTENT="gehaltenen," WC="1.00" CC="00600000004"/>
						<SP ID="P13_SP00018" HPOS="1936" VPOS="941" WIDTH="30"/>
						<String ID="P13_ST00023" HPOS="1966" VPOS="890" WIDTH="107" HEIGHT="44" CONTENT="wie" WC="0.99" CC="010"/>
						<SP ID="P13_SP00019" HPOS="2073" VPOS="941" WIDTH="30"/>
						<String ID="P13_ST00024" HPOS="2103" VPOS="892" WIDTH="73" HEIGHT="44" CONTENT="sie" WC="1.00" CC="000"/>
					</TextLine>
					<TextLine ID="P13_TL00006" HPOS="773" VPOS="933" WIDTH="1402" HEIGHT="64">
						<String ID="P13_ST00025" HPOS="773" VPOS="933" WIDTH="79" HEIGHT="44" CONTENT="die" WC="1.00" CC="000"/>
						<SP ID="P13_SP00020" HPOS="852" VPOS="977" WIDTH="26"/>
						<String ID="P13_ST00026" HPOS="878" VPOS="936" WIDTH="190" HEIGHT="44" CONTENT="soeben" WC="1.00" CC="040000"/>
						<SP ID="P13_SP00021" HPOS="1068" VPOS="980" WIDTH="26"/>
						<String ID="P13_ST00027" HPOS="1094" VPOS="939" WIDTH="53" HEIGHT="42" CONTENT="in" WC="1.00" CC="00"/>
						<SP ID="P13_SP00022" HPOS="1147" VPOS="981" WIDTH="21"/>
						<String ID="P13_ST00028" HPOS="1168" VPOS="938" WIDTH="145" HEIGHT="45" CONTENT="Paris" WC="1.00" CC="00000"/>
						<SP ID="P13_SP00023" HPOS="1313" VPOS="983" WIDTH="26"/>
						<String ID="P13_ST00029" HPOS="1339" VPOS="942" WIDTH="243" HEIGHT="45" CONTENT="eröfifnete" WC="0.74" CC="0624460020"/>
						<SP ID="P13_SP00024" HPOS="1582" VPOS="987" WIDTH="27"/>
						<String ID="P13_ST00030" HPOS="1609" VPOS="944" WIDTH="253" HEIGHT="53" CONTENT="aufweist," WC="1.00" CC="050000003"/>
						<SP ID="P13_SP00025" HPOS="1862" VPOS="997" WIDTH="21"/>
						<String ID="P13_ST00031" HPOS="1883" VPOS="946" WIDTH="185" HEIGHT="45" CONTENT="führen" WC="0.99" CC="006203"/>
						<SP ID="P13_SP00026" HPOS="2068" VPOS="997" WIDTH="27"/>
						<String ID="P13_ST00032" HPOS="2095" VPOS="949" WIDTH="80" HEIGHT="44" CONTENT="die" WC="1.00" CC="000"/>
					</TextLine>
					<TextLine ID="P13_TL00007" HPOS="771" VPOS="996" WIDTH="1403" HEIGHT="63">
						<String ID="P13_ST00033" HPOS="771" VPOS="996" WIDTH="356" HEIGHT="53" CONTENT="ausgestellten" WC="1.00" CC="0000000020000"/>
						<SP ID="P13_SP00027" HPOS="1127" VPOS="1049" WIDTH="24"/>
						<String ID="P13_ST00034" HPOS="1151" VPOS="997" WIDTH="205" HEIGHT="56" CONTENT="Objecte" WC="1.00" CC="0000000"/>
						<SP ID="P13_SP00028" HPOS="1356" VPOS="1053" WIDTH="22"/>
						<String ID="P13_ST00035" HPOS="1378" VPOS="1002" WIDTH="113" HEIGHT="43" CONTENT="eine" WC="1.00" CC="0000"/>
						<SP ID="P13_SP00029" HPOS="1491" VPOS="1053" WIDTH="16"/>
						<String ID="P13_ST00036" HPOS="1507" VPOS="1002" WIDTH="93" HEIGHT="44" CONTENT="Art" WC="0.98" CC="050"/>
						<SP ID="P13_SP00030" HPOS="1600" VPOS="1053" WIDTH="20"/>
						<String ID="P13_ST00037" HPOS="1620" VPOS="1002" WIDTH="196" HEIGHT="57" CONTENT="Kampf" WC="0.99" CC="00060"/>
						<SP ID="P13_SP00031" HPOS="1816" VPOS="1059" WIDTH="13"/>
						<String ID="P13_ST00038" HPOS="1829" VPOS="1018" WIDTH="115" HEIGHT="31" CONTENT="ums" WC="0.98" CC="500"/>
						<SP ID="P13_SP00032" HPOS="1944" VPOS="1059" WIDTH="17"/>
						<String ID="P13_ST00039" HPOS="1961" VPOS="1006" WIDTH="213" HEIGHT="53" CONTENT="Dasein;" WC="1.00" CC="0000005"/>
					</TextLine>
					<TextLine ID="P13_TL00008" HPOS="514" VPOS="1046" WIDTH="1660" HEIGHT="68">
						<String ID="P13_ST00040" HPOS="514" VPOS="1046" WIDTH="142" HEIGHT="56" CONTENT="jedes" WC="1.00" CC="00000"/>
						<SP ID="P13_SP00033" HPOS="656" VPOS="1102" WIDTH="21"/>
						<String ID="P13_ST00041" HPOS="677" VPOS="1061" WIDTH="142" HEIGHT="32" CONTENT="muss" WC="0.98" CC="0602"/>
						<SP ID="P13_SP00034" HPOS="819" VPOS="1102" WIDTH="21"/>
						<String ID="P13_ST00042" HPOS="840" VPOS="1064" WIDTH="106" HEIGHT="32" CONTENT="von" WC="0.98" CC="041"/>
						<SP ID="P13_SP00035" HPOS="946" VPOS="1102" WIDTH="23"/>
						<String ID="P13_ST00043" HPOS="969" VPOS="1054" WIDTH="88" HEIGHT="44" CONTENT="der" WC="1.00" CC="000"/>
						<SP ID="P13_SP00036" HPOS="1057" VPOS="1102" WIDTH="20"/>
						<String ID="P13_ST00044" HPOS="1077" VPOS="1069" WIDTH="56" HEIGHT="29" CONTENT="so" WC="0.81" CC="03"/>
						<SP ID="P13_SP00037" HPOS="1133" VPOS="1102" WIDTH="23"/>
						<String ID="P13_ST00045" HPOS="1156" VPOS="1057" WIDTH="139" HEIGHT="44" CONTENT="stark" WC="0.99" CC="00040"/>
						<SP ID="P13_SP00038" HPOS="1295" VPOS="1102" WIDTH="16"/>
						<String ID="P13_ST00046" HPOS="1311" VPOS="1059" WIDTH="270" HEIGHT="55" CONTENT="getheilten" WC="0.99" CC="0000100000"/>
						<SP ID="P13_SP00039" HPOS="1581" VPOS="1114" WIDTH="17"/>
						<String ID="P13_ST00047" HPOS="1598" VPOS="1062" WIDTH="467" HEIGHT="47" CONTENT="Aufmerksamkeit" WC="1.00" CC="06000400000000"/>
						<SP ID="P13_SP00040" HPOS="2065" VPOS="1114" WIDTH="22"/>
						<String ID="P13_ST00048" HPOS="2087" VPOS="1066" WIDTH="87" HEIGHT="44" CONTENT="der" WC="0.98" CC="005"/>
					</TextLine>
					<TextLine ID="P13_TL00009" HPOS="517" VPOS="1105" WIDTH="1655" HEIGHT="75">
						<String ID="P13_ST00049" HPOS="517" VPOS="1105" WIDTH="261" HEIGHT="46" CONTENT="Besucher" WC="0.99" CC="53000600"/>
						<SP ID="P13_SP00041" HPOS="778" VPOS="1151" WIDTH="37"/>
						<String ID="P13_ST00050" HPOS="815" VPOS="1111" WIDTH="150" HEIGHT="44" CONTENT="einen" WC="0.98" CC="30406"/>
						<SP ID="P13_SP00042" HPOS="965" VPOS="1155" WIDTH="36"/>
						<String ID="P13_ST00051" HPOS="1001" VPOS="1114" WIDTH="270" HEIGHT="56" CONTENT="möglichst" WC="1.00" CC="000000002"/>
						<SP ID="P13_SP00043" HPOS="1271" VPOS="1170" WIDTH="35"/>
						<String ID="P13_ST00052" HPOS="1306" VPOS="1131" WIDTH="209" HEIGHT="42" CONTENT="grossen" WC="1.00" CC="0320000"/>
						<SP ID="P13_SP00044" HPOS="1515" VPOS="1173" WIDTH="29"/>
						<String ID="P13_ST00053" HPOS="1544" VPOS="1120" WIDTH="148" HEIGHT="45" CONTENT="Theil" WC="0.90" CC="50000"/>
						<SP ID="P13_SP00045" HPOS="1692" VPOS="1173" WIDTH="35"/>
						<String ID="P13_ST00054" HPOS="1727" VPOS="1122" WIDTH="82" HEIGHT="43" CONTENT="für" WC="0.97" CC="106"/>
						<SP ID="P13_SP00046" HPOS="1809" VPOS="1173" WIDTH="37"/>
						<String ID="P13_ST00055" HPOS="1846" VPOS="1123" WIDTH="108" HEIGHT="44" CONTENT="sich" WC="0.99" CC="0006"/>
						<SP ID="P13_SP00047" HPOS="1954" VPOS="1173" WIDTH="35"/>
						<String ID="P13_ST00056" HPOS="1989" VPOS="1137" WIDTH="65" HEIGHT="31" CONTENT="zu" WC="0.79" CC="12"/>
						<SP ID="P13_SP00048" HPOS="2054" VPOS="1173" WIDTH="30"/>
						<String ID="P13_ST00057" HPOS="2084" VPOS="1137" WIDTH="88" HEIGHT="43" CONTENT="ge=" WC="0.84" CC="031"/>
					</TextLine>
					<TextLine ID="P13_TL00010" HPOS="516" VPOS="1164" WIDTH="1656" HEIGHT="76">
						<String ID="P13_ST00058" HPOS="516" VPOS="1164" WIDTH="219" HEIGHT="44" CONTENT="winnen" WC="0.77" CC="005601"/>
						<SP ID="P13_SP00049" HPOS="735" VPOS="1208" WIDTH="22"/>
						<String ID="P13_ST00059" HPOS="757" VPOS="1169" WIDTH="246" HEIGHT="54" CONTENT="trachten," WC="1.00" CC="050000103"/>
						<SP ID="P13_SP00050" HPOS="1003" VPOS="1223" WIDTH="16"/>
						<String ID="P13_ST00060" HPOS="1019" VPOS="1184" WIDTH="163" HEIGHT="33" CONTENT="wenn" WC="1.00" CC="0000"/>
						<SP ID="P13_SP00051" HPOS="1182" VPOS="1223" WIDTH="22"/>
						<String ID="P13_ST00061" HPOS="1204" VPOS="1175" WIDTH="90" HEIGHT="43" CONTENT="das" WC="0.99" CC="300"/>
						<SP ID="P13_SP00052" HPOS="1294" VPOS="1223" WIDTH="15"/>
						<String ID="P13_ST00062" HPOS="1309" VPOS="1176" WIDTH="315" HEIGHT="47" CONTENT="Erscheinen" WC="1.00" CC="6300000000"/>
						<SP ID="P13_SP00053" HPOS="1624" VPOS="1223" WIDTH="19"/>
						<String ID="P13_ST00063" HPOS="1643" VPOS="1179" WIDTH="91" HEIGHT="44" CONTENT="auf" WC="0.99" CC="020"/>
						<SP ID="P13_SP00054" HPOS="1734" VPOS="1223" WIDTH="10"/>
						<String ID="P13_ST00064" HPOS="1744" VPOS="1181" WIDTH="88" HEIGHT="43" CONTENT="der" WC="1.00" CC="000"/>
						<SP ID="P13_SP00055" HPOS="1832" VPOS="1224" WIDTH="15"/>
						<String ID="P13_ST00065" HPOS="1847" VPOS="1182" WIDTH="325" HEIGHT="58" CONTENT="Ausstellung" WC="1.00" CC="00000000000"/>
					</TextLine>
					<TextLine ID="P13_TL00011" HPOS="516" VPOS="1223" WIDTH="1656" HEIGHT="62">
						<String ID="P13_ST00066" HPOS="516" VPOS="1223" WIDTH="287" HEIGHT="56" CONTENT="überhaupt" WC="0.99" CC="010200560"/>
						<SP ID="P13_SP00056" HPOS="803" VPOS="1279" WIDTH="35"/>
						<String ID="P13_ST00067" HPOS="838" VPOS="1227" WIDTH="127" HEIGHT="46" CONTENT="Sinn" WC="0.98" CC="2035"/>
						<SP ID="P13_SP00057" HPOS="965" VPOS="1279" WIDTH="36"/>
						<String ID="P13_ST00068" HPOS="1001" VPOS="1229" WIDTH="170" HEIGHT="47" CONTENT="haben" WC="1.00" CC="00000"/>
						<SP ID="P13_SP00058" HPOS="1171" VPOS="1279" WIDTH="36"/>
						<String ID="P13_ST00069" HPOS="1207" VPOS="1234" WIDTH="106" HEIGHT="44" CONTENT="soll." WC="1.00" CC="00000"/>
						<SP ID="P13_SP00059" HPOS="1313" VPOS="1279" WIDTH="32"/>
						<String ID="P13_ST00070" HPOS="1345" VPOS="1235" WIDTH="133" HEIGHT="44" CONTENT="Was" WC="0.98" CC="500"/>
						<SP ID="P13_SP00060" HPOS="1478" VPOS="1279" WIDTH="29"/>
						<String ID="P13_ST00071" HPOS="1507" VPOS="1239" WIDTH="214" HEIGHT="43" CONTENT="werden" WC="0.99" CC="005300"/>
						<SP ID="P13_SP00061" HPOS="1721" VPOS="1282" WIDTH="36"/>
						<String ID="P13_ST00072" HPOS="1757" VPOS="1240" WIDTH="140" HEIGHT="44" CONTENT="nicht" WC="0.99" CC="00070"/>
						<SP ID="P13_SP00062" HPOS="1897" VPOS="1284" WIDTH="36"/>
						<String ID="P13_ST00073" HPOS="1933" VPOS="1240" WIDTH="121" HEIGHT="45" CONTENT="alles" WC="1.00" CC="02000"/>
						<SP ID="P13_SP00063" HPOS="2054" VPOS="1285" WIDTH="35"/>
						<String ID="P13_ST00074" HPOS="2089" VPOS="1241" WIDTH="83" HEIGHT="43" CONTENT="für" WC="1.00" CC="000"/>
					</TextLine>
					<TextLine ID="P13_TL00012" HPOS="515" VPOS="1281" WIDTH="1656" HEIGHT="69">
						<String ID="P13_ST00075" HPOS="515" VPOS="1281" WIDTH="167" HEIGHT="44" CONTENT="Mittel" WC="1.00" CC="000000"/>
						<SP ID="P13_SP00064" HPOS="682" VPOS="1325" WIDTH="43"/>
						<String ID="P13_ST00076" HPOS="725" VPOS="1284" WIDTH="151" HEIGHT="44" CONTENT="hiezu" WC="0.99" CC="00004"/>
						<SP ID="P13_SP00065" HPOS="876" VPOS="1328" WIDTH="42"/>
						<String ID="P13_ST00077" HPOS="918" VPOS="1292" WIDTH="365" HEIGHT="52" CONTENT="angewendet:" WC="1.00" CC="05000044000"/>
						<SP ID="P13_SP00066" HPOS="1283" VPOS="1344" WIDTH="43"/>
						<String ID="P13_ST00078" HPOS="1326" VPOS="1295" WIDTH="294" HEIGHT="55" CONTENT="ungeheure" WC="1.00" CC="200000600"/>
						<SP ID="P13_SP00067" HPOS="1620" VPOS="1350" WIDTH="41"/>
						<String ID="P13_ST00079" HPOS="1661" VPOS="1296" WIDTH="198" HEIGHT="54" CONTENT="Grösse," WC="0.99" CC="5600001"/>
						<SP ID="P13_SP00068" HPOS="1859" VPOS="1350" WIDTH="39"/>
						<String ID="P13_ST00080" HPOS="1898" VPOS="1300" WIDTH="273" HEIGHT="45" CONTENT="unerhörte" WC="1.00" CC="060100000"/>
					</TextLine>
					<TextLine ID="P13_TL00013" HPOS="515" VPOS="1339" WIDTH="1655" HEIGHT="66">
						<String ID="P13_ST00081" HPOS="515" VPOS="1339" WIDTH="241" HEIGHT="53" CONTENT="Formen," WC="0.99" CC="3340004"/>
						<SP ID="P13_SP00069" HPOS="756" VPOS="1392" WIDTH="29"/>
						<String ID="P13_ST00082" HPOS="785" VPOS="1345" WIDTH="135" HEIGHT="43" CONTENT="noch" WC="1.00" CC="0000"/>
						<SP ID="P13_SP00070" HPOS="920" VPOS="1392" WIDTH="35"/>
						<String ID="P13_ST00083" HPOS="955" VPOS="1348" WIDTH="85" HEIGHT="43" CONTENT="nie" WC="1.00" CC="000"/>
						<SP ID="P13_SP00071" HPOS="1040" VPOS="1392" WIDTH="30"/>
						<String ID="P13_ST00084" HPOS="1070" VPOS="1350" WIDTH="342" HEIGHT="55" CONTENT="dagewesene" WC="1.00" CC="0000000000"/>
						<SP ID="P13_SP00072" HPOS="1412" VPOS="1405" WIDTH="30"/>
						<String ID="P13_ST00085" HPOS="1442" VPOS="1353" WIDTH="202" HEIGHT="44" CONTENT="Farben" WC="1.00" CC="005000"/>
						<SP ID="P13_SP00073" HPOS="1644" VPOS="1405" WIDTH="29"/>
						<String ID="P13_ST00086" HPOS="1673" VPOS="1368" WIDTH="47" HEIGHT="31" CONTENT="u." WC="0.50" CC="63"/>
						<SP ID="P13_SP00074" HPOS="1720" VPOS="1405" WIDTH="27"/>
						<String ID="P13_ST00087" HPOS="1747" VPOS="1369" WIDTH="36" HEIGHT="31" CONTENT="s." WC="0.86" CC="02"/>
						<SP ID="P13_SP00075" HPOS="1783" VPOS="1405" WIDTH="25"/>
						<String ID="P13_ST00088" HPOS="1808" VPOS="1356" WIDTH="31" HEIGHT="44" CONTENT="f." WC="0.86" CC="02"/>
						<SP ID="P13_SP00076" HPOS="1839" VPOS="1405" WIDTH="37"/>
						<String ID="P13_ST00089" HPOS="1876" VPOS="1357" WIDTH="99" HEIGHT="43" CONTENT="Ein" WC="1.00" CC="000"/>
						<SP ID="P13_SP00077" HPOS="1975" VPOS="1405" WIDTH="29"/>
						<String ID="P13_ST00090" HPOS="2004" VPOS="1358" WIDTH="166" HEIGHT="44" CONTENT="Mittel" WC="1.00" CC="000001"/>
					</TextLine>
					<TextLine ID="P13_TL00014" HPOS="513" VPOS="1398" WIDTH="1656" HEIGHT="67">
						<String ID="P13_ST00091" HPOS="513" VPOS="1398" WIDTH="195" HEIGHT="44" CONTENT="freilich" WC="1.00" CC="03000006"/>
						<SP ID="P13_SP00078" HPOS="708" VPOS="1442" WIDTH="28"/>
						<String ID="P13_ST00092" HPOS="736" VPOS="1401" WIDTH="106" HEIGHT="54" CONTENT="gibt" WC="1.00" CC="0000"/>
						<SP ID="P13_SP00079" HPOS="842" VPOS="1455" WIDTH="27"/>
						<String ID="P13_ST00093" HPOS="869" VPOS="1416" WIDTH="66" HEIGHT="39" CONTENT="es," WC="0.99" CC="002"/>
						<SP ID="P13_SP00080" HPOS="935" VPOS="1455" WIDTH="32"/>
						<String ID="P13_ST00094" HPOS="967" VPOS="1405" WIDTH="90" HEIGHT="45" CONTENT="das" WC="1.00" CC="000"/>
						<SP ID="P13_SP00081" HPOS="1057" VPOS="1455" WIDTH="25"/>
						<String ID="P13_ST00095" HPOS="1082" VPOS="1409" WIDTH="84" HEIGHT="43" CONTENT="nie" WC="1.00" CC="000"/>
						<SP ID="P13_SP00082" HPOS="1166" VPOS="1455" WIDTH="25"/>
						<String ID="P13_ST00096" HPOS="1191" VPOS="1414" WIDTH="225" HEIGHT="51" CONTENT="versagt:" WC="1.00" CC="00500000"/>
						<SP ID="P13_SP00083" HPOS="1416" VPOS="1465" WIDTH="27"/>
						<String ID="P13_ST00097" HPOS="1443" VPOS="1411" WIDTH="367" HEIGHT="47" CONTENT="künstlerische" WC="1.00" CC="0000000100010"/>
						<SP ID="P13_SP00084" HPOS="1810" VPOS="1465" WIDTH="28"/>
						<String ID="P13_ST00098" HPOS="1838" VPOS="1415" WIDTH="235" HEIGHT="49" CONTENT="Qualität." WC="1.00" CC="100200400"/>
						<SP ID="P13_SP00085" HPOS="2073" VPOS="1465" WIDTH="27"/>
						<String ID="P13_ST00099" HPOS="2100" VPOS="1416" WIDTH="69" HEIGHT="45" CONTENT="Es" WC="0.97" CC="00"/>
					</TextLine>
					<TextLine ID="P13_TL00015" HPOS="513" VPOS="1456" WIDTH="1656" HEIGHT="69">
						<String ID="P13_ST00100" HPOS="513" VPOS="1456" WIDTH="63" HEIGHT="43" CONTENT="ist" WC="1.00" CC="000"/>
						<SP ID="P13_SP00086" HPOS="576" VPOS="1499" WIDTH="22"/>
						<String ID="P13_ST00101" HPOS="598" VPOS="1470" WIDTH="97" HEIGHT="29" CONTENT="nur" WC="0.99" CC="200"/>
						<SP ID="P13_SP00087" HPOS="695" VPOS="1499" WIDTH="23"/>
						<String ID="P13_ST00102" HPOS="718" VPOS="1460" WIDTH="83" HEIGHT="43" CONTENT="ein" WC="0.99" CC="002"/>
						<SP ID="P13_SP00088" HPOS="801" VPOS="1503" WIDTH="22"/>
						<String ID="P13_ST00103" HPOS="823" VPOS="1461" WIDTH="209" HEIGHT="47" CONTENT="bischen" WC="1.00" CC="0000030"/>
						<SP ID="P13_SP00089" HPOS="1032" VPOS="1508" WIDTH="25"/>
						<String ID="P13_ST00104" HPOS="1057" VPOS="1466" WIDTH="207" HEIGHT="44" CONTENT="schwer" WC="0.99" CC="000045"/>
						<SP ID="P13_SP00090" HPOS="1264" VPOS="1510" WIDTH="24"/>
						<String ID="P13_ST00105" HPOS="1288" VPOS="1481" WIDTH="66" HEIGHT="29" CONTENT="zu" WC="0.48" CC="36"/>
						<SP ID="P13_SP00091" HPOS="1354" VPOS="1510" WIDTH="28"/>
						<String ID="P13_ST00106" HPOS="1382" VPOS="1468" WIDTH="241" HEIGHT="57" CONTENT="erlangen" WC="0.99" CC="20303003"/>
						<SP ID="P13_SP00092" HPOS="1623" VPOS="1525" WIDTH="25"/>
						<String ID="P13_ST00107" HPOS="1648" VPOS="1472" WIDTH="105" HEIGHT="43" CONTENT="und" WC="0.97" CC="502"/>
						<SP ID="P13_SP00093" HPOS="1753" VPOS="1525" WIDTH="27"/>
						<String ID="P13_ST00108" HPOS="1780" VPOS="1473" WIDTH="206" HEIGHT="44" CONTENT="deshalb" WC="1.00" CC="0000003"/>
						<SP ID="P13_SP00094" HPOS="1986" VPOS="1525" WIDTH="23"/>
						<String ID="P13_ST00109" HPOS="2009" VPOS="1475" WIDTH="160" HEIGHT="44" CONTENT="selten" WC="0.99" CC="032000"/>
					</TextLine>
					<TextLine ID="P13_TL00016" HPOS="514" VPOS="1519" WIDTH="1653" HEIGHT="58">
						<String ID="P13_ST00110" HPOS="514" VPOS="1519" WIDTH="361" HEIGHT="51" CONTENT="angewendet." WC="1.00" CC="00000000000"/>
						<SP ID="P13_SP00095" HPOS="875" VPOS="1570" WIDTH="19"/>
						<String ID="P13_ST00111" HPOS="894" VPOS="1521" WIDTH="136" HEIGHT="45" CONTENT="Aber" WC="0.99" CC="0005"/>
						<SP ID="P13_SP00096" HPOS="1030" VPOS="1570" WIDTH="17"/>
						<String ID="P13_ST00112" HPOS="1047" VPOS="1536" WIDTH="54" HEIGHT="31" CONTENT="es" WC="1.00" CC="00"/>
						<SP ID="P13_SP00097" HPOS="1101" VPOS="1570" WIDTH="13"/>
						<String ID="P13_ST00113" HPOS="1114" VPOS="1525" WIDTH="64" HEIGHT="43" CONTENT="ist" WC="0.98" CC="400"/>
						<SP ID="P13_SP00098" HPOS="1178" VPOS="1570" WIDTH="12"/>
						<String ID="P13_ST00114" HPOS="1190" VPOS="1526" WIDTH="107" HEIGHT="43" CONTENT="wie" WC="1.00" CC="000"/>
						<SP ID="P13_SP00099" HPOS="1297" VPOS="1570" WIDTH="19"/>
						<String ID="P13_ST00115" HPOS="1316" VPOS="1526" WIDTH="89" HEIGHT="43" CONTENT="das" WC="1.00" CC="000"/>
						<SP ID="P13_SP00100" HPOS="1405" VPOS="1570" WIDTH="15"/>
						<String ID="P13_ST00116" HPOS="1420" VPOS="1527" WIDTH="239" HEIGHT="45" CONTENT="sicherste" WC="1.00" CC="000606000"/>
						<SP ID="P13_SP00101" HPOS="1659" VPOS="1572" WIDTH="16"/>
						<String ID="P13_ST00117" HPOS="1675" VPOS="1543" WIDTH="56" HEIGHT="29" CONTENT="so" WC="1.00" CC="00"/>
						<SP ID="P13_SP00102" HPOS="1731" VPOS="1572" WIDTH="24"/>
						<String ID="P13_ST00118" HPOS="1755" VPOS="1531" WIDTH="131" HEIGHT="43" CONTENT="auch" WC="0.99" CC="0600"/>
						<SP ID="P13_SP00103" HPOS="1886" VPOS="1574" WIDTH="21"/>
						<String ID="P13_ST00119" HPOS="1907" VPOS="1532" WIDTH="90" HEIGHT="44" CONTENT="das" WC="1.00" CC="000"/>
						<SP ID="P13_SP00104" HPOS="1997" VPOS="1576" WIDTH="15"/>
						<String ID="P13_ST00120" HPOS="2012" VPOS="1534" WIDTH="155" HEIGHT="43" CONTENT="weit=" WC="1.00" CC="00000"/>
					</TextLine>
					<TextLine ID="P13_TL00017" HPOS="513" VPOS="1577" WIDTH="1654" HEIGHT="70">
						<String ID="P13_ST00121" HPOS="513" VPOS="1586" WIDTH="92" HEIGHT="30" CONTENT="aus" WC="0.98" CC="500"/>
						<SP ID="P13_SP00105" HPOS="605" VPOS="1616" WIDTH="35"/>
						<String ID="P13_ST00122" HPOS="640" VPOS="1577" WIDTH="334" HEIGHT="48" CONTENT="vornehmste" WC="1.00" CC="0275000000"/>
						<SP ID="P13_SP00106" HPOS="974" VPOS="1625" WIDTH="35"/>
						<String ID="P13_ST00123" HPOS="1009" VPOS="1582" WIDTH="106" HEIGHT="43" CONTENT="und" WC="0.98" CC="600"/>
						<SP ID="P13_SP00107" HPOS="1115" VPOS="1625" WIDTH="35"/>
						<String ID="P13_ST00124" HPOS="1150" VPOS="1583" WIDTH="157" HEIGHT="43" CONTENT="daher" WC="1.00" CC="00000"/>
						<SP ID="P13_SP00108" HPOS="1307" VPOS="1626" WIDTH="34"/>
						<String ID="P13_ST00125" HPOS="1341" VPOS="1585" WIDTH="137" HEIGHT="43" CONTENT="eines" WC="1.00" CC="00000"/>
						<SP ID="P13_SP00109" HPOS="1478" VPOS="1628" WIDTH="30"/>
						<String ID="P13_ST00126" HPOS="1508" VPOS="1585" WIDTH="49" HEIGHT="44" CONTENT="k." WC="0.84" CC="03"/>
						<SP ID="P13_SP00110" HPOS="1557" VPOS="1629" WIDTH="25"/>
						<String ID="P13_ST00127" HPOS="1582" VPOS="1588" WIDTH="106" HEIGHT="42" CONTENT="und" WC="0.98" CC="600"/>
						<SP ID="P13_SP00111" HPOS="1688" VPOS="1630" WIDTH="28"/>
						<String ID="P13_ST00128" HPOS="1716" VPOS="1588" WIDTH="46" HEIGHT="44" CONTENT="k." WC="1.00" CC="00"/>
						<SP ID="P13_SP00112" HPOS="1762" VPOS="1632" WIDTH="25"/>
						<String ID="P13_ST00129" HPOS="1787" VPOS="1589" WIDTH="380" HEIGHT="58" CONTENT="Ausstellungs=" WC="0.87" CC="4500001300000"/>
					</TextLine>
					<TextLine ID="P13_TL00018" HPOS="512" VPOS="1632" WIDTH="1655" HEIGHT="71">
						<String ID="P13_ST00130" HPOS="512" VPOS="1632" WIDTH="221" HEIGHT="55" CONTENT="objectes" WC="0.94" CC="40000000"/>
						<SP ID="P13_SP00113" HPOS="733" VPOS="1687" WIDTH="17"/>
						<String ID="P13_ST00131" HPOS="750" VPOS="1636" WIDTH="165" HEIGHT="57" CONTENT="einzig" WC="1.00" CC="000000"/>
						<SP ID="P13_SP00114" HPOS="915" VPOS="1693" WIDTH="9"/>
						<String ID="P13_ST00132" HPOS="924" VPOS="1641" WIDTH="249" HEIGHT="56" CONTENT="würdige." WC="1.00" CC="00700002"/>
						<SP ID="P13_SP00115" HPOS="1173" VPOS="1697" WIDTH="11"/>
						<String ID="P13_ST00133" HPOS="1184" VPOS="1641" WIDTH="226" HEIGHT="44" CONTENT="Deshalb" WC="1.00" CC="1006000"/>
						<SP ID="P13_SP00116" HPOS="1410" VPOS="1697" WIDTH="10"/>
						<String ID="P13_ST00134" HPOS="1420" VPOS="1656" WIDTH="117" HEIGHT="30" CONTENT="war" WC="0.97" CC="052"/>
						<SP ID="P13_SP00117" HPOS="1537" VPOS="1697" WIDTH="15"/>
						<String ID="P13_ST00135" HPOS="1552" VPOS="1656" WIDTH="52" HEIGHT="31" CONTENT="es" WC="1.00" CC="00"/>
						<SP ID="P13_SP00118" HPOS="1604" VPOS="1697" WIDTH="18"/>
						<String ID="P13_ST00136" HPOS="1622" VPOS="1646" WIDTH="113" HEIGHT="43" CONTENT="eine" WC="1.00" CC="0000"/>
						<SP ID="P13_SP00119" HPOS="1735" VPOS="1697" WIDTH="17"/>
						<String ID="P13_ST00137" HPOS="1752" VPOS="1647" WIDTH="116" HEIGHT="43" CONTENT="sehr" WC="0.99" CC="0014"/>
						<SP ID="P13_SP00120" HPOS="1868" VPOS="1697" WIDTH="16"/>
						<String ID="P13_ST00138" HPOS="1884" VPOS="1648" WIDTH="283" HEIGHT="55" CONTENT="glückliche" WC="1.00" CC="0000000000"/>
					</TextLine>
					<TextLine ID="P13_TL00019" HPOS="510" VPOS="1689" WIDTH="1657" HEIGHT="72">
						<String ID="P13_ST00139" HPOS="510" VPOS="1689" WIDTH="118" HEIGHT="45" CONTENT="Idee" WC="1.00" CC="0200"/>
						<SP ID="P13_SP00121" HPOS="628" VPOS="1734" WIDTH="23"/>
						<String ID="P13_ST00140" HPOS="651" VPOS="1692" WIDTH="87" HEIGHT="44" CONTENT="des" WC="1.00" CC="000"/>
						<SP ID="P13_SP00122" HPOS="738" VPOS="1736" WIDTH="21"/>
						<String ID="P13_ST00141" HPOS="759" VPOS="1693" WIDTH="655" HEIGHT="58" CONTENT="Obersthofmeisteramtes," WC="1.00" CC="0006000300000100000004"/>
						<SP ID="P13_SP00123" HPOS="1414" VPOS="1751" WIDTH="24"/>
						<String ID="P13_ST00142" HPOS="1438" VPOS="1701" WIDTH="89" HEIGHT="43" CONTENT="das" WC="1.00" CC="000"/>
						<SP ID="P13_SP00124" HPOS="1527" VPOS="1751" WIDTH="17"/>
						<String ID="P13_ST00143" HPOS="1544" VPOS="1703" WIDTH="518" HEIGHT="58" CONTENT="Ausstellungsobject" WC="1.00" CC="000000015000530000"/>
						<SP ID="P13_SP00125" HPOS="2062" VPOS="1761" WIDTH="17"/>
						<String ID="P13_ST00144" HPOS="2079" VPOS="1709" WIDTH="88" HEIGHT="44" CONTENT="der" WC="0.99" CC="002"/>
					</TextLine>
					<TextLine ID="P13_TL00020" HPOS="509" VPOS="1748" WIDTH="1656" HEIGHT="76">
						<String ID="P13_ST00145" HPOS="509" VPOS="1748" WIDTH="48" HEIGHT="44" CONTENT="k." WC="0.96" CC="00"/>
						<SP ID="P13_SP00126" HPOS="557" VPOS="1792" WIDTH="12"/>
						<String ID="P13_ST00146" HPOS="569" VPOS="1749" WIDTH="107" HEIGHT="43" CONTENT="und" WC="0.98" CC="600"/>
						<SP ID="P13_SP00127" HPOS="676" VPOS="1792" WIDTH="16"/>
						<String ID="P13_ST00147" HPOS="692" VPOS="1750" WIDTH="49" HEIGHT="44" CONTENT="k." WC="0.98" CC="00"/>
						<SP ID="P13_SP00128" HPOS="741" VPOS="1794" WIDTH="12"/>
						<String ID="P13_ST00148" HPOS="753" VPOS="1752" WIDTH="527" HEIGHT="58" CONTENT="Hofgartendirection" WC="0.90" CC="500000000025000400"/>
						<SP ID="P13_SP00129" HPOS="1280" VPOS="1810" WIDTH="16"/>
						<String ID="P13_ST00149" HPOS="1296" VPOS="1759" WIDTH="53" HEIGHT="42" CONTENT="in" WC="1.00" CC="00"/>
						<SP ID="P13_SP00130" HPOS="1349" VPOS="1810" WIDTH="14"/>
						<String ID="P13_ST00150" HPOS="1363" VPOS="1758" WIDTH="393" HEIGHT="48" CONTENT="künstlerischer" WC="1.00" CC="00001000000604"/>
						<SP ID="P13_SP00131" HPOS="1756" VPOS="1810" WIDTH="9"/>
						<String ID="P13_ST00151" HPOS="1765" VPOS="1763" WIDTH="400" HEIGHT="61" CONTENT="Durchführung" WC="1.00" CC="003060053500"/>
					</TextLine>
					<TextLine ID="P13_TL00021" HPOS="508" VPOS="1808" WIDTH="1655" HEIGHT="67">
						<String ID="P13_ST00152" HPOS="508" VPOS="1819" WIDTH="91" HEIGHT="31" CONTENT="zur" WC="0.97" CC="350"/>
						<SP ID="P13_SP00132" HPOS="599" VPOS="1850" WIDTH="29"/>
						<String ID="P13_ST00153" HPOS="628" VPOS="1808" WIDTH="352" HEIGHT="62" CONTENT="Anschauung" WC="1.00" CC="0400000040"/>
						<SP ID="P13_SP00133" HPOS="980" VPOS="1870" WIDTH="34"/>
						<String ID="P13_ST00154" HPOS="1014" VPOS="1829" WIDTH="66" HEIGHT="29" CONTENT="zu" WC="0.60" CC="52"/>
						<SP ID="P13_SP00134" HPOS="1080" VPOS="1870" WIDTH="33"/>
						<String ID="P13_ST00155" HPOS="1113" VPOS="1816" WIDTH="226" HEIGHT="55" CONTENT="bringen," WC="0.99" CC="06040034"/>
						<SP ID="P13_SP00135" HPOS="1339" VPOS="1871" WIDTH="31"/>
						<String ID="P13_ST00156" HPOS="1370" VPOS="1816" WIDTH="289" HEIGHT="55" CONTENT="besonders," WC="1.00" CC="0003000200"/>
						<SP ID="P13_SP00136" HPOS="1659" VPOS="1871" WIDTH="31"/>
						<String ID="P13_ST00157" HPOS="1690" VPOS="1820" WIDTH="64" HEIGHT="44" CONTENT="da" WC="1.00" CC="00"/>
						<SP ID="P13_SP00137" HPOS="1754" VPOS="1871" WIDTH="26"/>
						<String ID="P13_ST00158" HPOS="1780" VPOS="1822" WIDTH="53" HEIGHT="53" CONTENT="ja" WC="1.00" CC="00"/>
						<SP ID="P13_SP00138" HPOS="1833" VPOS="1875" WIDTH="33"/>
						<String ID="P13_ST00159" HPOS="1866" VPOS="1823" WIDTH="80" HEIGHT="44" CONTENT="die" WC="1.00" CC="000"/>
						<SP ID="P13_SP00139" HPOS="1946" VPOS="1875" WIDTH="29"/>
						<String ID="P13_ST00160" HPOS="1975" VPOS="1837" WIDTH="188" HEIGHT="32" CONTENT="vorzu=" WC="0.80" CC="002340"/>
					</TextLine>
					<TextLine ID="P13_TL00022" HPOS="507" VPOS="1865" WIDTH="1656" HEIGHT="65">
						<String ID="P13_ST00161" HPOS="507" VPOS="1865" WIDTH="291" HEIGHT="47" CONTENT="führenden" WC="1.00" CC="006300000"/>
						<SP ID="P13_SP00140" HPOS="798" VPOS="1912" WIDTH="43"/>
						<String ID="P13_ST00162" HPOS="841" VPOS="1871" WIDTH="205" HEIGHT="57" CONTENT="Objecte" WC="1.00" CC="0000000"/>
						<SP ID="P13_SP00141" HPOS="1046" VPOS="1928" WIDTH="38"/>
						<String ID="P13_ST00163" HPOS="1084" VPOS="1874" WIDTH="153" HEIGHT="44" CONTENT="selbst" WC="1.00" CC="002000"/>
						<SP ID="P13_SP00142" HPOS="1237" VPOS="1928" WIDTH="36"/>
						<String ID="P13_ST00164" HPOS="1273" VPOS="1876" WIDTH="380" HEIGHT="54" CONTENT="grösstentheils" WC="1.00" CC="00200000010010"/>
						<SP ID="P13_SP00143" HPOS="1653" VPOS="1930" WIDTH="35"/>
						<String ID="P13_ST00165" HPOS="1688" VPOS="1880" WIDTH="199" HEIGHT="44" CONTENT="wieder" WC="1.00" CC="000006"/>
						<SP ID="P13_SP00144" HPOS="1887" VPOS="1930" WIDTH="38"/>
						<String ID="P13_ST00166" HPOS="1925" VPOS="1882" WIDTH="238" HEIGHT="46" CONTENT="Meister=" WC="1.00" CC="00000000"/>
					</TextLine>
					<TextLine ID="P13_TL00023" HPOS="507" VPOS="1924" WIDTH="1656" HEIGHT="69">
						<String ID="P13_ST00167" HPOS="507" VPOS="1924" WIDTH="182" HEIGHT="45" CONTENT="werke" WC="1.00" CC="00000"/>
						<SP ID="P13_SP00145" HPOS="689" VPOS="1969" WIDTH="26"/>
						<String ID="P13_ST00168" HPOS="715" VPOS="1927" WIDTH="88" HEIGHT="44" CONTENT="der" WC="1.00" CC="000"/>
						<SP ID="P13_SP00146" HPOS="803" VPOS="1971" WIDTH="23"/>
						<String ID="P13_ST00169" HPOS="826" VPOS="1930" WIDTH="345" HEIGHT="45" CONTENT="Gartenkunst" WC="1.00" CC="30000004000"/>
						<SP ID="P13_SP00147" HPOS="1171" VPOS="1975" WIDTH="20"/>
						<String ID="P13_ST00170" HPOS="1191" VPOS="1933" WIDTH="125" HEIGHT="43" CONTENT="sind." WC="1.00" CC="00000"/>
						<SP ID="P13_SP00148" HPOS="1316" VPOS="1976" WIDTH="702"/>
						<String ID="P13_ST00171" HPOS="2018" VPOS="1950" WIDTH="145" HEIGHT="43" CONTENT="©O©" WC="0.45" CC="474"/>
					</TextLine>
					<TextLine ID="P13_TL00024" HPOS="505" VPOS="1983" WIDTH="1658" HEIGHT="67">
						<String ID="P13_ST00172" HPOS="505" VPOS="1991" WIDTH="42" HEIGHT="41" CONTENT="©" WC="0.55" CC="4"/>
						<SP ID="P13_SP00149" HPOS="547" VPOS="2032" WIDTH="60"/>
						<String ID="P13_ST00173" HPOS="607" VPOS="1983" WIDTH="196" HEIGHT="57" CONTENT="Infolge" WC="1.00" CC="0000100"/>
						<SP ID="P13_SP00150" HPOS="803" VPOS="2040" WIDTH="40"/>
						<String ID="P13_ST00174" HPOS="843" VPOS="1991" WIDTH="342" HEIGHT="55" CONTENT="weitläufiger" WC="1.00" CC="000003526005"/>
						<SP ID="P13_SP00151" HPOS="1185" VPOS="2046" WIDTH="41"/>
						<String ID="P13_ST00175" HPOS="1226" VPOS="1991" WIDTH="431" HEIGHT="59" CONTENT="Verhandlungen" WC="1.00" CC="0046020203005"/>
						<SP ID="P13_SP00152" HPOS="1657" VPOS="2050" WIDTH="40"/>
						<String ID="P13_ST00176" HPOS="1697" VPOS="1996" WIDTH="195" HEIGHT="46" CONTENT="konnte" WC="1.00" CC="040000"/>
						<SP ID="P13_SP00153" HPOS="1892" VPOS="2050" WIDTH="42"/>
						<String ID="P13_ST00177" HPOS="1934" VPOS="2004" WIDTH="100" HEIGHT="40" CONTENT="erst" WC="1.00" CC="0200"/>
						<SP ID="P13_SP00154" HPOS="2034" VPOS="2050" WIDTH="43"/>
						<String ID="P13_ST00178" HPOS="2077" VPOS="2014" WIDTH="86" HEIGHT="31" CONTENT="am" WC="1.00" CC="00"/>
					</TextLine>
					<TextLine ID="P13_TL00025" HPOS="505" VPOS="2041" WIDTH="1657" HEIGHT="63">
						<String ID="P13_ST00179" HPOS="505" VPOS="2044" WIDTH="47" HEIGHT="41" CONTENT="2." WC="0.68" CC="32"/>
						<SP ID="P13_SP00155" HPOS="552" VPOS="2085" WIDTH="16"/>
						<String ID="P13_ST00180" HPOS="568" VPOS="2041" WIDTH="231" HEIGHT="46" CONTENT="Februar" WC="1.00" CC="3000400"/>
						<SP ID="P13_SP00156" HPOS="799" VPOS="2087" WIDTH="21"/>
						<String ID="P13_ST00181" HPOS="820" VPOS="2048" WIDTH="126" HEIGHT="42" CONTENT="1900" WC="0.71" CC="0640"/>
						<SP ID="P13_SP00157" HPOS="946" VPOS="2090" WIDTH="28"/>
						<String ID="P13_ST00182" HPOS="974" VPOS="2049" WIDTH="351" HEIGHT="45" CONTENT="Oberbaurath" WC="1.00" CC="00000000007"/>
						<SP ID="P13_SP00158" HPOS="1325" VPOS="2094" WIDTH="23"/>
						<String ID="P13_ST00183" HPOS="1348" VPOS="2050" WIDTH="178" HEIGHT="46" CONTENT="OTTO" WC="0.99" CC="0020"/>
						<SP ID="P13_SP00159" HPOS="1526" VPOS="2096" WIDTH="23"/>
						<String ID="P13_ST00184" HPOS="1549" VPOS="2053" WIDTH="305" HEIGHT="47" CONTENT="WAGNER" WC="0.99" CC="003300"/>
						<SP ID="P13_SP00160" HPOS="1854" VPOS="2100" WIDTH="26"/>
						<String ID="P13_ST00185" HPOS="1880" VPOS="2059" WIDTH="94" HEIGHT="43" CONTENT="mit" WC="1.00" CC="000"/>
						<SP ID="P13_SP00161" HPOS="1974" VPOS="2102" WIDTH="27"/>
						<String ID="P13_ST00186" HPOS="2001" VPOS="2059" WIDTH="161" HEIGHT="45" CONTENT="dieser" WC="1.00" CC="000006"/>
					</TextLine>
					<TextLine ID="P13_TL00026" HPOS="505" VPOS="2101" WIDTH="1656" HEIGHT="74">
						<String ID="P13_ST00187" HPOS="505" VPOS="2101" WIDTH="176" HEIGHT="44" CONTENT="Arbeit" WC="1.00" CC="050000"/>
						<SP ID="P13_SP00162" HPOS="681" VPOS="2145" WIDTH="23"/>
						<String ID="P13_ST00188" HPOS="704" VPOS="2102" WIDTH="204" HEIGHT="48" CONTENT="betraut" WC="1.00" CC="0003000"/>
						<SP ID="P13_SP00163" HPOS="908" VPOS="2150" WIDTH="16"/>
						<String ID="P13_ST00189" HPOS="924" VPOS="2108" WIDTH="230" HEIGHT="52" CONTENT="werden," WC="0.99" CC="0060023"/>
						<SP ID="P13_SP00164" HPOS="1154" VPOS="2160" WIDTH="14"/>
						<String ID="P13_ST00190" HPOS="1168" VPOS="2109" WIDTH="106" HEIGHT="42" CONTENT="und" WC="0.98" CC="600"/>
						<SP ID="P13_SP00165" HPOS="1274" VPOS="2160" WIDTH="20"/>
						<String ID="P13_ST00191" HPOS="1294" VPOS="2123" WIDTH="108" HEIGHT="29" CONTENT="nun" WC="0.98" CC="050"/>
						<SP ID="P13_SP00166" HPOS="1402" VPOS="2160" WIDTH="23"/>
						<String ID="P13_ST00192" HPOS="1425" VPOS="2111" WIDTH="218" HEIGHT="45" CONTENT="dieselbe" WC="1.00" CC="00000000"/>
						<SP ID="P13_SP00167" HPOS="1643" VPOS="2160" WIDTH="16"/>
						<String ID="P13_ST00193" HPOS="1659" VPOS="2113" WIDTH="259" HEIGHT="47" CONTENT="vollendet" WC="1.00" CC="000000000"/>
						<SP ID="P13_SP00168" HPOS="1918" VPOS="2160" WIDTH="22"/>
						<String ID="P13_ST00194" HPOS="1940" VPOS="2118" WIDTH="76" HEIGHT="51" CONTENT="ist," WC="1.00" CC="0000"/>
						<SP ID="P13_SP00169" HPOS="2016" VPOS="2169" WIDTH="15"/>
						<String ID="P13_ST00195" HPOS="2031" VPOS="2118" WIDTH="130" HEIGHT="57" CONTENT="fragt" WC="1.00" CC="00000"/>
					</TextLine>
					<TextLine ID="P13_TL00027" HPOS="505" VPOS="2161" WIDTH="1656" HEIGHT="61">
						<String ID="P13_ST00196" HPOS="505" VPOS="2172" WIDTH="123" HEIGHT="30" CONTENT="man" WC="1.00" CC="000"/>
						<SP ID="P13_SP00170" HPOS="628" VPOS="2202" WIDTH="21"/>
						<String ID="P13_ST00197" HPOS="649" VPOS="2161" WIDTH="125" HEIGHT="51" CONTENT="sich," WC="0.99" CC="00024"/>
						<SP ID="P13_SP00171" HPOS="774" VPOS="2212" WIDTH="17"/>
						<String ID="P13_ST00198" HPOS="791" VPOS="2175" WIDTH="118" HEIGHT="32" CONTENT="was" WC="0.98" CC="040"/>
						<SP ID="P13_SP00172" HPOS="909" VPOS="2212" WIDTH="22"/>
						<String ID="P13_ST00199" HPOS="931" VPOS="2178" WIDTH="123" HEIGHT="31" CONTENT="man" WC="1.00" CC="000"/>
						<SP ID="P13_SP00173" HPOS="1054" VPOS="2212" WIDTH="21"/>
						<String ID="P13_ST00200" HPOS="1075" VPOS="2167" WIDTH="322" HEIGHT="45" CONTENT="bewundern" WC="1.00" CC="000300060"/>
						<SP ID="P13_SP00174" HPOS="1397" VPOS="2212" WIDTH="22"/>
						<String ID="P13_ST00201" HPOS="1419" VPOS="2170" WIDTH="137" HEIGHT="52" CONTENT="solle," WC="1.00" CC="000004"/>
						<SP ID="P13_SP00175" HPOS="1556" VPOS="2222" WIDTH="24"/>
						<String ID="P13_ST00202" HPOS="1580" VPOS="2171" WIDTH="89" HEIGHT="44" CONTENT="das" WC="1.00" CC="000"/>
						<SP ID="P13_SP00176" HPOS="1669" VPOS="2222" WIDTH="17"/>
						<String ID="P13_ST00203" HPOS="1686" VPOS="2172" WIDTH="167" HEIGHT="45" CONTENT="Werk" WC="1.00" CC="0010"/>
						<SP ID="P13_SP00177" HPOS="1853" VPOS="2222" WIDTH="15"/>
						<String ID="P13_ST00204" HPOS="1868" VPOS="2175" WIDTH="155" HEIGHT="46" CONTENT="selbst" WC="1.00" CC="000000"/>
						<SP ID="P13_SP00178" HPOS="2023" VPOS="2222" WIDTH="17"/>
						<String ID="P13_ST00205" HPOS="2040" VPOS="2178" WIDTH="121" HEIGHT="44" CONTENT="oder" WC="0.99" CC="0003"/>
					</TextLine>
					<TextLine ID="P13_TL00028" HPOS="505" VPOS="2218" WIDTH="1652" HEIGHT="62">
						<String ID="P13_ST00206" HPOS="505" VPOS="2218" WIDTH="79" HEIGHT="44" CONTENT="die" WC="1.00" CC="000"/>
						<SP ID="P13_SP00179" HPOS="584" VPOS="2262" WIDTH="22"/>
						<String ID="P13_ST00207" HPOS="606" VPOS="2219" WIDTH="440" HEIGHT="61" CONTENT="Arbeitsleistung," WC="1.00" CC="0000000000005003"/>
						<SP ID="P13_SP00180" HPOS="1046" VPOS="2280" WIDTH="23"/>
						<String ID="P13_ST00208" HPOS="1069" VPOS="2226" WIDTH="158" HEIGHT="43" CONTENT="durch" WC="0.98" CC="05006"/>
						<SP ID="P13_SP00181" HPOS="1227" VPOS="2280" WIDTH="19"/>
						<String ID="P13_ST00209" HPOS="1246" VPOS="2227" WIDTH="201" HEIGHT="45" CONTENT="welche" WC="1.00" CC="000000"/>
						<SP ID="P13_SP00182" HPOS="1447" VPOS="2280" WIDTH="22"/>
						<String ID="P13_ST00210" HPOS="1469" VPOS="2241" WIDTH="52" HEIGHT="31" CONTENT="es" WC="1.00" CC="00"/>
						<SP ID="P13_SP00183" HPOS="1521" VPOS="2280" WIDTH="22"/>
						<String ID="P13_ST00211" HPOS="1543" VPOS="2230" WIDTH="52" HEIGHT="42" CONTENT="in" WC="0.70" CC="41"/>
						<SP ID="P13_SP00184" HPOS="1595" VPOS="2280" WIDTH="22"/>
						<String ID="P13_ST00212" HPOS="1617" VPOS="2231" WIDTH="145" HEIGHT="45" CONTENT="sechs" WC="1.00" CC="00000"/>
						<SP ID="P13_SP00185" HPOS="1762" VPOS="2280" WIDTH="18"/>
						<String ID="P13_ST00213" HPOS="1780" VPOS="2233" WIDTH="241" HEIGHT="46" CONTENT="Wochen" WC="1.00" CC="010000"/>
						<SP ID="P13_SP00186" HPOS="2021" VPOS="2280" WIDTH="20"/>
						<String ID="P13_ST00214" HPOS="2041" VPOS="2235" WIDTH="116" HEIGHT="45" CONTENT="her=" WC="1.00" CC="0000"/>
					</TextLine>
				</TextBlock>
				<ComposedBlock ID="P13_CB00001" HPOS="522" VPOS="809" WIDTH="243" HEIGHT="232" STYLEREFS="TXT_3 PAR_LEFT" TYPE="Illustration">
					<GraphicalElement ID="P13_CB00001_SUB" HPOS="522" VPOS="809" WIDTH="243" HEIGHT="232"/>
				</ComposedBlock>
			</PrintSpace>
		</Page>
	</Layout>
</alto>
