3338 4578
80 104 515 69 Supplément
665 132 87 33 au
825 130 59 35 n°
938 102 46 70 2
1069 113 88 54 du
1228 113 305 55 volume
1594 104 100 69 12
1752 115 89 53 de
1901 116 65 53 la
2032 136 236 34 revue
2325 149 65 35 99
2443 71 68 106 la
2538 74 94 99 JOk
2724 73 319 101 CITE

483 1246 62 49 LE
600 1246 226 49 CASIER
883 1247 27 48 P
933 1251 28 46 6

72 1355 156 53 Equipé
259 1373 51 24 en
343 1355 139 42 cellier
513 1363 188 46 pouvant
731 1361 191 38 contenir
952 1361 167 39 environ
1154 1376 76 25 une
1261 1364 103 37 tren-

68 1425 117 40 taine
218 1424 55 43 de
308 1423 223 44 bouteilles
567 1430 46 37 et
646 1429 104 38 muni
788 1425 125 44 d'une
947 1427 163 52 trinqle.

74 1504 180 53 Largeur
278 1522 6 24 :
322 1507 97 39 0.60
459 1523 50 24 m.
933 1509 191 40 Hauteur
1150 1524 6 25 :
1190 1510 97 40 0.60
1322 1526 33 23 m

644 1573 257 44 Profondeur
924 1593 7 25 :
969 1579 96 39 0.40
1103 1592 49 26 ou
1188 1578 96 40 0.60
1320 1593 33 25 m

2086 1237 61 49 LE
2201 1238 225 50 CASIER
2483 1243 26 46 P
2531 1245 28 45 9

1677 1343 155 53 Equipé
1860 1344 56 42 de
1943 1349 98 39 trois
2069 1349 132 40 tiroirs
2230 1364 102 37 pour
2361 1349 35 42 le
2425 1350 252 45 classement
2704 1353 52 43 du
2788 1353 108 53 linge
2925 1361 42 36 et

1673 1410 149 44 divers.

1677 1493 178 53 Largeur
1878 1512 7 24 :
1922 1498 96 39 0.60
2058 1513 49 25 m.
2529 1503 190 41 Hauteur
2745 1520 6 25 :
2785 1507 96 38 0.60
2916 1523 50 24 m.

2242 1566 256 44 Profondeur
2521 1587 7 24 :
2566 1574 96 39 0.40
2700 1588 49 25 ou
2784 1575 97 39 0.60
2916 1591 50 24 m.

961 1860 36 26 0*
1019 1867 35 22 (W
1081 1877 27 18 jj
1158 1883 6 5 .

1129 1883 36 29 &
1184 1892 36 28 &>

780 1862 31 26 S)

722 1871 30 25 s

475 2400 63 50 LE
592 2400 226 50 CASIER
875 2403 27 47 P
927 2405 25 45 7

70 2510 155 53 Equipé
250 2528 102 35 pour
376 2510 35 42 le
432 2510 255 43 classement
708 2511 75 42 des
809 2512 145 51 poêles
976 2530 20 24 a
1020 2512 109 49 frire,
1157 2514 209 42 casserole

66 2595 20 24 a
114 2577 145 43 friture
285 2584 46 37 et
356 2582 104 38 muni
488 2579 56 42 de
570 2579 208 43 crochets.

68 2660 180 53 Largeur
272 2678 6 24 :
315 2663 97 39 0.60
453 2678 50 24 m.
927 2664 192 40 Hauteur
1144 2680 6 24 :
1184 2666 97 39 0.60
1317 2681 49 25 m.

639 2728 256 44 Profondeur
919 2747 7 25 :
963 2734 97 39 0.40
1098 2747 49 25 ou
1181 2734 98 39 0.60
1314 2749 50 25 m.

475 3543 61 48 LE
592 3542 226 49 CASIER
877 3543 25 47 P
928 3546 25 45 8

65 3653 154 53 Equipé
247 3652 57 43 de
332 3658 152 48 quatre
512 3655 133 39 tiroirs
672 3651 106 43 dont
805 3670 46 24 un
882 3669 103 35 pour
1012 3652 55 42 les
1096 3658 194 36 couverts
1318 3658 43 36 et

65 3738 45 24 un
133 3720 268 54 hermétique
423 3720 158 43 doublé
603 3720 57 43 de
681 3720 125 42 métal
833 3737 103 35 pour
950 3737 224 26 conserver
1196 3720 35 42 le
1254 3723 108 49 pain.

66 3804 179 52 Largeur
268 3820 7 25 :
312 3805 97 40 0.60
449 3820 50 24 m.
923 3803 192 42 Hauteur
1140 3819 7 25 :
1181 3805 96 39 0.60
1312 3819 35 25 m

636 3870 257 43 Profondeur
917 3888 7 25 :
962 3873 96 40 0.40
1095 3887 50 26 ou
1180 3873 97 40 0.60
1312 3887 50 25 m.

1797 2331 77 48 LA
1923 2331 288 51 TABLETTE
2260 2334 443 52 COULISSANTE
2751 2339 30 47 T
2815 2342 6 44 I

1670 2438 53 42 Se
1751 2439 121 51 place
1897 2446 120 36 entre
2044 2440 54 43 les
2123 2444 152 40 casiers
2300 2449 47 36 et
2371 2461 161 25 mesure
2558 2450 95 38 0.60
2674 2464 16 24 x
2712 2450 95 39 0.60
2834 2466 49 24 m.
2911 2466 49 24 ou

1669 2509 95 39 0.60
1783 2525 17 22 x
1821 2511 95 38 0.40
1945 2525 49 25 m.

2034 3542 61 47 LE
2147 3542 317 50 BAC-EVIER
2519 3545 26 48 E
2579 3548 6 45 I

1669 3650 62 41 Est
1753 3650 157 42 doublé
1935 3650 56 43 de
2013 3654 85 40 zinc
2123 3658 45 36 et
2194 3669 152 35 pourvu
2375 3654 125 43 d'une
2527 3659 187 49 crépine.
2743 3659 98 40 Peut
2866 3662 93 39 être

1666 3718 249 54 également
1940 3718 132 44 fourni
2102 3737 51 26 en
2184 3724 109 50 grès.

1669 3800 99 42 Peut
1804 3803 93 39 être
1935 3800 249 54 également
2219 3800 131 44 fourni
2391 3803 156 44 double
2588 3823 50 24 en
2687 3809 86 40 1.20
2814 3824 48 25 m.
2902 3808 57 42 de

1667 3867 175 54 largeur.
1878 3868 17 42 Il
1929 3885 44 26 se
2007 3868 229 43 dénomme
2267 3870 103 43 alors
2405 3873 21 40 E
2446 3875 37 40 2.

61 4075 1362 112 Etablissements
1507 4075 343 109 E.-J.
1916 4075 353 112 VAN
2342 4078 203 109 DE
2617 4080 332 112 VEN

58 4240 367 59 SPÉCIALISTES
473 4251 71 45 EN
599 4239 331 57 MATÉRIAUX
980 4247 341 48 NOUVEAUX

1331 4338 122 53 Rue
1500 4338 285 65 Léopold,
1828 4338 98 64 19,
1974 4338 406 56 BRUXELLES
2432 4374 22 10 -
2511 4342 114 53 Tél.
2669 4343 282 52 17.81.17

3189 3279 83 57 o>

3189 3355 83 57 CD

3187 3600 84 57 O)

3187 3674 85 58 Œ>

3188 3748 83 61 Gû

3188 3824 83 57 (Ji
