3261 4320
3056 4023 100 79 19

116 283 58 34 26.
233 282 121 35 PLAN
387 282 60 35 DU
479 280 427 37 REZ-DE-CHAUSSEE

119 405 142 36 Niveau
294 403 67 38 des
391 403 94 38 deux
515 402 322 39 studios-récitals.

130 2558 109 33 toute
262 2553 30 37 la
318 2568 145 21 mesure
487 2552 47 37 du
560 2551 173 50 possible,
760 2551 68 36 des
850 2548 204 51 dispositifs

132 2611 159 36 coûteux
333 2614 40 32 et
415 2608 202 37 aléatoires
659 2612 40 32 et
741 2606 68 37 des
852 2607 203 35 matériaux

133 2666 144 36 n'étant
306 2679 64 35 pas
398 2666 198 36 consacrés
624 2678 65 34 par
715 2677 69 22 une
810 2661 136 48 longue
976 2676 60 34 pra-

132 2723 106 47 tique
261 2735 45 23 ou
332 2735 64 35 par
421 2735 42 22 un
487 2723 130 34 succès
639 2720 225 36 incontesté.

137 2779 93 34 Les
289 2777 382 49 proportions
728 2779 56 32 et
840 2773 43 37 la
941 2773 88 37 for-

135 2848 78 22 me
270 2832 106 37 des
431 2831 248 38 studios
736 2832 155 35 ainsi
950 2843 108 34 que

136 2888 50 37 la
244 2889 439 37 constitution
760 2885 71 37 de
887 2884 172 37 leurs

138 2946 194 47 parois
389 2944 250 36 devront
696 2944 127 35 être
878 2939 181 38 telles

137 2999 261 49 qu'elles
456 3002 374 46 permettent
887 2996 140 37 d'ob-

135 3059 165 34 tenir
357 3057 589 46 économiquement
1002 3057 58 31 et

137 3127 131 22 sans
325 3111 160 43 aléa,
543 3111 102 36 des
701 3109 360 38 conditions

139 3170 393 46 acoustiques
588 3169 267 34 internes
913 3163 120 50 plei-

141 3228 229 32 nement
426 3222 508 38 satisfaisantes.

141 3281 224 35 L'attention
405 3279 68 37 des
510 3282 241 33 concurrents
786 3281 58 32 est
881 3274 163 51 spéciale-

141 3339 102 33 ment
271 3337 138 35 attirée
438 3350 55 22 sur
520 3334 31 37 le
579 3334 69 36 fait
676 3347 74 35 que
777 3332 51 37 les
854 3331 210 38 conditions

141 3394 241 46 acoustiques
404 3393 142 47 optima
572 3390 85 36 d'un
680 3389 122 37 studio
826 3403 44 21 ne
894 3391 82 33 sont
1000 3401 64 35 pas

142 3449 321 36 nécessairement
499 3446 217 48 identiques
751 3446 19 35 à
807 3443 111 38 celles
953 3443 111 36 d'une

141 3502 87 38 salle
254 3502 50 38 de
332 3502 216 50 spectacles
574 3517 44 21 ou
647 3501 112 37 d'une
788 3499 86 38 salle
901 3499 50 36 de
980 3513 65 22 con-

143 3563 111 33 certs.
293 3560 94 35 Dans
423 3558 31 36 le
492 3560 160 47 premier
689 3571 72 28 cas,
820 3554 62 38 le
941 3555 125 36 but

144 3614 240 50 capital
441 3619 89 31 est
588 3612 443 49 d'impression-

144 3685 99 22 ner
298 3668 509 39 favorablement
864 3667 50 36 le
972 3668 64 34 mi-

145 3726 356 49 crophone,
558 3725 123 36 tandis
705 3739 74 34 que
804 3723 92 37 dans
921 3721 32 38 le
979 3721 68 37 deu-

144 3785 121 34 xième
294 3796 72 28 cas,
425 3781 55 37 le
539 3780 110 37 but
708 3776 360 53 principal

146 3843 90 33 est
308 3837 538 49 d'impressionner
902 3834 134 36 favo-

146 3892 337 40 rablement
538 3892 81 37 les
675 3895 394 46 spectateurs

146 3950 143 37 dans
344 3953 177 33 toute
579 3947 46 37 la
683 3946 181 38 salle.

1163 2557 44 35 La
1235 2554 233 37 distribution
1494 2552 68 37 des
1587 2551 201 36 différents
1814 2549 125 36 locaux
1965 2548 114 36 devra

1163 2613 82 35 être
1273 2609 131 37 étudié
1430 2608 49 37 de
1505 2607 112 48 façon
1644 2605 217 38 rationnelle
1888 2619 45 22 eu
1962 2603 117 47 égard

1163 2669 18 34 è
1209 2666 73 37 leur
1307 2664 228 38 affectation
1563 2660 248 52 particulière.

1167 2721 33 37 Il
1258 2725 91 33 est
1407 2720 250 48 précisé
1714 2732 107 33 que
1879 2715 47 37 le
1983 2714 100 37 but

1167 2774 305 52 principal
1530 2774 302 48 poursuivi
1890 2776 89 32 est
2035 2770 46 36 la

1166 2830 542 40 radiodiffusion
1766 2829 111 35 des
1934 2841 114 23 con-

1167 2893 178 33 certs
1401 2902 64 21 ou
1524 2890 223 32 autres
1805 2881 241 52 produc-

1167 2947 151 33 tions
1362 2944 356 45 artistiques
1762 2940 324 36 exécutées

1169 3000 224 37 devant
1449 2997 47 37 le
1554 2994 419 50 microphone,
2030 2997 57 32 et

1169 3071 99 21 non
1327 3069 97 33 pas
1480 3052 482 47 l'organisation
2021 3050 65 35 de

1169 3109 351 51 spectacles
1578 3123 135 34 pour
1769 3121 57 22 un
1886 3105 202 50 public

1170 3167 203 36 limité
1431 3165 188 36 admis
1676 3161 376 39 éventuelle-

1171 3227 151 32 ment
1378 3221 137 36 dans
1571 3220 81 36 les
1708 3218 262 37 studios.

1172 3278 95 36 Ceci
1305 3276 176 49 implique
1519 3290 73 34 que
1630 3274 49 37 les
1717 3274 174 37 relations
1928 3276 163 33 internes

1172 3334 155 36 doivent
1356 3334 82 35 être
1468 3330 197 44 facilitées,
1696 3330 91 37 dans
1816 3334 108 33 toute
1955 3328 30 37 la
2018 3343 50 22 me-

1173 3404 81 22 sure
1277 3389 47 36 du
1349 3386 171 51 possible,
1545 3388 115 46 grâce
1683 3401 43 22 au
1750 3389 255 45 groupement
2025 3384 68 37 des

1174 3445 125 37 locaux
1327 3447 256 46 appartenant
1609 3443 20 36 à
1658 3457 42 21 un
1727 3443 124 35 même
1877 3443 143 35 service
2047 3454 44 22 ou

1174 3502 18 35 à
1214 3501 68 36 des
1304 3501 160 36 services
1486 3500 215 48 conjugués,
1724 3503 40 32 et
1784 3512 45 22 en
1851 3495 173 39 étudiant
2044 3495 50 37 les

1176 3556 283 47 dégagements
1481 3554 49 37 de
1550 3553 113 49 façon
1684 3555 19 34 à
1726 3554 120 35 éviter
1866 3550 32 39 le
1920 3551 175 47 mélange

1177 3612 46 36 du
1261 3610 122 51 public
1418 3615 39 32 et
1492 3609 68 38 des
1595 3609 165 37 diverses
1795 3609 218 46 catégories
2047 3607 47 36 du

1179 3665 209 52 personnel.

1178 3725 47 35 Le
1271 3722 185 37 bâtiment
1499 3720 251 50 comprendra
1807 3735 18 22 u
1858 3735 18 21 n
1933 3718 162 44 sous-sol,

1178 3794 43 22 un
1253 3777 329 38 rez-de-chaussée
1616 3776 49 37 de
1699 3780 22 33 4
1753 3778 140 34 mètres
1924 3790 43 22 au
2000 3777 79 34 mini-

1179 3848 94 23 mum
1303 3839 40 31 et
1370 3833 68 37 des
1466 3835 137 45 étages
1630 3832 49 37 de
1710 3834 17 34 3
1759 3834 138 34 mètres
1926 3845 43 23 au
2000 3832 79 35 mini-

1179 3904 94 23 mum
1298 3889 50 37 de
1375 3888 175 50 plancher
1572 3890 19 35 à
1619 3886 167 51 plafond.

1180 3946 106 38 Place
1328 3944 257 38 Sainte-Croix
1626 3948 40 33 et
1708 3958 63 23 rue
1815 3942 191 50 Alphonse
2048 3941 50 38 de

2187 2548 132 41 Witte,
2344 2546 50 36 les
2416 2545 161 48 façades
2601 2549 125 32 seront
2751 2545 192 46 occupées
2966 2556 42 21 au
3034 2555 54 22 rez-

2188 2602 263 41 de-chaussée,
2479 2600 90 37 dans
2593 2604 109 32 toute
2728 2597 28 37 la
2783 2612 144 22 mesure
2952 2596 46 36 du
3027 2610 60 35 pos-

2188 2657 102 43 sible,
2315 2672 64 33 par
2399 2656 68 37 des
2488 2657 183 45 magasins
2691 2656 19 35 à
2733 2668 116 32 usage
2870 2650 235 40 commercial

2190 2728 94 22 avec
2312 2712 163 48 grandes
2502 2713 148 34 vitrines
2676 2710 260 48 d'exposition.

2190 2769 78 37 Ces
2307 2770 184 45 magasins
2530 2771 130 33 auront
2700 2780 43 21 un
2782 2763 161 43 sous-sol,
2985 2767 40 32 et
3065 2777 42 21 un

2192 2823 177 39 entre-sol
2404 2838 90 35 pour
2526 2822 246 37 l'habitation.

2194 2882 42 36 En
2256 2879 154 49 façade,
2432 2878 17 37 il
2471 2893 44 22 ne
2537 2892 131 35 pourra
2690 2878 82 35 être
2791 2876 69 36 fait
2879 2874 136 49 emploi
3036 2888 73 34 que

2193 2938 49 35 de
2278 2937 202 36 matériaux
2514 2937 216 46 apparents,
2766 2937 82 31 tous
2882 2929 49 37 les
2965 2928 146 38 enduits

2195 2996 106 33 étant
2339 2990 175 51 prohibés
2551 2989 111 37 d'une
2696 2987 113 49 façon
2846 2984 165 38 absolue.
3049 2986 63 34 Les

2194 3050 201 35 matériaux
2420 3050 206 45 apparents
2649 3045 181 36 autorisés
2852 3046 81 33 sont
2959 3055 7 23 :
2990 3040 30 36 la
3045 3040 51 36 bri-

2195 3118 73 35 que
2292 3104 204 41 dominant,
2519 3102 252 47 agrémentée
2796 3099 49 36 de
2871 3100 121 47 pierre
3015 3095 79 37 blan-

2195 3160 70 38 che
2293 3165 39 31 et
2359 3160 72 48 (ou)
2460 3158 49 36 de
2540 3160 121 47 pierre
2689 3156 125 36 bleue.

2197 3217 46 35 Le
2289 3217 122 48 projet
2453 3213 169 37 excluera
2664 3216 108 32 toute
2816 3210 173 47 dépense
3030 3206 84 37 dun

2197 3274 198 35 caractère
2430 3270 243 48 somptuaire.

2201 3392 258 39 ISOLATION
2501 3387 317 46 ACOUSTIQUE

2202 3461 77 36 DES
2321 3457 199 39 STUDIOS

2202 3549 60 37 On
2302 3546 141 39 entend
2484 3561 64 34 par
2585 3545 168 37 isolation
2793 3543 220 46 acoustique
3052 3539 67 36 des

2201 3604 141 37 studios
2378 3603 50 37 les
2463 3601 237 50 dispositions
2735 3599 268 37 constructives
3039 3608 60 36 per-

2204 3664 160 33 mettant
2394 3659 49 36 de
2471 3659 197 36 soustraire
2696 3655 199 37 l'enceinte
2924 3652 46 36 du
2998 3650 121 38 studio

2204 3731 64 22 aux
2290 3715 113 37 bruits
2424 3715 202 36 extérieurs
2646 3711 127 49 (bruits
2792 3709 49 37 de
2862 3708 29 36 la
2913 3721 74 27 rue,
3009 3707 112 35 bruits

2204 3774 163 34 internes
2388 3770 47 37 du
2460 3768 196 42 bâtiment,
2681 3767 112 36 bruits
2815 3765 67 37 des
2906 3767 123 33 autres
3052 3765 54 32 stu-

2205 3828 93 48 dios)
2327 3831 50 38 et,
2406 3826 344 48 réciproquement,
2782 3821 160 36 d'éviter
2970 3832 73 34 que
3073 3815 50 37 les

2207 3883 114 37 bruits
2344 3882 167 50 produits
2535 3880 92 36 dans
2649 3878 32 37 le
2707 3876 122 38 studio
2855 3876 161 48 puissent
3041 3874 81 34 être

2208 3953 132 35 perçus
2366 3939 19 35 à
2412 3936 220 38 l'extérieur.
