3292 4319
3082 4011 46 35 29

146 2208 88 47 41.
263 2210 226 45 CROQUIS
522 2208 261 39 PERSPECTIF
815 2210 278 37 D'ENSEMBLE

154 2807 44 33 -75
233 2804 43 48 %
313 2806 163 35 environ.
511 2803 60 37 Ce
605 2803 224 37 ventilateur
863 2803 144 37 refoule
1042 2803 31 37 le

151 2864 82 32 tout
256 2874 81 22 vers
362 2874 42 22 un
430 2859 170 49 appareil
626 2859 299 43 conditionneur;

151 2916 33 48 2)
240 2916 95 36 Trois
359 2914 189 50 appareils
572 2914 304 38 conditionneurs
900 2914 57 50 (un
985 2929 90 35 pour

152 2970 147 49 chaque
326 2971 161 49 groupe)
513 2975 183 32 recevant
720 2970 33 37 le
781 2969 174 48 mélange
983 2969 92 37 d'air

154 3041 63 34 pur
240 3031 40 32 et
303 3026 92 37 d'air
417 3028 95 34 vicié
536 3030 209 45 provenant
767 3025 47 37 du
836 3024 237 43 ventilateur;

153 3097 63 22 ces
247 3080 188 51 appareils
466 3085 243 45 comportent
742 3095 43 22 un
819 3081 160 48 premier
1009 3078 51 38 fai-

151 3152 113 23 sceau
291 3137 185 37 tubulaire
506 3137 49 37 de
586 3135 291 51 préchauffage,
907 3150 42 22 un
976 3134 99 38 filtre

153 3193 124 37 laveur
314 3192 151 50 spécial,
506 3207 70 22 une
612 3191 170 38 seconde
821 3191 165 37 batterie
1026 3189 49 37 de

153 3248 208 47 chauffage
388 3251 111 46 après
522 3247 136 48 lavage
684 3252 39 31 et
748 3261 43 22 un
816 3245 260 38 humificateur

152 3304 214 50 d'appoint;

155 3361 32 49 3)
245 3361 80 36 Une
357 3359 179 38 conduite
569 3359 92 37 d'air
694 3356 254 44 conditionné,
982 3370 95 23 avec

153 3415 268 39 ramifications
454 3414 110 38 allant
600 3414 49 37 de
684 3413 149 49 chaque
869 3410 188 39 condition-

154 3487 87 21 neur
268 3487 64 21 aux
358 3470 202 38 différents
586 3469 126 38 locaux
736 3471 20 35 à
781 3467 170 42 ventiler;

151 3532 35 49 4)
244 3532 71 36 Des
343 3530 210 43 diffuseurs,
584 3534 234 45 permettant
844 3530 19 35 à
892 3527 75 38 l'air
995 3542 61 34 pro-

151 3592 139 32 venant
312 3586 49 38 de
384 3586 30 37 la
438 3585 180 38 conduite
640 3584 50 38 de
710 3600 40 22 se
771 3582 201 51 répandre,
995 3596 81 24 sans

151 3645 138 35 vitesse
315 3647 39 32 et
377 3657 81 22 sans
482 3645 156 33 courant
661 3640 103 43 d'air,
790 3654 43 22 au
861 3641 105 47 point
988 3637 87 37 haut

153 3699 46 37 du
225 3697 92 39 local
339 3699 19 35 à
381 3696 167 43 ventiler,
574 3698 88 35 mais
687 3699 176 45 pourtant
888 3708 95 22 avec
1006 3707 69 22 une

153 3756 169 35 certaine
354 3755 164 47 pression
547 3751 196 38 rabattant
770 3750 75 37 l'air
873 3751 94 35 vicié
995 3762 82 22 vers

153 3809 32 38 le
210 3809 65 43 sol;

153 3866 33 50 5)
242 3866 57 35 Au
331 3867 102 47 point
464 3863 66 38 bas
558 3863 48 37 du
637 3861 92 38 local
757 3863 20 35 à
806 3859 168 44 ventiler,
1006 3873 69 23 une

152 3923 96 35 série
278 3920 50 37 de
361 3919 166 37 bouches
558 3918 256 47 d'aspiration,
846 3914 134 38 reliées
1011 3927 65 36 par

1181 2804 68 37 des
1274 2804 197 37 conduites
1498 2804 50 37 de
1574 2809 124 32 retour
1726 2805 90 36 d'air
1841 2807 106 41 vîcié,
1975 2807 19 34 à
2023 2805 62 37 l'as-

1182 2861 157 48 piration
1367 2859 46 37 du
1440 2859 235 38 ventilateur.

1180 2914 79 38 Ces
1283 2914 167 38 bouches
1475 2920 82 33 sont
1581 2918 230 35 constituées
1837 2930 64 35 par
1928 2916 67 37 des
2021 2916 64 47 gril-

1181 2969 104 48 lages
1311 2985 45 22 en
1383 2972 133 41 cuivre,
1543 2970 49 37 de
1620 2972 161 35 sections
1809 2985 101 22 assez
1937 2971 163 48 grandes

1183 3041 90 33 pour
1298 3030 209 44 permettre
1531 3025 156 37 l'entrée
1711 3026 91 36 d'air
1825 3027 19 35 à
1870 3041 70 21 une
1962 3028 138 35 vitesse

1183 3096 44 22 ne
1253 3081 208 49 dépassant
1486 3096 65 34 pas
1574 3083 19 34 2
1621 3096 45 22 m.
1691 3083 19 35 à
1738 3080 30 38 la
1794 3081 183 42 seconde;

1181 3137 34 49 6)
1272 3137 64 36 Les
1371 3135 259 39 canalisations
1664 3136 203 37 d'amenée
1901 3142 83 31 sont
2021 3139 60 47 pré-

1181 3207 99 28 vues,
1306 3207 46 21 en
1380 3206 123 29 caves,
1531 3191 50 37 de
1607 3194 162 35 sections
1794 3190 304 49 rectangulaires,

1182 3262 46 22 en
1247 3249 240 46 maçonnerie
1508 3262 94 22 avec
1621 3246 200 37 doublures
1841 3262 45 21 en
1909 3261 192 35 panneaux

1183 3303 49 38 de
1265 3302 116 38 fibres
1414 3301 211 48 végétales.
1660 3302 64 37 Les
1758 3301 259 38 canalisations
2051 3301 50 37 de

1183 3360 141 48 reprise
1351 3363 82 32 sont
1461 3360 159 47 prévues
1647 3372 45 22 en
1717 3356 90 39 tôle.
1835 3358 64 36 Les
1927 3355 175 39 colonnes

1183 3419 214 32 montantes
1426 3418 82 32 sont
1536 3412 161 38 établies
1726 3428 45 21 en
1801 3417 132 44 tuyaux
1962 3412 120 36 d'éter-

1184 3471 49 36 nit
1272 3469 50 37 de
1360 3468 206 37 diamètres
1605 3467 194 43 variables,
1841 3469 58 47 qui
1938 3469 164 35 seraient

1183 3525 131 47 logées
1338 3524 92 38 dans
1452 3523 50 39 les
1524 3524 106 37 vides
1652 3529 200 32 entourant
1875 3523 51 37 les
1948 3523 154 38 studios.

1185 3582 65 36 Les
1273 3579 259 39 canalisations
1557 3580 90 36 dans
1671 3578 51 38 les
1747 3578 158 38 doubles
1931 3578 172 50 plafonds

1181 3638 164 35 seraient
1369 3635 219 47 également
1613 3650 45 21 en
1685 3636 137 35 éternit
1848 3649 93 22 avec
1966 3649 114 22 assem-

1185 3692 114 48 blage
1327 3706 65 35 par
1418 3690 157 48 bagues.
1601 3692 64 36 Les
1691 3690 225 43 réductions,
1943 3690 51 37 les
2018 3704 64 22 cou-

1182 3748 68 36 des
1273 3752 40 32 et
1336 3746 51 38 les
1411 3746 266 37 ramifications
1702 3748 163 35 seraient
1890 3761 46 22 en
1960 3744 90 39 tôle.

1185 3805 65 36 Les
1272 3802 198 39 conduites
1492 3802 203 38 d'amenée
1719 3807 82 32 sont
1826 3804 157 47 prévues
2008 3800 77 38 calo-

1185 3859 166 47 rifugées
1376 3873 46 22 en
1451 3860 45 35 30
1522 3872 84 24 mm.
1632 3858 245 49 d'épaisseur;

1186 3916 32 49 7)
1273 3914 134 37 Toutes
1430 3913 51 37 les
1502 3916 130 44 gaines
1653 3918 82 32 sont
1757 3913 160 36 divisées
1940 3927 45 21 en
2006 3916 78 32 tron-

2204 2820 98 34 çons,
2334 2805 106 37 reliés
2470 2810 106 32 entre
2606 2820 66 22 eux
2705 2820 63 34 par
2797 2805 68 36 des
2895 2807 106 47 joints
3032 2807 72 34 anti-

2206 2864 239 45 acoustiques
2467 2876 44 21 en
2533 2860 89 37 toile
2643 2876 45 21 ou
2710 2876 44 22 en
2775 2860 236 38 caoutchouc
3033 2875 88 34 pour

2204 2918 206 47 supprimer
2436 2921 109 32 toute
2572 2918 246 35 transmission
2846 2915 49 37 de
2921 2915 202 38 vibrations

2208 2987 64 34 par
2302 2971 30 37 la
2364 2986 119 22 masse
2514 2970 67 38 des
2612 2971 208 37 conduites.

2208 3029 42 35 En
2280 3030 154 35 surcroit
2461 3029 18 35 à
2510 3027 30 37 la
2568 3026 216 38 ventilation
2814 3031 41 32 et
2879 3027 19 35 à
2929 3026 192 37 l'aération

2206 3083 176 37 réalisées
2415 3098 64 34 par
2512 3082 31 37 le
2575 3081 349 39 conditionnement
2957 3081 49 37 de
3038 3080 83 43 l'air,

2208 3154 69 21 une
2317 3138 216 37 ventilation
2575 3136 178 38 naturelle
2792 3137 49 37 de
2879 3151 149 22 secours
3067 3140 58 32 est

2209 3194 160 49 possible
2400 3209 89 34 pour
2516 3193 139 38 chacun
2683 3193 67 36 des
2775 3191 152 38 studios.

2206 3250 78 37 Ces
2312 3252 113 47 prises
2449 3249 92 36 d'air
2568 3248 90 37 libre
2683 3248 343 47 hermétiquement
3053 3245 53 38 clo-

2206 3321 58 21 ses
2288 3320 45 22 en
2361 3304 158 51 période
2546 3303 163 38 normale
2734 3318 39 22 se
2797 3302 163 37 feraient
2985 3316 43 21 au
3051 3306 55 31 tra-

2206 3376 81 22 vers
2319 3361 49 37 de
2398 3360 126 38 locaux
2555 3365 174 43 tampons
2757 3360 164 47 toujours
2952 3371 89 35 pour
3074 3355 49 37 les

2208 3418 141 35 mêmes
2382 3418 137 34 raisons
2553 3414 208 37 d'isolation
2797 3414 220 46 acoustique
3051 3412 70 47 qui,

2208 3478 111 31 avant
2352 3476 83 33 tout
2470 3476 106 32 autre
2613 3469 288 42 considération,
2938 3482 88 22 nous
3061 3471 63 32 ont

2209 3528 133 45 guidés
2365 3528 91 37 dans
2480 3527 29 37 la
2534 3528 227 45 conception
2787 3525 49 36 de
2861 3529 105 31 notre
2992 3525 133 47 projet.

3015 3643 46 37 C.
3085 3643 38 37 V.
