2657 4074
1285 353 77 59 88

352 496 64 58 Si
453 493 296 61 Gustave
776 492 266 57 Moreau
1075 488 378 77 représente
1487 506 79 42 en
1594 489 100 57 art
1721 487 59 59 le
1811 485 153 78 plus
1994 483 397 79 prodigieux

269 577 130 57 don
446 574 78 59 de
570 571 218 59 vision
837 568 452 61 éblouissante
1336 571 62 57 et
1450 567 447 59 douloureuse
1940 567 64 58 et
2048 564 60 59 le
2154 563 236 76 regard

269 653 319 60 intérieur
614 667 167 58 pour
813 649 113 76 qui
965 645 415 79 fulgurèrent
1413 663 156 43 avee
1602 663 133 42 une
1764 644 367 78 splendeur
2161 643 226 58 inouïe

272 734 92 58 les
395 731 231 77 passés
658 729 337 76 tragiques
1028 732 63 54 et
1133 745 265 41 mornes
1439 729 62 56 et
1543 728 62 57 la
1639 727 192 58 vertu
1876 725 118 59 des
2037 723 353 77 pierreries

270 809 474 70 fascinatrices,
804 807 208 59 Puvis
1054 807 77 58 de
1185 807 384 59 Ghavannes
1609 809 161 74 peut
1809 804 135 60 être
2001 802 271 77 qualifié
2326 802 61 58 le

268 892 233 58 Maître
534 889 78 57 de
645 888 63 57 la
735 887 274 76 Sagesse
1044 888 62 57 et
1134 887 86 58 du
1244 887 275 59 Silence.

346 969 105 60 Un
496 968 242 60 silence
778 967 315 58 unanime
1152 967 232 76 pacifie
1427 983 107 42 ses
1581 965 240 60 hautes
1865 962 331 77 fresques.
2257 962 130 59 Les

268 1049 289 59 bouches
589 1047 98 75 s'y
738 1049 147 56 sont
934 1047 298 76 déprises
1288 1047 78 58 de
1403 1044 286 60 l'inutile
1735 1043 219 77 parole
1997 1046 64 55 et
2102 1043 64 58 la
2198 1042 186 59 seule

265 1128 311 76 présence
611 1126 237 58 d'êtres
876 1126 419 76 rythmiques
1329 1127 63 57 et
1421 1126 218 58 beaux
1670 1139 157 44 orne
1858 1123 63 57 la
1949 1123 236 57 nature
2221 1120 163 77 qu'il

269 1208 286 75 imagine
592 1225 10 38 :
639 1208 167 57 terre
838 1207 79 57 de
965 1222 223 60 songe,
1219 1204 469 60 harmonieuse
1721 1206 63 55 et
1821 1202 449 58 immobilisée
2306 1218 81 42 en

269 1287 240 58 heures
542 1284 358 71 aurorales,
954 1284 447 60 méridiennes
1432 1301 85 42 ou
1568 1280 527 79 crépusculaires
2128 1280 162 60 dont
2324 1280 65 59 la

273 1366 199 59 durée
518 1364 251 60 semble
797 1364 339 71 indéfinie,
1187 1367 170 56 terre
1402 1363 267 60 d'herbe
1716 1363 259 70 fleurie,
2011 1362 103 66 de.
2138 1360 251 60 stables

270 1446 289 69 rochers,
603 1443 290 58 d'arbres
937 1443 250 72 sobres,
1224 1444 238 57 d'eaux
1502 1443 290 58 muettes
1821 1443 63 57 et
1929 1440 77 59 de
2042 1440 159 59 ciels
2235 1457 113 42 con-

272 1523 245 60 formes
548 1541 36 40 a
602 1523 115 58 des
745 1540 175 41 mers
954 1524 266 68 douces,
1251 1526 169 57 terre
1446 1522 355 59 élvséenne
1826 1523 84 57 où
1938 1520 63 59 la
2037 1520 104 60 vie
2170 1520 80 59 de
2281 1538 106 42 ses

268 1603 301 60 heureux
595 1602 252 58 semble
870 1603 181 58 avoir
1069 1602 282 59 survécu
1384 1603 34 57 à
1444 1603 64 58 la
1534 1603 193 70 Mort,
1757 1600 329 60 territoire
2121 1618 82 41 au
2237 1600 152 59 delà

272 1682 154 57 d'un
454 1679 229 73 Léthé,
719 1697 80 42 en
824 1681 287 76 quelque
1144 1682 239 58 monde
1415 1682 350 71 taciturne,
1796 1681 35 58 à
1855 1681 275 58 l'ombre
2182 1679 173 76 sybil-

272 1761 132 59 line
437 1761 156 58 d'un
623 1759 145 59 bois
796 1761 253 58 sacré...

353 1839 268 60 Gomme
654 1841 63 58 la
760 1839 220 75 parole
1023 1839 334 76 superflue
1393 1857 81 41 en
1515 1857 108 42 ces
1655 1841 184 58 lieux
1869 1841 84 58 où
1990 1839 60 60 le
2085 1856 202 59 songe
2317 1856 70 43 se

277 1919 129 59 fixe
435 1937 79 42 en
543 1937 129 42 une
713 1921 173 57 sorte
929 1919 341 59 d'oisiveté
1312 1921 384 74 supérieure
1727 1921 146 58 tout
1910 1921 227 58 drame
2177 1937 80 42 en
2290 1922 101 57 est

274 1998 232 58 absent
547 2016 83 40 ou
678 1999 89 57 du
819 1998 216 58 moins
1078 1998 110 75 n'y
1233 1999 234 60 existe,
1487 2016 126 58 que
1658 2016 257 43 comme
1962 1999 430 60 ressouvenir

273 2078 192 58 d'une
509 2078 448 75 préexistence
992 2078 410 60 maintenant
1434 2079 321 60 évanouie
1803 2082 64 57 et
1903 2079 295 60 s'atteste
2232 2097 158 42 avec

274 2175 131 40 une
456 2155 414 61 atténuation
915 2158 306 75 suprême
1266 2176 119 58 par
1417 2159 288 76 quelque
1733 2161 182 74 geste
1948 2161 115 74 qui
2097 2177 82 42 en
2217 2161 138 58 indi-

277 2252 127 60 que
432 2252 128 42 une
592 2235 328 60 influence
950 2237 336 59 ancienne.

350 2314 122 60 Car
500 2316 208 58 Puvis
740 2317 79 57 de
866 2316 387 59 Ghavannes
1300 2318 99 58 est
1442 2318 60 58 le
1535 2318 207 76 grand
1782 2318 256 76 peintre
2080 2318 90 58 du
2207 2321 183 73 geste

272 2396 297 57 humain.
594 2394 102 60 En
724 2412 118 42 son
861 2413 222 42 œuvre
1106 2398 98 57 les
1225 2397 262 77 visages
1506 2398 399 58 bénéficient
1933 2398 197 60 d'une
2149 2399 241 60 beauté

272 2474 297 76 générale
611 2477 62 56 et
721 2476 283 58 l'intérêt
1046 2477 308 75 suprême
1404 2495 80 41 en
1517 2481 167 55 cette
1729 2478 201 58 haute
1980 2479 412 75 pantomime

272 2553 213 58 réside
514 2571 131 40 aux
674 2554 321 60 attitudes
1021 2556 160 59 dont
1197 2557 60 58 le
1286 2558 263 74 rythme
1576 2559 100 57 est
1707 2558 63 57 la
1798 2557 373 61 fabulation
2194 2561 198 58 tacite

280 2632 79 58 de
392 2632 356 76 l'allégorie
781 2636 62 55 et
867 2651 78 42 en
978 2636 292 58 ordonne
1298 2636 63 58 la
1392 2637 472 76 signification.

355 2712 101 57 En
486 2728 70 42 ce
585 2728 154 42 sens
772 2713 256 76 quelles
1058 2714 388 60 trouvailles
1469 2719 9 55 !

346 2792 97 58 Ne
477 2792 300 59 serait-ce
806 2810 126 59 que
964 2793 59 60 le
1058 2797 180 73 geste
1268 2797 79 57 de
1387 2794 483 79 l'évangélique
1916 2818 29 35 «
1976 2799 260 59 Pauvre
2274 2798 80 60 Pê-

270 2869 203 59 cheur
505 2891 28 34 »
683 2873 183 57 toute
905 2872 62 58 la
994 2873 310 60 Patience
1445 2877 62 57 et
1555 2876 173 58 celui
1756 2877 80 58 de
1882 2877 63 58 la
1995 2876 249 62 femme
2278 2878 117 76 qui

273 2949 232 59 cueille
529 2967 90 41 un
651 2949 162 60 fruit
833 2952 164 58 dans
1026 2952 380 61 l'Automne
1432 2957 64 57 et
1531 2956 173 58 celui
1738 2957 115 75 qui
1886 2957 167 60 dans
2089 2978 29 36 «
2152 2958 172 60 Pitié
2362 2980 28 34 »

273 3028 194 60 scelle
510 3029 196 59 d'une
752 3031 646 62 incommensurable
1441 3034 248 60 charité
1745 3037 64 57 la
1864 3041 344 58 rencontre
2276 3039 118 60 des

272 3108 176 58 deux
475 3107 307 75 femmes,
811 3111 65 58 la
907 3112 464 61 Douloureuse
1402 3117 62 56 et
1491 3114 63 59 la
1594 3114 373 79 Résignée?

349 3188 314 61 Peinture
722 3191 517 62 extraordinaire
1286 3210 129 61 que
1473 3194 255 60 celle-la
1770 3213 117 42 sur
1931 3198 115 76 qui
2103 3216 37 41 a
2196 3199 195 77 passé

273 3268 283 76 quelque
588 3269 195 60 chose
835 3271 378 62 d'invisible
1247 3274 114 75 qui
1389 3274 64 59 la
1497 3276 219 58 recule
1745 3293 81 42 en
1865 3295 92 40 un
1997 3277 395 62 effacement

272 3345 349 74 délicieux,
654 3348 259 61 l'écarté
947 3351 36 58 à
1014 3370 89 40 un
1126 3352 278 60 lointain
1431 3354 356 78 pacifique,
1831 3373 258 44 comme
2131 3358 260 61 rentrée

273 3425 162 59 dans
477 3445 90 40 un
613 3427 116 77 âge
776 3429 438 76 mystérieux,
1272 3450 155 43 avec
1478 3434 452 78 l'impression
1982 3437 253 60 d'avoir
2293 3439 102 59 été

272 3505 184 59 autre
501 3508 63 56 et
606 3508 236 75 qu'elle
894 3511 156 59 s'est
1098 3512 370 76 dépouillée
1516 3514 79 59 de
1641 3518 146 56 tout
1840 3516 168 61 éclat
2056 3518 230 60 vivant
2331 3521 64 57 et

268 3584 346 61 immédiat
655 3605 168 58 pour
870 3589 134 61 être
1037 3592 171 60 ainsi
1237 3593 153 78 plus
1420 3596 219 59 sacrée
1689 3613 118 60 par
1853 3615 72 42 sa
1959 3599 265 60 vétusté
2255 3599 64 60 et
2361 3599 36 59 à

270 3679 73 44 sa
369 3664 294 61 distance
697 3667 79 59 de
805 3686 223 60 songe.
