2657 4074
1349 269 75 57 68

333 410 146 60 leur
522 409 228 59 retrait
778 410 78 58 de
902 409 65 58 la
997 405 389 61 circulation
1419 404 64 58 et
1518 402 90 59 du
1640 415 391 55 commerce,
2063 397 171 59 etc...
2266 397 46 60 il
2358 402 94 59 est

337 489 246 59 certain
611 505 126 60 que
768 489 146 58 tout
963 484 412 77 changerait;
1411 481 171 60 mais
1613 481 47 58 il
1686 480 100 59 est
1817 478 146 59 tout
1994 475 186 61 aussi
2211 477 241 62 certain

340 585 125 59 que
491 567 99 59 les
628 566 494 60 améliorations
1164 562 331 79 promises
1546 561 62 60 et
1664 557 353 61 attendues
2068 556 384 63 demeurent

336 646 586 76 problématiques.

420 727 378 58 Pense-t-on
863 743 125 58 que
1058 725 96 60 les
1211 721 387 80 prolétaires
1654 717 350 61 demeurés
2071 715 381 77 prolétaires

337 806 180 59 faute
550 806 79 59 de
670 806 259 71 travail,
975 805 400 70 d'aliments,
1415 800 518 61 consentiraient
1983 797 37 59 à
2073 797 183 57 vivre
2304 797 148 75 plus

336 885 372 76 longtemps
740 901 115 42 sur
879 885 182 60 leurs
1086 882 365 61 territoires
1483 882 143 74 trop
1654 894 287 62 pauvres
1974 892 159 42 sans
2162 891 234 60 songer
2419 877 34 60 à

336 965 180 57 leurs
544 965 253 57 voisins
827 965 151 75 plus
1000 961 345 62 heureux?
1373 978 127 63 que
1527 960 99 58 les
1646 957 427 78 populations
2096 955 356 61 favorisées

338 1060 69 42 se
437 1042 421 60 laisseraient
889 1042 367 78 dépouiller
1278 1042 22 57 t

418 1122 101 60 On
563 1122 340 77 s'aperçoit
950 1140 126 59 que
1121 1122 59 59 le
1220 1120 330 76 triomphe
1580 1117 264 78 général
1876 1117 89 59 du
1997 1116 170 76 parti
2195 1116 227 58 travail-

337 1201 145 58 leur
550 1219 130 40 non
746 1202 369 60 seulement
1185 1199 430 60 n'amènerait
1687 1214 257 42 aucune
1999 1195 455 61 amélioration

338 1280 220 73 réelle,
592 1282 169 58 mais
795 1299 229 42 encore
1057 1281 193 59 ferait
1283 1279 220 77 surgir
1533 1279 182 58 entre
1747 1277 97 59 les
1874 1276 264 58 nations
2167 1276 117 57 des
2311 1293 108 41 con-

337 1359 137 59 flits
502 1360 36 57 à
566 1378 129 58 peu
724 1361 150 75 près
906 1361 381 75 identiques
1329 1359 37 58 à
1392 1376 168 41 ceux
1603 1374 126 58 que
1762 1356 296 77 pourrait
2090 1371 365 60 provoquer

337 1440 63 57 la
453 1439 321 76 politique
845 1439 507 61 internationale
1425 1440 63 57 la
1556 1437 154 78 plus
1782 1436 414 60 maladroite.
2232 1436 86 58 M.
2377 1436 76 60 de

337 1517 245 60 Moltke
639 1519 316 59 affirmait
1005 1520 46 58 il
1094 1538 44 57 y
1188 1536 34 41 a
1265 1536 127 59 peu
1451 1519 79 57 de
1579 1517 192 77 jours
1827 1533 231 43 encore
2098 1533 131 41 une
2262 1515 192 61 chose

340 1596 195 75 qu'on
567 1614 79 42 ne
676 1600 356 75 comprend
1049 1616 119 59 pas
1201 1615 209 55 assez,
1432 1597 153 59 bien
1615 1596 198 76 qu'on
1843 1595 330 58 l'entende
2208 1594 249 77 répéter

337 1677 152 56 tous
519 1676 97 58 les
641 1676 190 78 jours
868 1696 10 38 :
930 1699 28 33 «
1006 1679 129 58 Les
1162 1677 323 59 éléments
1518 1675 114 77 qui
1665 1675 348 59 menacent
2039 1675 65 58 la
2126 1674 158 77 paix
2312 1677 143 56 sont

340 1755 165 58 dans
554 1756 97 58 les
703 1757 302 77 peuples,
1058 1759 165 57 dans
1291 1757 98 59 les
1452 1756 249 60 classes
1770 1755 509 59 malheureuses
2346 1755 111 75 qui

338 1835 349 62 cherchent
721 1837 35 57 à
788 1837 345 59 améliorer
1161 1837 146 59 leur
1338 1835 322 59 situation
1693 1855 12 37 :
1740 1853 84 41 on
1866 1853 80 41 ne
1991 1834 120 59 fait
2148 1835 156 76 plus
2333 1851 124 60 que

340 1914 115 57 des
498 1930 270 60 guerres
801 1916 77 59 de
908 1916 238 76 peuple
1194 1938 54 37 ».

418 1992 66 57 Si
515 1994 129 58 l'on
674 1995 271 75 pouvait
975 1996 236 59 mettre
1245 2011 159 42 sous
1429 1995 98 58 les
1573 2011 180 59 yeux
1782 1995 89 57 du
1904 1994 240 77 peuple
2195 1994 260 61 l'abîme

342 2071 78 60 de
450 2072 276 60 misères
761 2077 61 56 et
854 2075 79 58 de
983 2074 339 59 calamités
1356 2075 85 58 où
1486 2075 45 57 il
1566 2091 68 42 se
1672 2075 348 76 précipite;
2053 2076 56 57 si
2140 2075 131 58 l'on
2303 2093 117 58 pou-

337 2150 133 58 vait
501 2151 96 58 lui
628 2152 237 60 laisser
896 2154 329 59 entrevoir
1254 2170 80 42 en
1367 2170 72 42 sa
1471 2152 227 60 réalité
1729 2154 79 59 de
1836 2154 228 59 ruines
2095 2156 62 57 et
2186 2155 80 58 de
2300 2171 159 60 sang

337 2229 62 58 la
430 2231 412 76 catastrophe
887 2234 194 58 d'une
1127 2250 234 60 guerre
1410 2232 368 78 populaire,
1832 2234 197 59 d'une
2087 2251 234 60 guerre
2380 2235 77 58 de

338 2325 205 56 races,
578 2311 46 57 il
657 2311 345 60 hésiterait
1053 2314 341 58 sûrement
1424 2316 62 55 et
1537 2312 396 60 s'arrêterait
1973 2314 329 77 peut-être
2346 2331 113 42 sur

336 2386 63 58 la
428 2390 196 73 pente
648 2410 12 37 :
698 2392 61 57 et
784 2392 55 57 si
867 2391 97 60 les
994 2394 445 75 gouvernants
1465 2394 498 75 entrevoyaient
1989 2411 108 42 ces
2120 2395 339 60 malheurs

337 2466 526 77 irrémédiables,
908 2472 326 75 peut-être
1269 2489 69 42 se
1372 2471 566 62 décideraient-ils
1993 2474 37 58 à
2084 2472 163 63 faire
2281 2475 144 76 quel-

338 2563 129 57 que
497 2549 218 59 chose.

416 2625 167 61 Mais
610 2630 259 73 prédire
914 2631 97 59 les
1041 2631 340 60 malheurs
1411 2631 102 60 fut
1538 2632 306 78 toujours
1875 2634 262 61 inutile.
2163 2636 295 61 Prenons

336 2703 64 59 la
431 2707 309 72 question
780 2711 396 60 autrement.

415 2864 91 60 Le
537 2867 262 76 peuple,
833 2868 98 59 las
967 2870 80 59 de
1088 2870 229 76 peiner
1367 2872 63 59 et
1477 2872 78 60 de
1604 2873 197 77 pâtir,
1834 2873 280 61 réclame
2147 2892 131 44 une
2309 2876 149 77 plus

338 2946 246 77 grande
640 2947 260 61 aisance
951 2950 164 59 dans
1159 2951 64 58 la
1270 2951 125 60 vie.
1431 2952 53 59 Il
1533 2953 245 60 souffre
1826 2957 62 57 et
1938 2974 256 42 comme
2244 2975 81 42 on
2364 2957 94 59 lui

339 3025 218 77 répète
588 3026 236 76 depuis
856 3030 146 57 cent
1036 3030 356 76 cinquante
1420 3049 119 42 ans
1577 3049 127 59 que
1750 3035 95 58 lui
1881 3036 144 58 seul
2063 3036 235 74 existe,
2335 3054 123 59 que

336 3106 98 58 lui
462 3105 146 58 seul
640 3106 305 76 importe,
981 3110 159 75 qu'il
1174 3111 101 57 est
1304 3111 169 72 tout,
1507 3112 46 57 il
1585 3115 158 57 veut
1784 3115 140 76 agir
1950 3132 120 60 par
2112 3116 345 60 lui-même

336 3202 167 59 pour
538 3201 120 42 son
699 3186 155 59 bien
873 3205 16 54 ;
920 3187 45 57 il
1014 3190 158 57 veut
1218 3190 273 59 devenir
1543 3209 119 43 son
1708 3211 234 60 propre
1994 3196 465 76 dispensateur

339 3265 77 58 de
461 3265 303 59 bonheur
807 3266 209 61 futur.
1051 3268 55 59 Il
1149 3268 278 78 prétend
1463 3276 362 71 connaître,
1868 3275 96 58 lui
2013 3277 170 73 seul,
2217 3277 60 60 le
2320 3277 137 60 vrai

338 3343 264 60 remède
641 3345 36 57 à
719 3362 120 42 son
875 3347 156 71 mal,
1061 3350 63 57 et
1157 3348 163 60 dans
1357 3367 118 42 son
1508 3352 242 59 ardeur
1775 3353 37 59 à
1842 3355 321 61 réclamer
2197 3374 70 43 ce
2301 3356 156 77 qu'il

330 3423 159 76 juge
519 3422 133 61 être
684 3425 294 76 l'équité,
1008 3427 46 59 il
1092 3445 80 42 en
1207 3430 211 59 arrive
1453 3431 36 58 à
1522 3449 69 42 se
1633 3433 206 60 croire
1875 3435 348 78 identique
2265 3437 37 59 à
2336 3436 92 61 lui-

336 3503 216 59 même
584 3503 164 60 dans
776 3506 219 60 toutes
1028 3507 97 60 les
1157 3508 289 74 nations,
1482 3511 166 60 dans
1680 3513 222 61 toutes
1938 3516 99 58 les
2071 3534 183 43 races
2287 3519 61 58 et
2378 3534 78 43 ne

338 3582 161 60 tient
525 3583 153 77 plus
707 3587 255 76 compte
995 3587 66 59 ni
1096 3588 115 60 des
1246 3590 389 62 différences
1666 3593 77 60 de
1778 3597 260 71 nature,
2075 3597 77 60 de
2183 3615 270 54 mœurs,
