3476 4572
1368 3901 185 43 57

1251 2298 448 64 BERNINI

258 2521 75 104 IN
370 2523 55 34 der
456 2523 196 48 Einleitung
683 2537 39 22 zu
755 2524 112 35 seinen
899 2525 194 40 „Promessi
1128 2525 97 49 Sposi
1234 2531 22 14 cc
1289 2525 133 48 fingiert

313 2577 164 34 Manzoni
492 2576 63 35 den
571 2577 92 34 Fund
679 2577 86 34 eines
781 2577 79 34 halb
875 2577 244 41 verblichenen,
1135 2576 147 36 vielfach
1298 2578 104 34 durch-

258 2629 187 35 stochenen
456 2629 251 49 Manuskriptes
723 2643 58 21 aus
797 2630 77 35 dem
889 2630 206 35 siebzehnten
1105 2631 233 44 Jahrhundert,
1354 2644 68 22 von

260 2683 167 46 gemeiner
447 2681 241 37 Schreibweise
706 2683 72 35 und
798 2684 284 47 eigenmächtiger
1102 2683 227 41 Grammatik,
1350 2683 70 36 voll

258 2733 206 50 ungelenker
478 2735 216 49 Satzbildung
710 2736 69 34 und
794 2737 220 47 ungereimter
1025 2737 154 40 Phrasen,
1195 2736 205 48 geschwolle-

257 2800 59 22 ner
343 2787 169 36 Rhetorik
543 2789 71 34 und
647 2789 208 47 ehrgeizigen
884 2789 275 49 Gemeinplätzen
1274 2789 144 35 kurzum

258 2840 65 35 den
338 2839 166 49 Inbegriff
513 2841 55 34 der
583 2839 55 37 für
658 2841 52 35 die
726 2841 167 35 Schriften
911 2846 86 44 jenes
1013 2843 126 34 Landes
1155 2843 70 34 und
1244 2846 89 44 jener
1347 2843 73 33 Zeit

257 2893 333 35 charakteristischen
609 2896 61 33 Art
690 2894 71 35 und
779 2896 126 34 Weise.
997 2896 81 34 Und
1098 2895 157 35 dennoch
1274 2895 146 48 erglänzt

256 2960 58 21 aus
336 2947 88 35 einer
443 2946 187 49 derartigen
646 2947 200 49 Sammlung
866 2950 72 32 eine
953 2948 279 48 Prachtleistung:
1255 2949 55 34 das
1325 2949 94 33 Buch

258 2999 78 35 über
355 2999 53 35 die
427 3003 108 32 Kunst
555 3013 70 22 von
640 3001 89 35 Gian
745 3003 149 33 Lorenzo
910 3002 145 41 Bernini,
1075 3002 109 34 einem
1202 3004 140 37 Manne,
1362 3001 57 34 der

255 3052 68 35 sich
353 3052 235 36 himmelhoch
616 3052 80 36 über
724 3053 56 35 das
805 3053 172 36 Gelichter
1004 3055 58 34 der
1086 3054 233 35 Lanzknechte
1348 3053 68 34 und

255 3106 108 39 Bravi,
379 3105 56 34 der
445 3105 258 36 Marktschreier
718 3107 70 34 und
799 3107 218 41 Abenteurer,
1032 3108 108 34 Ritter
1155 3107 70 35 und
1237 3109 180 44 Tyrannen

256 3158 102 34 seiner
376 3159 73 33 Zeit
468 3159 115 35 erhob.
621 3161 39 32 In
676 3163 111 43 jenem
808 3159 120 35 ebenso
948 3160 193 36 verderbten
1161 3160 47 35 als
1228 3159 99 35 eiteln
1347 3158 69 35 und

255 3210 163 35 haltlosen
439 3212 157 34 Zeitalter
615 3212 97 34 stand
733 3226 31 20 er
783 3221 97 26 unter
900 3213 64 35 den
983 3214 186 48 Wenigen,
1190 3213 53 35 die
1263 3212 70 35 sich
1353 3210 64 36 frei

256 3261 110 36 davon
380 3263 124 35 hielten
520 3264 69 35 und
605 3278 39 21 zu
654 3265 173 35 Höherem
843 3264 278 50 aufschwangen,
1136 3264 211 37 zielbewufst
1362 3265 52 34 da.

256 3316 178 33 Zwischen
465 3318 227 45 hysterischen
724 3319 198 34 Visionären
954 3319 73 35 und
1058 3318 175 36 fieberhaft
1266 3326 150 39 erregten

256 3368 237 47 Zeitgenossen
512 3369 116 35 schritt
649 3384 33 20 er
706 3372 63 33 mit
788 3372 123 34 seinem
930 3373 252 35 Löwenherzen
1201 3372 69 34 und
1292 3371 124 34 seinem

256 3419 217 36 athletischen
501 3421 226 43 Muskelbau,
757 3438 68 21 von
854 3425 141 35 alledem
1025 3426 202 39 unberührt,
1253 3423 162 48 siegreich

255 3473 123 34 einher.
397 3474 136 34 Woher
547 3473 81 36 kam
642 3476 125 34 diesem
781 3490 109 22 neuen
900 3478 165 35 Herkules
1077 3478 94 35 solch
1183 3485 231 28 unvermutete

254 3523 117 37 Kraft?
402 3528 86 32 Was
508 3540 74 21 war
601 3540 42 28 es,
672 3527 56 36 das
748 3542 58 22 aus
834 3530 56 35 der
908 3530 265 37 verkommenen
1192 3528 221 39 Gesellschaft

254 3577 54 35 des
324 3577 210 37 siebzehnten
548 3580 235 44 Jahrhunderts
802 3583 70 34 eine
889 3584 115 35 solche
1019 3582 303 49 Herrschergestalt
1342 3595 47 21 em-

253 3631 239 47 porschnellte?
535 3633 93 34 Stellt
649 3636 83 33 euch
760 3635 63 35 auf
845 3636 62 35 den
932 3650 69 22 von
1020 3638 134 34 Bernini
1178 3633 234 52 geschaffenen

254 3681 219 38 öffentlichen
489 3685 142 42 Plätzen,
645 3690 72 44 jene
732 3689 36 34 in
785 3689 72 35 ihre
872 3690 130 35 Mäntel
1021 3690 173 48 gehüllten
1208 3688 182 35 Menschen-

1527 2526 187 35 schwärme
1738 2528 61 33 mit
1824 2527 95 34 ihren
1938 2528 186 34 wehenden
2143 2528 228 36 Sturmfedern
2392 2531 70 34 und
2482 2532 204 48 gewaltigen

1528 2577 190 36 klirrenden
1731 2580 209 35 Schwertern
1953 2593 72 27 vor,
2040 2581 68 34 wie
2124 2582 45 33 sie
2183 2582 73 33 ihre
2271 2582 175 47 gesteiften
2458 2584 228 36 Halskrausen

1527 2631 162 48 bewegen
1714 2632 67 34 und
1807 2632 70 35 ihre
1895 2632 133 48 langen,
2054 2634 90 34 reich
2163 2633 256 37 durchwirkten
2439 2638 191 34 Gewänder
2649 2639 36 34 in

1526 2684 140 34 buntem
1685 2685 185 35 Wirrwarr
1894 2686 87 33 nach
2005 2685 70 35 sich
2101 2687 115 34 ziehen
2242 2687 71 34 und
2340 2702 31 20 es
2399 2689 87 35 wird
2512 2690 83 35 euch
2614 2704 72 21 nun

1525 2737 70 34 und
1615 2738 143 33 nimmer
1777 2737 166 48 gelingen,
1969 2738 117 34 daraus
2107 2738 63 35 den
2190 2740 93 34 Geist
2303 2754 66 21 von
2390 2742 146 34 Berninis
2557 2745 127 34 Genius

1525 2803 40 21 zu
1599 2789 160 35 erklären.
1811 2790 160 48 Bespülen
2000 2794 73 43 jene
2105 2792 292 36 Menschenfluten
2426 2798 32 43 ja
2491 2794 107 36 kaum
2630 2797 53 34 die

1524 2841 193 36 kolossalen
1741 2841 202 42 Felsstücke,
1971 2843 142 35 worauf
2134 2846 89 33 seine
2246 2846 168 47 Giganten
2440 2848 243 37 niedersausen.

1524 2896 65 33 Die
1609 2894 219 36 Gesellschaft
1852 2909 73 21 war
1949 2905 197 39 verzwergt;
2172 2899 134 33 Bernini
2327 2899 75 34 aber
2421 2914 73 21 war
2513 2901 53 34 ein
2585 2903 98 35 Riese

1524 2947 70 35 und
1613 2951 91 31 Rom
1724 2949 89 33 seine
1831 2946 242 37 künstlerische
2091 2951 233 36 Nährmutter.

1602 3003 85 32 Man
1719 3001 59 33 hat
1810 3000 196 49 behauptet:
2040 3005 89 32 Rom
2162 3003 92 34 zähle
2283 3012 95 26 unter
2406 3005 111 35 seinen
2546 3008 136 34 Söhnen

1523 3052 96 35 keine
1638 3053 287 47 hervorragenden
1945 3053 168 37 Künstler.
2143 3054 152 36 Insofern
2315 3070 78 21 man
2413 3071 65 21 nur
2496 3060 89 34 nach
2605 3060 76 35 dem

1521 3104 204 36 Taufschein
1744 3106 96 40 sieht,
1859 3106 43 34 ist
1921 3107 67 33 dies
2009 3107 138 48 richtig;
2167 3108 94 35 nicht
2281 3109 86 45 aber,
2386 3124 105 22 wenn
2505 3125 79 22 man
2599 3113 83 34 über

1524 3158 62 35 den
1611 3160 175 47 Ursprung
1810 3158 55 35 des
1885 3160 140 40 Genius,
2052 3159 81 35 über
2157 3161 62 34 den
2246 3162 87 34 seine
2352 3163 245 50 Schöpfungen
2623 3165 38 36 be-

1520 3211 162 34 lebenden
1702 3212 69 33 und
1791 3212 209 47 anregenden
2020 3214 92 33 Geist
2131 3214 203 36 nachdenkt.

1601 3264 116 34 Durch
1743 3263 62 34 alle
1823 3264 252 45 Jahrhunderte,
2099 3279 40 21 zu
2159 3266 87 35 allen
2264 3268 128 41 Zeiten,
2418 3268 59 36 hat
2496 3270 53 34 die
2567 3273 113 33 Roma

1521 3325 130 26 aeterna
1678 3316 65 34 den
1767 3317 126 34 Genius
1922 3316 223 51 beschwingt,
2173 3320 74 34 ihm
2273 3334 68 21 von
2370 3321 89 35 ihrer
2483 3324 178 35 Herrscher-

1520 3370 115 34 macht
1663 3368 191 49 eingeflöfst
1878 3370 70 35 und
1974 3370 197 49 königliche
2190 3375 126 33 Kränze
2334 3374 179 38 verliehen.
2552 3377 127 35 Welch

1520 3421 256 36 künstlerisches
1795 3421 82 35 Erbe
1897 3421 55 36 für
1971 3425 149 34 Bernini!
2158 3428 89 33 War
2267 3426 90 35 doch
2377 3428 54 34 ein
2449 3441 117 35 ganzes
2586 3430 92 35 Volk

1520 3488 68 22 von
1613 3474 179 35 Künstlern
1821 3474 116 36 bereits
1962 3490 61 21 vor
2046 3478 84 42 ihm,
2159 3478 285 51 ruhmbedürftig,
2472 3484 87 33 nach
2585 3486 92 32 Rom

1519 3528 176 47 geströmt!
1734 3528 189 35 Gleichwie
1948 3528 56 36 das
2023 3530 76 35 Blut
2125 3544 69 22 von
2220 3532 65 35 den
2304 3533 111 35 Adern
2440 3548 73 22 zum
2536 3538 140 40 Herzen,

1518 3594 37 21 so
1571 3581 120 47 drängt
1706 3580 51 34 die
1772 3583 112 32 Kunst
1899 3595 57 22 aus
1971 3582 88 36 allen
2073 3584 115 34 Teilen
2203 3585 132 36 Italiens
2350 3600 57 22 zur
2422 3589 134 47 ewigen
2571 3590 105 41 Stadt,

1518 3647 58 21 um
1595 3634 71 34 sich
1685 3633 77 35 dort
1782 3635 258 41 anzusammeln,
2061 3649 40 22 zu
2121 3645 116 27 stauen
2256 3639 71 34 und
2347 3640 262 37 überzufliefsen.

1517 3689 78 32 Von
1616 3687 124 34 seinem
1758 3687 166 47 goldenen
1940 3688 157 36 Zeitalter
2111 3703 42 22 an
2167 3691 42 34 ist
2224 3694 91 33 Rom
2331 3692 237 38 fortwährend
2582 3697 95 33 nicht

1256 1942 195 15 GEWANDSTUDIE
1465 1944 29 13 ZU
1508 1943 92 15 SALOME

1059 1941 50 14 MAX
1124 1942 116 17 KLINGER
