3595 4572
2118 3834 187 43 50

933 522 128 38 erfährt
1084 522 53 35 bei
1166 520 179 36 manchem
1376 525 63 28 erst
1468 515 169 41 dadurch,
1668 511 70 36 dafs
1766 512 46 34 sie
1841 523 57 35 gar
1931 508 94 35 nicht
2058 519 37 21 so

934 578 92 35 hoch
1054 573 249 50 hinaufgehen,
1333 572 46 35 als
1405 584 30 21 es
1464 568 191 36 befürchtet
1684 567 103 34 hatte.
1834 562 99 36 Auch
1959 558 55 37 für
2044 559 53 35 die

936 629 157 37 Künstler
1118 627 99 36 selbst
1242 626 81 49 liegt
1350 625 96 34 darin
1472 624 71 33 eine
1569 619 168 37 nützliche
1762 615 237 50 Gelegenheit,
2026 613 72 34 ihre

937 682 316 47 Preisforderungen
1279 678 123 48 richtig
1428 674 230 38 aufzustellen.
1696 672 56 35 Ob
1781 671 53 34 ein
1862 669 129 35 solches
2016 669 62 32 Ver-

938 736 119 36 fahren
1079 736 89 35 auch
1187 735 33 34 in
1241 736 110 43 Bezug
1371 728 64 38 auf
1449 730 54 34 die
1523 725 162 39 Gemälde
1704 725 70 34 und
1790 720 190 38 Bildwerke
2000 732 80 23 anzu-

938 790 148 36 wenden
1103 792 110 35 wäre,
1239 786 42 35 ist
1305 785 73 34 eine
1398 783 121 35 andere
1545 779 70 37 und
1634 779 148 47 weniger
1801 776 163 46 wichtige
1985 775 115 44 Frage;

938 843 56 35 ich
1014 840 127 38 wüfste
1160 840 75 35 aber
1253 839 112 39 nicht,
1392 834 150 38 weshalb
1562 835 45 33 sie
1627 831 113 36 anders
1767 828 178 37 behandelt
1964 825 138 36 werden

941 896 108 35 sollte.
1095 892 178 48 Jedenfalls
1306 889 75 37 sind
1414 889 53 35 die
1496 885 159 37 Künstler
1688 882 206 47 vollständig
1924 880 82 34 über
2038 878 65 34 den

940 948 168 35 Verdacht
1129 945 155 40 erhaben,
1305 943 45 35 als
1371 942 44 35 ob
1435 943 45 33 sie
1500 940 86 35 nach
1603 941 60 33 Art
1682 937 156 48 gewisser
1853 931 252 38 Kunsthändler

942 1004 55 32 ein
1021 1004 155 32 Interesse
1200 998 112 35 davon
1337 997 135 38 hätten,
1496 994 72 34 ihre
1587 992 103 34 Preise
1714 993 31 44 je
1770 989 86 35 nach
1882 986 78 35 dem
1980 982 123 37 Käufer

944 1054 71 35 und
1035 1054 106 33 seiner
1159 1048 186 38 Kaufkraft
1364 1046 238 37 einzurichten.

1023 1110 96 31 Dazu
1139 1103 90 36 mufs
1248 1103 92 35 noch
1359 1103 87 33 eines
1467 1097 279 37 hinzukommen.
1780 1093 159 36 Dadurch
1959 1089 73 36 dafs
2052 1089 54 34 die

945 1159 157 37 Künstler
1122 1157 98 35 selbst
1239 1170 32 21 es
1291 1155 245 35 übernommen
1554 1151 121 39 haben,
1696 1146 63 37 auf
1769 1147 65 34 den
1844 1143 263 46 Ausstellungen

949 1226 102 35 ganze
1067 1212 147 34 Zimmer
1228 1208 237 39 einzurichten,
1478 1219 41 21 an
1535 1203 98 36 Stelle
1649 1202 56 35 der
1721 1214 69 21 von
1805 1200 65 33 den
1885 1195 223 37 Fabrikanten

948 1265 260 48 eingerichteten
1218 1265 110 43 Kojen
1344 1260 56 34 der
1411 1258 157 36 früheren
1579 1248 528 53 Kunstgewerbeausstellungen,

948 1320 42 33 ist
1010 1319 72 34 eine
1101 1313 251 52 grundlegende
1369 1315 181 43 Besserung
1576 1305 251 49 herbeigeführt
1841 1301 151 37 worden.
2022 1301 87 33 Nun

950 1370 138 37 werden
1108 1369 75 35 aber
1207 1367 53 35 die
1279 1364 226 38 Veranstalter
1527 1363 57 34 der
1603 1358 262 46 Ausstellungen
1893 1354 92 34 noch
2011 1353 98 34 einen

952 1424 124 35 Schritt
1096 1421 141 35 darüber
1256 1418 235 48 hinausgehen
1511 1420 144 33 müssen,
1674 1411 116 35 indem
1808 1410 46 33 sie
1872 1407 108 35 neben
1999 1405 108 34 diesen

953 1475 193 37 einheitlich
1167 1479 256 42 ausgestatteten
1443 1470 172 34 Zimmern
1634 1465 87 35 auch
1740 1467 130 31 Räume
1889 1456 165 42 schaffen,
2075 1458 34 33 in

2204 503 109 35 denen
2347 501 46 34 sie
2429 499 52 34 die
2516 492 217 40 vereinzelten
2761 490 252 49 Gegenstände,
3042 489 129 35 welche
3199 503 67 22 von
3295 504 53 21 ver-

2204 554 198 37 schiedenen
2430 549 184 37 Künstlern
2638 543 192 42 einlaufen,
2857 557 40 21 zu
2924 544 110 33 einem
3059 541 220 48 behaglichen
3299 544 67 34 und

2204 605 284 49 zweckmäßigen
2504 598 229 41 Gesamtbilde
2747 595 336 37 zusammenordnen.
3116 598 68 30 Das
3203 594 77 35 läßt
3299 596 69 34 sich

2205 663 95 35 nicht
2321 660 61 35 mit
2398 657 119 48 Erfolg
2533 650 242 42 durchführen,
2792 663 37 21 so
2845 649 98 47 lange
2959 661 79 22 man
3054 661 31 20 es
3103 645 63 35 auf
3178 646 65 35 den
3258 647 111 36 Zufall

2206 715 57 35 der
2277 712 263 47 Anmeldungen
2554 706 211 38 ankommen
2784 701 86 37 läßt.
2902 701 150 35 Sondern
3068 698 55 36 für
3139 699 85 34 diese
3241 703 127 32 Räume

2208 767 89 37 muß
2312 766 58 35 der
2384 765 168 37 Rahmen,
2568 762 71 33 ihre
2655 756 132 42 Größe,
2804 757 70 33 ihre
2888 755 247 45 Bestimmung,
3152 753 52 33 ihr
3218 755 132 32 Gesamt-

2208 819 176 38 charakter
2399 818 106 35 sowie
2523 815 54 35 der
2594 810 122 38 Bedarf
2727 824 43 21 an
2785 809 65 35 den
2864 806 241 37 wesentlichen
3118 807 234 46 Ausstattungs-

2209 873 141 36 stücken
2374 872 119 35 vorher
2522 879 110 38 genau
2660 862 195 50 festgestellt
2882 859 150 38 werden.
3071 861 102 31 Dann
3202 858 86 34 stellt
3317 858 55 35 das

2210 931 113 32 Ganze
2342 926 73 34 eine
2436 924 161 45 Leistung
2622 919 58 34 der
2700 913 369 49 Ausstellungsleitung
3090 911 76 40 dar,
3194 911 67 34 wie
3289 912 85 34 auch

2210 980 106 35 schon
2334 983 76 43 jetzt
2425 977 58 35 das
2498 971 209 40 Gesamtbild
2728 979 92 26 etwa
2840 968 55 35 des
2911 966 135 35 Mattel-
3062 962 70 37 und

2211 1034 91 34 einer
2321 1030 219 47 Ausstellung
2560 1028 72 35 eine
2651 1023 115 36 solche
2785 1021 135 35 bildete.
2954 1018 118 35 Indem
3087 1018 53 33 die
3155 1016 221 35 Veranstalter

2213 1086 56 34 der
2288 1084 219 47 Ausstellung
2531 1082 36 33 in
2587 1079 131 35 solcher
2878 1073 81 35 über
2987 1071 56 35 das
3071 1068 109 36 bloße
3209 1071 147 32 Zur-Ver-

2212 1136 278 50 fügung-Stellen
2510 1147 69 23 von
2598 1135 158 32 Räumen
2774 1127 243 48 hinausgehen,
3048 1120 128 51 greifen
3195 1122 45 34 sie
3263 1121 98 35 selbst-

2213 1192 110 45 thätig
2343 1191 35 33 in
2397 1189 53 34 die
2470 1186 202 46 Gestaltung
2691 1183 56 35 des
2768 1185 137 32 Ganzen
2925 1180 54 33 ein
3005 1176 71 36 und
3104 1176 146 35 arbeiten
3269 1188 36 20 so
3327 1173 52 36 für

2214 1245 96 33 ihren
2323 1241 75 36 Teil
2413 1255 43 21 an
2470 1240 58 35 der
2544 1235 276 47 Weiterbildung
2836 1234 54 34 des
2907 1231 219 35 Kunstsinnes
3144 1228 72 35 mit.
3237 1227 142 36 Wollen

2216 1296 77 35 aber
2317 1295 53 34 die
2394 1292 264 47 Ausstellungen
2681 1290 71 33 ihre
2778 1283 384 47 Daseinsberechtigung
3187 1280 191 40 bewahren,

2215 1363 37 20 so
2270 1353 133 30 müssen
2413 1348 45 33 sie
2474 1347 119 33 immer
2602 1343 120 36 weiter
2738 1339 64 37 auf
2812 1340 106 34 dieser
2928 1337 94 35 Bahn
3038 1336 57 35 der
3110 1332 269 51 schöpferischen

2216 1400 196 48 Thätigkeit
2432 1397 246 37 fortschreiten.

3054 1443 62 32 W.
3136 1454 29 21 v.
3189 1442 145 32 Seidlitz

1831 3486 62 14 KOPF
1907 3484 48 15 DER

1629 3489 54 14 MAX
1698 3487 117 17 KLINGER
