3273 4572
1260 3858 185 43 13

227 541 163 38 Marie:
418 551 112 41 (nickt)
555 543 75 38 Die
656 545 132 37 Sonne
818 545 88 38 thut
934 558 43 25 so
1007 545 118 47 wohl,
1155 544 151 39 scheint

149 603 52 37 sie
230 602 72 38 Dir
330 602 112 40 nicht
469 604 60 39 ins
559 605 189 39 Gesicht?
793 606 112 38 Rück
934 618 118 28 etwas
1079 607 148 38 herum.

228 672 122 39 Curt
379 685 128 39 (rückt).

227 743 162 40 Marie:
417 745 98 38 AVie
545 746 93 51 geht
668 760 38 25 es
735 747 70 38 mit
833 746 222 39 Reinhold?

228 823 139 40 Curt:
398 825 49 38 Es
475 825 50 39 ist
552 825 150 38 wieder
731 826 88 39 alles
847 826 40 38 in
916 826 209 51 Ordnung.
1179 826 51 37 Er
1256 825 50 38 ist

148 884 79 38 den
257 898 150 38 ganzen
437 887 226 51 Vormittag
690 886 329 53 herumgelaufen.

228 964 167 39 Marie:
424 966 143 38 Wenn
596 979 42 25 er
666 979 74 25 nur
761 978 118 27 etwas
898 966 274 52 vernünftiger
1191 966 115 38 leben

146 1025 153 38 wollte!

229 1096 122 38 Curt
381 1107 106 39 (zuckt
512 1107 48 29 die
584 1106 159 40 Achseln).

228 1166 158 38 Marie:
418 1175 90 41 (sieht
531 1176 52 30 ihn
607 1185 82 21 ernst
712 1178 51 38 an)
798 1167 160 39 Schäme
987 1167 120 39 Dich!

230 1237 122 38 Curt
382 1246 91 40 (sieht
502 1257 57 19 vor
583 1246 60 30 sich
667 1247 131 40 nieder).

228 1316 160 38 Marie:
433 1316 108 46 Ach,
579 1316 74 38 wie
696 1315 62 39 die
798 1315 87 39 Zeit
927 1315 106 40 doch
1073 1317 112 38 rasch
1216 1329 66 25 ver-

148 1390 152 37 gangen
327 1377 62 38 ist!

229 1447 133 38 Curt:
400 1457 119 39 (bitter)
554 1451 32 32 O
614 1448 50 50 ja!

228 1517 158 38 Marie:
418 1526 62 39 (die
504 1526 94 29 Hand
623 1526 58 29 auf
701 1526 80 29 seine
806 1527 124 40 legend)
962 1517 142 38 Lieber
1133 1519 116 38 Curt!

228 1587 134 38 Curt:
391 1587 26 36 A
418 1587 13 22 7
435 1586 129 38 erzeih
593 1587 83 37 mir.

226 1665 154 39 Marie:
411 1674 165 40 (lächelnd)
606 1665 141 38 Lieber
767 1665 167 47 Freund,
963 1667 112 37 mach
1097 1667 69 37 Dir
1195 1667 106 38 doch

148 1727 64 37 das
241 1726 269 38 Natürlichste
539 1726 110 38 nicht
677 1726 171 44 schwer;
878 1740 40 23 es
946 1726 50 39 ist
1021 1729 35 46 ja
1086 1728 105 39 doch
1214 1728 87 38 alles

148 1802 43 24 so
222 1787 171 39 einfach!
449 1787 93 38 Wir
572 1787 87 37 sind
687 1788 34 47 ja
749 1787 106 39 doch
883 1788 236 39 Menschen!
1176 1790 48 37 Es
1253 1790 50 37 ist

148 1850 85 38 eine
248 1863 100 25 neue
365 1848 121 38 Liebe
502 1848 246 50 gekommen,
769 1848 81 38 und
871 1862 81 24 nun
967 1849 49 38 ist
1031 1849 70 38 der
1116 1850 187 38 Kummer

145 1925 67 23 um
241 1910 61 37 die
332 1910 73 37 alte
433 1908 328 39 verschwunden.
808 1909 126 38 Nicht
952 1911 130 38 wahr?
1124 1912 179 37 Darüber

147 1971 164 38 braucht
339 1983 90 25 man
459 1970 81 38 sich
569 1969 104 38 doch
701 1969 111 39 nicht
840 1983 49 25 zu
918 1974 154 47 ärgern!

225 2041 130 38 Curt:
387 2049 161 40 (halblaut)
575 2040 64 37 Du
668 2039 75 37 bist
770 2039 124 50 lustig.

222 2119 159 38 Marie:
411 2117 127 39 Nicht
567 2117 130 38 wahr?
743 2118 69 38 Ich
842 2117 66 39 bin
937 2119 107 38 noch
1072 2119 139 39 immer
1237 2121 63 37 das

142 2180 139 51 lustige
311 2180 216 45 Mädchen,
557 2192 119 24 wenn
704 2179 65 39 ich
802 2180 98 38 auch
935 2180 94 38 blafs
1064 2182 81 37 und
1170 2195 132 37 mager

143 2241 217 52 geworden
389 2240 77 38 bin.
650 2241 87 38 Sieh
765 2241 87 38 mal!
886 2252 97 39 (zeigt
1006 2251 64 30 ihm
1093 2251 64 30 ihre
1182 2253 119 39 Hand).

222 2321 134 36 Curt:
388 2329 152 40 (verbirgt
564 2329 81 29 seine
671 2329 166 41 Rührung)
863 2321 52 46 Ja,
936 2334 94 34 ITUII,
1052 2323 150 36 Weilll’s
1223 2335 78 25 erst

141 2382 148 38 wieder
302 2380 186 51 Frühling
508 2380 114 38 wird!
666 2382 91 38 Nur
778 2382 69 38 der
862 2382 164 38 Winter
1046 2395 78 26 erst
1143 2384 156 38 vorbei!

222 2460 158 38 Marie:
410 2461 77 36 Das
518 2459 103 39 denk
648 2460 64 39 ich
741 2461 108 46 auch,
1033 2472 104 38 (rückt
1160 2472 62 30 sich
1247 2483 36 19 zu-

141 2531 99 40 recht)
270 2521 126 38 denke
424 2521 85 46 Dir,
538 2522 217 37 manchmal
784 2522 99 38 thun
911 2523 73 38 mir
1009 2524 128 37 meine
1167 2537 134 25 armen

141 2583 140 51 Finger
310 2582 224 39 ordentlich
562 2582 90 47 leid,
682 2583 83 39 dafs
795 2584 52 37 sie
877 2596 44 25 so
952 2584 111 38 dünn
1084 2585 216 50 geworden

143 2644 104 39 sind!
303 2644 60 37 Sie
394 2644 121 38 sehen
544 2657 42 25 so
622 2644 249 39 sentimental
905 2658 83 34 aus,
1026 2646 111 38 nicht
1170 2648 131 37 wahr?

221 2713 139 39 Curt:
389 2714 94 38 Hm.

221 2784 157 38 Marie:
426 2785 66 37 Du
534 2785 84 38 hast
661 2797 43 25 so
745 2785 175 39 hübsche
961 2786 147 39 braune
1148 2789 154 37 Backen

146 2844 181 51 gekriegt,
343 2846 90 37 aber
450 2845 62 38 die
528 2846 128 37 Haare
673 2847 118 38 sehen
808 2847 239 39 schrecklich
1067 2862 65 24 aus
1153 2862 61 31 so;
1237 2849 63 38 das

145 2905 100 39 mufs
273 2905 63 39 ich
365 2906 137 39 einmal
531 2908 118 37 Anna
677 2921 133 38 sagen,
849 2909 81 38 dafs
960 2911 54 37 sie
1043 2910 70 38 Dir
1148 2924 45 24 so
1223 2924 76 26 was

145 2966 203 39 verbietet.

225 3037 133 38 Curt:
390 3047 138 39 (streicht
551 3048 62 30 sich
636 3050 76 29 über
737 3050 51 29 das
812 3051 98 39 Haar)
932 3041 90 39 Ach
1047 3042 45 48 ja,
1111 3041 64 39 ich
1195 3041 104 39 hab’s

146 3098 73 39 mir
247 3112 43 24 so
320 3099 181 39 wachsen
529 3100 135 39 lassen.

224 3178 160 37 Marie:
427 3178 95 39 Und
556 3193 84 24 nun
675 3180 73 38 hör
785 3181 89 46 mal,
911 3194 168 38 morgen
1111 3183 49 37 ist
1195 3182 106 38 doch

146 3238 187 52 Sonntag,
370 3239 48 39 da
446 3239 123 39 müfst
595 3241 64 38 Ihr
688 3241 107 38 denn
824 3243 98 38 auch
950 3256 48 25 an
1033 3243 62 38 die
1123 3243 176 38 Besuche

146 3299 163 39 denken.

224 3371 137 38 Curt:
391 3372 115 47 Gott,
533 3374 50 47 ja!

224 3451 167 37 Marie:
421 3451 61 37 Da
509 3451 100 39 wird
638 3452 111 40 nicht
769 3453 196 51 gestöhnt,
995 3452 64 39 das
1078 3452 103 39 mufs
1202 3452 97 45 sein,

147 3511 64 36 Du
247 3511 172 38 kommst
456 3512 105 38 dann
598 3525 78 26 erst
703 3526 50 25 zu
787 3514 89 45 mir,
915 3513 52 38 ob
1003 3514 98 38 auch
1136 3513 87 38 alles
1258 3513 43 37 in

147 3570 197 52 Ordnung
372 3573 59 38 ist.

226 3641 132 39 Curt:
397 3643 87 37 Erst
512 3643 84 38 hast
622 3645 65 37 Du
721 3645 105 39 mich
858 3645 110 39 nicht
1002 3644 177 51 gewollt,
1215 3643 84 39 und

1414 555 83 24 nun
1525 539 270 53 tyrannisierst
1814 539 66 38 Du
1909 538 104 39 mich
2033 538 232 47 schlimmer,
2294 538 51 38 als
2366 551 118 25 wenn
2503 539 66 37 Du

1412 602 129 38 meine
1570 602 96 37 Frau
1694 607 127 32 wärst.

1491 680 164 39 Marie:
1684 681 78 37 Das
1792 679 48 38 ist
1868 678 99 39 auch
1996 678 63 38 ein
2088 677 160 40 bischen
2268 678 112 51 nötig
2404 678 63 38 bei
2485 678 83 39 Dir.

1411 743 76 46 Na,
1517 743 115 37 Anna
1659 741 102 38 wird
1790 741 64 38 das
1875 741 124 38 schon
2019 739 207 51 besorgen,
2254 739 46 38 da
2319 739 50 39 ist
2394 739 72 39 mir
2486 753 63 38 gar-

1412 804 108 38 nicht
1547 804 137 50 bange.

1492 874 135 39 Curt:
1658 871 151 40 Weifst
1830 873 74 46 Du,
1930 872 135 45 Marie,
2093 870 104 39 mich
2216 870 139 39 drückt
2376 871 64 38 das
2460 871 108 38 Alles

1412 951 62 32 so,
1521 960 43 4 __
1686 948 121 26 wenn
1846 934 65 39 ich
1951 933 104 39 Dich
2098 932 105 39 doch
2244 945 74 26 nur
2359 933 210 38 verstehen

1411 999 168 37 könnte!

1490 1068 161 38 Marie:
1698 1075 166 41 (lächelnd)
1903 1066 76 37 Das
2021 1065 50 38 ist
2112 1064 107 38 doch
2260 1063 109 39 nicht
2416 1077 44 24 so
2503 1064 64 38 ein

1412 1129 246 51 schwieriges
1685 1127 203 39 Problem!
1941 1126 70 38 Ich
2040 1126 66 38 bin
2136 1126 103 37 eben
2268 1138 44 25 so
2347 1125 86 38 eine
2463 1136 103 40 gute,

1412 1192 115 37 brave
1557 1191 108 37 Haut
1692 1204 82 24 von
1795 1188 345 46 Allerweltstante,
2171 1187 62 38 die
2262 1187 62 38 die
2347 1187 219 39 Menschen

1412 1265 97 38 gern
1536 1251 243 39 verheiratet.

1491 1322 134 38 Curt:
1654 1322 93 46 Hm,
1778 1321 151 38 Tante!

1489 1393 163 37 Marie:
1687 1392 78 37 Mir
1794 1390 163 47 scheint,
1985 1391 66 37 Du
2079 1390 108 38 wirst
2214 1389 134 39 frivol!
2402 1390 70 38 Ich
2501 1389 66 38 bin

1412 1454 105 39 doch
1544 1454 73 38 fast
1645 1467 43 24 so
1719 1453 50 38 alt
1796 1453 75 38 wie
1891 1453 77 45 Du,
1998 1452 49 37 da
2075 1451 50 38 ist
2153 1451 107 38 doch
2284 1451 63 38 ein
2366 1451 199 38 Mädchen

1413 1515 85 38 bald
1528 1514 232 50 ehrwürdig.

1489 1585 134 38 Curt:
1661 1585 101 46 Ach,
1793 1585 60 37 bei
1883 1583 74 38 Dir
1986 1583 103 38 denk
2115 1583 65 38 ich
2214 1583 176 51 garnicht
2422 1596 48 25 an
2503 1582 61 39 die

1404 1647 129 47 Jahre!

1488 1715 159 39 Marie:
1691 1716 52 38 Ist
1781 1715 65 38 das
1887 1715 86 37 eine
2011 1714 280 40 Schmeichelei
2334 1714 98 38 oder
2477 1714 86 38 eine

1411 1777 221 39 Grobheit?

1489 1848 120 37 Curt
1639 1856 116 40 (lacht),

1488 1917 161 38 Marie:
1688 1917 195 46 Liebster,
1917 1917 66 37 Du
2019 1916 171 38 stöberst
2220 1915 42 38 in
2289 1915 96 39 alter
2413 1915 149 39 Asche!

1489 1987 136 38 Curt:
1655 1988 65 36 Du
1749 1987 142 38 kennst
1920 1985 117 38 andre
2065 1985 221 39 Menschen
2312 1987 34 47 ja
2375 1996 78 39 gut.

1490 2065 163 38 Marie:
1676 2065 38 38 O
1735 2066 43 49 ja,
1799 2078 90 25 zum
1905 2064 165 52 Beispiel
2090 2064 128 46 einen,
2239 2064 80 38 den
2338 2064 62 38 ein
2415 2063 145 39 kleines

1409 2126 197 38 Mädchen
1634 2126 111 47 liebt,
1784 2139 95 38 ganz
1907 2126 99 37 über
2033 2125 70 38 alle
2131 2124 171 47 Mafsen,
2337 2126 70 37 mit
2433 2125 126 39 ihrem

1408 2188 157 37 kleinen
1592 2188 178 46 Herzen,
1804 2187 83 38 und
1917 2187 69 38 der
2015 2187 64 37 ein
2106 2197 131 40 guter,
2273 2187 137 38 braver
2437 2189 127 36 Mann

1408 2249 49 38 ist
1484 2249 84 37 und
1597 2249 63 38 das
1689 2249 125 37 kleine
1844 2248 198 38 Mädchen
2070 2246 70 38 auf
2152 2247 174 38 Händen
2353 2253 112 45 trägt,
2494 2248 44 38 da-

1408 2310 71 37 mit
1508 2323 38 24 es
1576 2323 48 24 an
1651 2310 141 37 keinen
1821 2309 106 38 Stein
1956 2307 125 40 stöfst.

1488 2380 119 37 Curt
1635 2389 99 39 (küfst
1756 2388 46 30 ihr
1826 2388 49 30 die
1898 2387 119 40 Hand).

1487 2458 156 38 Marie:
1678 2458 93 46 Hm,
1800 2458 65 38 ich
1891 2457 127 38 kenne
2046 2456 97 39 auch
2170 2456 121 46 mich,
2327 2457 83 38 und
2438 2456 124 47 weifs,

1409 2519 80 38 dafs
1517 2520 64 38 ich
1616 2519 62 38 ein
1707 2519 88 38 sehr
1830 2517 235 53 praktisches
2099 2517 200 39 Mädchen
2333 2517 83 47 bin,
2453 2518 109 38 nicht

1407 2582 123 46 wahr,
1572 2581 65 37 das
1677 2580 148 50 glaubst
1863 2580 65 37 Du
1965 2578 114 47 auch,
2122 2577 81 40 dafs
2240 2578 64 39 ich
2347 2578 88 38 sehr
2472 2591 66 26 ver-

1411 2643 151 50 ständig
1591 2641 89 38 bin?

1489 2713 134 38 Curt:
1652 2710 250 51 Verständig,
1931 2710 50 49 ja!
2159 2710 71 49 Sag
2258 2709 73 38 mal
2499 2723 65 38 sag

1558 2773 75 38 wie
1661 2773 49 38 ist
1739 2771 108 39 denn
1877 2771 64 38 das
1969 2771 71 38 mit
2073 2770 77 38 den
2177 2770 175 47 Briefen,
2386 2781 175 39 (verlegen)

1409 2837 71 38 wir
1507 2836 126 38 haben
1663 2833 105 39 doch
1786 2832 107 39 noch
1913 2832 87 38 eine
2019 2832 148 49 Menge
2186 2831 128 38 Briefe
2340 2832 108 37 einer
2467 2845 95 25 vom

1409 2897 160 38 andern.

1489 2966 162 39 Marie:
1680 2965 77 45 Na,
1784 2964 56 49 ja?

1488 3038 137 37 Curt:
1676 3034 83 38 Hm
1799 3034 54 50 ja,
1898 3045 120 26 wenn
2059 3033 64 37 Du
2166 3046 101 33 nun,
2313 3033 64 38 ich
2421 3033 139 39 dachte

1408 3100 138 37 immer

1487 3168 160 38 Marie:
1676 3164 152 39 Weifst
1856 3165 75 46 Du,
1959 3164 153 47 Lieber,
2141 3165 66 38 Du
2235 3164 76 39 bist
2336 3165 110 39 nicht
2474 3164 87 40 sehr

1409 3229 162 53 graziös!

1489 3301 119 38 Curt
1638 3307 79 40 (sehr
1741 3307 167 40 verlegen).

1487 3369 161 39 Marie:
1678 3368 142 38 Wenn
1847 3366 63 39 die
1931 3367 223 39 Menschen
2178 3366 105 40 doch
2303 3367 99 39 auch
2423 3366 139 39 einmal

1409 3431 136 38 anders
1566 3430 156 38 denken
1741 3429 188 46 könnten,
1951 3428 74 39 wie
2046 3427 53 39 sie
2120 3429 249 50 gewöhnlich
2388 3428 173 39 denken!

1487 3501 135 38 Curt:
1652 3499 100 46 Ach,
1780 3498 65 39 ich
1873 3498 139 39 dachte
2040 3511 85 35 nur,

1485 3570 163 40 Marie:
1684 3570 246 50 Erinnerung

1487 3641 132 38 Curt:
1648 3640 93 38 Hm.
