3595 4572
2104 3867 184 43 56

972 536 110 33 einem
1095 536 277 40 Traumzustand,
1388 536 63 35 den
1467 536 52 35 die
1533 535 110 36 kleine
1658 536 182 35 Balleteuse
1854 534 169 36 natürlich
2038 535 95 34 nicht

972 588 153 35 versteht.
1155 588 202 36 Verdrossen
1372 589 82 35 über
1468 589 53 35 die
1536 588 323 49 Launenhaftigkeit
1874 589 84 34 ihres
1973 588 138 35 wunder-

972 642 112 34 lichen
1110 642 198 35 Liebhabers
1339 643 87 34 sinnt
1455 643 45 33 sie
1526 641 65 36 auf
1613 645 120 32 Possen
1759 642 68 35 und
1854 640 180 36 schmückt
2061 642 71 34 sich

972 695 87 34 eines
1074 697 105 46 Tages
1197 696 61 35 mit
1273 697 110 33 einem
1397 695 118 35 Kleide
1530 696 55 34 der
1600 695 257 43 Verstorbenen;
1877 694 140 35 lachend
2034 693 99 49 greift

971 748 46 34 sie
1037 748 90 34 dann
1146 750 89 33 auch
1254 750 87 33 nach
1360 748 98 35 deren
1476 748 165 48 goldenen
1656 748 166 40 Flechten,
1843 748 52 34 die
1911 750 137 45 Hugues
2064 748 69 33 wie

973 801 72 34 eine
1065 800 154 35 kostbare
1235 801 157 49 Reliquie
1407 800 230 36 aufbewahrt.
1667 804 51 31 Da
1734 800 161 50 plötzlich
1911 800 149 35 erwacht
2077 799 56 35 der

972 854 298 43 Traumwandler;
1300 855 67 34 sein
1392 854 165 47 Trugbild
1585 854 142 34 zerrinnt
1818 868 33 20 er
1877 854 84 34 sieht
1990 867 62 20 nur
2078 853 54 34 die

972 907 161 34 lachende
1148 908 113 39 Dirne,
1282 907 52 34 die
1353 908 70 33 sein
1439 906 178 48 Heiligstes
1638 906 163 35 entweiht
1820 908 57 33 hat
1897 906 69 35 und
1983 911 150 42 erwürgt

972 961 45 33 sie
1038 961 61 33 mit
1119 960 64 35 den
1202 960 168 47 goldenen
1390 960 263 34 Haarsträhnen:
1680 960 51 33 Sie
1751 959 121 34 mufste
1892 959 139 40 sterben,
2052 959 81 33 weil

974 1014 45 33 sie
1039 1012 56 35 das
1111 1012 288 36 Geheimnisvolle
1418 1013 95 34 nicht
1528 1014 153 46 geachtet
1701 1013 105 34 hatte:
1827 1021 57 33 „et
1905 1011 99 49 qu’il
2024 1025 22 32 y
2065 1019 66 26 eut

972 1079 75 20 une
1068 1067 124 34 chose
1212 1066 35 34 lä
1267 1066 18 33 ä
1309 1065 186 48 laquelle
1515 1066 26 33 il
1562 1079 45 20 ne
1626 1064 142 35 faliait
1788 1066 115 47 point
1924 1065 180 33 toucher.
2109 1070 22 14 cc

972 1119 80 34 Und
1068 1121 130 45 Brügge
1213 1119 88 34 wird
1314 1118 126 35 wieder
1459 1131 57 21 zur
1531 1127 93 25 toten
1640 1118 103 35 Stadt.
1773 1117 90 35 Alles
1880 1130 70 21 was
1966 1116 93 34 darin
2075 1129 38 34 ge-

972 1185 131 35 sungen
1127 1172 68 34 und
1218 1171 208 48 geklungen,
1456 1172 113 34 schien
1592 1184 62 20 nur
1677 1170 52 34 die
1753 1169 101 34 kurze
1880 1167 251 49 Auferstehung

973 1225 86 34 eines
1079 1224 184 48 flüchtigen
1280 1226 158 45 Morgens
1458 1236 153 35 gewesen
1630 1236 40 21 zu
1689 1223 79 33 sein.
1789 1221 141 35 Wieder
1945 1235 115 21 waren
2079 1221 53 34 die

973 1276 146 36 Strafsen
1138 1277 66 34 leer
1222 1277 70 33 und
1312 1276 53 34 die
1385 1276 93 34 Stadt
1497 1289 73 21 war
1588 1289 69 21 von
1676 1288 122 20 neuem
1817 1274 110 34 allein.

1053 1329 144 35 Endlich
1222 1332 69 37 „Le
1317 1329 136 40 Voile“,
1479 1328 197 34 Versdrama
1700 1328 34 33 in
1759 1327 108 33 einem
1887 1325 80 42 Akt,
1995 1326 56 34 das
2078 1326 53 34 die

974 1382 162 34 Comedie
1352 1382 92 46 185)5
1475 1380 182 36 aufführte.
1696 1381 64 32 Die
1785 1380 128 46 gleiche
1938 1380 194 47 Stimmung

972 1435 95 34 leiser
1085 1435 212 34 Schwermut
1322 1433 110 48 klingt
1457 1434 118 34 daraus
1596 1435 138 39 hervor;
1761 1445 31 21 es
1813 1432 41 33 ist
1873 1445 64 20 nur
1956 1432 72 33 eine
2047 1435 85 30 Kost

974 1486 54 36 für
1047 1486 67 36 fein
1135 1486 231 49 empfindende
1381 1486 129 34 Seelen:
1533 1489 50 30 Da
1598 1486 42 33 ist
1656 1486 56 33 der
1727 1485 217 34 träumerisch
1960 1484 171 48 angelegte

972 1541 171 47 Jüngling,
1167 1540 57 34 der
1249 1540 68 33 sein
1343 1538 214 47 einförmiges
1577 1538 110 34 Leben
1706 1538 169 34 zwischen
1895 1537 90 34 alten
2004 1540 127 31 Leuten

974 1594 72 33 und
1068 1592 144 35 uraltem
1232 1595 101 32 Gerät
1353 1591 179 47 verbringt.
1570 1591 94 33 Seine
1683 1592 106 33 Tante
1809 1588 170 42 erkrankt,
1999 1590 72 34 und
2090 1603 40 21 zu

975 1647 87 33 ihrer
1092 1645 108 47 Pflege
1233 1645 162 34 erscheint
1427 1645 72 33 eine
1527 1644 208 47 „Beguine“,
1768 1644 186 33 Schwester
1981 1643 150 35 Gudula.

976 1701 66 31 Das
1070 1696 286 37 Geheimnisvolle
1390 1698 36 32 in
1458 1696 78 34 dem
1568 1696 154 34 bleichen
1749 1696 138 35 Gesicht
1920 1696 56 34 der
2006 1700 128 43 jungen

974 1753 127 32 Nonne
1129 1749 59 34 übt
1216 1748 64 36 auf
1292 1752 79 42 Jean
1400 1750 95 33 einen
1522 1748 175 35 seltsamen
1715 1749 131 34 Zauber
1865 1762 69 21 aus.
1972 1750 91 33 Leise
2084 1763 34 20 er-

974 1804 115 34 wacht
1108 1803 36 33 in
1162 1803 125 33 seinem
1306 1804 130 32 Herzen
1456 1802 53 34 die
1529 1801 110 41 Liebe,
1660 1802 197 34 wunschlos
1879 1801 69 34 und
1969 1802 66 34 voll
2053 1804 61 32 Ver-

974 1857 137 45 ehrung.
1148 1856 167 33 Dennoch
1329 1855 98 47 steigt
1445 1856 54 33 ein
1515 1855 157 34 Wunsch
1687 1856 36 33 in
1739 1855 71 33 ihm
1827 1868 116 35 empor
1960 1855 68 33 und
2047 1855 88 34 wird

974 1922 40 21 zu
1042 1908 206 47 glühendem
1266 1907 204 48 Verlangen:
1499 1921 65 20 nur
1589 1907 123 35 einmal
1738 1908 51 33 die
1808 1907 101 34 Farbe
1933 1908 55 33 des
2010 1910 124 32 Haares

974 1961 132 34 kennen
1131 1974 39 21 zu
1193 1960 131 41 lernen,
1353 1960 56 34 das
1429 1961 55 33 der
1504 1960 110 35 dichte
1635 1960 145 35 Schleier
1799 1960 55 34 der
1873 1961 263 34 Nonnenhaube

974 2014 151 34 neidisch
1151 2013 154 48 verbirgt.
1343 2016 42 32 Er
1410 2011 82 37 fafst
1517 2014 70 34 sich
1613 2013 135 35 endlich
1773 2014 54 33 ein
1847 2016 86 32 Herz
1957 2013 71 35 und
2047 2018 89 43 trägt

973 2067 57 33 der
1049 2067 145 46 Beguine
1214 2067 70 33 sein
1303 2067 167 46 Anliegen
1490 2079 69 22 vor.
1600 2067 81 40 „Ich
1701 2065 99 37 weifs
1822 2066 98 34 selbst
1939 2065 105 43 nicht,
2066 2068 70 34 wie

974 2119 91 35 mein
1084 2121 92 32 Haar
1197 2119 179 42 aussieht“,
1398 2119 157 35 erwidert
1575 2119 88 34 diese
1681 2119 88 35 naiv.
1807 2121 143 38 „Wenn
1969 2120 56 33 ich
2045 2120 91 34 mich

975 2171 166 40 ankleide,
1167 2173 42 33 ist
1232 2185 31 21 es
1284 2173 91 33 noch
1394 2171 128 35 dunkel
1542 2172 69 34 und
1632 2181 62 25 erst
1714 2185 39 21 zu
1774 2176 107 44 später
1900 2172 237 34 Nachtstunde

974 2225 72 47 lege
1070 2225 55 34 ich
1150 2225 52 33 die
1221 2225 122 34 Haube
1370 2225 79 35 ab.“
1486 2225 53 34 Sie
1564 2226 142 46 weigert
1730 2225 82 40 sich,
1839 2225 62 34 den
1927 2225 145 34 Schleier
2096 2239 40 20 zu

974 2276 119 36 lüften.
1109 2280 168 42 —Jean’s
1296 2280 106 32 Tante
1421 2277 96 35 stirbt
1536 2286 221 33 unerwartet;
1778 2279 188 33 Schwester
1985 2277 151 40 Gudula,

975 2331 53 33 die
1054 2343 42 21 an
1121 2330 52 34 ihr
1193 2333 72 31 Bett
1291 2331 100 47 geeilt
1411 2331 52 40 ist,
1490 2331 58 34 hat
1567 2331 35 34 in
1622 2331 88 33 ihrer
1729 2333 206 45 Bestürzung
1954 2343 182 35 vergessen,

974 2382 54 35 die
1043 2383 122 34 Haube
1186 2382 208 36 aufzusetzen
1412 2383 72 34 und
1498 2386 78 42 Jean
1597 2383 164 40 erschaut,
1781 2397 72 21 was
1873 2397 32 20 er
1924 2397 38 20 so
1981 2382 85 35 heifs
2087 2397 34 20 er-

976 2436 106 36 sehnt.
1120 2438 86 32 Nun
1226 2437 41 33 ist
1286 2437 45 33 sie
1351 2437 54 33 ein
1423 2436 104 34 Weib
1548 2437 68 34 wie
1635 2436 63 34 alle
1717 2436 144 42 andern;
1882 2437 58 33 sie
1958 2436 67 34 isfs
2044 2437 93 33 nicht

976 2490 105 39 mehr,
1108 2488 71 35 ruft
1205 2490 73 33 ihm
1298 2490 89 33 seine
1407 2489 255 47 Enttäuschung
1682 2502 39 21 zu
1741 2490 68 33 und
1830 2488 87 35 beim
1937 2489 100 34 leisen
2056 2492 81 31 Ver-

2239 533 113 36 hallen
2371 534 56 34 der
2446 533 156 36 Glocken
2623 532 77 36 läfst
2720 546 33 21 er
2773 532 52 35 die
2844 534 187 35 Schwester
3050 536 100 48 ruhig
3168 537 84 35 ihres
3273 542 123 46 Weges

2239 588 125 34 ziehen.
2387 588 208 47 Wehmütig
2611 585 167 36 erkennen
2793 587 65 34 wir
2873 588 35 33 in
2922 590 108 43 jenem
3046 588 142 35 Schleier
3203 591 56 34 der
3272 594 124 34 Nonne

2239 640 56 35 das
2320 640 142 46 Symbol
2489 640 55 34 des
2572 639 328 41 Geheimnisvollen,
2930 638 56 36 das
3015 652 61 22 uns
3107 642 89 47 ewig
3224 645 76 33 reizt
3328 647 68 34 und

2240 694 89 35 doch
2349 693 136 35 wertlos
2505 692 100 41 wird,
2625 691 117 36 sobald
2762 705 31 21 es
2813 692 73 34 sich
2905 692 157 36 enthüllt.

2397 772 98 37 „Nun
2518 771 62 30 ist’s
2605 771 117 36 vorbei,
2749 770 51 30 das
2825 771 100 39 grofse
2951 770 150 30 Scheiden
3124 772 80 37 kam,

2398 816 62 29 Das
2484 816 89 33 lange
2590 816 120 29 Weilen
2735 814 32 30 in
2793 814 50 30 des
2869 814 158 30 Schattens
3052 816 161 29 Gründen.

2397 861 69 28 Wie
2490 859 61 30 ist’s
2575 870 32 19 so
2632 859 48 30 öd’
2705 870 55 19 um
2784 858 95 30 mich!
2904 858 68 30 Wie
2997 859 52 29 bin
3073 859 49 29 ich
3145 860 107 30 müde!

2398 904 59 29 Die
2482 904 119 30 Glocke
2625 903 101 30 noch?
2818 902 82 30 Dein
2923 902 167 41 Totgeläut
3113 903 130 40 beginne

2397 948 64 30 Mit
2484 947 225 37 Trauertönen,
2735 947 48 29 die
2809 946 54 30 der
2887 947 140 30 Stunden
3051 946 159 32 Thränen!

2397 992 139 40 Begiefse
2561 993 101 28 meine
2687 991 116 31 Toten!
2829 992 85 29 Zwei
2938 991 129 30 bewein’
3092 990 64 31 ich:

2397 1036 61 29 Die
2483 1036 169 30 Schwester
2676 1035 86 39 auch,
2792 1035 70 30 weil
2886 1034 49 31 ich
2959 1035 41 30 sie
3025 1035 122 30 endlich
3171 1035 51 30 sah

2397 1080 56 30 Als
2470 1080 103 37 Weib;
2597 1080 70 30 weil
2692 1091 65 19 von
2782 1080 54 29 der
2859 1079 109 29 feinen
2992 1079 204 29 Linnenhülle

2397 1124 65 29 Der
2486 1124 237 30 Nonnenhaube
2748 1124 60 29 frei
2832 1123 49 30 ich
2904 1123 133 30 schauen
3062 1123 105 30 durfte

2397 1168 52 29 Ihr
2472 1168 96 29 volles
2592 1169 85 28 Haar
2763 1179 65 18 nun
2852 1168 91 29 kenn’
2969 1167 48 30 ich
3042 1167 81 30 seine
3149 1167 108 30 Farbe!

2399 1211 90 30 Doch
2512 1213 101 28 meine
2639 1213 83 29 Lieb’
2750 1213 48 28 die
2824 1212 50 29 ein
2898 1211 180 30 Geheimnis
3102 1211 106 30 nährte

2398 1255 104 37 Stirbt,
2528 1256 38 29 da
2590 1256 54 29 der
2668 1256 133 30 Schleier
2824 1267 65 19 nun
2914 1256 135 40 gelüftet
3072 1256 47 29 ist.

2398 1300 70 29 Was
2496 1300 47 29 ich
2574 1300 126 40 geliebt,
2728 1300 40 29 ist
2791 1300 67 35 hin;
2889 1300 41 29 sie
2959 1300 61 29 ist’s
3045 1300 85 29 nicht
3155 1299 98 37 mehr;

2397 1343 54 30 Ich
2475 1343 59 29 seh’
2559 1344 50 36 sie,
2635 1344 57 29 wie
2717 1344 41 29 sie
2783 1343 56 37 ist;
2865 1344 51 30 das
2940 1343 93 30 holde
3058 1344 68 29 Bild

2399 1388 157 28 Einsamer
2580 1387 134 30 Träume
2738 1388 72 30 find’
2836 1387 49 31 ich
2907 1399 67 18 nun
2998 1387 86 30 nicht
3108 1387 124 30 wieder.

2397 1431 66 29 Der
2479 1431 261 41 Heiligenschein,
2758 1432 54 29 der
2827 1442 56 19 um
2900 1432 51 29 das
2968 1432 109 40 Haupt
3093 1432 47 29 ihr
3156 1431 161 39 schwebte,

2398 1475 153 30 Verblich.
2575 1494 35 4 •
2633 1476 37 29 So
2695 1475 170 31 schwindet
2889 1475 147 41 plötzlich
3060 1476 57 29 alle
3142 1476 103 37 Liebe,

2397 1520 102 29 Wenn
2515 1520 42 28 sie
2576 1530 40 19 zu
2632 1520 146 29 wissend;
2803 1520 48 29 ein
2870 1520 180 30 Geheimnis
3067 1520 130 30 braucht
3213 1520 75 29 sie!“

3075 1573 43 29 Le
3142 1573 100 37 Voile,
3265 1573 26 29 S.
3309 1583 51 26 40.

2319 1646 68 31 Das
2407 1644 42 33 ist
2468 1642 58 35 das
2548 1642 110 36 Werk
2677 1643 235 42 Rodenbachs,
2941 1644 69 40 das,
3036 1643 146 35 obwohl
3203 1657 30 21 es
3253 1644 91 34 noch
3363 1658 40 21 zu

2241 1696 106 35 vielen
2367 1694 225 49 Hoffnungen
2613 1696 185 48 berechtigt
2817 1696 102 42 hätte,
2942 1696 89 35 doch
3051 1697 64 34 den
3130 1697 145 48 Stempel
3294 1697 91 47 gröfs-

2241 1758 48 25 ter
2310 1749 336 48 Abgeschlossenheit
2665 1749 72 34 und
2756 1750 156 47 Eigenart
2931 1750 124 35 besitzt.
3092 1752 43 31 Ist
3156 1763 33 20 er
3208 1748 194 37 Dekadent?

2242 1802 99 34 Auch
2378 1815 33 21 er
2448 1802 121 47 gehört
2607 1815 39 21 zu
2685 1802 63 34 den
2786 1801 320 36 lebensfeindlichen
3139 1803 164 34 Dichtern
3333 1802 69 35 und

2242 1854 169 41 Denkern,
2433 1855 51 34 die
2505 1855 75 34 dem
2599 1855 94 41 „mal
2714 1855 39 34 de
2773 1856 116 34 vivre“
2910 1856 96 33 einen
3026 1869 37 20 so
3083 1855 135 48 grofsen
3237 1858 113 31 Raum
3369 1856 34 33 in

2242 1908 94 34 ihren
2352 1907 155 35 Werken
2529 1908 105 34 lassen
2653 1908 71 33 und
2750 1908 54 34 die
2829 1909 71 33 sich
2926 1907 75 36 fern
3025 1922 68 21 von
3119 1908 55 34 der
3192 1907 211 36 befreienden

2242 1961 88 34 That
2352 1962 110 33 einem
2485 1961 248 34 willensarmen
2752 1961 223 34 Traumleben
2995 1961 153 48 ergeben.
3181 1961 222 34 Rodenbachs

2243 2013 293 48 stimmungsvolle
2564 2016 111 32 Kunst
2706 2014 197 35 beschreitet
2935 2015 94 33 nicht
3057 2015 120 33 immer
3206 2014 63 34 den
3298 2015 105 47 einzig

2242 2067 142 34 wahren
2408 2065 83 35 Pfad
2518 2080 57 21 zur
2599 2068 124 39 Natur,
2753 2067 142 35 sondern
2920 2066 101 35 strebt
3046 2067 82 35 weit
3155 2065 88 36 öfter
3269 2068 62 32 mit
3356 2081 32 20 er-

2243 2118 184 35 künstelter
2454 2118 190 36 Wortfülle
2680 2121 88 33 nach
2802 2119 56 35 der
2891 2120 221 34 Gesuchtheit
3147 2119 56 35 der
3234 2122 168 45 Jüngsten.

2244 2172 99 34 Auch
2361 2176 90 44 gerät
2467 2186 33 20 er
2515 2171 173 35 bisweilen
2705 2174 34 33 in
2756 2173 52 34 die
2823 2171 111 49 grofse
2950 2171 138 41 Gefahr,
3105 2173 70 33 sich
3190 2172 97 34 selbst
3302 2173 82 33 nach-

2243 2225 177 35 zuahmen.
2457 2226 168 34 Dennoch
2649 2225 144 48 gebührt
2818 2227 73 33 ihm
2915 2227 35 32 in
2970 2226 127 33 hohem
3117 2224 111 36 Mafse
3248 2224 56 35 das
3324 2227 60 32 Ver-

2244 2277 120 40 dienst,
2388 2279 34 33 in
2449 2277 56 35 der
2529 2291 108 21 neuen
2662 2278 255 35 Dichterschule
2942 2277 212 35 Frankreichs
3183 2279 89 33 reine
3293 2279 110 33 Poesie

2242 2330 71 34 und
2339 2330 53 34 die
2411 2331 235 47 Forderungen
2672 2331 55 34 der
2747 2331 89 35 Seele
2855 2331 127 35 wieder
3002 2343 57 21 zur
3078 2331 150 47 Geltung
3247 2331 157 47 gebracht

2244 2396 40 21 zu
2298 2383 122 40 haben,
2437 2385 87 33 auch
2539 2385 58 33 hat
2613 2397 33 21 er
2662 2383 63 35 den
2737 2385 163 34 Dichtern
2915 2385 103 33 seines
3030 2383 251 35 Heimatlandes
3297 2384 107 34 reiche

2244 2437 171 47 poetische
2435 2437 148 46 Quellen
2604 2437 212 34 erschlossen.

3042 2491 41 33 A.
3104 2491 249 33 Brunnemann
