2902 3048
1565 2354 69 35 138

752 558 113 35 Linie
885 558 235 35 unterwirft.
1142 558 74 34 Bei
1236 557 77 35 den
1332 553 298 37 Illustrationen
1648 561 48 24 zu
1715 550 123 33 Ernst
1856 549 201 33 Dawsons
2074 547 180 42 ~Pierrot
2274 550 43 34 of
2332 551 69 35 the

753 609 182 34 Minute”
961 609 134 35 finden
1119 608 73 34 wir
1216 608 114 35 einen
1353 603 255 47 Augenblick
1625 602 95 43 lang
1740 600 89 34 eine
1849 598 343 35 entschlossenere
2212 600 190 46 Hingabe

754 670 50 24 an
821 659 121 35 Eisen
961 661 81 33 und
1058 658 277 41 Saint-Aubin,
1356 656 97 34 aber
1468 664 43 24 es
1525 652 104 45 ringt
1644 651 87 34 sich
1742 650 104 34 auch
1860 648 106 35 noch
1983 647 88 35 eine
2086 648 146 35 andere
2248 651 155 35 Manier

755 710 111 34 darin
887 710 134 35 durch.
2258 702 145 43 ©o®

753 763 42 40 ©
856 761 45 34 In
920 761 76 35 den
1015 760 137 35 bisher
1171 759 108 34 noch
1298 752 405 39 unveröffentlichten
1722 748 302 35 Illustrationen
2040 758 48 24 zu
2104 748 299 38 Mademoiselle

755 811 48 35 de
823 812 169 44 Maupin
1016 812 161 44 glaubte
1200 809 77 40 ich,
1304 808 57 33 als
1385 806 65 34 ich
1474 804 56 34 sie
1554 805 134 31 zuerst
1707 801 85 39 sah,
1814 798 233 45 abgesehen
2066 808 82 24 von
2169 798 106 36 einer
2292 801 89 34 herr-

754 862 130 34 lichen
904 862 179 44 farbigen
1101 860 247 42 Zeichnung,
1370 857 62 33 ein
1452 852 193 47 gewisses
1663 850 252 34 Nachlassen
1935 848 70 34 der
2023 848 123 41 Kraft,
2172 849 87 35 eine
2283 851 101 35 sicht-

755 912 104 34 liche
892 912 225 34 Schwäche
1149 911 40 34 in
1222 909 70 34 der
1325 903 291 43 Handhabung
1644 901 69 33 der
1740 899 128 35 Feder
1891 909 49 23 zu
1964 898 229 35 bemerken.
2219 900 107 34 Aber
2349 902 56 35 sie

757 962 149 41 stellen,
936 962 77 34 wie
1045 962 66 34 ich
1143 962 136 43 später
1310 955 105 41 fand,
1444 955 40 34 in
1514 953 130 34 ihrem
1676 950 111 34 nicht
1818 959 103 34 ganz
1952 948 253 44 glücklichen
2238 950 168 37 Streben

756 1013 103 33 nach
884 1012 69 34 der
976 1011 251 35 natürlichen
1247 1009 123 34 Form
1396 1005 72 34 das
1492 1003 83 40 dar,
1599 1011 86 24 was
1709 1010 74 24 uns
1810 999 107 34 noch
1941 998 59 34 als
2022 998 243 46 Beardsleys
2290 1000 116 37 letzte

758 1062 204 42 ~Manier”
983 1073 49 23 zu
1051 1061 236 34 betrachten
1306 1055 115 45 übrig
1439 1053 136 36 bleibt.
1592 1051 76 35 Die
1689 1050 86 34 vier
1790 1048 182 35 Initialen
1985 1058 70 24 zur
2068 1048 200 45 Volpone,
2286 1050 122 37 deren

757 1113 120 34 letzte
897 1123 42 24 er
956 1112 109 35 nicht
1083 1122 103 33 ganz
1206 1108 83 36 drei
1304 1105 193 35 Wochen
1515 1112 73 25 vor
1608 1101 154 34 seinem
1780 1099 114 34 Tode
1912 1098 211 40 beendete,
2148 1099 139 45 zeigen
2307 1102 80 34 voll-

757 1163 192 34 kommen
972 1172 104 25 neue
1100 1158 238 37 technische
1362 1155 81 35 und
1467 1152 168 47 geistige
1658 1149 326 46 Eigenschaften.
2011 1148 64 34 Sie
2099 1148 87 34 sind
2210 1149 74 35 mit
2302 1151 84 35 Blei-

760 1212 82 35 stift
869 1213 234 44 gezeichnet
1128 1210 82 35 und
1237 1207 198 36 verlieren
1463 1204 77 34 wie
1568 1202 77 35 alle
1672 1198 449 44 Bleistiftzeichnungen
2149 1199 77 34 viel
2254 1199 38 35 in
2320 1212 66 25 ver-

759 1263 213 34 kleinerter
985 1260 287 44 Wiedergabe.
1293 1257 111 34 Aber
1424 1254 62 35 die
1508 1251 203 47 Originale
1731 1250 141 35 stehen
1890 1248 222 44 unbedingt
2129 1248 41 34 in
2190 1249 84 35 rein
2298 1253 88 34 tech-

761 1313 182 34 nischem
971 1313 173 34 Können
1172 1309 69 34 auf
1265 1306 177 47 gleicher
1469 1303 118 34 Höhe
1615 1302 78 34 wie
1722 1301 70 34 das
1816 1300 124 33 Beste
1963 1308 72 23 aus
2059 1298 136 34 seinen
2223 1300 185 37 früheren

762 1362 138 35 Zeiten
923 1363 81 34 und
1028 1362 144 35 führen
1198 1357 159 37 endlich
1375 1369 43 14 =
1439 1354 73 34 mit
1529 1351 314 45 vollständigem
1864 1348 139 44 Erfolg
2021 1361 41 14 =
2086 1348 62 33 die
2175 1349 234 38 Naturform

762 1412 40 35 in
828 1412 63 34 die
916 1409 438 42 Flächenbehandlung
1378 1406 74 34 ein.
1475 1403 94 35 Und
1591 1403 85 33 hier
1699 1402 108 33 fließt
1829 1403 118 31 unter
1970 1398 77 34 fast
2065 1398 226 37 feierlichen
2310 1403 66 34 Um-

763 1462 169 35 ständen
951 1462 63 35 die
1033 1461 256 46 gebrochene
1309 1455 115 37 Linie
1445 1454 69 34 der
1532 1451 219 36 Schönheit
1770 1450 152 35 wieder
1939 1458 247 24 zusammen.
2209 1450 99 41 ~Die
2328 1453 82 35 Not

763 1512 51 35 ist
832 1523 48 23 zu
899 1513 137 34 Ende”
1053 1511 82 35 und
1151 1511 71 34 das
1237 1508 216 35 Mühsame
1467 1504 52 34 ist
1534 1514 72 24 aus
1622 1503 129 33 dieser
1766 1500 112 35 nicht
1890 1497 179 45 weniger
2083 1498 327 44 phantastischen

764 1563 115 34 Welt
895 1561 337 40 verschwunden,
1253 1559 39 34 in
1310 1556 177 35 welcher
1506 1556 89 32 Pan
1619 1552 106 35 noch
1744 1552 145 33 immer
1907 1548 203 34 zwischen
2129 1549 184 36 Bäumen
2331 1563 81 25 von

765 1612 130 34 seiner
914 1613 119 34 Säule
1051 1607 350 41 herunterlächelt,
1418 1606 96 35 aber
1534 1605 105 33 ohne
1659 1602 111 35 seine
1790 1601 77 34 alte
1886 1598 179 35 Bosheit.
2267 1603 41 41 ©
2319 1604 41 42 ©
2371 1606 41 40 ©

766 1663 41 41 ©
868 1663 277 33 Menschliche
1165 1660 80 35 und
1263 1657 189 35 tierische
1471 1656 122 33 Form
1612 1654 153 34 kehren
1785 1662 49 23 zu
1853 1650 129 34 klarer
2003 1647 319 39 Erkennbarkeit
2344 1664 45 23 zu-

766 1712 98 33 rück
887 1712 72 34 mit
983 1712 107 35 einer
1113 1720 132 26 neuen
1269 1707 164 41 Hoheit,
1453 1710 117 30 unter
1595 1704 129 35 dieser
1748 1711 132 25 neuen
1899 1698 189 44 Achtung
2106 1709 72 24 vor
2198 1700 76 35 den
2293 1702 89 46 Mög-

766 1761 223 42 lichkeiten,
1015 1762 62 34 die
1100 1762 56 34 sie
1181 1761 146 34 bieten.
1351 1756 222 44 Beardsley
1596 1755 50 33 ist
1674 1764 69 23 zur
2038 1748 68 34 der
2132 1750 127 34 Natur
2291 1753 122 36 selbst

767 1811 323 45 übergegangen,
1116 1822 42 23 er
1176 1810 138 35 macht
1332 1807 58 35 sie
1409 1806 87 35 sich
1514 1809 183 36 zunutze,
1719 1813 42 24 er
1785 1800 215 36 entnimmt
2016 1797 61 35 ihr
2094 1799 109 35 seine
2223 1801 190 45 Symbole

768 1862 81 33 und
876 1862 107 33 stößt
1011 1862 56 33 sie
1094 1862 113 33 nicht
1232 1861 142 42 länger
1403 1867 82 25 von
1512 1856 85 33 sich
1619 1866 49 23 zu
1697 1853 182 35 Gunsten
1907 1849 110 34 einer
2046 1848 243 48 Stilisierung
2315 1856 79 33 voll-

768 1911 194 34 kommen
987 1911 159 44 eigener
1169 1911 202 44 Prägung.
1397 1906 93 36 Und
1513 1917 43 23 so
1580 1905 138 34 finden
1739 1902 73 34 wir
1830 1901 40 33 in
1889 1899 139 34 seinen
2046 1898 147 35 letzten
2210 1901 203 46 Arbeiten,

770 1960 65 34 die
867 1970 41 24 er
939 1961 124 41 schuf,
1092 1961 57 33 als
1176 1961 127 33 schon
1332 1959 69 33 der
1429 1956 194 35 Schatten
1651 1955 71 34 des
1750 1951 135 35 Todes
1912 1949 70 34 auf
2008 1948 82 35 ihm
2121 1949 154 45 lastete,
2308 1964 107 26 neue

769 2010 259 44 Fingerzeige
1046 2011 62 33 für
1128 2011 86 33 eine
1233 2011 143 38 Kunst,
1393 2007 76 41 die,
1489 2007 58 34 als
1565 2005 111 35 reine
1696 2002 115 36 Linie
1833 1999 243 45 empfunden
2094 2000 80 34 und
2194 2002 123 36 durch
2341 2005 72 35 das

769 2060 113 34 reine
918 2060 330 34 Flächenmuster
1277 2056 373 45 hindurchgeführt,
1678 2053 106 35 nach
1815 2050 146 35 vielem
1993 2049 183 39 Zaudern
2204 2063 47 23 zu
2278 2054 136 45 jenem

770 2110 153 44 großen
947 2110 263 43 Kompromiß
1233 2110 313 43 übergegangen
1569 2106 61 40 ist,
1653 2116 49 22 zu
1727 2103 92 34 dem
1844 2100 61 34 die
1924 2100 170 44 größten
2113 2100 186 38 Künstler
2319 2105 97 36 aller

770 2160 138 35 Zeiten
933 2159 84 34 sich
1037 2160 244 33 verstanden
1304 2159 155 33 haben:
1485 2157 92 34 dem
1597 2150 269 48 Kompromiß
1889 2149 203 35 zwischen
2116 2151 77 35 den
2217 2152 198 39 Gebilden

771 2219 168 27 unserer
959 2208 219 35 Gedanken
1197 2209 80 34 und
1298 2208 77 34 den
1394 2207 196 35 Gebilden
1610 2205 70 34 der
1696 2199 293 38 Wirklichkeit.
2271 2207 145 43 ©©©
