2901 3048
1528 2349 68 32 126

759 534 71 34 der
853 536 116 43 Pose,
995 539 156 36 welche
1178 542 85 35 ihm
1293 544 101 34 dazu
1421 544 93 41 half,
1538 545 87 34 sich
1653 544 125 35 selbst
1804 556 48 23 zu
1881 548 242 43 entdecken;
2153 552 148 39 ebenso
2327 560 77 34 wie

758 585 137 36 Burne
913 588 123 44 Jones
1056 591 83 35 ihm
1163 593 93 42 half,
1277 594 58 34 als
1361 605 43 24 er
1427 595 64 34 die
1515 595 299 35 Illustrationen
1837 607 49 24 zu
1912 599 133 34 Morte
2070 599 191 39 d’Arthur
2278 610 119 34 schuf

758 635 77 35 wie
860 637 63 35 die
947 639 131 37 Kunst
1095 642 150 45 Japans
1268 644 84 34 ihm
1377 645 93 41 half,
1491 645 87 34 sich
1597 655 82 24 von
1699 644 153 36 diesem
1871 646 162 36 Einfluß
2051 660 49 23 zu
2119 651 188 47 befreien,
2327 660 77 35 wie

758 686 124 34 Eisen
898 690 79 34 und
989 690 267 38 Saint-Aubin
1272 694 83 34 ihm
1372 695 78 34 den
1466 695 110 44 Weg
1590 695 141 44 zeigen
1747 695 134 36 halfen
1896 709 49 22 zu
1961 698 154 36 seinem
2127 701 275 44 Lockenraub.

756 736 57 34 Er
831 737 122 37 besaß
963 741 94 44 jene
1074 742 267 46 Originalität,
1360 745 61 34 die
1437 745 87 34 sich
1537 756 111 23 zwar
1657 744 114 44 jeder
1790 746 311 48 Beeinflussung
2119 751 168 47 hingibt,
2307 759 97 36 aber

757 786 56 34 sie
833 788 195 47 aufsaugt,
1045 797 98 30 statt
1162 793 85 34 sich
1267 795 221 45 aufsaugen
1507 806 47 23 zu
1570 795 146 40 lassen,
1727 795 96 44 jene
1838 796 266 45 Originalität,
2121 801 74 42 die,
2212 814 118 28 wenn
2346 810 57 35 sie

756 836 84 35 sich
859 840 105 34 auch
983 842 272 36 fortwährend
1273 845 242 41 verschiebt,
1532 845 88 34 sich
1640 845 105 34 doch
1764 846 113 34 nicht
1895 857 79 24 von
1994 848 128 36 ihrem
2143 852 258 49 Mittelpunkt

757 888 183 36 entfernt.
966 891 61 34 Ob
1048 903 42 23 er
1107 904 84 24 von
1212 894 166 36 Grasset
1402 895 97 34 oder
1526 905 80 24 von
1626 895 180 34 Ricketts
1833 896 135 42 lernte,
1993 908 80 24 von
2103 901 132 37 einem
2262 908 89 44 1830
2360 921 43 24 er

755 937 248 38 Modeblatte
1019 943 97 34 oder
1134 954 81 24 von
1235 944 132 35 einem
1388 944 357 45 Hogarth-Stiche,
1765 946 51 33 ob
1837 947 63 33 die
1920 947 188 37 Szenerie
2127 962 79 24 von
2227 955 149 47 Arques-

753 987 228 38 la-Bataille
1004 992 87 35 sich
1115 994 40 33 in
1179 995 132 34 seiner
1334 995 117 34 Seele
1470 1006 49 22 zu
1539 995 133 34 einem
1692 995 341 45 Teppichmuster
2050 1008 321 35 zusammenkom-

752 1039 192 42 ponierte,
962 1042 96 35 oder
1073 1043 50 34 ob
1141 1055 42 23 er
1197 1044 87 35 sich
1299 1045 39 33 in
1357 1045 92 34 dem
1470 1045 150 34 Kasino
1641 1045 40 34 in
1697 1045 157 45 Dieppe
1875 1046 88 35 eine
1983 1047 136 37 Skizze
2139 1055 161 35 machte
2320 1068 79 26 von

753 1087 92 35 dem
873 1090 298 47 Arrangement
1195 1094 107 35 eines
1326 1094 287 46 eigentümlich
1636 1095 263 45 aufgerafften
1923 1096 409 54 Fenstervorhanges,
2359 1121 41 24 er

753 1140 193 34 entnahm
974 1147 99 30 stets
1101 1154 72 24 aus
1201 1144 71 35 der
1299 1145 250 45 geordneten
1577 1146 130 33 Kunst
1735 1146 96 33 oder
1858 1146 71 34 der
1946 1151 304 41 ungeordneten
2272 1157 128 38 Natur

752 1188 83 41 das,
850 1200 85 25 was
955 1202 42 23 er
1010 1193 63 34 für
1086 1194 87 34 sich
1192 1195 206 40 brauchte,
1416 1195 83 41 das,
1519 1205 86 23 was
1626 1206 43 22 er
1687 1195 87 33 sich
1791 1206 50 23 zu
1856 1197 155 34 seinem
2026 1199 185 45 Eigenen
2226 1208 171 36 machen

750 1237 160 36 konnte.
930 1241 94 34 Und
1044 1254 41 23 er
1103 1245 93 33 fand
1215 1245 40 33 in
1275 1245 70 34 der
1363 1245 300 34 französischen
1683 1245 134 34 Kunst
1836 1246 70 34 des
1924 1246 135 46 Tages
2075 1251 87 34 eine
2177 1253 221 42 freudvolle

752 1287 263 46 Traurigkeit,
1037 1294 88 34 eine
1145 1295 243 44 Verehrung
1408 1295 70 34 des
1499 1295 144 34 Gottes
1669 1296 218 44 Mephisto,
1907 1297 70 34 auf
1992 1298 61 35 die
2073 1300 86 34 sein
2178 1302 192 49 Tempera-

750 1343 113 29 ment
881 1341 82 34 und
982 1343 110 35 seine
1111 1344 194 45 Eigenart
1323 1356 75 23 nur
1416 1350 199 39 gewartet
1633 1346 153 41 hatten,
1802 1357 69 23 um
1891 1346 57 35 sie
1968 1351 291 38 anzunehmen.
2305 1361 39 41 0
2355 1362 41 42 0

749 1389 42 40 ©
853 1389 68 40 „In
950 1393 115 34 mehr
1092 1394 59 34 als
1172 1395 109 34 einer
1307 1395 76 34 Art
1411 1396 140 44 opfern
1582 1396 61 34 die
1673 1396 227 34 Menschen
1925 1397 77 35 den
2027 1400 263 40 rebellischen
2313 1409 55 35 En-

749 1438 126 42 geln,”
905 1446 89 39 sagt
1021 1443 70 34 der
1118 1444 143 45 heilige
1290 1445 214 45 Augustin.
1532 1446 110 34 Aber
1669 1446 244 46 Beardsleys
1942 1447 124 45 Opfer
2091 1450 78 36 wie
2198 1454 70 35 das
2299 1460 97 35 aller

749 1487 185 37 wirklich
953 1494 154 42 großen
1127 1494 256 35 dekadenten
1404 1496 143 41 Kunst,
1570 1496 70 34 der
1658 1497 132 33 Kunst
1809 1497 112 34 eines
1940 1498 114 45 Rops
2070 1500 96 35 oder
2181 1503 70 35 der
2265 1507 129 38 Kunst

749 1537 109 35 eines
878 1539 240 38 Baudelaire
1138 1544 51 34 ist
1207 1555 74 24 nur
1295 1545 215 35 scheinbar
1526 1546 63 34 ein
1606 1547 124 44 Opfer
1743 1557 50 23 an
1812 1546 63 34 die
1891 1547 163 35 Mächte
2071 1549 68 35 der
2155 1552 217 42 Finsternis
2385 1573 7 7 *

749 1596 42 24 es
811 1587 51 35 ist
880 1589 39 34 in
939 1591 217 36 Wahrheit
1175 1595 64 34 ein
1261 1595 125 45 Opfer
1404 1607 51 23 an
1476 1596 61 34 die
1554 1596 127 45 ewige
1697 1596 231 35 Schönheit.
1945 1597 93 35 Und
2052 1599 86 35 hier
2151 1604 160 38 möchte
2327 1609 63 36 ich

747 1636 188 44 betonen,
952 1642 77 34 daß
1050 1654 42 23 es
1111 1645 76 33 mir
1205 1645 258 45 gleichgültig
1481 1647 61 40 ist,
1558 1647 156 34 welche
1733 1646 169 34 Absicht
1922 1658 41 23 er
1982 1648 73 34 mit
2073 1651 137 36 seinen
2230 1655 162 40 Bildern

747 1687 211 45 verfolgte;
978 1693 138 35 weder
1135 1705 54 31 er,
1206 1696 106 33 noch
1332 1695 138 45 irgend
1483 1697 168 44 jemand
1670 1697 141 34 hätten
1831 1696 84 34 dies
1934 1697 72 34 mit
2020 1698 200 40 absoluter
2235 1705 134 39 Sicher-

747 1735 82 35 heit
847 1747 124 35 sagen
991 1742 173 37 können.
1186 1746 98 33 Man
1304 1747 95 32 muß
1420 1747 84 34 sich
1519 1747 85 34 klar
1625 1747 171 34 darüber
1810 1746 99 41 sein,
1926 1747 77 34 daß
2019 1748 62 35 die
2096 1751 170 41 Absicht
2281 1759 109 38 eines

748 1785 226 38 Menschen
993 1795 147 40 gerade
1161 1795 154 41 darum,
1336 1796 92 34 weil
1449 1797 58 33 sie
1522 1797 166 34 bewußt
1707 1797 62 40 ist,
1785 1796 68 34 ihn
1873 1797 60 33 für
1952 1797 77 34 den
2045 1802 151 36 andern
2216 1808 77 35 viel
2307 1822 55 25 we-

745 1836 113 44 niger
872 1841 284 42 repräsentiert
1172 1846 57 34 als
1245 1845 63 35 die
1323 1846 342 45 Empfindungen,
1683 1847 156 33 welche
1855 1847 110 33 seine
1977 1847 282 53 Schöpfungen
2274 1861 92 36 über-

745 1886 168 35 mitteln.
947 1888 52 36 So
1028 1895 98 41 groß
1158 1894 52 36 ist
1241 1896 71 34 das
1347 1897 246 34 unbewußte
1629 1897 191 33 Element
1855 1896 41 34 in
1927 1897 113 44 jeder
2074 1901 314 47 künstlerischen

746 1935 243 47 Schöpfung,
1010 1942 75 34 daß
1105 1944 221 46 Beardsley
1345 1946 341 35 wahrscheinlich
1701 1946 123 34 selbst
1844 1946 112 34 nicht
1974 1951 148 42 wußte,
2144 1965 84 27 was
2248 1971 42 23 er
2316 1963 74 36 mit

744 1984 153 36 diesem
918 1988 94 35 oder
1025 1991 137 44 jenem
1182 1995 329 35 bezeichnenden
1527 1997 156 34 Werke
1703 1996 216 44 eigentlich
1939 2007 123 36 sagen
2090 2005 144 37 wollte.
2259 2011 103 40 Zuge-

742 2035 132 44 geben
906 2037 107 42 aber,
1043 2041 76 35 daß
1152 2055 43 23 er
1226 2056 130 34 genau
1393 2046 98 34 über
1522 2047 111 34 seine
1664 2046 171 34 Absicht
1865 2046 110 36 hätte
2002 2049 220 43 Aufschluß
2258 2063 129 36 p-eben

742 2085 173 43 können,
935 2097 45 24 so
1000 2091 108 34 wäre
1128 2093 64 35 ich
1213 2095 124 34 sofort
1355 2095 129 35 bereit
1504 2108 50 22 zu
1576 2097 154 44 zeigen,
1747 2096 76 34 daß
1852 2106 42 24 er
1920 2107 133 35 genau
2082 2102 69 38 das
2175 2106 211 45 Gegenteil

742 2135 133 35 davon
896 2140 268 42 ausgedrückt
1182 2144 81 34 hat.
1283 2145 140 34 Wenn
1443 2145 64 34 ich
1526 2147 85 34 also
1632 2146 256 44 ausspreche,
1906 2147 75 36 daß
2001 2160 42 24 er
2062 2152 63 36 ein
2150 2156 55 35 im
2227 2161 158 38 tiefsten

742 2186 164 35 Grunde
930 2186 193 39 innerlich
1151 2194 251 35 schaffender
1429 2196 193 35 Künstler
1649 2207 84 24 war
1752 2196 81 34 und
1857 2197 83 34 ihm
1964 2198 104 37 doch
2093 2204 116 38 dabei
2242 2211 119 47 haupt-
