2860 3048
1293 2372 69 34 129

519 565 64 34 Sie
608 565 142 34 stehen
775 568 125 30 etwas
923 560 113 35 tiefer
1059 559 58 35 als
1142 558 62 34 die
1227 556 131 44 Engel
1381 556 81 35 und
1483 557 185 34 wandeln
1692 557 203 35 zwischen
1921 559 137 36 diesen
2082 561 83 35 und

517 614 80 35 den
616 615 227 44 gefallenen
863 610 171 46 Engeln.
1056 609 64 34 Sie
1140 608 88 34 sind
1247 607 108 34 ohne
1374 607 135 34 Anteil
1528 617 51 24 an
1600 607 70 34 der
1688 608 125 34 Welt.
2017 613 146 41 ©o©

516 667 41 41 ©
621 666 89 33 Wir
732 665 133 34 haben
890 663 83 34 also
997 659 85 35 hier
1107 658 88 34 eine
1218 658 76 34 Art
1320 667 82 24 von
1426 657 223 35 abstrakter
1671 657 188 45 geistiger
1877 658 288 37 Verderbtheit

516 725 75 25 vor
610 726 87 31 uns,
715 714 199 36 offenbart
931 712 40 34 in
991 709 173 35 schöner
1182 708 135 39 Form,
1334 706 134 35 Sünde
1488 707 174 34 verklärt
1682 707 121 34 durch
1824 707 231 37 Schönheit.
2072 711 91 34 Und

517 767 124 34 selbst
663 776 122 24 wenn
810 764 73 34 wir
905 761 110 35 nicht
1040 758 139 35 weiter
1202 758 132 44 gehen
1358 756 158 41 wollen,
1537 757 133 34 haben
1693 757 74 34 wir
1791 768 41 23 es
1855 758 64 33 bei
1938 759 224 46 Beardsley

517 815 105 36 doch
641 828 92 23 zum
753 814 226 36 mindesten
998 810 72 35 mit
1090 808 111 34 einer
1219 807 325 44 ausgesprochen
1563 807 287 45 vergeistigten
1866 807 132 35 Kunst
2012 820 49 23 zu
2077 813 84 38 tun,

517 866 111 35 einer
647 868 140 39 Kunst,
804 865 39 34 in
864 863 70 35 der
953 863 70 33 das
1041 860 109 34 Böse
1170 857 85 35 sich
1273 857 123 33 selbst
1416 856 122 34 durch
1559 857 141 44 eigene
1720 857 113 33 Kraft
1852 858 84 33 und
1956 858 123 35 durch
2099 860 62 34 die

516 916 56 35 sie
592 915 263 36 verklärende
875 910 218 38 Schönheit
1111 907 153 45 reinigt.
1285 906 285 34 Vollkommen
1589 907 279 44 hoffnungslos
1891 907 52 34 ist
1965 908 40 34 in
2030 908 132 36 dieser

516 967 115 34 Welt
661 978 76 23 nur
765 967 124 34 eines:
909 963 94 45 jene
1023 957 356 44 Mittelmäßigkeit,
1400 957 155 33 welche
1579 957 70 34 der
1671 958 110 43 träge
1810 957 133 34 Inhalt
1967 958 109 34 einer
2099 969 41 25 re-

517 1017 244 45 gungslosen
782 1017 137 33 Masse
938 1013 60 34 ist.
1019 1012 159 37 Besser,
1196 1007 68 34 des
1284 1007 135 33 Bösen
1439 1006 149 34 lebhaft
1606 1007 197 45 gewärtig
1820 1018 49 23 zu
1888 1007 97 42 sein,
2006 1008 58 35 als
2089 1019 71 25 aus

514 1067 141 34 bloßer
677 1064 276 47 Schläfrigkeit
976 1061 76 34 alle
1077 1058 167 47 Quellen
1267 1057 59 33 für
1352 1056 126 34 Gutes
1503 1056 97 35 oder
1622 1058 130 33 Böses
1779 1058 242 44 verstopfen.
2041 1060 119 34 Denn

515 1117 72 34 das
610 1118 109 33 Böse
743 1117 133 39 selbst,
898 1115 59 34 bis
979 1123 47 23 zu
1052 1111 129 33 einem
1201 1106 133 35 Punkt
1356 1117 210 33 perverser
1584 1108 150 34 Extase
1753 1108 219 44 getrieben,
1992 1108 100 35 wird
2110 1121 48 23 zu

515 1167 112 35 einer
649 1168 74 34 Art
748 1167 146 34 Gutem
920 1162 122 36 durch
1058 1161 89 45 jene
1170 1158 82 34 ihm
1276 1156 325 35 innewohnende
1625 1158 184 44 Energie,
1831 1159 155 34 welche
2010 1159 41 34 in
2076 1164 62 30 ent-

515 1222 335 41 gegengesetzter
876 1215 203 41 Richtung
1104 1207 170 46 Tugend
1301 1207 51 33 ist
1378 1206 81 34 und
1487 1207 167 41 welche,
1676 1208 77 34 wie
1777 1209 103 34 auch
1903 1209 143 34 immer
2073 1210 85 34 ihre

514 1267 207 45 Richtung
748 1266 214 36 verändert
988 1260 109 42 wird,
1121 1257 168 36 niemals
1316 1256 204 34 verfehlen
1547 1257 118 42 kann,
1689 1262 128 31 etwas
1840 1269 81 24 von
1954 1259 106 34 ihrer
2095 1271 42 23 ur-

513 1318 285 45 sprünglichen
825 1310 366 41 Eindrücklichkeit
1217 1318 48 24 zu
1292 1306 200 35 behalten.
1516 1307 83 35 Der
1622 1308 142 35 Teufel
1788 1309 50 34 ist
1861 1310 146 44 gerade
2033 1310 125 34 durch

515 1368 62 34 die
598 1369 131 40 Höhe,
746 1378 81 25 von
848 1367 70 34 der
936 1375 43 23 er
997 1363 75 40 fiel,
1089 1360 96 35 Gott
1203 1358 126 34 näher
1348 1356 58 34 als
1427 1356 70 35 der
1515 1358 491 42 Durchschnittsmensch,
2023 1360 77 34 den
2116 1370 41 24 es

512 1419 108 34 noch
648 1419 63 34 nie
740 1417 206 46 getrieben
972 1414 70 34 hat
1061 1408 311 46 aufzujauchzen
1397 1406 97 35 oder
1516 1408 247 34 zerknirscht
1784 1420 48 22 zu
1857 1409 95 34 sein.
1987 1410 92 35 Und
2112 1420 45 24 so

512 1469 144 34 nähert
679 1469 85 34 sich
788 1467 88 35 eine
900 1465 91 35 tiefe
1015 1460 164 48 geistige
1202 1456 297 42 Verderbtheit,
1524 1458 94 34 weit
1645 1459 172 33 entfernt
1841 1459 316 35 unmoralischer

511 1530 50 23 zu
594 1519 87 34 sein
714 1520 57 33 als
804 1522 108 31 etwa
944 1514 69 34 der
1043 1508 247 49 grob-zotige
1318 1507 364 46 Menschenschlag
1710 1509 110 34 eines
1845 1509 185 44 Hogarth
2059 1510 98 34 oder

512 1569 290 40 Rowlandson,
822 1568 55 34 im
896 1567 145 33 letzten
1057 1560 81 36 und
1157 1558 226 35 abstrakten
1402 1557 116 35 Ende
1538 1558 147 45 gerade
1705 1558 71 34 der
1794 1559 215 34 Moralität.
2035 1560 119 34 Denn

511 1619 57 34 sie
593 1619 192 35 bedeutet
809 1619 77 33 den
910 1612 196 46 Triumph
1130 1609 70 34 des
1224 1608 159 34 Geistes
1407 1608 99 33 über
1531 1608 70 34 das
1624 1608 171 41 Fleisch,
1820 1619 103 34 ganz
1947 1609 132 44 gleich
2106 1621 49 23 zu

511 1670 200 35 welchem
735 1669 129 35 Ende.
890 1667 63 34 Sie
979 1664 50 34 ist
1047 1662 88 34 eine
1160 1659 121 34 Form
1304 1658 171 33 höherer
1498 1658 298 42 Besessenheit,
1813 1659 63 34 bei
1896 1659 177 36 welcher
2091 1660 63 35 die

511 1720 181 45 untätige
721 1719 81 35 und
832 1714 218 38 materielle
1075 1709 115 37 Seele
1218 1709 38 33 in
1284 1707 151 44 feurige
1460 1708 238 44 Bewegung
1723 1713 176 30 versetzt
1922 1710 111 42 wird,
2058 1721 96 24 vom

511 1769 144 35 Boden
674 1770 186 45 gehoben
880 1778 48 23 zu
948 1764 109 35 einer
1075 1760 121 36 Höhe
1217 1758 107 35 einer
1342 1757 201 44 gewissen
1561 1758 198 45 geistigen
1777 1759 187 35 Freiheit.
1991 1761 94 35 Und
2108 1771 45 25 so

509 1819 135 35 finden
664 1821 74 33 wir
757 1820 71 34 das
848 1818 107 33 Böse
976 1823 74 26 vor
1069 1811 84 35 sich
1169 1809 121 34 selbst
1304 1807 299 46 gerechtfertigt
1617 1808 81 34 und
1715 1808 88 35 eine
1820 1809 70 35 der
1904 1811 250 45 Enthüllung

511 1869 71 35 des
601 1872 138 34 Bösen
760 1868 196 36 dienende
975 1864 129 35 Kunst
1123 1861 40 34 in
1182 1857 324 46 gleicherweise
1525 1858 308 45 gerechtfertigt.
1851 1859 119 36 Seine
1987 1861 142 45 endgül-

507 1920 80 42 tige
616 1919 331 44 Rechtfertigung
972 1916 49 34 ist
1049 1912 74 40 die,
1148 1908 153 36 welche
1328 1917 80 24 von
1438 1909 181 34 Plotinus
1646 1908 39 34 in
1709 1910 133 33 seiner
1868 1910 283 46 Abhandlung:

511 1965 136 46 „Über
666 1972 63 34 die
748 1972 128 33 Natur
899 1967 70 33 des
990 1964 130 34 Guten
1140 1959 79 35 und
1238 1957 160 35 Bösen”
1420 1958 281 45 dahingehend
1720 1959 145 35 erklärt
1884 1962 115 34 wird:
2018 1962 134 42 „Aber

508 2021 95 34 dem
614 2022 136 33 Bösen
765 2021 50 34 ist
829 2018 57 36 als
901 2015 157 36 solches
1072 2010 192 36 bestehen
1279 2019 48 23 zu
1342 2007 157 37 bleiben
1514 2013 199 41 gestattet,
1730 2010 117 34 allein
1863 2022 72 25 aus
1951 2012 70 35 der
2035 2013 93 34 über-

506 2072 172 44 legenen
693 2071 140 34 Macht
852 2066 79 37 und
945 2066 125 34 Natur
1085 2061 69 35 des
1170 2061 142 39 Guten,
1328 2058 92 35 weil
1435 2070 42 24 es
1492 2059 398 46 notwendigerweise
1904 2073 82 24 von
2001 2061 150 37 überall

506 2122 74 34 her
608 2121 328 45 eingeschlossen
963 2112 79 37 und
1064 2111 211 46 gebunden
1301 2109 209 42 erscheint,
1532 2110 151 34 schöne
1707 2111 141 35 Bande
1873 2113 77 35 wie
1974 2113 74 35 mit
2066 2111 63 45 gol-

507 2171 132 35 denen
663 2173 149 33 Ketten
835 2165 210 50 gefesselte
1070 2160 225 37 Menschen
1313 2160 179 44 tragend,
1509 2160 123 34 damit
1652 2171 42 24 es
1713 2161 61 34 für
1793 2162 78 35 den
1891 2163 171 35 Anblick
2081 2162 70 34 der

506 2221 266 35 Göttlichkeit
792 2217 167 38 enthüllt
978 2214 96 35 oder
1094 2211 124 36 damit
1237 2210 61 34 die
1312 2210 255 35 Menschheit
1581 2210 109 35 seine
1706 2211 273 38 schreckliche
1995 2212 156 35 Gestalt
