2999 4292
589 230 132 69 LA
785 230 617 84 TECHNIQUE
1468 233 145 68 DU
1679 233 392 68 VIOLON

2551 257 36 68 3

54 400 131 38 sans
221 381 195 80 parler
451 379 72 59 de
559 381 227 58 certain
825 381 282 81 dialogue
1144 382 71 58 de
1250 403 114 60 coq
1401 397 57 43 et
1509 383 209 80 poules
1764 383 105 80 qui
1906 382 102 58 eût
2058 379 108 61 fait
2217 383 52 57 le
2320 382 275 60 bonheur

54 468 72 59 de
179 470 352 72 Mersenne,
566 492 75 36 au
677 470 103 81 gré
816 470 73 59 de
924 473 107 79 qui
1067 473 52 57 le
1153 473 206 56 violon
1396 487 323 65 emprunte
1756 492 117 38 une
1907 473 193 79 partie
2137 472 71 57 de
2243 492 59 38 sa
2337 473 191 79 gloire
2563 471 31 58 à

53 580 57 38 sa
159 557 227 61 faculté
438 561 272 58 d'imiter
823 562 296 80 plusieurs
1167 561 213 60 chants
1445 562 99 59 des
1608 564 290 55 animaux
1952 576 127 45 tant
2144 564 274 58 volatiles
2475 584 118 60 que

54 664 324 58 terrestres,
435 651 54 57 la
543 651 271 59 douceur
871 652 72 58 de
1006 652 54 59 la
1116 652 149 83 lyre,
1323 652 100 59 des
1474 650 277 74 fanfares,
1810 652 256 80 l'orgue,
2126 654 148 68 imo,
2328 668 58 43 et
2445 654 147 57 asini

53 739 274 58 ruditum
438 739 14 26 1

234 831 95 58 En
392 851 17 36 i
430 830 121 79 669
607 830 192 81 paraît
849 853 82 36 un
974 853 268 58 ouvrage
1277 828 350 62 infiniment
1666 831 131 80 plus
1831 830 193 61 hardi.
2064 831 100 59 On
2202 847 211 43 trouve
2447 831 145 60 dans

53 922 54 56 le
161 922 224 57 recueil
442 920 73 59 de
571 920 303 59 Matthias
917 922 155 57 Kelz
1098 919 17 27 2
1149 922 101 57 des
1284 942 272 59 passages
1591 943 117 36 aux
1744 923 294 78 positions
2071 920 249 71 élevées,

54 1397 101 60 des
204 1396 280 72 brisures,
513 1396 100 58 des
677 1396 495 60 doubles-cordes
1230 1396 79 61 où
1374 1400 81 58 les
1507 1399 163 59 deux
1726 1400 146 58 voix
1925 1399 250 58 doivent
2240 1400 172 57 offrir
2476 1420 115 36 une

53 1484 342 63 continuité
430 1485 277 82 parfaite,
743 1486 338 81 cependant
1117 1509 119 60 que
1269 1490 54 58 la
1357 1490 268 80 position
1680 1489 72 58 de
1804 1490 54 58 la
1914 1490 161 57 main
2136 1489 236 80 gauche
2428 1490 161 56 varie

54 1598 130 39 sans
220 1598 176 38 cesse.

236 2111 202 74 Biber,
474 2110 15 28 3
565 2134 74 37 en
725 2111 185 71 1681,
994 2131 98 38 ose
1169 2110 133 80 plus
1385 2129 219 37 encore
1647 2129 11 35 :
1727 2106 182 58 suites
1992 2105 305 57 d'octaves
2379 2117 59 44 et
2521 2101 72 58 de

54 2201 318 73 dixièmes,
432 2201 439 80 changements
955 2201 72 59 de
1102 2197 264 61 sonorité
1445 2219 98 37 sur
1618 2218 117 37 une
1808 2195 201 57 même
2090 2206 162 57 note,
2310 2214 104 58 par
2479 2211 115 37 une

56 2708 208 80 souple
317 2704 389 61 articulation
758 2702 74 58 de
884 2700 273 70 l'archet,
1187 2698 168 58 traits
1407 2717 72 37 en
1530 2707 263 47 staccato
1839 2713 128 38 sans
2008 2693 194 81 parler
2236 2691 99 59 des
2368 2693 223 80 allegro

56 3229 393 81 vertigineux
507 3221 101 74 où,
667 3222 177 80 grâce
902 3217 30 60 à
985 3216 292 60 d'habiles
1343 3213 380 83 oppositions
1788 3211 71 60 de
1925 3211 271 71 timbres,
2262 3212 50 56 le
2366 3210 227 68 violon,

57 3343 130 39 sans
251 3339 190 39 cesser
503 3314 192 59 d'être
752 3310 155 60 écrit
960 3307 32 60 à
1049 3329 117 37 une
1229 3306 161 59 seule
1432 3306 215 80 partie,
1702 3302 198 59 donne
1952 3302 400 80 l'impression
2406 3298 72 58 de
2541 3298 53 58 la

176 3485 10 24 1
219 3485 143 40 Traité
384 3483 66 39 des
474 3483 280 42 Instruments,
778 3474 66 40 liv.
870 3477 71 44 IV,
971 3476 118 46 1636,
1114 3486 38 39 p.
1183 3476 89 43 183.
1299 3472 51 37 Et
1375 3469 345 39 Harmonicorum
1744 3468 361 37 instrumentorum
2128 3463 90 39 libri
2246 3464 65 46 IV,
2336 3476 36 39 p.
2401 3476 62 36 39.

174 3545 14 22 2
221 3542 223 52 Epidigma
467 3538 237 40 harmoniae
727 3547 138 35 novae,
889 3531 143 47 variae,
1055 3544 109 25 rarae
1187 3542 44 26 ac
1255 3529 190 46 curiosae,
1469 3537 75 29 etc.
1574 3530 119 47 1669.

173 3602 14 23 3
222 3606 182 41 Sonatae,
439 3596 154 42 violino
625 3593 97 48 solo,
757 3603 73 29 etc.
864 3605 70 40 par
968 3589 201 39 Henricus
1212 3588 31 37 I.
1270 3587 65 38 M.
1362 3585 131 39 Biber.
1530 3584 165 39 Edition
1728 3584 65 37 des
1825 3579 248 42 Denkm&ler
2104 3580 68 37 der
2207 3577 226 39 Tonkùnst.
2459 3578 40 35 \\
2517 3576 74 46 ien,

65 3669 122 48 1898.
212 3659 177 41 Artaria.
