2999 4292
350 275 94 73 88

1428 275 66 68 S.
1563 272 56 71 I.
1687 272 107 71 M.

341 424 317 47 entièrement
700 423 26 47 à
771 423 43 45 la
857 434 166 34 nature
1068 420 56 47 de
1166 437 85 30 son
1291 419 152 63 génie,
1490 430 47 35 et
1577 418 459 47 merveilleusement
2081 435 164 45 propre
2290 418 25 45 à
2359 418 201 47 traduire
2601 418 39 45 le
2680 418 201 47 tumulte

343 496 258 47 fortement
626 494 171 48 scandé
824 494 57 46 de
921 509 68 31 ses
1030 491 203 63 passions
1258 508 63 29 ou
1361 490 41 47 le
1445 490 332 47 balancement
1804 489 199 62 régulier
2031 490 53 45 de
2127 507 67 28 ses
2220 489 211 47 rêveries.
2461 489 69 47 Ce
2569 507 88 44 que
2687 488 198 47 d'autres

344 569 267 59 expriment
653 583 80 44 par
777 565 56 46 de
875 574 185 37 courtes
1105 564 184 61 phrases
1333 561 306 62 mélodiques,
1680 578 79 43 par
1801 560 77 47 des
1915 560 283 47 successions
2236 559 254 61 d'accords,
2530 576 78 45 par
2646 559 78 47 des
2761 561 127 45 traits

344 637 243 61 morcelés,
616 650 108 47 etc.,
754 636 31 47 il
813 635 262 62 l'exprime,
1103 634 82 62 lui,
1214 650 79 46 par
1321 650 64 29 un
1413 634 190 63 rythme
1630 632 229 59 insistant,
1888 649 79 43 par
1994 631 43 47 la
2062 632 174 45 rêverie
2267 630 216 47 balancée
2512 630 54 45 de
2599 630 41 45 la
2666 630 135 47 scène
2827 649 58 28 au

347 710 114 47 bord
505 710 65 45 du
620 710 218 58 ruisseau,
884 724 62 29 ou
987 722 80 45 par
1111 705 43 47 la
1199 706 190 46 marche
1431 720 56 29 en
1533 703 34 47 si
1609 702 156 47 bémol
1804 702 54 46 de
1901 701 42 47 la
2285 701 255 63 J'essaierai
2579 701 56 46 de
2680 714 208 34 montrer

347 780 200 63 quelque
584 781 107 63 jour
717 796 89 46 que
834 778 113 46 dans
985 794 70 30 ses
1082 775 232 47 dernières
1350 791 184 29 œuvres
1573 773 273 47 Beethoven
1886 790 103 29 sans
2015 773 141 46 doute
2183 790 25 29 a
2249 772 116 47 brisé
2399 772 43 46 la
2467 772 149 46 forme
2644 772 219 46 tradition-

348 852 122 47 nelle
499 852 56 46 de
597 851 43 47 la
677 849 298 61 symphonie,
1003 848 64 46 du
1093 858 216 51 quatuor,
1338 846 55 47 de
1432 844 44 47 la
1511 857 178 47 sonate,
1731 861 114 44 pour
1872 861 57 29 en
1970 842 188 63 calquer
2196 842 101 62 plus
2334 853 300 36 exactement
2672 842 42 47 le
2752 842 109 46 déve-

348 923 275 61 loppement
661 938 77 31 sur
780 919 43 47 la
858 921 120 45 suite
1006 918 226 47 continue
1260 917 56 47 de
1352 933 69 31 ses
1462 916 232 47 émotions
1732 932 60 29 ou
1820 916 56 44 de
1914 931 68 30 ses
2020 914 205 62 pensées,
2267 914 115 46 mais
2420 913 30 46 il
2489 931 58 28 ne
2586 913 106 47 s'est
2726 913 163 63 jamais

347 993 144 47 libéré
519 993 57 47 de
613 992 45 47 la
694 992 152 45 forme
872 988 275 60 essentielle,
1176 988 63 47 du
1265 988 188 63 rythme
1481 987 116 45 dont
1636 984 282 47 l'insistance
1944 1002 45 29 se
2018 1002 193 44 marque
2238 985 118 46 aussi
2398 983 251 63 énergique
2676 984 113 46 dans
2826 983 63 46 les

347 1064 220 62 esquisses
611 1063 57 46 de
708 1062 44 47 la
799 1076 59 31 10
862 1063 17 20 e
915 1059 280 66 symphonie
1241 1076 91 44 que
1370 1058 113 45 dans
1521 1056 64 47 les
1623 1055 250 62 premières
1909 1072 198 30 œuvres.
2151 1054 64 48 Et
2257 1055 155 46 même
2451 1054 229 62 qu'est-ce
2718 1070 89 45 que
2847 1053 41 45 la

348 1135 174 64 grande
548 1135 144 62 fugue
720 1150 74 45 op.
830 1147 112 48 133,
969 1133 137 45 sinon
1133 1148 66 29 un
1228 1130 185 65 rythme
1443 1129 139 63 géant
1609 1129 115 44 dont
1751 1144 193 45 presque
1972 1139 104 34 tous
2103 1126 62 47 les
2192 1125 227 47 éléments
2446 1128 305 59 pittoresques
2782 1136 106 35 sont

348 1205 228 61 éliminés,
620 1222 116 44 pour
777 1220 60 30 ne
875 1203 154 47 laisser
1065 1201 218 47 subsister
1309 1217 92 45 que
1440 1217 52 29 ce
1531 1197 350 47 bondissement
1924 1196 201 64 régulier
2151 1196 56 46 de
2246 1196 42 47 la
2326 1197 180 60 passion
2532 1197 78 61 qui
2650 1196 26 46 à
2710 1196 177 61 chaque

348 1294 183 29 mesure
557 1276 157 61 frappe
740 1275 257 46 fortement
1023 1271 44 47 la
1092 1284 119 34 terre
1238 1271 64 46 du
1328 1270 106 62 pied
1458 1269 15 47 ?

491 1346 40 48 Il
570 1347 93 46 suit
688 1363 89 45 que
819 1344 116 48 c'est
973 1342 292 48 assurément
1305 1357 116 46 pour
1460 1340 42 47 le
1544 1340 114 47 chef
1677 1338 284 47 d'orchestre
2001 1355 61 29 ou
2104 1355 116 44 pour
2259 1337 43 47 le
2329 1338 202 46 virtuose
2570 1337 111 46 faire
2720 1352 169 46 preuve

349 1418 215 47 d'exacte
607 1416 178 48 fidélité
827 1416 24 47 à
891 1415 42 47 la
978 1413 167 63 pensée
1191 1413 57 47 de
1293 1412 275 47 Beethoven
1596 1429 89 44 que
1731 1411 56 46 de
1827 1427 218 45 marquer
2081 1426 104 31 sans
2224 1408 202 47 timidité
2464 1411 47 44 ni
2551 1408 249 47 hésitation
2837 1425 52 29 ce

348 1491 188 62 rythme
564 1486 340 61 fondamental,
932 1487 117 44 mais
1074 1484 115 47 c'est
1213 1482 388 65 singulièrement
1628 1482 170 46 fausser
1825 1491 123 35 cette
1986 1479 156 46 même
2184 1479 167 61 pensée
2379 1497 90 45 que
2498 1479 55 46 de
2584 1495 215 45 marquer
2837 1495 52 29 ce

348 1562 190 63 rythme
565 1576 190 32 comme
781 1575 94 30 une
904 1558 150 46 forme
1092 1567 251 51 purement
1371 1553 239 61 musicale,
1639 1553 116 46 dont
1793 1551 43 47 la
1862 1551 249 63 régularité
2137 1552 156 46 même
2321 1551 197 47 canalise
2559 1549 42 47 la
2638 1551 176 60 passion
2843 1561 46 34 et

348 1650 59 28 en
435 1632 143 47 cache
620 1631 41 45 la
705 1629 364 46 manifestation.
1111 1627 76 45 Ne
1230 1642 119 30 nous
1387 1624 171 47 lassons
1595 1624 133 61 point
1755 1623 55 46 de
1855 1622 42 47 le
1933 1620 179 61 répéter
2140 1638 10 29 :
2192 1622 42 45 le
2273 1622 187 63 rythme
2486 1632 69 34 est
2582 1620 40 46 le
2650 1620 239 46 vêtement

349 1703 155 46 même
533 1703 56 46 de
630 1700 43 47 la
714 1699 167 64 pensée
909 1699 56 46 de
994 1698 292 47 Beethoven.
1317 1695 70 49 Le
1415 1712 217 46 marquer
1658 1711 112 29 avec
1799 1693 125 47 force
1962 1704 47 34 et
2045 1709 102 29 sans
2189 1691 264 61 hésitation,
2481 1690 113 47 c'est
2621 1690 268 47 manifester

349 1774 43 46 la
419 1773 166 62 pensée
614 1774 63 46 du
705 1771 181 60 maître,
914 1770 26 47 à
966 1769 244 48 condition
1238 1768 146 63 qu'on
1411 1784 58 29 en
1510 1778 187 34 montre
1735 1765 115 46 aussi
1892 1764 62 47 les
1981 1780 206 30 nuances
2212 1775 47 35 et
2295 1763 63 47 les
2381 1764 265 58 variations,
2673 1773 47 34 et
2746 1760 142 64 qu'on

349 1863 61 28 ne
437 1843 231 48 l'exécute
696 1859 77 46 pas
799 1858 189 30 comme
1027 1858 95 28 une
1162 1840 150 46 forme
1338 1838 120 47 vide.
1488 1835 71 48 Ce
1587 1836 190 65 rythme
1815 1846 66 35 est
1920 1834 296 61 l'expression
2246 1832 155 47 même
2429 1844 46 34 et
2513 1831 29 47 il
2583 1849 58 29 ne
2666 1843 91 35 sert
2782 1830 108 63 qu'à

348 1915 316 64 l'expression.

490 1986 164 61 Sinon,
682 2003 90 44 que
800 1982 267 49 resterait-il
1095 1982 114 46 dans
1234 1998 65 30 un
1328 1979 64 46 tel
1418 1991 85 48 art,
1533 1989 180 36 correct
1740 1989 47 35 et
1813 1977 181 61 parfait,
2023 1976 55 46 de
2163 1992 75 30 ces
2278 1976 202 61 passions
2509 1972 298 64 frénétiques,
2834 1972 55 46 de

348 2069 124 35 cette
499 2056 213 47 violence
738 2071 198 46 sauvage
1040 2053 116 46 dont
1183 2051 78 47 M.
1293 2051 205 46 Romain
1530 2048 205 47 Rolland
1763 2047 132 47 disait
1920 2046 293 47 récemment
2299 2045 237 62 qu'aucun
2565 2045 78 45 des
2668 2045 222 44 virtuoses

348 2130 47 44 ni
423 2145 157 30 aucun
609 2127 79 47 des
715 2126 259 47 orchestres
1001 2122 346 65 d'aujourd'hui
1392 2139 58 27 ne
1490 2119 63 47 les
1589 2119 170 46 sentait
1799 2118 102 61 plus
1975 2114 14 27 1
2017 2116 14 45 ?
2069 2116 264 47 Comment
2370 2117 317 46 serions-nous
2720 2131 169 29 encore

348 2199 133 47 émus
518 2216 80 44 par
625 2216 76 29 ces
726 2197 273 47 dissections
1039 2194 330 63 intelligentes,
1397 2203 200 47 exactes,
1625 2191 134 45 fruits
1785 2189 113 46 d'un
1928 2188 158 47 travail
2114 2187 218 61 acharné,
2359 2187 61 46 où
2460 2187 95 46 l'on
2583 2186 174 45 entend
2794 2202 93 28 non

347 2271 102 61 plus
490 2268 213 60 l'œuvre,
733 2268 115 46 mais
885 2264 171 49 l'effort
1083 2266 79 45 des
1189 2266 241 55 virtuoses,
1458 2260 273 47 exécutions
1770 2259 229 61 parfaites,
2042 2258 113 47 mais
2180 2259 77 60 qui
2299 2268 187 36 sentent
2518 2255 160 47 l'huile
2702 2254 14 47 ?
2757 2254 132 47 Dans

347 2353 123 36 cette
522 2340 147 46 froide
719 2339 276 61 perfection,
1049 2348 421 34 retrouvons-nous
1519 2332 291 58 Beethoven,
1863 2329 41 47 le
1956 2329 273 46 Beethoven
2279 2328 157 47 animé
2488 2326 139 46 d'une
2733 2328 155 44 fureur

348 2412 311 61 démoniaque
757 2409 42 46 le
828 2409 292 57 Beethoven,
1147 2418 137 35 suant
1312 2417 45 34 et
1384 2405 106 45 hors
1516 2401 234 47 d'haleine
1784 2401 24 45 à
1845 2418 83 28 son
1968 2400 154 61 piano,
2150 2400 259 45 cherchant
2438 2398 113 47 dans
2575 2396 243 64 l'angoisse
2843 2409 45 32 et

347 2484 43 46 le
418 2483 141 45 délire
588 2481 63 47 les
677 2480 265 62 religieuses
984 2478 296 61 inspirations
1305 2476 55 46 de
1401 2475 42 46 la
1470 2473 158 47 Messe
1656 2490 58 28 en
1744 2471 72 47 Ré
1837 2470 16 47 ?
1873 2469 15 25 2
1928 2470 114 55 Que
2069 2470 217 46 reste-t-il
2318 2470 55 44 de
2400 2485 74 29 ces
2512 2480 192 47 extases,
2733 2467 54 46 de
2814 2483 75 29 ces

348 2555 212 61 fougues,
589 2551 55 46 de
672 2568 75 29 ces
773 2549 249 59 violences,
1053 2549 54 44 de
1148 2564 75 29 ces
1260 2561 184 32 courses
1484 2541 272 64 précipitées
1782 2541 25 46 à
1841 2554 173 33 travers
2053 2540 65 47 les
2158 2541 193 59 champs
2376 2539 114 45 dans
2516 2555 75 29 ces
2616 2537 273 46 exécutions

348 2626 80 62 qui
456 2621 306 50 ressemblent
788 2621 26 46 à
841 2621 77 46 des
960 2620 159 60 leçons
1144 2619 131 45 faites
1316 2634 78 44 par
1421 2633 65 29 un
1528 2615 256 61 professeur
1811 2630 58 28 en
1898 2612 153 46 chaire
2078 2610 13 47 ?
2135 2610 127 47 Elles
2304 2627 115 30 nous
2460 2608 253 47 émeuvent
2744 2607 116 47 néan-

349 2696 154 46 moins
528 2710 188 31 comme
744 2709 93 29 une
865 2691 174 62 grande
1064 2690 165 47 ombre
1256 2706 61 28 ou
1343 2705 65 28 un
1437 2686 144 63 grand
1609 2685 232 45 souvenir.
1872 2682 62 47 Et
1961 2700 89 43 que
2075 2682 216 46 serait-ce
2328 2682 34 45 si
2398 2697 118 30 nous
2540 2680 280 45 entendions
2846 2677 39 46 le

350 2776 207 37 monstre
585 2762 250 48 lui-même
858 2760 14 47 ?

493 2834 245 63 Quelques
777 2832 238 61 exemples
1050 2842 107 36 sont
1196 2829 274 46 nécessaires
1510 2843 114 45 pour
1664 2824 199 47 illustrer
1902 2840 74 29 ces
2015 2822 259 47 réflexions.
2321 2821 135 47 Dans
2497 2821 40 45 le
2577 2818 138 48 finale
2754 2819 54 45 de
2848 2818 41 46 la

352 2906 249 59 Pastorale,
632 2903 61 48 28
724 2920 205 30 mesures
955 2913 141 35 avant
1124 2899 40 47 la
1191 2898 83 62 fin,
1302 2899 41 46 le
1370 2899 142 45 chant
1525 2898 177 62 joyeux
1728 2908 46 33 et
1802 2893 249 61 triomphal
2080 2893 78 46 des
2184 2893 149 61 pâtres
2358 2892 160 47 sauvés
2539 2892 55 45 de
2616 2890 41 46 la
2685 2889 200 60 tempête

352 2978 213 46 diminue
590 2987 46 34 et
663 2973 186 48 s'éteint
891 2972 207 62 pendant
1125 2988 90 45 que
1256 2969 63 47 les
1347 2970 145 45 basses
1517 2965 228 47 scandent
1771 2965 284 45 doucement
2083 2963 64 45 les
2174 2978 264 29 murmures
2465 2961 76 46 des
2569 2961 230 45 ruisseaux
2841 2969 44 33 et

353 3050 77 46 des
457 3047 240 62 feuillages
724 3067 11 37 ;
764 3045 113 46 dans
904 3044 41 46 le
971 3043 173 47 silence
1172 3041 64 46 les
1263 3039 196 60 violons,
1490 3039 105 44 voix
1624 3036 164 46 timide
1815 3035 76 61 qui
1919 3034 185 60 s'élève,
2133 3034 150 46 disent
2315 3033 42 45 la
2384 3034 160 60 phrase
2572 3029 313 48 merveilleuse

352 3122 77 60 qui
458 3129 163 37 monte
648 3133 189 30 comme
863 3133 94 28 une
985 3113 146 62 prière
1158 3124 47 34 et
1229 3109 215 49 s'affaisse
1472 3125 188 31 comme
1688 3124 63 29 un
1780 3104 399 64 agenouillement
2210 3122 10 29 :

470 3266 10 22 1
516 3266 66 38 Vie
603 3266 45 37 de
674 3264 131 38 Tolstoï
807 3293 9 16 ,
840 3276 38 40 p.
908 3265 90 45 146.

469 3325 14 22 2
563 3323 150 52 Jamais
734 3334 132 26 aucun
890 3317 140 41 travail
1054 3318 146 38 n'avait
1223 3314 165 40 absorbé
1412 3313 226 39 Beethoven
1663 3325 159 25 comme
1854 3308 35 39 la
1922 3309 266 52 composition
2213 3309 47 37 de
2295 3307 36 39 la
2355 3307 132 39 Messe
2510 3320 45 24 en
2582 3307 56 37 Ré
2664 3323 8 19 :
2745 3306 78 36 Dès
2854 3303 32 37 le

354 3384 137 48 début,
514 3382 58 38 dit
596 3377 223 49 Schindler,
843 3386 87 31 tout
953 3390 70 25 son
1047 3376 79 38 être
1149 3384 117 45 parut
1287 3387 38 25 se
1347 3371 271 44 transformer,
1642 3382 43 26 ce
1706 3381 77 39 que
1804 3381 57 26 ses
1884 3367 116 38 vieux
2023 3366 99 38 amis
2142 3375 156 29 surtout
2322 3366 295 49 remarquèrent
2641 3376 8 33 ;
2679 3372 36 28 et
2744 3362 37 48 je
2802 3360 84 38 dois

355 3455 147 28 avouer
525 3454 77 39 que
624 3438 40 38 ni
688 3446 131 37 avant,
843 3436 39 38 ni
905 3436 111 52 après
1037 3441 100 30 cette
1159 3436 166 49 époque,
1355 3431 38 49 je
1417 3442 48 24 ne
1496 3427 64 39 l'ai
1584 3440 51 24 vu
1658 3427 98 37 dans
1780 3438 52 24 un
1866 3422 121 56 pareil
2020 3427 79 34 état
2120 3423 49 38 de
2190 3422 277 39 détachement
2500 3418 136 41 absolu
2660 3419 65 38 des
2753 3418 133 38 choses

355 3503 48 37 de
425 3501 37 39 la
485 3509 111 28 terre.
666 3495 202 40 Certaines
890 3506 131 41 pages,
1043 3504 70 26 son
1930 3490 119 41 Credo
1278 3502 72 40 par
1370 3485 190 55 exemple,
1584 3483 56 39 lui
1663 3483 207 39 coûtèrent
1894 3495 77 26 une
1992 3481 114 54 peine
2129 3481 149 39 inouïe.
2303 3479 32 38 Il
2371 3478 226 54 trépignait,
2622 3475 145 39 hurlait
2790 3475 96 38 dans

355 3559 36 39 le
411 3558 65 40 feu
500 3558 47 38 de
568 3554 239 40 l'invention
834 3569 9 22 :
866 3565 50 26 on
941 3549 34 40 le
998 3549 172 39 trouvait
1193 3547 94 40 chez
1310 3545 69 48 lui,
1402 3554 116 29 suant
1540 3555 98 36 sang
1659 3551 37 30 et
1719 3555 85 33 eau,
1828 3539 132 45 livide,
1985 3540 248 52 décomposé.
2303 3539 63 48 (P.
2390 3536 245 51 Landormy,
2660 3536 161 36 Histoire
2842 3534 44 35 de

363 3619 43 38 la
492 3615 161 53 musique,
654 3628 17 39 p.
687 3612 110 49 204.)
