2999 4292
696 372 599 94 Courrier
1371 372 678 99 Financier

242 774 153 63 Après
426 775 42 46 la
506 776 172 62 grande
717 775 138 64 grève
882 776 77 47 des
986 778 266 45 cheminots
1279 778 62 45 du
1368 778 151 61 Nord,
1549 779 100 60 puis
1676 779 78 46 des
1778 791 153 35 autres
1958 779 333 65 Compagnies,
2314 781 28 46 il
2370 800 26 28 a
2420 782 176 46 semblé
2622 783 24 46 à

102 859 105 33 tous
233 864 58 29 en
321 846 182 47 France
531 846 192 62 qu'elles
750 847 174 47 étaient
950 848 198 46 arrivées
1174 865 79 45 par
1280 849 118 45 suite
1427 849 55 45 de
1510 848 42 47 la
1579 849 208 47 faiblesse
1815 862 45 34 et
1900 852 55 44 de
1994 850 395 66 l'imprévoyance
2430 854 61 45 du
2530 870 116 45 gou-

99 929 295 49 vernement,
423 934 78 44 par
529 917 42 47 le
599 918 186 62 progrès
812 919 77 46 des
927 919 123 47 idées
1087 918 417 48 révolutionnaires
1541 938 62 28 ou
1640 922 297 59 anarchistes,
1965 922 118 46 alors
2119 921 113 63 qu'il
2272 935 80 34 eut
2389 924 101 45 suffi
2530 924 113 47 d'un

101 1006 89 43 peu
218 988 54 46 de
296 989 249 63 jugement
572 1006 116 44 pour
714 1006 45 29 se
793 989 166 46 rendre
987 1002 188 49 compte
1202 1007 91 45 que
1334 990 96 45 l'on
1469 990 111 46 était
1618 1004 251 47 purement
1907 1004 45 34 et
1990 992 300 61 simplement
2329 1011 58 30 en
2426 994 219 61 présence

101 1058 142 47 d'une
283 1058 276 48 convulsion
600 1060 311 62 économique
952 1061 104 46 bien
1094 1060 102 62 plus
1222 1078 89 44 que
1340 1060 142 47 d'une
1510 1061 275 47 convulsion
1812 1063 169 46 sociale
2007 1076 46 33 et
2080 1075 45 35 et
2161 1076 183 35 surtout
2382 1082 90 45 que
2500 1065 143 48 d'une

99 1129 278 47 convulsion
405 1129 242 64 politique.

245 1200 38 46 Il
304 1201 219 63 s'agissait
550 1202 123 46 donc
702 1202 106 46 bien
836 1201 43 47 là
903 1202 265 46 seulement
1194 1202 114 46 d'un
1338 1201 300 62 phénomène
1676 1203 325 63 économique,
2029 1216 47 34 et
2101 1204 189 47 celui-ci
2328 1223 46 29 se
2400 1208 245 45 rattachait

103 1272 24 46 à
154 1272 393 62 l'augmentation
576 1272 216 63 générale
821 1273 78 46 des
926 1274 181 45 besoins
1133 1273 55 46 de
1216 1271 272 48 l'existence
1517 1275 119 44 chez
1661 1274 64 47 les
1752 1275 285 46 travailleurs
2063 1275 55 46 de
2145 1275 42 46 la
2213 1277 102 45 voie
2342 1276 160 48 ferrée.

249 1342 91 47 Les
366 1345 281 60 statistiques
673 1355 100 48 ont,
802 1361 59 27 en
889 1342 126 62 effet,
1044 1343 247 47 démontré
1318 1343 142 47 d'une
1489 1345 136 59 façon
1654 1345 173 62 précise
1855 1364 106 44 que,
1988 1347 35 45 si
2061 1345 272 48 l'ensemble
2373 1348 62 45 du
2475 1348 172 63 budget

105 1413 182 47 normal
316 1427 310 48 comprenant
653 1414 41 46 le
721 1414 257 63 logement,
1002 1415 40 45 la
1081 1416 266 45 nourriture
1387 1427 45 33 et
1471 1414 344 49 l'habillement
1851 1418 294 45 strictement
2184 1418 360 61 indispensables
2580 1432 66 33 est

104 1483 154 62 plutôt
286 1486 151 45 moins
465 1484 128 47 élevé
620 1484 297 65 aujourd'hui
945 1484 115 64 qu'il
1099 1503 29 46 y
1166 1503 26 28 a
1230 1497 151 34 trente
1408 1503 97 44 ans,
1535 1503 79 44 par
1658 1498 163 35 contre
1865 1486 65 48 les
1968 1488 212 61 appétits,
2209 1487 63 48 les
2315 1489 236 46 occasions
2591 1489 55 46 de

107 1555 223 61 dépenser
358 1555 200 63 l'argent
584 1555 25 47 à
635 1568 131 34 autre
794 1557 139 45 chose
959 1555 142 63 qu'au
1127 1558 131 44 strict
1286 1556 252 46 nécessaire
1565 1569 84 34 ont
1676 1558 375 46 anormalement
2088 1558 256 62 augmenté
2382 1559 161 61 depuis
2580 1578 64 28 un

105 1627 108 45 tiers
240 1627 56 45 de
322 1627 154 46 siècle.
505 1627 191 46 Autour
724 1627 76 47 des
827 1628 281 60 cheminots,
1138 1629 242 59 beaucoup
1408 1626 254 48 d'ouvriers
1700 1629 55 45 de
1794 1630 275 60 professions
2105 1643 249 47 purement
2392 1630 256 47 manuelles

103 1710 85 33 ont
234 1714 60 29 vu
339 1696 122 47 leurs
500 1698 183 46 salaires
722 1696 284 48 s'améliorer
1051 1699 419 62 progressivement
1514 1716 79 44 par
1630 1700 119 45 suite
1789 1700 77 45 des
1902 1699 175 60 succès,
2105 1700 101 60 plus
2243 1717 61 29 ou
2339 1702 152 45 moins
2516 1700 129 60 réels,

104 1767 143 47 d'une
291 1768 114 46 série
451 1769 372 61 ininterrompue
865 1769 54 46 de
965 1768 160 64 grèves
1164 1769 116 46 dont
1322 1769 41 46 la
1408 1769 184 61 plupart
1630 1769 78 47 des
1746 1772 318 59 corporations
2100 1783 84 33 ont
2210 1770 74 47 été
2309 1771 42 45 le
2378 1771 194 60 théâtre,
2600 1784 47 34 et

104 1856 188 29 comme
320 1838 229 47 l'homme
576 1851 67 35 est
670 1857 79 43 par
777 1851 164 35 nature
969 1841 91 45 fort
1088 1857 90 45 peu
1204 1840 174 60 enclin,
1396 1853 185 33 surtout
1607 1858 58 28 en
1695 1840 195 60 France,
1913 1841 25 47 à
1963 1853 241 50 supporter
2229 1858 82 30 son
2340 1841 305 47 malheureux

102 1921 110 50 sort,
240 1910 155 61 quand
426 1909 202 48 d'autres
653 1910 277 47 semblables
955 1910 25 47 à
1007 1911 63 46 lui
1099 1912 250 61 paraissent
1376 1912 161 45 mieux
1572 1910 224 64 partagés,
1825 1912 339 63 logiquement,
2191 1911 42 47 la
2271 1914 172 61 grande
2482 1930 164 44 corpo-

105 1982 151 45 ration
286 1980 63 46 du
376 1981 81 46 rail
486 1980 154 48 devait
667 1999 65 28 un
755 1982 124 62 jour,
901 1981 88 46 elle
1009 1983 136 59 aussi,
1173 1993 212 35 entamer
1411 1981 43 47 la
1481 1981 152 63 grève.

249 2051 70 47 Ce
346 2053 79 61 qui
453 2051 106 47 s'est
587 2052 188 61 produit
801 2053 121 45 chez
948 2070 118 28 nous
1091 2051 107 48 s'est
1225 2053 187 61 produit
1438 2070 58 29 au
1526 2054 198 60 premier
1752 2053 209 61 prétexte
1989 2055 120 45 chez
2134 2070 84 30 nos
2258 2055 167 45 voisins
2462 2066 46 34 et
2534 2055 115 45 amis

105 2122 64 46 les
197 2122 214 62 Anglais,
439 2140 113 29 avec
578 2140 94 29 une
701 2123 220 47 intensité
947 2125 78 61 qui
1055 2123 63 47 les
1145 2142 24 28 a
1195 2125 170 60 surpris
1392 2123 380 62 profondément,
1799 2126 136 44 sinon
1971 2123 299 62 désorientés,
2298 2137 103 33 tout
2440 2124 203 51 d'abord.

247 2192 37 46 Il
312 2210 46 29 se
386 2194 246 46 manifeste
659 2195 114 46 aussi
804 2194 78 46 des
906 2196 151 62 signes
1084 2195 55 45 de
1168 2194 442 47 mécontentement
1645 2196 119 45 chez
1801 2195 64 46 les
1908 2196 265 45 cheminots
2216 2206 235 35 ottomans
2476 2217 12 36 ;
2532 2213 116 28 nous

107 2263 109 46 n'en
244 2281 204 30 sommes
475 2282 77 43 pas
579 2281 169 30 encore
774 2265 171 46 arrivés
970 2283 59 28 au
1054 2266 220 62 sabotage
1302 2265 77 47 des
1405 2266 213 46 chemins
1646 2267 56 45 de
1729 2266 67 45 fer
1831 2265 243 61 d'Orient,
2102 2267 115 45 mais
2254 2267 262 59 cependant
2554 2283 93 29 une

103 2336 104 44 vive
233 2333 338 49 effervescence
600 2335 113 47 c'est
740 2336 274 46 manifestée
1043 2336 100 63 déjà
1170 2337 147 61 parmi
1345 2336 41 46 le
1415 2336 245 62 personnel
1688 2337 64 45 du
1777 2337 193 46 chemin
2006 2337 55 46 de
2100 2337 67 45 fer
2206 2335 286 49 d'Anatolie.
2523 2336 122 46 Rien

104 2423 58 28 ne
190 2404 68 47 dit
284 2423 90 44 que
400 2406 79 47 des
505 2406 236 47 désordres
766 2424 76 29 sur
870 2407 40 46 la
938 2408 101 45 voie
1067 2407 147 46 ferrée
1249 2424 59 29 ne
1345 2424 47 29 se
1432 2408 316 60 produiraient
1787 2423 78 46 pas
1900 2409 116 44 aussi
2058 2408 106 45 bien
2203 2408 119 45 chez
2360 2424 83 29 nos
2481 2408 168 45 voisins

105 2476 360 61 d'outre-Rhin,
494 2494 188 29 comme
729 2477 52 47 ils
820 2478 214 45 s'étaient
1079 2478 209 60 produits
1328 2478 29 45 il
1402 2495 30 45 y
1473 2496 25 28 a
1538 2478 224 62 quelques
1805 2478 172 46 années
2020 2495 111 29 avec
2173 2495 92 29 une
2305 2494 125 29 assez
2474 2478 172 62 grande

105 2546 212 48 violence
345 2561 45 33 et
417 2566 93 28 une
537 2549 34 45 si
600 2548 173 62 longue
803 2548 141 46 durée
983 2566 58 29 en
1083 2548 147 47 Italie.
1262 2547 123 65 Déjà
1423 2548 56 46 de
1518 2549 163 45 hautes
1719 2547 334 63 personnalités
2090 2546 97 48 s'en
2234 2547 316 62 préoccupent
2587 2565 58 29 en

104 2617 302 64 Allemagne.

245 2688 39 47 Il
324 2706 29 46 y
391 2707 25 28 a
444 2690 122 45 donc
606 2688 41 47 là
678 2706 116 44 pour
834 2689 62 46 les
933 2688 280 62 capitalistes
1251 2705 92 30 une
1382 2689 222 46 situation
1644 2688 218 47 nouvelle
1901 2688 112 63 qu'il
2053 2690 224 45 convient
2315 2688 290 47 d'examiner
2630 2709 13 37 ;

102 2777 55 29 ce
183 2777 89 43 que
301 2777 118 29 nous
444 2760 155 46 ferons
626 2759 107 46 d'ici
761 2759 25 47 à
813 2759 225 63 quelques
1060 2761 141 62 jours.

1209 2900 218 41 Société
1456 2899 318 40 Auxiliaire
1803 2900 96 39 des
1928 2900 262 47 Banques
2221 2899 324 48 Régionales

1573 2992 81 48 32,
1696 2995 80 29 rue
1817 2979 54 44 de
1912 2977 41 45 la
1995 2978 227 47 Victoire.
