2999 4292
1410 205 63 69 S.
1541 206 55 68 I.
1666 204 105 70 M.

438 276 0 0 10

333 353 198 82 pièces
566 354 73 58 de
673 355 281 80 musique
1038 353 10 26 1
1087 354 98 60 On
1240 354 187 57 savait
1475 353 70 57 de
1592 353 200 57 même
1912 350 148 60 faire
2096 367 240 43 monter
2370 351 235 82 chaque
2639 353 224 58 chorde

333 443 32 60 à
427 443 253 60 l'octave
746 466 104 58 par
915 445 52 58 le
1033 464 222 60 moyen
1320 442 81 58 du
1460 442 259 58 manche
1805 439 17 27 2
1875 463 79 36 ou
2078 440 257 59 toucher
2392 442 159 57 deux
2614 440 251 60 chordes

333 534 81 59 du
463 536 205 57 violon
722 556 68 37 en
846 534 202 59 même
1098 548 196 66 temps
1347 553 153 60 pour
1550 553 72 37 en
1672 531 148 59 faire
1872 553 79 36 un
2002 531 218 58 accord
2302 529 16 27 3
2369 552 128 38 sans
2548 552 116 60 que
2718 553 147 37 nous

334 647 71 37 en
442 646 183 60 ayons
659 624 342 82 d'exemple
1034 622 214 82 précis.
1289 622 304 60 C'étaient
1627 621 54 59 là
1720 622 151 80 jeux
1904 621 72 58 de
2013 622 234 80 princes
2281 636 57 43 et
2373 623 81 57 les
2502 641 235 39 œuvres
2787 621 77 58 du

334 730 198 65 temps
560 735 72 37 ne
661 715 251 80 gardent
934 735 124 60 pas,
1086 711 294 61 destinées
1408 713 250 80 qu'elles
1683 710 225 59 étaient
1942 732 74 36 au
2045 732 291 37 commun
2375 710 98 59 des
2497 711 368 70 violonistes,

334 806 55 57 la
423 804 281 58 moindre
740 820 160 43 trace
935 804 99 59 des
1068 824 187 60 coups
1291 802 265 59 d'archet
1594 802 61 57 ni
1691 801 99 58 des
1824 798 236 83 doigtés
2096 800 71 58 de
2203 821 95 38 ces
2331 801 273 57 illustres.

519 895 166 57 Mais
720 915 68 37 ce
825 895 105 80 qui
966 908 82 44 est
1085 915 154 60 pour
1273 914 150 37 nous
1456 892 306 59 l'obstacle
1799 890 476 60 insurmontable
2310 890 30 58 à
2366 891 52 57 la
2446 891 422 57 connaissance

336 985 72 59 de
441 985 130 59 leur
605 985 354 80 technique,
996 986 145 58 c'est
1174 985 56 57 la
1265 981 306 84 pauvreté,
1607 984 170 57 sinon
1815 981 291 59 l'absence
2143 981 201 70 totale,
2380 981 141 59 dans
2547 981 82 58 les
2652 979 182 60 témoi-

336 1096 224 61 gnages
609 1073 199 73 écrits,
860 1075 71 57 de
981 1075 536 57 l'ornementation
1569 1073 146 57 dont
1767 1074 41 56 il
1857 1070 146 60 était
2063 1072 71 57 de
2191 1069 164 81 règle
2407 1069 326 60 d'enrichir
2789 1070 80 57 les

337 1164 235 60 thèmes
630 1166 391 80 simplement
1080 1163 281 81 indiqués
1411 1185 104 58 par
1564 1164 53 56 le
1668 1163 433 79 compositeur.
2159 1162 350 70 Mersenne,
2568 1159 141 59 dans
2765 1181 100 35 son

336 1253 210 61 Traité
582 1254 99 60 des
719 1256 404 58 Instruments
1157 1253 433 80 harmoniques
1634 1252 219 79 (1636)
1898 1252 119 57 cite
2053 1252 289 80 quelques
2389 1271 261 38 mesures
2694 1249 176 57 d'une

347 1343 286 63 Fantaisie
981 1369 34 35 a
879 1346 259 81 cinq
1139 1345 93 81 d'Henry
1233 1346 20 56 le
1281 1345 214 77 jeune,
1532 1356 57 44 et
1625 1342 42 58 il
1701 1364 72 35 en
1810 1342 219 70 donne,
2067 1342 292 79 quelques
2387 1361 177 60 pages
2592 1341 131 79 plus
2745 1338 123 59 loin

338 1458 118 36 une
489 1437 299 57 variation
825 1459 11 35 :
861 1435 17 28 4

583 2484 131 80 J'ay
750 2481 115 57 mis
897 2480 55 56 la
987 2476 376 60 diminution
1400 2475 98 58 des
1538 2495 78 59 30
1653 2472 325 82 premières
2012 2493 263 38 mesures
2309 2471 80 58 du
2424 2470 218 70 dessus,
2678 2470 199 80 ajoute

345 2576 350 68 Mersenne,
732 2568 117 61 afin
886 2590 118 59 que
1037 2566 119 60 l'on
1193 2585 152 61 voye
1380 2566 53 56 la
1467 2561 267 61 manière
1768 2564 146 57 dont
1950 2563 81 58 les
2065 2563 234 57 violons
2333 2574 106 44 ont
2474 2573 291 45 coutume
2805 2557 71 59 de

343 2665 309 59 diminuer
719 2674 196 45 toutes
980 2670 185 46 sortes
1217 2655 72 59 de
1355 2654 312 60 chansons.
1757 2651 16 28 5
1828 2653 100 59 On
1982 2665 147 68 peut
2195 2650 324 60 concevoir
2562 2648 314 59 l'extrême

342 2753 216 62 liberté
591 2750 204 63 laissée
831 2772 74 36 au
940 2748 239 80 caprice
1213 2745 73 59 de
1319 2743 386 60 l'exécutant.
1745 2744 178 57 Nous
1956 2742 388 59 n'essaierons
2366 2761 102 59 pas
2495 2739 71 57 de
2594 2739 203 57 traiter
2824 2739 53 56 la

346 2846 249 59 difficile
653 2842 281 82 question
992 2839 101 59 des
1156 2850 366 57 ornements,
1578 2834 105 80 qui
1744 2846 283 68 pourtant
2081 2833 345 79 s'imposera
2478 2851 71 37 en
2617 2830 259 79 quelque

345 2957 236 40 mesure
616 2931 205 84 quand
854 2951 151 38 nous
1038 2927 364 60 aborderons
1435 2924 224 60 l'étude
1693 2922 230 82 précise
1975 2922 78 58 du
2106 2921 221 59 XVIII
2337 2924 17 21 e
2401 2918 194 60 siècle.
2634 2921 87 56 Ce
2770 2918 106 79 qui

346 3029 265 80 importe
648 3024 141 58 c'est
825 3020 299 58 d'insister
1159 3016 30 58 à
1216 3036 278 38 nouveau
1529 3036 98 37 sur
1662 3026 156 46 cette
1853 3010 191 61 vérité
2082 3032 115 60 que
2232 3012 122 57 l'on
2407 3031 72 36 ne
2524 3022 165 66 peut,
2725 3027 152 60 pour

346 3139 67 38 ce
450 3116 107 82 qui
592 3131 297 42 concerne
924 3110 53 57 la
1011 3107 283 80 musique
1328 3105 289 80 française
1653 3104 71 57 de
1758 3104 203 57 violon
1999 3124 74 35 au
2110 3101 188 57 XVII
2304 3101 17 20 e
2352 3097 174 61 siècle
2554 3097 267 59 s'arrêter
2846 3093 32 59 à

345 3208 379 81 l'apparence
781 3201 303 59 vraiment
1142 3204 173 51 naïve
1380 3195 99 58 des
1532 3214 255 50 œuvres,
1846 3206 58 45 et
1961 3192 292 59 souscrire
2309 3187 31 61 à
2392 3189 100 58 des
2530 3187 348 80 jugements

463 3347 11 23 1
499 3350 117 37 Instr.
641 3345 142 46 harm.,
806 3357 37 39 p.
875 3346 89 44 183.

461 3406 14 23 3
498 3407 232 39 Mersenne.
755 3400 142 40 Traité
919 3399 66 39 des
1007 3398 271 44 instruments,
1303 3408 64 39 op.
1392 3393 80 46 cit.,
1497 3406 37 40 p.
1564 3405 91 38 175.

461 3464 14 23 3
499 3464 119 47 Ibid.,
642 3476 37 40 p.
709 3465 91 44 184.
2657 3496 9 13 ,
2694 3497 20 21 c
2762 3497 9 14 1

462 3522 13 23 4
500 3525 144 36 Harm.
678 3520 125 45 instr.,
837 3531 37 39 p.
908 3530 66 34 40.
1011 3516 113 36 Nous
1151 3513 262 52 juxtaposons
1445 3509 50 38 ici
1528 3506 34 39 le
1594 3508 134 38 thème
1761 3515 36 30 et
1829 3521 39 24 sa
1900 3505 263 39 diminution.
2197 3504 223 49 L'original
2453 3510 55 30 est
2548 3514 47 24 en
2634 3504 75 33 clet
2749 3504 46 31 de
2837 3510 40 24 so

422 3580 121 52 ligne,
567 3588 38 31 et
626 3577 37 40 la
685 3575 249 41 diminution
955 3570 105 41 seule
1083 3579 206 45 comporte
1311 3569 65 37 des
1399 3566 130 39 barres
1550 3566 47 37 de
1620 3579 164 24 mesure.

463 3638 14 23 6
498 3638 143 41 Traité
663 3636 66 38 des
750 3634 125 47 instr.,
899 3646 37 40 p.
967 3635 91 46 189.
