2999 4292
324 200 131 70 LA
524 203 460 84 MUSIQUE
1048 209 136 69 DE
1249 212 514 73 CHAMBRE
1827 219 141 69 EN
2031 222 414 71 FRANCE

2548 250 95 64 4i

300 348 93 57 En
437 351 319 72 revanche,
794 353 236 83 chaque
1075 360 265 57 semaine
1374 360 73 59 de
1493 361 227 61 l'année
1767 365 183 80 1850,
1993 369 53 58 la

118 436 145 57 rend
300 454 248 66 compte
583 440 99 59 des
718 459 273 44 concerts
1026 445 72 59 de
1133 449 282 80 musique
1451 450 386 63 d'ensemble.

297 529 88 55 Ce
419 544 134 43 sont
582 531 32 57 d
642 531 184 60 abord
861 535 80 57 les
978 537 291 60 matinées
1297 543 339 77 organisées
1663 564 106 60 par
2512 551 143 60 dans

115 615 53 57 la
233 619 190 77 petite
488 621 138 57 salle
694 623 80 58 du
841 625 462 62 Conservatoire
1362 652 141 38 avec
1557 633 101 58 des
1713 656 415 52 programmes
2180 640 142 60 dans
2370 643 53 56 le
2470 663 181 45 genre

113 703 80 59 du
230 708 239 58 suivant
502 730 11 37 :

695 798 129 76 Quintette
825 803 148 60 cordes

681 891 122 74 Quatuor
804 893 148 74 cordes,
953 897 80 57 sol
1068 897 231 80 majeur

383 982 276 57 Romance
694 1005 71 35 en
799 982 60 60 fa
2053 1000 323 59 Beethoven.

388 1071 256 75 Quatuor
678 1094 69 35 en
786 1076 83 56 sol
907 1076 240 58 mineur
1183 1078 183 80 piano
1401 1095 56 43 et
1493 1081 236 61 cordes.
1830 1132 12 11 .
1942 1133 10 12 .
2050 1089 263 58 Mozart.

294 1161 144 57 Puis
473 1161 139 58 c'est
648 1164 53 57 le
725 1164 186 78 jeune
1792 1167 245 59 Joachim
1218 1167 97 80 (né
1343 1171 53 57 le
1428 1171 73 59 28
1528 1172 144 78 Juin
1713 1174 186 81 1831)
1936 1178 103 78 qui
2077 1179 340 71 s'annonce,
2453 1195 57 43 et
2538 1180 108 60 fait

108 1246 242 80 publier
372 1251 51 56 le
449 1270 392 61 programme
870 1255 71 58 de
974 1277 30 59 3
1033 1255 237 62 séances
1298 1280 117 60 que
1437 1263 443 72 £MmeWartel,
1907 1266 275 79 pianiste,
2205 1269 119 57 <SM.
2350 1272 293 69 Cosmann,

107 1338 461 74 violoncelliste,
628 1358 58 43 et
743 1345 324 60 lui-même
1125 1348 341 61 donneront
1517 1352 141 59 dans
1693 1354 80 57 les
1806 1357 192 58 salons
2032 1357 71 58 de
2140 1358 97 60 M.
2279 1359 188 59 Erard
2502 1382 142 37 avec

104 1428 54 56 le
216 1449 297 40 concours
570 1432 72 58 de
696 1433 186 61 MM.
925 1437 244 58 Casimir
1202 1439 128 81 Ney
1372 1438 199 82 (alto),
1607 1458 57 42 et
1707 1442 198 81 Gouffé
1940 1444 59 80 (2
2007 1448 16 20 e
2053 1447 256 79 violon).
2350 1449 179 59 Voici
2564 1452 82 57 les

104 1539 237 40 œuvres
376 1522 189 80 qu'on
600 1546 37 60 y
672 1526 291 58 entendra
1000 1548 11 37 :

1226 1666 16 39 I
1258 1653 16 19 e
1307 1644 227 62 séance.

381 1757 258 75 Quatuor
671 1777 72 38 en
781 1758 46 58 si
864 1758 35 57 b
1881 1769 234 83 Haydn.

677 1848 60 57 Concerto
738 1847 94 58 de
833 1849 136 80 piano

381 1936 122 58 Trio
537 1959 74 36 en
645 1936 60 59 ré
1880 1950 275 58 éMozart

598 2027 70 79 Fugue
669 2049 73 37 en
743 2030 110 71 sol,
854 2031 203 58 violon
1091 2034 125 57 seul

667 2119 55 73 Quatuor
723 2140 88 36 en
812 2134 115 43 ut

1214 2274 32 39 2
1252 2262 18 20 e
1302 2252 227 62 séance.

666 2361 79 76 Quintette
746 2387 93 35 en
840 2368 104 57 mi

367 2453 250 57 Prélude
651 2454 73 58 de
757 2456 206 59 violon
1877 2465 179 59 Bach.

366 2544 193 57 Sonate
592 2544 72 58 de
700 2547 362 59 violoncelle
1096 2571 69 35 en
1205 2549 59 59 ré
1875 2555 438 59 éMendelssohn.

661 2634 257 74 Quatuor
1218 2637 288 79 posthume
979 2637 75 80 (?)

1212 2776 28 59 3
1250 2764 16 19 e
1299 2756 228 60 séance.

656 2864 259 76 Quatuor

656 2954 124 59 Cha
784 2976 28 37 c
814 2977 64 36 on
880 2977 64 37 ne

588 3061 113 30 avec
731 3063 92 30 une
852 3050 144 58 partie
1025 3048 55 47 de
1109 3051 137 59 piano
1275 3069 79 43 par
1383 3051 360 48 Mendelssohn.

93 3141 102 58 On
230 3161 182 60 pense
447 3163 117 58 que
600 3142 81 59 les
717 3142 198 82 pièces
950 3145 73 58 de
1058 3146 161 58 Bach
1259 3169 155 58 pour
1448 3150 206 58 violon
1691 3152 124 56 seul
1849 3150 359 60 étonnèrent
2244 3174 75 36 un
2360 3174 113 58 peu
2510 3152 10 58 !

266 3230 288 79 Joachim
607 3248 84 42 est
746 3234 71 57 de
877 3249 196 44 toutes
1132 3239 77 56 les
1259 3236 169 61 fêtes.
1470 3239 49 58 Il
1553 3236 192 84 figure
1781 3262 98 36 sur
1913 3257 133 43 tous
2081 3243 78 57 les
2194 3263 431 58 programmes.

93 3324 86 57 Le
216 3323 258 78 pianiste
512 3323 329 58 Rosenhaim
875 3324 240 60 s'assure
1151 3348 101 37 son
1292 3351 296 36 concours
1622 3352 155 58 pour
1813 3333 144 56 trois
1990 3330 216 60 soirées
2241 3333 71 56 de
2350 3331 278 79 musique

90 3414 312 79 classique.
466 3413 99 57 On
626 3414 52 56 le
729 3413 296 59 demande
1076 3417 141 58 dans
1254 3432 133 44 tous
1421 3419 80 59 les
1536 3420 191 58 salons
1762 3418 29 60 à
1825 3420 51 58 la
1914 3422 200 68 mode,
2150 3436 79 55 et,
2267 3420 132 58 bien
2440 3422 183 77 qu'on

89 3503 274 58 l'admire
424 3500 116 60 très
596 3502 424 72 sincèrement,
1077 3527 74 36 on
1213 3504 107 61 fait
1378 3528 128 38 sans
1560 3508 181 58 doute
1801 3511 291 78 quelques
2141 3508 253 60 réserves
2442 3530 98 36 sur
2575 3509 50 57 le

90 3589 300 62 caractère
426 3592 45 58 si
568 3589 235 61 sérieux
897 3593 72 57 de
1004 3615 104 36 son
1133 3594 126 80 jeu.
1297 3597 88 57 Le
1420 3598 262 79 critique
1734 3599 249 58 musical
2036 3599 198 56 Henri
2288 3597 335 58 Blanchard
