3173 4481
208 140 62 44 20

209 230 159 54 pensive
391 228 16 25 B
460 260 64 12 ....
578 225 16 26 n
616 225 75 44 this
736 224 162 44 method
943 226 31 42 is
1017 240 94 27 now

209 289 114 54 being
353 286 98 45 used
482 286 60 44 for
572 285 66 44 the
668 284 79 44 first
770 286 91 42 time
882 286 40 41 in
943 303 24 24 a
988 301 122 37 group

207 348 45 44 of
281 347 204 54 dwellings
515 348 40 42 in
586 344 287 56 Youngstown,
905 344 105 43 Ohio
1032 344 16 25 B
1055 378 10 9 .

266 407 91 44 Life
386 409 32 42 is
447 406 117 54 being
595 404 118 44 made
743 422 107 26 more
880 405 78 43 and
1006 420 106 26 more

206 467 179 45 hideous.
448 467 92 43 The
586 465 168 44 Cinema
799 466 31 42 is
875 463 233 44 allowed....

204 526 74 45 still
308 526 185 45 allowed.
558 524 32 45 It
621 527 30 42 is
681 542 51 25 an
762 523 187 44 inhuman
990 522 119 54 thing.

265 585 102 45 Folk
388 587 104 43 have
523 584 117 46 taken
673 597 42 33 to
746 585 169 53 wearing
952 583 15 25 B
988 584 124 53 ready

205 646 118 45 made
344 646 17 26 B
393 646 176 44 clothes:
606 646 108 44 dress
749 655 67 32 too
847 643 69 43 has
946 642 166 44 become

202 707 201 48 inhuman,
436 705 62 44 for
527 707 29 42 it
586 705 71 44 has
695 703 74 44 lost
798 705 47 41 its
879 702 122 55 shape
1032 701 80 44 and

203 766 136 44 colour
369 765 132 44 which
531 783 66 25 are
628 765 65 43 the
715 775 82 32 two
817 761 183 45 essential
1030 761 60 43 ele-

205 837 127 33 ments
362 825 43 43 of
435 827 47 41 its
513 824 216 55 humanity.

262 886 103 43 And
397 902 94 27 now
520 895 182 33 concrete
733 882 140 44 houses
898 898 66 26 are
995 881 116 54 being

204 943 186 47 allowed.
452 944 93 44 The
573 962 90 26 man
694 959 45 28 or
771 959 89 26 men
891 941 95 44 who
1018 958 94 37 may

203 1004 52 45 be
276 1004 209 57 permitted
508 1016 40 32 to
569 1004 203 44 introduce
788 1001 74 44 this
877 1001 156 43 scheme
1051 1000 60 44 for

203 1064 17 27 8
237 1065 124 55 ready
391 1064 119 44 made
527 1064 16 26 B
574 1063 141 44 houses
745 1061 80 44 and
862 1061 110 43 those
1015 1061 95 42 who

202 1126 141 54 permit
364 1126 42 47 it,
426 1142 66 26 are
508 1122 240 55 consciously
769 1138 43 26 or
833 1122 253 42 unconscious-

199 1183 41 57 ly
270 1201 108 28 more
408 1182 155 45 terrible
592 1194 145 44 tyrants
776 1181 97 44 than
907 1197 78 39 any
1016 1178 94 46 who

198 1243 103 45 have
331 1242 200 57 preceded
560 1242 120 45 them.

261 1303 35 46 If
325 1303 71 45 Mr
424 1303 157 44 Wilson
611 1302 158 57 permits
799 1300 95 45 such
932 1317 25 26 a
1000 1299 109 55 thing

200 1366 42 42 in
273 1364 204 49 America,
510 1365 162 52 uttering
703 1361 52 45 all
786 1361 66 45 the
892 1358 120 46 while
1057 1359 51 44 all

199 1423 69 45 the
299 1424 77 44 fine
408 1423 126 54 things
563 1422 52 45 he
645 1425 32 42 is
706 1439 94 27 now
830 1422 145 54 saying,
1005 1418 52 45 he
1077 1421 31 42 is

197 1484 125 44 either
351 1501 79 26 one
459 1482 44 45 of
532 1482 67 45 the
630 1493 99 34 most
765 1480 239 57 stupendous
1046 1490 41 45 ty-

200 1555 103 33 rants
348 1560 94 27 ever
482 1542 188 45 dreamed
716 1541 43 44 of
803 1558 45 27 or
891 1540 52 44 he
988 1541 31 42 is
1064 1557 43 26 as

197 1603 111 45 blind
340 1620 43 27 as
412 1622 25 26 a
468 1603 85 44 bat.

256 1663 82 44 For
369 1662 164 55 nothing
562 1662 79 44 else
689 1662 120 45 could
840 1671 166 34 account
1046 1658 61 44 for

197 1742 25 25 a
254 1721 113 52 ruler,
407 1723 98 44 with
545 1722 68 44 the
651 1721 106 56 good
788 1721 43 44 of
867 1721 59 44 his
962 1717 143 58 people

199 1794 41 33 at
271 1783 124 50 heart,
418 1784 222 55 permitting
663 1801 44 24 so
738 1781 127 44 subtle
895 1798 51 26 an
967 1778 137 45 inroad

198 1843 45 44 of
279 1843 68 45 the
388 1842 105 56 ugly,
525 1841 308 50 hard-and-fast,
875 1839 231 57 go-by-rule

202 1904 123 59 spirit,
365 1902 148 50 which,
556 1901 119 44 while
709 1901 263 54 condemning
1007 1902 28 41 it
1066 1901 39 41 in

198 1963 220 55 Germany,
470 1980 65 27 we
579 1971 282 40 countenance,
908 1961 80 45 and
1035 1970 69 33 too

200 2022 111 46 often
333 2041 102 27 even
454 2039 219 39 encourage
693 2033 43 33 to
755 2022 157 56 spread,
932 2022 40 42 in
993 2019 112 45 other

198 2083 128 45 lands.

850 2080 249 54 Irin-Magé.

197 2226 344 47 ROYALTY
570 2232 56 40 V.
656 2225 439 45 VULGARITY.

193 2344 98 94 A
326 2332 96 57 lady
451 2332 96 45 who
576 2349 84 27 was
690 2330 61 45 for
781 2341 67 32 ten
878 2347 111 38 years
1030 2329 67 44 the

325 2393 104 45 close
459 2393 238 55 companion
726 2390 44 44 of
799 2391 146 54 Queen
966 2389 131 44 Marie

192 2455 44 45 of
267 2454 224 45 Roumania
523 2452 80 43 and
634 2450 162 56 English
827 2467 207 37 governess
1056 2461 41 31 to

190 2516 69 44 the
288 2514 221 45 Princesses
539 2523 127 33 wrote
696 2511 67 44 the
792 2510 113 44 other
936 2509 79 56 day
1055 2511 40 42 in

190 2576 68 44 the
289 2575 108 45 New
432 2572 115 45 York
598 2572 175 44 Tribune
832 2570 98 45 with
990 2580 107 44 great

189 2636 185 44 affection
391 2633 81 45 and
492 2631 305 55 understanding
816 2630 44 44 of
881 2630 66 44 the
963 2629 132 56 Royal

190 2695 153 56 Family
372 2694 70 44 she
472 2693 80 46 had
585 2693 103 44 been
717 2690 159 56 obliged
907 2701 42 33 to
984 2689 111 45 leave

189 2756 71 45 but
289 2754 131 57 lately.

248 2815 108 56 Only
375 2832 78 26 one
472 2812 113 45 word
617 2814 41 43 in
688 2811 71 44 her
778 2810 133 45 whole
927 2808 147 57 delight-

187 2876 57 45 ful
274 2893 125 40 paper
428 2874 85 45 that
542 2873 13 43 1
585 2882 144 34 cannot
760 2869 302 46 understand....

250 2934 204 59 Speaking
484 2933 45 45 of
558 2932 68 45 the
655 2949 115 39 grace
799 2931 45 44 of
871 2930 70 45 the
980 2930 87 44 Rou-

189 2998 160 44 manian
379 2996 187 48 Court,...
597 2994 48 43 its
675 2992 178 45 freedom
884 2990 100 45 from
1018 2989 78 45 stiff

187 3054 249 51 ceremonial,
468 3055 81 44 and
595 3054 95 43 how
735 3050 210 46 accessible
975 3062 40 32 at
1044 3049 51 45 all

188 3120 111 42 times
319 3134 66 27 are
415 3115 68 45 the
514 3114 108 55 King
652 3112 81 46 and
764 3112 146 55 Queen
956 3121 42 34 to
1028 3111 68 44 the

191 3196 97 38 very
317 3176 96 45 least
444 3175 44 44 of
518 3174 100 45 their
648 3172 158 57 people,
837 3172 69 44 she
936 3170 129 46 adds:

252 3237 17 27 ®
293 3236 221 46 Luncheon
543 3237 32 42 is
612 3234 66 44 the
714 3244 101 34 most
860 3233 239 45 democratic

189 3297 175 45 function
396 3294 234 56 imaginable
652 3294 16 26 B
672 3327 10 12 .

248 3359 80 44 But
358 3358 102 43 Miss
491 3355 131 45 Milne
650 3353 71 45 has
750 3353 139 43 drawn
935 3351 96 45 such
1072 3369 25 26 a

185 3418 110 57 royal
326 3419 150 55 picture
507 3415 82 44 that
621 3432 63 27 we
716 3412 121 45 know
877 3412 109 45 what
1027 3410 71 46 she

185 3496 148 27 means.
364 3476 103 50 Still,
498 3476 95 54 why
623 3473 143 46 should
797 3472 67 45 the
881 3490 114 38 grace
1015 3472 80 44 and

187 3539 145 56 beauty
364 3537 45 44 of
449 3535 131 57 Royal
627 3533 158 58 people,
834 3533 97 44 their
964 3532 111 57 hospi-

187 3599 125 57 tality,
354 3598 100 44 their
484 3596 18 27 B
526 3597 241 54 recognition
814 3593 44 44 of
905 3593 66 44 the
1004 3610 96 39 very

188 3659 96 45 least
314 3658 45 46 of
390 3658 98 45 their
537 3655 146 58 people
704 3655 18 26 8
725 3688 59 12 ....
817 3654 99 44 their
963 3653 138 55 simple

187 3720 78 45 fine
294 3736 193 33 manners,
519 3720 40 42 in
589 3717 121 50 short,
743 3715 53 45 be
825 3713 128 46 called
992 3722 12 17 '
1025 3713 50 45 de-

185 3781 186 44 mocratic
392 3778 12 15 *
422 3784 20 40 ?

246 3840 118 56 Why
394 3837 143 47 should
568 3837 112 45 these
710 3835 180 57 qualities
919 3852 94 26 ever
1050 3833 52 45 be

183 3899 129 46 called
343 3899 252 45 Democratic
637 3899 106 44 since
780 3896 96 56 they
920 3913 69 26 are
1034 3894 68 45 the

189 3978 100 34 rare,
321 3972 69 33 not
422 3959 69 45 the
521 3957 123 52 usual,
677 3957 213 57 qualities?

247 4021 36 45 If
312 4039 25 27 a
365 4019 168 47 cobbler
561 4037 47 27 or
637 4037 26 26 a
709 4017 207 46 fisherman
961 4017 141 43 invites

186 4099 64 28 me
295 4083 86 43 into
426 4081 60 46 his
533 4080 71 45 hut
650 4078 161 47 ...,and
844 4077 14 45 1
889 4076 112 46 often
1035 4094 65 26 am

184 4141 201 47 accorded
401 4141 84 46 that
507 4139 250 59 privilege,...
780 4138 80 45 and
881 4137 31 45 if
941 4137 53 45 he
1015 4135 87 47 asks

184 4221 65 28 me
278 4214 43 35 to
352 4204 49 45 sit
415 4202 124 45 down
568 4200 82 46 and
670 4200 114 45 share
804 4199 59 46 his
884 4197 115 52 meal,
1020 4197 82 45 and

1156 221 98 45 does
1299 239 43 26 so
1388 221 40 44 in
1477 239 25 25 a
1552 222 175 52 gracious
1773 236 94 37 easy
1912 214 148 47 natural

1157 299 172 31 manner,
1362 282 29 42 it
1421 282 30 42 is
1472 280 144 55 Royal.
1679 279 173 55 Royalty
1871 280 31 42 is
1923 296 23 24 a
1967 279 91 41 vein

1157 341 42 44 of
1229 342 176 55 precious
1428 357 68 26 ore
1516 340 140 46 which
1676 357 75 26 can
1773 339 51 42 be
1844 338 132 43 traced
2008 336 50 46 all

1155 418 96 26 over
1282 400 66 44 the
1379 399 138 50 earth;
1548 399 70 44 but
1650 402 28 41 it
1709 401 31 41 is
1770 400 187 54 precious,
1988 407 71 33 not

1155 459 233 56 every-day.
1417 461 120 51 os6£
1569 470 69 33 not
1670 463 164 53 Sijjxov.

1215 520 92 44 The
1337 519 234 55 Every-day
1611 521 31 41 is
1688 519 66 43 the
1800 517 143 55 vulgar,
1991 516 67 44 the

1155 580 187 43 snobbish
1373 580 80 45 and
1484 579 67 43 the
1581 578 140 50 sick..;,
1743 578 155 43 hard....
1922 577 134 55 dry....

1157 639 148 44 c01d....
1338 657 176 26 mean....

1217 700 34 43 If
1280 716 79 38 any
1387 698 189 44 so-called
1607 696 129 56 Royal
1757 714 139 39 person
1916 695 140 45 should

1157 759 52 42 be
1239 758 151 55 lacking
1419 761 41 40 in
1491 759 66 43 the
1588 757 108 56 royal
1743 757 175 54 qualities
1964 758 92 43 ....it

1156 818 136 44 would
1323 818 50 44 be
1405 836 25 25 a
1459 820 86 54 pity
1576 818 221 53 ....nothing
1830 834 119 26 more.

1215 877 103 45 And
1369 889 42 33 to
1457 878 51 44 be
1554 876 240 45 surrounded
1841 877 54 54 by
1940 875 117 44 snobs

1155 938 193 55 ....vulgar
1378 937 83 45 folk
1493 937 140 46 ....sick
1661 936 84 46 folk
1775 935 172 50 ....hard,
1970 936 86 54 dry,

1153 997 93 45 cold
1277 1000 80 44 and
1389 1015 115 27 mean
1540 1009 165 38 natures,
1751 999 32 41 is
1829 1008 41 31 to
1917 1013 71 26 run
2034 1013 24 24 a

1155 1058 146 55 danger
1330 1058 44 44 of
1403 1058 121 54 losing
1554 1057 67 45 the
1642 1055 150 46 natural
1813 1055 129 55 Royal
1959 1073 73 37 qua-

1155 1118 113 44 lities.
1278 1151 43 13 ...
1354 1118 85 44 that
1469 1120 32 42 is
1527 1117 65 44 all.

1216 1178 78 44 But
1325 1180 28 42 it
1385 1180 97 43 does
1511 1189 69 32 not
1609 1176 151 54 change
1791 1174 188 56 Royalty.

1216 1238 164 44 Neither
1411 1237 80 44 will
1519 1239 220 53 pretension
1760 1235 82 46 add
1874 1255 24 23 a
1928 1236 57 53 jot
2016 1244 42 33 to

1155 1298 66 44 the
1237 1309 84 33 true
1341 1298 129 44 worth
1500 1296 43 44 of
1563 1314 51 26 an
1635 1296 138 45 honest
1795 1295 261 54 Democracy.

1214 1357 33 44 It
1277 1359 31 42 is
1340 1358 65 44 the
1435 1357 246 46 Tradesman
1712 1356 102 46 who
1844 1356 71 43 has
1944 1354 84 43 dam-

1153 1419 78 44 ned
1264 1417 67 45 the
1362 1418 77 43 fine
1479 1417 68 45 old
1594 1416 88 43 face
1727 1415 44 43 of
1816 1414 240 56 Royalty....

1152 1477 72 45 but
1254 1478 51 44 he
1336 1495 122 26 seems
1490 1489 41 32 to
1562 1477 51 43 be
1642 1493 92 25 now
1769 1475 186 53 damning
1992 1474 66 43 the

1151 1539 105 54 good
1287 1536 140 46 honest
1458 1537 165 44 features
1644 1535 42 43 of
1707 1535 249 54 Democracy
1976 1535 79 43 and

1151 1615 54 26 no
1234 1615 79 26 one
1343 1616 122 25 seems
1507 1607 42 34 to
1588 1606 209 46 protest....
1830 1596 63 42 Or
1924 1596 30 42 is
1985 1593 74 44 this

1150 1657 163 45 another
1343 1657 45 44 of
1417 1675 70 26 our
1518 1656 212 44 mistakes?

1211 1717 95 44 You
1337 1717 103 45 have
1486 1736 78 25 one
1610 1715 248 45 tremendous
1905 1713 65 44 foe
2015 1724 43 33 to

1151 1777 127 45 tackle
1316 1778 271 54 ....Vulgarity
1632 1794 41 26 as
1719 1777 121 43 oosed
1888 1786 69 31 out
2002 1774 56 55 by

1150 1838 148 49 Trade,
1313 1837 234 46 Plunderers
1559 1837 77 43 and
1651 1834 315 49 Place-seekers;
1976 1834 81 43 and

1150 1898 216 44 remember
1415 1897 146 45 this:...
1607 1897 84 43 that
1721 1913 106 26 same
1868 1894 189 55 vulgarity

1150 1976 74 26 can
1255 1958 94 52 look
1380 1956 195 56 deucedly
1609 1956 148 44 refined
1790 1954 79 45 and
1907 1952 80 45 talk
2016 1956 40 42 in

1148 2036 25 26 a
1204 2031 99 31 most
1334 2017 279 55 distinguished
1641 2032 174 28 manner.

1209 2078 34 43 If
1273 2096 80 37 you
1385 2088 70 45 put
1485 2077 164 44 another
1682 2078 132 42 nation
1855 2076 40 42 in
1941 2072 115 46 order

1147 2139 80 44 and
1258 2138 52 44 all
1340 2138 67 44 the
1445 2137 119 44 while
1607 2135 120 45 allow
1762 2135 206 54 Vulgarity
2015 2145 40 32 to

1143 2215 151 38 swamp
1333 2215 99 38 your
1464 2196 82 44 folk
1576 2208 41 32 at
1648 2196 119 43 home
1798 2198 29 40 it
1858 2212 122 26 seems
2011 2205 43 32 to

1145 2275 45 26 us
1230 2257 83 44 that
1352 2275 80 38 you
1479 2257 114 43 make
1621 2255 68 45 life
1729 2253 202 46 worthless
1970 2253 81 43 and

1143 2317 226 44 endeavour
1416 2335 23 25 a
1485 2317 121 43 farce.
1670 2316 68 43 Do
1789 2332 80 38 you
1921 2315 130 42 notice

1143 2377 84 45 that
1259 2396 71 26 our
1351 2377 164 44 modern
1535 2377 118 43 rulers
1683 2375 104 47 who
1823 2373 80 44 talk
1935 2385 40 32 to
2006 2390 45 27 us

1143 2437 121 44 about
1296 2438 68 43 the
1394 2437 127 44 world
1542 2437 114 53 being
1689 2436 82 42 free
1803 2434 59 44 for
1894 2434 122 43 Demo-

1142 2516 115 38 cracy
1287 2498 56 44 do
1374 2509 68 32 not
1476 2515 106 26 seem
1612 2508 42 32 to
1685 2495 103 45 have
1816 2493 232 56 recognized

1142 2576 43 26 as
1230 2577 24 25 a
1301 2557 79 44 fact
1417 2558 65 43 the
1528 2563 194 37 existence
1768 2554 43 44 of
1842 2555 73 43 this
1960 2553 65 45 vul-

1141 2620 122 54 garity
1278 2623 20 39 ?
1358 2617 210 56 Suddenly
1587 2635 108 25 some
1717 2618 80 53 day
1828 2615 94 55 they
1953 2612 93 48 will

1140 2678 116 44 catch
1286 2678 99 55 sight
1416 2678 43 43 of
1488 2681 28 40 it
1548 2678 139 44 ....and
1719 2676 94 44 then
1844 2676 66 42 the
1940 2674 108 43 fruits

1141 2739 44 44 of
1215 2738 140 56 liberty
1383 2739 82 43 will
1495 2738 44 44 of
1567 2754 136 27 course
1733 2735 102 45 deck
1855 2735 66 44 the
1949 2746 100 33 trees

1140 2798 44 45 of
1213 2798 69 44 the
1311 2798 123 44 earth.

1202 2858 18 27 11
1232 2860 123 44 Some
1375 2859 78 55 day
1467 2859 15 25 B
1498 2858 140 44 should
1654 2868 68 35 not
1740 2857 51 43 be
1816 2868 232 32 tomorrow:

1141 2921 92 44 ....it
1279 2918 140 45 should
1451 2919 52 44 be
1534 2919 162 44 NOW.
1758 2916 138 45 When
1942 2932 109 26 some

1141 2980 126 49 effort,
1304 2997 164 27 ....even
1489 2997 108 26 some
1625 2981 82 53 sign
1736 2977 43 44 of
1798 2979 44 48 it,
1874 2979 30 41 is
1935 2975 116 44 made

1142 3052 41 32 to
1234 3052 164 45 prevent
1449 3040 190 55 vulgarity
1700 3039 144 53 having
1895 3055 24 25 a
1970 3036 80 44 free

1141 3101 122 44 outlet
1305 3100 167 56 through
1504 3101 68 43 the
1601 3100 193 49 Theatre,
1825 3097 226 54 swamping

1142 3161 166 45 millions
1329 3161 44 44 of
1418 3160 145 57 people
1594 3160 94 44 who
1719 3177 51 38 go
1800 3158 124 49 there,
1957 3156 94 44 then

1141 3240 66 26 we
1237 3221 43 43 of
1311 3221 69 44 the
1408 3221 198 50 Theatre,
1630 3220 94 45 who
1755 3234 66 29 are
1852 3217 199 54 watching

1143 3299 94 38 very
1273 3280 188 57 carefully
1493 3281 60 44 for
1584 3300 25 25 a
1639 3283 97 53 sign,
1766 3278 80 45 will
1863 3277 161 44 acknow-

1142 3341 115 56 ledge
1304 3342 84 44 that
1453 3342 109 44 there
1606 3344 33 42 is
1683 3339 217 55 something
1945 3354 108 27 more

1144 3403 95 44 than
1274 3402 133 44 words
1437 3403 40 42 in
1499 3401 108 45 these
1627 3400 241 57 stupendous
1888 3398 166 45 modern

1144 3475 219 33 utterances
1394 3463 42 43 of
1467 3462 254 44 Democratic
1750 3461 166 44 leaders.

1204 3523 134 44 When
1367 3523 218 56 something
1630 3539 108 27 more
1785 3521 96 44 than
1920 3516 133 46 words

1145 3584 159 44 reaches
1319 3602 45 26 us
1371 3577 59 51 -...
1447 3583 119 45 when
1584 3601 23 26 a
1623 3582 108 45 hand
1748 3581 44 44 of
1807 3593 83 32 true
1907 3577 124 46 friend-

1145 3645 88 56 ship
1264 3647 32 42 is
1324 3644 197 45 stretched
1554 3655 71 32 out
1656 3655 40 32 to
1727 3659 72 26 our
1830 3639 151 46 branch
2011 3638 43 44 of

1148 3705 144 44 Public
1325 3706 176 49 Service,
1525 3704 94 44 then
1655 3702 81 46 and
1767 3714 70 32 not
1871 3701 55 45 till
1958 3699 95 45 then

1146 3784 76 25 can
1252 3783 65 27 we
1348 3765 120 44 know
1498 3765 85 44 that
1614 3764 152 45 Demos
1805 3762 82 45 and
1916 3760 139 45 Theos

1148 3843 66 28 are
1234 3844 79 27 one
1333 3826 81 44 and
1445 3824 69 46 the
1545 3843 108 27 same
1685 3824 124 54 thing.

1863 3904 128 46 I.M.

1152 4033 303 61 PURITANISM,
1492 4032 222 28 BELIEVING
1745 4033 146 26 ITSELF
1926 4031 128 33 QUICK

1201 4083 114 26 WITH
1330 4082 86 24 THE
1434 4081 106 27 SEED
1557 4080 56 25 OF
1626 4078 222 26 RELIGIOUS
1866 4078 187 30 LIBERTY,

1149 4129 111 32 LAID,
1295 4127 203 26 WITHOUT
1521 4124 203 27 KNOWING
1756 4123 55 34 IT,
1849 4123 86 25 THE
1971 4123 84 25 EGG

1150 4174 55 26 OF
1230 4172 269 27 DEMOCRACY.

1553 4208 133 41 James
1712 4205 153 35 Russell
1892 4204 162 36 Lowell.

2230 214 643 46 IGNORANCE.

2108 336 74 99 IN
2215 330 16 25 B
2262 329 85 44 The
2371 329 176 52 Century
2568 328 15 25 B
2617 327 62 44 for
2714 327 104 56 May
2853 326 136 50 last,...

2169 389 81 45 and
2282 389 15 25 n
2328 389 86 43 The
2439 389 175 51 Century
2634 387 17 25 B
2683 390 32 41 is
2744 387 198 56 supposed
2964 399 40 32 to

2103 446 52 47 be
2177 468 25 25 a
2228 447 304 45 well-informed
2552 449 265 53 magazine....
2839 465 63 25 we
2924 447 80 46 find

2103 509 75 44 this
2216 508 166 44 brilliant
2419 525 159 38 passage
2623 510 41 40 in
2694 525 51 25 an
2785 506 131 44 article
2951 525 53 25 on

2106 569 15 25 n
2142 569 92 43 The
2271 567 106 44 New
2407 569 82 42 Art
2519 567 42 43 of
2597 566 67 44 the
2695 566 174 44 Theatre
2891 566 16 26 n
2949 566 55 55 by

2103 627 161 46 Samuel
2295 628 59 44 A.
2387 627 106 44 Eliot
2524 627 56 54 Jr.

2164 688 16 25 H
2202 688 93 43 The
2331 686 170 57 stippled
2533 688 211 43 discretion
2780 684 80 45 and
2902 703 102 26 mas-

2105 748 16 24 B
2142 750 83 42 sive
2261 747 205 56 simplicity
2502 747 44 42 of
2583 745 173 44 Urban's
2791 745 213 43 Germanic

2103 809 16 26 n
2142 809 107 48 Art;
2281 808 68 43 the
2377 806 92 46 cold
2501 806 176 49 balance,
2699 806 66 43 the
2796 804 94 56 light
2925 804 79 44 and

2104 868 17 25 B
2142 867 123 45 shade
2280 867 133 55 design
2427 865 43 45 of
2484 866 172 44 Gordon
2672 867 129 53 Craig,
2820 865 183 43 reflected

2103 928 16 26 n
2143 926 166 57 through
2354 928 59 43 his
2447 943 166 28 warmer
2643 925 201 56 tempered
2879 923 124 57 pupil,

2104 988 16 26 B
2142 989 137 43 Hume
2301 986 15 26 B
2321 1020 11 11 .

2162 1048 114 43 Who
2303 1049 32 40 is
2356 1047 45 43 S.
2425 1046 59 43 A.
2508 1044 105 45 Eliot
2634 1044 55 57 Jr.
2707 1049 19 39 ?
2754 1043 114 57 Why
2889 1042 114 45 don't

2103 1107 51 44 he
2183 1109 117 54 study
2329 1125 26 25 a
2389 1107 57 43 bit
2463 1110 20 39 ?
2516 1105 70 44 He
2617 1105 122 54 might
2773 1104 94 44 then
2897 1103 106 44 learn

2103 1180 41 31 at
2173 1185 78 38 any
2281 1178 83 33 rate
2395 1183 120 26 never
2545 1176 42 33 to
2617 1167 110 41 write
2757 1164 77 44 like
2864 1163 87 45 this.

2164 1227 79 44 But
2262 1227 109 44 what
2402 1228 31 42 is
2464 1225 17 26 n
2510 1226 85 43 The
2618 1225 176 52 Century
2815 1224 15 26 n
2854 1223 150 44 about?

2103 1288 159 43 Cannot
2291 1289 30 42 it
2351 1284 127 47 afford
2508 1296 42 33 to
2580 1303 80 38 pay
2690 1285 59 43 for
2779 1283 151 45 articles
2950 1300 54 26 on

2106 1348 73 43 this
2218 1347 15 25 n
2257 1347 107 44 New
2392 1347 82 43 Art
2510 1345 44 44 of
2589 1345 68 44 the
2691 1345 176 43 Theatre
2889 1343 16 25 B
2949 1343 54 55 by

2105 1425 89 26 men
2223 1407 96 44 who
2359 1406 103 45 have
2496 1405 157 45 studied
2684 1407 63 41 it?
2780 1404 78 44 For
2893 1420 111 38 years

2111 1468 86 43 The
2227 1466 131 53 Mask
2387 1466 71 44 has
2478 1465 118 44 made
2616 1467 28 42 it
2666 1480 257 39 unnecessary
2942 1462 62 44 for

2102 1527 96 44 such
2230 1526 183 45 blunders
2444 1538 41 32 to
2516 1525 51 44 be
2599 1524 261 56 perpetrated.

2171 1587 85 45 The
2286 1587 130 51 Mask
2446 1588 98 43 does
2573 1596 68 33 not
2677 1583 165 57 pretend
2873 1595 41 34 to
2951 1583 53 44 be

2103 1665 25 26 a
2142 1647 194 57 powerful
2352 1664 121 38 organ
2488 1645 78 44 like
2582 1645 16 25 R
2627 1645 87 44 The
2731 1644 173 53 Century
2923 1644 15 26 8
2944 1677 58 11 ....

2103 1709 28 43 it
2162 1707 97 45 does
2293 1718 69 33 not
2393 1707 106 56 hope
2539 1722 92 28 ever
2667 1716 42 32 to
2739 1704 78 44 live
2850 1721 44 27 as
2921 1703 82 45 will

2104 1768 16 26 B
2146 1768 85 45 The
2264 1768 173 51 Century
2460 1766 17 26 8
2489 1785 63 26 :...
2588 1767 29 42 it
2663 1764 135 44 would
2834 1764 93 44 hate
2963 1775 41 32 to

2102 1827 116 56 laugh
2248 1839 41 33 at
2321 1827 15 26 B
2366 1827 86 44 The
2486 1826 174 51 Century
2676 1824 17 26 8
2699 1857 66 14 ....
2797 1824 112 45 Must
2938 1825 66 42 it?

2289 2081 123 82 One
2474 2065 55 53 of
2582 2064 64 43 the
2721 2070 102 37 most

2391 2125 169 54 striking
2588 2124 236 53 differences

2281 2185 174 44 between
2523 2202 27 25 a
2611 2191 68 36 cat
2738 2182 88 44 and

2280 2262 27 28 a
2339 2247 52 41 lie
2422 2250 33 38 is
2486 2244 88 44 that
2602 2261 28 25 a
2652 2250 67 36 cat
2747 2243 77 43 has

2278 2305 122 53 only
2481 2309 116 38 nine
2679 2304 138 43 lives.

2399 2364 122 45 Mark
2551 2363 159 44 Twain.

2096 2667 24 35 I
2147 2657 241 46 EXPECT
2405 2654 87 46 TO
2512 2654 150 46 PASS
2680 2653 324 45 THROUGH.

2096 2718 171 47 ITHIS
2286 2717 224 46 WORLD
2529 2714 122 44 BIT
2668 2713 180 45 ONCE.
2871 2713 133 45 ANY

2093 2778 179 48 GOOD
2333 2773 370 49 THEREFORE
2753 2773 178 45 THAT
2986 2773 16 44 I

2095 2840 128 47 CAN
2254 2838 102 50 DO,
2388 2838 86 43 OR
2521 2834 133 46 ANY
2699 2833 304 47 KINDNESS

2093 2899 177 47 THAT
2302 2898 15 44 I
2355 2897 129 45 CAN
2524 2894 185 46 SHOW
2754 2895 86 44 TO
2870 2893 134 46 ANY

2096 2958 254 49 FELLOW
2380 2955 346 50 CREATURE,
2768 2954 114 44 LET
2914 2953 91 45 ME

2096 3022 89 44 DO
2216 3020 58 45 IT
2306 3018 160 46 NOW.
2530 3016 15 44 I
2577 3015 154 46 WILL
2752 3014 129 46 NOT
2902 3012 68 47 DE-

2098 3081 113 47 FER
2242 3080 58 45 IT
2329 3079 87 44 OR
2436 3076 282 46 NEGLECT
2746 3074 104 46 1T...
2882 3074 121 45 FOR

2099 3144 15 44 I
2146 3140 205 46 SHALL
2378 3138 128 46 NOT
2527 3137 150 45 PASS
2697 3136 140 44 THIS
2854 3134 150 46 WAY

2096 3200 216 48 AGAIN.

2406 3259 71 44 An
2513 3258 91 44 Old
2634 3255 171 46 Chinese
2845 3255 156 46 Writer.

2143 4084 78 43 All
2250 4081 124 56 rights
2404 4080 185 45 reserved
2617 4078 165 55 August
2819 4076 148 46 1918.

2122 4143 175 45 Gerente
2342 4139 284 59 responsabile:
2662 4138 138 45 Giulio
2844 4137 150 45 Vanzi.

2222 4202 230 44 Tipografia
2476 4200 201 36 Giuntina.
2710 4199 177 35 Firenze.

931 4287 424 71 PRICE
1447 4285 251 68 ONE
1787 4282 465 69 PENNY.
