3571 4399
1773 162 89 55 270

232 296 146 50 dieser
406 296 327 67 Widerspruch
764 297 152 60 daher,
947 299 101 51 dass
1068 300 175 50 Händel
1275 318 47 33 es
1352 300 120 51 nicht
1498 301 75 50 hat
1605 319 159 50 wagen

234 379 176 56 wollen,
442 379 90 48 sich
564 379 223 49 öffentlich
819 398 80 30 vor
929 380 102 50 dem
1063 381 235 51 Publicum
1328 384 64 48 als
1426 384 231 48 Verfasser
1688 385 51 47 da-

232 478 70 40 zu,
335 460 100 50 weil
467 461 61 49 sie
560 461 118 49 seine
708 470 120 41 erste
856 463 127 67 Oper
1013 482 110 40 war,
1163 483 53 30 zu
1248 464 250 58 bekennen,
1540 465 89 48 und
1664 466 100 49 dass

231 543 189 66 Kayser,
463 543 159 49 dessen
659 544 142 49 Name
847 546 138 49 schon
1031 548 95 47 eine
1172 548 337 66 mittelmässige
1539 549 127 66 Oper
1711 567 53 31 zu

234 624 121 49 einer
387 624 325 49 vortrefflichen
744 626 197 50 erheben
974 628 180 56 konnte,
1183 629 89 48 ihm
1307 629 139 48 durch
1478 630 288 65 Vorselzung

240 706 141 50 seines
409 708 197 48 Namens
637 708 121 50 diese
783 710 276 65 Täuschung
1102 719 236 41 verstattet
1378 711 89 53 hat.
1526 713 99 48 Den
1674 713 91 51 25.

235 786 202 50 Februar
463 789 237 49 desselben
729 791 160 49 Jahres
919 793 202 48 erschien
1153 793 93 48 sein
1543 794 221 65 Obgleich

234 869 196 49 nachher
481 869 150 51 1706
682 874 119 47 seine
1126 875 240 50 verändert
1410 877 91 48 und
1547 894 86 31 neu
1678 894 86 32 von

234 953 174 66 Kayser
438 954 253 66 componirt
722 955 256 66 aufgeführt
1017 958 139 57 ward,
1200 976 51 31 so
1295 958 170 49 scheint
1498 959 79 50 der
1608 959 157 50 Grund

235 1033 145 51 davon
409 1033 114 51 doch
555 1037 128 48 mehr
724 1038 40 48 in
805 1038 198 49 anderen
1032 1039 177 66 Dingen
1247 1040 61 49 als
1338 1040 42 49 in
1413 1040 99 49 dem
1545 1059 54 30 zu
1632 1042 108 48 weni-

236 1132 88 49 gen
354 1117 154 48 Beifall
538 1117 80 49 der
646 1119 333 51 Händel'schen
1008 1122 148 48 Musik
1186 1122 187 64 gelegen
1404 1141 53 30 zu
1491 1122 159 58 haben,
1680 1141 85 31 von

237 1198 82 51 der
348 1199 308 51 ausdrücklich
688 1209 158 59 gesagt
882 1203 126 58 wird,
1053 1203 100 48 dass
1192 1204 61 47 sie
1285 1204 103 48 sehr
1418 1204 186 65 gefallen
1637 1204 128 60 habe,

240 1280 91 49 und
362 1297 85 33 von
477 1280 138 51 deren
646 1291 134 57 guter
809 1283 254 49 Aufnahme
1103 1284 69 48 die
1211 1284 196 50 schnelle
1436 1285 141 65 Folge
1620 1287 146 48 seiner

237 1362 188 49 zweiten
451 1362 127 66 Oper
607 1363 239 66 gleichfalls
875 1366 175 49 Beweis
1073 1364 169 68 abgibt.
1271 1368 121 48 Jetzt
1418 1367 133 49 nahm
1570 1368 168 50 Malthe-

235 1461 82 32 son
334 1461 85 32 von
437 1443 78 50 der
531 1446 158 49 Bühne
712 1447 228 51 Abschied
968 1448 90 50 und
1082 1448 124 50 ward
1233 1451 212 48 Secretär
1474 1449 78 50 des
1584 1451 156 64 englän-

230 1524 183 51 dischen
428 1527 273 49 Residenten
730 1529 42 49 in
801 1529 254 66 Hamburg,
1086 1547 80 32 aus
1196 1531 159 50 dessen
1380 1533 154 48 Hause
1566 1550 47 30 er
1643 1534 93 47 Hän-

231 1607 116 49 del'n
377 1607 170 49 scheint
576 1609 243 68 verdrängt
848 1630 55 30 zu
933 1612 162 49 haben.
1125 1613 50 47 In
1206 1613 87 48 den
1322 1614 169 49 Jahren
1515 1613 150 51 1705
1700 1614 66 50 bis

237 1688 153 50 1708
425 1692 280 65 componirte
733 1693 177 50 Händel
955 1694 114 49 noch
1111 1694 108 50 zwei
1252 1696 173 66 Opern,

232 1771 90 48 und
627 1788 156 35 ausser
814 1774 143 50 denen
989 1792 48 32 er
1068 1776 42 48 in
1143 1776 239 66 Hamburg
1412 1780 69 45 für
1510 1778 68 49 die
1609 1778 157 49 Bühne

230 1852 143 49 nichts
414 1853 143 59 mehr,
602 1863 128 41 sonst
771 1856 109 49 aber
909 1858 97 47 eine
1037 1875 157 48 grosse
1224 1860 165 64 Menge
1422 1860 343 58 Ciavierstücke,

227 1933 163 50 Lieder
421 1933 91 50 und
543 1934 218 51 Cantaten
794 1938 292 65 geschrieben
1116 1940 89 48 hat.
1263 1941 258 48 Mattheson
1571 1942 195 65 gesteht,

230 2016 101 49 dass
372 2032 48 32 er
451 2016 104 49 dort
593 2020 434 50 ausserordentliche
1056 2022 301 50 Fortschritte
1401 2025 208 63 gemacht
1652 2023 114 50 habe

228 2097 93 51 und
352 2098 42 49 in
424 2101 356 66 extemporirten
811 2103 158 65 Fugen
999 2105 92 48 und
1117 2105 59 48 im
1208 2103 343 69 Contrapunkte
1581 2106 80 49 auf
1685 2105 80 50 der

230 2180 141 64 Orgel
416 2181 178 48 stärker
636 2200 212 48 gewesen
893 2186 76 58 sei,
1015 2186 62 48 als
1117 2186 199 48 Kuhnau
1359 2186 42 49 in
1439 2187 198 68 Leipzig,
1680 2187 85 50 den

230 2279 101 31 man
363 2261 168 51 damals
561 2262 62 51 als
654 2266 68 48 ein
754 2266 215 51 Wunder
998 2267 151 50 ansah.

353 2345 66 48 Im
448 2345 137 48 Jahre
621 2345 150 52 1709
820 2348 106 67 ging
965 2366 48 32 er
1054 2350 161 49 darauf
1248 2351 42 50 in
1321 2351 294 50 Gesellschaft
1644 2351 121 51 eines

231 2426 154 48 Herrn
414 2442 87 35 von
531 2426 122 49 Biniz
684 2430 113 49 nach
825 2431 172 58 Italien,
1039 2449 72 32 wo
1153 2449 47 32 er
1232 2451 53 31 zu
1314 2434 192 48 Florenz
1538 2432 68 50 die
1639 2434 127 66 Oper

547 2510 268 67 verfertigte,
858 2512 42 49 in
929 2512 204 66 Venedig
1176 2515 68 48 die
1272 2515 124 48 Ehre
1440 2531 180 49 genoss,
1664 2515 101 48 dass

230 2590 119 48 seine
390 2590 43 48 in
470 2590 81 48 der
580 2592 142 65 Folge
775 2592 148 50 1718
957 2613 55 30 zu
1041 2595 242 66 Hamburg
1326 2596 280 65 aufgeführte
1638 2596 128 67 Oper

590 2674 450 68 siebenundzwanzig
1068 2676 192 50 Abende
1300 2677 113 49 nach
1444 2677 212 50 einander
1686 2695 52 48 ge-

230 2752 147 66 geben
400 2754 138 58 ward,
569 2755 42 49 in
627 2757 117 49 Rom
762 2756 98 50 eine
875 2759 242 58 Serenade,

230 2835 92 48 und
362 2834 43 49 in
434 2836 168 67 Neapel
642 2839 97 48 eine
781 2840 141 66 Oper,
975 2839 136 58 „Acis
1142 2841 90 50 und
1265 2841 463 66 Galatheacompo-

231 2916 131 50 nirte.
416 2917 51 49 In
495 2919 158 49 Italien
692 2921 143 49 lernte
879 2938 49 32 er
959 2923 246 49 Domenico
1237 2924 230 57 Scarlatti,
1511 2924 252 65 Gosparini,

228 2999 136 56 Lotti,
392 2999 202 58 Steffani,
625 3000 162 51 Corelli
820 3003 189 50 kennen.
1040 3004 66 48 Zu
1126 3004 179 66 Anfang
1322 3004 77 49 des
1416 3004 160 49 Jahres
1609 3003 151 50 1710

231 3080 156 48 kehrte
430 3099 49 31 er
524 3083 165 50 wieder
734 3085 112 48 nach
875 3085 308 50 Deutschland
1227 3086 166 50 zurück
1436 3088 92 47 und
1570 3086 104 66 ging
1704 3104 55 32 an

231 3160 86 50 den
349 3163 94 47 Hof
482 3164 77 48 des
588 3165 274 50 Kurlürsten
905 3184 87 32 von
1036 3169 257 56 Hannover,
1338 3166 299 66 nachherigen
1669 3169 63 48 Kö-

228 3243 101 64 nigs
361 3260 85 32 von
475 3245 218 65 England,
738 3249 152 65 Georg
922 3250 47 56 1.,
1013 3267 71 31 wo
1126 3267 50 31 er
1216 3250 221 48 Steffani's
1481 3250 283 65 Nachfolger,

230 3333 146 40 erster
406 3325 341 51 kurfürstlicher
776 3329 335 66 Capellmeister
1140 3333 140 57 ward,
1313 3333 79 47 mit
1431 3331 141 49 einem
1605 3331 160 50 Gehalt

230 3424 85 32 von
353 3408 152 49 1500
533 3410 179 48 Rthlrn.
753 3410 91 48 und
885 3411 208 58 Freiheit,
1134 3432 53 30 zu
1227 3414 158 50 reisen.
1445 3414 65 48 Er
1547 3413 217 49 besuchte

230 3488 282 59 Düsseldorf,
542 3507 71 33 wo
645 3507 51 33 er
724 3491 98 47 eine
846 3491 384 51 schmeichelhafte
1247 3495 253 49 Aufnahme
1523 3494 115 57 fand,
1670 3494 90 50 und

232 3569 107 66 ging
380 3588 69 30 am
481 3573 126 48 Ende
651 3573 237 49 desselben
917 3574 161 48 Jahres
1121 3575 112 49 nach
1265 3577 203 64 England
1511 3577 42 48 in
1599 3575 165 51 seinem

234 3652 88 49 26.
357 3653 153 58 Jahre,
542 3654 147 50 wohin
720 3673 49 31 er
797 3673 87 32 von
913 3655 141 51 vielen
1087 3657 302 58 Vornehmen,
1420 3658 68 48 die
1520 3674 48 32 er
1599 3658 39 48 in
1670 3659 66 48 Ita-

228 3733 86 49 lien
345 3734 89 50 und
468 3735 244 50 Hannover
755 3738 174 48 kennen
973 3737 175 66 gelernt
1192 3738 139 57 hatte,
1375 3738 257 66 eingeladen
1672 3740 92 50 und

230 3832 86 33 von
347 3817 180 64 eigener
554 3818 210 66 Neigung
785 3820 230 64 getrieben
1045 3820 141 51 ward.
1232 3820 63 49 Er
1326 3819 117 50 blieb
1473 3820 141 50 dieses
1646 3829 119 42 erste

228 3898 91 48 Mal
348 3907 141 42 etwas
515 3899 112 50 über
658 3900 68 50 ein
755 3900 111 50 Jahr
896 3902 68 57 da,
1008 3902 282 67 componirte
1321 3902 43 49 in
1402 3902 121 49 einer
1551 3903 97 49 Zeit
1676 3921 87 31 von

232 3978 203 51 vierzehn
468 3982 155 66 Tagen
668 3983 67 48 ein
780 3983 43 48 in
867 3982 80 49 der
976 3983 96 50 Eile
1115 3984 259 65 gemachtes
1418 3983 219 69 Singspiel
1681 4002 80 32 aus

232 4060 179 51 Tasso's
453 4063 233 51 befreitem
729 4064 269 59 Jerusalem,
1056 4083 180 33 woraus
1281 4067 80 49 der
1403 4066 186 50 Dichter
1629 4068 134 50 Rossi

1860 304 196 48 nachher
2080 304 95 49 eine
2199 304 141 67 Oper,
2691 309 269 68 verfertigte.
2992 313 65 49 Im
3085 311 123 51 März
3243 313 144 52 1711

1860 386 125 49 ward
2003 386 142 50 dieses
2161 386 235 68 Singspiel,
2412 388 212 49 worüber
2644 390 202 51 Addison
2876 394 41 48 in
2944 395 165 48 seinem
3124 396 274 59 Zuschauer,

1858 468 79 50 Nr.
1971 468 91 57 29,
2094 469 121 49 seine
2244 470 156 48 Laune
2431 469 235 52 herfahren
2697 473 116 58 liess,
2854 475 255 65 aufgeführt
3142 478 90 49 und
3261 479 110 48 nach-

1860 549 94 57 her,
1981 550 62 48 als
2069 551 127 65 Oper
2225 550 263 60 bearbeitet,
2520 551 40 50 in
2593 553 84 49 den
2707 554 167 50 Jahren
2913 555 169 60 1712,
3121 558 148 49 1717
3306 560 91 49 und

1868 630 142 51 1731
2067 634 78 47 mit
2189 650 205 49 grossem
2437 634 89 50 und
2567 635 307 66 allgemeinem
2903 639 182 48 Beifalle
3116 640 281 60 wiederholt,

1860 713 139 49 selbst
2037 714 149 50 1718
2234 733 86 33 von
2359 717 102 49 dem
2493 717 267 50 berühmten
2789 720 95 50 Leo
2931 720 41 50 in
3002 722 165 67 Neapel
3209 723 79 49 auf
3327 724 70 48 die

1860 795 158 50 Bühne
2048 797 231 64 gebracht.
2339 798 175 49 Hände]
2546 800 177 50 erwarb
2753 802 89 48 sich
2875 804 41 47 in
2948 804 204 64 England
3185 821 51 33 so
3268 823 102 48 gros-

1863 894 77 32 sen
1973 879 166 57 Ruhm,
2183 880 90 49 und
2318 897 45 32 es
2408 882 131 64 gefiel
2582 882 87 49 ihm
2711 883 197 51 daselbst
2940 885 79 49 der
3050 885 265 51 Aufenthalt
3345 904 51 32 so

1862 959 134 57 wohl,
2028 960 102 49 dass
2160 977 50 32 er
2234 979 86 31 nur
2344 963 111 47 nach
2473 963 245 49 Hannover
2740 967 293 66 zurückging,
3063 985 74 31 um
3171 968 90 48 sich
3294 986 103 32 zum

1862 1042 188 48 zweiten
2080 1042 117 49 Male
2227 1043 69 49 die
2321 1043 262 51 Erlaubniss
2613 1047 144 48 seines
2787 1049 274 49 Kurlürsten
3091 1068 53 30 zu
3176 1051 197 49 verschaf-

1862 1123 83 57 fen,
1990 1123 170 49 welche
2199 1125 92 49 ihm
2333 1125 112 49 auch
2486 1145 56 30 zu
2572 1127 222 67 Ausgang
2837 1129 77 50 des
2944 1132 160 48 Jahres
3137 1131 151 50 1712
3325 1133 78 48 auf

1860 1204 97 50 eine
1987 1205 257 50 bestimmte
2274 1208 98 48 Zeit
2403 1208 176 48 erlheilt
2611 1211 138 49 ward.
2803 1212 75 48 Bis
2927 1212 150 51 1715
3127 1214 175 50 machte
3345 1232 52 32 er

1860 1287 199 49 daselbst
2103 1287 91 49 drei
2240 1288 184 67 Opern:
2494 1292 193 54 „Pastor
3306 1297 92 48 und

2186 1372 142 48 worin
2356 1372 200 58 Nicolini,
2601 1374 222 50 Valentini
2852 1376 92 49 und
2974 1377 165 48 andere
3170 1378 80 48 der
3278 1379 88 49 Vor-

1860 1451 238 49 nehmsten
2122 1468 183 50 sangen,
2337 1452 90 49 und
2459 1471 81 30 zur
2564 1454 132 49 Feier
2725 1456 78 49 des
2824 1457 231 49 utrechter
3072 1458 217 51 Friedens
3323 1459 72 50 ein

1863 1548 182 50 grosses
2079 1536 58 48 Te
2161 1536 152 48 Deum
2342 1536 91 48 und
2462 1537 211 58 Jubilate,
2719 1538 79 50 das
2827 1556 51 33 so
2908 1539 81 50 viel
3020 1541 179 58 Stärke,
3228 1542 140 65 Regel-

1862 1616 261 64 mässigkeit
2168 1617 91 48 und
2290 1618 534 68 Instrumentalwirkung
2862 1621 139 59 hatte,
3044 1622 62 50 als
3146 1640 102 32 man
3278 1623 118 51 noch

1860 1694 42 50 in
1935 1694 150 51 keiner
2117 1696 306 68 Composition
2453 1701 280 63 angetroffen
2760 1701 137 51 hatte.
2923 1702 87 50 Die
3038 1703 195 66 Königin
3264 1705 133 49 Anna

1859 1786 142 41 setzte
2045 1780 88 48 ihm
2178 1781 79 48 auf
2288 1781 256 49 Zeitlebens
2583 1782 188 66 jährlich
2819 1783 113 51 200
2970 1785 146 50 Pfund
3160 1804 96 42 aus,
3302 1788 94 49 und

1858 1860 176 48 Händel
2066 1860 99 49 liess
2197 1861 67 49 die
2293 1862 89 50 ihm
2414 1863 257 50 bestimmte
2695 1865 98 49 Zeit
2818 1866 315 60 verstreichen,
3165 1867 117 50 ohne
3312 1868 63 50 sei-

1858 1959 81 31 ner
1970 1942 379 52 Verbindlichkeit
2389 1962 144 49 gegen
2575 1946 84 49 den
2691 1947 273 51 Kurfürsten
3006 1950 91 49 sich
3138 1950 57 48 im
3227 1951 166 50 Ernste

1857 2041 55 32 zu
1945 2025 221 49 erinnern.
2225 2026 122 49 Nach
2389 2027 80 50 der
2497 2028 195 65 Königin
2721 2028 134 51 Anna
2887 2031 125 50 Tode
3043 2032 101 49 kam
3177 2032 153 66 Georg
3355 2034 34 48 I.

1858 2105 140 49 selbst
2039 2106 113 49 nach
2196 2106 207 67 England
2446 2108 91 50 und
2582 2108 205 53 überhob
2831 2111 75 50 ihn
2950 2112 79 49 der
3071 2114 151 58 Mühe,
3280 2114 115 49 nach

1858 2187 307 50 Deutschland
2198 2208 55 30 zu
2283 2191 159 51 reisen.
2474 2191 156 50 Durch
2660 2192 135 66 kluge
2824 2194 309 67 Vermittlung
3162 2195 79 49 des
3269 2195 102 52 Frei-

1857 2268 135 50 herrn
2023 2288 84 31 von
2139 2270 358 61 Kielmannseck,
2539 2274 80 48 der
2648 2274 86 49 den
2765 2275 151 66 König
2945 2294 56 32 zu
3030 2277 123 49 einer
3181 2277 185 51 Wasser-

1858 2352 143 66 partie
2032 2351 213 51 beredete
2276 2355 91 49 und
2398 2355 221 49 Händel'n
2649 2356 113 50 dazu
2793 2357 142 66 einige
2964 2359 184 59 Stücke,
3167 2359 69 49 die
3262 2360 108 49 nach-

1858 2432 81 49 her
1968 2441 135 41 unter
2133 2434 99 49 dem
2263 2436 171 50 Namen
2466 2437 79 49 der
2575 2437 341 51 Wassermusik
2946 2439 211 50 berühmt
3188 2440 204 60 wurden,

1859 2515 310 49 ausdrücklich
2216 2519 291 66 componiren
2545 2520 91 48 und
2678 2520 94 49 ihre
2801 2521 291 66 Aufführung
3121 2522 204 50 heimlich
3354 2524 43 48 in

1862 2596 142 48 einem
2037 2596 77 50 das
2140 2597 247 66 königliche
2412 2600 237 66 Fahrzeug
2672 2600 311 66 begleitenden
3002 2604 145 48 Boote
3170 2602 227 68 besorgen

1857 2677 116 59 liess,
2018 2679 100 48 kam
2149 2680 177 49 Händel
2367 2681 122 50 nicht
2528 2682 130 50 allein
2688 2684 168 51 wieder
2884 2685 43 48 in
2954 2685 201 58 Gnaden,
3199 2686 196 50 sondern

1857 2759 80 49 der
1961 2760 151 66 König
2140 2761 214 51 schenkte
2379 2764 149 49 seinen
2549 2763 365 68 Compositionen
2945 2766 113 50 auch
3091 2766 85 50 den
3207 2768 162 48 schmei-

1855 2841 322 50 chelhaftesten
2203 2844 150 48 Beifall
2391 2845 92 50 und
2514 2846 89 47 ihm
2634 2845 96 50 eine
2761 2846 170 66 Zulage
2960 2864 87 33 von
3080 2848 114 49 200
3228 2849 164 57 Pfund,

1857 2940 130 32 wozu
2018 2923 70 49 die
2116 2925 265 65 regierende
2403 2926 197 66 Königin
2617 2928 212 49 Karoline
2860 2928 142 66 einige
3030 2930 137 50 Jahre
3196 2930 199 50 nachher

1855 3005 69 48 für
1954 3005 85 50 den
2070 3006 259 50 Unterricht
2359 3009 79 48 der
2461 3009 248 49 Prinzessin
2739 3010 116 50 noch
2889 3010 113 51 200
3022 3011 146 50 Pfund
3199 3013 193 66 zulegte.

1981 3088 99 48 Von
2121 3086 148 50 1715
2318 3088 66 49 bis
2420 3089 152 51 1720
2621 3090 150 51 finden
2814 3091 94 50 sich
2951 3093 45 49 in
3040 3094 88 48 den
3171 3094 224 50 londoner

1858 3168 369 49 Verzeichnissen
2259 3169 79 51 der
2359 3170 248 69 Singspiele
2639 3173 126 49 keine
2794 3190 147 34 neuen
2972 3192 86 33 von
3087 3175 179 50 Händel
3298 3193 75 32 ver-

1858 3250 208 66 fertigten
2099 3253 172 64 Opern.
2311 3253 84 49 Die
2424 3254 92 50 drei
2550 3262 149 43 ersten
2728 3257 138 49 Jahre
2897 3257 146 49 dieser
3075 3258 323 49 Zwischenzeit

1859 3331 81 50 soll
1972 3349 50 32 er
2052 3333 212 49 meistens
2296 3333 71 51 bei
2399 3335 99 50 dem
2521 3337 165 49 Grafen
2716 3356 85 31 von
2822 3338 269 66 Burlington
3123 3339 275 67 zugebracht

1859 3413 163 58 haben,
2067 3414 83 50 der
2178 3414 70 50 bei
2279 3417 154 50 vielem
2466 3419 277 50 Geschmack
2776 3419 90 50 und
2895 3422 307 49 Kenntnissen
3232 3422 43 49 in
3307 3422 88 49 den

1859 3495 200 50 schönen
2103 3497 206 49 Künsten
2349 3499 115 50 auch
2506 3500 67 49 ihr
2610 3500 195 66 thätiger
2833 3503 271 48 Beförderer
3144 3519 108 33 war.
3309 3503 86 49 Die

1860 3577 159 49 beiden
2050 3578 195 49 anderen
2276 3580 137 49 Jahre
2442 3582 174 49 scheint
2658 3599 48 32 er
2744 3583 92 48 sich
2873 3602 55 29 zu
2960 3583 226 60 Cannons,
3215 3584 64 50 als
3309 3583 58 51 Ca-

1860 3658 273 67 pellmeister
2174 3660 80 50 des
2285 3663 208 66 Herzogs
2533 3681 87 33 von
2652 3663 226 58 Chandos,
2927 3663 268 67 beschäftigt
3235 3683 54 32 zu
3320 3664 52 50 ha-

1859 3739 86 51 ben
1961 3758 12 40 ;
2006 3740 92 50 und
2128 3739 69 51 bei
2229 3743 166 49 diesem
2426 3744 175 50 schrieb
2631 3762 50 32 er
2705 3761 159 33 ausser
2892 3745 151 51 seinen
3072 3748 225 48 Motetten
3326 3747 71 49 für

1859 3823 79 48 des
1954 3822 207 67 Herzogs
2184 3825 179 68 Capelle
2386 3827 88 49 den
2497 3831 210 62 grössten
2730 3827 126 49 Theil
2887 3828 144 50 seiner
3054 3828 312 52 Hoboen-Con-

1859 3912 139 51 certe,
2028 3906 213 60 Sonaten,
2283 3908 159 50 Suiten
2486 3908 92 50 und
2619 3908 293 67 Orgelfugen,
2959 3911 93 49 und
3101 3909 154 52 1720
3302 3912 94 49 sein

1860 3993 144 43 erstes
2024 3988 278 61 Oratorium,
2329 3989 69 50 die
2412 3991 182 57 Esther,
2624 3991 193 50 welches
2843 3992 110 49 aber
2977 3999 94 44 erst
3099 3993 138 51 zwölf
3259 3993 138 50 Jahre

1862 4067 197 51 nachher
2086 4069 42 50 in
2159 4071 190 50 London
2379 4071 256 66 aufgeführt
2666 4073 171 50 wurde.
2866 4073 177 51 Ausser
3073 4074 87 51 den
3182 4074 188 52 Beschäf-
