2569 4356
552 236 577 86 THÉÂTRE
1190 238 490 82 ALBERT
1721 236 124 86 1er

206 503 78 55 Un
315 500 280 59 incident,
625 497 99 71 qui
755 496 194 54 aurait
977 511 71 53 pu
1079 494 165 54 avoir
1278 494 104 54 des
1401 493 186 56 suites
1615 491 317 69 tragiques,
1966 494 79 49 est
2072 502 265 41 survenu

64 625 123 55 hier
219 620 119 56 soir
371 634 71 38 au
483 616 226 56 théâtre
741 614 72 54 de
848 614 54 54 la
944 628 107 39 rue
1084 613 77 54 du
1199 611 249 56 Rocher.

206 740 83 53 Un
315 738 340 66 spectateur
680 747 30 40 a
746 733 90 52 été
855 732 212 53 trouvé
1093 729 266 56 inanimé
1391 732 33 52 à
1458 729 55 54 la
1547 727 80 54 fin
1663 727 79 54 du
1778 724 312 71 spectacle.

214 859 67 51 Le
309 853 267 54 médecin
605 851 74 54 de
713 850 244 57 service,
1004 849 207 70 appelé
1245 847 339 70 d'urgence,
1622 844 219 62 arriva,
1872 845 173 67 après
2068 854 79 39 un
2177 842 174 65 quart

66 977 239 53 d'heure
331 971 280 62 d’efforts,
644 986 30 37 a
710 967 247 57 rétablir
992 968 52 52 la
1079 968 167 52 santé
1279 966 77 53 du
1396 963 253 55 malade.

209 1089 264 59 Gelui-ci,
503 1089 376 67 questionné,
903 1085 254 53 attribua
1189 1099 104 38 son
1326 1081 244 55 malaise
1596 1096 116 39 aux
1742 1079 231 53 raisons
2007 1076 309 55 suivantes
2339 1090 11 38 :

309 1206 105 54 J’ai
447 1206 301 53 tellement
784 1203 44 52 ri
858 1218 115 38 aux
1002 1201 318 69 péripéties
1342 1201 71 53 de
1443 1201 46 52 la
1532 1201 75 50 tin
1644 1198 77 53 du
1758 1195 300 55 troisième
2101 1198 124 48 acte
2272 1192 78 53 du

77 1326 216 66 Temps
333 1324 108 52 des
512 1322 275 60 Cerises,
846 1320 43 53 si
952 1319 336 54 drôlement
1344 1319 173 53 mené
1575 1330 106 55 par
1749 1310 417 57 l’inénarrable
2246 1309 107 53 trio

66 1442 274 68 comique
369 1436 794 57 llardoux-Doriau-Hucliet,
1201 1449 115 54 que
1357 1433 114 69 j’en
1513 1432 51 52 ai
1621 1429 187 70 perdu
1875 1428 51 53 la
1975 1425 376 69 respiration.

70 1563 148 53 Sans
243 1559 81 53 les
359 1556 162 53 soins
548 1552 355 70 énergiques
952 1552 76 54 du
1088 1552 264 56 docteur,
1418 1547 183 68 j’étais
1648 1551 222 50 mort...
1918 1543 38 54 G
1979 1549 85 47 est
2114 1542 147 69 égal,
2304 1541 49 67 je

69 1674 330 57 reviendrai
432 1674 197 67 quand
665 1670 194 54 même
892 1672 8 51 !

310 1939 1138 208 Proverbe,
1524 1929 584 218 1,2,3

420 2220 310 91 Trois
781 2240 437 66 erreurs
1263 2240 117 64 se
1429 2210 548 107 corrigent

708 2537 100 52 Les
849 2533 256 70 peintres
1142 2534 127 47 sont
1311 2528 188 54 beaux

704 2655 103 49 Les
830 2652 199 67 poètes
1066 2652 132 50 sont
1232 2659 138 55 gros

712 2770 100 54 Les
849 2766 327 55 musiciens
1204 2768 129 48 sont
1366 2765 117 48 sots

703 2891 156 47 etc.,.

1666 2987 121 46 Paul
1825 2987 227 46 DERMÉE

228 3237 62 55 Je
321 3251 68 37 ne
431 3234 117 54 sais
578 3246 122 53 pas,
731 3232 52 66 je
812 3229 116 53 sais
954 3226 122 55 lire.

1587 3331 141 47 Louis
1749 3326 225 50 ARAGON

223 3697 402 218 PLACE
772 3697 71 213 A
970 3585 554 320 MES
1646 3676 213 214 il
1981 3666 269 224 TUE
