2834 3939
1252 176 62 68 S.
1380 177 52 67 I.
1500 174 103 68 M.

225 208 104 62 44

223 322 41 45 la
289 324 123 59 proie
437 334 44 33 et
506 321 341 57 l'abandonner,
876 336 75 44 par
977 319 208 58 dérision,
1212 334 100 30 sans
1336 317 42 46 la
1403 316 201 46 dévorer.
1635 314 91 48 Car
1753 313 39 45 la
1818 313 57 45 loi
1903 312 54 45 de
1992 312 39 45 la
2063 310 159 63 jungle
2249 309 185 45 interdit
2459 323 89 30 aux
2574 305 100 61 plus

223 404 265 60 faméliques
531 404 53 43 de
633 404 188 44 toucher
869 419 57 27 au
974 401 133 45 festin
1155 400 110 45 ainsi
1309 397 219 62 dédaigné
1576 407 43 35 et
1669 395 97 45 leur
1814 406 199 33 estomac
2061 409 58 28 en
2163 391 182 57 conçoit
2387 406 61 28 un
2493 388 181 44 furieux

223 486 331 44 ressentiment.

363 565 74 46 En
461 576 250 49 apprenant
736 564 23 45 à
785 581 81 28 nos
889 562 371 59 subventionnés,
1287 563 202 60 toujours
1514 570 203 50 prompts
1742 558 24 46 à
1792 558 113 44 crier
1938 555 186 58 famine,
2149 571 90 43 que
2269 552 154 62 Lully,
2452 550 223 55 Rameau,

229 644 312 60 Monteverdi,
586 646 268 61 Monsigny,
896 644 203 57 Mozart,
1142 642 301 59 Destouches,
1483 641 188 45 Florent
1710 638 214 56 Schmitt,
1960 635 162 59 Fauré,
2162 632 206 59 Roussel,
2396 628 280 58 Offenbach,

228 726 230 59 Bruneau,
487 726 203 59 Delibes,
714 726 58 45 M
778 728 47 20 me
845 726 53 44 de
927 724 216 61 Polignac
1169 736 43 33 et
1239 722 208 49 Gaubert
1471 733 103 35 sont
1594 722 75 44 des
1694 717 326 61 compositeurs
2039 715 318 61 parfaitement
2377 709 299 58 comestibles,

230 806 74 46 M.
334 806 194 46 Rouché
552 825 25 27 a
603 806 248 60 développé
889 806 96 45 leur
1021 806 170 59 appétit
1216 816 101 35 tout
1350 821 54 28 en
1447 804 97 44 leur
1581 801 213 46 enlevant
1832 799 362 45 sournoisement
2231 795 62 44 les
2329 808 192 48 moyens
2547 792 52 43 de
2637 790 41 45 le

228 887 226 46 satisfaire.
486 887 71 45 M.
588 888 193 44 Rouché
807 898 64 35 est
897 904 63 27 un
987 886 196 61 gâcheur
1208 884 8 47 !

367 968 89 46 Son
492 969 176 44 dernier
701 967 223 61 spectacle
949 968 206 44 contient
1180 983 90 29 une
1298 968 137 58 petite
1464 962 243 47 merveille.
1736 959 125 54 Quel
1889 959 223 45 directeur
2139 973 161 43 pourra
2324 971 44 30 se
2394 952 205 47 consoler
2625 952 55 45 de

230 1048 62 45 lui
327 1049 126 44 avoir
477 1048 125 45 laissé
628 1060 207 48 capturer
861 1049 109 44 dans
994 1065 81 28 son
1101 1048 254 45 minuscule
1383 1046 188 56 théâtre,
1600 1043 110 46 d'un
1738 1058 117 42 coup
1894 1040 53 44 de
1983 1055 81 29 son
2104 1037 135 45 ballet
2277 1036 257 59 lilliputien,
2561 1043 120 35 cette

231 1129 350 45 extraordinaire
622 1129 228 60 Araignée
891 1129 52 44 de
985 1126 182 49 Gilbert
1207 1128 75 45 des
1323 1128 181 45 Voisins
1542 1126 77 59 qui
1660 1124 142 44 aurait
1832 1138 61 42 pu
1919 1121 124 44 tisser
2068 1129 128 34 entre
2223 1117 194 45 d'autres
2443 1131 123 28 murs
2590 1130 92 29 une

232 1209 108 45 toile
365 1208 98 60 plus
488 1222 121 33 vaste
633 1221 45 34 et
705 1209 97 60 plus
827 1209 138 45 solide
989 1207 8 47 !
1025 1208 38 47 Il
1089 1225 29 46 y
1145 1227 24 26 a
1195 1209 108 44 dans
1327 1224 51 29 ce
1406 1207 358 44 divertissement
1790 1202 238 46 d'insectes
2062 1216 90 28 une
2188 1199 236 43 invention
2463 1196 220 59 plastique

233 1288 263 47 infiniment
533 1291 262 60 ingénieuse
832 1291 111 44 mais
980 1290 239 45 désormais
1259 1287 286 46 inutilisable.
1573 1285 76 59 Et,
1678 1295 230 49 pourtant,
1935 1298 86 43 que
2049 1280 253 60 d'exquises
2336 1279 156 43 choses
2526 1293 23 28 a
2575 1276 108 44 faire

233 1386 108 29 avec
366 1387 63 28 un
456 1370 61 46 tel
542 1371 114 61 sujet
684 1369 8 47 !
722 1371 107 52 Que
856 1372 53 44 de
938 1372 179 44 maîtres
1143 1371 54 44 de
1224 1369 133 46 ballet
1383 1382 80 32 ont
1489 1368 61 45 du
1574 1367 155 45 envier
1757 1364 73 45 M.
1860 1363 157 57 Staats,
2044 1378 88 44 que
2160 1361 52 44 de
2249 1360 243 44 musiciens
2515 1368 82 34 ont
2624 1356 60 45 du

234 1452 227 44 souhaiter
500 1452 191 59 prendre
727 1451 40 45 la
804 1452 124 60 place
966 1452 53 44 de
1058 1451 74 46 M.
1161 1449 189 47 Roussel
1379 1448 9 47 !
1417 1448 169 55 Quelle
1618 1448 91 61 joie
1743 1446 219 44 d'animer
1988 1455 101 33 tout
2115 1458 49 28 ce
2193 1443 29 22 u
2242 1438 299 62 petit-peuple
2590 1473 14 23 ,
2631 1437 53 45 de

235 1531 257 59 discipliner
536 1533 75 45 des
652 1533 188 45 fourmis
882 1549 175 45 rouges,
1103 1532 74 45 des
1219 1542 178 34 mantes
1436 1529 271 61 religieuses,
1752 1527 76 44 des
1872 1524 219 61 papillons
2132 1534 44 33 et
2219 1523 76 43 des
2336 1519 263 61 éphémères
2642 1528 44 34 et

236 1610 296 61 d'apprendre
570 1613 42 45 la
649 1615 317 61 gymnastique
1004 1614 263 60 rythmique
1303 1611 25 46 à
1364 1609 328 46 l'intéressante
1729 1606 169 45 famille
1936 1606 77 44 des
2051 1604 197 45 bousiers
2269 1599 10 48 !
2315 1601 40 46 L
2377 1599 309 61 entomologie

235 1693 186 59 semble,
448 1693 239 60 d'ailleurs,
714 1697 123 43 avoir
863 1694 70 46 été
959 1693 417 61 particulièrement
1400 1690 223 47 favorable
1656 1707 58 27 au
1751 1688 306 59 compositeur
2097 1685 53 44 de
2190 1695 100 34 tant
2327 1684 27 43 d
2376 1684 312 43 intéressantes

237 1790 133 44 pages
406 1774 138 45 d'une
583 1775 159 45 beauté
783 1792 61 28 un
884 1792 85 42 peu
1002 1775 103 59 âpre
1139 1785 44 33 et
1209 1772 138 46 d'une
1375 1770 252 47 musicalité
1654 1770 160 59 parfois
1840 1784 239 44 rugueuse,
2106 1782 73 28 car
2208 1765 233 57 beaucoup
2469 1762 26 44 d
2516 1761 172 44 artistes

236 1855 126 58 après
385 1857 121 43 avoir
533 1856 150 45 résisté
708 1873 88 27 aux
821 1867 263 50 arguments
1107 1870 181 30 sonores
1313 1853 55 45 de
1393 1851 41 46 la
1460 1852 163 46 Sonate
1650 1867 58 28 en
1734 1850 46 44 ré
1807 1850 180 43 mineur
2013 1858 45 34 et
2084 1847 60 44 du
2171 1844 169 47 Poeme
2366 1844 54 45 de
2453 1843 42 44 la
2534 1841 152 57 Forêt,

236 1951 44 28 se
320 1947 103 34 sont
454 1936 125 45 laissé
604 1937 190 58 prendre
818 1953 89 28 aux
932 1935 70 47 fils
1026 1935 182 46 délicats
1233 1935 55 45 de
1313 1932 278 61 l'Araignée.
1621 1931 88 46 Les
1733 1931 286 46 concessions
2043 1928 128 45 faites
2195 1928 111 43 dans
2329 1935 120 36 cette
2475 1924 213 59 partition

237 2015 26 45 à
295 2015 41 45 la
369 2017 239 45 sensualité
646 2017 266 45 auriculaire
949 2027 110 35 vont
1096 2016 375 60 singulièrement
1508 2013 211 61 agrandir
1757 2011 40 45 le
1835 2010 146 46 cercle
2021 2009 75 45 des
2132 2008 113 45 amis
2282 2008 54 43 de
2378 2004 73 46 M.
2482 2002 204 47 Roussel.

240 2096 230 61 Ajoutons
506 2097 173 60 qu'une
718 2098 82 45 fois
838 2114 164 28 encore
1040 2097 41 45 le
1119 2094 259 47 music-hall
1418 2111 25 27 a
1482 2092 228 61 triomphé
1748 2110 58 27 au
1842 2090 174 45 théâtre
2055 2106 57 28 en
2139 2088 42 45 la
2204 2087 155 59 souple
2387 2101 222 44 personne
2634 2084 54 44 de

240 2175 353 66 Sahary-Djelly
617 2189 47 34 et
689 2178 75 46 des
789 2178 119 46 deux
933 2176 68 48 fils
1028 2177 154 45 Footit
1207 2187 45 35 et
1278 2192 84 44 que
1389 2191 71 29 ces
1494 2174 266 45 fantaisistes
1793 2183 81 35 ont
1912 2189 52 28 su
2004 2171 175 44 donner
2216 2168 25 45 à
2280 2167 117 46 leurs
2436 2165 255 46 camarades

291 2258 53 44 de
370 2258 178 46 culture
573 2258 213 61 classique
861 2258 170 46 d'assez
1054 2257 171 47 sévères
1251 2257 165 58 leçons.

377 2337 208 47 Pendant
621 2356 52 28 ce
712 2352 162 47 temps,
901 2356 89 28 une
1030 2339 184 59 étrange
1252 2348 218 35 aventure
1510 2336 190 44 retenait
1737 2333 261 46 l'attention
2035 2332 77 45 des
2150 2328 207 48 habitués
2389 2329 54 44 de
2477 2326 216 61 l'Opéra-

241 2417 246 62 Comique.
518 2419 66 45 Le
612 2419 335 59 Carillonneur,
972 2437 58 27 au
1054 2419 92 45 lieu
1172 2419 53 44 de
1252 2419 214 58 disperser
1492 2417 111 44 dans
1628 2415 96 45 l'air
1751 2427 224 32 nocturne
2001 2413 41 44 le
2070 2411 71 46 vol
2168 2411 146 45 calme
2341 2410 54 44 de
2420 2425 74 29 ces
2532 2409 161 60 petites

240 2499 249 47 cantilènes
525 2500 146 46 irisées
710 2502 75 59 qui
828 2500 235 46 auréolent
1102 2499 62 45 les
1202 2497 176 47 beffrois
1418 2497 75 45 des
1533 2496 215 46 Flandres
1789 2494 110 45 d'un
1926 2495 33 45 si
1987 2495 121 44 doux
2136 2492 101 45 halo
2261 2507 178 41 sonore,
2466 2488 227 47 martelait

243 2580 323 60 brusquement
591 2599 72 27 sur
687 2598 82 29 son
796 2581 163 46 clavier
983 2581 54 45 de
1066 2582 167 43 bronze
1262 2596 62 28 un
1350 2579 179 44 furieux
1555 2579 161 43 tocsin.
1746 2575 74 47 De
1848 2587 102 33 tous
1975 2574 124 46 côtés
2124 2573 62 46 les
2210 2572 192 46 citadins
2437 2587 44 28 se
2517 2572 178 43 ruaient

240 2677 99 29 vers
363 2661 40 44 la
428 2662 125 59 place
581 2662 250 60 Boïeldieu,
859 2679 55 28 en
943 2661 269 62 gesticulant
1239 2671 43 34 et
1308 2676 57 28 en
1391 2659 319 44 s'invectivant
1734 2673 109 29 avec
1870 2655 205 47 frénésie.
2100 2654 108 54 Que
2233 2671 44 28 se
2304 2652 213 61 passait-il
2545 2651 118 45 donc
2681 2650 14 45 ?

242 2741 134 45 Tout
399 2743 292 59 simplement
716 2746 93 43 ceci
834 2760 10 30 :
887 2742 73 47 M.
988 2743 171 45 Xavier
1188 2741 199 58 Leroux,
1413 2740 304 59 compositeur
1743 2738 24 45 à
1791 2737 170 58 succès,
1988 2736 126 60 après
2140 2752 114 28 nous
2277 2736 123 43 avoir
2426 2732 152 46 donné
2603 2749 92 29 une

240 2820 111 46 série
378 2823 53 44 de
457 2826 234 56 partitions
717 2826 157 43 hautes
899 2841 56 28 en
982 2823 202 58 couleur,
1205 2822 141 59 larges
1372 2820 227 60 d'épaules
1624 2831 44 33 et
1706 2819 54 45 de
1798 2819 213 57 hanches,
2034 2818 263 58 expansives
2317 2827 44 33 et
2381 2815 314 55 exubérantes,

240 2901 192 46 s'avisait
470 2906 53 42 de
560 2906 197 59 changer
782 2922 45 28 sa
852 2905 199 44 manière
1076 2921 99 28 sans
1201 2920 56 27 en
1283 2903 121 43 avoir
1429 2902 171 44 obtenu
1627 2900 173 45 licence
1826 2900 53 44 de
1906 2899 223 59 l'opinion
2156 2897 228 60 publique.
2413 2895 54 46 Sa
2493 2895 203 44 dernière

242 2982 90 47 fille
372 2996 64 33 est
478 2986 178 57 blonde,
694 2986 110 60 pâle,
840 2987 200 56 rêveuse,
1069 2982 334 61 mélancolique
1442 2994 44 32 et
1602 2980 206 47 scandale
1848 2982 286 44 retentissant
2159 2977 7 47 !
2288 2977 83 45 elle
2414 2994 24 28 a
2476 2976 61 45 les
2575 2993 121 45 yeux

246 3064 124 46 bleus
395 3064 8 47 !
433 3066 126 46 C'est
585 3069 59 44 du
665 3069 79 61 joli
770 3066 58 48 !...

383 3146 132 63 Déjà,
544 3148 30 45 il
600 3166 28 44 y
654 3167 23 27 a
702 3149 215 60 quelques
941 3149 233 56 semaines,
1203 3163 62 28 un
1293 3146 111 59 petit
1431 3144 204 44 incident
1660 3142 269 61 significatif
1946 3144 121 43 avait
2092 3140 153 61 frappé
2279 3140 61 44 les
2374 3140 323 45 observateurs.

245 3225 74 47 M.
348 3227 170 47 Xavier
562 3229 181 46 Leroux
782 3231 117 43 avait
938 3231 80 43 fait
1048 3228 213 45 exécuter
1300 3227 114 44 chez
1452 3224 262 46 Chevillard
1751 3224 119 44 deux
1909 3222 217 46 mélodies
2161 3238 107 29 avec
2309 3222 242 56 orchestre,
2580 3219 118 45 deux

243 3307 136 46 lieder
417 3326 182 28 comme
637 3328 55 27 en
720 3311 202 45 écrivent
948 3309 367 61 passionnément
1339 3306 62 45 les
1427 3306 226 44 membres
1679 3304 52 44 de
1758 3304 41 45 la
1825 3304 247 45 Nationale
2098 3320 59 28 ou
2183 3303 53 45 de
2263 3302 42 45 la
2330 3300 166 48 S.M.I.
2526 3301 108 44 dans
2658 3299 41 45 le

243 3388 192 46 sublime
461 3401 44 34 et
532 3393 92 43 naïf
649 3391 422 45 désintéressement
1096 3391 111 44 dont
1233 3389 42 45 la
1303 3389 66 44 vie
1397 3403 56 28 ne
1480 3386 122 45 tarde
1630 3401 75 43 pas
1729 3384 24 45 à
1779 3384 62 45 les
1867 3385 164 60 guérir.
2060 3383 62 47 Et
2159 3400 73 28 ces
2269 3382 217 46 mélodies
2521 3382 179 44 avaient

245 3473 164 57 surpris
435 3488 75 42 par
534 3473 98 45 leur
658 3483 137 35 tenue
822 3471 229 58 musicale,
1080 3488 75 42 par
1182 3468 231 47 l'intimité
1439 3468 54 45 de
1520 3466 97 45 leur
1641 3466 303 60 atmosphère,
1971 3482 77 43 par
2075 3465 40 45 la
2141 3463 173 62 dignité
2349 3464 54 44 de
2436 3462 96 46 leur
2568 3461 131 62 style,
