2834 3939
1034 986 208 48 PIRRO
1269 988 98 59 (A.)
1473 986 198 45 Dietrich
1699 986 250 47 Buxtehude
1967 988 155 60 (Paris,
2144 989 282 57 Fiscbacher,
2455 1000 141 47 1913,

897 1071 65 45 gr.
990 1055 124 45 in-8°
1139 1056 53 43 de
1223 1054 92 58 508
1344 1055 92 59 pp.)

1035 1165 83 48 On
1144 1167 82 43 sait
1252 1166 40 44 le
1318 1165 91 45 rôle
1436 1165 305 45 considérable
1774 1183 88 43 que
1896 1166 257 62 l'organiste
2186 1166 210 46 Dietrich
2423 1165 145 45 Buxte-

900 1235 119 43 hude
1061 1251 25 27 a
1124 1233 106 63 joué
1273 1235 109 43 dans
1422 1233 309 61 l'Allemagne
1774 1234 213 45 musicale
2024 1235 59 44 du
2120 1233 146 47 XVII
2269 1241 16 20 e
2308 1233 130 45 siècle
2466 1254 11 35 ;
2514 1249 81 29 son

900 1303 226 43 influence
1161 1318 75 28 sur
1271 1301 141 59 Bach,
1447 1301 97 61 déjà
1579 1300 196 61 signalée
1811 1318 76 42 par
1924 1301 156 59 Spitta,
2118 1319 24 27 a
2179 1301 70 45 été
2285 1300 195 60 précisée
2518 1316 78 43 par

900 1369 75 47 M.
1004 1369 140 58 Pirro,
1172 1386 54 28 en
1262 1386 50 28 ce
1346 1371 76 59 qui
1458 1386 226 28 concerne
1721 1369 62 45 les
1817 1386 177 28 œuvres
2031 1369 183 61 d'orgue
2252 1370 59 43 du
2348 1378 157 36 cantor
2541 1368 53 44 de

901 1437 205 61 Leipzig,
1144 1449 58 47 et,
1240 1437 351 58 dernièrement,
1631 1435 76 46 M.
1734 1437 200 45 Romain
1962 1436 196 45 Rolland
2184 1437 215 45 montrait
2434 1452 86 43 que
2554 1435 40 44 le

899 1505 111 62 style
1038 1506 75 44 des
1138 1506 216 44 oratorios
1379 1506 54 44 de
1462 1504 207 46 Haendel
1689 1504 41 44 la
1750 1503 203 59 reflétait,
1980 1504 62 45 lui
2068 1505 128 45 aussi.
2225 1504 114 44 Bien
2365 1519 99 45 que,
2487 1504 109 43 dans

899 1590 80 28 son
1006 1590 211 28 nouveau
1241 1573 124 57 livre,
1394 1572 75 47 M.
1497 1572 158 45 André
1682 1571 125 47 Pirro
1837 1589 56 28 ne
1928 1574 128 42 traite
2091 1588 73 42 pas
2196 1572 75 45 des
2307 1581 199 49 rapports
2541 1570 54 45 de

901 1640 273 46 Buxtehude
1207 1658 107 28 avec
1347 1642 114 59 Jean
1488 1640 227 46 Sébastien
1742 1640 140 58 Bach,
1921 1640 108 45 c'est
2054 1656 98 29 sans
2178 1640 135 44 doute
2338 1654 62 28 un
2427 1655 87 42 peu
2538 1654 57 28 au

900 1708 122 45 culte
1045 1708 111 61 qu'il
1181 1726 26 28 a
1231 1708 115 46 voué
1372 1709 22 43 à
1420 1708 183 45 celui-ci
1631 1725 84 44 que
1743 1725 111 28 nous
1885 1724 196 29 sommes
2115 1706 251 46 redevables
2391 1706 61 44 du
2477 1706 95 59 puis-

899 1788 100 34 sant
1040 1793 196 45 ouvrage
1278 1793 87 44 que
1408 1788 128 33 notre
1577 1788 156 33 savant
1774 1776 204 60 collègue
2017 1777 125 44 vient
2179 1774 54 45 de
2269 1790 232 29 consacrer
2539 1790 56 27 au

900 1846 220 44 musicien
1146 1845 54 44 de
1227 1844 206 46 Lûbeck.
1461 1844 273 45 Buxtehude
1758 1861 29 44 y
1811 1856 66 33 est
1897 1844 249 61 justement
2165 1842 231 46 considéré
2416 1857 180 29 comme

899 1929 64 28 un
980 1929 275 44 personnage
1275 1912 188 58 central,
1476 1912 124 45 selon
1615 1928 90 29 une
1723 1911 214 46 méthode
1955 1911 86 46 très
2060 1910 225 61 répandue
2310 1907 285 65 aujourd'hui

900 1997 57 28 en
984 1982 181 43 histoire
1191 2002 12 34 ;
1225 1981 159 61 jamais
1408 1997 60 27 on
1495 1997 57 27 ne
1577 1978 140 47 l'isole
1744 1980 52 43 de
1821 1996 80 29 son
1927 1990 263 49 entourage,
2212 1978 111 45 dont
2343 1978 40 43 la
2403 1977 170 58 descrip-

899 2049 95 44 tion
1021 2065 56 28 en
1103 2049 140 44 arrive
1270 2047 23 46 à
1318 2047 259 60 l'emporter
1601 2063 73 30 sur
1708 2046 41 46 la
1786 2048 259 60 biographie
2081 2056 289 50 proprement
2408 2045 89 44 dite
2536 2044 61 45 du

899 2133 276 45 personnage
1218 2115 233 60 principal.
1495 2115 133 52 Qu'il
1669 2114 176 61 s'agisse
1894 2115 54 45 de
1989 2114 189 46 l'enface
2221 2113 55 46 de
2324 2112 271 46 Buxtehude

897 2185 24 44 à
958 2183 220 46 Elseneur
1215 2183 59 46 où
1312 2200 81 29 son
1431 2183 103 59 père
1571 2185 209 57 occupait
1815 2199 61 29 un
1916 2182 166 60 emploi
2120 2181 286 61 d'organiste,
2444 2181 54 44 de
2529 2196 66 29 ses

902 2252 154 45 études
1095 2251 24 45 à
1163 2251 310 52 Copenhague
1513 2251 158 52 auprès
1709 2251 53 45 de
1803 2250 219 53 Lorentz,
2064 2266 60 28 ou
2172 2250 53 44 de
2268 2266 79 28 son
2386 2247 144 56 séjour
2572 2246 25 46 à

1237 2301 11 11 i
1386 2301 27 12 e>
1574 2301 11 10 i
2010 2301 12 8 '
2428 2301 15 9 «»

166 2317 204 63 Lubeck,
397 2338 56 28 on
482 2337 105 28 aura
611 2322 97 44 soin
734 2321 54 45 de
815 2322 205 44 restituer
1056 2336 77 43 par
1169 2319 42 46 le
1248 2319 133 45 détail
1418 2319 40 45 le
1496 2319 157 45 milieu
1677 2319 60 45 où
1763 2318 29 46 il
1818 2337 25 27 a
1870 2319 112 45 vécu
2007 2329 44 35 et
2078 2317 212 59 travaillé,
2318 2319 53 43 de
2397 2315 199 61 rappeler

166 2386 60 46 les
261 2390 241 43 musiciens
538 2388 110 60 qu'il
685 2406 24 28 a
745 2389 271 60 fréquentés,
1054 2388 62 46 les
1151 2404 177 29 œuvres
1363 2387 112 61 qu'il
1510 2404 25 28 a
1573 2388 263 56 entendues,
1863 2386 61 46 les
1949 2387 330 45 circonstances
2302 2386 77 60 qui
2416 2399 150 30 accom-

166 2456 245 59 pagnèrent
437 2474 58 27 ou
531 2456 354 46 déterminèrent
920 2473 65 28 ses
1020 2457 191 44 diverses
1244 2456 338 59 compositions.
1622 2455 127 45 D'où
1780 2472 63 28 un
1877 2455 164 59 exposé
2078 2455 332 45 extrêmement
2445 2452 150 57 dense,

165 2522 278 47 fourmillant
480 2524 53 45 de
571 2525 114 57 faits,
724 2524 137 45 d'une
899 2524 293 45 information
1230 2524 273 44 minutieuse
1542 2535 45 33 et
1611 2522 182 60 précise,
1820 2524 77 58 qui
1924 2523 230 60 témoigne
2180 2523 53 43 de
2260 2520 258 46 l'érudition
2555 2517 41 46 la

165 2590 95 58 plus
286 2592 208 46 étendue.
521 2593 82 44 Un
632 2592 132 59 pareil
792 2592 154 45 travail
969 2608 189 43 suppose
1183 2590 40 46 le
1250 2590 356 60 dépouillement
1631 2591 53 44 de
1709 2606 179 30 sources
1912 2590 189 45 inédites
2125 2606 60 29 ou
2210 2606 87 43 peu
2322 2603 200 30 connues
2552 2597 44 33 et

164 2675 88 28 une
287 2676 174 29 somme
498 2662 223 43 vraiment
757 2661 278 59 prodigieuse
1072 2660 54 44 de
1163 2658 205 47 lectures.
1407 2658 219 46 L'auteur
1663 2676 114 28 nous
1800 2659 235 60 renseigne
2058 2658 355 45 abondamment
2438 2670 71 30 sur
2535 2653 61 45 les

164 2728 170 45 artistes
370 2730 75 57 qui
489 2740 81 32 ont
609 2728 226 45 influencé
870 2728 290 58 Buxtehude,
1187 2739 60 45 et,
1285 2743 57 28 en
1380 2728 273 58 particulier,
1689 2743 74 28 sur
1789 2725 175 60 Gaspar
1991 2726 177 45 Fôrster
2204 2725 74 59 qui
2316 2723 202 58 dirigeait
2554 2719 40 45 la

165 2795 197 58 chapelle
400 2796 124 61 royal
561 2797 54 44 de
653 2796 329 60 Copenhague,
1019 2812 73 28 sur
1129 2794 61 46 les
1215 2796 378 44 divertissements
1617 2795 54 44 de
1709 2796 205 57 musique
1951 2810 56 28 en
2042 2809 153 44 usages
2231 2792 107 44 dans
2370 2789 61 46 les
2465 2804 130 29 cours

166 2861 58 46 du
249 2864 146 58 Nord,
422 2881 72 28 sur
520 2865 61 44 les
606 2876 181 46 troupes
812 2864 53 45 de
891 2864 244 44 musiciens
1159 2862 226 61 étrangers
1410 2864 74 58 qui
1510 2864 313 57 parcouraient
1848 2861 212 58 celles-ci,
2086 2876 73 29 sur
2191 2859 62 46 les
2278 2857 208 46 relations
2518 2856 74 59 qui

164 2928 336 49 s'établissaient
520 2933 54 43 de
594 2932 104 45 ville
717 2932 24 45 à
760 2931 103 45 ville
883 2943 125 33 entre
1035 2930 61 45 les
1120 2932 185 44 artistes.
1333 2930 355 59 Incidemment,
1716 2929 28 46 il
1771 2929 200 45 étudiera
1995 2929 62 44 les
2080 2943 175 29 œuvres
2280 2926 53 44 de
2359 2940 72 29 ces
2455 2923 112 44 musi-

164 2997 134 60 ciens,
336 3017 57 27 au
430 3001 70 43 fur
537 3011 44 33 et
618 3000 24 44 à
679 3017 175 27 mesure
881 3016 84 43 que
1003 2999 61 44 les
1100 3015 132 28 noms
1269 2999 54 44 de
1348 2999 182 44 ceux-ci
1556 3015 44 28 se
1626 2998 260 60 présentent
1912 2997 108 44 dans
2044 3012 81 28 son
2152 2994 124 57 récit,
2304 3004 43 32 et
2373 3008 56 28 en
2455 2992 138 43 citera

162 3081 105 30 avec
293 3084 89 27 une
409 3067 213 45 véritable
647 3069 230 57 profusion
904 3066 277 59 d'exemples
1206 3067 250 56 musicaux,
1483 3066 62 45 les
1581 3083 199 43 passages
1816 3065 61 44 les
1912 3064 99 59 plus
2046 3060 392 58 caractéristiques.
2467 3057 40 45 C
2528 3068 64 33 est

162 3134 106 45 ainsi
294 3135 112 59 qu'il
434 3152 113 28 nous
572 3137 126 43 initie
724 3153 88 27 aux
839 3136 322 59 compositions
1180 3135 75 45 des
1274 3135 181 44 maîtres
1480 3134 53 44 de
1561 3135 283 58 Hambourg,
1867 3133 52 44 de
1940 3148 51 28 ce
2010 3130 210 46 Thomas
2239 3127 129 56 Selle,
2387 3126 73 59 qui
2485 3140 106 29 avec

164 3201 61 45 H.
253 3203 172 45 Schûtz
449 3215 44 33 et
519 3204 180 58 Schein,
737 3204 262 45 constituait
1036 3203 41 45 la
1112 3203 139 44 triade
1289 3203 76 44 des
1448 3203 189 59 grandes
1663 3201 26 45 S
1794 3211 44 34 et
1872 3200 54 43 de
1960 3198 257 59 l'organiste
2243 3193 345 47 Scheidemann.

296 3271 274 45 Buxtehude
595 3288 44 28 se
667 3271 184 60 pénétra
876 3271 184 45 d'abord
1085 3271 55 44 de
1166 3270 378 61 l'enseignement
1570 3269 234 59 théorique
1831 3267 53 44 de
1912 3265 270 54 Sweelinck,
2203 3272 59 46 et,
2284 3262 107 42 dans
2408 3275 65 28 ses
2493 3274 74 42 pre-

162 3337 158 47 mières
345 3341 337 58 compositions,
722 3340 30 44 il
789 3340 128 44 imite
954 3339 186 57 Schûtz,
1179 3339 180 45 Fôrster
1390 3349 46 33 et
1472 3337 248 45 Carissimi.
1750 3335 119 56 Puis,
1897 3333 39 44 le
1972 3331 116 45 voilà
2113 3330 24 43 à
2163 3328 203 56 Lûbeck,
2394 3326 108 44 dans
2527 3341 62 27 un

161 3419 151 32 centre
352 3407 87 46 très
477 3409 233 58 artistique
748 3407 60 46 où
849 3407 124 45 brille
1015 3406 254 61 l'organiste
1295 3406 198 45 Tunder
1517 3404 112 60 qu'il
1666 3401 288 60 remplacera,
1991 3415 57 28 en
2091 3395 141 58 1668,
2269 3395 24 44 à
2330 3394 40 44 la
2402 3391 70 45 M
2472 3392 119 44 arien

163 3471 152 48 Kirche
319 3511 11 22 ,
357 3475 125 59 après
519 3477 121 43 avoir
678 3474 163 60 épousé
876 3491 46 29 sa
957 3474 107 59 fille,
1091 3492 51 27 ce
1168 3476 76 58 qui
1283 3473 207 46 semblait
1525 3472 112 45 alors
1662 3470 55 44 de
1754 3467 133 61 règle.
1928 3465 87 46 Les
2050 3464 166 45 Motets
2239 3472 44 34 et
2311 3460 203 45 Cantates
2539 3460 54 43 de
