2834 3939
1334 142 60 68 S.
1460 145 52 65 I.
1578 145 101 66 M.

311 159 90 45 10

545 280 94 55 On
675 280 172 57 dirait
880 301 115 57 que
1032 282 80 57 les
1143 302 200 59 orages
1373 285 316 58 extérieurs
1731 301 271 65 poussent
2035 288 288 58 l'homme
2370 288 29 58 à
2448 288 280 60 chercher

300 382 70 37 en
403 365 312 58 lui-même
748 388 78 35 un
860 368 372 78 contrepoids
1265 368 30 58 à
1328 371 69 57 de
1429 374 45 54 si
1519 372 259 59 terribles
1818 374 546 59 bouleversements.
2406 377 114 75 J'ai
2553 376 140 57 beau-

300 469 154 58 coup
488 450 254 58 travaillé
776 452 254 78 pendant
1070 474 91 38 ces
1194 455 253 60 derniers
1494 474 189 63 temps
1717 484 13 44 ;
1767 474 151 43 cette
1952 460 179 58 année
2180 475 101 56 est,
2319 483 148 57 pour
2500 464 142 67 moi,
2676 464 50 57 la

299 536 129 76 plus
463 537 344 75 productive
840 539 70 56 de
943 553 207 44 toutes.
1192 539 15 28 1

470 622 90 56 En
595 622 138 59 effet
774 645 13 35 :
844 626 50 55 le
943 628 303 76 catalogue
1300 629 68 57 de
1401 650 83 37 ses
1537 652 225 36 œuvres
1809 634 343 76 comprend,
2201 654 148 57 pour
2394 635 78 56 les
2519 634 206 58 années

308 705 153 76 1848
498 722 55 41 et
614 708 178 77 1849,
827 730 29 37 c
863 711 16 55 i
887 732 65 35 nc
952 732 11 57 [
1019 711 222 60 cahiers
1273 714 70 57 de
1395 716 179 56 lieder
1615 716 30 58 à
1697 738 112 36 une
1865 739 73 35 ou
1990 719 285 77 plusieurs
2327 722 160 67 voix,
2523 734 202 64 quatre

298 791 221 59 cahiers
552 794 68 55 de
653 798 423 75 compositions
1108 818 148 57 pour
1289 802 50 55 le
1373 803 196 76 piano,
1596 803 96 57 des
1725 824 318 36 morceaux
2068 803 272 58 détachés
2364 826 150 57 pour
2539 805 186 59 divers

296 878 398 71 instruments,
728 883 52 54 le
1367 882 184 57 Chant
1806 883 63 56 de
1994 885 49 55 F
2050 888 205 67 Avent^
1438 889 52 55 le
1822 903 55 42 et
1909 892 52 53 la
1996 892 270 76 musique
2298 912 150 57 pour

300 964 311 71 Geneviève,
646 965 278 78 Manfred
924 1016 12 22 ,
972 972 452 76 quelques-unes
1462 974 95 57 des
1589 974 193 57 scènes
1815 976 70 57 de
1940 978 176 56 Faust
2117 1024 14 21 ,
2182 992 109 43 etc.
2330 979 54 55 Si
2443 978 196 57 c'était
2671 978 51 56 là

292 1049 181 56 l'effet
507 1050 69 56 de
609 1054 51 52 la
691 1050 400 80 répercussion
1126 1057 69 56 de
1227 1058 280 57 l'activité
1552 1062 303 76 populaire
1889 1082 94 36 sur
2015 1082 99 37 son
2164 1064 177 77 esprit
2375 1063 273 70 d'artiste,
2685 1066 37 54 il

291 1133 123 58 faut
449 1157 214 37 avouer
695 1160 113 56 que
841 1139 333 60 l'influence
1207 1165 70 35 en
1308 1144 93 58 fut
1434 1146 413 58 considérable.

465 1223 84 56 La
573 1226 234 76 plupart
834 1227 68 55 de
935 1247 90 37 ces
1051 1249 223 38 œuvres
1300 1246 128 42 sont
1455 1232 139 57 d'un
1627 1232 286 57 caractère
1940 1235 386 58 entièrement
2352 1235 367 58 désintéressé

291 1306 97 57 des
419 1326 373 41 evenements
831 1311 333 61 extérieurs.
1203 1316 146 77 Déjà
1381 1332 274 63 pourtant
1689 1340 147 36 nous
1870 1334 296 56 trouvons,
2201 1321 137 58 dans
2369 1323 52 55 le
2455 1322 263 71 nombre,

290 1412 79 37 un
403 1396 217 56 certain
670 1397 118 78 Op.
823 1400 80 75 76
934 1419 11 37 :
1742 1402 207 71 Quatre
2276 1404 255 55 Marches
2073 1409 103 76 qui
2227 1409 78 76 s'y
2356 1409 261 57 rattache
2651 1409 67 57 de

286 1476 172 79 façon
492 1481 227 58 intime.
751 1484 171 55 Nous
947 1505 71 36 en
1043 1506 174 37 avons
1244 1486 123 78 déjà
1399 1490 58 54 lu
1482 1491 53 55 le
1568 1491 134 55 titre
1736 1490 138 57 dans
1905 1492 256 56 l'extrait
2186 1492 70 56 de
2288 1494 52 56 la
2373 1494 345 78 biographie

290 1564 70 55 de
393 1565 406 59 Wasielewski
832 1589 103 58 par
966 1572 193 77 lequel
1190 1594 31 34 a
1253 1571 89 59 été
1378 1574 322 58 déterminé
1734 1577 52 56 le
1819 1577 287 58 caractère
2140 1580 69 55 de
2258 1579 338 57 Schumann
2645 1602 69 35 au

291 1651 164 75 point
489 1651 69 57 de
591 1673 112 35 vue
729 1655 102 76 qui
865 1677 142 36 nous
1035 1656 329 80 préoccupe
1388 1680 11 36 :
1435 1660 256 71 l'artiste,
1712 1683 37 57 y
1775 1661 214 59 était-il
2015 1664 105 68 dit,
2144 1668 153 53 avait
2323 1665 276 79 composé
2627 1687 90 37 ces

286 1736 266 59 marches
583 1738 30 57 à
647 1740 311 58 l'occasion
992 1743 75 57 du
1103 1744 400 60 soulèvement
1536 1748 71 56 de
1641 1749 222 57 Dresde
1896 1771 69 35 en
1994 1753 115 54 mai
2154 1751 179 77 1849,
2432 1774 30 35 a
2467 1755 16 54 i
2491 1773 62 37 ns
2559 1755 14 54 i
2604 1774 35 56 9
2646 1774 70 37 ue

284 1823 285 77 l'indique
597 1826 51 54 la
673 1826 130 56 date
837 1829 143 76 qu'il
1007 1828 237 78 désigne
1269 1831 311 58 lui-même
1613 1854 94 36 sur
1731 1835 51 55 le
1816 1837 154 57 titre.
2068 1838 173 57 Cette
2267 1839 150 69 date,
2453 1838 261 79 reportée

282 1925 96 37 sur
409 1909 52 55 le
494 1910 322 78 catalogue,
850 1927 81 43 est
966 1934 11 36 :
1032 1922 33 23 •'
1110 1917 183 55 12-16
1322 1918 141 75 Juin
1508 1918 154 77 1849
1781 1934 55 42 et
1872 1922 337 57 Schumann
2251 1945 28 34 a
2312 1923 145 57 écrit
2490 1923 30 57 à
2552 1925 52 56 la
2636 1922 75 58 fin

282 1992 79 55 du
394 1992 59 57 n°
494 2013 47 51 1,
576 2016 94 35 sur
703 2017 97 35 son
836 2002 318 54 manuscrit
1185 2022 12 36 :
2231 2003 81 56 Le
2473 2022 69 38 12
2647 2004 81 75 jui

284 2078 76 56 Et
386 2099 145 37 nous
563 2102 175 36 avons
773 2085 200 55 mieux
997 2106 229 49 encore,
1260 2108 149 58 pour
1434 2110 145 35 nous
1604 2088 218 72 édifier,
1847 2094 183 77 qu'un
2059 2097 316 55 manuscrit
2403 2111 308 63 purement

280 2167 264 67 musical,
593 2188 96 36 car
742 2190 145 36 nous
948 2174 369 56 connaissons
1378 2178 146 55 aussi
1579 2178 52 55 la
1683 2178 170 57 lettre
1913 2201 103 57 par
2069 2183 248 76 laquelle
2374 2183 333 57 Schumann

279 2271 223 57 envoya
550 2252 30 56 à
625 2272 103 38 son
776 2253 229 59 éditeur
1049 2258 240 57 l'œuvre
1335 2257 390 62 fraîchement
1773 2262 200 61 écrite.
2011 2266 51 57 Il
2105 2287 34 58 y
2180 2281 81 43 est
2297 2268 105 69 dit,
2436 2267 29 57 à
2497 2270 54 54 la
2584 2268 128 59 date

279 2336 74 57 du
399 2355 70 58 17
499 2338 139 75 Juin
673 2361 13 36 :

522 2423 164 59 Vous
718 2427 143 56 allez
893 2430 261 56 recevoir
1197 2430 152 57 deux
1382 2432 264 59 marches
1795 2455 113 38 non
1957 2458 101 58 pas
2090 2439 137 57 dans
2258 2441 53 55 le
2358 2442 179 55 vieux
2568 2444 141 76 style

277 2507 70 56 de
380 2508 304 70 Dessauer,
820 2515 144 54 mais
990 2513 128 58 bien
1156 2517 192 75 plutôt
1381 2516 439 79 républicaines.
1847 2524 66 73 Je
1947 2544 70 36 ne
2050 2526 240 76 pouvais
2314 2547 101 57 pas
2446 2530 263 75 soulager

279 2607 325 46 autrement
634 2619 135 35 mon
794 2601 282 75 agitation
1103 2625 12 46 ;
1152 2602 135 56 elles
1314 2618 100 42 ont
1435 2604 91 57 été
1552 2602 209 61 écrités
1786 2629 138 37 avec
1949 2632 113 35 une
2086 2611 278 59 véritable
2391 2614 221 58 ardeur.
2693 2614 15 25 2

451 2681 132 56 Cari
621 2684 214 70 Ritter,
870 2685 137 57 dans
1046 2707 55 35 sa
1134 2690 506 56 communication
1689 2690 30 58 à
1753 2694 166 56 Erler
1965 2694 31 57 à
2043 2698 246 76 laquelle
2336 2719 146 37 nous
2531 2720 174 37 avons

276 2766 140 56 aussi
454 2766 283 60 demande
784 2773 281 76 quelques
1112 2775 513 76 renseignements,
1662 2778 104 68 dit,
1801 2780 69 56 de
1903 2801 101 36 son
2054 2781 150 72 côté,
2239 2804 113 57 que
2401 2785 137 57 dans
2584 2788 124 54 leur

275 2853 185 54 cercle
492 2854 230 71 intime,
773 2877 29 34 a
855 2858 240 70 Dresde,
1131 2860 78 56 les
1251 2861 144 56 amis
1451 2861 67 56 de
1571 2863 338 59 Schumann
1965 2870 229 55 avaient
2250 2869 315 59 dénommé
2615 2893 89 37 ces

273 2958 317 38 morceaux
625 2962 12 34 :
1077 2943 263 56 Marches
1662 2944 88 56 des
1902 2944 327 61 barricades.

449 3025 362 60 L'influence
845 3029 95 57 des
986 3029 255 60 derniers
1272 3032 372 59 événements
1677 3037 70 56 de
1778 3038 54 56 la
1883 3038 359 61 Révolution
2295 3063 55 37 se
2398 3043 305 60 manifeste

273 3109 152 57 donc
473 3110 174 59 d'une
680 3112 170 78 façon
883 3115 220 58 directe
1136 3118 137 57 dans
1328 3140 91 36 ces
1465 3141 194 57 pages,
1693 3143 102 58 par
1841 3126 302 78 lesquelles
2175 3150 157 57 passe
2382 3151 75 36 un
2502 3129 200 59 souffle

272 3193 319 81 énergique
625 3197 140 57 dont
800 3221 74 35 on
910 3222 71 36 ne
1014 3217 260 43 constate
1306 3225 99 57 pas
1439 3220 131 64 trop
1603 3223 244 44 souvent
1893 3212 338 58 l'existence
2277 3215 139 57 dans
2462 3215 238 59 l'œuvre

272 3279 70 57 de
376 3282 358 71 Schumann,
770 3284 210 60 délicat
1014 3302 56 42 et
1105 3288 357 80 mystérieux
1491 3291 174 78 poète
1692 3293 71 57 de
1796 3316 149 38 sons.

439 3416 141 42 Lettre
603 3417 21 42 à
647 3418 46 41 F.
718 3418 154 54 Hiller,
895 3418 56 45 du
982 3434 51 29 lo
1057 3424 97 40 août
1184 3425 127 56 1849,
1335 3425 152 42 recueil
1511 3425 238 54 Crémieux,
1774 3429 58 43 11.
1856 3444 41 42 p.
1930 3431 95 43 186.

392 3474 14 23 *
438 3477 141 43 Lettre
600 3479 22 42 à
645 3479 191 44 l'éditeur
860 3483 66 42 Fr.
951 3483 241 56 Whistling,
1215 3486 53 42 de
1291 3486 171 53 Dresde,
1493 3499 49 43 17
1561 3488 96 56 juin
1688 3491 130 57 1849,
1838 3493 154 42 recueil
2016 3493 131 55 Erler,
2172 3506 28 32 t.
2227 3497 57 51 11,
2308 3511 41 42 p.
2376 3511 69 42 90.
