2834 3939
553 1489 483 65 HAENDEL
1099 1489 125 64 ET
1286 1487 752 66 L'ANGLETERRE

2078 1478 12 25 1

285 1708 154 54 Pour
492 1707 408 74 l'Angleterre,
960 1704 270 56 Haendel
1281 1704 141 55 n'est
1473 1723 98 57 pas
1620 1723 75 34 un
1745 1703 208 75 simple
2008 1701 395 77 compositeur
2463 1699 69 57 de

113 1794 266 75 musique
415 1813 11 34 :
463 1792 135 55 c'est
632 1812 112 34 une
778 1792 349 54 institution.
1158 1790 67 74 Je
1260 1789 142 55 dirai
1436 1790 127 75 plus
1597 1811 10 34 :
1646 1789 137 55 c'est
1817 1808 112 36 une
1962 1788 330 54 institution
2326 1784 205 57 sacrée.

114 1878 212 62 Quand
359 1898 72 35 on
467 1875 244 58 exécute
744 1896 101 35 son
1675 1874 216 69 Messie,
1139 1873 29 57 à
1200 1875 298 55 l'Alleluia
1539 1874 344 55 l'assistance
1930 1892 55 35 se
2030 1869 146 70 lève,
2225 1891 232 35 comme
2505 1868 28 58 à

110 1962 236 79 l'église.
388 1963 154 55 Pour
572 1963 80 55 les
687 1974 345 65 protestants
1064 1962 217 75 anglais
1319 1962 139 53 c'est
1489 1959 385 78 l'impression
1911 1959 102 76 qui
2047 1978 56 35 se
2127 1955 324 79 rapproche
2483 1957 52 54 le

113 2051 127 76 plus
301 2049 68 55 de
433 2049 141 55 celle
636 2068 113 56 que
810 2048 79 55 les
950 2046 363 77 catholiques
1375 2058 313 43 ressentent
1750 2043 29 56 à
1840 2042 329 58 l'élévation
2234 2042 76 56 du
2377 2043 158 55 Saint

114 2136 352 54 Sacrement.

283 2222 162 55 Tous
470 2222 78 55 les
571 2221 139 54 trois
731 2240 117 48 ans,
871 2240 74 34 on
969 2217 222 57 célèbre
1213 2239 67 34 en
1308 2218 346 75 Angleterre
1681 2237 76 35 un
1779 2215 227 57 festival
2033 2216 69 54 de
2126 2213 288 56 Haendel.
2441 2215 95 54 Ses

114 2307 278 56 oratorios
424 2329 35 48 y
494 2320 128 42 sont
649 2303 166 78 joués
847 2325 103 57 par
983 2324 165 53 4000
1182 2301 335 57 exécutants
1550 2300 252 58 recrutés
1834 2302 189 75 parmi
2049 2314 129 41 tous
2202 2301 79 53 les
2305 2298 230 56 chœurs

114 2394 66 55 de
213 2394 409 76 l'Angleterre.
660 2391 212 56 L'effet
905 2404 83 43 est
1021 2390 275 66 horrible,
1332 2404 55 40 et
1420 2409 72 35 on
1527 2387 290 57 s'accorde
1850 2387 29 55 à
1905 2389 52 53 le
1982 2385 253 57 déclarer
2267 2385 266 57 sublime.

118 2480 266 56 Nombre
419 2479 67 56 de
520 2477 300 68 mélodies,
856 2477 136 55 dans
1025 2495 90 36 ces
1148 2476 298 67 oratorios,
1480 2488 129 43 sont
1642 2474 292 55 d'anciens
1967 2474 108 54 airs
2107 2471 95 56 des
2235 2470 198 79 opéras
2466 2471 69 55 de

118 2565 270 56 Haendel
440 2566 145 75 qu'il
633 2585 31 35 a
716 2562 310 56 lui-même
1080 2560 409 57 accommodés
1550 2580 94 36 sur
1704 2560 95 55 des
1860 2560 222 75 paroles
2136 2559 239 76 pieuses.
2429 2556 108 55 Par

115 2651 266 77 exemple
496 2649 182 57 Rende
729 2669 175 34 sereno
957 2649 45 53 il
1045 2646 168 78 ciglto,
1258 2646 203 68 madré,
1508 2665 98 36 non
1642 2644 230 79 pianger
2132 2656 81 42 est
2262 2641 223 56 devenu
2521 2663 12 33 :

188 2738 299 76 Seigneur,
522 2735 382 57 souviens-toi
939 2734 68 55 de
1045 2733 194 57 David
1268 2758 13 43 ;
1317 2733 384 76 enseigne-lui
1750 2730 28 56 à
1827 2729 297 57 connaître
2173 2743 81 40 tes
2295 2728 172 55 voies.

119 2823 55 54 Si
208 2844 70 35 en
312 2823 349 77 Angleterre
696 2823 100 75 qui
830 2842 113 56 que
978 2841 63 35 ce
1074 2820 111 55 soit
1218 2820 151 55 avait
1402 2818 258 56 l'audace
1694 2818 68 54 de
1795 2818 267 53 restituer
2109 2813 29 57 à
2187 2832 110 38 une
2330 2813 70 54 de
2447 2830 89 37 ces

118 2907 277 57 mélodies
426 2927 83 37 ses
539 2908 223 76 paroles
793 2904 286 79 profanes,
1115 2905 38 55 il
1186 2905 169 55 serait
1387 2903 299 77 poursuivi
1722 2922 147 57 pour
1912 2898 353 79 blasphème.
2320 2895 219 57 Parfois

119 3015 75 34 un
228 3008 205 42 auteur
463 3015 56 35 se
553 2996 191 74 risque
777 2992 29 56 à
839 2990 182 58 écrire
1051 2993 54 53 le
1138 3011 139 35 nom
1309 2990 71 56 de
1414 2989 289 69 Haendel,
1738 3007 231 37 comme
2002 2988 40 53 il
2075 2987 292 62 convient,
2401 3001 136 36 avec

119 3101 76 34 un
230 3079 182 58 tréma
445 3101 77 34 ou
555 3101 77 34 un
666 3100 61 47 as,
762 3100 72 34 au
866 3078 117 55 lieu
1017 3077 67 56 de
1119 3076 439 77 l'orthographe
1591 3076 251 76 anglaise
1893 3072 253 56 Handel.
2199 3070 49 55 Il
2301 3067 236 78 produit

119 3185 100 56 par
250 3164 52 58 là
336 3186 113 36 une
482 3166 343 76 impression
858 3164 146 55 aussi
1039 3161 234 78 pénible
1307 3182 113 56 que
1451 3163 78 52 les
1583 3158 356 57 hébraïsants
1977 3158 102 75 qui
2126 3154 335 57 s'obstinent
2509 3171 29 34 a

122 3251 118 56 dire
266 3252 228 75 Jahveh
531 3272 148 56 pour
703 3250 286 77 Jéhovah.
1028 3250 97 55 On
1159 3250 224 76 appelle
1417 3248 119 55 cela
1569 3266 112 36 une
1714 3242 243 80 impiété
1985 3238 294 59 effrontée.

244 3382 5 21 1
277 3384 193 42 Causerie
492 3383 181 42 traduite
696 3398 69 40 par
790 3384 66 40 M.
882 3382 188 52 Hamon,
1089 3392 40 30 et
1152 3382 67 40 lue
1242 3396 71 40 par
1338 3380 65 40 M.
1426 3379 124 41 Louis
1574 3378 129 54 Laloy
1727 3391 77 26 aux
1827 3374 197 41 matinées
2047 3369 207 43 musicales
2276 3369 50 41 de
2345 3368 196 53 Marigny

121 3444 37 41 le
185 3458 19 39 3
233 3446 96 40 avril
362 3459 73 42 191
452 3458 37 40 3.

2518 3505 17 33 I
