2834 3939
1387 134 58 65 S.
1516 134 51 66 I.
1638 134 102 63 M.

361 160 93 67 34

345 280 480 76 l'enseignement
861 276 241 56 musical
1135 290 79 41 est
1237 274 189 57 donné
1455 276 418 76 gratuitement
1907 274 136 55 dans
2065 289 129 42 tous
2219 275 80 54 les
2324 273 447 67 établissements

345 365 407 58 d'instruction
800 364 274 77 primaire
1121 378 57 40 et
1228 361 330 57 secondaire
1614 361 241 78 publics,
1904 361 186 56 savoir
2121 381 10 35 :
2194 361 108 56 Les
2349 360 191 79 lycées
2594 378 55 40 et
2695 367 72 58 les

344 451 249 79 collèges
646 451 69 56 de
767 451 193 66 jeunes
1008 469 139 57 gens
1196 464 56 41 et
1307 449 70 56 de
1420 450 200 75 jeunes
1675 446 141 57 filles
1846 469 11 34 :
1909 449 76 53 les
2036 447 155 56 deux
2241 449 190 54 Ecoles
2485 449 281 61 Normales

343 539 338 79 Supérieures
698 561 18 41 ;
738 539 78 55 les
1394 536 190 56 Ecoles
1839 535 291 56 Normales
1402 535 293 56 Primaires
1714 557 18 43 ;
1756 538 76 52 les

341 628 79 54 les
454 625 190 56 Ecoles
677 621 299 59 Primaires
1011 620 294 79 Publiques
1331 646 18 40 ;
1383 623 77 54 les
1497 621 188 56 Ecoles
1714 620 350 56 maternelles.

517 712 109 54 Les
673 709 490 65 Conservatoires,
1215 709 149 55 leurs
1413 709 367 65 succursales,
1825 719 56 43 et
1933 708 77 54 les
2060 708 207 54 Ecoles
2316 707 341 58 Nationales
2702 712 64 57 de

343 798 269 76 musique
646 795 283 56 délivrent
962 794 97 56 des
1091 794 302 76 diplômes.
1434 794 222 56 Faut-il
1688 794 221 75 ajouter
1942 813 113 56 que
2088 793 77 56 les
2198 794 128 76 plus
2370 793 232 57 estimés
2644 813 121 42 sont

341 905 149 35 ceux
538 882 422 79 qu'estampille
1011 881 49 54 le
1117 881 406 55 Conservatoire
1568 881 63 54 de
1679 879 167 56 Paris
1898 878 103 56 but
2045 878 69 56 de
2158 893 190 42 toutes
2380 881 79 55 les
2481 881 282 74 juvéniles

340 971 341 77 aspirations
715 968 319 56 musicales.

513 1057 91 55 De
639 1056 147 76 plus,
811 1055 182 54 l'Etat
1026 1067 55 41 et
1114 1055 50 53 la
1200 1055 152 54 Ville
1387 1053 68 56 de
1493 1053 155 56 Paris
1681 1066 101 42 ont
1817 1048 238 60 institué
2089 1052 96 55 des
2217 1072 273 37 examens
2525 1052 238 62 destinés

336 1163 112 35 aux
480 1141 189 57 futurs
702 1140 348 77 professeurs
1083 1138 241 79 chargés
1357 1140 69 56 de
1459 1140 480 76 l'enseignement
1973 1138 243 56 musical
2249 1138 137 56 dans
2418 1140 76 56 les
2537 1138 196 61 établis-

336 1244 247 42 sements
634 1227 405 56 d'instruction
1092 1227 273 76 primaire
1416 1240 54 41 et
1521 1225 348 57 secondaire.
1910 1226 109 55 Ces
2070 1225 306 76 diplômes,
2412 1245 207 37 encore
2655 1249 103 56 peu

336 1335 240 47 connus,
612 1315 295 55 devraient
955 1314 119 54 être
1123 1312 196 78 exigés
1351 1312 69 55 de
1455 1328 129 39 tous
1617 1331 147 36 ceux
1798 1311 103 78 qui
1934 1325 286 64 prennent
2368 1326 243 42 souvent
2645 1334 115 38 sans

336 1399 287 78 capacités
677 1397 498 80 professionnelles
1228 1399 317 56 suffisantes
1736 1399 51 53 le
1851 1399 133 53 titre
2046 1396 68 56 de
2170 1396 366 78 professeurs.
2593 1397 164 60 Enfin

335 1508 76 34 un
448 1486 180 79 grand
663 1486 242 56 nombre
940 1486 67 55 de
1041 1507 167 34 cours
1242 1500 54 41 et
1331 1484 246 57 d'écoles
1624 1483 211 78 privés,
1871 1483 29 55 à
1947 1484 219 56 l'instar
2213 1485 75 55 du
2344 1486 412 70 Conservatoire,

334 1589 101 41 ont
486 1574 173 56 établi
712 1573 94 56 des
855 1592 270 35 examens
1176 1571 68 56 de
1291 1569 77 57 fin
1420 1569 242 57 d'année
1712 1590 148 58 pour
1910 1571 79 54 les
2020 1569 187 57 élèves
2241 1571 103 77 qui
2379 1585 101 41 ont
2516 1574 238 56 terminé

333 1660 149 56 leurs
514 1659 200 57 études
747 1674 54 41 et
834 1659 78 55 les
946 1659 128 76 plus
1106 1655 302 59 méritants
1440 1657 70 55 de
1543 1658 235 54 ceux-ci
1812 1658 299 75 reçoivent
2145 1657 95 55 des
2273 1657 304 77 diplômes.

505 1747 89 56 En
649 1747 239 67 France,
942 1766 73 34 un
1074 1745 283 55 musicien
1410 1758 139 62 peut
1604 1743 245 77 prendre
1904 1743 50 55 le
2006 1743 135 55 titre
2192 1742 70 56 de
2312 1742 342 78 professeur,
2704 1761 49 42 et

329 1833 200 55 ouvrir
578 1853 76 35 un
703 1851 187 47 cours,
924 1850 122 36 sans
1093 1831 162 54 avoir
1300 1831 69 53 de
1412 1829 288 76 diplômes
1744 1848 64 36 ce
1848 1829 101 76 qui
1985 1837 81 47 est
2100 1827 111 57 très
2245 1829 365 76 regrettable,
2648 1852 104 36 non

329 1919 320 56 seulement
697 1937 149 57 pour
890 1917 79 54 les
1015 1914 188 57 élèves
1250 1914 345 78 incapables,
1632 1914 110 57 très
1789 1930 264 53 souvent,
2089 1917 145 53 aussi
2283 1914 134 56 bien
2467 1937 112 56 que
2612 1918 141 56 leurs

325 2003 270 70 familles,
630 2003 68 56 de
736 2003 174 75 juger
959 2003 68 55 de
1073 2003 51 55 la
1172 2002 196 56 valeur
1399 2002 78 55 du
1512 2001 207 57 maître
1752 2016 55 42 et
1841 2001 30 56 à
1905 2002 101 76 qui
2041 2001 386 57 d'audacieux
2461 2003 290 76 ignorants

325 2090 129 57 font
488 2090 203 78 perdre
722 2091 125 54 leur
879 2102 189 64 temps
1100 2102 56 42 et
1187 2090 125 54 leur
1343 2102 204 63 argent
1581 2111 13 45 ;
1641 2090 143 54 mais
1831 2109 210 35 encore
2089 2109 150 57 pour
2285 2090 77 54 les
2409 2088 343 78 professeurs

325 2175 229 58 sérieux
608 2177 102 76 qui
766 2195 56 36 se
874 2176 198 55 voient
1125 2172 438 79 fréquemment
1618 2172 419 59 concurrencés
2089 2195 102 56 par
2240 2175 97 56 des
2386 2177 365 55 non-valeurs

326 2262 259 57 donnant
621 2262 95 56 des
748 2262 194 75 leçons
975 2259 29 57 à
1037 2261 129 76 plus
1199 2260 95 56 bas
1326 2262 150 75 prix.
1514 2261 83 55 Le
1632 2261 114 55 mal
1780 2261 144 55 n'est
1958 2280 98 57 pas
2089 2260 211 79 spécial
2343 2260 29 57 à
2414 2262 53 55 la
2517 2262 231 70 France,

322 2369 75 36 on
429 2349 71 56 l'a
550 2346 258 59 constaté
858 2368 71 35 au
980 2366 168 36 cours
1181 2346 69 56 de
1300 2360 151 42 cette
1495 2346 269 78 enquête,
1799 2344 77 58 où
1928 2347 142 78 qu'il
2119 2368 55 35 se
2227 2347 290 78 produise,
2551 2349 41 56 il
2625 2370 29 35 a
2685 2349 64 56 de

321 2434 375 58 désastreuses
728 2431 444 79 conséquences.

494 2523 112 56 Les
651 2523 365 54 traitements
1063 2519 95 56 des
1205 2516 368 80 professeurs,
1608 2539 72 36 au
2517 2535 127 42 sont
2682 2542 64 35 en

319 2606 232 79 général
606 2628 111 56 peu
772 2604 206 69 élevés,
1030 2605 143 55 mais
1227 2605 50 55 le
1335 2605 134 56 titre
1524 2618 81 42 est
1661 2603 116 57 fort
1827 2604 336 58 recherché.
2225 2606 159 56 Dans
2438 2608 78 54 les
2566 2622 181 42 autres

321 2695 227 68 Ecoles,
584 2695 67 55 ils
698 2692 329 80 dépendent
1076 2692 95 55 des
1203 2711 317 36 ressources
1553 2690 95 57 des
1683 2692 435 78 municipalités
2151 2708 56 41 et
2241 2694 70 55 de
2343 2695 401 77 l'importance

317 2780 69 56 de
420 2782 51 54 la
504 2780 151 56 ville.

489 2867 161 56 Dans
703 2867 484 75 l'enseignement
1243 2862 184 79 privé,
1483 2864 52 55 le
1591 2866 338 54 traitement
1985 2866 76 55 du
2119 2864 322 79 professeur
2503 2882 81 42 est
2640 2866 103 57 très

311 2953 269 55 variable.
632 2953 97 55 Au
778 2971 167 37 cours
999 2951 70 54 de
1120 2948 255 59 récentes
1430 2947 371 60 conférences
1848 2971 94 37 sur
1990 2952 53 56 la
2095 2951 220 57 femme
2363 2953 374 68 musicienne,

311 3060 145 35 nous
489 3040 188 55 citons
725 3040 51 54 le
827 3059 91 35 cas
968 3037 174 56 d'une
1192 3036 223 57 célèbre
1465 3037 318 56 cantatrice
1834 3040 101 76 qui
1987 3038 240 57 donnait
2277 3059 75 38 20
2387 3041 256 54 minutes
2674 3038 64 56 de

308 3126 167 75 leçon
509 3145 147 57 pour
692 3123 76 58 60
801 3123 95 58 frs.
933 3137 56 44 et
1039 3123 134 56 d'un
1208 3121 321 79 professeur
1576 3122 77 56 du
1703 3125 467 67 Conservatoire,
2215 3125 141 56 dont
2390 3146 145 36 nous
2568 3145 136 57 pour-

310 3212 153 55 rions
498 3211 221 56 donner
764 3211 51 55 le
865 3231 160 47 nom,
1060 3211 102 76 qui
1195 3210 192 56 moins
1434 3210 270 76 exigeant
1740 3230 111 56 que
1898 3212 54 55 la
1999 3212 335 68 cantatrice,
2368 3233 55 35 se
2473 3225 262 43 contente

311 3297 69 55 de
418 3297 76 56 60
521 3295 95 58 frs.
646 3318 148 57 pour
829 3318 109 34 une
971 3296 181 56 heure
1185 3295 68 57 de
1286 3296 187 75 leçon.
1504 3296 52 55 A
1585 3296 200 56 l'autre
1812 3295 309 58 extrémité
2155 3297 70 58 de
2250 3296 261 59 l'échelle
2537 3299 200 56 sociale

307 3381 394 79 professorale,
750 3398 56 42 et
853 3381 489 79 professionnelle,
1393 3402 144 35 nous
1585 3395 278 43 trouvons
1895 3382 417 59 d'infortunées
2356 3386 379 56 musiciennes
