2834 3939
515 165 165 66 LES
741 167 465 67 ORIGINES
1267 167 132 67 DE
1460 147 315 87 CÉSAR
1839 167 411 67 FRANCK

2508 189 94 66 29

340 302 211 58 Naître
584 304 32 57 à
647 305 380 70 Hérenthals,
1061 328 152 56 pour
1246 329 76 34 un
1359 309 224 76 peintre
1618 310 232 67 wallon,
1884 323 80 43 est
2001 308 123 77 déjà
2164 323 244 63 suspect.
2448 310 159 56 Mais

165 391 234 55 laissons
449 405 154 44 cette
636 391 263 59 hérédité
954 395 279 55 lointaine
1267 408 56 42 et
1374 415 151 37 assez
1559 395 454 79 hypothétique.
2053 398 97 56 S'il
2183 410 82 42 est
2320 398 121 54 vrai
2493 418 114 56 que

164 474 302 60 l'hérédité
522 478 233 58 devient
804 482 129 76 plus
989 479 426 57 déterminante
1467 482 29 57 à
1553 503 223 37 mesure
1811 485 176 77 qu'on
2041 504 56 36 se
2147 483 327 77 rapproche
2528 483 78 56 du

164 563 166 77 sujet,
364 564 78 55 les
494 567 338 56 ascendants
865 565 335 58 immédiats
1255 567 69 54 de
1359 565 174 59 César
1583 570 230 56 Franck
1864 584 130 44 sont
2027 570 70 56 de
2141 583 201 43 nature
2375 568 30 57 à
2461 589 146 36 nous

164 649 302 57 intéresser
520 652 342 78 davantage.
901 652 555 71 Personnellement,
1492 676 145 35 nous
1690 658 226 56 savions
1964 654 97 60 dès
2105 658 337 76 longtemps
2489 676 116 57 que

162 737 54 54 la
268 734 158 57 mère
458 737 79 56 du
589 737 205 57 maître
827 737 203 56 n'était
1077 739 61 55 ni
1173 739 129 77 plus
1333 741 60 54 ni
1441 742 193 54 moins
1667 744 217 75 qu'une
1919 743 348 56 Allemande
2307 742 298 57 d'Aix-la-

164 822 301 79 Chapelle.
503 826 84 54 Ce
621 823 194 70 détail,
849 845 115 57 que
998 826 95 56 M.
1130 824 210 79 d'lndy
1373 847 28 35 a
1437 847 79 56 pu
1549 828 253 75 ignorer,
1836 830 183 77 prend
2065 851 110 34 une
2210 826 392 80 signification

162 908 374 79 particulière
569 912 44 55 si
639 912 115 55 l'on
790 925 136 42 veut
954 911 132 56 bien
1121 932 56 36 se
1209 913 270 55 souvenir
1512 913 70 56 de
1608 915 332 57 l'influence
1966 916 275 79 marquée
2276 916 142 56 delà
2445 915 158 57 mère

162 996 140 57 dans
334 995 401 58 l'élaboration
759 996 172 57 d'une
957 998 388 77 personnalité
1378 1000 322 77 artistique.
1732 1002 171 56 Nous
1935 1023 145 36 nous
2104 1002 188 57 étions
2318 1004 222 76 promis
2572 1001 30 57 à

162 1103 64 36 ce
259 1103 214 58 propos
495 1082 288 57 d'étudier
806 1085 257 77 quelque
1078 1085 138 76 jour
1242 1086 138 56 d'un
1403 1106 112 58 peu
1539 1086 128 78 près
1689 1089 52 54 la
1764 1091 266 74 question
2058 1110 153 36 assez
2236 1089 242 55 obscure
2505 1089 97 55 des

162 1170 254 76 origines
449 1170 70 56 de
555 1169 174 57 César
762 1171 250 69 Franck,
1049 1172 142 56 mais
1239 1193 145 35 nous
1416 1174 301 75 ignorions
1751 1195 133 57 que,
1920 1174 95 57 dès
2060 1175 178 76 1894,
2279 1176 94 56 M.
2414 1174 151 57 Char-

159 1258 78 54 les
273 1254 444 58 Delchevalerie
750 1256 99 57 eût
884 1258 198 77 publié
1116 1278 93 37 sur
1242 1279 65 36 ce
1338 1259 167 76 sujet,
1554 1260 137 56 dans
1726 1280 75 36 un
1836 1260 347 79 périodique
2215 1260 238 79 liégeois
2488 1282 111 57 peu

160 1341 279 79 répandu,
780 1343 105 78 Flamberge,
886 1345 82 56 les
969 1346 461 77 renseignements
1462 1346 80 56 les
1575 1348 127 76 plus
1735 1346 202 79 précis.
1966 1349 110 56 Ces
2108 1350 183 76 lignes
2321 1349 277 56 viennent

161 1430 180 56 d'être
376 1430 364 76 reproduites
774 1430 138 57 dans
945 1433 52 56 la
1030 1452 172 37 revue
1235 1431 275 78 liégeoise
1902 1458 13 43 ;
1949 1435 52 55 le
2033 1437 222 53 lecteur
2287 1456 70 35 en
2391 1434 174 79 appré-

160 1517 153 55 ciera
348 1529 129 43 tout
510 1515 254 57 l'intérêt
788 1538 12 34 :

308 1625 157 50 César
495 1625 202 52 Franck
727 1639 77 38 est
833 1626 104 51 issu
968 1626 161 52 d'une
1166 1625 194 54 famille
1388 1628 65 50 de
1491 1627 280 71 bourgeois
1801 1630 63 50 de
1896 1630 204 68 village.
2133 1630 103 49 Son
2264 1630 334 69 grand-père,

160 1697 313 52 Barthélémi
522 1698 221 66 Franck,
790 1701 178 70 naquit
1013 1712 50 40 et
1106 1701 154 52 vécut
1298 1701 25 51 à
1365 1702 366 66 Gemmenich,
1779 1702 171 71 bourg
1996 1702 134 51 situé
2171 1721 100 32 aux
2301 1702 197 52 confins
2525 1702 73 52 du

159 1773 63 51 Li
230 1792 45 32 m
284 1773 170 70 bourg
484 1785 49 39 et
561 1773 67 51 de
658 1773 45 51 la
731 1774 211 66 Prusse,
965 1793 89 32 sur
1075 1776 47 49 la
1141 1774 140 72 ligne
1312 1776 63 50 de
1409 1777 242 51 Verviers
1672 1777 26 52 à
1719 1777 475 70 Aix-la-Chapelle,
2225 1796 89 51 par
2340 1777 257 71 Bleiberg.

160 1847 141 52 C'est
331 1867 69 32 un
433 1866 123 51 pays
587 1848 66 51 de
688 1866 199 52 grasses
917 1848 247 66 cultures,
1194 1868 142 33 assez
1375 1851 278 66 accidenté,
1677 1849 56 54 où
1760 1851 102 52 Von
1888 1870 57 31 ne
1963 1852 144 66 parle
2135 1870 59 52 qu
2218 1870 61 33 un
2300 1853 156 66 patois
2484 1852 92 49 alle-

171 1922 159 51 mand.
349 1920 316 53 Barthélémi
720 1922 198 51 Franck
962 1923 219 63 exerçait
1224 1924 128 51 dans
1394 1923 48 51 la
1483 1924 225 66 contrée,
1736 1926 173 49 —où
1937 1924 35 51 il
2001 1937 216 39 mourut
2259 1926 50 50 le
2352 1942 70 51 30
2465 1943 136 32 mars

166 2012 155 52 1794,
449 1995 92 52 des
570 1997 263 50 fonctions
863 1997 342 52 nombreuses
1234 2009 50 40 et
1313 1999 278 51 surannées
1620 2020 9 31 :
1653 1999 36 51 il
1710 1999 125 51 était
1857 2017 285 52 procureur
2169 1999 63 52 de
2264 2000 45 50 la
2318 1999 189 71 justice
2535 2003 63 48 de

159 2069 367 65 Gemmenich,
557 2088 215 52 mayeur
804 2070 25 51 à
858 2069 49 52 la
934 2089 126 32 cour
1101 2072 65 50 de
1200 2070 193 70 justice
1437 2073 65 49 de
1547 2073 391 51 Saint-Hubert
1966 2087 49 37 et
2038 2073 26 51 à
2093 2073 125 51 celle
2246 2074 65 50 de
2342 2073 255 66 Palantes,

157 2143 275 53 conseiller
457 2143 27 52 à
513 2143 48 50 la
588 2144 312 52 haute-cour
928 2145 74 52 du
1045 2158 187 39 canton
1274 2147 64 50 de
1380 2147 314 71 Limbourg,
1738 2148 215 65 notaire,
1984 2160 304 58 percepteur
2329 2159 48 40 et
2406 2148 160 71 bourg-

156 2229 192 39 mestre
376 2218 66 50 de
470 2218 365 66 Gemmenich,
867 2218 215 52 échevin
1112 2220 66 51 de
1205 2219 46 51 la
1270 2219 190 71 justice
1489 2221 64 51 de
1581 2219 241 53 Teuven.

306 2293 104 50 Son
439 2291 98 64 fils,
561 2291 453 70 Nicolas-Joseph,
1039 2293 49 50 le
1116 2293 119 69 père
1265 2294 64 51 de
1359 2294 155 52 César
1536 2295 220 65 Franck,
1783 2296 179 71 naquit
2001 2296 27 51 à
2057 2295 300 65 Volkerich,
2382 2296 214 50 hameau

156 2367 65 51 de
249 2366 365 66 Gemmenich,
645 2366 46 51 le
721 2384 69 51 30
819 2367 100 51 mai
957 2384 162 52 1794;
1148 2367 33 51 il
1210 2370 211 67 épousa,
1450 2369 47 49 le
1528 2384 68 51 24
1623 2383 126 37 août
1785 2375 154 61 1820,
1971 2389 101 33 une
2102 2370 153 70 jeune
2284 2370 103 51 fille
2415 2371 153 50 d'Aix-

156 2440 338 70 la-Chapelle.
523 2441 76 51 Le
628 2460 244 33 nouveau
907 2442 217 70 ménage
2145 2442 110 51 vint
2271 2441 190 52 habiter
2479 2444 128 68 Liège
1666 2445 70 49 où
1763 2446 195 69 naquit,
1981 2445 47 51 le
2056 2461 65 36 10
2142 2444 272 52 décembre
2445 2449 154 59 1822,

155 2514 125 52 dans
308 2514 287 52 l'ancienne
622 2534 94 32 rue
747 2515 363 67 Saint-Pierre,
1134 2516 117 69 près
1276 2516 373 66 Sainte-Croix,
1680 2517 46 51 le
1755 2520 127 67 petit
1907 2520 172 49 César.

329 2630 110 55 Les
470 2628 297 58 fonctions
801 2630 310 77 publiques
1144 2629 264 59 exercées
1440 2652 104 57 par
1578 2632 370 80 Barthélémy
1984 2634 227 56 Franck
2245 2633 28 56 à
2311 2635 238 55 Gemme-

152 2715 137 56 nich
326 2717 52 54 le
411 2731 252 42 mettant
691 2737 69 34 en
795 2731 232 42 contact
1056 2737 138 36 avec
1223 2738 110 36 une
1360 2719 347 76 population
1735 2719 69 56 de
1830 2721 209 77 langue
2067 2721 527 67 basse-allemande,

153 2815 298 43 montrent
485 2822 68 36 en
590 2802 83 56 lui
708 2822 78 36 un
814 2802 244 57 homme
1084 2803 75 56 du
1188 2823 159 58 pays,
1376 2804 69 55 de
1477 2804 195 56 même
1704 2806 213 76 langue
1953 2827 112 56 que
2097 2826 82 37 ses
2212 2804 380 58 administrés.

153 2887 329 70 Toutefois,
508 2909 143 35 nous
674 2887 281 58 désirions
975 2888 268 79 posséder
1268 2911 96 34 sur
1389 2911 65 36 ce
1481 2892 166 77 point
1676 2893 281 76 quelques
1984 2891 334 80 précisions.
2349 2895 52 53 A
2429 2906 165 41 notre

155 2972 302 72 demande,
514 2975 94 57 M.
663 2973 184 57 l'abbé
903 2977 291 67 Vivroux,
1242 2977 134 56 curé
1412 2978 70 56 de
1534 2978 423 70 Gemmenich,
2009 3001 29 33 a
2072 2980 132 56 bien
2240 2980 175 54 voulu
2451 2976 142 57 faire

153 3061 136 58 dans
320 3082 84 36 ses
437 3063 265 75 registres
748 3065 360 75 paroissiaux
1157 3065 96 56 des
1288 3063 344 58 recherches
1677 3066 144 56 dont
1855 3067 40 55 il
1928 3081 203 62 appert
2166 3066 169 76 qu'en
2371 3065 137 54 effet
2541 3066 51 52 le

152 3147 84 56 dit
272 3147 378 80 Barthélémy
687 3149 230 55 Franck
950 3149 141 57 était
1125 3151 311 56 lui-même
1489 3152 314 77 originaire
1855 3152 69 55 de
1976 3165 150 43 cette
2160 3149 249 68 localité,
2445 3147 73 57 où
2552 3151 40 53 il

152 3236 224 75 naquit,
402 3236 51 55 le
485 3235 75 56 26
590 3236 116 55 mai
744 3254 179 58 1745,
952 3237 70 55 de
1049 3237 253 55 Etienne
1333 3237 226 56 Franck
1595 3253 54 42 et
1677 3239 70 54 de
1783 3239 404 54 Anne-Marie
2221 3236 370 56 Schenneux.

273 3440 10 23 1
307 3443 55 42 T.
388 3444 120 51 XXI,
532 3458 41 40 p.
607 3457 93 40 123.
