2834 3939
1100 230 113 62 LE
1278 230 227 63 MOIS

2392 250 90 65 53

83 365 255 59 poursuivre
364 362 39 43 le
430 363 102 42 trait
558 363 52 42 de
638 363 210 58 Molière,
875 382 44 27 sa
944 368 160 58 charge
1130 384 56 26 au
1212 367 88 44 lieu
1326 369 52 43 de
1403 368 204 44 s'écarter
1644 369 52 42 de
1731 367 40 43 la
1795 378 158 32 nature
1978 367 41 42 la
2043 383 150 27 creuse
2221 366 97 58 plus
2341 379 148 44 avant,

86 431 162 60 précise
275 430 40 43 le
341 440 104 50 type
473 430 243 55 immortel,
738 431 39 42 le
814 435 242 53 rapproche
1090 445 43 31 et
1167 450 112 28 nous
1312 436 78 42 fait
1426 435 278 43 reconnaître
1731 451 54 27 en
1812 445 69 32 cet
1906 435 199 56 apprenti
2133 435 73 57 qui
2235 434 117 57 parle
2380 434 107 44 latin

83 500 39 43 la
194 498 98 43 bête
318 496 23 44 à
367 512 218 27 concours
668 497 73 56 qui
780 498 52 42 de
870 515 80 26 nos
982 499 121 59 jours
1139 516 156 27 exerce
1330 501 314 58 impunément
1668 518 64 28 ses
1756 516 176 44 ravages
1955 501 122 57 après
2101 518 61 25 un
2190 502 221 56 triomphe
2437 502 53 43 de

84 564 213 45 mémoire
336 579 87 28 aux
457 562 209 58 épreuves
699 564 52 41 de
788 563 244 46 l'internat.
1061 566 72 44 M.
1164 566 228 44 Diafoirus
1428 568 38 42 le
1503 568 116 57 père,
1653 584 99 28 sous
1784 568 61 43 les
1879 569 120 42 traits
2032 569 52 42 de
2120 566 72 45 M.
2221 567 176 61 Sarvey,
2424 581 65 31 est

83 631 251 61 également
358 647 62 27 un
449 630 87 43 bon
562 631 184 56 portrait
772 631 58 43 du
857 633 216 54 patricien
1100 631 167 45 illustre
1292 635 75 56 qui
1393 634 235 58 s'exprime
1654 652 54 26 en
1737 645 160 33 termes
1922 651 114 27 rares
2065 651 105 27 avec
2204 651 88 27 une
2318 635 169 43 diction

84 698 280 56 recherchée,
391 709 45 32 et
462 713 75 27 use
563 697 53 43 de
642 713 78 26 son
748 714 158 27 renom
932 715 110 40 pour
1068 699 38 42 le
1132 699 151 44 succès
1309 700 107 43 d'un
1442 699 66 45 fils
1534 701 194 59 indigne.
1765 701 72 44 M.
1865 701 146 44 Emile
2039 701 165 57 Rhein,
2230 701 24 43 à
2279 703 75 57 qui
2381 701 107 45 était

85 768 111 44 échu
233 765 38 43 le
309 764 91 43 rôle
438 764 197 43 écrasant
672 763 218 61 d'Argan,
927 781 24 26 a
990 767 99 42 bien
1117 782 58 26 vu
1201 765 100 58 quel
1329 768 109 55 parti
1473 784 55 27 on
1557 770 179 54 pouvait
1760 769 103 42 tirer
1890 769 52 42 de
1968 784 49 28 ce
2043 784 194 27 nerveux
2263 785 86 41 que
2375 785 113 28 nous

84 835 163 43 dirions
271 831 284 61 aujourd'hui
582 832 389 59 neurasthénique,
999 833 53 42 de
1077 848 64 27 ses
1174 831 165 45 colères
1371 835 247 54 soudaines,
1646 835 50 42 de
1735 851 64 27 ses
1832 835 247 43 criailleries
2111 851 97 27 sans
2244 836 146 56 motif,
2429 837 53 42 de

83 917 43 29 sa
149 899 213 56 faiblesse,
391 898 51 43 de
468 914 80 27 son
579 898 294 57 irrésolution,
903 900 52 42 de
979 915 44 27 sa
1048 899 216 43 crédulité
1289 899 118 57 folle,
1428 899 122 44 enfin
1576 901 53 42 de
1654 901 40 43 la
1720 901 327 43 traditionnelle
2072 903 168 42 avarice
2266 904 75 56 qui
2366 903 120 44 seule

84 978 109 34 reste
219 967 164 42 debout
411 966 139 56 parmi
577 965 60 44 les
663 965 142 45 débris
831 967 51 42 de
908 983 78 26 son
1014 965 218 44 caractère
1259 964 197 46 effondré
1480 987 11 34 ;
1529 967 108 43 mais
1673 967 28 43 il
1738 967 73 44 n'a
1847 967 72 44 osé
1952 968 38 43 le
2024 969 155 42 rendre
2207 969 197 56 bouffon,
2441 981 45 32 et

84 1044 209 49 pourtant
330 1031 196 44 Molière
563 1031 122 45 allait
720 1035 326 42 certainement
1077 1031 238 62 jusque-là.
1359 1033 56 43 M
1419 1031 40 25 lle
1487 1032 147 45 Lolita
1659 1045 63 32 est
1747 1050 87 27 une
1861 1035 219 43 Toinette
2106 1051 96 27 sans
2227 1035 174 57 malice,
2439 1047 45 33 et

85 1100 144 60 plutôt
256 1101 147 43 bonne
429 1099 24 44 à
478 1110 99 33 tout
602 1100 106 43 faire
734 1117 87 41 que
846 1101 224 43 soubrette
1098 1100 51 43 de
1176 1098 201 45 comédie
1404 1119 12 34 ;
1444 1101 108 42 mais
1578 1099 56 43 M
1638 1098 37 26 lle
1701 1100 247 44 Rosaberth
1974 1112 182 47 apporte
2181 1101 24 43 à
2232 1102 254 60 Angélique

84 1185 88 28 une
195 1166 207 46 sincérité
428 1166 52 44 de
502 1167 204 59 jeunesse
732 1183 85 42 que
855 1178 98 33 tous
975 1183 77 28 nos
1089 1167 206 56 théâtres,
1350 1165 61 45 les
1442 1167 349 44 subventionnés
1826 1179 188 46 surtout,
2048 1169 254 56 pourraient
2335 1171 150 41 envier

85 1237 23 43 à
132 1235 191 45 Bobino.

218 1301 65 44 Le
309 1299 150 60 public
485 1300 73 44 des
584 1300 386 60 Folies-Bergères
995 1312 64 33 est
1084 1300 137 60 goulu
1248 1301 51 42 de
1326 1300 202 45 femmes.
1555 1299 37 44 Il
1616 1301 139 42 existe
1780 1300 74 43 des
1878 1312 225 47 gourmets
2126 1301 73 58 qui
2226 1313 259 32 consacrent

84 1369 93 45 leur
202 1384 124 42 repas
350 1367 24 44 à
398 1383 63 28 un
486 1367 93 44 seul
605 1367 91 58 plat
721 1368 110 44 dont
857 1368 49 44 ils
932 1367 204 44 étudient
1162 1367 39 44 la
1225 1383 155 28 saveur
1407 1386 10 35 ;
1458 1367 27 42 il
1519 1377 64 32 est
1620 1367 52 42 de
1707 1367 108 42 bons
1842 1367 188 44 buveurs
2054 1368 75 58 qui
2155 1367 153 44 vident
2343 1368 118 44 lente-

85 1447 123 33 ment
245 1451 88 28 une
368 1433 210 45 bouteille
607 1445 44 32 et
677 1435 40 43 la
742 1435 234 44 méditent.
1004 1435 80 44 Un
1110 1444 125 34 autre
1261 1433 113 45 n'est
1400 1444 186 33 content
1611 1450 85 41 que
1729 1432 67 45 s'il
1832 1445 168 33 entasse
2035 1433 61 44 les
2131 1433 154 46 truffes
2319 1451 72 28 sur
2427 1435 60 44 les

84 1503 179 56 huîtres,
290 1513 44 32 et
359 1501 197 44 confond
583 1501 38 43 le
649 1502 257 60 bourgogne
931 1518 107 27 avec
1065 1501 38 44 le
1129 1503 291 57 Champagne.
1440 1501 44 43 A
1510 1516 70 27 ces
1604 1499 235 44 financiers
1864 1500 236 59 étrangers,
2122 1499 24 44 à
2171 1517 70 28 ces
2263 1517 188 28 commer-

84 1581 122 45 çants
242 1570 59 43 du
337 1579 153 33 centre
529 1570 201 56 parisien,
769 1569 24 44 à
829 1585 72 28 ces
937 1569 287 57 provinciaux
1260 1585 56 26 en
1357 1579 181 46 rupture
1576 1566 268 57 d'austérité,
1887 1566 160 44 n'allez
2082 1583 73 41 pas
2190 1568 91 43 dire
2319 1568 165 58 qu'une

85 1638 162 43 femme
274 1646 107 47 peut
405 1647 150 46 capter
580 1652 56 27 en
663 1636 39 43 la
727 1653 176 27 nuance
929 1636 52 43 de
1007 1652 79 27 son
1111 1635 154 59 regard
1298 1635 41 44 la
1374 1634 157 45 beauté
1564 1650 92 27 non
1696 1635 51 43 de
1773 1649 78 28 son
1877 1650 102 27 sexe
2002 1633 263 58 seulement,
2292 1635 108 43 mais
2433 1635 51 44 de

85 1703 221 45 l'univers.
334 1702 59 44 Ils
417 1719 108 27 vous
551 1703 272 43 traiteraient
849 1703 52 43 de
927 1702 143 58 poète.
1091 1702 66 45 Ce
1183 1701 109 59 qu'il
1319 1702 94 43 leur
1439 1702 109 56 faut,
1574 1717 51 28 ce
1644 1712 101 33 sont
1769 1711 99 33 tous
1893 1717 70 28 ces
1988 1701 95 42 bras
2108 1700 215 59 balancés,
2344 1712 145 33 toutes

86 1788 68 27 ces
184 1771 171 61 jambes
391 1786 56 27 au
484 1770 149 43 même
673 1771 167 43 instant
877 1769 158 58 levées,
1063 1781 146 32 toutes
1245 1785 72 28 ces
1349 1769 127 59 joues
1501 1784 116 29 roses
1642 1768 59 43 du
1726 1768 147 43 même
1901 1767 108 58 fard,
2046 1778 146 33 toutes
2227 1783 70 28 ces
2335 1784 154 43 gorges

85 1840 156 43 servies
266 1837 23 43 à
314 1838 127 57 point
466 1853 55 27 en
548 1837 53 43 de
628 1837 156 57 pareils
809 1853 200 43 corsages
1034 1853 178 27 comme
1239 1836 74 44 des
1338 1836 126 43 fruits
1490 1836 100 43 frais
1615 1852 55 27 en
1697 1835 73 44 des
1803 1833 241 46 corbeilles.
2073 1833 67 44 Ce
2165 1835 72 56 qui
2264 1846 161 32 mettra
2449 1834 39 44 le

87 1905 174 45 comble
287 1903 22 44 à
336 1903 94 45 leur
457 1903 240 57 béatitude,
724 1920 51 28 ce
800 1915 101 32 sont
927 1904 73 43 des
1025 1914 223 33 costumes
1284 1904 75 58 qui
1397 1903 162 44 fassent
1583 1919 57 27 au
1665 1917 126 42 corps
1816 1900 188 44 féminin
2030 1900 189 59 quelque
2256 1901 142 59 injure
2432 1917 58 28 ou

87 1972 186 59 quelque
299 1971 217 57 violence,
553 1971 240 59 suggérant
828 1971 108 43 ainsi
973 1970 24 44 à
1033 1987 71 27 ces
1139 1971 159 57 pachas
1335 1969 135 44 d'une
1506 1970 136 43 heure
1679 1968 129 44 l'idée
1843 1969 196 42 flatteuse
2065 1983 84 42 que
2175 1967 59 44 les
2260 1967 229 44 désirables

95 2039 186 44 esclaves
315 2049 101 33 sont
452 2037 24 44 à
512 2037 95 44 leur
633 2039 151 43 merci.
816 2037 73 45 De
922 2037 41 44 là
987 2048 97 33 tant
1111 2037 51 44 de
1190 2038 196 43 travestis
1411 2037 73 57 qui
1509 2046 211 34 accusent
1746 2052 50 27 ce
1821 2034 128 59 qu'ils
1974 2035 226 43 devraient
2225 2035 172 57 cacher,
2432 2044 58 47 et,

87 2122 95 28 sous
206 2105 201 60 prétexte
434 2103 329 59 d'hirondelles,
791 2104 261 59 d'asperges,
1082 2105 51 42 de
1159 2105 129 42 fleurs
1314 2105 52 42 de
1393 2105 293 56 marronnier,
1708 2103 52 42 de
1787 2118 247 41 pruneaux,
2054 2112 96 33 tant
2176 2101 51 44 de
2253 2101 235 44 fourreaux

89 2188 283 44 oppresseurs.
400 2173 45 42 A
470 2173 103 56 quoi
601 2172 153 43 rêvent
780 2188 80 28 nos
885 2171 153 44 classes
1064 2187 247 44 moyennes
1335 2169 13 44 ?
1382 2170 66 44 Le
1483 2169 256 45 music-hall
1776 2167 183 60 qu'elles
1983 2168 286 59 fréquentent
2295 2168 196 43 donnera

89 2239 38 45 la
151 2241 197 57 réponse.
377 2238 123 44 Mais
524 2239 128 55 aussi,
674 2255 56 26 en
756 2238 342 58 accomplissant
1124 2238 38 43 le
1189 2239 118 55 rêve,
1329 2237 30 44 il
1385 2254 55 27 en
1467 2237 165 44 détruit
1658 2236 40 44 la
1723 2237 187 42 hantise.
1940 2235 66 44 Ce
2032 2252 85 41 que
2144 2235 125 44 disait
2294 2235 197 43 Aristote

89 2307 49 43 de
163 2307 40 43 la
228 2306 194 60 tragédie
449 2317 63 31 est
539 2307 91 42 vrai
657 2307 53 41 de
736 2317 99 32 tous
871 2305 61 44 les
965 2321 155 43 genres
1155 2305 310 57 dramatiques.
1505 2303 66 45 La
1596 2304 172 58 passion
1793 2319 44 28 se
1864 2301 218 61 décharge
2107 2318 74 42 par
2206 2318 62 27 un
2293 2303 198 42 exercice

89 2373 201 45 illusoire.
330 2373 74 45 De
442 2383 150 33 retour
629 2389 55 27 en
722 2372 116 44 leurs
873 2373 160 60 foyers,
1071 2388 70 28 ces
1168 2373 150 43 braves
1343 2387 121 43 gens,
1491 2371 147 43 même
1663 2369 88 45 s'ils
1774 2386 44 27 se
1842 2380 101 33 sont
1980 2380 130 33 tenus
2145 2385 56 28 au
2237 2368 145 57 plaisir
2418 2368 73 44 des

90 2457 129 44 yeux,
246 2439 364 58 contempleront
635 2456 104 27 avec
766 2441 146 43 moins
938 2440 53 42 de
1016 2441 131 42 haine
1173 2439 41 43 la
1238 2440 195 42 chemise
1459 2437 150 44 talaire
1636 2438 109 43 dont
1769 2437 115 43 leurs
1909 2436 182 58 épouses
2117 2434 276 45 dissimulent
2418 2435 73 43 des

93 2508 195 44 charmes
312 2507 24 44 à
357 2508 154 60 jamais
536 2507 238 45 endormis.

219 2575 135 45 MM.
384 2573 186 45 Bataille
597 2575 144 42 Henri
769 2586 42 30 et
838 2573 174 44 Lucien
1040 2572 146 61 Boyer
1212 2583 80 32 ont
1317 2573 78 42 fait
1421 2572 52 43 de
1499 2571 94 44 leur
1620 2571 151 42 mieux
1798 2586 110 42 pour
1943 2568 303 59 sauvegarder,
2284 2583 56 27 en
2375 2578 115 32 cette

91 2657 125 28 revue
254 2641 271 59 printanière
563 2642 75 57 qui
677 2652 64 32 est
776 2651 175 33 surtout
988 2639 223 59 potagère,
1249 2649 157 34 autant
1432 2655 182 41 presque
1640 2637 139 59 qu'un
1801 2636 157 59 poème
1985 2637 52 42 de
2062 2635 57 44 M
2124 2640 47 19 me
2197 2635 52 42 de
2275 2632 213 57 Noailles,

90 2707 56 45 les
170 2709 134 43 droits
329 2709 53 42 de
407 2707 182 59 l'esprit.
614 2707 143 45 Leurs
781 2707 201 57 couplets
1006 2717 101 33 sont
1132 2707 160 59 grivois
1308 2726 11 35 ;
1348 2722 58 27 on
1433 2705 61 44 les
1520 2705 158 44 écoute
1702 2703 25 45 à
1752 2705 142 56 peine.
1918 2702 159 45 Même
2103 2712 117 33 cette
2245 2698 246 45 affriolante

91 2775 134 59 fraise,
252 2776 75 58 qui
355 2776 127 57 croit,
509 2792 57 26 ne
592 2791 107 27 vous
725 2774 204 58 déplaise,
955 2775 146 59 ajoute
1127 2773 40 43 la
1192 2774 125 56 rime,
1344 2790 56 26 au
1427 2773 106 43 bord
1560 2771 136 44 d'une
1715 2786 168 41 source,
1910 2785 99 28 sous
2034 2784 60 27 un
2121 2768 224 57 ombrage,
2371 2782 117 41 passe

91 2842 245 58 inaperçue,
363 2858 131 42 parce
519 2841 137 59 qu'on
682 2858 43 27 se
752 2842 102 42 hâte
880 2841 218 43 d'étudier
1136 2840 60 43 les
1232 2841 99 42 huit
1369 2839 190 44 maillots
1584 2837 288 58 empourprés
1896 2837 73 57 qui
1995 2851 73 28 sur
2093 2834 40 43 la
2157 2833 129 44 scène
2312 2832 155 43 l'incar-

92 2921 118 33 nent.
254 2909 101 45 Seul
398 2909 41 44 le
482 2910 84 42 rire
607 2920 107 46 peut
757 2925 112 41 pour
911 2908 212 59 quelques
1170 2908 187 42 instants
1392 2907 105 43 faire
1533 2905 170 44 oublier
1739 2904 41 43 la
1818 2903 257 44 convoitise.
2118 2900 126 44 C'est
2286 2898 202 44 Dorville

93 2978 69 56 qui
199 2976 192 44 l'amène
428 2992 106 28 avec
574 2976 78 58 lui,
689 2974 217 45 accroché
938 2992 87 27 aux
1059 2973 82 61 plis
1177 2975 227 43 tombants
1442 2973 53 43 de
1529 2989 44 26 sa
1598 2973 187 54 bouche,
1813 2970 22 43 à
1860 2985 78 28 son
1965 2985 86 26 nez
2076 2967 126 56 déçu,
2228 2965 147 43 même
2401 2980 85 28 aux

93 3044 218 44 accidents
337 3045 53 43 de
415 3059 46 28 sa
484 3044 104 43 voix
614 3043 261 44 enrhumée.
903 3041 36 44 Il
967 3053 63 33 est
1054 3044 33 42 si
1115 3043 346 42 heureusement
1498 3037 115 45 doué
1649 3037 137 59 qu'un
1826 3046 159 33 accent
2009 3034 24 43 à
2058 3034 127 57 peine
2212 3047 180 41 marque
2427 3029 61 43 lui

92 3110 111 44 suffit
228 3128 111 42 pour
363 3111 157 44 rendre
548 3126 62 28 un
637 3120 95 33 mot
758 3109 249 44 irrésistible
1030 3130 11 33 ;
1080 3109 28 43 il
1145 3109 40 43 le
1222 3109 95 55 sait,
1350 3119 43 31 et
1414 3108 103 59 joue
1545 3105 52 43 de
1623 3121 50 26 ce
1698 3104 213 59 physique
1938 3099 285 44 merveilleux
2249 3114 54 26 en
2331 3097 157 41 délicat

93 3178 154 44 artiste.
286 3177 227 61 Voyez-le
552 3177 188 57 prendre
779 3177 240 57 possession
1058 3177 52 42 de
1148 3187 70 32 cet
1256 3182 312 50 appartement
1604 3171 228 54 moderne,
1860 3179 43 32 et
1940 3166 226 58 expliquer
2201 3164 288 57 allègrement

93 3258 81 30 aux
199 3246 112 44 siens
335 3244 164 60 l'usage
529 3245 51 42 de
607 3255 117 33 cette
751 3260 105 28 roue
883 3244 74 57 qui
983 3242 186 44 tournée
1195 3242 24 43 à
1244 3257 159 42 propos
1427 3240 92 43 fera
1543 3239 138 57 surgir
1718 3247 145 32 toutes
1887 3234 61 42 les
1973 3232 293 44 commodités
2291 3229 198 42 inscrites

94 3324 65 29 sur
182 3328 78 28 son
287 3312 161 44 cadran
476 3327 9 29 :
530 3310 239 61 Quittance,
811 3310 231 58 Concierge,
1080 3308 226 59 Pompiers,
1344 3304 289 59 Domestiques,
1675 3303 170 55 Cocotte,
1883 3298 225 58 Aspirator
2112 3332 9 9 .
2159 3296 36 42 Il
2221 3293 264 58 entreprend

94 3375 47 44 de
176 3394 42 28 se
255 3396 112 27 raser
393 3399 11 35 ;
442 3379 229 43 au-dessus
708 3378 52 42 de
795 3377 41 43 la
871 3377 188 57 toilette,
1087 3392 49 27 ce
1164 3375 106 59 qu'il
1298 3373 138 58 prend
1463 3387 110 42 pour
1597 3386 87 26 une
1712 3368 120 59 glace
1859 3382 28 26 n
1908 3376 63 32 est
1997 3381 57 41 qu
2074 3379 85 27 une
2188 3363 91 41 baie
2306 3370 180 33 ouverte

94 3458 69 40 par
187 3446 57 44 où
268 3462 62 28 un
357 3446 236 44 deuxième
619 3460 273 42 personnage
920 3444 125 43 imite
1073 3444 299 42 inversement
1409 3452 98 29 tous
1543 3452 63 27 ses
1641 3445 154 48 gestes,
1833 3443 42 32 et
1901 3442 98 32 tout
2024 3447 23 26 a
2073 3444 129 40 coup,
2241 3437 171 47 passant
2448 3424 38 43 le
