2834 3939
1118 170 117 64 LE
1301 169 231 65 MOIS

2442 188 94 67 59

1046 370 567 109 Belgique

247 576 80 47 On
355 595 24 26 a
405 595 108 28 revu
549 596 107 28 avec
683 579 145 59 plaisir
855 579 40 44 la
921 579 112 44 belle
1071 597 153 27 œuvre
1263 581 52 43 de
1352 581 114 59 Jean
1493 582 102 44 Van
1625 583 85 42 den
1738 581 156 45 Eeden
1923 598 8 28 :
1971 580 170 45 Rhèna.
2171 579 135 46 Cette
2332 581 211 57 partition

111 645 125 61 belge
262 663 25 26 a
313 645 200 45 démenti
541 647 39 43 le
607 647 182 61 préjugé
826 664 76 41 par
927 648 103 58 quoi
1058 661 99 31 tous
1193 664 116 28 ceux
1335 650 90 56 qui,
1454 666 55 26 en
1546 649 232 59 Belgique,
1816 650 201 44 auraient
2044 649 38 43 le
2110 649 150 43 devoir
2376 649 144 57 profes-

108 713 173 45 sionnel
401 714 52 43 de
479 716 201 42 soutenir
707 731 78 28 nos
811 716 255 56 musiciens,
1096 726 177 32 tentent
1311 716 53 43 de
1401 716 271 60 décourager
1709 716 163 45 l'effort
1898 729 44 32 et
1975 717 364 43 l'enthousiasme
2366 732 55 27 en
2449 715 94 45 leur

110 781 166 45 faveur.
306 780 100 45 Elle
445 793 77 32 eut
560 783 139 43 treize
725 782 374 58 représentations
1125 781 88 45 l'an
1241 783 191 45 dernier.
1471 783 101 45 Elle
1598 795 255 33 retrouvera
1879 785 38 43 le
1944 784 150 44 même
2119 784 165 44 succès.
2314 783 172 58 Rhéna,
2514 783 28 44 il

110 859 64 35 est
202 850 106 56 vrai,
335 849 151 43 réunit
512 861 148 33 toutes
685 851 60 43 les
770 851 202 43 fortunes
997 871 10 34 ;
1037 866 55 27 en
1120 850 158 44 dehors
1305 851 52 43 de
1377 867 79 27 son
1479 852 323 44 incontestable
1828 852 150 44 valeur
2005 852 229 57 musicale,
2256 851 81 44 elle
2364 851 179 59 possède

111 917 430 58 d'exceptionnelles
577 918 188 59 qualités
790 918 245 58 scéniques.
1064 918 108 43 Une
1200 918 169 44 maison
1399 919 250 57 parisienne
1682 919 197 60 (Enoch)
1905 920 165 44 l'édita.
2099 918 149 48 Grâce
2274 919 24 44 à
2323 919 109 57 cela,
2460 918 84 46 elle

111 995 106 49 peut
242 984 233 59 s'imposer
501 985 109 45 dans
635 985 39 43 le
700 986 241 57 répertoire
968 986 59 43 du
1053 985 205 45 Théâtre
1284 985 171 61 lyrique
1482 988 236 43 universel.
1749 987 121 44 Mais
1894 1004 80 27 son
2000 999 89 32 sort
2114 999 64 32 est
2203 989 199 58 typique,
2430 988 114 43 chez

111 1069 112 27 nous
242 1068 8 29 :
280 1052 28 44 il
334 1069 25 27 a
384 1052 109 44 fallu
519 1053 74 43 dix
619 1052 166 45 années
809 1064 134 33 avant
969 1070 85 42 que
1080 1052 92 44 l'on
1199 1069 43 28 se
1264 1053 176 44 décidât
1465 1053 24 45 à
1515 1053 40 44 la
1581 1065 178 33 monter
1778 1076 10 34 ;
1815 1054 296 59 l'expérience
2133 1054 67 44 fut
2220 1054 321 45 concluante...

111 1120 235 57 Pourtant,
374 1136 114 28 nous
520 1137 115 27 nous
659 1131 215 34 trouvons
899 1138 162 27 encore
1089 1120 164 44 devant
1278 1120 62 44 les
1365 1121 173 44 mêmes
1562 1123 224 57 parti-pris
1813 1123 51 42 de
1892 1121 199 45 défiance
2118 1132 43 33 et
2191 1122 302 44 d'ostracisme
2520 1122 23 44 à

110 1188 166 59 l'égard
304 1188 74 44 des
398 1188 292 57 productions
716 1189 260 45 nationales.
1004 1188 67 45 Le
1099 1188 164 58 public,
1292 1188 209 57 paraît-il,
1520 1188 96 45 leur
1642 1189 169 58 préfère
1837 1190 61 43 les
1971 1206 99 43 gros
2093 1190 153 44 succès
2319 1190 225 58 étrangers

111 1272 179 28 comme
308 1254 69 45 La
398 1254 110 45 Fille
531 1257 54 42 du
608 1256 93 43 Far
722 1256 120 43 West
868 1256 52 44 de
948 1256 73 45 M.
1043 1256 203 57 Puccini,
1267 1256 111 43 dont
1398 1257 43 60 je
1468 1256 88 43 n'ai
1578 1258 94 41 rien
1694 1257 23 43 à
1738 1258 104 44 dire.
1863 1258 80 43 Un
1971 1258 129 43 livret
2126 1257 415 59 mélodramatique,

110 1341 86 27 aux
222 1322 127 45 effets
374 1323 221 60 vulgaires
621 1324 52 43 de
711 1339 157 28 roman
896 1324 196 58 policier,
1120 1323 278 58 commenté,
1427 1324 345 44 musicalement
1799 1325 59 59 (et
1883 1324 223 59 qu'est-ce
2143 1341 84 42 que
2262 1325 40 43 la
2339 1326 202 57 musique

112 1393 122 42 vient
270 1408 29 44 y
337 1391 106 44 faire
468 1390 30 60 ?)
537 1407 76 42 par
650 1407 63 28 un
740 1392 257 44 technicien
1024 1403 141 32 certes
1191 1390 160 46 habile.
1381 1391 207 44 Pareilles
1623 1408 176 27 œuvres
1837 1391 128 44 n'ont
1991 1409 149 28 aucun
2168 1404 177 46 rapport
2369 1408 106 27 avec
2501 1392 41 44 le

111 1459 172 44 théâtre
311 1459 58 43 tel
398 1476 85 42 que
510 1475 113 28 nous
649 1459 40 44 le
715 1475 268 28 concevons.
1012 1459 44 43 A
1083 1459 152 44 défaut
1276 1459 58 44 du
1374 1458 146 59 plaisir
1546 1470 240 48 purement
1825 1459 246 59 esthétique
2187 1477 42 26 se
2265 1460 218 43 suffissant
2519 1459 24 44 à

115 1527 239 44 lui-même
426 1554 20 5 -
471 1543 59 27 on
569 1537 107 47 peut
702 1543 164 28 encore
907 1527 211 44 accorder
1155 1527 23 44 à
1216 1526 100 45 l'art
1353 1543 62 27 un
1453 1527 135 44 noble
1628 1528 79 43 but
1743 1544 56 27 au
1837 1528 126 57 point
2003 1527 52 44 de
2098 1545 85 26 vue
2221 1527 132 44 social
2381 1543 9 28 :
2426 1527 114 44 celui

113 1595 192 44 d'élever
332 1594 60 44 les
417 1594 122 45 âmes
565 1594 23 44 à
615 1594 74 44 des
715 1595 319 44 communions
1061 1595 52 44 de
1141 1593 186 46 Beauté.
1357 1594 37 44 Il
1421 1593 115 46 n'est
1561 1596 45 42 ni
1635 1595 157 57 moral,
1819 1596 45 43 ni
1891 1595 148 59 digne,
2067 1595 52 44 de
2145 1595 142 44 flatter
2313 1594 39 43 le
2384 1594 159 59 peuple

111 1664 106 43 dans
242 1679 66 28 ses
327 1663 132 58 goûts
478 1661 249 46 inférieurs.

248 1934 72 46 M.
351 1933 128 45 Léon
508 1935 60 43 du
595 1933 105 45 Bois
725 1951 25 27 a
774 1934 212 45 consacré
1011 1934 39 44 le
1089 1934 175 44 dernier
1291 1946 185 32 concert
1513 1934 59 44 du
1601 1934 342 44 Conservatoire
1971 1934 23 44 à
2018 1933 273 45 l'exécution
2329 1933 214 61 intégrale

111 2005 52 42 de
203 2002 241 44 Franciscus
446 2039 11 21 ,
485 2001 188 45 l'œuvre
708 2002 225 45 maîtresse
972 2001 199 60 d'Edgar
1208 2001 158 46 Tinel.
1407 2002 131 44 Nous
1579 2018 136 28 avons
1752 2002 233 44 ici-même
2023 2001 177 62 analysé
2237 2001 42 45 la
2316 2002 225 58 partition.

110 2070 100 46 Elle
236 2082 65 32 est
326 2086 196 29 connue.
551 2069 129 52 Qu'il
708 2086 114 28 nous
845 2070 145 44 suffise
1017 2070 117 44 donc
1171 2070 53 43 de
1261 2069 191 60 signaler
1488 2068 291 46 l'excellence
1819 2070 53 43 de
1898 2068 374 60 l'interprétation
2298 2086 9 28 :
2349 2071 194 57 chœurs,

109 2140 240 55 orchestre,
375 2137 184 58 solistes,
587 2140 142 55 parmi
755 2138 188 59 lesquels
968 2137 73 45 M.
1072 2137 299 57 Plamondon,
1400 2136 73 45 M.
1503 2137 181 60 Seguin,
1713 2137 57 44 M
1774 2142 49 19 me
1849 2136 400 61 Mellot-Joubert,
2279 2137 71 44 M.
2375 2137 140 44 Moris-

109 2223 97 28 sens
232 2218 44 32 et
304 2204 74 47 M.
407 2206 221 43 Ansseau.
746 2206 45 43 A
817 2206 40 43 la
889 2205 123 44 Libre
1038 2204 242 60 Esthétique
1283 2241 11 21 ,
1322 2206 112 42 dont
1459 2204 40 45 le
1524 2204 123 45 salon
1673 2205 151 44 réunit
1854 2216 117 33 cette
1998 2206 145 43 année
2169 2206 73 43 des
2268 2206 192 57 peintres
2484 2205 59 43 du

110 2275 125 56 midi,
273 2273 73 45 M.
376 2272 184 47 Octave
587 2272 140 45 Maus
763 2274 201 57 poursuit
1000 2272 253 59 l'apostolat
1291 2272 186 45 musical
1515 2274 74 57 qui
1630 2289 111 28 nous
1767 2272 122 45 valut
1925 2273 41 44 la
2004 2272 242 44 révélation
2274 2273 52 43 de
2353 2284 124 32 toute
2503 2272 41 44 la

111 2343 204 58 musique
342 2340 411 45 franco-wallonne
779 2341 230 44 moderne.
1047 2340 67 45 Le
1139 2357 286 43 programme
1452 2341 59 43 du
1537 2342 192 57 premier
1755 2352 184 33 concert
1966 2356 8 28 :
2018 2341 147 44 Sonate
2202 2357 54 26 en
2294 2341 32 43 si
2354 2340 187 61 majeur,

111 2426 109 42 pour
245 2409 151 44 violon
436 2419 44 33 et
508 2410 149 58 piano,
696 2409 53 44 de
787 2409 161 44 Victor
976 2408 179 57 Vreuls,
1180 2407 133 61 jouée
1351 2425 75 42 par
1465 2408 56 44 M
1527 2413 49 19 me
1602 2408 73 44 De
1717 2408 93 44 Vos
1835 2419 44 33 et
1906 2408 72 45 M.
2009 2408 198 45 Defauw
2231 2428 10 35 ;
2270 2407 271 57 Renouveau,

111 2477 207 57 mélodie,
346 2477 59 43 du
431 2476 165 46 même.
626 2475 88 46 Les
739 2475 158 45 Petites
921 2475 195 45 Litanies
1139 2477 49 42 de
1211 2476 127 63 fésus
1339 2512 12 21 y
1379 2477 202 58 exquises
1611 2477 296 58 paraphrases,
1936 2477 52 43 de
2016 2475 49 45 P.
2093 2477 53 42 de
2173 2474 193 45 Bréville
2388 2495 11 35 ;
2427 2475 117 43 deux

110 2545 133 44 lieder
278 2545 53 44 de
370 2543 253 58 Chausson,
663 2544 185 45 chantés
885 2561 76 41 par
996 2543 57 44 M
1058 2548 48 20 me
1133 2543 161 45 M.-A.
1325 2543 411 45 Weber-Delacre.
1776 2543 139 45 Deux
1953 2543 165 44 Rondes
2153 2559 72 28 sur
2262 2543 74 43 des
2372 2541 172 44 thèmes

111 2612 247 60 populaires
391 2611 189 45 wallons
605 2622 44 33 et
674 2628 90 28 une
791 2611 150 45 Sonate
966 2612 87 59 (op.
1085 2612 78 59 39)
1191 2628 110 41 pour
1327 2611 266 44 violoncelle
1621 2623 43 32 et
1691 2612 132 58 piano
1849 2611 54 44 de
1928 2612 165 58 Joseph
2127 2611 195 59 Jongen,
2361 2609 107 44 dans
2505 2608 39 44 la

111 2682 139 44 douce
290 2679 188 61 grisaille
514 2692 44 32 et
595 2680 39 44 le
671 2681 111 42 beau
820 2679 377 59 développement
1233 2695 85 42 que
1357 2695 112 28 nous
1505 2680 175 43 aimons
1706 2680 115 44 chez
1857 2679 38 43 le
1934 2678 160 44 délicat
2119 2677 322 62 symphoniste,
2469 2691 74 43 par

111 2748 190 44 l'auteur
328 2759 44 32 et
398 2747 75 45 M.
502 2747 236 46 Dambois.
769 2746 68 45 La
870 2747 240 44 deuxième
1134 2746 175 58 séance,
1336 2746 97 59 plus
1503 2747 137 60 jeune
1668 2747 172 43 France
1917 2762 160 28 encore
2104 2757 44 32 et
2173 2745 96 58 plus
2302 2743 240 58 précieuse.

111 2816 56 44 M
172 2816 58 25 eile
257 2815 249 61 Georgette
535 2815 180 58 Gûller,
743 2815 187 58 pianiste
1047 2815 84 43 elle
1158 2815 216 57 débutait,
1398 2815 42 61 je
1467 2816 128 55 crois,
1623 2815 90 43 àla
1739 2813 131 44 Libre
1894 2813 242 59 Esthétique
2159 2827 146 27 —en
2331 2812 73 57 qui
2432 2825 112 28 nous

110 2884 176 44 saluons
329 2900 90 27 une
453 2885 194 42 virtuose
686 2883 54 43 de
778 2883 138 60 grand
944 2884 167 56 avenir,
1139 2882 39 44 le
1206 2881 325 45 violoncelliste
1557 2883 198 43 montois
1792 2881 73 45 M.
1906 2881 166 56 Pitsch,
2118 2878 295 59 interprêtent
2453 2893 90 27 une

111 2951 147 45 Sonate
283 2952 52 43 de
365 2950 111 62 Guy
504 2951 220 59 Ropartz,
751 2961 282 34 savamment
1070 2951 264 57 construite,
1362 2950 52 44 de
1443 2950 69 44 bel
1539 2949 230 60 équilibre,
1797 2949 52 43 de
1875 2949 120 43 saine
2032 2958 44 32 et
2112 2947 115 43 vraie
2253 2945 158 58 poésie.
2441 2943 103 45 Plus

109 3019 188 57 raffinés,
326 3020 110 43 mais
473 3020 53 43 de
564 3019 131 59 grâce
732 3036 59 26 un
833 3035 87 41 peu
957 3017 169 60 fragile,
1165 3017 28 44 l'
1203 3018 140 58 Elégie
1361 3017 208 59 première
1595 3018 53 42 de
1688 3017 245 60 Raymond
1971 3015 229 55 Bonheur,
2240 3012 38 43 le
2317 3011 134 44 Secret
2488 3010 52 44 de

111 3086 47 46 P.
186 3089 52 42 de
267 3086 209 59 Bréville,
515 3086 61 44 Le
612 3086 247 44 Promenoir
895 3087 48 43 de
977 3087 107 43 deux
1120 3096 166 33 amants
1320 3086 54 43 de
1402 3084 174 46 Claude
1603 3084 224 60 Debussy,
1856 3081 186 45 chantés
2067 3092 43 31 et
2137 3081 83 42 dits
2245 3095 105 27 avec
2388 3094 61 27 un
2475 3088 66 33 art

111 3155 332 58 incomparable
494 3170 75 43 par
613 3154 57 45 M
676 3159 48 19 me
762 3154 115 60 Jane
922 3152 376 61 Bathori-Engel.
1342 3154 78 43 Au
1463 3154 148 57 piano,
1656 3152 41 43 la
1739 3151 87 43 très
1860 3149 160 45 subtile
2056 3149 150 43 artiste
2239 3161 301 42 accompagne

111 3222 71 45 M.
213 3222 152 45 Pitsch
403 3222 108 45 dans
547 3222 42 43 la
626 3222 183 43 Pavane
830 3230 104 49 pour
970 3239 77 26 mie
1082 3221 173 61 Infante
1291 3221 167 61 défunte
1484 3220 52 44 de
1564 3218 156 45 Ravel.
1749 3218 178 44 Encore
1955 3232 63 27 un
2044 3216 101 41 titre
2173 3215 73 57 qui
2273 3213 203 43 dénonce
2503 3210 39 44 la

113 3290 229 57 préciosité
377 3291 52 43 de
467 3289 175 58 l'école,
676 3305 121 28 assez
835 3289 233 58 lointaine,
1096 3305 75 28 ma
1195 3289 77 56 foi,
1300 3289 53 43 de
1379 3304 80 27 nos
1485 3297 244 47 transports
1754 3296 44 32 et
1824 3284 51 43 de
1903 3299 80 27 nos
2007 3281 171 57 fièvres,
2204 3296 87 27 aux
2319 3277 138 44 bonds
2483 3278 59 42 du

113 3359 136 57 grand
275 3357 132 45 effort
432 3358 232 43 moderne.
694 3357 176 52 Quatre
908 3356 182 59 poèmes
1127 3357 53 43 de
1215 3355 48 45 P.
1295 3354 227 57 Verlaine,
1550 3352 220 44 finement
1795 3349 189 45 illustrés
2009 3364 75 42 par
2111 3347 56 44 M
2173 3351 47 19 me
2257 3345 284 59 Poldowsky,

113 3442 61 27 un
213 3425 182 46 Prélude
419 3437 38 33 et
484 3425 141 58 Fugue
740 3425 33 44 si
800 3442 87 41 peu
1004 3425 53 44 de
1094 3422 186 47 Gabriel
1320 3420 176 59 Pierné,
1534 3421 61 43 les
1635 3419 165 57 Cigales
1836 3428 44 32 et
1916 3415 97 44 Vile
2048 3415 189 42 heureuse
2273 3413 71 58 (en
2373 3411 78 60 bis)
2489 3411 53 44 de
