2834 3939
323 125 128 65 LA
513 125 573 67 CONDITION
1146 126 407 68 SOCIALE
1616 125 141 67 DU
1821 126 482 66 MUSICIEN

2437 148 88 68 35

99 267 103 77 qui
236 267 261 57 donnent
545 268 97 57 des
690 289 167 36 cours
906 268 29 56 à
988 287 28 57 5
1068 267 93 58 frs.
1212 289 103 56 par
1346 269 150 56 mois
1542 283 55 42 et
1645 269 193 57 même
1885 268 30 57 à
1962 289 33 36 o
2042 267 72 58 fr.
2168 287 73 58 25
2293 269 238 60 l'heure.

101 354 182 56 Entre
329 374 94 37 ces
470 355 154 56 deux
671 354 286 57 extrêmes
1002 352 250 58 s'établit
1301 374 113 36 une
1461 353 143 58 série
1653 355 68 58 de
1768 357 135 77 prix
1945 354 330 80 dépendant
2304 378 11 35 :
2366 357 70 56 de
2482 358 52 55 la

99 441 291 57 notoriété
424 442 78 56 du
535 441 342 80 professeur,
912 442 67 54 de
1012 441 52 54 la
1108 441 155 67 ville,
1296 456 57 40 et
1388 442 192 56 même
1613 443 76 56 du
1725 444 275 78 quartier,
2036 443 142 78 qu'il
2211 442 217 70 habite,
2464 444 70 56 de

99 547 59 37 sa
203 526 309 58 résistance
546 550 71 34 au
653 528 202 55 travail
1004 526 130 54 telle
1181 523 221 59 femme
1437 526 242 58 délicate
1712 550 70 35 ne
1816 543 140 64 peut
1999 529 224 58 donner
2253 529 52 56 le
2338 529 196 58 même

103 613 170 57 effort
310 616 217 76 qu'une
574 613 230 56 robuste
838 609 261 58 créature
1245 625 56 42 et
1349 615 166 66 aussi,
1565 635 68 35 en
1683 615 208 57 dehors
1938 616 70 56 de
2041 636 56 37 sa
2139 617 198 56 valeur
2369 617 132 56 tech-

102 703 199 74 nique,
337 702 94 55 des
465 697 244 80 qualités
744 698 404 78 personnelles.

276 787 91 55 De
399 786 193 55 même
625 805 112 56 que
780 785 51 54 le
875 783 156 78 gain,
1076 785 51 54 la
1160 782 247 80 dépense
1442 785 139 58 d'un
1632 790 286 56 musicien
1969 804 81 42 est
2101 790 429 58 extrêmement

98 870 269 56 variable.
421 871 49 55 Il
516 884 82 42 est
647 869 130 55 bien
827 867 236 57 évident
1111 890 115 57 que
1272 871 52 55 le
1372 871 207 57 maître
1621 872 70 57 de
1735 876 271 76 musique
2050 876 102 78 qui
2200 876 192 56 donne
2435 877 95 56 des

94 957 195 75 leçons
322 955 29 57 à
394 975 18 36 1
454 954 69 58 fr.
558 956 53 55 la
643 956 248 67 minute,
941 956 52 56 le
1042 954 167 58 ténor
1244 978 74 34 ou
1362 959 52 54 la
1461 960 190 75 prima
1684 960 191 57 donna
1907 961 29 57 à
1969 964 52 54 la
2054 963 173 55 mode
2261 964 103 76 qui
2397 976 100 44 tou-

95 1041 177 57 chent
306 1043 69 54 de
408 1056 358 63 somptueux
799 1041 252 70 cachets,
1086 1044 199 54 vivent
1318 1064 96 36 sur
1448 1064 75 36 un
1557 1046 136 77 pied
1727 1068 112 56 que
1884 1068 71 37 ne
1987 1048 301 58 connaîtra
2319 1050 210 76 jamais

94 1128 52 54 le
196 1129 148 76 petit
395 1129 288 54 musicien
734 1126 356 59 d'orchestre
1142 1149 75 36 ou
1264 1129 53 56 la
1363 1129 296 58 maîtresse
1708 1131 78 56 du
1835 1134 177 76 piano
2060 1135 76 56 du
2186 1136 343 75 pensionnat

94 1215 206 55 voisin.
338 1215 253 56 Comme
639 1214 137 57 dans
826 1229 164 42 toute
1038 1214 343 79 profession,
1416 1230 56 42 et
1519 1237 150 57 pour
1715 1219 115 56 s'en
1879 1222 149 54 tenir
2075 1220 30 56 à
2153 1242 65 35 ce
2258 1223 168 76 point
2459 1223 70 56 de

94 1321 109 34 vue
238 1298 175 58 étroit
461 1313 55 42 et
567 1299 110 58 très
725 1300 265 57 matériel
1021 1302 77 55 du
1132 1302 362 68 rendement,
1531 1304 39 53 il
1602 1326 37 57 y
1672 1324 48 47 a,
1755 1304 138 57 dans
1924 1307 52 56 le
2011 1307 213 56 monde
2263 1309 263 68 musical,

94 1407 112 36 une
256 1387 358 56 aristocratie
666 1388 275 76 opulente
972 1410 11 34 :
1038 1388 209 76 grands
1293 1388 371 79 professeurs,
1715 1392 282 57 virtuoses
2045 1413 116 36 aux
2210 1394 319 57 mondiales

93 1471 290 69 tournées,
417 1474 222 55 artistes
672 1474 69 56 de
789 1473 226 57 théâtre
1048 1474 62 56 di
1138 1474 178 78 primo
1362 1477 221 54 cartello
1607 1498 19 42 ;
1675 1497 112 36 une
1821 1478 173 56 classe
2037 1500 290 49 moyenne
2360 1495 56 42 et
2451 1501 75 36 un

92 1557 298 57 infortuné
423 1558 338 79 prolétariat
795 1562 101 76 qui
932 1559 228 79 végète,
1186 1563 192 76 peine,
1405 1582 56 36 se
1492 1563 187 76 plaint
1713 1577 56 42 et
1801 1566 269 75 pratique
2103 1566 158 56 l'Art
2294 1586 232 37 comme

92 1646 50 56 le
175 1646 230 56 dernier
438 1646 96 57 des
568 1644 253 60 métiers.

268 1733 225 78 Depuis
540 1735 282 76 quelques
871 1732 209 59 années
1129 1736 79 56 les
1259 1736 311 56 musiciens
1614 1751 102 42 ont
1763 1735 177 58 fondé
1984 1759 79 34 un
2106 1740 262 76 syndicat
2416 1738 112 58 très

92 1818 256 77 puissant
699 1820 56 54 la
878 1818 317 58 Fédération
1602 1820 87 56 des
1871 1820 211 56 artistes
2389 1821 145 56 music
1889 1822 209 57 affiliée
2145 1824 129 55 àla
2314 1826 215 56 Bourse

90 1904 78 57 du
202 1905 258 70 Travail,
494 1920 170 64 ayant
699 1926 56 37 sa
788 1909 193 66 caisse,
1007 1928 102 37 son
1136 1907 232 77 journal
1400 1923 117 43 et...
1553 1929 84 37 ses
1669 1909 224 57 cahiers
1918 1910 96 57 des
2045 1911 480 59 revendications.

93 1990 169 57 Ainsi
296 1990 252 79 groupés
579 1992 69 56 ils
682 2006 102 42 ont
818 1991 177 59 réussi
1028 1991 30 59 à
1091 1992 308 58 améliorer
1429 1994 399 57 notablement
1860 1998 78 54 les
1971 1996 330 57 conditions
2343 1996 149 59 maté-

93 2078 185 55 rielles
327 2078 69 57 de
442 2079 126 56 leur
616 2080 296 56 existence
943 2102 11 34 :
1012 2081 273 78 exigeant
1334 2081 98 58 des
1485 2084 472 75 augmentations
2012 2084 71 56 de
2136 2085 244 67 salaires,
2432 2084 96 57 des

90 2178 256 43 contrats
390 2166 131 77 plus
569 2164 189 79 précis
805 2180 56 42 et
908 2168 130 76 plus
1087 2182 366 62 avantageux
1486 2182 56 42 et
1590 2189 112 36 une
1749 2172 471 55 reconnaissance
2262 2170 71 56 de
2378 2172 151 55 leurs

90 2249 182 57 droits
294 2253 100 76 qui
418 2253 94 54 n'a
534 2272 99 57 pas
653 2250 90 59 été
766 2273 126 37 sans
911 2254 345 76 surprendre
1278 2268 129 43 tout
1433 2253 235 58 d'abord
1691 2276 149 37 ceux
1862 2258 102 76 qui
1989 2258 79 56 les
2089 2258 395 77 employaient
2506 2259 18 55 ?

92 2335 224 58 Ont-ils
357 2351 114 43 tort
507 2338 70 56 de
625 2338 182 56 mêler
852 2339 79 56 les
965 2342 295 75 questions
1306 2340 320 78 politiques
1673 2362 115 36 aux
1834 2344 296 75 questions
2177 2342 320 78 profession-

90 2424 174 56 nelles
292 2426 17 53 ?
349 2426 83 54 Ce
466 2423 144 58 n'est
643 2445 98 57 pas
775 2427 76 56 ici
883 2427 258 56 l'instant
1175 2427 70 56 de
1277 2426 285 58 formuler
1594 2448 66 36 ce
1692 2448 176 58 genre
1901 2429 70 56 de
2006 2431 295 77 critiques.

262 2512 90 55 La
701 2511 320 57 Fédération
1402 2511 90 57 des
1642 2512 216 56 artistes
2135 2513 274 57 musiciens
1746 2536 31 36 a
1810 2514 95 58 des
1931 2517 202 56 caisses
2166 2516 68 56 de
2268 2517 257 56 retraites

89 2608 57 44 et
181 2594 191 59 donne
405 2597 97 56 des
534 2617 230 37 secours
798 2619 70 36 en
902 2619 93 36 cas
1026 2600 70 55 de
1129 2601 247 56 maladie
1409 2598 30 57 à
1472 2621 81 37 ses
1586 2600 324 59 adhérents.

264 2683 84 56 La
402 2682 226 59 Société
683 2683 96 58 des
833 2685 249 57 Artistes
1133 2687 314 55 musiciens
1494 2685 209 58 fondée
1750 2707 71 36 en
1880 2687 152 78 1483
2084 2707 103 59 par
2232 2688 52 55 le
2334 2688 188 55 Baron

89 2767 221 79 Taylor
357 2789 210 49 assure,
615 2785 359 63 moyennant
1020 2772 53 55 le
1118 2774 300 76 paiement
1465 2772 172 57 d'une
1684 2775 256 56 certaine
1987 2794 223 37 somme
2257 2794 113 35 une
2416 2771 109 57 fois

92 2854 224 57 donnée
363 2876 77 36 ou
488 2855 96 57 des
630 2871 357 43 versements
1034 2860 258 67 annuels,
1343 2880 111 36 une
1503 2861 233 56 retraite
1785 2859 29 57 à
1861 2880 82 37 ses
1997 2861 307 56 membres.
2356 2860 168 54 Nous

87 2953 279 45 trouvons
398 2963 209 35 encore
642 2945 100 55 :la
1476 2944 197 57 Société
1917 2945 63 55 de
2102 2965 182 37 secours
2285 2964 206 57 compre-

87 3043 157 53 nant,
280 3048 128 38 sous
455 3043 152 43 cette
656 3030 303 79 rubrique,
992 3033 79 55 les
1118 3034 222 56 artistes
1373 3034 413 77 dramatiques,
1820 3034 333 67 musiciens,
2187 3033 220 54 artistes
2455 3030 67 56 de

87 3111 271 74 théâtres,
394 3115 69 57 de
511 3132 284 54 concerts,
844 3118 71 56 de
962 3119 384 58 music-halls.
1397 3122 85 54 La

82 3200 334 79 prévoyance
835 3202 90 55 des
1111 3204 285 78 Employés
1767 3204 73 57 du
2009 3224 276 38 commerce
1726 3227 34 34 a
2017 3205 84 55 Le
2134 3204 133 55 titre
2315 3215 80 41 est
2445 3221 76 35 un

85 3304 113 58 peu
233 3288 161 76 long,
429 3290 144 55 mais
607 3289 40 56 il
680 3288 212 58 mérite
926 3304 165 44 toute
1124 3290 451 59 considération.
1602 3293 271 55 L'œuvre
1899 3311 30 34 a
1957 3309 148 58 pour
2124 3288 105 56 but
2251 3287 273 55 d'assurer

85 3392 112 37 une
230 3376 234 55 retraite
497 3374 30 57 à
560 3391 131 42 tous
724 3396 84 37 ses
841 3377 309 58 membres.
1186 3379 55 55 A
1275 3377 131 58 côté
1440 3379 69 55 de
1543 3391 153 43 cette
1729 3396 199 37 œuvre
1959 3395 55 36 se
2063 3377 162 74 place
2270 3372 221 56 naturel-
