<?xml version="1.0" encoding="UTF-8"?>
<alto xmlns:xsi="http://www.w3.org/2001/XMLSchema-instance" xmlns="http://www.loc.gov/standards/alto/ns-v2#" xsi:schemaLocation="http://www.loc.gov/standards/alto/ns-v2# http://www.loc.gov/standards/alto/alto-v2.0.xsd" xmlns:xlink="http://www.w3.org/1999/xlink">
	<Description>
		<MeasurementUnit>mm10</MeasurementUnit>
		<sourceImageInformation>
			<fileName>//fileserver7/IN2/Princeton/Batch3/bmtnabh/1913/04/15_01/00000253.tif</fileName>
		</sourceImageInformation>
		<OCRProcessing ID="OCRPROCESSING_1">
			<preProcessingStep>
				<processingSoftware>
					<softwareCreator>CCS Content Conversion Specialists GmbH, Germany</softwareCreator>
					<softwareName>CCS docWORKS</softwareName>
					<softwareVersion>6.6-1.18</softwareVersion>
				</processingSoftware>
			</preProcessingStep>
			<ocrProcessingStep>
				<processingSoftware>
					<softwareCreator>ABBYY (BIT Software), Russia</softwareCreator>
					<softwareName>FineReader</softwareName>
					<softwareVersion>10.0</softwareVersion>
				</processingSoftware>
			</ocrProcessingStep>
		</OCRProcessing>
	</Description>
	<Styles>
		<TextStyle ID="TXT_0" FONTSIZE="27" FONTFAMILY="Times New Roman"/>
		<TextStyle ID="TXT_1" FONTSIZE="25" FONTFAMILY="Times New Roman"/>
		<TextStyle ID="TXT_2" FONTSIZE="21" FONTFAMILY="Times New Roman"/>
		<ParagraphStyle ID="PAR_CENTER" ALIGN="Center"/>
		<ParagraphStyle ID="PAR_RIGHT" ALIGN="Right"/>
		<ParagraphStyle ID="PAR_LEFT" ALIGN="Left"/>
	</Styles>
	<Layout>
		<Page ID="P5" PHYSICAL_IMG_NR="5" HEIGHT="3939" WIDTH="2834" PC="0.941">
			<TopMargin ID="P5_TM00001" HPOS="0" VPOS="0" WIDTH="2834" HEIGHT="127"/>
			<LeftMargin ID="P5_LM00001" HPOS="0" VPOS="127" WIDTH="138" HEIGHT="3328"/>
			<RightMargin ID="P5_RM00001" HPOS="2584" VPOS="127" WIDTH="250" HEIGHT="3328"/>
			<BottomMargin ID="P5_BM00001" HPOS="0" VPOS="3455" WIDTH="2834" HEIGHT="484"/>
			<PrintSpace ID="P5_PS00001" HPOS="138" VPOS="127" WIDTH="2446" HEIGHT="3328">
				<TextBlock ID="P5_TB00001" HPOS="606" VPOS="127" WIDTH="1489" HEIGHT="70" STYLEREFS="TXT_0 PAR_CENTER">
					<TextLine ID="P5_TL00001" HPOS="607" VPOS="127" WIDTH="1488" HEIGHT="70">
						<String ID="P5_ST00001" HPOS="607" VPOS="127" WIDTH="485" HEIGHT="70" CONTENT="HAENDEL" WC="0.76" CC="3004134"/>
						<SP ID="P5_SP00001" HPOS="1092" VPOS="197" WIDTH="58"/>
						<String ID="P5_ST00002" HPOS="1150" VPOS="132" WIDTH="127" HEIGHT="65" CONTENT="ET" WC="1.00" CC="00"/>
						<SP ID="P5_SP00002" HPOS="1277" VPOS="197" WIDTH="61"/>
						<String ID="P5_ST00003" HPOS="1338" VPOS="130" WIDTH="757" HEIGHT="67" CONTENT="L'ANGLETERRE" WC="1.00" CC="300000004000"/>
						<SP ID="P5_SP00003" HPOS="2095" VPOS="197" WIDTH="0"/>
					</TextLine>
				</TextBlock>
				<TextBlock ID="P5_TB00002" HPOS="2526" VPOS="154" WIDTH="37" HEIGHT="68" STYLEREFS="TXT_1 PAR_RIGHT">
					<TextLine ID="P5_TL00002" HPOS="2527" VPOS="155" WIDTH="34" HEIGHT="66">
						<String ID="P5_ST00004" HPOS="2527" VPOS="155" WIDTH="34" HEIGHT="66" CONTENT="3" WC="0.51" CC="4"/>
					</TextLine>
				</TextBlock>
				<TextBlock ID="P5_TB00003" HPOS="138" VPOS="268" WIDTH="2446" HEIGHT="3187" STYLEREFS="TXT_2 PAR_LEFT">
					<TextLine ID="P5_TL00003" HPOS="138" VPOS="268" WIDTH="2431" HEIGHT="85">
						<String ID="P5_ST00005" HPOS="138" VPOS="271" WIDTH="125" HEIGHT="57" CONTENT="doit" WC="0.97" CC="0245"/>
						<SP ID="P5_SP00004" HPOS="263" VPOS="328" WIDTH="49"/>
						<String ID="P5_ST00006" HPOS="312" VPOS="268" WIDTH="287" HEIGHT="80" CONTENT="éprouver" WC="0.98" CC="55364102"/>
						<SP ID="P5_SP00005" HPOS="599" VPOS="348" WIDTH="48"/>
						<String ID="P5_ST00007" HPOS="647" VPOS="268" WIDTH="31" HEIGHT="60" CONTENT="à" WC="0.32" CC="6"/>
						<SP ID="P5_SP00006" HPOS="678" VPOS="348" WIDTH="49"/>
						<String ID="P5_ST00008" HPOS="727" VPOS="291" WIDTH="103" HEIGHT="38" CONTENT="son" WC="0.98" CC="032"/>
						<SP ID="P5_SP00007" HPOS="830" VPOS="348" WIDTH="55"/>
						<String ID="P5_ST00009" HPOS="885" VPOS="271" WIDTH="197" HEIGHT="80" CONTENT="égard," WC="0.99" CC="504003"/>
						<SP ID="P5_SP00008" HPOS="1082" VPOS="351" WIDTH="57"/>
						<String ID="P5_ST00010" HPOS="1139" VPOS="295" WIDTH="77" HEIGHT="34" CONTENT="un" WC="1.00" CC="00"/>
						<SP ID="P5_SP00009" HPOS="1216" VPOS="351" WIDTH="51"/>
						<String ID="P5_ST00011" HPOS="1267" VPOS="275" WIDTH="314" HEIGHT="57" CONTENT="sentiment" WC="0.99" CC="006322160"/>
						<SP ID="P5_SP00010" HPOS="1581" VPOS="351" WIDTH="54"/>
						<String ID="P5_ST00012" HPOS="1635" VPOS="272" WIDTH="114" HEIGHT="60" CONTENT="très" WC="0.97" CC="4070"/>
						<SP ID="P5_SP00011" HPOS="1749" VPOS="351" WIDTH="53"/>
						<String ID="P5_ST00013" HPOS="1802" VPOS="273" WIDTH="373" HEIGHT="79" CONTENT="comparable" WC="0.99" CC="0116006340"/>
						<SP ID="P5_SP00012" HPOS="2175" VPOS="352" WIDTH="31"/>
						<String ID="P5_ST00014" HPOS="2206" VPOS="272" WIDTH="31" HEIGHT="58" CONTENT="à" WC="0.32" CC="6"/>
						<SP ID="P5_SP00013" HPOS="2237" VPOS="352" WIDTH="33"/>
						<String ID="P5_ST00015" HPOS="2270" VPOS="273" WIDTH="152" HEIGHT="57" CONTENT="celui" WC="0.98" CC="00542"/>
						<SP ID="P5_SP00014" HPOS="2422" VPOS="352" WIDTH="34"/>
						<String ID="P5_ST00016" HPOS="2456" VPOS="295" WIDTH="113" HEIGHT="58" CONTENT="que" WC="0.95" CC="490"/>
					</TextLine>
					<TextLine ID="P5_TL00004" HPOS="143" VPOS="355" WIDTH="1498" HEIGHT="82">
						<String ID="P5_ST00017" HPOS="143" VPOS="358" WIDTH="179" HEIGHT="58" CONTENT="Louis" WC="1.00" CC="00010"/>
						<SP ID="P5_SP00015" HPOS="322" VPOS="416" WIDTH="32"/>
						<String ID="P5_ST00018" HPOS="354" VPOS="356" WIDTH="158" HEIGHT="57" CONTENT="XIII" WC="0.77" CC="0503"/>
						<SP ID="P5_SP00016" HPOS="512" VPOS="416" WIDTH="35"/>
						<String ID="P5_ST00019" HPOS="547" VPOS="355" WIDTH="309" HEIGHT="81" CONTENT="éprouvait" WC="0.98" CC="992029430"/>
						<SP ID="P5_SP00017" HPOS="856" VPOS="436" WIDTH="33"/>
						<String ID="P5_ST00020" HPOS="889" VPOS="358" WIDTH="28" HEIGHT="58" CONTENT="à" WC="0.32" CC="6"/>
						<SP ID="P5_SP00018" HPOS="917" VPOS="436" WIDTH="33"/>
						<String ID="P5_ST00021" HPOS="950" VPOS="357" WIDTH="219" HEIGHT="80" CONTENT="l'égard" WC="0.99" CC="4401050"/>
						<SP ID="P5_SP00019" HPOS="1169" VPOS="437" WIDTH="35"/>
						<String ID="P5_ST00022" HPOS="1204" VPOS="360" WIDTH="70" HEIGHT="56" CONTENT="de" WC="1.00" CC="00"/>
						<SP ID="P5_SP00020" HPOS="1274" VPOS="437" WIDTH="35"/>
						<String ID="P5_ST00023" HPOS="1309" VPOS="361" WIDTH="332" HEIGHT="58" CONTENT="Richelieu." WC="0.99" CC="2200020453"/>
					</TextLine>
					<TextLine ID="P5_TL00005" HPOS="313" VPOS="445" WIDTH="2256" HEIGHT="81">
						<String ID="P5_ST00024" HPOS="313" VPOS="445" WIDTH="77" HEIGHT="56" CONTENT="Et" WC="0.58" CC="25"/>
						<SP ID="P5_SP00021" HPOS="390" VPOS="501" WIDTH="52"/>
						<String ID="P5_ST00025" HPOS="442" VPOS="445" WIDTH="224" HEIGHT="77" CONTENT="maigre" WC="0.98" CC="045033"/>
						<SP ID="P5_SP00022" HPOS="666" VPOS="522" WIDTH="51"/>
						<String ID="P5_ST00026" HPOS="717" VPOS="459" WIDTH="129" HEIGHT="43" CONTENT="tout" WC="0.99" CC="5000"/>
						<SP ID="P5_SP00023" HPOS="846" VPOS="522" WIDTH="54"/>
						<String ID="P5_ST00027" HPOS="900" VPOS="447" WIDTH="140" HEIGHT="68" CONTENT="cela," WC="0.99" CC="00141"/>
						<SP ID="P5_SP00024" HPOS="1040" VPOS="522" WIDTH="33"/>
						<String ID="P5_ST00028" HPOS="1073" VPOS="465" WIDTH="71" HEIGHT="37" CONTENT="en" WC="0.67" CC="06"/>
						<SP ID="P5_SP00025" HPOS="1144" VPOS="522" WIDTH="56"/>
						<String ID="P5_ST00029" HPOS="1200" VPOS="446" WIDTH="369" HEIGHT="77" CONTENT="Angleterre," WC="1.00" CC="20010021313"/>
						<SP ID="P5_SP00026" HPOS="1569" VPOS="523" WIDTH="49"/>
						<String ID="P5_ST00030" HPOS="1618" VPOS="449" WIDTH="52" HEIGHT="55" CONTENT="la" WC="1.00" CC="00"/>
						<SP ID="P5_SP00027" HPOS="1670" VPOS="523" WIDTH="49"/>
						<String ID="P5_ST00031" HPOS="1719" VPOS="447" WIDTH="272" HEIGHT="79" CONTENT="musique" WC="0.99" CC="0601520"/>
						<SP ID="P5_SP00028" HPOS="1991" VPOS="526" WIDTH="55"/>
						<String ID="P5_ST00032" HPOS="2046" VPOS="447" WIDTH="68" HEIGHT="56" CONTENT="de" WC="1.00" CC="00"/>
						<SP ID="P5_SP00029" HPOS="2114" VPOS="526" WIDTH="50"/>
						<String ID="P5_ST00033" HPOS="2164" VPOS="446" WIDTH="272" HEIGHT="58" CONTENT="Haendel" WC="0.96" CC="1000000"/>
						<SP ID="P5_SP00030" HPOS="2436" VPOS="526" WIDTH="50"/>
						<String ID="P5_ST00034" HPOS="2486" VPOS="463" WIDTH="83" HEIGHT="41" CONTENT="est" WC="0.98" CC="004"/>
					</TextLine>
					<TextLine ID="P5_TL00006" HPOS="143" VPOS="529" WIDTH="2428" HEIGHT="83">
						<String ID="P5_ST00035" HPOS="143" VPOS="529" WIDTH="297" HEIGHT="59" CONTENT="assassinée" WC="0.99" CC="2006004400"/>
						<SP ID="P5_SP00031" HPOS="440" VPOS="588" WIDTH="32"/>
						<String ID="P5_ST00036" HPOS="472" VPOS="550" WIDTH="104" HEIGHT="59" CONTENT="par" WC="0.99" CC="003"/>
						<SP ID="P5_SP00032" HPOS="576" VPOS="609" WIDTH="31"/>
						<String ID="P5_ST00037" HPOS="607" VPOS="531" WIDTH="53" HEIGHT="57" CONTENT="la" WC="0.93" CC="10"/>
						<SP ID="P5_SP00033" HPOS="660" VPOS="609" WIDTH="33"/>
						<String ID="P5_ST00038" HPOS="693" VPOS="531" WIDTH="277" HEIGHT="57" CONTENT="tradition" WC="1.00" CC="150000203"/>
						<SP ID="P5_SP00034" HPOS="970" VPOS="609" WIDTH="34"/>
						<String ID="P5_ST00039" HPOS="1004" VPOS="531" WIDTH="97" HEIGHT="56" CONTENT="des" WC="1.00" CC="000"/>
						<SP ID="P5_SP00035" HPOS="1101" VPOS="609" WIDTH="32"/>
						<String ID="P5_ST00040" HPOS="1133" VPOS="531" WIDTH="208" HEIGHT="76" CONTENT="grands" WC="0.99" CC="040600"/>
						<SP ID="P5_SP00036" HPOS="1341" VPOS="609" WIDTH="32"/>
						<String ID="P5_ST00041" HPOS="1373" VPOS="532" WIDTH="250" HEIGHT="59" CONTENT="chœurs." WC="0.99" CC="0605003"/>
						<SP ID="P5_SP00037" HPOS="1623" VPOS="609" WIDTH="28"/>
						<String ID="P5_ST00042" HPOS="1651" VPOS="535" WIDTH="111" HEIGHT="57" CONTENT="Les" WC="0.98" CC="600"/>
						<SP ID="P5_SP00038" HPOS="1762" VPOS="609" WIDTH="34"/>
						<String ID="P5_ST00043" HPOS="1796" VPOS="554" WIDTH="139" HEIGHT="58" CONTENT="gens" WC="0.99" CC="3000"/>
						<SP ID="P5_SP00039" HPOS="1935" VPOS="612" WIDTH="32"/>
						<String ID="P5_ST00044" HPOS="1967" VPOS="534" WIDTH="373" HEIGHT="77" CONTENT="s'imaginent" WC="1.00" CC="01300012030"/>
						<SP ID="P5_SP00040" HPOS="2340" VPOS="612" WIDTH="24"/>
						<String ID="P5_ST00045" HPOS="2364" VPOS="534" WIDTH="173" HEIGHT="57" CONTENT="volon" SUBS_TYPE="HypPart1" SUBS_CONTENT="volontiers" WC="0.99" CC="00120"/>
						<HYP HPOS="2537" VPOS="534" WIDTH="34" CONTENT="-"/>
					</TextLine>
					<TextLine ID="P5_TL00007" HPOS="143" VPOS="615" WIDTH="2428" HEIGHT="84">
						<String ID="P5_ST00046" HPOS="143" VPOS="619" WIDTH="135" HEIGHT="56" CONTENT="tiers" SUBS_TYPE="HypPart2" SUBS_CONTENT="volontiers" WC="0.99" CC="42000"/>
						<SP ID="P5_SP00041" HPOS="278" VPOS="675" WIDTH="33"/>
						<String ID="P5_ST00047" HPOS="311" VPOS="636" WIDTH="113" HEIGHT="58" CONTENT="que" WC="0.97" CC="430"/>
						<SP ID="P5_SP00042" HPOS="424" VPOS="694" WIDTH="34"/>
						<String ID="P5_ST00048" HPOS="458" VPOS="636" WIDTH="168" HEIGHT="55" CONTENT="4000" WC="0.74" CC="3024"/>
						<SP ID="P5_SP00043" HPOS="626" VPOS="694" WIDTH="34"/>
						<String ID="P5_ST00049" HPOS="660" VPOS="617" WIDTH="309" HEIGHT="58" CONTENT="chanteurs" WC="1.00" CC="000300130"/>
						<SP ID="P5_SP00044" HPOS="969" VPOS="694" WIDTH="31"/>
						<String ID="P5_ST00050" HPOS="1000" VPOS="615" WIDTH="196" HEIGHT="58" CONTENT="réunis" WC="0.98" CC="065060"/>
						<SP ID="P5_SP00045" HPOS="1196" VPOS="694" WIDTH="32"/>
						<String ID="P5_ST00051" HPOS="1228" VPOS="616" WIDTH="239" HEIGHT="59" CONTENT="doivent" WC="1.00" CC="0000020"/>
						<SP ID="P5_SP00046" HPOS="1467" VPOS="694" WIDTH="47"/>
						<String ID="P5_ST00052" HPOS="1514" VPOS="617" WIDTH="143" HEIGHT="59" CONTENT="faire" WC="0.98" CC="70331"/>
						<SP ID="P5_SP00047" HPOS="1657" VPOS="694" WIDTH="47"/>
						<String ID="P5_ST00053" HPOS="1704" VPOS="642" WIDTH="114" HEIGHT="35" CONTENT="une" WC="0.98" CC="005"/>
						<SP ID="P5_SP00048" HPOS="1818" VPOS="694" WIDTH="47"/>
						<String ID="P5_ST00054" HPOS="1865" VPOS="621" WIDTH="347" HEIGHT="78" CONTENT="impression" WC="1.00" CC="1001000000"/>
						<SP ID="P5_SP00049" HPOS="2212" VPOS="699" WIDTH="34"/>
						<String ID="P5_ST00055" HPOS="2246" VPOS="639" WIDTH="168" HEIGHT="56" CONTENT="4000" WC="0.75" CC="2015"/>
						<SP ID="P5_SP00050" HPOS="2414" VPOS="699" WIDTH="47"/>
						<String ID="P5_ST00056" HPOS="2461" VPOS="619" WIDTH="110" HEIGHT="57" CONTENT="fois" WC="0.98" CC="6300"/>
					</TextLine>
					<TextLine ID="P5_TL00008" HPOS="142" VPOS="701" WIDTH="2432" HEIGHT="80">
						<String ID="P5_ST00057" HPOS="142" VPOS="704" WIDTH="128" HEIGHT="77" CONTENT="plus" WC="0.97" CC="6420"/>
						<SP ID="P5_SP00051" HPOS="270" VPOS="781" WIDTH="33"/>
						<String ID="P5_ST00058" HPOS="303" VPOS="703" WIDTH="219" HEIGHT="77" CONTENT="grande" WC="1.00" CC="010000"/>
						<SP ID="P5_SP00052" HPOS="522" VPOS="781" WIDTH="33"/>
						<String ID="P5_ST00059" HPOS="555" VPOS="705" WIDTH="185" HEIGHT="76" CONTENT="qu'un" WC="0.97" CC="06416"/>
						<SP ID="P5_SP00053" HPOS="740" VPOS="781" WIDTH="33"/>
						<String ID="P5_ST00060" HPOS="773" VPOS="701" WIDTH="285" HEIGHT="59" CONTENT="chanteur" WC="1.00" CC="00050000"/>
						<SP ID="P5_SP00054" HPOS="1058" VPOS="781" WIDTH="31"/>
						<String ID="P5_ST00061" HPOS="1089" VPOS="701" WIDTH="159" HEIGHT="59" CONTENT="isolé." WC="0.99" CC="100403"/>
						<SP ID="P5_SP00055" HPOS="1248" VPOS="781" WIDTH="38"/>
						<String ID="P5_ST00062" HPOS="1286" VPOS="704" WIDTH="159" HEIGHT="56" CONTENT="C'est" WC="0.99" CC="03200"/>
						<SP ID="P5_SP00056" HPOS="1445" VPOS="781" WIDTH="46"/>
						<String ID="P5_ST00063" HPOS="1491" VPOS="703" WIDTH="53" HEIGHT="57" CONTENT="là" WC="0.43" CC="37"/>
						<SP ID="P5_SP00057" HPOS="1544" VPOS="781" WIDTH="36"/>
						<String ID="P5_ST00064" HPOS="1580" VPOS="725" WIDTH="113" HEIGHT="37" CONTENT="une" WC="0.97" CC="054"/>
						<SP ID="P5_SP00058" HPOS="1693" VPOS="781" WIDTH="47"/>
						<String ID="P5_ST00065" HPOS="1740" VPOS="727" WIDTH="212" HEIGHT="36" CONTENT="erreur." WC="0.99" CC="0000053"/>
						<SP ID="P5_SP00059" HPOS="1952" VPOS="781" WIDTH="39"/>
						<String ID="P5_ST00066" HPOS="1991" VPOS="706" WIDTH="76" HEIGHT="57" CONTENT="Ils" WC="0.99" CC="030"/>
						<SP ID="P5_SP00060" HPOS="2067" VPOS="781" WIDTH="46"/>
						<String ID="P5_ST00067" HPOS="2113" VPOS="727" WIDTH="71" HEIGHT="35" CONTENT="ne" WC="0.97" CC="00"/>
						<SP ID="P5_SP00061" HPOS="2184" VPOS="781" WIDTH="31"/>
						<String ID="P5_ST00068" HPOS="2215" VPOS="705" WIDTH="130" HEIGHT="58" CONTENT="font" WC="0.98" CC="6020"/>
						<SP ID="P5_SP00062" HPOS="2345" VPOS="781" WIDTH="33"/>
						<String ID="P5_ST00069" HPOS="2378" VPOS="705" WIDTH="196" HEIGHT="57" CONTENT="même" WC="0.98" CC="0206"/>
					</TextLine>
					<TextLine ID="P5_TL00009" HPOS="143" VPOS="789" WIDTH="2428" HEIGHT="81">
						<String ID="P5_ST00070" HPOS="143" VPOS="809" WIDTH="97" HEIGHT="57" CONTENT="pas" WC="0.95" CC="093"/>
						<SP ID="P5_SP00063" HPOS="240" VPOS="866" WIDTH="32"/>
						<String ID="P5_ST00071" HPOS="272" VPOS="790" WIDTH="129" HEIGHT="76" CONTENT="plus" WC="0.98" CC="0450"/>
						<SP ID="P5_SP00064" HPOS="401" VPOS="866" WIDTH="32"/>
						<String ID="P5_ST00072" HPOS="433" VPOS="789" WIDTH="71" HEIGHT="57" CONTENT="de" WC="1.00" CC="00"/>
						<SP ID="P5_SP00065" HPOS="504" VPOS="866" WIDTH="33"/>
						<String ID="P5_ST00073" HPOS="537" VPOS="789" WIDTH="174" HEIGHT="57" CONTENT="bruit." WC="0.99" CC="004003"/>
						<SP ID="P5_SP00066" HPOS="711" VPOS="866" WIDTH="38"/>
						<String ID="P5_ST00074" HPOS="749" VPOS="789" WIDTH="161" HEIGHT="55" CONTENT="Vous" WC="0.98" CC="4320"/>
						<SP ID="P5_SP00067" HPOS="910" VPOS="866" WIDTH="32"/>
						<String ID="P5_ST00075" HPOS="942" VPOS="808" WIDTH="231" HEIGHT="57" CONTENT="pouvez" WC="0.99" CC="016014"/>
						<SP ID="P5_SP00068" HPOS="1173" VPOS="866" WIDTH="32"/>
						<String ID="P5_ST00076" HPOS="1205" VPOS="790" WIDTH="278" HEIGHT="56" CONTENT="entendre" WC="1.00" CC="00025000"/>
						<SP ID="P5_SP00069" HPOS="1483" VPOS="866" WIDTH="33"/>
						<String ID="P5_ST00077" HPOS="1516" VPOS="791" WIDTH="318" HEIGHT="78" CONTENT="n'importe" WC="1.00" CC="300000050"/>
						<SP ID="P5_SP00070" HPOS="1834" VPOS="869" WIDTH="48"/>
						<String ID="P5_ST00078" HPOS="1882" VPOS="793" WIDTH="136" HEIGHT="77" CONTENT="quel" WC="0.98" CC="4402"/>
						<SP ID="P5_SP00071" HPOS="2018" VPOS="870" WIDTH="21"/>
						<String ID="P5_ST00079" HPOS="2039" VPOS="793" WIDTH="157" HEIGHT="76" CONTENT="jour," WC="1.00" CC="00010"/>
						<SP ID="P5_SP00072" HPOS="2196" VPOS="870" WIDTH="34"/>
						<String ID="P5_ST00080" HPOS="2230" VPOS="793" WIDTH="79" HEIGHT="57" CONTENT="les" WC="0.98" CC="310"/>
						<SP ID="P5_SP00073" HPOS="2309" VPOS="870" WIDTH="47"/>
						<String ID="P5_ST00081" HPOS="2356" VPOS="813" WIDTH="100" HEIGHT="57" CONTENT="pas" WC="0.98" CC="050"/>
						<SP ID="P5_SP00074" HPOS="2456" VPOS="870" WIDTH="47"/>
						<String ID="P5_ST00082" HPOS="2503" VPOS="791" WIDTH="68" HEIGHT="58" CONTENT="de" WC="1.00" CC="00"/>
					</TextLine>
					<TextLine ID="P5_TL00010" HPOS="141" VPOS="874" WIDTH="2433" HEIGHT="84">
						<String ID="P5_ST00083" HPOS="141" VPOS="897" WIDTH="167" HEIGHT="53" CONTENT="4000" WC="0.49" CC="3645"/>
						<SP ID="P5_SP00075" HPOS="308" VPOS="950" WIDTH="33"/>
						<String ID="P5_ST00084" HPOS="341" VPOS="894" WIDTH="310" HEIGHT="61" CONTENT="personnes" WC="0.98" CC="970560665"/>
						<SP ID="P5_SP00076" HPOS="651" VPOS="955" WIDTH="31"/>
						<String ID="P5_ST00085" HPOS="682" VPOS="874" WIDTH="139" HEIGHT="56" CONTENT="dans" WC="0.95" CC="7724"/>
						<SP ID="P5_SP00077" HPOS="821" VPOS="955" WIDTH="31"/>
						<String ID="P5_ST00086" HPOS="852" VPOS="874" WIDTH="53" HEIGHT="56" CONTENT="la" WC="0.65" CC="06"/>
						<SP ID="P5_SP00078" HPOS="905" VPOS="955" WIDTH="31"/>
						<String ID="P5_ST00087" HPOS="936" VPOS="894" WIDTH="104" HEIGHT="36" CONTENT="rue" WC="0.96" CC="315"/>
						<SP ID="P5_SP00079" HPOS="1040" VPOS="955" WIDTH="33"/>
						<String ID="P5_ST00088" HPOS="1073" VPOS="874" WIDTH="71" HEIGHT="56" CONTENT="de" WC="0.81" CC="03"/>
						<SP ID="P5_SP00080" HPOS="1144" VPOS="955" WIDTH="33"/>
						<String ID="P5_ST00089" HPOS="1177" VPOS="874" WIDTH="203" HEIGHT="58" CONTENT="Rivoli" WC="0.97" CC="366406"/>
						<SP ID="P5_SP00081" HPOS="1380" VPOS="955" WIDTH="38"/>
						<String ID="P5_ST00090" HPOS="1418" VPOS="877" WIDTH="79" HEIGHT="76" CONTENT="(je" WC="0.96" CC="045"/>
						<SP ID="P5_SP00082" HPOS="1497" VPOS="955" WIDTH="33"/>
						<String ID="P5_ST00091" HPOS="1530" VPOS="877" WIDTH="114" HEIGHT="58" CONTENT="cite" WC="0.98" CC="0710"/>
						<SP ID="P5_SP00083" HPOS="1644" VPOS="955" WIDTH="33"/>
						<String ID="P5_ST00092" HPOS="1677" VPOS="892" WIDTH="153" HEIGHT="43" CONTENT="cette" WC="0.98" CC="37300"/>
						<SP ID="P5_SP00084" HPOS="1830" VPOS="955" WIDTH="33"/>
						<String ID="P5_ST00093" HPOS="1863" VPOS="899" WIDTH="101" HEIGHT="38" CONTENT="rue" WC="0.97" CC="033"/>
						<SP ID="P5_SP00085" HPOS="1964" VPOS="955" WIDTH="33"/>
						<String ID="P5_ST00094" HPOS="1997" VPOS="899" WIDTH="171" HEIGHT="59" CONTENT="parce" WC="0.98" CC="04007"/>
						<SP ID="P5_SP00086" HPOS="2168" VPOS="958" WIDTH="38"/>
						<String ID="P5_ST00095" HPOS="2206" VPOS="899" WIDTH="114" HEIGHT="59" CONTENT="que" WC="0.96" CC="270"/>
						<SP ID="P5_SP00087" HPOS="2320" VPOS="958" WIDTH="33"/>
						<String ID="P5_ST00096" HPOS="2353" VPOS="879" WIDTH="137" HEIGHT="58" CONTENT="c'est" WC="0.99" CC="30040"/>
						<SP ID="P5_SP00088" HPOS="2490" VPOS="958" WIDTH="31"/>
						<String ID="P5_ST00097" HPOS="2521" VPOS="879" WIDTH="53" HEIGHT="56" CONTENT="la" WC="0.66" CC="06"/>
					</TextLine>
					<TextLine ID="P5_TL00011" HPOS="141" VPOS="960" WIDTH="2433" HEIGHT="83">
						<String ID="P5_ST00098" HPOS="141" VPOS="963" WIDTH="153" HEIGHT="54" CONTENT="seule" WC="0.99" CC="02033"/>
						<SP ID="P5_SP00089" HPOS="294" VPOS="1017" WIDTH="33"/>
						<String ID="P5_ST00099" HPOS="327" VPOS="982" WIDTH="113" HEIGHT="57" CONTENT="que" WC="0.98" CC="050"/>
						<SP ID="P5_SP00090" HPOS="440" VPOS="1039" WIDTH="32"/>
						<String ID="P5_ST00100" HPOS="472" VPOS="962" WIDTH="79" HEIGHT="54" CONTENT="les" WC="0.99" CC="300"/>
						<SP ID="P5_SP00091" HPOS="551" VPOS="1039" WIDTH="32"/>
						<String ID="P5_ST00101" HPOS="583" VPOS="960" WIDTH="270" HEIGHT="56" CONTENT="touristes" WC="0.99" CC="504340500"/>
						<SP ID="P5_SP00092" HPOS="853" VPOS="1039" WIDTH="32"/>
						<String ID="P5_ST00102" HPOS="885" VPOS="960" WIDTH="220" HEIGHT="78" CONTENT="anglais" WC="1.00" CC="0001000"/>
						<SP ID="P5_SP00093" HPOS="1105" VPOS="1039" WIDTH="33"/>
						<String ID="P5_ST00103" HPOS="1138" VPOS="962" WIDTH="363" HEIGHT="55" CONTENT="connaissent" WC="1.00" CC="00220500040"/>
						<SP ID="P5_SP00094" HPOS="1501" VPOS="1039" WIDTH="34"/>
						<String ID="P5_ST00104" HPOS="1535" VPOS="960" WIDTH="29" HEIGHT="57" CONTENT="à" WC="0.29" CC="7"/>
						<SP ID="P5_SP00095" HPOS="1564" VPOS="1039" WIDTH="37"/>
						<String ID="P5_ST00105" HPOS="1601" VPOS="964" WIDTH="207" HEIGHT="76" CONTENT="Paris)," WC="0.99" CC="0350000"/>
						<SP ID="P5_SP00096" HPOS="1808" VPOS="1040" WIDTH="36"/>
						<String ID="P5_ST00106" HPOS="1844" VPOS="965" WIDTH="145" HEIGHT="56" CONTENT="mais" WC="1.00" CC="0000"/>
						<SP ID="P5_SP00097" HPOS="1989" VPOS="1040" WIDTH="38"/>
						<String ID="P5_ST00107" HPOS="2027" VPOS="965" WIDTH="70" HEIGHT="56" CONTENT="ils" WC="0.98" CC="050"/>
						<SP ID="P5_SP00098" HPOS="2097" VPOS="1040" WIDTH="31"/>
						<String ID="P5_ST00108" HPOS="2128" VPOS="986" WIDTH="71" HEIGHT="35" CONTENT="ne" WC="1.00" CC="00"/>
						<SP ID="P5_SP00099" HPOS="2199" VPOS="1040" WIDTH="32"/>
						<String ID="P5_ST00109" HPOS="2231" VPOS="964" WIDTH="343" HEIGHT="79" CONTENT="produisent" WC="1.00" CC="0500520003"/>
					</TextLine>
					<TextLine ID="P5_TL00012" HPOS="139" VPOS="1045" WIDTH="2435" HEIGHT="84">
						<String ID="P5_ST00110" HPOS="139" VPOS="1068" WIDTH="101" HEIGHT="57" CONTENT="pas" WC="1.00" CC="000"/>
						<SP ID="P5_SP00100" HPOS="240" VPOS="1125" WIDTH="33"/>
						<String ID="P5_ST00111" HPOS="273" VPOS="1059" WIDTH="198" HEIGHT="45" CONTENT="autant" WC="0.99" CC="751000"/>
						<SP ID="P5_SP00101" HPOS="471" VPOS="1125" WIDTH="33"/>
						<String ID="P5_ST00112" HPOS="504" VPOS="1045" WIDTH="408" HEIGHT="79" CONTENT="d'impression" WC="1.00" CC="045904000000"/>
						<SP ID="P5_SP00102" HPOS="912" VPOS="1125" WIDTH="34"/>
						<String ID="P5_ST00113" HPOS="946" VPOS="1047" WIDTH="175" HEIGHT="77" CONTENT="qu'en" WC="0.99" CC="04303"/>
						<SP ID="P5_SP00103" HPOS="1121" VPOS="1125" WIDTH="32"/>
						<String ID="P5_ST00114" HPOS="1153" VPOS="1047" WIDTH="240" HEIGHT="77" CONTENT="produit" WC="0.99" CC="0500060"/>
						<SP ID="P5_SP00104" HPOS="1393" VPOS="1125" WIDTH="32"/>
						<String ID="P5_ST00115" HPOS="1425" VPOS="1049" WIDTH="53" HEIGHT="55" CONTENT="la" WC="0.82" CC="03"/>
						<SP ID="P5_SP00105" HPOS="1478" VPOS="1125" WIDTH="33"/>
						<String ID="P5_ST00116" HPOS="1511" VPOS="1049" WIDTH="238" HEIGHT="57" CONTENT="marche" WC="1.00" CC="000310"/>
						<SP ID="P5_SP00106" HPOS="1749" VPOS="1125" WIDTH="31"/>
						<String ID="P5_ST00117" HPOS="1780" VPOS="1052" WIDTH="137" HEIGHT="54" CONTENT="d'un" WC="0.99" CC="0030"/>
						<SP ID="P5_SP00107" HPOS="1917" VPOS="1125" WIDTH="33"/>
						<String ID="P5_ST00118" HPOS="1950" VPOS="1052" WIDTH="121" HEIGHT="56" CONTENT="seul" WC="0.99" CC="0004"/>
						<SP ID="P5_SP00108" HPOS="2071" VPOS="1125" WIDTH="42"/>
						<String ID="P5_ST00119" HPOS="2113" VPOS="1064" WIDTH="198" HEIGHT="44" CONTENT="acteur" WC="1.00" CC="001003"/>
						<SP ID="P5_SP00109" HPOS="2311" VPOS="1125" WIDTH="31"/>
						<String ID="P5_ST00120" HPOS="2342" VPOS="1049" WIDTH="199" HEIGHT="80" CONTENT="expéri" SUBS_TYPE="HypPart1" SUBS_CONTENT="expérimenté" WC="1.00" CC="210000"/>
						<HYP HPOS="2541" VPOS="1049" WIDTH="33" CONTENT="-"/>
					</TextLine>
					<TextLine ID="P5_TL00013" HPOS="142" VPOS="1131" WIDTH="2435" HEIGHT="80">
						<String ID="P5_ST00121" HPOS="142" VPOS="1132" WIDTH="196" HEIGHT="58" CONTENT="menté" SUBS_TYPE="HypPart2" SUBS_CONTENT="expérimenté" WC="1.00" CC="02000"/>
						<SP ID="P5_SP00110" HPOS="338" VPOS="1190" WIDTH="34"/>
						<String ID="P5_ST00122" HPOS="372" VPOS="1133" WIDTH="101" HEIGHT="78" CONTENT="qui" WC="0.98" CC="050"/>
						<SP ID="P5_SP00111" HPOS="473" VPOS="1211" WIDTH="35"/>
						<String ID="P5_ST00123" HPOS="508" VPOS="1132" WIDTH="246" HEIGHT="57" CONTENT="descend" WC="1.00" CC="0001000"/>
						<SP ID="P5_SP00112" HPOS="754" VPOS="1211" WIDTH="32"/>
						<String ID="P5_ST00124" HPOS="786" VPOS="1133" WIDTH="53" HEIGHT="56" CONTENT="la" WC="0.92" CC="10"/>
						<SP ID="P5_SP00113" HPOS="839" VPOS="1211" WIDTH="31"/>
						<String ID="P5_ST00125" HPOS="870" VPOS="1131" WIDTH="169" HEIGHT="58" CONTENT="scène" WC="0.98" CC="00705"/>
						<SP ID="P5_SP00114" HPOS="1039" VPOS="1211" WIDTH="33"/>
						<String ID="P5_ST00126" HPOS="1072" VPOS="1133" WIDTH="77" HEIGHT="56" CONTENT="du" WC="0.71" CC="05"/>
						<SP ID="P5_SP00115" HPOS="1149" VPOS="1211" WIDTH="31"/>
						<String ID="P5_ST00127" HPOS="1180" VPOS="1132" WIDTH="260" HEIGHT="58" CONTENT="Théâtre" WC="0.99" CC="2560140"/>
						<SP ID="P5_SP00116" HPOS="1440" VPOS="1211" WIDTH="33"/>
						<String ID="P5_ST00128" HPOS="1473" VPOS="1132" WIDTH="262" HEIGHT="79" CONTENT="français." WC="0.99" CC="056009203"/>
						<SP ID="P5_SP00117" HPOS="1735" VPOS="1211" WIDTH="31"/>
						<String ID="P5_ST00129" HPOS="1766" VPOS="1137" WIDTH="153" HEIGHT="56" CONTENT="C'est" WC="0.98" CC="22413"/>
						<SP ID="P5_SP00118" HPOS="1919" VPOS="1211" WIDTH="33"/>
						<String ID="P5_ST00130" HPOS="1952" VPOS="1156" WIDTH="233" HEIGHT="38" CONTENT="comme" WC="1.00" CC="00000"/>
						<SP ID="P5_SP00119" HPOS="2185" VPOS="1211" WIDTH="33"/>
						<String ID="P5_ST00131" HPOS="2218" VPOS="1139" WIDTH="45" HEIGHT="55" CONTENT="si" WC="1.00" CC="00"/>
						<SP ID="P5_SP00120" HPOS="2263" VPOS="1211" WIDTH="33"/>
						<String ID="P5_ST00132" HPOS="2296" VPOS="1158" WIDTH="75" HEIGHT="36" CONTENT="on" WC="0.49" CC="36"/>
						<SP ID="P5_SP00121" HPOS="2371" VPOS="1211" WIDTH="34"/>
						<String ID="P5_ST00133" HPOS="2405" VPOS="1137" WIDTH="172" HEIGHT="57" CONTENT="disait" WC="0.99" CC="020051"/>
					</TextLine>
					<TextLine ID="P5_TL00014" HPOS="143" VPOS="1217" WIDTH="2431" HEIGHT="84">
						<String ID="P5_ST00134" HPOS="143" VPOS="1240" WIDTH="113" HEIGHT="57" CONTENT="que" WC="0.95" CC="670"/>
						<SP ID="P5_SP00122" HPOS="256" VPOS="1297" WIDTH="33"/>
						<String ID="P5_ST00135" HPOS="289" VPOS="1237" WIDTH="168" HEIGHT="56" CONTENT="4000" WC="0.76" CC="0053"/>
						<SP ID="P5_SP00123" HPOS="457" VPOS="1297" WIDTH="34"/>
						<String ID="P5_ST00136" HPOS="491" VPOS="1217" WIDTH="271" HEIGHT="57" CONTENT="hommes" WC="1.00" CC="600000"/>
						<SP ID="P5_SP00124" HPOS="762" VPOS="1297" WIDTH="33"/>
						<String ID="P5_ST00137" HPOS="795" VPOS="1219" WIDTH="103" HEIGHT="77" CONTENT="qui" WC="0.98" CC="004"/>
						<SP ID="P5_SP00125" HPOS="898" VPOS="1297" WIDTH="34"/>
						<String ID="P5_ST00138" HPOS="932" VPOS="1233" WIDTH="269" HEIGHT="42" CONTENT="meurent" WC="1.00" CC="0030201"/>
						<SP ID="P5_SP00126" HPOS="1201" VPOS="1297" WIDTH="32"/>
						<String ID="P5_ST00139" HPOS="1233" VPOS="1218" WIDTH="71" HEIGHT="57" CONTENT="de" WC="0.83" CC="03"/>
						<SP ID="P5_SP00127" HPOS="1304" VPOS="1297" WIDTH="31"/>
						<String ID="P5_ST00140" HPOS="1335" VPOS="1219" WIDTH="144" HEIGHT="58" CONTENT="faim" WC="1.00" CC="0000"/>
						<SP ID="P5_SP00128" HPOS="1479" VPOS="1297" WIDTH="51"/>
						<String ID="P5_ST00141" HPOS="1530" VPOS="1235" WIDTH="102" HEIGHT="42" CONTENT="ont" WC="0.99" CC="020"/>
						<SP ID="P5_SP00129" HPOS="1632" VPOS="1297" WIDTH="56"/>
						<String ID="P5_ST00142" HPOS="1688" VPOS="1236" WIDTH="201" HEIGHT="62" CONTENT="quatre" WC="1.00" CC="000040"/>
						<SP ID="P5_SP00130" HPOS="1889" VPOS="1298" WIDTH="55"/>
						<String ID="P5_ST00143" HPOS="1944" VPOS="1223" WIDTH="161" HEIGHT="56" CONTENT="mille" WC="1.00" CC="00020"/>
						<SP ID="P5_SP00131" HPOS="2105" VPOS="1298" WIDTH="52"/>
						<String ID="P5_ST00144" HPOS="2157" VPOS="1222" WIDTH="112" HEIGHT="57" CONTENT="fois" WC="1.00" CC="0000"/>
						<SP ID="P5_SP00132" HPOS="2269" VPOS="1298" WIDTH="52"/>
						<String ID="P5_ST00145" HPOS="2321" VPOS="1223" WIDTH="130" HEIGHT="78" CONTENT="plus" WC="0.98" CC="0250"/>
						<SP ID="P5_SP00133" HPOS="2451" VPOS="1301" WIDTH="53"/>
						<String ID="P5_ST00146" HPOS="2504" VPOS="1222" WIDTH="70" HEIGHT="57" CONTENT="de" WC="1.00" CC="00"/>
					</TextLine>
					<TextLine ID="P5_TL00015" HPOS="142" VPOS="1303" WIDTH="2433" HEIGHT="84">
						<String ID="P5_ST00147" HPOS="142" VPOS="1305" WIDTH="145" HEIGHT="58" CONTENT="faim" WC="1.00" CC="0020"/>
						<SP ID="P5_SP00134" HPOS="287" VPOS="1363" WIDTH="33"/>
						<String ID="P5_ST00148" HPOS="320" VPOS="1306" WIDTH="178" HEIGHT="76" CONTENT="qu'un" WC="0.98" CC="04034"/>
						<SP ID="P5_SP00135" HPOS="498" VPOS="1382" WIDTH="35"/>
						<String ID="P5_ST00149" HPOS="533" VPOS="1306" WIDTH="141" HEIGHT="66" CONTENT="seul," WC="0.98" CC="00552"/>
						<SP ID="P5_SP00136" HPOS="674" VPOS="1382" WIDTH="34"/>
						<String ID="P5_ST00150" HPOS="708" VPOS="1325" WIDTH="77" HEIGHT="35" CONTENT="ou" WC="0.89" CC="20"/>
						<SP ID="P5_SP00137" HPOS="785" VPOS="1382" WIDTH="34"/>
						<String ID="P5_ST00151" HPOS="819" VPOS="1326" WIDTH="113" HEIGHT="57" CONTENT="que" WC="0.97" CC="062"/>
						<SP ID="P5_SP00138" HPOS="932" VPOS="1383" WIDTH="34"/>
						<String ID="P5_ST00152" HPOS="966" VPOS="1325" WIDTH="167" HEIGHT="54" CONTENT="4000" WC="0.79" CC="0214"/>
						<SP ID="P5_SP00139" HPOS="1133" VPOS="1383" WIDTH="35"/>
						<String ID="P5_ST00153" HPOS="1168" VPOS="1303" WIDTH="278" HEIGHT="79" CONTENT="ingénues" WC="0.99" CC="25053300"/>
						<SP ID="P5_SP00140" HPOS="1446" VPOS="1383" WIDTH="32"/>
						<String ID="P5_ST00154" HPOS="1478" VPOS="1307" WIDTH="204" HEIGHT="56" CONTENT="sveltes" WC="0.88" CC="0000340"/>
						<SP ID="P5_SP00141" HPOS="1682" VPOS="1383" WIDTH="32"/>
						<String ID="P5_ST00155" HPOS="1714" VPOS="1321" WIDTH="130" HEIGHT="42" CONTENT="sont" WC="0.99" CC="0020"/>
						<SP ID="P5_SP00142" HPOS="1844" VPOS="1383" WIDTH="25"/>
						<String ID="P5_ST00156" HPOS="1869" VPOS="1326" WIDTH="167" HEIGHT="56" CONTENT="4000" WC="0.98" CC="0000"/>
						<SP ID="P5_SP00143" HPOS="2036" VPOS="1383" WIDTH="33"/>
						<String ID="P5_ST00157" HPOS="2069" VPOS="1307" WIDTH="111" HEIGHT="58" CONTENT="fois" WC="1.00" CC="0000"/>
						<SP ID="P5_SP00144" HPOS="2180" VPOS="1383" WIDTH="31"/>
						<String ID="P5_ST00158" HPOS="2211" VPOS="1310" WIDTH="129" HEIGHT="77" CONTENT="plus" WC="1.00" CC="0000"/>
						<SP ID="P5_SP00145" HPOS="2340" VPOS="1387" WIDTH="32"/>
						<String ID="P5_ST00159" HPOS="2372" VPOS="1310" WIDTH="203" HEIGHT="55" CONTENT="sveltes" WC="0.91" CC="0006000"/>
					</TextLine>
					<TextLine ID="P5_TL00016" HPOS="145" VPOS="1391" WIDTH="2429" HEIGHT="81">
						<String ID="P5_ST00160" HPOS="145" VPOS="1393" WIDTH="220" HEIGHT="78" CONTENT="qu'une" WC="0.99" CC="053030"/>
						<SP ID="P5_SP00146" HPOS="365" VPOS="1471" WIDTH="32"/>
						<String ID="P5_ST00161" HPOS="397" VPOS="1392" WIDTH="174" HEIGHT="56" CONTENT="seule." WC="0.99" CC="012201"/>
						<SP ID="P5_SP00147" HPOS="571" VPOS="1471" WIDTH="38"/>
						<String ID="P5_ST00162" HPOS="609" VPOS="1391" WIDTH="163" HEIGHT="56" CONTENT="Vous" WC="0.98" CC="6100"/>
						<SP ID="P5_SP00148" HPOS="772" VPOS="1471" WIDTH="32"/>
						<String ID="P5_ST00163" HPOS="804" VPOS="1412" WIDTH="232" HEIGHT="58" CONTENT="pouvez" WC="0.99" CC="026002"/>
						<SP ID="P5_SP00149" HPOS="1036" VPOS="1471" WIDTH="33"/>
						<String ID="P5_ST00164" HPOS="1069" VPOS="1391" WIDTH="231" HEIGHT="58" CONTENT="obtenir" WC="0.99" CC="3200004"/>
						<SP ID="P5_SP00150" HPOS="1300" VPOS="1471" WIDTH="33"/>
						<String ID="P5_ST00165" HPOS="1333" VPOS="1414" WIDTH="78" HEIGHT="34" CONTENT="un" WC="0.47" CC="46"/>
						<SP ID="P5_SP00151" HPOS="1411" VPOS="1471" WIDTH="51"/>
						<String ID="P5_ST00166" HPOS="1462" VPOS="1392" WIDTH="318" HEIGHT="59" CONTENT="fortissimo" WC="1.00" CC="0010300300"/>
						<SP ID="P5_SP00152" HPOS="1780" VPOS="1471" WIDTH="51"/>
						<String ID="P5_ST00167" HPOS="1831" VPOS="1396" WIDTH="436" HEIGHT="56" CONTENT="colossalement" WC="0.90" CC="0203000500001"/>
						<SP ID="P5_SP00153" HPOS="2267" VPOS="1471" WIDTH="48"/>
						<String ID="P5_ST00168" HPOS="2315" VPOS="1396" WIDTH="259" HEIGHT="76" CONTENT="puissant" WC="1.00" CC="00200030"/>
					</TextLine>
					<TextLine ID="P5_TL00017" HPOS="145" VPOS="1475" WIDTH="2432" HEIGHT="82">
						<String ID="P5_ST00169" HPOS="145" VPOS="1499" WIDTH="137" HEIGHT="37" CONTENT="avec" WC="0.97" CC="4034"/>
						<SP ID="P5_SP00154" HPOS="282" VPOS="1536" WIDTH="38"/>
						<String ID="P5_ST00170" HPOS="320" VPOS="1498" WIDTH="76" HEIGHT="36" CONTENT="20" WC="0.94" CC="10"/>
						<SP ID="P5_SP00155" HPOS="396" VPOS="1536" WIDTH="33"/>
						<String ID="P5_ST00171" HPOS="429" VPOS="1477" WIDTH="145" HEIGHT="56" CONTENT="bons" WC="0.99" CC="0060"/>
						<SP ID="P5_SP00156" HPOS="574" VPOS="1536" WIDTH="33"/>
						<String ID="P5_ST00172" HPOS="607" VPOS="1475" WIDTH="326" HEIGHT="59" CONTENT="chanteurs." WC="0.99" CC="0661435003"/>
						<SP ID="P5_SP00157" HPOS="933" VPOS="1536" WIDTH="43"/>
						<String ID="P5_ST00173" HPOS="976" VPOS="1479" WIDTH="88" HEIGHT="74" CONTENT="(Je" WC="0.98" CC="300"/>
						<SP ID="P5_SP00158" HPOS="1064" VPOS="1553" WIDTH="33"/>
						<String ID="P5_ST00174" HPOS="1097" VPOS="1479" WIDTH="97" HEIGHT="55" CONTENT="l'ai" WC="0.98" CC="6200"/>
						<SP ID="P5_SP00159" HPOS="1194" VPOS="1553" WIDTH="33"/>
						<String ID="P5_ST00175" HPOS="1227" VPOS="1477" WIDTH="255" HEIGHT="57" CONTENT="entendu" WC="0.99" CC="3030507"/>
						<SP ID="P5_SP00160" HPOS="1482" VPOS="1553" WIDTH="33"/>
						<String ID="P5_ST00176" HPOS="1515" VPOS="1477" WIDTH="231" HEIGHT="59" CONTENT="obtenir" WC="0.99" CC="2400220"/>
						<SP ID="P5_SP00161" HPOS="1746" VPOS="1553" WIDTH="30"/>
						<String ID="P5_ST00177" HPOS="1776" VPOS="1500" WIDTH="103" HEIGHT="57" CONTENT="par" WC="0.98" CC="005"/>
						<SP ID="P5_SP00162" HPOS="1879" VPOS="1557" WIDTH="37"/>
						<String ID="P5_ST00178" HPOS="1916" VPOS="1481" WIDTH="52" HEIGHT="55" CONTENT="le" WC="0.65" CC="42"/>
						<SP ID="P5_SP00163" HPOS="1968" VPOS="1557" WIDTH="32"/>
						<String ID="P5_ST00179" HPOS="2000" VPOS="1479" WIDTH="210" HEIGHT="58" CONTENT="maître" WC="0.99" CC="006060"/>
						<SP ID="P5_SP00164" HPOS="2210" VPOS="1557" WIDTH="45"/>
						<String ID="P5_ST00180" HPOS="2255" VPOS="1480" WIDTH="322" HEIGHT="57" CONTENT="hollandais" WC="1.00" CC="3050000050"/>
					</TextLine>
					<TextLine ID="P5_TL00018" HPOS="146" VPOS="1562" WIDTH="2432" HEIGHT="83">
						<String ID="P5_ST00181" HPOS="146" VPOS="1566" WIDTH="94" HEIGHT="56" CONTENT="De" WC="0.66" CC="42"/>
						<SP ID="P5_SP00165" HPOS="240" VPOS="1622" WIDTH="32"/>
						<String ID="P5_ST00182" HPOS="272" VPOS="1564" WIDTH="224" HEIGHT="77" CONTENT="Lange)" WC="0.99" CC="700000"/>
						<SP ID="P5_SP00166" HPOS="496" VPOS="1641" WIDTH="40"/>
						<String ID="P5_ST00183" HPOS="536" VPOS="1584" WIDTH="172" HEIGHT="58" CONTENT="parce" WC="0.99" CC="00400"/>
						<SP ID="P5_SP00167" HPOS="708" VPOS="1642" WIDTH="32"/>
						<String ID="P5_ST00184" HPOS="740" VPOS="1585" WIDTH="114" HEIGHT="56" CONTENT="que" WC="0.97" CC="043"/>
						<SP ID="P5_SP00168" HPOS="854" VPOS="1642" WIDTH="33"/>
						<String ID="P5_ST00185" HPOS="887" VPOS="1584" WIDTH="143" HEIGHT="37" CONTENT="vous" WC="0.99" CC="0220"/>
						<SP ID="P5_SP00169" HPOS="1030" VPOS="1642" WIDTH="31"/>
						<String ID="P5_ST00186" HPOS="1061" VPOS="1585" WIDTH="232" HEIGHT="57" CONTENT="pouvez" WC="0.99" CC="022011"/>
						<SP ID="P5_SP00170" HPOS="1293" VPOS="1642" WIDTH="30"/>
						<String ID="P5_ST00187" HPOS="1323" VPOS="1562" WIDTH="198" HEIGHT="60" CONTENT="réunir" WC="0.99" CC="064004"/>
						<SP ID="P5_SP00171" HPOS="1521" VPOS="1642" WIDTH="50"/>
						<String ID="P5_ST00188" HPOS="1571" VPOS="1585" WIDTH="77" HEIGHT="38" CONTENT="20" WC="0.94" CC="00"/>
						<SP ID="P5_SP00172" HPOS="1648" VPOS="1642" WIDTH="46"/>
						<String ID="P5_ST00189" HPOS="1694" VPOS="1586" WIDTH="309" HEIGHT="58" CONTENT="personnes" WC="1.00" CC="005000310"/>
						<SP ID="P5_SP00173" HPOS="2003" VPOS="1644" WIDTH="45"/>
						<String ID="P5_ST00190" HPOS="2048" VPOS="1567" WIDTH="139" HEIGHT="58" CONTENT="dans" WC="1.00" CC="0020"/>
						<SP ID="P5_SP00174" HPOS="2187" VPOS="1644" WIDTH="45"/>
						<String ID="P5_ST00191" HPOS="2232" VPOS="1588" WIDTH="65" HEIGHT="35" CONTENT="ce" WC="1.00" CC="00"/>
						<SP ID="P5_SP00175" HPOS="2297" VPOS="1644" WIDTH="48"/>
						<String ID="P5_ST00192" HPOS="2345" VPOS="1569" WIDTH="103" HEIGHT="76" CONTENT="qui" WC="1.00" CC="000"/>
						<SP ID="P5_SP00176" HPOS="2448" VPOS="1645" WIDTH="47"/>
						<String ID="P5_ST00193" HPOS="2495" VPOS="1581" WIDTH="83" HEIGHT="44" CONTENT="est" WC="1.00" CC="000"/>
					</TextLine>
					<TextLine ID="P5_TL00019" HPOS="146" VPOS="1650" WIDTH="2431" HEIGHT="77">
						<String ID="P5_ST00194" HPOS="146" VPOS="1651" WIDTH="413" HEIGHT="57" CONTENT="sensiblement" WC="1.00" CC="030000200030"/>
						<SP ID="P5_SP00177" HPOS="559" VPOS="1708" WIDTH="33"/>
						<String ID="P5_ST00195" HPOS="592" VPOS="1669" WIDTH="78" HEIGHT="37" CONTENT="un" WC="0.77" CC="04"/>
						<SP ID="P5_SP00178" HPOS="670" VPOS="1708" WIDTH="35"/>
						<String ID="P5_ST00196" HPOS="705" VPOS="1650" WIDTH="122" HEIGHT="56" CONTENT="seul" WC="1.00" CC="0001"/>
						<SP ID="P5_SP00179" HPOS="827" VPOS="1708" WIDTH="30"/>
						<String ID="P5_ST00197" HPOS="857" VPOS="1651" WIDTH="189" HEIGHT="76" CONTENT="point." WC="0.99" CC="000603"/>
						<SP ID="P5_SP00180" HPOS="1046" VPOS="1727" WIDTH="38"/>
						<String ID="P5_ST00198" HPOS="1084" VPOS="1651" WIDTH="162" HEIGHT="56" CONTENT="Mais" WC="1.00" CC="0000"/>
						<SP ID="P5_SP00181" HPOS="1246" VPOS="1727" WIDTH="49"/>
						<String ID="P5_ST00199" HPOS="1295" VPOS="1665" WIDTH="131" HEIGHT="42" CONTENT="tous" WC="1.00" CC="2000"/>
						<SP ID="P5_SP00182" HPOS="1426" VPOS="1727" WIDTH="52"/>
						<String ID="P5_ST00200" HPOS="1478" VPOS="1651" WIDTH="79" HEIGHT="57" CONTENT="les" WC="0.98" CC="400"/>
						<SP ID="P5_SP00183" HPOS="1557" VPOS="1727" WIDTH="53"/>
						<String ID="P5_ST00201" HPOS="1610" VPOS="1650" WIDTH="201" HEIGHT="58" CONTENT="efforts" WC="0.99" CC="0000440"/>
						<SP ID="P5_SP00184" HPOS="1811" VPOS="1727" WIDTH="49"/>
						<String ID="P5_ST00202" HPOS="1860" VPOS="1652" WIDTH="97" HEIGHT="56" CONTENT="des" WC="1.00" CC="000"/>
						<SP ID="P5_SP00185" HPOS="1957" VPOS="1727" WIDTH="53"/>
						<String ID="P5_ST00203" HPOS="2010" VPOS="1650" WIDTH="161" HEIGHT="60" CONTENT="chefs" WC="0.99" CC="03300"/>
						<SP ID="P5_SP00186" HPOS="2171" VPOS="1727" WIDTH="54"/>
						<String ID="P5_ST00204" HPOS="2225" VPOS="1651" WIDTH="352" HEIGHT="57" CONTENT="d'orchestre" WC="0.99" CC="03530600430"/>
					</TextLine>
					<TextLine ID="P5_TL00020" HPOS="146" VPOS="1734" WIDTH="2432" HEIGHT="81">
						<String ID="P5_ST00205" HPOS="146" VPOS="1758" WIDTH="148" HEIGHT="57" CONTENT="pour" WC="0.99" CC="0003"/>
						<SP ID="P5_SP00187" HPOS="294" VPOS="1815" WIDTH="33"/>
						<String ID="P5_ST00206" HPOS="327" VPOS="1736" WIDTH="232" HEIGHT="57" CONTENT="obtenir" WC="0.99" CC="0000504"/>
						<SP ID="P5_SP00188" HPOS="559" VPOS="1815" WIDTH="31"/>
						<String ID="P5_ST00207" HPOS="590" VPOS="1757" WIDTH="80" HEIGHT="35" CONTENT="un" WC="0.34" CC="66"/>
						<SP ID="P5_SP00189" HPOS="670" VPOS="1815" WIDTH="33"/>
						<String ID="P5_ST00208" HPOS="703" VPOS="1734" WIDTH="320" HEIGHT="59" CONTENT="fortissimo" WC="1.00" CC="0103500201"/>
						<SP ID="P5_SP00190" HPOS="1023" VPOS="1815" WIDTH="33"/>
						<String ID="P5_ST00209" HPOS="1056" VPOS="1736" WIDTH="97" HEIGHT="57" CONTENT="des" WC="1.00" CC="000"/>
						<SP ID="P5_SP00191" HPOS="1153" VPOS="1815" WIDTH="33"/>
						<String ID="P5_ST00210" HPOS="1186" VPOS="1755" WIDTH="166" HEIGHT="55" CONTENT="4000" WC="1.00" CC="0000"/>
						<SP ID="P5_SP00192" HPOS="1352" VPOS="1815" WIDTH="45"/>
						<String ID="P5_ST00211" HPOS="1397" VPOS="1736" WIDTH="280" HEIGHT="57" CONTENT="choristes" WC="1.00" CC="050050010"/>
						<SP ID="P5_SP00193" HPOS="1677" VPOS="1815" WIDTH="47"/>
						<String ID="P5_ST00212" HPOS="1724" VPOS="1738" WIDTH="138" HEIGHT="55" CONTENT="d'un" WC="0.99" CC="0203"/>
						<SP ID="P5_SP00194" HPOS="1862" VPOS="1815" WIDTH="47"/>
						<String ID="P5_ST00213" HPOS="1909" VPOS="1736" WIDTH="228" HEIGHT="60" CONTENT="festival" WC="1.00" CC="00013000"/>
						<SP ID="P5_SP00195" HPOS="2137" VPOS="1815" WIDTH="46"/>
						<String ID="P5_ST00214" HPOS="2183" VPOS="1738" WIDTH="70" HEIGHT="57" CONTENT="de" WC="1.00" CC="00"/>
						<SP ID="P5_SP00196" HPOS="2253" VPOS="1815" WIDTH="35"/>
						<String ID="P5_ST00215" HPOS="2288" VPOS="1738" WIDTH="290" HEIGHT="68" CONTENT="Haendel," WC="0.83" CC="30500040"/>
					</TextLine>
					<TextLine ID="P5_TL00021" HPOS="146" VPOS="1820" WIDTH="2433" HEIGHT="81">
						<String ID="P5_ST00216" HPOS="146" VPOS="1837" WIDTH="129" HEIGHT="43" CONTENT="sont" WC="0.99" CC="4020"/>
						<SP ID="P5_SP00197" HPOS="275" VPOS="1880" WIDTH="33"/>
						<String ID="P5_ST00217" HPOS="308" VPOS="1820" WIDTH="464" HEIGHT="80" CONTENT="complètement" WC="1.00" CC="014006200000"/>
						<SP ID="P5_SP00198" HPOS="772" VPOS="1900" WIDTH="46"/>
						<String ID="P5_ST00218" HPOS="818" VPOS="1824" WIDTH="162" HEIGHT="56" CONTENT="vains" WC="1.00" CC="00100"/>
						<SP ID="P5_SP00199" HPOS="980" VPOS="1900" WIDTH="29"/>
						<String ID="P5_ST00219" HPOS="1009" VPOS="1843" WIDTH="12" HEIGHT="36" CONTENT=":" WC="0.58" CC="4"/>
						<SP ID="P5_SP00200" HPOS="1021" VPOS="1900" WIDTH="62"/>
						<String ID="P5_ST00220" HPOS="1083" VPOS="1823" WIDTH="240" HEIGHT="77" CONTENT="l'espace" WC="0.99" CC="30200403"/>
						<SP ID="P5_SP00201" HPOS="1323" VPOS="1900" WIDTH="55"/>
						<String ID="P5_ST00221" HPOS="1378" VPOS="1838" WIDTH="81" HEIGHT="42" CONTENT="est" WC="0.99" CC="001"/>
						<SP ID="P5_SP00202" HPOS="1459" VPOS="1900" WIDTH="53"/>
						<String ID="P5_ST00222" HPOS="1512" VPOS="1824" WIDTH="305" HEIGHT="76" CONTENT="beaucoup" WC="0.99" CC="00050150"/>
						<SP ID="P5_SP00203" HPOS="1817" VPOS="1900" WIDTH="55"/>
						<String ID="P5_ST00223" HPOS="1872" VPOS="1838" WIDTH="133" HEIGHT="63" CONTENT="trop" WC="0.99" CC="0500"/>
						<SP ID="P5_SP00204" HPOS="2005" VPOS="1901" WIDTH="47"/>
						<String ID="P5_ST00224" HPOS="2052" VPOS="1823" WIDTH="413" HEIGHT="58" CONTENT="considérable." WC="1.00" CC="0100305000003"/>
						<SP ID="P5_SP00205" HPOS="2465" VPOS="1901" WIDTH="37"/>
						<String ID="P5_ST00225" HPOS="2502" VPOS="1825" WIDTH="77" HEIGHT="56" CONTENT="Et" WC="0.55" CC="53"/>
					</TextLine>
					<TextLine ID="P5_TL00022" HPOS="147" VPOS="1906" WIDTH="2432" HEIGHT="81">
						<String ID="P5_ST00226" HPOS="147" VPOS="1910" WIDTH="213" HEIGHT="68" CONTENT="même," WC="1.00" CC="00010"/>
						<SP ID="P5_SP00206" HPOS="360" VPOS="1978" WIDTH="31"/>
						<String ID="P5_ST00227" HPOS="391" VPOS="1910" WIDTH="232" HEIGHT="77" CONTENT="lorsque" WC="0.99" CC="6000063"/>
						<SP ID="P5_SP00207" HPOS="623" VPOS="1987" WIDTH="32"/>
						<String ID="P5_ST00228" HPOS="655" VPOS="1909" WIDTH="52" HEIGHT="56" CONTENT="le" WC="0.70" CC="22"/>
						<SP ID="P5_SP00208" HPOS="707" VPOS="1987" WIDTH="33"/>
						<String ID="P5_ST00229" HPOS="740" VPOS="1906" WIDTH="147" HEIGHT="59" CONTENT="chef" WC="0.98" CC="3500"/>
						<SP ID="P5_SP00209" HPOS="887" VPOS="1987" WIDTH="22"/>
						<String ID="P5_ST00230" HPOS="909" VPOS="1908" WIDTH="356" HEIGHT="57" CONTENT="d'orchestre" WC="1.00" CC="00050510040"/>
						<SP ID="P5_SP00210" HPOS="1265" VPOS="1987" WIDTH="31"/>
						<String ID="P5_ST00231" HPOS="1296" VPOS="1906" WIDTH="207" HEIGHT="60" CONTENT="réussit" WC="0.99" CC="3720000"/>
						<SP ID="P5_SP00211" HPOS="1503" VPOS="1987" WIDTH="49"/>
						<String ID="P5_ST00232" HPOS="1552" VPOS="1908" WIDTH="30" HEIGHT="57" CONTENT="à" WC="0.24" CC="7"/>
						<SP ID="P5_SP00212" HPOS="1582" VPOS="1987" WIDTH="31"/>
						<String ID="P5_ST00233" HPOS="1613" VPOS="1912" WIDTH="124" HEIGHT="54" CONTENT="leur" WC="0.97" CC="2134"/>
						<SP ID="P5_SP00213" HPOS="1737" VPOS="1987" WIDTH="31"/>
						<String ID="P5_ST00234" HPOS="1768" VPOS="1908" WIDTH="142" HEIGHT="58" CONTENT="faire" WC="1.00" CC="00000"/>
						<SP ID="P5_SP00214" HPOS="1910" VPOS="1987" WIDTH="48"/>
						<String ID="P5_ST00235" HPOS="1958" VPOS="1910" WIDTH="240" HEIGHT="57" CONTENT="chanter" WC="0.99" CC="0500005"/>
						<SP ID="P5_SP00215" HPOS="2198" VPOS="1987" WIDTH="42"/>
						<String ID="P5_ST00236" HPOS="2240" VPOS="1908" WIDTH="306" HEIGHT="59" CONTENT="simultané" SUBS_TYPE="HypPart1" SUBS_CONTENT="simultanément" WC="1.00" CC="000130005"/>
						<HYP HPOS="2546" VPOS="1908" WIDTH="33" CONTENT="-"/>
					</TextLine>
					<TextLine ID="P5_TL00023" HPOS="147" VPOS="1994" WIDTH="2432" HEIGHT="81">
						<String ID="P5_ST00237" HPOS="147" VPOS="2011" WIDTH="164" HEIGHT="42" CONTENT="ment" SUBS_TYPE="HypPart2" SUBS_CONTENT="simultanément" WC="0.99" CC="0400"/>
						<SP ID="P5_SP00216" HPOS="311" VPOS="2053" WIDTH="33"/>
						<String ID="P5_ST00238" HPOS="344" VPOS="2016" WIDTH="114" HEIGHT="35" CONTENT="une" WC="0.96" CC="603"/>
						<SP ID="P5_SP00217" HPOS="458" VPOS="2053" WIDTH="33"/>
						<String ID="P5_ST00239" HPOS="491" VPOS="2008" WIDTH="156" HEIGHT="56" CONTENT="note," WC="0.98" CC="02404"/>
						<SP ID="P5_SP00218" HPOS="647" VPOS="2064" WIDTH="33"/>
						<String ID="P5_ST00240" HPOS="680" VPOS="2014" WIDTH="284" HEIGHT="59" CONTENT="personne" WC="1.00" CC="03000300"/>
						<SP ID="P5_SP00219" HPOS="964" VPOS="2073" WIDTH="34"/>
						<String ID="P5_ST00241" HPOS="998" VPOS="2016" WIDTH="71" HEIGHT="34" CONTENT="ne" WC="0.67" CC="32"/>
						<SP ID="P5_SP00220" HPOS="1069" VPOS="2073" WIDTH="33"/>
						<String ID="P5_ST00242" HPOS="1102" VPOS="2008" WIDTH="141" HEIGHT="65" CONTENT="peut" WC="0.99" CC="0050"/>
						<SP ID="P5_SP00221" HPOS="1243" VPOS="2073" WIDTH="32"/>
						<String ID="P5_ST00243" HPOS="1275" VPOS="1995" WIDTH="322" HEIGHT="56" CONTENT="l'entendre" WC="1.00" CC="0000301000"/>
						<SP ID="P5_SP00222" HPOS="1597" VPOS="2073" WIDTH="32"/>
						<String ID="P5_ST00244" HPOS="1629" VPOS="1994" WIDTH="499" HEIGHT="71" CONTENT="simultanément," WC="0.99" CC="05050305600043"/>
						<SP ID="P5_SP00223" HPOS="2128" VPOS="2073" WIDTH="33"/>
						<String ID="P5_ST00245" HPOS="2161" VPOS="2017" WIDTH="172" HEIGHT="58" CONTENT="parce" WC="0.99" CC="00500"/>
						<SP ID="P5_SP00224" HPOS="2333" VPOS="2075" WIDTH="34"/>
						<String ID="P5_ST00246" HPOS="2367" VPOS="2017" WIDTH="112" HEIGHT="57" CONTENT="que" WC="0.98" CC="060"/>
						<SP ID="P5_SP00225" HPOS="2479" VPOS="2075" WIDTH="48"/>
						<String ID="P5_ST00247" HPOS="2527" VPOS="1997" WIDTH="52" HEIGHT="56" CONTENT="le" WC="0.76" CC="40"/>
					</TextLine>
					<TextLine ID="P5_TL00024" HPOS="146" VPOS="2079" WIDTH="2433" HEIGHT="83">
						<String ID="P5_ST00248" HPOS="146" VPOS="2105" WIDTH="101" HEIGHT="35" CONTENT="son" WC="0.96" CC="036"/>
						<SP ID="P5_SP00226" HPOS="247" VPOS="2140" WIDTH="35"/>
						<String ID="P5_ST00249" HPOS="282" VPOS="2080" WIDTH="285" HEIGHT="59" CONTENT="demande" WC="1.00" CC="0000000"/>
						<SP ID="P5_SP00227" HPOS="567" VPOS="2140" WIDTH="33"/>
						<String ID="P5_ST00250" HPOS="600" VPOS="2103" WIDTH="79" HEIGHT="35" CONTENT="un" WC="0.70" CC="50"/>
						<SP ID="P5_SP00228" HPOS="679" VPOS="2140" WIDTH="34"/>
						<String ID="P5_ST00251" HPOS="713" VPOS="2096" WIDTH="191" HEIGHT="63" CONTENT="temps" WC="1.00" CC="30000"/>
						<SP ID="P5_SP00229" HPOS="904" VPOS="2159" WIDTH="32"/>
						<String ID="P5_ST00252" HPOS="936" VPOS="2079" WIDTH="367" HEIGHT="80" CONTENT="appréciable" WC="1.00" CC="00045000502"/>
						<SP ID="P5_SP00230" HPOS="1303" VPOS="2159" WIDTH="32"/>
						<String ID="P5_ST00253" HPOS="1335" VPOS="2103" WIDTH="151" HEIGHT="56" CONTENT="pour" WC="0.99" CC="0203"/>
						<SP ID="P5_SP00231" HPOS="1486" VPOS="2159" WIDTH="31"/>
						<String ID="P5_ST00254" HPOS="1517" VPOS="2103" WIDTH="56" HEIGHT="36" CONTENT="se" WC="0.96" CC="00"/>
						<SP ID="P5_SP00232" HPOS="1573" VPOS="2159" WIDTH="47"/>
						<String ID="P5_ST00255" HPOS="1620" VPOS="2102" WIDTH="289" HEIGHT="58" CONTENT="propager" WC="0.99" CC="05004013"/>
						<SP ID="P5_SP00233" HPOS="1909" VPOS="2160" WIDTH="36"/>
						<String ID="P5_ST00256" HPOS="1945" VPOS="2084" WIDTH="54" HEIGHT="56" CONTENT="le" WC="0.83" CC="30"/>
						<SP ID="P5_SP00234" HPOS="1999" VPOS="2160" WIDTH="44"/>
						<String ID="P5_ST00257" HPOS="2043" VPOS="2084" WIDTH="142" HEIGHT="78" CONTENT="long" WC="0.98" CC="3340"/>
						<SP ID="P5_SP00235" HPOS="2185" VPOS="2162" WIDTH="47"/>
						<String ID="P5_ST00258" HPOS="2232" VPOS="2083" WIDTH="141" HEIGHT="56" CONTENT="d'un" WC="0.98" CC="0107"/>
						<SP ID="P5_SP00236" HPOS="2373" VPOS="2162" WIDTH="46"/>
						<String ID="P5_ST00259" HPOS="2419" VPOS="2082" WIDTH="160" HEIGHT="57" CONTENT="front" WC="0.98" CC="06013"/>
					</TextLine>
					<TextLine ID="P5_TL00025" HPOS="147" VPOS="2168" WIDTH="2432" HEIGHT="78">
						<String ID="P5_ST00260" HPOS="147" VPOS="2171" WIDTH="70" HEIGHT="56" CONTENT="de" WC="1.00" CC="00"/>
						<SP ID="P5_SP00237" HPOS="217" VPOS="2227" WIDTH="51"/>
						<String ID="P5_ST00261" HPOS="268" VPOS="2188" WIDTH="167" HEIGHT="55" CONTENT="4000" WC="0.96" CC="0001"/>
						<SP ID="P5_SP00238" HPOS="435" VPOS="2243" WIDTH="51"/>
						<String ID="P5_ST00262" HPOS="486" VPOS="2187" WIDTH="328" HEIGHT="59" CONTENT="personnes." WC="1.00" CC="0310000000"/>
						<SP ID="P5_SP00239" HPOS="814" VPOS="2246" WIDTH="38"/>
						<String ID="P5_ST00263" HPOS="852" VPOS="2169" WIDTH="162" HEIGHT="55" CONTENT="Dans" WC="0.98" CC="2060"/>
						<SP ID="P5_SP00240" HPOS="1014" VPOS="2246" WIDTH="54"/>
						<String ID="P5_ST00264" HPOS="1068" VPOS="2169" WIDTH="79" HEIGHT="55" CONTENT="les" WC="1.00" CC="000"/>
						<SP ID="P5_SP00241" HPOS="1147" VPOS="2246" WIDTH="54"/>
						<String ID="P5_ST00265" HPOS="1201" VPOS="2187" WIDTH="259" HEIGHT="59" CONTENT="passages" WC="1.00" CC="00000010"/>
						<SP ID="P5_SP00242" HPOS="1460" VPOS="2246" WIDTH="50"/>
						<String ID="P5_ST00266" HPOS="1510" VPOS="2168" WIDTH="242" HEIGHT="78" CONTENT="rapides," WC="0.99" CC="48000301"/>
						<SP ID="P5_SP00243" HPOS="1752" VPOS="2246" WIDTH="35"/>
						<String ID="P5_ST00267" HPOS="1787" VPOS="2171" WIDTH="78" HEIGHT="54" CONTENT="les" WC="0.99" CC="300"/>
						<SP ID="P5_SP00244" HPOS="1865" VPOS="2246" WIDTH="54"/>
						<String ID="P5_ST00268" HPOS="1919" VPOS="2168" WIDTH="238" HEIGHT="59" CONTENT="doubles" WC="0.99" CC="0006050"/>
						<SP ID="P5_SP00245" HPOS="2157" VPOS="2246" WIDTH="55"/>
						<String ID="P5_ST00269" HPOS="2212" VPOS="2169" WIDTH="241" HEIGHT="58" CONTENT="croches" WC="0.99" CC="0220530"/>
						<SP ID="P5_SP00246" HPOS="2453" VPOS="2246" WIDTH="49"/>
						<String ID="P5_ST00270" HPOS="2502" VPOS="2169" WIDTH="77" HEIGHT="58" CONTENT="du" WC="0.84" CC="03"/>
					</TextLine>
					<TextLine ID="P5_TL00026" HPOS="150" VPOS="2252" WIDTH="2430" HEIGHT="81">
						<String ID="P5_ST00271" HPOS="150" VPOS="2254" WIDTH="284" HEIGHT="58" CONTENT="chanteur" WC="0.99" CC="06620440"/>
						<SP ID="P5_SP00247" HPOS="434" VPOS="2312" WIDTH="31"/>
						<String ID="P5_ST00272" HPOS="465" VPOS="2254" WIDTH="52" HEIGHT="55" CONTENT="le" WC="0.96" CC="00"/>
						<SP ID="P5_SP00248" HPOS="517" VPOS="2312" WIDTH="34"/>
						<String ID="P5_ST00273" HPOS="551" VPOS="2254" WIDTH="128" HEIGHT="77" CONTENT="plus" WC="1.00" CC="0000"/>
						<SP ID="P5_SP00249" HPOS="679" VPOS="2331" WIDTH="45"/>
						<String ID="P5_ST00274" HPOS="724" VPOS="2252" WIDTH="233" HEIGHT="79" CONTENT="éloigné" WC="0.98" CC="7053033"/>
						<SP ID="P5_SP00250" HPOS="957" VPOS="2331" WIDTH="49"/>
						<String ID="P5_ST00275" HPOS="1006" VPOS="2253" WIDTH="316" HEIGHT="57" CONTENT="n'arrivent" WC="0.99" CC="0005440024"/>
						<SP ID="P5_SP00251" HPOS="1322" VPOS="2331" WIDTH="33"/>
						<String ID="P5_ST00276" HPOS="1355" VPOS="2252" WIDTH="29" HEIGHT="57" CONTENT="à" WC="0.28" CC="7"/>
						<SP ID="P5_SP00252" HPOS="1384" VPOS="2331" WIDTH="50"/>
						<String ID="P5_ST00277" HPOS="1434" VPOS="2253" WIDTH="309" HEIGHT="57" CONTENT="l'auditeur" WC="1.00" CC="0103010050"/>
						<SP ID="P5_SP00253" HPOS="1743" VPOS="2331" WIDTH="50"/>
						<String ID="P5_ST00278" HPOS="1793" VPOS="2253" WIDTH="269" HEIGHT="80" CONTENT="qu'après" WC="0.99" CC="06000360"/>
						<SP ID="P5_SP00254" HPOS="2062" VPOS="2333" WIDTH="50"/>
						<String ID="P5_ST00279" HPOS="2112" VPOS="2276" WIDTH="114" HEIGHT="57" CONTENT="que" WC="0.99" CC="020"/>
						<SP ID="P5_SP00255" HPOS="2226" VPOS="2333" WIDTH="55"/>
						<String ID="P5_ST00280" HPOS="2281" VPOS="2256" WIDTH="166" HEIGHT="57" CONTENT="celles" WC="0.99" CC="040520"/>
						<SP ID="P5_SP00256" HPOS="2447" VPOS="2333" WIDTH="55"/>
						<String ID="P5_ST00281" HPOS="2502" VPOS="2254" WIDTH="78" HEIGHT="58" CONTENT="du" WC="0.75" CC="05"/>
					</TextLine>
					<TextLine ID="P5_TL00027" HPOS="150" VPOS="2338" WIDTH="2432" HEIGHT="80">
						<String ID="P5_ST00282" HPOS="150" VPOS="2342" WIDTH="284" HEIGHT="56" CONTENT="chanteur" WC="0.98" CC="34960256"/>
						<SP ID="P5_SP00257" HPOS="434" VPOS="2398" WIDTH="52"/>
						<String ID="P5_ST00283" HPOS="486" VPOS="2341" WIDTH="53" HEIGHT="54" CONTENT="le" WC="0.96" CC="00"/>
						<SP ID="P5_SP00258" HPOS="539" VPOS="2398" WIDTH="54"/>
						<String ID="P5_ST00284" HPOS="593" VPOS="2342" WIDTH="129" HEIGHT="76" CONTENT="plus" WC="0.99" CC="0320"/>
						<SP ID="P5_SP00259" HPOS="722" VPOS="2418" WIDTH="61"/>
						<String ID="P5_ST00285" HPOS="783" VPOS="2340" WIDTH="221" HEIGHT="78" CONTENT="proche" WC="0.99" CC="030060"/>
						<SP ID="P5_SP00260" HPOS="1004" VPOS="2418" WIDTH="54"/>
						<String ID="P5_ST00286" HPOS="1058" VPOS="2355" WIDTH="129" HEIGHT="42" CONTENT="sont" WC="0.99" CC="0060"/>
						<SP ID="P5_SP00261" HPOS="1187" VPOS="2418" WIDTH="55"/>
						<String ID="P5_ST00287" HPOS="1242" VPOS="2338" WIDTH="124" HEIGHT="78" CONTENT="déjà" WC="0.96" CC="0766"/>
						<SP ID="P5_SP00262" HPOS="1366" VPOS="2418" WIDTH="61"/>
						<String ID="P5_ST00288" HPOS="1427" VPOS="2338" WIDTH="236" HEIGHT="80" CONTENT="passées." WC="0.99" CC="07007103"/>
						<SP ID="P5_SP00263" HPOS="1663" VPOS="2418" WIDTH="59"/>
						<String ID="P5_ST00289" HPOS="1722" VPOS="2342" WIDTH="58" HEIGHT="56" CONTENT="Si" WC="0.77" CC="40"/>
						<SP ID="P5_SP00264" HPOS="1780" VPOS="2418" WIDTH="45"/>
						<String ID="P5_ST00290" HPOS="1825" VPOS="2338" WIDTH="193" HEIGHT="79" CONTENT="j'étais" WC="0.99" CC="4050010"/>
						<SP ID="P5_SP00265" HPOS="2018" VPOS="2418" WIDTH="54"/>
						<String ID="P5_ST00291" HPOS="2072" VPOS="2341" WIDTH="265" HEIGHT="57" CONTENT="membre" WC="0.99" CC="004511"/>
						<SP ID="P5_SP00266" HPOS="2337" VPOS="2418" WIDTH="62"/>
						<String ID="P5_ST00292" HPOS="2399" VPOS="2341" WIDTH="70" HEIGHT="57" CONTENT="de" WC="0.81" CC="03"/>
						<SP ID="P5_SP00267" HPOS="2469" VPOS="2418" WIDTH="59"/>
						<String ID="P5_ST00293" HPOS="2528" VPOS="2342" WIDTH="54" HEIGHT="56" CONTENT="la" WC="1.00" CC="00"/>
					</TextLine>
					<TextLine ID="P5_TL00028" HPOS="152" VPOS="2425" WIDTH="2431" HEIGHT="81">
						<String ID="P5_ST00294" HPOS="152" VPOS="2426" WIDTH="300" HEIGHT="60" CONTENT="Chambre" WC="0.98" CC="0607550"/>
						<SP ID="P5_SP00268" HPOS="452" VPOS="2486" WIDTH="71"/>
						<String ID="P5_ST00295" HPOS="523" VPOS="2426" WIDTH="96" HEIGHT="57" CONTENT="des" WC="1.00" CC="000"/>
						<SP ID="P5_SP00269" HPOS="619" VPOS="2486" WIDTH="93"/>
						<String ID="P5_ST00296" HPOS="712" VPOS="2428" WIDTH="382" HEIGHT="68" CONTENT="Communes," WC="1.00" CC="100030000"/>
						<SP ID="P5_SP00270" HPOS="1094" VPOS="2496" WIDTH="82"/>
						<String ID="P5_ST00297" HPOS="1176" VPOS="2426" WIDTH="59" HEIGHT="77" CONTENT="je" WC="0.79" CC="40"/>
						<SP ID="P5_SP00271" HPOS="1235" VPOS="2503" WIDTH="69"/>
						<String ID="P5_ST00298" HPOS="1304" VPOS="2425" WIDTH="380" HEIGHT="78" CONTENT="présenterais" WC="1.00" CC="028000000030"/>
						<SP ID="P5_SP00272" HPOS="1684" VPOS="2503" WIDTH="85"/>
						<String ID="P5_ST00299" HPOS="1769" VPOS="2448" WIDTH="113" HEIGHT="35" CONTENT="une" WC="0.97" CC="601"/>
						<SP ID="P5_SP00273" HPOS="1882" VPOS="2503" WIDTH="67"/>
						<String ID="P5_ST00300" HPOS="1949" VPOS="2427" WIDTH="81" HEIGHT="57" CONTENT="loi" WC="0.98" CC="400"/>
						<SP ID="P5_SP00274" HPOS="2030" VPOS="2503" WIDTH="70"/>
						<String ID="P5_ST00301" HPOS="2100" VPOS="2426" WIDTH="292" HEIGHT="58" CONTENT="déclarant" WC="1.00" CC="050200011"/>
						<SP ID="P5_SP00275" HPOS="2392" VPOS="2503" WIDTH="75"/>
						<String ID="P5_ST00302" HPOS="2467" VPOS="2448" WIDTH="116" HEIGHT="58" CONTENT="que" WC="1.00" CC="000"/>
					</TextLine>
					<TextLine ID="P5_TL00029" HPOS="150" VPOS="2511" WIDTH="2433" HEIGHT="79">
						<String ID="P5_ST00303" HPOS="150" VPOS="2512" WIDTH="359" HEIGHT="59" CONTENT="l'exécution" WC="0.99" CC="53007053305"/>
						<SP ID="P5_SP00276" HPOS="509" VPOS="2571" WIDTH="33"/>
						<String ID="P5_ST00304" HPOS="542" VPOS="2514" WIDTH="137" HEIGHT="55" CONTENT="d'un" WC="0.97" CC="0455"/>
						<SP ID="P5_SP00277" HPOS="679" VPOS="2571" WIDTH="33"/>
						<String ID="P5_ST00305" HPOS="712" VPOS="2514" WIDTH="257" HEIGHT="55" CONTENT="oratorio" WC="0.99" CC="54020000"/>
						<SP ID="P5_SP00278" HPOS="969" VPOS="2571" WIDTH="34"/>
						<String ID="P5_ST00306" HPOS="1003" VPOS="2512" WIDTH="70" HEIGHT="57" CONTENT="de" WC="0.91" CC="01"/>
						<SP ID="P5_SP00279" HPOS="1073" VPOS="2571" WIDTH="33"/>
						<String ID="P5_ST00307" HPOS="1106" VPOS="2511" WIDTH="273" HEIGHT="58" CONTENT="Haendel" WC="0.87" CC="3400001"/>
						<SP ID="P5_SP00280" HPOS="1379" VPOS="2571" WIDTH="46"/>
						<String ID="P5_ST00308" HPOS="1425" VPOS="2533" WIDTH="103" HEIGHT="57" CONTENT="par" WC="0.98" CC="004"/>
						<SP ID="P5_SP00281" HPOS="1528" VPOS="2590" WIDTH="31"/>
						<String ID="P5_ST00309" HPOS="1559" VPOS="2514" WIDTH="129" HEIGHT="76" CONTENT="plus" WC="0.98" CC="0160"/>
						<SP ID="P5_SP00282" HPOS="1688" VPOS="2590" WIDTH="31"/>
						<String ID="P5_ST00310" HPOS="1719" VPOS="2512" WIDTH="70" HEIGHT="56" CONTENT="de" WC="1.00" CC="00"/>
						<SP ID="P5_SP00283" HPOS="1789" VPOS="2590" WIDTH="52"/>
						<String ID="P5_ST00311" HPOS="1841" VPOS="2512" WIDTH="76" HEIGHT="57" CONTENT="80" WC="0.80" CC="30"/>
						<SP ID="P5_SP00284" HPOS="1917" VPOS="2590" WIDTH="51"/>
						<String ID="P5_ST00312" HPOS="1968" VPOS="2512" WIDTH="358" HEIGHT="70" CONTENT="exécutants," WC="1.00" CC="00602500000"/>
						<SP ID="P5_SP00285" HPOS="2326" VPOS="2590" WIDTH="50"/>
						<String ID="P5_ST00313" HPOS="2376" VPOS="2514" WIDTH="207" HEIGHT="57" CONTENT="chœur" WC="0.98" CC="06343"/>
					</TextLine>
					<TextLine ID="P5_TL00030" HPOS="152" VPOS="2597" WIDTH="2427" HEIGHT="78">
						<String ID="P5_ST00314" HPOS="152" VPOS="2614" WIDTH="56" HEIGHT="42" CONTENT="et" WC="0.54" CC="08"/>
						<SP ID="P5_SP00286" HPOS="208" VPOS="2656" WIDTH="55"/>
						<String ID="P5_ST00315" HPOS="263" VPOS="2599" WIDTH="294" HEIGHT="58" CONTENT="orchestre" WC="0.99" CC="020330202"/>
						<SP ID="P5_SP00287" HPOS="557" VPOS="2657" WIDTH="52"/>
						<String ID="P5_ST00316" HPOS="609" VPOS="2597" WIDTH="214" HEIGHT="71" CONTENT="réunis," WC="0.98" CC="2436203"/>
						<SP ID="P5_SP00288" HPOS="823" VPOS="2668" WIDTH="54"/>
						<String ID="P5_ST00317" HPOS="877" VPOS="2600" WIDTH="113" HEIGHT="55" CONTENT="soit" WC="1.00" CC="0002"/>
						<SP ID="P5_SP00289" HPOS="990" VPOS="2668" WIDTH="61"/>
						<String ID="P5_ST00318" HPOS="1051" VPOS="2599" WIDTH="79" HEIGHT="73" CONTENT="48" WC="0.70" CC="05"/>
						<SP ID="P5_SP00290" HPOS="1130" VPOS="2672" WIDTH="55"/>
						<String ID="P5_ST00319" HPOS="1185" VPOS="2597" WIDTH="310" HEIGHT="58" CONTENT="chanteurs" WC="0.99" CC="050510450"/>
						<SP ID="P5_SP00291" HPOS="1495" VPOS="2672" WIDTH="50"/>
						<String ID="P5_ST00320" HPOS="1545" VPOS="2613" WIDTH="57" HEIGHT="42" CONTENT="et" WC="0.80" CC="04"/>
						<SP ID="P5_SP00292" HPOS="1602" VPOS="2672" WIDTH="56"/>
						<String ID="P5_ST00321" HPOS="1658" VPOS="2618" WIDTH="74" HEIGHT="57" CONTENT="32" WC="0.63" CC="61"/>
						<SP ID="P5_SP00293" HPOS="1732" VPOS="2675" WIDTH="65"/>
						<String ID="P5_ST00322" HPOS="1797" VPOS="2600" WIDTH="509" HEIGHT="68" CONTENT="instrumentistes," WC="1.00" CC="0500500060004000"/>
						<SP ID="P5_SP00294" HPOS="2306" VPOS="2675" WIDTH="48"/>
						<String ID="P5_ST00323" HPOS="2354" VPOS="2614" WIDTH="84" HEIGHT="43" CONTENT="est" WC="0.98" CC="105"/>
						<SP ID="P5_SP00295" HPOS="2438" VPOS="2675" WIDTH="64"/>
						<String ID="P5_ST00324" HPOS="2502" VPOS="2620" WIDTH="77" HEIGHT="36" CONTENT="un" WC="0.59" CC="61"/>
					</TextLine>
					<TextLine ID="P5_TL00031" HPOS="153" VPOS="2684" WIDTH="2429" HEIGHT="80">
						<String ID="P5_ST00325" HPOS="153" VPOS="2688" WIDTH="183" HEIGHT="55" CONTENT="crime" WC="0.99" CC="02001"/>
						<SP ID="P5_SP00296" HPOS="336" VPOS="2743" WIDTH="63"/>
						<String ID="P5_ST00326" HPOS="399" VPOS="2686" WIDTH="231" HEIGHT="78" CONTENT="capital." WC="1.00" CC="00000054"/>
						<SP ID="P5_SP00297" HPOS="630" VPOS="2764" WIDTH="70"/>
						<String ID="P5_ST00327" HPOS="700" VPOS="2686" WIDTH="151" HEIGHT="56" CONTENT="Rien" WC="1.00" CC="0000"/>
						<SP ID="P5_SP00298" HPOS="851" VPOS="2764" WIDTH="53"/>
						<String ID="P5_ST00328" HPOS="904" VPOS="2698" WIDTH="163" HEIGHT="43" CONTENT="autre" WC="0.98" CC="75040"/>
						<SP ID="P5_SP00299" HPOS="1067" VPOS="2764" WIDTH="54"/>
						<String ID="P5_ST00329" HPOS="1121" VPOS="2705" WIDTH="114" HEIGHT="59" CONTENT="que" WC="0.98" CC="060"/>
						<SP ID="P5_SP00300" HPOS="1235" VPOS="2764" WIDTH="54"/>
						<String ID="P5_ST00330" HPOS="1289" VPOS="2699" WIDTH="153" HEIGHT="43" CONTENT="cette" WC="1.00" CC="00000"/>
						<SP ID="P5_SP00301" HPOS="1442" VPOS="2764" WIDTH="54"/>
						<String ID="P5_ST00331" HPOS="1496" VPOS="2705" WIDTH="228" HEIGHT="36" CONTENT="mesure" WC="0.99" CC="030500"/>
						<SP ID="P5_SP00302" HPOS="1724" VPOS="2764" WIDTH="60"/>
						<String ID="P5_ST00332" HPOS="1784" VPOS="2705" WIDTH="72" HEIGHT="36" CONTENT="ne" WC="1.00" CC="00"/>
						<SP ID="P5_SP00303" HPOS="1856" VPOS="2764" WIDTH="49"/>
						<String ID="P5_ST00333" HPOS="1905" VPOS="2705" WIDTH="213" HEIGHT="59" CONTENT="pourra" WC="1.00" CC="005000"/>
						<SP ID="P5_SP00304" HPOS="2118" VPOS="2764" WIDTH="50"/>
						<String ID="P5_ST00334" HPOS="2168" VPOS="2684" WIDTH="289" HEIGHT="59" CONTENT="revivifier" WC="0.99" CC="5000007705"/>
						<SP ID="P5_SP00305" HPOS="2457" VPOS="2764" WIDTH="54"/>
						<String ID="P5_ST00335" HPOS="2511" VPOS="2707" WIDTH="71" HEIGHT="35" CONTENT="en" WC="0.68" CC="06"/>
					</TextLine>
					<TextLine ID="P5_TL00032" HPOS="152" VPOS="2771" WIDTH="2428" HEIGHT="80">
						<String ID="P5_ST00336" HPOS="152" VPOS="2774" WIDTH="368" HEIGHT="76" CONTENT="Angleterre," WC="1.00" CC="31000230200"/>
						<SP ID="P5_SP00306" HPOS="520" VPOS="2850" WIDTH="33"/>
						<String ID="P5_ST00337" HPOS="553" VPOS="2774" WIDTH="55" HEIGHT="55" CONTENT="la" WC="1.00" CC="00"/>
						<SP ID="P5_SP00307" HPOS="608" VPOS="2850" WIDTH="32"/>
						<String ID="P5_ST00338" HPOS="640" VPOS="2773" WIDTH="272" HEIGHT="76" CONTENT="musique" WC="0.99" CC="0100053"/>
						<SP ID="P5_SP00308" HPOS="912" VPOS="2850" WIDTH="31"/>
						<String ID="P5_ST00339" HPOS="943" VPOS="2771" WIDTH="71" HEIGHT="58" CONTENT="de" WC="0.80" CC="03"/>
						<SP ID="P5_SP00309" HPOS="1014" VPOS="2850" WIDTH="35"/>
						<String ID="P5_ST00340" HPOS="1049" VPOS="2771" WIDTH="289" HEIGHT="58" CONTENT="Haendel." WC="0.70" CC="36040053"/>
						<SP ID="P5_SP00310" HPOS="1338" VPOS="2850" WIDTH="26"/>
						<String ID="P5_ST00341" HPOS="1364" VPOS="2773" WIDTH="125" HEIGHT="56" CONTENT="Elle" WC="0.98" CC="2202"/>
						<SP ID="P5_SP00311" HPOS="1489" VPOS="2850" WIDTH="33"/>
						<String ID="P5_ST00342" HPOS="1522" VPOS="2771" WIDTH="107" HEIGHT="78" CONTENT="gît," WC="0.99" CC="0130"/>
						<SP ID="P5_SP00312" HPOS="1629" VPOS="2850" WIDTH="33"/>
						<String ID="P5_ST00343" HPOS="1662" VPOS="2787" WIDTH="211" HEIGHT="54" CONTENT="morte," WC="0.99" CC="034102"/>
						<SP ID="P5_SP00313" HPOS="1873" VPOS="2850" WIDTH="33"/>
						<String ID="P5_ST00344" HPOS="1906" VPOS="2792" WIDTH="131" HEIGHT="38" CONTENT="sous" WC="0.99" CC="0120"/>
						<SP ID="P5_SP00314" HPOS="2037" VPOS="2850" WIDTH="30"/>
						<String ID="P5_ST00345" HPOS="2067" VPOS="2774" WIDTH="54" HEIGHT="56" CONTENT="le" WC="1.00" CC="00"/>
						<SP ID="P5_SP00315" HPOS="2121" VPOS="2850" WIDTH="45"/>
						<String ID="P5_ST00346" HPOS="2166" VPOS="2774" WIDTH="168" HEIGHT="77" CONTENT="poids" WC="1.00" CC="02100"/>
						<SP ID="P5_SP00316" HPOS="2334" VPOS="2851" WIDTH="32"/>
						<String ID="P5_ST00347" HPOS="2366" VPOS="2774" WIDTH="68" HEIGHT="56" CONTENT="de" WC="1.00" CC="00"/>
						<SP ID="P5_SP00317" HPOS="2434" VPOS="2851" WIDTH="47"/>
						<String ID="P5_ST00348" HPOS="2481" VPOS="2793" WIDTH="99" HEIGHT="37" CONTENT="son" WC="0.99" CC="020"/>
					</TextLine>
					<TextLine ID="P5_TL00033" HPOS="155" VPOS="2856" WIDTH="2427" HEIGHT="80">
						<String ID="P5_ST00349" HPOS="155" VPOS="2856" WIDTH="241" HEIGHT="59" CONTENT="énorme" WC="0.98" CC="434300"/>
						<SP ID="P5_SP00318" HPOS="396" VPOS="2915" WIDTH="50"/>
						<String ID="P5_ST00350" HPOS="446" VPOS="2856" WIDTH="335" HEIGHT="80" CONTENT="réputation" WC="0.99" CC="5706041620"/>
						<SP ID="P5_SP00319" HPOS="781" VPOS="2936" WIDTH="56"/>
						<String ID="P5_ST00351" HPOS="837" VPOS="2872" WIDTH="56" HEIGHT="42" CONTENT="et" WC="0.82" CC="03"/>
						<SP ID="P5_SP00320" HPOS="893" VPOS="2936" WIDTH="54"/>
						<String ID="P5_ST00352" HPOS="947" VPOS="2856" WIDTH="71" HEIGHT="58" CONTENT="de" WC="0.86" CC="02"/>
						<SP ID="P5_SP00321" HPOS="1018" VPOS="2936" WIDTH="55"/>
						<String ID="P5_ST00353" HPOS="1073" VPOS="2870" WIDTH="152" HEIGHT="44" CONTENT="cette" WC="1.00" CC="00030"/>
						<SP ID="P5_SP00322" HPOS="1225" VPOS="2936" WIDTH="50"/>
						<String ID="P5_ST00354" HPOS="1275" VPOS="2856" WIDTH="129" HEIGHT="58" CONTENT="idée" WC="0.98" CC="1051"/>
						<SP ID="P5_SP00323" HPOS="1404" VPOS="2936" WIDTH="63"/>
						<String ID="P5_ST00355" HPOS="1467" VPOS="2856" WIDTH="240" HEIGHT="58" CONTENT="absurde" WC="0.99" CC="4206000"/>
						<SP ID="P5_SP00324" HPOS="1707" VPOS="2936" WIDTH="55"/>
						<String ID="P5_ST00356" HPOS="1762" VPOS="2878" WIDTH="115" HEIGHT="57" CONTENT="que" WC="0.98" CC="050"/>
						<SP ID="P5_SP00325" HPOS="1877" VPOS="2936" WIDTH="53"/>
						<String ID="P5_ST00357" HPOS="1930" VPOS="2859" WIDTH="52" HEIGHT="56" CONTENT="la" WC="0.97" CC="00"/>
						<SP ID="P5_SP00326" HPOS="1982" VPOS="2936" WIDTH="61"/>
						<String ID="P5_ST00358" HPOS="2043" VPOS="2859" WIDTH="219" HEIGHT="76" CONTENT="grande" WC="1.00" CC="000500"/>
						<SP ID="P5_SP00327" HPOS="2262" VPOS="2936" WIDTH="49"/>
						<String ID="P5_ST00359" HPOS="2311" VPOS="2860" WIDTH="271" HEIGHT="75" CONTENT="musique" WC="0.99" CC="0305000"/>
					</TextLine>
					<TextLine ID="P5_TL00034" HPOS="155" VPOS="2944" WIDTH="2429" HEIGHT="79">
						<String ID="P5_ST00360" HPOS="155" VPOS="2945" WIDTH="285" HEIGHT="56" CONTENT="demande" WC="1.00" CC="0000300"/>
						<SP ID="P5_SP00328" HPOS="440" VPOS="3001" WIDTH="33"/>
						<String ID="P5_ST00361" HPOS="473" VPOS="2945" WIDTH="70" HEIGHT="56" CONTENT="de" WC="0.94" CC="01"/>
						<SP ID="P5_SP00329" HPOS="543" VPOS="3001" WIDTH="33"/>
						<String ID="P5_ST00362" HPOS="576" VPOS="2944" WIDTH="209" HEIGHT="79" CONTENT="grands" WC="1.00" CC="050000"/>
						<SP ID="P5_SP00330" HPOS="785" VPOS="3023" WIDTH="31"/>
						<String ID="P5_ST00363" HPOS="816" VPOS="2944" WIDTH="323" HEIGHT="57" CONTENT="orchestres" WC="0.99" CC="2536000300"/>
						<SP ID="P5_SP00331" HPOS="1139" VPOS="3023" WIDTH="30"/>
						<String ID="P5_ST00364" HPOS="1169" VPOS="2959" WIDTH="58" HEIGHT="41" CONTENT="et" WC="0.84" CC="30"/>
						<SP ID="P5_SP00332" HPOS="1227" VPOS="3023" WIDTH="33"/>
						<String ID="P5_ST00365" HPOS="1260" VPOS="2944" WIDTH="69" HEIGHT="56" CONTENT="de" WC="0.87" CC="02"/>
						<SP ID="P5_SP00333" HPOS="1329" VPOS="3023" WIDTH="25"/>
						<String ID="P5_ST00366" HPOS="1354" VPOS="2944" WIDTH="208" HEIGHT="78" CONTENT="grands" WC="0.99" CC="020300"/>
						<SP ID="P5_SP00334" HPOS="1562" VPOS="3023" WIDTH="33"/>
						<String ID="P5_ST00367" HPOS="1595" VPOS="2944" WIDTH="248" HEIGHT="57" CONTENT="chœurs." WC="0.99" CC="0502200"/>
						<SP ID="P5_SP00335" HPOS="1843" VPOS="3023" WIDTH="33"/>
						<String ID="P5_ST00368" HPOS="1876" VPOS="2945" WIDTH="57" HEIGHT="56" CONTENT="Si" WC="0.97" CC="00"/>
						<SP ID="P5_SP00336" HPOS="1933" VPOS="3023" WIDTH="31"/>
						<String ID="P5_ST00369" HPOS="1964" VPOS="2966" WIDTH="115" HEIGHT="57" CONTENT="peu" WC="0.99" CC="002"/>
						<SP ID="P5_SP00337" HPOS="2079" VPOS="3023" WIDTH="23"/>
						<String ID="P5_ST00370" HPOS="2102" VPOS="2966" WIDTH="114" HEIGHT="57" CONTENT="que" WC="0.99" CC="020"/>
						<SP ID="P5_SP00338" HPOS="2216" VPOS="3023" WIDTH="20"/>
						<String ID="P5_ST00371" HPOS="2236" VPOS="2947" WIDTH="54" HEIGHT="54" CONTENT="la" WC="0.93" CC="10"/>
						<SP ID="P5_SP00339" HPOS="2290" VPOS="3023" WIDTH="24"/>
						<String ID="P5_ST00372" HPOS="2314" VPOS="2945" WIDTH="270" HEIGHT="77" CONTENT="musique" WC="0.99" CC="0504002"/>
					</TextLine>
					<TextLine ID="P5_TL00035" HPOS="153" VPOS="3029" WIDTH="2431" HEIGHT="80">
						<String ID="P5_ST00373" HPOS="153" VPOS="3032" WIDTH="72" HEIGHT="57" CONTENT="de" WC="0.91" CC="01"/>
						<SP ID="P5_SP00340" HPOS="225" VPOS="3089" WIDTH="34"/>
						<String ID="P5_ST00374" HPOS="259" VPOS="3032" WIDTH="273" HEIGHT="57" CONTENT="Haendel" WC="0.74" CC="4035005"/>
						<SP ID="P5_SP00341" HPOS="532" VPOS="3089" WIDTH="33"/>
						<String ID="P5_ST00375" HPOS="565" VPOS="3033" WIDTH="109" HEIGHT="55" CONTENT="soit" WC="0.98" CC="0441"/>
						<SP ID="P5_SP00342" HPOS="674" VPOS="3089" WIDTH="23"/>
						<String ID="P5_ST00376" HPOS="697" VPOS="3029" WIDTH="176" HEIGHT="79" CONTENT="jouée" WC="0.98" CC="20424"/>
						<SP ID="P5_SP00343" HPOS="873" VPOS="3108" WIDTH="47"/>
						<String ID="P5_ST00377" HPOS="920" VPOS="3051" WIDTH="70" HEIGHT="35" CONTENT="en" WC="1.00" CC="00"/>
						<SP ID="P5_SP00344" HPOS="990" VPOS="3108" WIDTH="36"/>
						<String ID="P5_ST00378" HPOS="1026" VPOS="3032" WIDTH="241" HEIGHT="68" CONTENT="France," WC="0.99" CC="0302031"/>
						<SP ID="P5_SP00345" HPOS="1267" VPOS="3108" WIDTH="33"/>
						<String ID="P5_ST00379" HPOS="1300" VPOS="3032" WIDTH="79" HEIGHT="56" CONTENT="les" WC="0.99" CC="200"/>
						<SP ID="P5_SP00346" HPOS="1379" VPOS="3108" WIDTH="34"/>
						<String ID="P5_ST00380" HPOS="1413" VPOS="3032" WIDTH="290" HEIGHT="76" CONTENT="Français," WC="1.00" CC="000300301"/>
						<SP ID="P5_SP00347" HPOS="1703" VPOS="3108" WIDTH="35"/>
						<String ID="P5_ST00381" HPOS="1738" VPOS="3029" WIDTH="162" HEIGHT="59" CONTENT="étant" WC="0.98" CC="73050"/>
						<SP ID="P5_SP00348" HPOS="1900" VPOS="3108" WIDTH="47"/>
						<String ID="P5_ST00382" HPOS="1947" VPOS="3030" WIDTH="191" HEIGHT="58" CONTENT="donné" WC="0.99" CC="01360"/>
						<SP ID="P5_SP00349" HPOS="2138" VPOS="3108" WIDTH="58"/>
						<String ID="P5_ST00383" HPOS="2196" VPOS="3032" WIDTH="168" HEIGHT="77" CONTENT="qu'ils" WC="0.99" CC="063040"/>
						<SP ID="P5_SP00350" HPOS="2364" VPOS="3109" WIDTH="54"/>
						<String ID="P5_ST00384" HPOS="2418" VPOS="3030" WIDTH="166" HEIGHT="56" CONTENT="n'ont" WC="1.00" CC="00003"/>
					</TextLine>
					<TextLine ID="P5_TL00036" HPOS="156" VPOS="3116" WIDTH="2428" HEIGHT="80">
						<String ID="P5_ST00385" HPOS="156" VPOS="3137" WIDTH="96" HEIGHT="59" CONTENT="pas" WC="0.96" CC="900"/>
						<SP ID="P5_SP00351" HPOS="252" VPOS="3196" WIDTH="32"/>
						<String ID="P5_ST00386" HPOS="284" VPOS="3116" WIDTH="71" HEIGHT="57" CONTENT="de" WC="1.00" CC="00"/>
						<SP ID="P5_SP00352" HPOS="355" VPOS="3196" WIDTH="32"/>
						<String ID="P5_ST00387" HPOS="387" VPOS="3117" WIDTH="232" HEIGHT="57" CONTENT="chœurs" WC="0.99" CC="060020"/>
						<SP ID="P5_SP00353" HPOS="619" VPOS="3196" WIDTH="34"/>
						<String ID="P5_ST00388" HPOS="653" VPOS="3117" WIDTH="69" HEIGHT="57" CONTENT="de" WC="1.00" CC="00"/>
						<SP ID="P5_SP00354" HPOS="722" VPOS="3196" WIDTH="31"/>
						<String ID="P5_ST00389" HPOS="753" VPOS="3116" WIDTH="247" HEIGHT="69" CONTENT="festival," WC="1.00" CC="000500230"/>
						<SP ID="P5_SP00355" HPOS="1000" VPOS="3196" WIDTH="35"/>
						<String ID="P5_ST00390" HPOS="1035" VPOS="3116" WIDTH="240" HEIGHT="58" CONTENT="doivent" WC="1.00" CC="0000020"/>
						<SP ID="P5_SP00356" HPOS="1275" VPOS="3196" WIDTH="33"/>
						<String ID="P5_ST00391" HPOS="1308" VPOS="3116" WIDTH="120" HEIGHT="57" CONTENT="être" WC="0.99" CC="0032"/>
						<SP ID="P5_SP00357" HPOS="1428" VPOS="3196" WIDTH="34"/>
						<String ID="P5_ST00392" HPOS="1462" VPOS="3117" WIDTH="69" HEIGHT="56" CONTENT="de" WC="0.97" CC="00"/>
						<SP ID="P5_SP00358" HPOS="1531" VPOS="3196" WIDTH="47"/>
						<String ID="P5_ST00393" HPOS="1578" VPOS="3118" WIDTH="295" HEIGHT="56" CONTENT="meilleurs" WC="1.00" CC="003000000"/>
						<SP ID="P5_SP00359" HPOS="1873" VPOS="3196" WIDTH="53"/>
						<String ID="P5_ST00394" HPOS="1926" VPOS="3117" WIDTH="371" HEIGHT="57" CONTENT="haendeliens" WC="0.72" CC="36045070020"/>
						<SP ID="P5_SP00360" HPOS="2297" VPOS="3196" WIDTH="48"/>
						<String ID="P5_ST00395" HPOS="2345" VPOS="3136" WIDTH="115" HEIGHT="57" CONTENT="que" WC="0.97" CC="053"/>
						<SP ID="P5_SP00361" HPOS="2460" VPOS="3196" WIDTH="44"/>
						<String ID="P5_ST00396" HPOS="2504" VPOS="3116" WIDTH="80" HEIGHT="54" CONTENT="les" WC="0.99" CC="100"/>
					</TextLine>
					<TextLine ID="P5_TL00037" HPOS="161" VPOS="3201" WIDTH="2423" HEIGHT="81">
						<String ID="P5_ST00397" HPOS="161" VPOS="3204" WIDTH="239" HEIGHT="78" CONTENT="Anglais" WC="0.99" CC="0570060"/>
						<SP ID="P5_SP00362" HPOS="400" VPOS="3282" WIDTH="39"/>
						<String ID="P5_ST00398" HPOS="439" VPOS="3202" WIDTH="90" HEIGHT="77" CONTENT="(ils" WC="0.99" CC="3010"/>
						<SP ID="P5_SP00363" HPOS="529" VPOS="3282" WIDTH="33"/>
						<String ID="P5_ST00399" HPOS="562" VPOS="3223" WIDTH="70" HEIGHT="36" CONTENT="ne" WC="0.84" CC="30"/>
						<SP ID="P5_SP00364" HPOS="632" VPOS="3282" WIDTH="32"/>
						<String ID="P5_ST00400" HPOS="664" VPOS="3203" WIDTH="339" HEIGHT="78" CONTENT="pourraient" WC="0.99" CC="0254203050"/>
						<SP ID="P5_SP00365" HPOS="1003" VPOS="3282" WIDTH="56"/>
						<String ID="P5_ST00401" HPOS="1059" VPOS="3217" WIDTH="182" HEIGHT="42" CONTENT="certes" WC="1.00" CC="000010"/>
						<SP ID="P5_SP00366" HPOS="1241" VPOS="3282" WIDTH="33"/>
						<String ID="P5_ST00402" HPOS="1274" VPOS="3222" WIDTH="97" HEIGHT="59" CONTENT="pas" WC="1.00" CC="000"/>
						<SP ID="P5_SP00367" HPOS="1371" VPOS="3282" WIDTH="50"/>
						<String ID="P5_ST00403" HPOS="1421" VPOS="3222" WIDTH="71" HEIGHT="37" CONTENT="en" WC="0.74" CC="04"/>
						<SP ID="P5_SP00368" HPOS="1492" VPOS="3282" WIDTH="33"/>
						<String ID="P5_ST00404" HPOS="1525" VPOS="3203" WIDTH="119" HEIGHT="57" CONTENT="être" WC="0.99" CC="0020"/>
						<SP ID="P5_SP00369" HPOS="1644" VPOS="3282" WIDTH="51"/>
						<String ID="P5_ST00405" HPOS="1695" VPOS="3203" WIDTH="70" HEIGHT="56" CONTENT="de" WC="1.00" CC="00"/>
						<SP ID="P5_SP00370" HPOS="1765" VPOS="3282" WIDTH="32"/>
						<String ID="P5_ST00406" HPOS="1797" VPOS="3203" WIDTH="200" HEIGHT="78" CONTENT="pires)." WC="1.00" CC="0150000"/>
						<SP ID="P5_SP00371" HPOS="1997" VPOS="3282" WIDTH="40"/>
						<String ID="P5_ST00407" HPOS="2037" VPOS="3202" WIDTH="300" HEIGHT="57" CONTENT="Peut-être" WC="0.99" CC="422003000"/>
						<SP ID="P5_SP00372" HPOS="2337" VPOS="3282" WIDTH="54"/>
						<String ID="P5_ST00408" HPOS="2391" VPOS="3201" WIDTH="193" HEIGHT="56" CONTENT="même" WC="1.00" CC="0001"/>
					</TextLine>
					<TextLine ID="P5_TL00038" HPOS="156" VPOS="3284" WIDTH="2428" HEIGHT="83">
						<String ID="P5_ST00409" HPOS="156" VPOS="3291" WIDTH="465" HEIGHT="56" CONTENT="connaissent-ils" WC="1.00" CC="705160000211000"/>
						<SP ID="P5_SP00373" HPOS="621" VPOS="3347" WIDTH="52"/>
						<String ID="P5_ST00410" HPOS="673" VPOS="3310" WIDTH="85" HEIGHT="37" CONTENT="ses" WC="1.00" CC="010"/>
						<SP ID="P5_SP00374" HPOS="758" VPOS="3347" WIDTH="53"/>
						<String ID="P5_ST00411" HPOS="811" VPOS="3287" WIDTH="223" HEIGHT="80" CONTENT="opéras," WC="0.99" CC="0040504"/>
						<SP ID="P5_SP00375" HPOS="1034" VPOS="3367" WIDTH="50"/>
						<String ID="P5_ST00412" HPOS="1084" VPOS="3290" WIDTH="140" HEIGHT="55" CONTENT="dans" WC="0.99" CC="0150"/>
						<SP ID="P5_SP00376" HPOS="1224" VPOS="3367" WIDTH="51"/>
						<String ID="P5_ST00413" HPOS="1275" VPOS="3290" WIDTH="245" HEIGHT="77" CONTENT="lesquels" WC="1.00" CC="20000000"/>
						<SP ID="P5_SP00377" HPOS="1520" VPOS="3367" WIDTH="55"/>
						<String ID="P5_ST00414" HPOS="1575" VPOS="3288" WIDTH="275" HEIGHT="57" CONTENT="demeure" WC="1.00" CC="0000000"/>
						<SP ID="P5_SP00378" HPOS="1850" VPOS="3367" WIDTH="51"/>
						<String ID="P5_ST00415" HPOS="1901" VPOS="3287" WIDTH="235" HEIGHT="57" CONTENT="enfouie" WC="1.00" CC="0004300"/>
						<SP ID="P5_SP00379" HPOS="2136" VPOS="3367" WIDTH="61"/>
						<String ID="P5_ST00416" HPOS="2197" VPOS="3307" WIDTH="113" HEIGHT="36" CONTENT="une" WC="0.98" CC="050"/>
						<SP ID="P5_SP00380" HPOS="2310" VPOS="3367" WIDTH="60"/>
						<String ID="P5_ST00417" HPOS="2370" VPOS="3284" WIDTH="214" HEIGHT="80" CONTENT="grande" WC="0.99" CC="057000"/>
					</TextLine>
					<TextLine ID="P5_TL00039" HPOS="156" VPOS="3376" WIDTH="1085" HEIGHT="79">
						<String ID="P5_ST00418" HPOS="156" VPOS="3390" WIDTH="128" HEIGHT="63" CONTENT="part" WC="0.97" CC="0850"/>
						<SP ID="P5_SP00381" HPOS="284" VPOS="3453" WIDTH="33"/>
						<String ID="P5_ST00419" HPOS="317" VPOS="3376" WIDTH="70" HEIGHT="57" CONTENT="de" WC="0.83" CC="03"/>
						<SP ID="P5_SP00382" HPOS="387" VPOS="3453" WIDTH="33"/>
						<String ID="P5_ST00420" HPOS="420" VPOS="3396" WIDTH="57" HEIGHT="37" CONTENT="sa" WC="1.00" CC="00"/>
						<SP ID="P5_SP00383" HPOS="477" VPOS="3453" WIDTH="26"/>
						<String ID="P5_ST00421" HPOS="503" VPOS="3377" WIDTH="270" HEIGHT="78" CONTENT="musique" WC="0.99" CC="7300000"/>
						<SP ID="P5_SP00384" HPOS="773" VPOS="3455" WIDTH="32"/>
						<String ID="P5_ST00422" HPOS="805" VPOS="3376" WIDTH="53" HEIGHT="56" CONTENT="la" WC="1.00" CC="00"/>
						<SP ID="P5_SP00385" HPOS="858" VPOS="3455" WIDTH="33"/>
						<String ID="P5_ST00423" HPOS="891" VPOS="3376" WIDTH="301" HEIGHT="56" CONTENT="meilleure" WC="0.99" CC="051001212"/>
						<SP ID="P5_SP00386" HPOS="1192" VPOS="3455" WIDTH="31"/>
						<String ID="P5_ST00424" HPOS="1223" VPOS="3377" WIDTH="18" HEIGHT="56" CONTENT="?" WC="0.98" CC="0"/>
					</TextLine>
				</TextBlock>
			</PrintSpace>
		</Page>
	</Layout>
</alto>
