2552 3891
1239 3525 90 88 189

208 3553 69 37 LA
327 3543 132 48 CITÉ.

1757 3548 372 47 JUILLET-AOUT
2178 3551 87 37 1921

264 272 155 52 départ
441 269 27 39 à
492 269 40 41 la
555 268 225 43 rédaction
805 267 56 39 du
887 264 174 42 barème
1086 275 81 42 que
1193 264 40 41 la
1256 263 174 42 Société
1453 263 236 40 Nationale
1713 275 27 30 a
1763 263 256 53 finalement
2044 260 177 54 adopté.

282 341 151 41 Certes
638 349 113 32 nous
916 339 246 52 regrettons
1464 348 84 42 que
1687 336 164 41 celle-ci
2037 334 76 42 n'ait
2114 344 94 42 sugges-

263 414 117 43 tions
560 411 54 40 de
716 413 124 38 notre
1015 407 324 42 collaborateur
1711 410 40 37 et
1838 406 100 52 plus
2091 405 135 53 spécia

282 481 424 45 considérablement
1179 480 38 42 le
1304 481 106 40 tctux
1562 479 79 40 des
1772 479 199 42 barèmes
2223 479 3 52 q

382 589 116 39 Mais
525 588 28 40 il
579 587 97 53 faut
702 587 98 39 bien
828 585 38 41 le
892 584 273 42 reconnaître
1194 584 39 41 la
1263 583 208 42 situation
1499 583 53 40 de
1580 583 41 39 la
1650 580 173 43 Société
1851 578 237 47 Nationale
2117 576 104 41 était

263 661 88 54 fort
375 659 185 42 délicate
584 658 24 40 à
634 660 66 38 cet
724 656 150 54 égard.
899 656 65 41 En
993 655 118 55 effet,
1139 655 78 41 elle
1243 668 46 28 se
1316 654 188 42 trouvait
1531 653 209 42 sollicitée
1764 664 85 43 par
1872 651 114 41 deux
2014 651 207 40 coinxints

282 731 164 41 d'idées
671 730 89 55 fort
913 728 234 54 opposées.

385 835 212 42 C'étaient
630 834 128 42 d'une
789 838 99 50 part
920 833 210 55 l'opinion
1163 833 54 41 de
1247 832 252 43 conseillers
1531 832 252 52 techniques
1818 830 73 52 qui
1922 832 153 38 savent
2107 837 86 31 com-

281 909 98 41 bien
535 908 160 41 l'étude
911 907 353 40 consciencieuse
1677 905 52 41 de
1837 904 247 55 problèmes

262 982 77 40 des
375 979 156 55 efforts
565 982 177 38 tenaces
777 980 41 37 et
851 976 53 41 de
937 975 337 55 dispendieuses
1303 974 170 42 études.
1510 973 247 54 L'exemple
1793 974 54 39 de
1884 973 189 44 certains
2105 974 114 51 ptrys

278 1053 225 52 étrangers
776 1062 53 29 ne
925 1049 250 54 prouve-t-il
1467 1060 84 42 pas
1685 1048 221 41 d'ailleurs
2178 1058 48 43 qu

281 1122 190 42 calculés
701 1133 154 30 assure
1057 1121 40 40 la
1181 1120 263 52 production
1755 1119 219 40 d'oeuvres

282 1205 89 29 aux
528 1192 275 54 organismes
1151 1190 233 42 intéressés
1689 1190 196 52 d'exiger
2149 1189 77 40 des

278 1263 184 42 absolue
697 1262 215 54 intégrité,
1181 1274 84 29 une
1398 1261 319 42 collaboration
2085 1260 91 54 fart

515 1370 114 41 Mais
823 1369 169 41 d'autre
1232 1373 99 49 part
1508 1369 42 39 la
1666 1366 173 42 Société
2085 1366 141 41 Nation
1628 1364 196 63 compter
2007 1361 212 59 l'opinion

263 1441 208 52 publique
738 1441 89 54 fort
978 1451 84 40 peu
1213 1440 174 47 avertie,
1631 1437 110 41 dans
1920 1439 121 39 notre
2221 1449 5 39 p

273 1514 183 48 sionnel,
686 1516 39 38 et
804 1524 84 42 peu
1015 1510 249 43 consciente
1555 1510 53 42 de
977 1510 302 52 l'importance

262 1585 99 40 bien
388 1584 86 40 l'on
503 1586 66 37 est
595 1582 138 41 enclin
761 1582 107 40 chez
894 1590 112 32 nous
1030 1580 27 40 à
1083 1580 138 40 croire
1250 1590 82 42 que
1359 1577 258 46 l'économie
1644 1577 191 41 consiste
1862 1575 27 42 à
1917 1575 215 40 diminuer
2158 1575 63 39 les

274 1656 218 49 dépenses
757 1655 198 40 minimes
1204 1652 320 52 qu'entraînent
1891 1652 62 39 les
2066 1653 160 38 travaux

262 1727 249 41 consciente
545 1726 130 40 d'une
709 1735 165 38 œuvre;
909 1724 138 41 certes
1080 1721 287 54 l'expérience
1402 1719 54 42 de
1490 1722 99 39 tous
1623 1719 61 41 les
1718 1719 122 54 jours
1873 1724 112 35 nous
2017 1714 206 61 apprend

261 1798 199 41 combien
489 1810 71 28 ces
591 1797 153 39 études
772 1799 101 39 sont
903 1793 353 53 indispensables
1285 1792 26 40 à
1341 1803 83 31 une
1449 1792 264 52 production
1744 1789 206 55 qualifiée
1978 1792 41 38 et
2047 1801 51 29 en
2129 1788 71 41 der-

272 1871 117 39 nière
560 1869 182 52 analyse
986 1868 297 52 économique.
1645 1867 66 40 En
1838 1865 62 41 les
2021 1864 205 54 négligean
1831 1876 22 25 «

262 1942 129 39 bouts
413 1940 53 41 de
489 1938 226 43 chandelle
739 1952 23 25 »
788 1939 73 52 qui
882 1940 76 38 ont
977 1937 81 54 fait
1077 1935 158 54 perdrte
1256 1935 27 40 à
1304 1947 80 29 nos
1406 1935 201 54 finances
1630 1933 245 40 nationales
1898 1931 78 41 des
1999 1931 222 41 centaines

276 2013 53 40 de
428 2013 203 40 millions-
880 2011 116 41 Mais
1163 2011 63 41 les
1341 2009 121 42 idées
1630 2009 25 41 à
1734 2020 47 30 ce
1878 2009 115 52 sujet
2158 2019 68 29 son

262 2086 92 37 tout
384 2083 113 40 dans
525 2083 78 40 des
630 2080 178 42 milieux
835 2079 339 53 administratifs
1203 2078 220 53 influents,
1452 2088 115 42 pour
1595 2075 131 53 qu'un
1758 2076 251 52 organisme
2039 2072 179 55 officiel,

273 2155 37 39 si
391 2152 296 54 progressiste
1033 2151 104 54 qu'il
1285 2151 85 41 soit
1503 2163 55 29 ne
1658 2150 127 42 doive
1956 2150 110 53 faire
2225 2150 1 56 q

517 2259 60 40 Ce
688 2262 102 38 sont
944 2271 72 28 ces
1148 2258 324 42 circonstances
1854 2257 74 52 qui
2055 2258 76 38 ont

274 2332 317 53 reproduisons
958 2330 99 52 plus
1214 2330 88 40 loin
1448 2332 41 38 et
1577 2328 174 53 auquel,
1986 2339 53 28 en
2146 2326 80 40 dern

263 2403 41 39 la
330 2401 174 42 Société
532 2401 219 41 nationale
780 2399 77 40 des
883 2399 54 40 H.
964 2398 51 41 B.
1044 2398 60 40 M.
1133 2396 104 42 s'est
1266 2395 135 42 rallié.

381 2508 48 41 Si
457 2508 64 39 les
551 2507 254 40 honoraires
837 2504 104 54 qu'il
970 2504 193 41 instaure
1195 2514 51 30 ne
1277 2503 148 39 seront
1453 2512 83 42 pas
1569 2499 52 42 de
1652 2502 152 39 nature
1834 2498 27 41 à
1892 2498 186 41 enrichir
2107 2497 112 42 âe'ubc

264 2580 73 51 qui
357 2579 315 41 s'adonneront
695 2575 474 42 consciencieusement
1190 2577 40 38 et
1251 2584 106 31 avec
1381 2584 56 29 un
1461 2572 134 53 esprit
1613 2570 295 54 progressiste
1931 2568 25 42 à
1979 2568 160 42 l'étude
2162 2566 57 41 du

274 2650 227 52 problème
776 2650 39 40 si
903 2649 160 41 délicat
1273 2648 53 40 de
1433 2646 43 41 la
1567 2644 299 43 construction
2219 2645 7 40 d

262 2723 115 38 tront
403 2720 250 53 cependant
678 2719 26 41 à
732 2730 109 30 ceux
868 2719 73 51 qui
968 2716 287 42 s'attelleront
1283 2715 391 52 courageusement
1699 2711 26 41 à
1754 2714 109 38 cette
1891 2710 126 42 tâche
2044 2710 53 41 de
2125 2709 90 42 s'en

274 2793 213 52 acquitter
765 2804 50 29 en
930 2794 119 38 toute
1223 2789 188 56 probité.

1977 2924 19 44 R.
2006 2924 19 44 C.
