2552 3891
1282 3557 107 103 188

266 3605 71 36 LA
362 3593 122 48 CITÉ

1806 3605 198 38 JUILLET
2006 3627 19 11 ~
2029 3606 149 37 AOUT
2201 3608 85 35 1921

411 311 121 110 La
593 311 726 110 Construction
1380 311 787 110 d'Habitations

411 421 146 110 a
703 421 439 110 Bon
1288 421 879 110 Marché

777 619 295 48 MISSION
1145 619 94 48 DE
1308 613 508 54 L'ARCHITECTE

428 1024 92 41 Des
542 1024 190 42 sociétés
753 1024 164 55 filiales
939 1025 55 41 de
1014 1025 41 40 la
1077 1023 174 43 Société
1271 1023 236 41 Nationale
1531 1022 77 41 des
1632 1021 270 46 habitations
1925 1021 26 42 à
1975 1021 95 42 Bon
2095 1021 181 43 Marché

311 1108 47 28 se
389 1096 147 41 créent
564 1097 113 40 dans
707 1105 55 31 un
793 1096 144 54 grand
967 1096 178 42 nombre
1176 1095 52 41 de
1258 1106 251 30 communes
1542 1098 40 36 et
1611 1106 48 28 se
1687 1093 240 61 préparent
1956 1093 25 41 à
2011 1092 157 55 édifier
2199 1092 78 42 des

312 1167 196 42 maisons
533 1167 236 51 ouvrières,
799 1180 51 29 en
873 1167 216 54 profitant
1115 1167 77 41 des
1219 1169 244 51 avantages
1488 1165 240 54 financiers
1756 1175 83 43 que
1868 1165 133 41 l'Etat
2027 1165 93 41 leur
2147 1164 128 54 offre.

310 1240 126 40 Nous
460 1251 140 31 avons
626 1239 101 54 déjà
751 1239 169 54 signalé
946 1238 25 41 à
995 1239 218 53 plusieurs
1239 1238 188 53 reprises
1453 1237 22 41 ï
1484 1237 229 41 extension
1739 1249 82 40 que
1846 1237 153 52 prend,
2027 1235 55 42 de
2108 1249 48 28 ce
2180 1235 95 54 fait,

312 1312 111 40 dans
450 1314 123 45 not\\e
598 1321 113 43 pays
737 1312 41 41 la
804 1312 299 39 construction
1129 1321 51 29 en
1208 1310 109 40 série
1343 1310 28 39 d
1377 1308 6 13 f
1391 1308 269 44 habitations
1686 1307 25 41 à
1740 1308 88 40 bon
1855 1307 175 46 marché
2058 1308 220 53 groupées

313 1383 39 38 le
378 1381 100 52 plus
505 1384 185 38 souvent
719 1394 50 28 en
799 1382 191 52 quartier
993 1380 221 55 s-jardins.

435 1500 123 40 Cette
589 1500 175 40 activité
891 1500 24 40 à
948 1500 185 52 laquelle
1167 1512 54 29 on
1256 1512 51 29 ne
1338 1502 105 51 peut
1476 1497 314 58 qu'applaudir
1919 1496 96 52 crjée
2049 1506 115 44 pour
2196 1508 83 30 nos

315 1572 261 40 architectes
606 1581 57 31 un
692 1572 158 52 champ
880 1571 191 41 d'action
1103 1580 198 32 nouveau
1333 1575 41 36 et
1401 1571 62 40 les
1492 1569 126 54 plctce
1650 1569 161 42 devant
1841 1582 83 29 une
1954 1568 111 42 série
2097 1569 53 40 de
2179 1582 75 40 pro-

313 1644 165 39 blèmes
516 1643 254 52 techniques
800 1655 60 29 au
898 1644 114 51 sujet
1049 1642 205 53 desquels
1291 1642 28 40 il
1355 1645 64 37 est
1455 1646 139 36 certes
1632 1644 221 52 opportun
1892 1640 53 41 de
1983 1641 62 40 les
2085 1639 192 46 éclairer.

313 1714 240 41 D'ailleurs
583 1726 50 29 en
665 1727 80 27 vue
774 1714 53 40 de
855 1714 189 54 faciliter
1074 1714 37 40 le
1141 1714 195 41 contrôle
1365 1713 230 53 technique
1626 1712 155 53 qu'elle
1813 1715 64 38 est
1908 1712 188 53 chargée
2125 1723 84 41 par
2237 1712 42 41 ta

315 1785 57 41 loi
409 1785 223 42 d'exercer
666 1789 40 37 et
739 1786 159 51 auquel
933 1785 288 44 l'attribution
1258 1782 130 43 d'une
1423 1785 288 43 intervention,
1746 1783 241 54 financière
2025 1787 65 37 est
2126 1782 129 44 subor-

317 1857 182 48 donnée,
537 1858 41 41 la
613 1856 173 42 Société
818 1856 238 41 Nationale
1090 1858 170 51 impose
1294 1865 88 31 aux
1415 1855 260 41 architectes
1710 1868 83 28 une
1828 1855 111 41 série
1974 1855 55 41 de
2061 1856 194 51 prescrip-

317 1929 115 40 tions
461 1928 106 41 dont
594 1928 52 40 ils
674 1929 177 39 doivent
877 1929 110 40 tenir
1014 1931 170 49 compte
1213 1928 88 40 lors
1330 1928 52 40 de
1413 1927 22 41 ï
1444 1926 273 42 élaboration
1749 1926 51 41 de
1830 1928 115 40 leurs
1973 1928 182 52 projets.
2184 1926 95 40 Elle

314 2011 25 28 a
362 2012 50 28 eu
435 1999 127 41 l'idée
584 2000 210 40 heureuse
816 1999 52 41 de
893 1999 241 40 condenser
1157 2011 49 32 en
1230 2009 82 30 une
1335 2002 99 37 note
1457 1999 220 41 succincte
1700 2010 71 28 ces
1795 1999 284 42 instructions
2103 1997 174 42 d'ordre

320 2070 243 52 technique.

437 2177 35 41 Il
496 2177 163 42 n'entre
682 2189 81 41 pas
788 2177 111 44 dans
924 2176 61 41 les
1011 2178 234 40 intentions
1270 2176 57 41 de
1350 2176 38 40 la
1411 2175 94 42 Cité
1526 2176 52 39 de
1599 2176 108 41 tenir
1728 2187 69 29 ses
1818 2176 185 41 lecteurs
2023 2185 55 30 au
2101 2179 182 38 courant

320 2249 52 39 de
399 2251 143 37 toutes
567 2249 62 39 les
651 2249 320 51 prescriptions
995 2248 371 40 administratives
1393 2250 265 38 concernant
1684 2246 40 41 la
1753 2246 193 42 création
1975 2250 43 38 et
2042 2247 42 40 la
2109 2247 173 53 gestion

320 2320 79 39 des
426 2319 199 45 Sociétés
655 2319 330 46 d'\Habitations
1014 2318 25 40 à
1065 2318 96 41 Bon
1191 2318 192 41 Marché.
1416 2317 119 42 Ceux
1564 2331 82 39 que
1677 2319 40 40 la
1747 2319 132 54 chope
1910 2317 209 42 intéresse
2148 2330 108 40 pour-

316 2393 97 37 ront
440 2403 46 27 se
514 2391 253 52 renseigner
791 2390 213 40 aisément
1029 2402 54 28 au
1112 2389 118 53 siège
1258 2389 52 41 de
1337 2390 39 40 la
1405 2389 173 41 Société
1604 2389 238 41 Nationale
1870 2389 87 54 (56,
1987 2402 75 28 rue
2090 2389 52 41 de
2169 2389 96 53 Spa
2267 2420 12 18 y

313 2462 248 55 Bruxelles)
588 2473 56 31 ou
670 2461 222 43 consulter
916 2461 42 41 la
985 2460 86 43 ttès
1099 2460 287 42 intéressante
1411 2460 145 45 Revue
1584 2460 53 42 de
1665 2461 289 44 l'Habitation
1983 2461 25 40 à
2036 2460 100 41 Bon
2163 2462 87 39 Mar-

317 2533 69 44 ché
419 2546 55 41 qu
479 2533 12 19 y
496 2533 79 42 elle
602 2533 132 42 édite.
766 2534 116 40 Mais
913 2533 63 40 les
1006 2534 282 40 instructions
1319 2533 251 52 techniques
1597 2533 106 40 dont
1727 2545 110 28 nous
1864 2545 164 28 venons
2054 2533 53 40 de
2131 2534 145 51 parler

319 2606 266 39 constituent
613 2617 55 27 un
698 2604 236 40 document
962 2605 71 50 qui
1060 2603 219 41 s'adresse
1305 2615 87 29 aux
1418 2604 273 41 architectes.
1719 2605 33 39 Il
1781 2607 63 38 est
1874 2604 103 41 d'un
2005 2604 155 42 intérêt
2185 2616 74 41 pro-

315 2676 245 54 fessionnel
583 2679 99 50 trop
710 2675 305 42 considérable
1039 2686 112 42 pour
1178 2687 81 41 que
1286 2686 111 30 nous
1424 2688 50 28 ne
1502 2676 36 40 le
1565 2675 331 53 reproduisions
1921 2688 83 45 pas
2032 2677 40 39 in
2102 2678 179 38 extenso

318 2749 110 39 dans
458 2748 121 40 notre
609 2756 141 31 revue.

439 2865 97 41 Une
559 2865 148 41 raison
734 2864 175 41 d'ordre
933 2864 257 42 secondaire
1216 2875 110 30 nous
1352 2877 25 41 y
1404 2876 170 42 engage
1601 2865 257 54 également.
1887 2865 84 42 Ces
1998 2865 285 41 instructions

317 2938 152 53 fixent,
496 2949 52 30 en
575 2937 119 53 effet,
724 2937 39 40 le
787 2936 175 41 barème
990 2937 77 39 des
1094 2936 256 41 honoraires
1377 2938 73 51 qui
1474 2940 147 38 seront
1646 2937 169 42 alloués
1842 2949 87 29 aux
1954 2937 261 42 architectes
2243 2941 41 37 et

317 3019 87 31 aux
428 3009 249 40 Urbanistes
704 3010 71 50 qui
800 3006 299 44 travailleront
1121 3019 113 41 pour
1255 3008 64 40 les
1340 3007 196 42 Sociétés
1562 3008 329 44 d'Habitations
1916 3008 26 41 à
1967 3008 96 42 Bon
2088 3008 192 42 Marché.

437 3128 95 40 Nos
559 3127 186 43 lecteurs
772 3129 155 39 savent
953 3126 199 40 combien
1180 3137 111 29 nous
1318 3138 111 28 nous
1457 3127 281 50 intéressons,
1769 3128 111 42 dans
1907 3139 71 33 ces
2007 3128 221 47 colonnes,
2258 3126 26 42 à

319 3202 111 38 cette
468 3198 204 55 question
710 3198 176 43 d'ordre
922 3198 340 55 professionnel.
1307 3198 136 41 Notre
1475 3199 325 41 collaborateur
1824 3201 60 40 M.
1916 3201 132 39 Louis
2084 3201 91 40 Van
2208 3201 78 39 der

315 3269 245 44 Swaelmen
585 3283 27 28 a
637 3269 148 55 publié
810 3269 25 41 à
860 3281 47 29 ce
932 3270 115 52 sujet
1072 3269 110 42 dans
1209 3269 37 40 le
1273 3271 23 39 3
1307 3275 14 17 e
1347 3269 176 41 numéro
1548 3270 53 41 de
1625 3269 169 43 l'année
1820 3283 50 30 en
1896 3283 127 29 cours
2048 3283 83 28 une
2157 3270 126 41 étude

319 3342 106 39 dont
458 3342 62 39 les
554 3340 120 42 idées
710 3341 278 41 dominantes
1025 3343 40 37 et
1100 3340 40 40 la
1174 3339 119 41 riche
1328 3340 355 42 documentation
1721 3344 76 38 ont
1832 3342 115 43 servi
1981 3342 53 40 de
2070 3342 123 52 point
2230 3342 53 42 de
