3238 5666
897 339 428 70 BRUNO'S
1513 339 437 70 WEEKLY

2659 344 122 59 253

122 474 291 122 This
470 477 498 122 Week's
1049 477 949 122 Performances
2072 484 129 115 in
2268 477 518 122 Charles

122 640 545 125 Edison's
734 647 380 118 Little
1168 647 565 118 Thimble
1788 647 555 118 Theatre

208 834 144 67 For
417 835 118 68 the
601 837 158 68 first
823 839 171 66 time
1058 837 256 69 before
1378 861 92 45 an
1536 837 388 71 American
1988 835 252 85 public,
2310 837 145 68 will
2518 857 263 61 appear

124 922 332 81 Dorothy
500 923 286 68 Gillette
832 949 38 42 a
914 923 263 82 pianist
1223 925 457 68 well-known
1726 925 72 66 in
1848 925 287 68 Buffalo
2183 925 139 66 and
2367 923 415 80 Rochester,

125 1010 139 66 and
318 1011 161 66 who
533 1013 270 66 desires
855 1025 73 54 to
981 1023 198 56 enter
1231 1037 190 56 upon
1475 1035 39 44 a
1566 1025 287 56 concert
1903 1027 243 54 care'er
2200 1013 69 66 in
2325 1013 180 66 New
2560 1011 224 68 York.

125 1096 183 68 Miss
369 1096 288 69 Gillette
715 1098 59 66 is
833 1098 297 83 earning
1185 1110 72 55 at
1312 1111 290 70 present
1654 1099 129 68 her
1841 1098 388 69 livelihood
2284 1101 95 80 by
2435 1094 347 85 teaching,

122 1186 125 66 but
290 1186 127 66 has
459 1189 352 78 appeared
852 1187 149 66 also
1043 1209 76 48 as
1162 1187 499 80 accompanist.
1744 1187 156 66 Her
1941 1211 337 58 program
2320 1189 58 66 is
2423 1211 39 42 a
2506 1186 278 79 Chopin

125 1272 337 68 selection
527 1274 139 66 and
728 1274 315 68 includes
1587 1274 71 66 in
1722 1274 58 64 F
2528 1272 253 81 Etude,

124 1358 133 82 Op.
307 1369 98 71 25,
457 1360 139 70 No.
794 1362 139 66 and
1295 1362 251 79 Etudtf,
1600 1362 132 81 Op.
1781 1372 99 71 25,
1932 1364 137 66 No.

210 1447 154 67 The
418 1447 349 69 outbreak
821 1447 82 69 of
960 1448 119 66 the
1135 1470 150 46 war
1340 1452 386 76 prevented
1781 1450 119 68 the
1959 1450 376 78 European
2396 1469 246 45 career
2699 1445 82 68 of

117 1535 181 67 Miss
351 1536 321 68 Malvina
720 1536 277 66 Harlan
1052 1536 365 82 Shanklin,
1468 1538 161 68 who
1678 1540 141 64 had
1868 1538 127 66 her
2046 1538 215 68 debut
2306 1536 72 68 in
2425 1538 118 66 the
2591 1535 144 67 Aeo-

114 1621 142 66 lian
295 1621 191 85 Hall,
532 1623 69 66 in
638 1623 322 84 London,
1001 1624 139 66 and
1177 1646 146 44 was
1365 1626 251 66 forced
1651 1648 92 44 on
1783 1634 300 58 account
2118 1624 80 66 of
2239 1624 118 66 the
2398 1624 383 78 European

114 1707 403 68 conditions
559 1719 74 56 to
679 1719 246 58 return
969 1719 74 58 to
1087 1709 354 69 America.
1533 1711 142 67 She
1721 1711 176 67 aims
1947 1721 73 57 to
2064 1712 290 65 become
2400 1711 120 66 the
2564 1709 182 64 inter-

114 1806 237 69 preter
391 1795 82 66 of
513 1795 315 82 operatic
867 1797 225 68 music
1133 1821 91 44 on
1272 1797 118 68 the
1431 1807 288 58 concert
1758 1807 217 71 stage.
2017 1799 289 78 Among
2345 1797 119 66 the
2506 1795 275 68 ballads

115 1883 139 65 and
312 1904 220 57 songs
588 1883 123 66 she
767 1883 144 66 will
967 1883 159 82 sing
1179 1883 139 68 this
1373 1885 199 66 week
1627 1885 56 66 is
1737 1883 119 68 the
1908 1883 354 68 beautiful
2652 1883 132 80 My

117 1968 291 66 Mother
466 1970 288 79 Taught
1040 1971 93 80 by
1180 1971 246 67 Anton
1482 1970 311 81 Dvorak,
1848 1971 120 67 the
2019 1970 315 68 eminent
2384 1968 397 68 Bohemian

117 2076 391 56 composer.

212 2141 294 68 Charles
549 2141 277 83 Keeler,
869 2141 262 68 known
1172 2151 73 59 to
1285 2142 121 68 the
1445 2142 289 68 readers
1773 2141 83 69 of
1897 2142 304 68 Bruno's
2242 2141 305 83 Weekly
2588 2141 198 68 from

124 2225 291 70 various
469 2249 246 59 poems
772 2231 137 64 and
969 2229 201 68 short
1228 2229 254 68 stories
1539 2227 90 68 he
1687 2229 127 66 has
1873 2229 283 68 written
2217 2229 118 64 for
2394 2229 117 66 the
2567 2249 215 59 pages

125 2314 82 67 of
268 2315 138 66 this
466 2315 308 83 journal,
837 2317 144 66 will
1040 2317 220 68 recite'
1312 2341 41 42 a
1414 2317 339 68 selection
1814 2317 79 68 of
1954 2317 109 68 his
2125 2339 161 46 own
2345 2339 265 59 poems,
2669 2314 117 76 h(is

125 2402 222 66 dance
420 2403 323 80 rhythms
815 2403 172 68 with
1058 2403 297 68 musical
1426 2403 628 82 accompaniment.
2196 2403 175 68 This
2445 2402 337 69 selection

117 2490 315 69 includes
489 2491 107 66 his
1521 2491 227 70 music
1798 2493 94 80 by
1946 2491 267 68 Bertha
2269 2490 313 81 Remick,
2642 2490 140 67 and

823 2578 224 66 music
1092 2579 92 78 by
1231 2578 186 64 Emil
1467 2576 274 76 Rhoda,
1790 2576 230 69 which
2071 2600 161 45 won
2284 2576 192 68 fame
2523 2600 93 45 on
2665 2578 119 66 the

125 2661 334 81 Literary
517 2662 157 80 Day
730 2673 73 57 at
859 2666 118 64 the
1038 2662 620 68 Panama-Pacific
1715 2664 447 81 Exposition,
2225 2666 139 66 and
2422 2664 179 66 have
2660 2673 129 57 not

124 2750 178 65 been
354 2750 224 66 heard
632 2749 71 66 in
757 2750 119 66 the
931 2750 193 68 East.
1231 2750 141 72 Mr.
1426 2750 259 66 Keeler
1737 2752 146 66 will
1937 2752 151 66 also
2142 2750 217 68 recite
2411 2774 41 42 a
2506 2754 141 64 few
2701 2750 83 68 of

124 2835 111 68 his
579 2837 231 79 Songs
865 2837 82 67 of
1441 2837 110 69 his
1605 2837 429 83 beautifully
2086 2837 266 69 drastic
2406 2837 380 69 children's

127 2945 215 58 songs
391 2925 139 64 and
578 2947 303 56 nursery
928 2923 305 81 rhymes.

213 3011 127 68 Dr.
398 3009 283 70 Harold
738 3011 349 81 Addison,
1146 3011 459 68 well-known
1663 3015 140 66 and
1859 3035 173 59 very
2091 3013 395 68 successful
2543 3011 73 68 in
2674 3011 110 70 his

127 3096 432 81 profession,
633 3096 144 69 will
852 3098 250 67 follow
1174 3099 118 66 the
1363 3099 202 66 voice
1638 3099 81 68 of
1792 3099 110 68 his
1975 3101 225 78 heart,
2274 3101 325 66 abandon
2672 3099 110 68 his

124 3196 288 67 present
478 3184 413 81 profession
962 3187 139 66 and
1172 3187 254 66 devote
1495 3186 110 67 his
1680 3186 129 67 life
1883 3187 437 82 exclusively
2389 3197 73 58 to
2535 3187 247 68 music.

127 3274 125 67 Dr.
310 3272 349 80 Addison,
715 3274 162 66 who
931 3274 127 66 has
1118 3296 86 44 an
1263 3274 446 81 exceptional
1761 3275 163 66 bass
1981 3275 219 75 voice,
2257 3297 217 44 never
2530 3275 254 68 before

124 3358 127 66 has
296 3358 349 82 appeared
691 3382 91 44 on
825 3382 40 44 a
909 3358 234 82 public
1189 3370 218 71 stage,
1455 3358 172 71 with
1673 3362 119 66 the
1836 3358 374 83 exception
2256 3362 81 67 of
2383 3360 401 69 occasional

124 3445 389 67 charitable
550 3458 342 58 concerts.
969 3448 117 66 He
1123 3448 128 68 has
1287 3450 176 66 been
1505 3448 337 83 studying
1883 3448 119 69 for
2042 3473 39 43 a
2118 3451 298 65 number
2457 3450 80 66 of
2576 3472 208 59 years

125 3534 141 66 and
324 3533 243 83 finally
623 3534 297 66 decided
977 3546 76 56 to
1109 3536 210 80 begin
1378 3558 192 59 upon
1631 3558 42 42 a
1729 3536 296 68 musical
2086 3560 263 46 career.
2464 3538 115 66 He
2637 3536 147 70 will

127 3619 159 81 sing
351 3619 191 68 from
606 3621 344 68 Mozart's
1014 3622 244 82 Magic
1321 3622 205 68 Flute
1780 3622 240 68 diesen
2085 3622 304 83 heiligen

127 3705 401 70 Germain's
987 3709 232 66 Down
1284 3721 72 56 to
1682 3711 140 66 and
1886 3709 363 69 Gounod's

125 3795 195 68 from
364 3793 241 72 Faust.

122 3920 334 64 Pandora

215 4028 75 67 C.
352 4028 80 67 E.
493 4028 499 69 LeMassena's
1053 4031 198 66 three
1309 4041 113 57 act
1477 4041 321 71 operetta
1853 4031 340 69 Pandora
2251 4032 127 68 has
2433 4034 177 66 been
2669 4056 76 44 ac-

122 4117 249 78 cepted
413 4117 92 80 by
550 4115 295 70 Charles
892 4117 271 68 Edison
1213 4117 118 69 for
1373 4119 505 81 performance
1924 4130 73 58 at
2037 4119 110 69 his
2193 4119 212 67 Little
2452 4120 329 68 Thimble

120 4202 331 79 Theatre,
500 4202 179 67 New
721 4203 222 68 York.
1026 4205 156 66 The
1223 4203 426 83 production
1692 4203 147 71 will
1878 4208 86 65 be
2010 4207 225 69 under
2281 4207 120 69 the
2444 4229 289 61 manage-

124 4301 194 56 ment
364 4290 81 67 of
495 4290 233 67 Guido
774 4291 245 70 Bruno
1069 4295 138 64 and
1253 4293 120 68 the
1419 4295 227 66 music
1690 4295 229 67 under
1966 4295 117 67 the
2134 4295 345 67 direction
2530 4295 83 66 of
2660 4296 122 68 the

122 4398 393 59 composer.
600 4376 237 69 There
879 4376 146 71 will
1065 4379 87 68 be
1194 4401 42 46 a
1280 4378 261 71 chorus
1585 4378 85 71 of
1714 4379 320 70 children
2081 4383 139 66 and
2266 4381 123 68 the
2433 4379 349 85 principal

120 4476 195 68 parts
369 4462 144 70 will
561 4466 86 64 be
694 4464 212 68 taken
955 4467 93 80 by
1096 4466 206 67 artist
1350 4467 254 82 pupils.
1699 4469 152 68 The
1903 4467 542 82 performances
2499 4467 144 70 will
2691 4471 88 68 be

120 4552 209 81 given
381 4576 93 46 on
523 4554 119 66 the
693 4554 335 81 evenings
1079 4554 83 68 of
1214 4555 391 68 December
1656 4557 180 83 16th,
1890 4557 178 83 17th,
2122 4557 139 68 and
2313 4557 178 83 18th,
2545 4557 141 70 and
2737 4579 40 48 a

120 4638 309 68 matinee
471 4662 93 46 on
606 4640 121 66 the
764 4640 183 68 20th.

207 4727 237 66 There
501 4750 122 46 are
683 4740 379 58 seventeen
1119 4728 298 70 musical
1473 4732 336 66 numbers
1868 4728 73 70 in
1997 4730 120 69 the
2176 4754 220 61 score,
2457 4735 139 66 and
2655 4733 122 68 the

120 4825 151 56 cast
329 4813 171 68 calls
562 4813 121 69 for
742 4815 325 81 eighteen
1130 4816 340 82 speaking
1526 4826 195 72 parts
1780 4816 74 68 in
1910 4816 322 70 addition
2293 4828 74 58 to
2423 4818 120 69 the
2603 4818 172 69 four

120 4899 381 83 principals
554 4903 140 67 and
747 4903 281 67 chorus.
1126 4903 156 67 The
1334 4926 207 46 scene
1594 4903 60 69 is
1705 4901 144 71 laid
1898 4903 73 69 in
2025 4904 266 70 Greece
2342 4904 264 85 during
2654 4906 120 69 the
