2534 3398
511 423 123 35 gehender
649 423 58 26 über
722 423 39 27 die
775 426 81 24 Kunst
875 424 52 26 und
941 425 122 27 Literatur
1082 427 75 26 seines
1172 428 94 28 Landes
1281 436 72 20 unter-

511 462 88 26 richtet
613 462 110 27 werden.
745 462 162 38 Gleichzeitig
921 464 142 27 erscheinen
1077 466 101 27 soeben:
1327 469 40 27 ein

512 500 106 27 Gedicht
629 511 50 16 von
685 503 55 32 Joäs
751 501 31 27 de
790 503 96 30 Castro,
1048 515 51 17 von
1106 507 112 36 Eugenio
1225 507 30 26 de
1264 510 103 31 Castro;

634 539 99 37 (Prosa)
745 550 50 16 von
805 542 122 26 Antheiro
941 543 30 26 de
982 544 158 36 Figueiredo;
1266 548 100 37 (Prosa)

512 588 51 17 von
577 578 103 27 Alberto
695 579 123 27 Pinheiro.

572 620 49 24 Das
636 618 112 26 Ausland
767 618 102 37 beginnt
886 630 30 16 zu
934 621 42 26 der
993 624 92 35 jungen
1104 624 187 29 Dichterschule
1306 627 51 27 Stel-

513 656 61 37 lung
587 666 31 16 zu
632 658 116 26 nehmen.
775 660 50 25 Der
834 660 115 27 Mercure
962 660 30 27 de
1005 663 89 26 France
1107 664 44 26 hat
1164 665 54 27 sich
1231 666 79 27 schon
1324 677 45 16 vor

513 695 112 37 längerer
639 697 54 25 Zeit
714 697 138 36 eingehend
873 699 46 26 mit
939 700 38 27 ihr
995 700 148 39 beschäftigt
1163 704 52 27 und
1230 705 36 27 im
1278 707 91 33 Januar

513 735 41 26 ein
572 736 222 27 ausserordentlich
812 737 76 28 feines
903 739 107 27 Gedicht
1026 741 40 27 des
1081 743 111 37 Hauptes
1210 744 43 27 der
1267 748 101 35 Gruppe

513 791 38 3 —
565 776 211 36 Hermaphradito
794 776 95 28 betitelt
903 794 38 4 —
955 779 25 26 in
995 779 177 30 französischer
1185 784 184 38 Uebersetzung

513 813 124 36 gebracht.

572 855 87 25 Göran
673 854 153 36 Björkmann
846 857 67 35 giebt
933 859 92 27 soeben
1045 860 26 27 in
1090 862 92 36 Upsala
1201 864 55 26 eine
1269 865 84 27 schwe-

515 892 83 27 dische
605 893 183 38 Uebersetzung
798 897 130 26 moderner
938 899 205 36 portugiesischer
1151 903 121 28 Gedichte
1279 904 89 27 heraus

514 938 73 20 unter
604 931 57 27 dem
673 933 65 27 Titel
756 936 56 28 „Ur
826 937 129 36 Portugals
969 939 104 27 samtida
1253 944 54 26 und
1328 944 41 26 der

514 971 114 37 Marquis
647 972 111 27 Vittorio
782 974 56 27 Pica
861 975 124 39 überträgt
1009 978 44 26 das
1076 980 164 28 dramatische
1261 984 108 26 Gedicht

656 1021 50 17 von
720 1014 113 35 Eugenio
848 1014 30 27 de
894 1017 88 25 Castro
997 1018 44 26 ins
1056 1020 163 28 Italienische.

574 1052 38 24 Im
626 1050 115 28 Oktober
755 1053 64 27 wird
839 1054 40 26 die
894 1056 163 28 Gesellschaft
1071 1060 118 27 Instituto
1204 1061 30 26 de
1249 1062 120 28 Coimbra

514 1088 49 27 den
579 1090 94 26 vierten
687 1092 166 38 Centenartag
867 1095 30 26 Sä
910 1094 30 27 de
955 1096 143 34 Miranda's,
1112 1100 41 26 des
1175 1110 101 26 grossen
1290 1102 64 27 Dich-

514 1135 47 20 ters
575 1129 43 27 der
631 1131 212 36 portugiesischen
856 1135 172 33 Renaissance,
1043 1135 86 31 feiern.
1162 1141 47 26 Die
1222 1140 147 39 Hoffnung,

1446 430 55 27 Dass
1515 431 66 26 seine
1595 431 55 26 Zeit
1664 429 180 31 wiederkehre,
1865 428 97 27 scheint
1981 428 27 25 in
2027 427 44 26 der
2088 428 94 33 jungen
2196 416 97 30 Dichter-

1446 471 99 31 schule,
1567 471 39 27 die
1623 471 54 26 sich
1694 480 31 17 zu
1738 470 86 26 seinen
1838 469 82 25 Ehren
1933 467 134 35 vereinigt,
2088 466 27 24 in
2129 460 132 31 Erfüllung
2278 461 11 17 z

1446 511 89 36 gehen«
2256 530 14 20 f
2285 528 5 10 i

1505 549 75 28 Auch
1599 550 27 25 in
1646 549 43 26 der
1703 548 135 27 bildenden
1852 549 83 24 Kunst
1949 546 67 36 ringt
2031 541 119 38 Portugal
2165 538 46 28 mit
2224 537 83 26 Erlolg

1446 590 66 26 nach
1526 590 153 35 Beachtung.
1715 588 73 27 Einer
1809 587 65 26 ihrer
1895 586 86 26 besten
2000 584 117 29 Meister,
2138 574 169 33 Columbano,

1446 629 44 26 hat
1510 629 92 26 soeben
1623 629 55 25 eine
1693 626 163 36 Ausstellung
1876 625 78 26 seiner
1968 622 97 28 Werke
2086 622 27 27 in
2127 622 76 25 Porto
2224 618 70 23 veran-

1447 668 97 31 staltet,
1577 669 117 26 darunter
1724 666 43 27 das
1799 675 85 27 grosse
1915 664 123 27 Gemälde
2069 657 174 30 L'invocation

1446 709 106 35 Tagides
1567 708 55 26 und
1636 708 55 26 eine
1705 706 79 26 Reihe
1798 704 211 36 hervorragender
2023 701 127 27 Portraits.

1507 750 49 24 Der
1570 747 88 36 König
1677 745 53 27 und
1749 745 40 26 die
1804 743 114 37 Königin
1936 743 110 26 nehmen
2063 737 129 30 lebhaften
2210 732 90 58 Ant^!
2300 772 9 16 r

1448 797 32 16 an
1507 787 44 26 der
1577 785 200 28 künstlerischen
1799 781 199 37 Entwickelung
2025 781 64 26 ihres
2114 776 103 29 Landes.
2258 773 27 21 vC

1447 825 98 32 hoffen,
1559 825 146 27 demnächst
1719 825 54 25 eine
1784 823 150 36 Zeichnung
1948 821 42 27 des
2001 820 96 36 Königs
2112 821 59 24 Don
2182 811 86 30 Carlos
2281 811 27 20 zu

1447 864 217 28 veröffentlichen.
1700 866 50 24 Der
1767 862 115 36 Königin
1902 862 31 25 ist
1952 861 40 25 die
2010 859 162 27 Renovation
2191 853 42 27 der
2246 850 64 25 alten

1448 904 151 27 Kathedrale
1612 914 53 16 von
1678 902 129 31 Coimbra,
1822 902 66 26 eines
1902 899 154 38 glänzenden
2066 894 137 31 Denkmals
2219 891 39 26 des
2272 892 26 19 ro-

1448 945 147 26 manischen
1612 942 66 31 Stils,
1700 952 31 17 zu
1750 940 153 30 verdanken,
1923 940 44 26 das
1987 939 53 26 vier
2055 934 180 38 Jahrhunderte
2255 929 55 28 lang

1448 984 80 26 durch
1555 983 156 26 barbarische
1736 980 164 28 Architekten
1927 978 109 27 entstellt
2062 975 89 29 wurde
2179 969 51 30 und
2256 969 44 33 jeK

1449 1022 48 28 auf
1516 1024 140 35 Anregung
1683 1021 41 26 des
1749 1018 113 28 Bischofs
1887 1029 50 17 von
1959 1016 121 28 Coimbra
2108 1015 46 26 mit
2175 1008 70 30 Hilfe

1447 1063 115 35 Königin
1589 1063 28 25 in
1640 1061 86 26 seinen
1750 1057 209 39 ursprünglichen
1983 1056 112 27 Zustand
2119 1050 159 31 zurückverse
2290 1048 11 17 z

1448 1102 75 27 wird.
1557 1101 48 26 Die
1624 1100 119 27 Arbeiten
1764 1098 68 26 leitet
1854 1098 42 26 der
1915 1094 200 38 hervorragende
2136 1086 160 32 künstlerisch

1448 1140 133 28 Architekt
1595 1140 116 27 Antonio
1726 1140 117 34 Augusto
1859 1135 150 29 Goncalves.

1509 2943 0 0 128
