2534 3398
238 409 91 28 Schutz
341 423 47 17 vor
402 414 58 28 dem
476 415 197 38 lahmlegenden
684 418 96 35 Import
792 425 52 17 von
857 414 77 27 Ideen
945 413 52 28 und
1012 414 30 25 Er-

179 449 146 33 zeugnissen
335 463 53 18 von
399 456 98 26 Aussen
512 456 118 37 gewährt
641 466 48 17 nur
699 456 42 26 die
753 455 107 27 höchste
872 453 186 37 Entwicklung

179 481 29 28 de
210 494 11 17 r
235 488 107 37 eigenen
358 495 168 28 Production.

237 529 62 29 Wie
320 542 23 17 es
366 535 27 26 in
415 536 49 27 den
482 536 131 27 einzelnen
633 538 110 25 Centren
762 535 41 27 des
823 535 143 27 Nordwest
984 533 74 34 steht,

179 566 97 30 wollen
289 573 51 26 wir
355 574 43 28 das
413 577 103 26 nächste
531 576 56 28 Mal
602 577 84 26 sehen.
794 577 30 25 A.
840 577 160 25 Lichtwark

238 646 19 28 C
276 652 73 29 Wien.
371 653 20 27 I>
410 657 31 26 Es
456 657 59 27 lässt
530 657 55 27 sich
598 657 73 27 nicht
685 657 120 37 leugnen,
824 655 55 28 dass
893 655 43 27 das
951 654 108 26 Wiener

180 685 200 37 Kunstinteresse
388 707 43 16 zur
440 697 55 27 Zeit
504 707 52 17 von
567 697 44 27 der
619 697 140 38 populären
766 696 103 27 Musik-
877 695 53 27 und
938 695 106 26 Theater-

180 726 79 37 pflege
274 731 107 41 hinweg
400 737 56 26 eine
470 737 166 27 allmähliche
650 736 184 37 Schwenkung
847 746 44 16 zur
905 734 153 28 wirklichen

179 769 133 35 Literatur,
331 777 24 32 ja
373 786 75 27 sogar
468 778 62 26 über
547 778 67 27 diese
633 779 91 26 hinaus
744 787 43 17 zur
808 776 166 27 exclusivsten
998 773 61 28 aller

180 806 103 36 Künste,
298 823 44 18 zur
356 815 139 30 bildenden
511 820 92 29 Kunst,
618 818 95 27 macht.

238 850 38 27 Im
290 854 167 38 Burgtheater
475 858 45 26 hat
536 858 40 26 die
592 858 95 37 einzige
707 856 157 28 bedeutende
879 856 122 27 Premiere
1016 854 43 27 der

179 885 90 32 letzten
280 894 64 32 Zeit,
361 898 158 27 Cervantes'
531 898 200 37 Zwischenspiel
747 898 61 32 „Die
819 896 89 28 Höhle
922 906 52 17 von
989 894 56 28 Sala-

180 932 110 31 manca«,
312 934 40 37 (in
371 937 44 27 der
430 939 228 36 Neubearbeitung
679 938 156 33 „Verbotene
1002 934 57 27 sehr

180 972 85 34 wenig
276 978 228 27 verständnisvolle
515 978 154 27 Beurtheiler
680 977 138 37 gefunden.
839 978 48 26 Die
895 975 164 36 Darstellung

255 1012 116 32 tadellos.
412 1018 47 27 Frl.
482 1021 138 24 Sandrock
645 1019 56 26 that
722 1028 24 16 es
767 1017 96 28 wieder
884 1016 67 28 allen
971 1024 86 19 zuvor,

179 1048 129 53 gespannt
322 1055 33 27 ist
369 1067 60 18 man
443 1059 55 26 hier
514 1057 49 28 auf
574 1059 53 26 ihre
642 1058 175 27 kommenden
831 1058 167 35 Leistungen,
1017 1054 41 27 die

179 1085 19 24 L
200 1087 47 37 ady
262 1093 122 30 Macbeth
399 1099 55 27 und
468 1099 163 27 Penthesilea.

237 1131 41 27 An
296 1138 131 37 sonstigen
442 1139 271 27 Bühnensensationen
730 1138 55 27 und
807 1149 32 16 an
859 1135 198 29 musikalischen

178 1166 156 39 Ereignissen
349 1177 32 27 ist
395 1180 84 26 nichts
493 1189 32 17 zu
539 1180 173 26 verzeichnen.

238 1212 77 29 Auch
329 1226 45 18 aus
389 1219 44 27 der
448 1221 127 26 Literatur
589 1220 43 26 der
647 1220 91 26 letzten
752 1220 110 25 Monate
876 1220 69 24 wäre
960 1215 37 28 bis
1013 1212 48 30 auf

178 1245 164 38 Schnitzlers
498 1259 55 28 und
568 1259 45 28 das
628 1260 36 27 im
675 1259 167 36 Burgtheater
855 1264 202 30 angenommene

204 1296 67 22 rama
282 1295 146 36 Desselben,
597 1299 80 27 kaum
688 1306 80 20 etwas
779 1309 30 16 zu
821 1298 146 29 erwähnen,
979 1305 79 18 wenn

178 1330 69 25 nicht
268 1332 43 29 das
333 1338 197 38 Erstlingswerk
551 1341 66 25 eines
640 1342 97 34 jungen
757 1339 119 26 Wieners
900 1344 72 20 unter
992 1337 44 26 Um-

178 1370 104 29 standen
293 1378 145 28 erschienen
450 1383 79 28 wäre,
543 1380 42 27 die
596 1380 61 27 aller
668 1378 245 30 Aufmerksamkeit,
923 1376 55 27 und
990 1385 67 18 zwar

178 1408 151 39 anhaltend,
351 1418 96 29 darauf
466 1420 94 27 lenken
581 1425 108 22 müssen.
734 1419 62 28 Wir
818 1419 101 26 meinen
940 1419 116 25 Leopold

178 1446 57 27 And
237 1459 62 21 rian
310 1458 53 26 und
378 1460 54 26 sein
443 1463 53 24 Buc
498 1460 17 26 h
527 1463 65 30 nDer
603 1463 95 24 Garten
709 1460 43 26 der
951 1456 105 38 (Berlin,

192 1504 8 24 ;
215 1489 97 33 Fischer
332 1498 100 37 1895),
454 1501 111 27 welches
581 1502 137 26 Hermann
733 1502 71 25 Bahr
823 1499 49 26 den
886 1499 126 26 Wienern
1030 1497 26 25 in

178 1532 80 25 einem,
273 1531 170 36 öffentlichen
457 1543 124 35 Vortrage
596 1541 57 27 sehr
666 1551 85 17 warm
766 1538 148 39 empfohlen
928 1539 52 26 hat.

241 1579 54 22 Von
315 1577 92 34 denen,
426 1581 42 26 die
487 1582 67 26 dann
575 1580 78 28 dieses
673 1580 204 37 merkwürdige,
899 1577 158 38 eigensinnig

178 1609 174 35 geschriebene
367 1621 72 26 Buch
454 1621 77 31 lasen,
546 1622 88 26 hatten
645 1631 49 17 nur
705 1621 103 36 wenige
819 1620 49 26 den
879 1619 87 30 Muth,
982 1628 24 16 es
1020 1618 37 25 im

203 1656 76 23 anzen
299 1667 54 17 von
377 1661 55 27 sich
450 1672 32 17 zu
499 1662 105 28 weisen.
639 1662 48 26 Die
708 1662 107 26 meisten
838 1660 146 36 begnügten
1003 1657 54 27 sich

195 1690 70 32 amit,
280 1695 72 29 darin
368 1700 49 27 den
432 1701 97 32 hohen,
544 1702 239 36 atemlos-hastigen
794 1702 57 25 Ton
864 1700 44 26 der
919 1698 70 28 Rede
1003 1696 53 28 und

196 1734 20 17 le
231 1731 73 30 Kraft
318 1738 78 29 dieses
417 1741 205 37 evangelienhaft
642 1741 182 38 pathetischen,
841 1740 55 37 jede
911 1740 145 33 Stimmung

178 1772 46 21 mit
235 1772 107 32 Absicht
353 1783 176 26 zerstörenden
541 1782 57 26 Stils
610 1789 181 20 anzustaunen.
811 1783 90 24 Wenn
912 1778 144 38 irgendwo,

178 1811 27 18 s°
215 1816 29 19 ist
256 1822 23 17 es
290 1815 56 29 hier
357 1822 140 36 angezeigt,
509 1823 47 27 mit
566 1822 83 36 jedem
660 1817 382 41 endgiltigenUrtheilezurück-

178 1848 27 35 zu
205 1848 97 35 halten.

237 1892 58 28 Auf
310 1897 60 30 dem
389 1901 107 28 Gebiete
516 1903 44 27 der
581 1902 135 28 bildenden
737 1904 83 25 Kunst
840 1900 122 36 vereinigt
976 1898 81 27 Wien

179 1931 54 24 jetzt
250 1933 239 45 Veranstaltungen,
511 1944 53 26 wie
583 1944 36 26 sie
639 1954 33 16 an
686 1943 65 27 Zahl
765 1942 56 26 hier
835 1941 72 26 nicht
922 1938 40 28 oft
976 1938 80 28 neben

179 1971 116 29 einander
310 1977 129 32 bestehen.
467 1985 60 25 Von
542 1983 67 27 allen
624 1983 85 27 diesen
724 1983 64 36 zeigt
803 1982 40 26 die
857 1982 88 25 XXIII.
960 1979 84 35 Jahres-

180 2011 27 43 au
207 2011 126 43 sstellung
352 2020 36 27 im
406 2023 199 27 Künstlerhause
625 2024 40 26 die
685 2023 143 37 wenigsten
846 2019 110 31 Treffer,
979 2028 77 18 wenn

255 2052 40 29 die
310 2060 105 28 meisten
426 2065 148 25 Nummern
589 2064 70 36 (666
676 2063 153 37 Sculpturen
843 2060 54 27 und
912 2059 144 34 Gemälde).

189 2099 20 27 7
218 2097 21 17 ir
252 2101 101 25 nennen
371 2101 26 26 in
411 2102 44 27 der
469 2103 107 28 Plastik:
599 2105 46 26 W.
660 2103 105 27 Kumm's
781 2102 117 33 „Mucius

179 2130 40 21 ein
228 2133 134 40 tüchtiges,
369 2148 120 31 strenges,
497 2143 48 27 fast
553 2143 152 27 asketisches
713 2142 79 28 Stück
800 2142 98 32 Arbeit;
908 2141 42 26 des
956 2142 101 34 Pragers

189 2200 14 9 ~Y
211 2175 40 21 slj
251 2181 47 34 »ek
323 2180 175 29 Porträtbüste
525 2194 52 17 von
605 2182 186 29 verblüffender
815 2179 242 38 Eindringlichkeit;

199 2213 6 16 *
208 2214 12 17 e
233 2220 130 26 virtuosen
378 2223 233 28 Bronzestatuetten
625 2225 43 26 des
683 2224 113 37 Spaniers
811 2225 93 24 Emilio
918 2223 140 25 Benliute-

211 2255 89 26 QRales
321 2261 54 25 und
396 2264 135 27 Tilgner's
552 2275 29 17 so
603 2264 189 28 schmeichelnd
813 2262 95 27 schöne
929 2263 111 25 Marmor-

204 2292 93 29 atuette
469 2305 57 25 eine
546 2308 77 33 junge
642 2307 91 29 Dame,
754 2303 103 31 sitzend,
879 2302 73 26 einen
967 2300 91 26 Fächer

239 2340 25 16 er
278 2336 87 34 Hand,
387 2342 81 27 neben
483 2345 54 26 sich
552 2346 41 26 ein
607 2345 226 27 leichtcoloriertes
847 2341 211 35 Rosenbouquet.

207 2373 54 23 nter
275 2375 47 27 den
339 2381 158 30 Ausstellern
510 2395 53 17 von
577 2386 103 27 Bildern
702 2384 111 27 befindet
827 2383 54 26 sich
896 2382 40 26 ein
951 2380 108 36 einziger

183 2410 15 26 B
200 2413 13 17 a
216 2415 28 19 nz
266 2423 96 25 grosser
380 2424 96 31 Name,
498 2427 122 25 Fernand
638 2427 131 29 Khnopff,
791 2423 54 27 und
866 2422 67 27 auch
951 2420 43 27 der
1011 2428 48 18 nur

200 2451 61 25 urch
276 2454 43 29 das
334 2462 167 29 undeutliche
696 2471 129 21 vertreten.
851 2465 60 25 Von
922 2463 136 25 Walther

183 2493 39 55 ist*
222 2494 11 19 1
233 2497 19 19 *
287 2496 51 28 Der
359 2502 101 28 Glaube
494 2506 56 27 und
574 2507 65 26 zwei
664 2505 110 28 kleinere
798 2502 106 34 Stücke;
932 2503 127 25 Skarbina

236 2532 148 36 schwächer
405 2544 36 26 als
466 2553 78 20 sonst.
586 2545 167 37 Aufgefallen
778 2544 56 27 sind
860 2551 47 18 uns
933 2540 40 28 die
995 2539 63 27 zwei

385 2584 125 28 Motens
534 2588 94 33 („Erste
802 2583 53 28 und
878 2584 179 25 Leemputten.

183 2647 22 20 Et
208 2614 24 17 Cr
251 2611 33 28 let
287 2622 63 23 ztere
371 2623 66 37 zeigt
458 2626 26 25 in
503 2627 95 26 seinem
616 2626 71 27 Bilde
838 2623 74 27 einen
931 2620 127 29 weichen,

182 2654 65 54 y^*
250 2660 9 15 s
289 2653 140 46 femininen
456 2667 348 37 Stimmungsüberschwang
832 2664 52 27 wie
912 2668 67 21 etwa
1004 2660 54 26 eine

183 2724 53 28 steU
299 2706 16 16 n
313 2737 5 3 -
317 2698 32 27 Ck
351 2700 5 9 '
359 2702 58 27 Sche
437 2707 84 26 Scene-
551 2710 71 24 GanZ
637 2707 88 26 anders
741 2705 78 28 wirkt
835 2704 40 27 dk
913 2702 64 36 tzige
991 2702 53 25 AUS

197 2761 5 4 .
238 2737 53 31 ung
312 2737 36 27 im
366 2743 109 29 Wiener
494 2748 178 30 Kunstverein,
696 2747 40 26 die
757 2741 212 42 gespensterhafte
989 2739 69 28 Stille

205 2772 43 21 ner
259 2773 112 33 Gabriel
382 2783 148 30 MAx'schen
541 2787 294 28 Gemälde-Collection.
861 2786 31 25 Es
907 2782 55 28 sind
976 2781 82 36 einige

1138 412 44 26 der
1195 411 85 27 besten
1294 408 126 29 darunter,
1442 406 50 26 wie
1513 403 140 33 „Elisabeth
1672 402 41 28 für
1728 403 165 27 Tannhäuser

1139 452 54 27 und
1215 448 123 36 „Isoldens
1545 444 167 35 Gleichzeitig
1734 442 66 27 stellt
1821 442 43 27 der
1884 449 128 30 genannte

1138 492 90 27 Verein
1253 489 82 27 Bilder
1364 487 66 26 eines
1455 495 28 16 so
1508 483 227 28 ausserordentlich
1761 489 250 30 entgegengesetzten

1139 530 129 29 Künstlers
1282 529 51 27 wie
1348 529 72 25 Hans
1436 527 72 25 Olde
1523 534 57 20 aus,
1598 524 40 26 ein
1653 532 59 28 paar
1728 523 129 36 prächtige
1872 522 71 26 Feld-
1958 523 53 24 und

1139 568 159 31 See-Stücke.
1332 569 51 26 Am
1407 570 248 22 nennenswertesten
1675 572 53 17 von
1751 562 68 26 allen
1844 561 59 27 aber
1928 563 32 25 ist
1985 563 25 25 in

1139 613 119 34 gewisser
1281 607 142 36 Beziehung
1447 605 39 26 die
1511 602 165 37 Ausstellung
1700 603 117 26 Walter
1842 602 170 26 CRANEscher

1138 650 178 29 Bilderbücher
1330 649 36 25 im
1381 644 220 29 österreichischen
1616 645 130 23 Museum.
1774 643 54 25 Pan
1843 643 80 29 Pipes,
1943 640 67 28 dann

1138 695 84 25 Babys
1234 693 83 35 Opera
1331 687 53 28 und
1395 686 82 26 Baby's
1490 686 116 34 Bouquet
1621 681 130 28 enthalten
1762 681 92 26 Blätter
1865 690 51 17 von
1928 681 83 26 einem

1138 743 63 25 ganz
1215 727 199 40 eigenthümlich
1428 723 139 28 fesselnden
1580 740 33 3 —
1628 732 58 17 man
1701 722 32 26 ist
1747 721 117 26 versucht
1878 730 32 17 zu
1924 730 86 27 sagen,

1138 774 91 26 naiven
1246 787 34 3 —
1297 766 221 30 Geistreichthum.

1198 814 67 25 Zum
1276 809 114 28 Schlüsse
1400 806 69 27 noch
1480 805 40 25 ein
1533 803 146 27 Curiosum.
1700 801 43 27 Bei
1754 801 98 27 Artaria
1864 810 56 17 war
1931 800 79 26 dieser

1138 855 69 34 Tage
1215 852 40 26 ein
1266 850 83 27 echter
1357 845 107 29 Bücklin
1476 845 72 34 („Die
1845 841 36 26 im
1890 839 119 37 Original

1138 904 31 16 zu
1183 893 84 26 sehen.
1295 891 53 25 Aus
1363 887 80 28 Wien
1458 894 67 17 muss
1540 894 29 16 so
1584 889 79 21 etwas
1678 881 123 27 berichtet
1815 879 112 28 werden.

1198 932 76 26 Mitte
1288 929 63 27 Mai.
1779 922 102 25 Alfred
1895 922 74 24 Gold

1192 1016 19 28 ([
1226 1010 76 27 Paris.
1317 1013 19 27 D
1358 1010 50 23 Das
1422 1003 137 29 Publikum
1577 1002 45 27 hat
1635 1004 57 34 jetzt
1711 1000 39 27 die
1765 999 176 28 Gewohnheit
1955 1010 42 17 ver-

1138 1053 80 29 loren,
1233 1050 59 26 dem
1303 1046 199 28 künstlerischen
1509 1043 93 27 Werth
1614 1041 44 27 der
1669 1040 173 37 alljährlichen
1854 1039 88 27 Salons
1954 1040 56 25 eine

1138 1103 84 27 grosse
1233 1087 173 38 Wichtigkeit
1424 1084 157 36 beizulegen;
1607 1082 40 26 die
1662 1082 97 25 Herren
1773 1080 83 26 Maler
1870 1080 54 26 und
1939 1079 56 27 Bild-

1138 1134 78 26 hauer
1230 1130 83 28 haben
1332 1138 24 16 es
1371 1127 54 27 ihm
1442 1135 32 16 zu
1491 1124 64 26 bunt
1573 1121 125 38 gemacht.
1733 1122 48 25 Für
1797 1119 71 36 jeden
1889 1119 41 27 der
1950 1130 60 27 paar

1138 1171 116 29 Tausend
1269 1171 101 26 Namen
1384 1167 54 26 eine
1453 1164 134 27 besondere
1596 1159 302 37 Verständnissfähigkeit
1912 1159 96 37 zeigen,

1138 1212 43 28 für
1198 1211 72 37 jeden
1288 1209 74 27 einen
1381 1205 135 28 seelischen
1535 1200 129 30 Eindruck
1684 1199 155 38 empfinden,
1864 1199 61 37 geht
1949 1199 61 27 über

1138 1254 43 27 das
1205 1253 152 33 Vermögen.
1399 1248 64 25 Man
1490 1246 68 24 hatte
1583 1242 53 26 sich
1657 1241 95 26 redlich
1774 1239 120 31 bemüht,
1916 1241 27 24 in
1965 1239 42 26 der

1138 1295 95 34 Menge
1247 1290 53 27 und
1315 1289 36 25 im
1367 1286 130 34 Gedränge
1512 1283 43 26 der
1569 1282 91 26 letzten
1672 1281 71 34 Jahre
1755 1280 86 34 Jedem
1856 1280 101 36 gerecht
1977 1290 28 15 zu

1138 1332 115 31 werden,
1275 1330 39 26 bei
1333 1327 85 36 Jedem
1438 1325 56 27 eine
1513 1325 72 24 Note
1604 1331 31 16 zu
1653 1320 98 32 finden,
1774 1320 26 26 in
1823 1319 44 27 der
1883 1330 60 16 man
1961 1319 48 26 mit

1138 1373 123 29 vibrierte,
1276 1380 27 17 so
1319 1374 45 30 gut
1379 1377 24 16 es
1419 1366 74 36 ging;
1519 1363 57 27 aber
1596 1362 43 26 der
1652 1362 141 26 Wirrwarr
1807 1359 90 27 wurde
1916 1359 92 27 immer

1138 1418 104 31 grösser.
1284 1408 88 30 Genie,
1387 1406 89 27 Talent
1496 1402 53 28 und
1563 1401 160 31 Virtuosität,
1738 1399 222 27 Verschiedenheit
1980 1399 27 26 in

1137 1454 44 27 der
1194 1449 116 30 Technik
1327 1446 53 28 und
1395 1447 26 26 in
1436 1445 43 27 der
1492 1440 247 36 Lebensauffassung
1753 1440 146 26 erschienen
1912 1438 81 27 neben-

1138 1492 127 30 einander,
1280 1485 208 32 durcheinander,
1505 1483 66 37 jedes
1591 1482 41 26 ein
1646 1480 99 28 Urtheil
1760 1480 162 36 verlangend,
1942 1479 65 35 jedes

1138 1535 43 26 das
1195 1529 108 32 Urtheil,
1320 1528 44 27 das
1383 1536 60 17 man
1463 1524 56 27 dem
1534 1520 229 38 Vorhergehenden
1778 1519 136 38 gespendet
1928 1519 79 31 hatte,

1138 1571 148 30 zerstörend.
1320 1567 61 28 Und
1402 1566 41 26 die
1462 1563 103 32 müden,
1587 1562 180 35 übersättigten
1787 1562 102 24 Nerven
1908 1559 100 26 schrien

1137 1624 46 17 um
1194 1611 97 29 Gnade.
1305 1625 34 5 —
1353 1609 61 33 Jetzt
1428 1607 44 26 hat
1486 1614 60 17 man
1559 1602 72 27 sich's
1646 1601 109 37 bequem
1769 1600 125 36 gemacht.
1923 1599 85 26 Kritik

1138 1654 53 27 und
1209 1649 138 30 Publikum
1360 1646 82 27 haben
1457 1645 42 27 das
1514 1643 90 27 Toben
1618 1641 54 27 und
1690 1644 82 23 Rasen
1792 1639 166 37 aufgegeben,
1972 1640 36 26 sie

1138 1694 55 28 sind
1204 1689 193 39 gleichgültiger
1408 1684 146 39 geworden.
1583 1685 50 24 Der
1644 1682 90 26 immer
1745 1679 152 28 wachsende
1908 1678 100 28 Zufluss

1138 1745 51 16 von
1209 1726 232 37 Mittelmässigkeit
1461 1725 44 26 hat
1524 1724 78 26 ihnen
1619 1722 49 27 den
1681 1721 80 27 Muth
1775 1719 114 37 geraubt.
1931 1721 30 24 Es
1977 1720 32 25 ist

1138 1773 48 28 fast
1204 1770 106 39 jährlich
1328 1766 118 30 dasselbe,
1467 1764 52 27 und
1541 1763 39 26 die
1595 1765 110 24 Grossen
1722 1770 74 27 sogar
1815 1769 120 17 erneuern
1955 1759 54 27 sich

1138 1814 93 35 wenig.
1243 1827 33 5 —
1284 1806 125 30 Weshalb
1420 1805 48 28 soll
1479 1814 59 17 man
1550 1803 54 27 sich
1614 1801 54 28 also
1679 1800 142 27 bemühen?
1834 1816 34 3 —
1881 1800 64 25 Hier
1955 1800 54 26 und

1138 1855 66 30 dort,
1216 1853 67 25 ohne
1291 1848 90 29 Wahl,
1392 1845 111 38 gelassen
1518 1843 151 29 anschauen,
1685 1840 41 27 die
1739 1838 144 29 Eindrücke
1895 1838 49 28 auf
1955 1840 54 26 sich

1138 1893 100 28 wirken
1253 1891 88 29 lassen,
1356 1888 67 27 ohne
1437 1887 34 25 sie
1484 1894 29 16 zu
1528 1883 103 30 suchen,
1646 1880 50 28 fast
1710 1881 151 26 unachtsam
1875 1879 49 26 den
1936 1878 73 27 Blick

1137 1936 45 27 hin
1197 1932 53 28 und
1270 1932 45 26 her
1335 1928 129 35 bewegen,
1483 1922 164 29 träumerisch
1664 1921 54 28 und
1735 1927 126 23 zerstreut,
1881 1920 41 26 die
1940 1920 69 26 Seele

1138 1985 49 18 nur
1201 1972 58 28 halb
1274 1967 173 39 gegenwärtig
1464 1981 34 4 —
1514 1974 28 16 so
1558 1961 74 29 treibt
1651 1971 60 17 man
1724 1961 44 27 das
1783 1959 227 28 Salonbetrachten

1138 2017 35 26 im
1181 2013 120 35 Frühling
1309 2010 41 27 des
1358 2009 81 34 Jahres
1453 2016 9 17 i
1472 2006 33 33 89
1512 2015 12 24 5
1534 2015 5 15 :
1557 2004 39 25 ein
1605 2001 212 38 Spazierengehen
1828 2001 27 25 in
1863 2000 42 26 der
1917 2002 91 24 Kunst.

1191 2057 50 24 Am
1256 2048 219 37 Vernissage-Tag
1493 2044 90 36 drängt
1602 2043 52 26 sich
1674 2042 41 26 die
1736 2043 103 34 Menge,
1860 2040 78 37 lustig
1955 2041 53 26 und

1140 2092 174 36 übermüthig,
1344 2089 51 27 wie
1418 2085 171 36 Schuljungen
1618 2092 40 17 am
1683 2087 79 21 ersten
1786 2081 137 36 Ferientag.
1961 2081 49 27 Die

1138 2143 64 20 zarte
1216 2134 107 35 Eleganz
1342 2126 147 30 weiblicher
1502 2124 129 27 Toiletten
1651 2122 91 26 mischt
1758 2121 53 27 ihre
1826 2131 64 17 neue
1904 2120 92 28 Farben-

1139 2175 87 34 pracht
1239 2179 73 20 unter
1326 2170 40 27 die
1385 2168 97 26 düstere
1497 2164 171 35 Erscheinung
1686 2161 158 27 männlicher
1855 2162 155 31 Gewänder,

1138 2215 53 28 und
1210 2214 42 27 der
1269 2218 62 20 satte
1348 2207 66 29 Duft
1434 2204 156 28 künstlicher
1606 2203 121 30 Blumen,
1740 2202 123 27 Veilchen
1882 2203 52 26 und
1950 2204 46 33 Jon-

1138 2255 110 36 quillen,
1273 2253 40 26 die
1336 2250 39 26 die
1397 2249 94 26 Frauen
1513 2255 33 17 an
1569 2243 63 27 Hals
1658 2243 53 26 und
1739 2244 56 25 Hut
1817 2249 100 31 tragen,
1944 2244 67 26 hüllt

1138 2297 34 27 sie
1193 2296 26 25 in
1240 2294 54 25 eine
1318 2287 168 37 Atmosphäre
1506 2296 51 17 von
1580 2284 152 27 Geziertheit
1752 2283 53 26 und
1823 2285 129 30 Unnatur,
1971 2285 40 26 die

1140 2341 48 27 just
1200 2335 79 26 dieser
1289 2333 81 25 Kunst
1381 2327 94 31 ähnelt,
1488 2326 39 26 die
1541 2324 94 27 überall
1645 2324 54 26 hier
1709 2324 27 26 in
1747 2324 49 26 den
1808 2324 73 27 Sälen
1893 2335 29 16 zu
1935 2325 76 27 sehen

1140 2378 38 25 ist.
1193 2373 164 35 Wenigstens
1369 2369 30 27 ist
1414 2378 24 16 es
1453 2367 40 26 die
1505 2368 91 28 Kunst,
1612 2364 39 27 die
1666 2365 34 26 sie
1716 2363 90 33 lieben,
1821 2364 40 27 die
1876 2367 84 25 Kunst
1972 2364 41 30 für

1138 2417 44 26 das
1201 2416 85 31 Auge,
1312 2411 40 26 die
1373 2409 39 26 die
1431 2405 139 30 Gedanken
1599 2405 170 26 schlummern
1789 2405 67 28 lässt.
1905 2407 48 26 Die
1974 2418 26 16 er-

1139 2455 136 28 loschenen
1286 2452 127 27 Nuancen
1423 2448 42 26 der
1476 2445 172 28 Glasarbeiten
1659 2456 53 17 von
1723 2446 73 27 Galle
1811 2446 56 27 sind
1878 2446 136 33 dieselben,

1139 2496 40 26 die
1194 2495 39 26 die
1251 2498 119 21 neuesten
1381 2486 207 30 Frauen-Moden
1605 2496 30 16 zu
1654 2486 157 37 Umhängen
1828 2488 53 26 und
1899 2489 116 27 Bändern

1138 2534 114 37 gewählt
1267 2531 89 28 haben.
1392 2531 64 25 Man
1470 2530 66 34 trägt
1551 2526 90 28 Roben
1657 2527 52 27 äla
1724 2528 145 27 Gismonda
1882 2550 44 6 ...
1950 2532 65 24 Dort

1138 2577 80 35 hängt
1232 2573 43 27 das
1290 2571 56 28 Bild
1359 2570 44 27 der
1418 2568 76 28 Sarah
1505 2567 137 28 Bernhardt
1654 2578 52 17 von
1718 2570 35 25 La
1766 2569 128 32 Gandara,
1911 2571 25 25 in
1950 2570 66 29 ihrer

1138 2613 171 31 heraldischen
1320 2611 89 28 Allure
1420 2609 54 27 und
1489 2608 43 27 der
1542 2608 124 27 discreten
1678 2609 89 27 Pracht
1779 2610 67 27 ihrer
1857 2612 159 27 Gismonda-

1138 2655 116 28 Toilette.
1297 2655 50 24 Der
1365 2650 216 39 Serpentin-Tanz
1602 2649 43 27 der
1663 2651 63 26 Loie
1740 2650 91 33 Füller,
1850 2652 56 27 eine
1925 2652 91 28 andere

1138 2697 67 26 reine
1220 2694 92 27 Freude
1332 2692 43 27 der
1390 2693 100 35 Augen,
1510 2691 44 26 hat
1573 2700 64 16 neue
1655 2692 90 26 Noten
1764 2692 26 26 in
1814 2703 90 17 unsere
1923 2695 93 30 Kunst,

1139 2745 86 19 unsere
1259 2730 245 38 Lebensauffassung
1534 2730 128 37 gebracht.
1708 2734 60 25 Von
1799 2733 56 27 ihm
1885 2734 45 27 hat
1962 2735 54 27 sich

1139 2777 140 35 Sehlittgen
1290 2774 134 37 inspiriert,
1436 2772 33 27 als
1482 2782 25 17 er
1518 2772 67 27 seine
1593 2772 53 27 drei
1654 2773 103 26 Sirenen
1766 2774 26 26 in
1800 2773 218 30 halsbrechenden

1179 2978 0 0 121
