<?xml version="1.0" encoding="UTF-8"?>
<alto xmlns:xsi="http://www.w3.org/2001/XMLSchema-instance" xmlns="http://www.loc.gov/standards/alto/ns-v2#" xsi:schemaLocation="http://www.loc.gov/standards/alto/ns-v2# http://www.loc.gov/standards/alto/alto-v2.0.xsd" xmlns:xlink="http://www.w3.org/1999/xlink">
	<Description>
		<MeasurementUnit>mm10</MeasurementUnit>
		<sourceImageInformation>
			<fileName>//fileserver7/IN2/Princeton/Batch5/bmtnabi/1866/11/24_01/00000805.tif</fileName>
		</sourceImageInformation>
		<OCRProcessing ID="OCRPROCESSING_1">
			<preProcessingStep>
				<processingSoftware>
					<softwareCreator>CCS Content Conversion Specialists GmbH, Germany</softwareCreator>
					<softwareName>CCS docWORKS</softwareName>
					<softwareVersion>6.6-1.18</softwareVersion>
				</processingSoftware>
			</preProcessingStep>
			<ocrProcessingStep>
				<processingSoftware>
					<softwareCreator>ABBYY (BIT Software), Russia</softwareCreator>
					<softwareName>FineReader</softwareName>
					<softwareVersion>10.0</softwareVersion>
				</processingSoftware>
			</ocrProcessingStep>
		</OCRProcessing>
		<OCRProcessing ID="OCRPROCESSING_2">
			<preProcessingStep>
				<processingSoftware>
					<softwareCreator>CCS Content Conversion Specialists GmbH, Germany</softwareCreator>
					<softwareName>CCS docWORKS</softwareName>
					<softwareVersion>6.6-1.18</softwareVersion>
				</processingSoftware>
			</preProcessingStep>
			<ocrProcessingStep>
				<processingSoftware>
					<softwareCreator>ABBYY (BIT Software), Russia</softwareCreator>
					<softwareName>NA</softwareName>
				</processingSoftware>
			</ocrProcessingStep>
		</OCRProcessing>
	</Description>
	<Styles>
		<TextStyle ID="TXT_0" FONTSIZE="21" FONTFAMILY="Times New Roman"/>
		<TextStyle ID="TXT_1" FONTSIZE="13" FONTFAMILY="Times New Roman"/>
		<TextStyle ID="TXT_2" FONTSIZE="4" FONTFAMILY="Unknown"/>
		<TextStyle ID="TXT_3" FONTSIZE="13" FONTFAMILY="Times New Roman" FONTSTYLE="italics"/>
		<TextStyle ID="TXT_4" FONTSIZE="19" FONTFAMILY="Times New Roman" FONTSTYLE="bold"/>
		<TextStyle ID="TXT_5" FONTSIZE="13" FONTFAMILY="Arial" FONTSTYLE="bold"/>
		<ParagraphStyle ID="PAR_CENTER" ALIGN="Center"/>
		<ParagraphStyle ID="PAR_LEFT" ALIGN="Left"/>
		<ParagraphStyle ID="PAR_RIGHT" ALIGN="Right"/>
		<ParagraphStyle ID="PAR_BLOCK" ALIGN="Block"/>
	</Styles>
	<Layout>
		<Page ID="P7" PHYSICAL_IMG_NR="7" HEIGHT="4414" WIDTH="3487" PRINTED_IMG_NR="375" PC="0.935">
			<TopMargin ID="P7_TM00001" HPOS="0" VPOS="0" WIDTH="3487" HEIGHT="192">
				<TextBlock ID="P7_TB00001" HPOS="1698" VPOS="137" WIDTH="110" HEIGHT="53" STYLEREFS="TXT_0 PAR_CENTER">
					<TextLine ID="P7_TL00001" HPOS="1699" VPOS="137" WIDTH="109" HEIGHT="53">
						<String ID="P7_ST00001" HPOS="1699" VPOS="137" WIDTH="109" HEIGHT="53" CONTENT="375" WC="0.43" CC="673"/>
					</TextLine>
				</TextBlock>
			</TopMargin>
			<LeftMargin ID="P7_LM00001" HPOS="0" VPOS="192" WIDTH="100" HEIGHT="4063"/>
			<RightMargin ID="P7_RM00001" HPOS="3366" VPOS="192" WIDTH="121" HEIGHT="4063"/>
			<BottomMargin ID="P7_BM00001" HPOS="0" VPOS="4255" WIDTH="3487" HEIGHT="159"/>
			<PrintSpace ID="P7_PS00001" HPOS="100" VPOS="192" WIDTH="3266" HEIGHT="4063">
				<TextBlock ID="P7_TB00002" HPOS="102" VPOS="278" WIDTH="1593" HEIGHT="2913" STYLEREFS="TXT_1 PAR_LEFT">
					<TextLine ID="P7_TL00002" HPOS="119" VPOS="278" WIDTH="1575" HEIGHT="51">
						<String ID="P7_ST00002" HPOS="119" VPOS="281" WIDTH="65" HEIGHT="36" CONTENT="des" WC="0.98" CC="050"/>
						<SP ID="P7_SP00001" HPOS="184" VPOS="317" WIDTH="32"/>
						<String ID="P7_ST00003" HPOS="216" VPOS="282" WIDTH="186" HEIGHT="46" CONTENT="Sängers:" WC="0.98" CC="69202661"/>
						<SP ID="P7_SP00002" HPOS="402" VPOS="328" WIDTH="34"/>
						<String ID="P7_ST00004" HPOS="436" VPOS="281" WIDTH="90" HEIGHT="36" CONTENT="aber" WC="0.98" CC="0007"/>
						<SP ID="P7_SP00003" HPOS="526" VPOS="328" WIDTH="29"/>
						<String ID="P7_ST00005" HPOS="555" VPOS="281" WIDTH="326" HEIGHT="48" CONTENT="unbegreiflicher" WC="0.99" CC="265455411145769"/>
						<SP ID="P7_SP00004" HPOS="881" VPOS="329" WIDTH="27"/>
						<String ID="P7_ST00006" HPOS="908" VPOS="283" WIDTH="50" HEIGHT="34" CONTENT="ist" WC="0.98" CC="050"/>
						<SP ID="P7_SP00005" HPOS="958" VPOS="329" WIDTH="31"/>
						<String ID="P7_ST00007" HPOS="989" VPOS="282" WIDTH="60" HEIGHT="35" CONTENT="die" WC="0.99" CC="011"/>
						<SP ID="P7_SP00006" HPOS="1049" VPOS="329" WIDTH="30"/>
						<String ID="P7_ST00008" HPOS="1079" VPOS="280" WIDTH="135" HEIGHT="36" CONTENT="Macht" WC="0.98" CC="00249"/>
						<SP ID="P7_SP00007" HPOS="1214" VPOS="329" WIDTH="42"/>
						<String ID="P7_ST00009" HPOS="1256" VPOS="280" WIDTH="67" HEIGHT="37" CONTENT="des" WC="0.96" CC="504"/>
						<SP ID="P7_SP00008" HPOS="1323" VPOS="329" WIDTH="30"/>
						<String ID="P7_ST00010" HPOS="1353" VPOS="280" WIDTH="178" HEIGHT="45" CONTENT="Willens," WC="0.98" CC="60341461"/>
						<SP ID="P7_SP00009" HPOS="1531" VPOS="329" WIDTH="43"/>
						<String ID="P7_ST00011" HPOS="1574" VPOS="278" WIDTH="120" HEIGHT="37" CONTENT="durch" WC="0.96" CC="75446"/>
					</TextLine>
					<TextLine ID="P7_TL00003" HPOS="116" VPOS="351" WIDTH="1579" HEIGHT="49">
						<String ID="P7_ST00012" HPOS="116" VPOS="352" WIDTH="61" HEIGHT="35" CONTENT="die" WC="0.98" CC="022"/>
						<SP ID="P7_SP00010" HPOS="177" VPOS="387" WIDTH="47"/>
						<String ID="P7_ST00013" HPOS="224" VPOS="354" WIDTH="61" HEIGHT="33" CONTENT="ein" WC="0.95" CC="526"/>
						<SP ID="P7_SP00011" HPOS="285" VPOS="387" WIDTH="31"/>
						<String ID="P7_ST00014" HPOS="316" VPOS="353" WIDTH="199" HEIGHT="44" CONTENT="Künstler," WC="0.99" CC="003494021"/>
						<SP ID="P7_SP00012" HPOS="515" VPOS="397" WIDTH="46"/>
						<String ID="P7_ST00015" HPOS="561" VPOS="354" WIDTH="73" HEIGHT="33" CONTENT="wie" WC="0.98" CC="013"/>
						<SP ID="P7_SP00013" HPOS="634" VPOS="397" WIDTH="33"/>
						<String ID="P7_ST00016" HPOS="667" VPOS="352" WIDTH="244" HEIGHT="48" CONTENT="Königslöw," WC="0.59" CC="0594001791"/>
						<SP ID="P7_SP00014" HPOS="911" VPOS="400" WIDTH="47"/>
						<String ID="P7_ST00017" HPOS="958" VPOS="354" WIDTH="107" HEIGHT="34" CONTENT="seine" WC="0.97" CC="44075"/>
						<SP ID="P7_SP00015" HPOS="1065" VPOS="400" WIDTH="31"/>
						<String ID="P7_ST00018" HPOS="1096" VPOS="353" WIDTH="110" HEIGHT="35" CONTENT="Seele" WC="0.97" CC="90253"/>
						<SP ID="P7_SP00016" HPOS="1206" VPOS="400" WIDTH="48"/>
						<String ID="P7_ST00019" HPOS="1254" VPOS="353" WIDTH="87" HEIGHT="35" CONTENT="dem" WC="0.98" CC="040"/>
						<SP ID="P7_SP00017" HPOS="1341" VPOS="400" WIDTH="36"/>
						<String ID="P7_ST00020" HPOS="1377" VPOS="352" WIDTH="134" HEIGHT="36" CONTENT="todten" WC="0.86" CC="060011"/>
						<SP ID="P7_SP00018" HPOS="1511" VPOS="400" WIDTH="31"/>
						<String ID="P7_ST00021" HPOS="1542" VPOS="351" WIDTH="153" HEIGHT="46" CONTENT="Körper" WC="0.99" CC="060005"/>
					</TextLine>
					<TextLine ID="P7_TL00004" HPOS="117" VPOS="422" WIDTH="1577" HEIGHT="37">
						<String ID="P7_ST00022" HPOS="117" VPOS="422" WIDTH="65" HEIGHT="36" CONTENT="des" WC="0.98" CC="042"/>
						<SP ID="P7_SP00019" HPOS="182" VPOS="458" WIDTH="42"/>
						<String ID="P7_ST00023" HPOS="224" VPOS="422" WIDTH="284" HEIGHT="37" CONTENT="Instrumentes" WC="0.99" CC="050006346002"/>
						<SP ID="P7_SP00020" HPOS="508" VPOS="459" WIDTH="41"/>
						<String ID="P7_ST00024" HPOS="549" VPOS="424" WIDTH="207" HEIGHT="35" CONTENT="vermählt." WC="0.99" CC="000090400"/>
						<SP ID="P7_SP00021" HPOS="756" VPOS="459" WIDTH="59"/>
						<String ID="P7_ST00025" HPOS="815" VPOS="424" WIDTH="98" HEIGHT="34" CONTENT="Hier" WC="0.97" CC="6420"/>
						<SP ID="P7_SP00022" HPOS="913" VPOS="459" WIDTH="29"/>
						<String ID="P7_ST00026" HPOS="942" VPOS="423" WIDTH="132" HEIGHT="36" CONTENT="waltet" WC="1.00" CC="004000"/>
						<SP ID="P7_SP00023" HPOS="1074" VPOS="459" WIDTH="43"/>
						<String ID="P7_ST00027" HPOS="1117" VPOS="425" WIDTH="61" HEIGHT="34" CONTENT="ein" WC="0.96" CC="054"/>
						<SP ID="P7_SP00024" HPOS="1178" VPOS="459" WIDTH="35"/>
						<String ID="P7_ST00028" HPOS="1213" VPOS="423" WIDTH="299" HEIGHT="36" CONTENT="unerklärbarer" WC="0.99" CC="4616027100820"/>
						<SP ID="P7_SP00025" HPOS="1512" VPOS="459" WIDTH="31"/>
						<String ID="P7_ST00029" HPOS="1543" VPOS="422" WIDTH="151" HEIGHT="36" CONTENT="Zauber" WC="0.99" CC="304104"/>
					</TextLine>
					<TextLine ID="P7_TL00005" HPOS="115" VPOS="492" WIDTH="1576" HEIGHT="49">
						<String ID="P7_ST00030" HPOS="115" VPOS="493" WIDTH="62" HEIGHT="45" CONTENT="ob," WC="0.98" CC="300"/>
						<SP ID="P7_SP00026" HPOS="177" VPOS="538" WIDTH="45"/>
						<String ID="P7_ST00031" HPOS="222" VPOS="493" WIDTH="79" HEIGHT="34" CONTENT="und" WC="0.97" CC="600"/>
						<SP ID="P7_SP00027" HPOS="301" VPOS="538" WIDTH="42"/>
						<String ID="P7_ST00032" HPOS="343" VPOS="494" WIDTH="70" HEIGHT="33" CONTENT="wir" WC="0.96" CC="306"/>
						<SP ID="P7_SP00028" HPOS="413" VPOS="538" WIDTH="45"/>
						<String ID="P7_ST00033" HPOS="458" VPOS="493" WIDTH="136" HEIGHT="36" CONTENT="stehen" WC="0.97" CC="272726"/>
						<SP ID="P7_SP00029" HPOS="594" VPOS="538" WIDTH="30"/>
						<String ID="P7_ST00034" HPOS="624" VPOS="494" WIDTH="113" HEIGHT="35" CONTENT="dabei" WC="0.99" CC="00703"/>
						<SP ID="P7_SP00030" HPOS="737" VPOS="538" WIDTH="41"/>
						<String ID="P7_ST00035" HPOS="778" VPOS="505" WIDTH="70" HEIGHT="24" CONTENT="vor" WC="0.94" CC="059"/>
						<SP ID="P7_SP00031" HPOS="848" VPOS="538" WIDTH="29"/>
						<String ID="P7_ST00036" HPOS="877" VPOS="494" WIDTH="126" HEIGHT="35" CONTENT="einem" WC="0.99" CC="30310"/>
						<SP ID="P7_SP00032" HPOS="1003" VPOS="538" WIDTH="31"/>
						<String ID="P7_ST00037" HPOS="1034" VPOS="495" WIDTH="174" HEIGHT="36" CONTENT="Wunder" WC="0.99" CC="067010"/>
						<SP ID="P7_SP00033" HPOS="1208" VPOS="538" WIDTH="29"/>
						<String ID="P7_ST00038" HPOS="1237" VPOS="496" WIDTH="66" HEIGHT="35" CONTENT="der" WC="0.98" CC="040"/>
						<SP ID="P7_SP00034" HPOS="1303" VPOS="538" WIDTH="27"/>
						<String ID="P7_ST00039" HPOS="1330" VPOS="494" WIDTH="252" HEIGHT="47" CONTENT="Klanglehre," WC="0.99" CC="05067626004"/>
						<SP ID="P7_SP00035" HPOS="1582" VPOS="541" WIDTH="42"/>
						<String ID="P7_ST00040" HPOS="1624" VPOS="492" WIDTH="67" HEIGHT="36" CONTENT="das" WC="0.98" CC="005"/>
					</TextLine>
					<TextLine ID="P7_TL00006" HPOS="116" VPOS="562" WIDTH="1574" HEIGHT="49">
						<String ID="P7_ST00041" HPOS="116" VPOS="562" WIDTH="116" HEIGHT="36" CONTENT="keine" WC="0.98" CC="70090"/>
						<SP ID="P7_SP00036" HPOS="232" VPOS="598" WIDTH="33"/>
						<String ID="P7_ST00042" HPOS="265" VPOS="564" WIDTH="285" HEIGHT="34" CONTENT="Wissenschaft" WC="0.99" CC="105546377076"/>
						<SP ID="P7_SP00037" HPOS="550" VPOS="598" WIDTH="28"/>
						<String ID="P7_ST00043" HPOS="578" VPOS="563" WIDTH="179" HEIGHT="35" CONTENT="erklären" WC="0.98" CC="40053456"/>
						<SP ID="P7_SP00038" HPOS="757" VPOS="598" WIDTH="30"/>
						<String ID="P7_ST00044" HPOS="787" VPOS="564" WIDTH="79" HEIGHT="34" CONTENT="und" WC="0.95" CC="650"/>
						<SP ID="P7_SP00039" HPOS="866" VPOS="598" WIDTH="27"/>
						<String ID="P7_ST00045" HPOS="893" VPOS="562" WIDTH="115" HEIGHT="37" CONTENT="keine" WC="0.98" CC="01360"/>
						<SP ID="P7_SP00040" HPOS="1008" VPOS="599" WIDTH="31"/>
						<String ID="P7_ST00046" HPOS="1039" VPOS="565" WIDTH="165" HEIGHT="35" CONTENT="Theorie" WC="0.99" CC="0600364"/>
						<SP ID="P7_SP00041" HPOS="1204" VPOS="600" WIDTH="31"/>
						<String ID="P7_ST00047" HPOS="1235" VPOS="564" WIDTH="135" HEIGHT="36" CONTENT="lehren" WC="0.99" CC="007002"/>
						<SP ID="P7_SP00042" HPOS="1370" VPOS="600" WIDTH="41"/>
						<String ID="P7_ST00048" HPOS="1411" VPOS="565" WIDTH="119" HEIGHT="33" CONTENT="kann." WC="0.98" CC="00764"/>
						<SP ID="P7_SP00043" HPOS="1530" VPOS="600" WIDTH="59"/>
						<String ID="P7_ST00049" HPOS="1589" VPOS="564" WIDTH="101" HEIGHT="47" CONTENT="Nun," WC="0.96" CC="0594"/>
					</TextLine>
					<TextLine ID="P7_TL00007" HPOS="115" VPOS="632" WIDTH="1575" HEIGHT="48">
						<String ID="P7_ST00050" HPOS="115" VPOS="632" WIDTH="104" HEIGHT="36" CONTENT="diese" WC="0.98" CC="00632"/>
						<SP ID="P7_SP00044" HPOS="219" VPOS="668" WIDTH="31"/>
						<String ID="P7_ST00051" HPOS="250" VPOS="633" WIDTH="255" HEIGHT="35" CONTENT="wunderbare" WC="0.99" CC="0675003040"/>
						<SP ID="P7_SP00045" HPOS="505" VPOS="668" WIDTH="30"/>
						<String ID="P7_ST00052" HPOS="535" VPOS="633" WIDTH="260" HEIGHT="47" CONTENT="Einwirkung" WC="0.99" CC="0450090670"/>
						<SP ID="P7_SP00046" HPOS="795" VPOS="680" WIDTH="30"/>
						<String ID="P7_ST00053" HPOS="825" VPOS="634" WIDTH="66" HEIGHT="35" CONTENT="des" WC="0.98" CC="202"/>
						<SP ID="P7_SP00047" HPOS="891" VPOS="680" WIDTH="31"/>
						<String ID="P7_ST00054" HPOS="922" VPOS="635" WIDTH="156" HEIGHT="34" CONTENT="Geistes" WC="0.98" CC="6245507"/>
						<SP ID="P7_SP00048" HPOS="1078" VPOS="680" WIDTH="41"/>
						<String ID="P7_ST00055" HPOS="1119" VPOS="636" WIDTH="70" HEIGHT="34" CONTENT="auf" WC="0.99" CC="020"/>
						<SP ID="P7_SP00049" HPOS="1189" VPOS="680" WIDTH="32"/>
						<String ID="P7_ST00056" HPOS="1221" VPOS="635" WIDTH="60" HEIGHT="35" CONTENT="die" WC="0.98" CC="022"/>
						<SP ID="P7_SP00050" HPOS="1281" VPOS="680" WIDTH="30"/>
						<String ID="P7_ST00057" HPOS="1311" VPOS="635" WIDTH="163" HEIGHT="35" CONTENT="Materie" WC="0.99" CC="0000603"/>
						<SP ID="P7_SP00051" HPOS="1474" VPOS="680" WIDTH="47"/>
						<String ID="P7_ST00058" HPOS="1521" VPOS="633" WIDTH="68" HEIGHT="35" CONTENT="hat" WC="0.97" CC="700"/>
						<SP ID="P7_SP00052" HPOS="1589" VPOS="680" WIDTH="28"/>
						<String ID="P7_ST00059" HPOS="1617" VPOS="644" WIDTH="73" HEIGHT="25" CONTENT="uns" WC="0.95" CC="660"/>
					</TextLine>
					<TextLine ID="P7_TL00008" HPOS="113" VPOS="702" WIDTH="1575" HEIGHT="52">
						<String ID="P7_ST00060" HPOS="113" VPOS="703" WIDTH="74" HEIGHT="35" CONTENT="seit" WC="1.00" CC="0000"/>
						<SP ID="P7_SP00053" HPOS="187" VPOS="738" WIDTH="27"/>
						<String ID="P7_ST00061" HPOS="214" VPOS="702" WIDTH="116" HEIGHT="48" CONTENT="lange" WC="0.98" CC="10381"/>
						<SP ID="P7_SP00054" HPOS="330" VPOS="750" WIDTH="46"/>
						<String ID="P7_ST00062" HPOS="376" VPOS="705" WIDTH="109" HEIGHT="34" CONTENT="nicht" WC="0.98" CC="03370"/>
						<SP ID="P7_SP00055" HPOS="485" VPOS="750" WIDTH="29"/>
						<String ID="P7_ST00063" HPOS="514" VPOS="717" WIDTH="41" HEIGHT="23" CONTENT="so" WC="0.32" CC="76"/>
						<SP ID="P7_SP00056" HPOS="555" VPOS="750" WIDTH="32"/>
						<String ID="P7_ST00064" HPOS="587" VPOS="705" WIDTH="192" HEIGHT="47" CONTENT="ergriffen," WC="0.99" CC="0040068462"/>
						<SP ID="P7_SP00057" HPOS="779" VPOS="752" WIDTH="39"/>
						<String ID="P7_ST00065" HPOS="818" VPOS="706" WIDTH="73" HEIGHT="34" CONTENT="wie" WC="0.95" CC="039"/>
						<SP ID="P7_SP00058" HPOS="891" VPOS="752" WIDTH="30"/>
						<String ID="P7_ST00066" HPOS="921" VPOS="706" WIDTH="120" HEIGHT="35" CONTENT="durch" WC="0.97" CC="07167"/>
						<SP ID="P7_SP00059" HPOS="1041" VPOS="752" WIDTH="31"/>
						<String ID="P7_ST00067" HPOS="1072" VPOS="706" WIDTH="67" HEIGHT="36" CONTENT="das" WC="1.00" CC="000"/>
						<SP ID="P7_SP00060" HPOS="1139" VPOS="752" WIDTH="30"/>
						<String ID="P7_ST00068" HPOS="1169" VPOS="706" WIDTH="105" HEIGHT="48" CONTENT="Spiel" WC="0.99" CC="70030"/>
						<SP ID="P7_SP00061" HPOS="1274" VPOS="754" WIDTH="30"/>
						<String ID="P7_ST00069" HPOS="1304" VPOS="703" WIDTH="279" HEIGHT="50" CONTENT="Königslöw's," WC="0.79" CC="093100000360"/>
						<SP ID="P7_SP00062" HPOS="1583" VPOS="754" WIDTH="32"/>
						<String ID="P7_ST00070" HPOS="1615" VPOS="704" WIDTH="73" HEIGHT="35" CONTENT="den" WC="0.97" CC="007"/>
					</TextLine>
					<TextLine ID="P7_TL00009" HPOS="113" VPOS="775" WIDTH="1577" HEIGHT="50">
						<String ID="P7_ST00071" HPOS="113" VPOS="775" WIDTH="70" HEIGHT="34" CONTENT="wir" WC="0.96" CC="055"/>
						<SP ID="P7_SP00063" HPOS="183" VPOS="809" WIDTH="28"/>
						<String ID="P7_ST00072" HPOS="211" VPOS="776" WIDTH="70" HEIGHT="35" CONTENT="mit" WC="1.00" CC="000"/>
						<SP ID="P7_SP00064" HPOS="281" VPOS="811" WIDTH="43"/>
						<String ID="P7_ST00073" HPOS="324" VPOS="776" WIDTH="110" HEIGHT="35" CONTENT="nicht" WC="0.97" CC="60560"/>
						<SP ID="P7_SP00065" HPOS="434" VPOS="811" WIDTH="43"/>
						<String ID="P7_ST00074" HPOS="477" VPOS="789" WIDTH="132" HEIGHT="34" CONTENT="genug" WC="0.96" CC="80579"/>
						<SP ID="P7_SP00066" HPOS="609" VPOS="823" WIDTH="35"/>
						<String ID="P7_ST00075" HPOS="644" VPOS="776" WIDTH="105" HEIGHT="35" CONTENT="Stolz" WC="0.99" CC="00620"/>
						<SP ID="P7_SP00067" HPOS="749" VPOS="823" WIDTH="33"/>
						<String ID="P7_ST00076" HPOS="782" VPOS="777" WIDTH="72" HEIGHT="35" CONTENT="den" WC="0.97" CC="034"/>
						<SP ID="P7_SP00068" HPOS="854" VPOS="823" WIDTH="31"/>
						<String ID="P7_ST00077" HPOS="885" VPOS="778" WIDTH="196" HEIGHT="47" CONTENT="Unsrigen" WC="0.67" CC="45303440"/>
						<SP ID="P7_SP00069" HPOS="1081" VPOS="825" WIDTH="29"/>
						<String ID="P7_ST00078" HPOS="1110" VPOS="790" WIDTH="167" HEIGHT="33" CONTENT="nennen," WC="0.98" CC="6075072"/>
						<SP ID="P7_SP00070" HPOS="1277" VPOS="825" WIDTH="49"/>
						<String ID="P7_ST00079" HPOS="1326" VPOS="778" WIDTH="80" HEIGHT="34" CONTENT="und" WC="0.95" CC="770"/>
						<SP ID="P7_SP00071" HPOS="1406" VPOS="825" WIDTH="45"/>
						<String ID="P7_ST00080" HPOS="1451" VPOS="777" WIDTH="67" HEIGHT="35" CONTENT="der" WC="0.98" CC="023"/>
						<SP ID="P7_SP00072" HPOS="1518" VPOS="825" WIDTH="30"/>
						<String ID="P7_ST00081" HPOS="1548" VPOS="776" WIDTH="142" HEIGHT="35" CONTENT="wieder" WC="1.00" CC="001000"/>
					</TextLine>
					<TextLine ID="P7_TL00010" HPOS="112" VPOS="846" WIDTH="1576" HEIGHT="49">
						<String ID="P7_ST00082" HPOS="112" VPOS="846" WIDTH="144" HEIGHT="36" CONTENT="einmal" WC="0.98" CC="504042"/>
						<SP ID="P7_SP00073" HPOS="256" VPOS="882" WIDTH="41"/>
						<String ID="P7_ST00083" HPOS="297" VPOS="847" WIDTH="120" HEIGHT="35" CONTENT="durch" WC="0.96" CC="04957"/>
						<SP ID="P7_SP00074" HPOS="417" VPOS="882" WIDTH="48"/>
						<String ID="P7_ST00084" HPOS="465" VPOS="847" WIDTH="73" HEIGHT="35" CONTENT="den" WC="0.98" CC="005"/>
						<SP ID="P7_SP00075" HPOS="538" VPOS="882" WIDTH="31"/>
						<String ID="P7_ST00085" HPOS="569" VPOS="847" WIDTH="164" HEIGHT="47" CONTENT="Vortrag" WC="0.98" CC="9200046"/>
						<SP ID="P7_SP00076" HPOS="733" VPOS="894" WIDTH="42"/>
						<String ID="P7_ST00086" HPOS="775" VPOS="847" WIDTH="66" HEIGHT="37" CONTENT="des" WC="0.97" CC="034"/>
						<SP ID="P7_SP00077" HPOS="841" VPOS="894" WIDTH="31"/>
						<String ID="P7_ST00087" HPOS="872" VPOS="847" WIDTH="263" HEIGHT="48" CONTENT="Spohr'schen" WC="0.62" CC="70270077512"/>
						<SP ID="P7_SP00078" HPOS="1135" VPOS="895" WIDTH="32"/>
						<String ID="P7_ST00088" HPOS="1167" VPOS="849" WIDTH="212" HEIGHT="35" CONTENT="Concertes" WC="0.58" CC="608132435"/>
						<SP ID="P7_SP00079" HPOS="1379" VPOS="895" WIDTH="44"/>
						<String ID="P7_ST00089" HPOS="1423" VPOS="848" WIDTH="155" HEIGHT="46" CONTENT="gezeigt" WC="0.99" CC="9003300"/>
						<SP ID="P7_SP00080" HPOS="1578" VPOS="895" WIDTH="29"/>
						<String ID="P7_ST00090" HPOS="1607" VPOS="846" WIDTH="81" HEIGHT="45" CONTENT="hat," WC="0.96" CC="7602"/>
					</TextLine>
					<TextLine ID="P7_TL00011" HPOS="408" VPOS="901" WIDTH="8" HEIGHT="14">
						<String ID="P7_ST00091" HPOS="408" VPOS="901" WIDTH="8" HEIGHT="14" CONTENT="V" WC="1.00" CC="9" STYLEREFS="TXT_2"/>
					</TextLine>
					<TextLine ID="P7_TL00012" HPOS="112" VPOS="917" WIDTH="1576" HEIGHT="49">
						<String ID="P7_ST00092" HPOS="112" VPOS="917" WIDTH="88" HEIGHT="36" CONTENT="dass" WC="0.84" CC="0014"/>
						<SP ID="P7_SP00081" HPOS="200" VPOS="953" WIDTH="30"/>
						<String ID="P7_ST00093" HPOS="230" VPOS="929" WIDTH="39" HEIGHT="24" CONTENT="er" WC="0.78" CC="03"/>
						<SP ID="P7_SP00082" HPOS="269" VPOS="953" WIDTH="29"/>
						<String ID="P7_ST00094" HPOS="298" VPOS="919" WIDTH="71" HEIGHT="34" CONTENT="auf" WC="0.98" CC="060"/>
						<SP ID="P7_SP00083" HPOS="369" VPOS="953" WIDTH="26"/>
						<String ID="P7_ST00095" HPOS="395" VPOS="918" WIDTH="65" HEIGHT="35" CONTENT="der" WC="1.00" CC="000"/>
						<SP ID="P7_SP00084" HPOS="460" VPOS="953" WIDTH="29"/>
						<String ID="P7_ST00096" HPOS="489" VPOS="919" WIDTH="115" HEIGHT="34" CONTENT="Höhe" WC="0.95" CC="6565"/>
						<SP ID="P7_SP00085" HPOS="604" VPOS="953" WIDTH="30"/>
						<String ID="P7_ST00097" HPOS="634" VPOS="918" WIDTH="66" HEIGHT="36" CONTENT="der" WC="0.97" CC="025"/>
						<SP ID="P7_SP00086" HPOS="700" VPOS="954" WIDTH="29"/>
						<String ID="P7_ST00098" HPOS="729" VPOS="920" WIDTH="128" HEIGHT="35" CONTENT="Kunst" WC="0.97" CC="06750"/>
						<SP ID="P7_SP00087" HPOS="857" VPOS="955" WIDTH="29"/>
						<String ID="P7_ST00099" HPOS="886" VPOS="920" WIDTH="103" HEIGHT="35" CONTENT="steht" WC="0.98" CC="01370"/>
						<SP ID="P7_SP00088" HPOS="989" VPOS="955" WIDTH="29"/>
						<String ID="P7_ST00100" HPOS="1018" VPOS="920" WIDTH="82" HEIGHT="35" CONTENT="und" WC="0.97" CC="700"/>
						<SP ID="P7_SP00089" HPOS="1100" VPOS="955" WIDTH="29"/>
						<String ID="P7_ST00101" HPOS="1129" VPOS="920" WIDTH="40" HEIGHT="34" CONTENT="in" WC="1.00" CC="00"/>
						<SP ID="P7_SP00090" HPOS="1169" VPOS="955" WIDTH="31"/>
						<String ID="P7_ST00102" HPOS="1200" VPOS="921" WIDTH="128" HEIGHT="34" CONTENT="seiner" WC="0.98" CC="150550"/>
						<SP ID="P7_SP00091" HPOS="1328" VPOS="955" WIDTH="23"/>
						<String ID="P7_ST00103" HPOS="1351" VPOS="920" WIDTH="99" HEIGHT="46" CONTENT="jetzt" WC="0.99" CC="54000"/>
						<SP ID="P7_SP00092" HPOS="1450" VPOS="966" WIDTH="21"/>
						<String ID="P7_ST00104" HPOS="1471" VPOS="917" WIDTH="217" HEIGHT="37" CONTENT="erreichten" WC="0.99" CC="2460007000"/>
					</TextLine>
					<TextLine ID="P7_TL00013" HPOS="112" VPOS="988" WIDTH="1576" HEIGHT="49">
						<String ID="P7_ST00105" HPOS="112" VPOS="988" WIDTH="292" HEIGHT="35" CONTENT="Meisterschaft" WC="1.00" CC="0106010167000"/>
						<SP ID="P7_SP00093" HPOS="404" VPOS="1023" WIDTH="43"/>
						<String ID="P7_ST00106" HPOS="447" VPOS="989" WIDTH="72" HEIGHT="34" CONTENT="den" WC="0.98" CC="004"/>
						<SP ID="P7_SP00094" HPOS="519" VPOS="1023" WIDTH="48"/>
						<String ID="P7_ST00107" HPOS="567" VPOS="992" WIDTH="179" HEIGHT="45" CONTENT="grössten" WC="0.65" CC="09901007"/>
						<SP ID="P7_SP00095" HPOS="746" VPOS="1037" WIDTH="46"/>
						<String ID="P7_ST00108" HPOS="792" VPOS="989" WIDTH="235" HEIGHT="36" CONTENT="Violinisten" WC="0.99" CC="00924850004"/>
						<SP ID="P7_SP00096" HPOS="1027" VPOS="1037" WIDTH="37"/>
						<String ID="P7_ST00109" HPOS="1064" VPOS="1001" WIDTH="161" HEIGHT="24" CONTENT="unserer" WC="0.98" CC="7731605"/>
						<SP ID="P7_SP00097" HPOS="1225" VPOS="1037" WIDTH="27"/>
						<String ID="P7_ST00110" HPOS="1252" VPOS="991" WIDTH="85" HEIGHT="34" CONTENT="Zeit" WC="0.99" CC="4000"/>
						<SP ID="P7_SP00098" HPOS="1337" VPOS="1037" WIDTH="30"/>
						<String ID="P7_ST00111" HPOS="1367" VPOS="990" WIDTH="229" HEIGHT="45" CONTENT="ebenbürtig" WC="0.99" CC="3207400000"/>
						<SP ID="P7_SP00099" HPOS="1596" VPOS="1037" WIDTH="28"/>
						<String ID="P7_ST00112" HPOS="1624" VPOS="988" WIDTH="64" HEIGHT="35" CONTENT="ist." WC="0.96" CC="0664"/>
					</TextLine>
					<TextLine ID="P7_TL00014" HPOS="112" VPOS="1059" WIDTH="1512" HEIGHT="50">
						<String ID="P7_ST00113" HPOS="112" VPOS="1061" WIDTH="80" HEIGHT="34" CONTENT="Das" WC="0.94" CC="086"/>
						<SP ID="P7_SP00100" HPOS="192" VPOS="1095" WIDTH="29"/>
						<String ID="P7_ST00114" HPOS="221" VPOS="1060" WIDTH="152" HEIGHT="46" CONTENT="Adagio" WC="0.98" CC="008940"/>
						<SP ID="P7_SP00101" HPOS="373" VPOS="1106" WIDTH="32"/>
						<String ID="P7_ST00115" HPOS="405" VPOS="1060" WIDTH="79" HEIGHT="35" CONTENT="und" WC="0.95" CC="750"/>
						<SP ID="P7_SP00102" HPOS="484" VPOS="1106" WIDTH="31"/>
						<String ID="P7_ST00116" HPOS="515" VPOS="1059" WIDTH="158" HEIGHT="48" CONTENT="Allegro" WC="0.73" CC="0650006"/>
						<SP ID="P7_SP00103" HPOS="673" VPOS="1107" WIDTH="74"/>
						<String ID="P7_ST00117" HPOS="747" VPOS="1060" WIDTH="67" HEIGHT="36" CONTENT="das" WC="1.00" CC="000"/>
						<SP ID="P7_SP00104" HPOS="814" VPOS="1107" WIDTH="29"/>
						<String ID="P7_ST00118" HPOS="843" VPOS="1062" WIDTH="229" HEIGHT="47" CONTENT="Programm" WC="0.98" CC="69384009"/>
						<SP ID="P7_SP00105" HPOS="1072" VPOS="1109" WIDTH="30"/>
						<String ID="P7_ST00119" HPOS="1102" VPOS="1073" WIDTH="138" HEIGHT="35" CONTENT="zwang" WC="0.97" CC="27760"/>
						<SP ID="P7_SP00106" HPOS="1240" VPOS="1109" WIDTH="30"/>
						<String ID="P7_ST00120" HPOS="1270" VPOS="1073" WIDTH="49" HEIGHT="23" CONTENT="zu" WC="0.57" CC="26"/>
						<SP ID="P7_SP00107" HPOS="1319" VPOS="1109" WIDTH="29"/>
						<String ID="P7_ST00121" HPOS="1348" VPOS="1061" WIDTH="125" HEIGHT="35" CONTENT="dieser" WC="0.98" CC="005434"/>
						<SP ID="P7_SP00108" HPOS="1473" VPOS="1109" WIDTH="27"/>
						<String ID="P7_ST00122" HPOS="1500" VPOS="1059" WIDTH="124" HEIGHT="47" CONTENT="Folge" WC="0.98" CC="61072"/>
						<SP ID="P7_SP00109" HPOS="1624" VPOS="1109" WIDTH="0"/>
					</TextLine>
					<TextLine ID="P7_TL00015" HPOS="112" VPOS="1131" WIDTH="1575" HEIGHT="48">
						<String ID="P7_ST00123" HPOS="112" VPOS="1138" WIDTH="148" HEIGHT="41" CONTENT="erregte" WC="0.99" CC="2103705"/>
						<SP ID="P7_SP00110" HPOS="260" VPOS="1179" WIDTH="44"/>
						<String ID="P7_ST00124" HPOS="304" VPOS="1133" WIDTH="100" HEIGHT="34" CONTENT="denn" WC="0.96" CC="0764"/>
						<SP ID="P7_SP00111" HPOS="404" VPOS="1179" WIDTH="44"/>
						<String ID="P7_ST00125" HPOS="448" VPOS="1133" WIDTH="98" HEIGHT="34" CONTENT="auch" WC="0.95" CC="4747"/>
						<SP ID="P7_SP00112" HPOS="546" VPOS="1179" WIDTH="51"/>
						<String ID="P7_ST00126" HPOS="597" VPOS="1133" WIDTH="113" HEIGHT="34" CONTENT="einen" WC="0.97" CC="50738"/>
						<SP ID="P7_SP00113" HPOS="710" VPOS="1179" WIDTH="30"/>
						<String ID="P7_ST00127" HPOS="740" VPOS="1144" WIDTH="43" HEIGHT="23" CONTENT="so" WC="0.65" CC="24"/>
						<SP ID="P7_SP00114" HPOS="783" VPOS="1179" WIDTH="30"/>
						<String ID="P7_ST00128" HPOS="813" VPOS="1132" WIDTH="296" HEIGHT="35" CONTENT="unwillkürlich" WC="0.99" CC="5740520002067"/>
						<SP ID="P7_SP00115" HPOS="1109" VPOS="1179" WIDTH="29"/>
						<String ID="P7_ST00129" HPOS="1138" VPOS="1131" WIDTH="320" HEIGHT="36" CONTENT="ausbrechenden" WC="0.99" CC="0651305705000"/>
						<SP ID="P7_SP00116" HPOS="1458" VPOS="1179" WIDTH="28"/>
						<String ID="P7_ST00130" HPOS="1486" VPOS="1131" WIDTH="179" HEIGHT="46" CONTENT="allgemei" SUBS_TYPE="HypPart1" SUBS_CONTENT="allgemeinen" WC="0.99" CC="05472050"/>
						<HYP HPOS="1665" VPOS="1131" WIDTH="22" CONTENT="-"/>
					</TextLine>
					<TextLine ID="P7_TL00016" HPOS="110" VPOS="1211" WIDTH="1129" HEIGHT="46">
						<String ID="P7_ST00131" HPOS="110" VPOS="1225" WIDTH="75" HEIGHT="22" CONTENT="nen" SUBS_TYPE="HypPart2" SUBS_CONTENT="allgemeinen" WC="0.96" CC="306"/>
						<SP ID="P7_SP00117" HPOS="185" VPOS="1247" WIDTH="31"/>
						<String ID="P7_ST00132" HPOS="216" VPOS="1213" WIDTH="130" HEIGHT="34" CONTENT="Sturm" WC="0.99" CC="00460"/>
						<SP ID="P7_SP00118" HPOS="346" VPOS="1247" WIDTH="28"/>
						<String ID="P7_ST00133" HPOS="374" VPOS="1224" WIDTH="75" HEIGHT="23" CONTENT="von" WC="0.98" CC="040"/>
						<SP ID="P7_SP00119" HPOS="449" VPOS="1247" WIDTH="32"/>
						<String ID="P7_ST00134" HPOS="481" VPOS="1212" WIDTH="153" HEIGHT="45" CONTENT="Beifall," WC="0.98" CC="03480544"/>
						<SP ID="P7_SP00120" HPOS="634" VPOS="1257" WIDTH="31"/>
						<String ID="P7_ST00135" HPOS="665" VPOS="1214" WIDTH="73" HEIGHT="34" CONTENT="wie" WC="0.94" CC="934"/>
						<SP ID="P7_SP00121" HPOS="738" VPOS="1257" WIDTH="31"/>
						<String ID="P7_ST00136" HPOS="769" VPOS="1223" WIDTH="87" HEIGHT="24" CONTENT="man" WC="0.93" CC="916"/>
						<SP ID="P7_SP00122" HPOS="856" VPOS="1257" WIDTH="32"/>
						<String ID="P7_ST00137" HPOS="888" VPOS="1212" WIDTH="66" HEIGHT="34" CONTENT="ihn" WC="0.95" CC="067"/>
						<SP ID="P7_SP00123" HPOS="954" VPOS="1257" WIDTH="32"/>
						<String ID="P7_ST00138" HPOS="986" VPOS="1211" WIDTH="123" HEIGHT="36" CONTENT="selten" WC="0.97" CC="645037"/>
						<SP ID="P7_SP00124" HPOS="1109" VPOS="1257" WIDTH="30"/>
						<String ID="P7_ST00139" HPOS="1139" VPOS="1211" WIDTH="100" HEIGHT="36" CONTENT="hört." WC="0.98" CC="78000"/>
					</TextLine>
					<TextLine ID="P7_TL00017" HPOS="216" VPOS="1281" WIDTH="1470" HEIGHT="48">
						<String ID="P7_ST00140" HPOS="216" VPOS="1284" WIDTH="205" HEIGHT="35" CONTENT="Zwischen" WC="0.98" CC="33016758"/>
						<SP ID="P7_SP00125" HPOS="421" VPOS="1319" WIDTH="50"/>
						<String ID="P7_ST00141" HPOS="471" VPOS="1282" WIDTH="161" HEIGHT="36" CONTENT="solchen" WC="0.98" CC="6626603"/>
						<SP ID="P7_SP00126" HPOS="632" VPOS="1319" WIDTH="31"/>
						<String ID="P7_ST00142" HPOS="663" VPOS="1283" WIDTH="158" HEIGHT="34" CONTENT="Heroen" WC="0.97" CC="605656"/>
						<SP ID="P7_SP00127" HPOS="821" VPOS="1319" WIDTH="43"/>
						<String ID="P7_ST00143" HPOS="864" VPOS="1282" WIDTH="67" HEIGHT="35" CONTENT="der" WC="0.98" CC="004"/>
						<SP ID="P7_SP00128" HPOS="931" VPOS="1319" WIDTH="44"/>
						<String ID="P7_ST00144" HPOS="975" VPOS="1283" WIDTH="130" HEIGHT="34" CONTENT="Kunst" WC="0.98" CC="06700"/>
						<SP ID="P7_SP00129" HPOS="1105" VPOS="1319" WIDTH="39"/>
						<String ID="P7_ST00145" HPOS="1144" VPOS="1282" WIDTH="106" HEIGHT="35" CONTENT="hatte" WC="0.98" CC="70005"/>
						<SP ID="P7_SP00130" HPOS="1250" VPOS="1319" WIDTH="43"/>
						<String ID="P7_ST00146" HPOS="1293" VPOS="1281" WIDTH="185" HEIGHT="36" CONTENT="Fräulein" WC="0.99" CC="50061007"/>
						<SP ID="P7_SP00131" HPOS="1478" VPOS="1319" WIDTH="41"/>
						<String ID="P7_ST00147" HPOS="1519" VPOS="1283" WIDTH="167" HEIGHT="46" CONTENT="Hayne" WC="0.62" CC="60074"/>
					</TextLine>
					<TextLine ID="P7_TL00018" HPOS="111" VPOS="1353" WIDTH="1576" HEIGHT="47">
						<String ID="P7_ST00148" HPOS="111" VPOS="1357" WIDTH="114" HEIGHT="34" CONTENT="einen" WC="0.97" CC="14647"/>
						<SP ID="P7_SP00132" HPOS="225" VPOS="1391" WIDTH="29"/>
						<String ID="P7_ST00149" HPOS="254" VPOS="1354" WIDTH="200" HEIGHT="36" CONTENT="schweren" WC="0.98" CC="25794046"/>
						<SP ID="P7_SP00133" HPOS="454" VPOS="1391" WIDTH="32"/>
						<String ID="P7_ST00150" HPOS="486" VPOS="1353" WIDTH="141" HEIGHT="43" CONTENT="Stand;" WC="0.96" CC="069776"/>
						<SP ID="P7_SP00134" HPOS="627" VPOS="1396" WIDTH="31"/>
						<String ID="P7_ST00151" HPOS="658" VPOS="1353" WIDTH="61" HEIGHT="35" CONTENT="ihr" WC="0.96" CC="360"/>
						<SP ID="P7_SP00135" HPOS="719" VPOS="1396" WIDTH="34"/>
						<String ID="P7_ST00152" HPOS="753" VPOS="1353" WIDTH="159" HEIGHT="47" CONTENT="Gesang" WC="0.98" CC="904370"/>
						<SP ID="P7_SP00136" HPOS="912" VPOS="1400" WIDTH="30"/>
						<String ID="P7_ST00153" HPOS="942" VPOS="1353" WIDTH="132" HEIGHT="35" CONTENT="wurde" WC="0.99" CC="03003"/>
						<SP ID="P7_SP00137" HPOS="1074" VPOS="1400" WIDTH="28"/>
						<String ID="P7_ST00154" HPOS="1102" VPOS="1353" WIDTH="131" HEIGHT="36" CONTENT="indess" WC="0.51" CC="067219"/>
						<SP ID="P7_SP00138" HPOS="1233" VPOS="1400" WIDTH="27"/>
						<String ID="P7_ST00155" HPOS="1260" VPOS="1366" WIDTH="91" HEIGHT="23" CONTENT="vom" WC="0.98" CC="060"/>
						<SP ID="P7_SP00139" HPOS="1351" VPOS="1400" WIDTH="29"/>
						<String ID="P7_ST00156" HPOS="1380" VPOS="1353" WIDTH="208" HEIGHT="36" CONTENT="Publicum" WC="0.98" CC="77500350"/>
						<SP ID="P7_SP00140" HPOS="1588" VPOS="1400" WIDTH="29"/>
						<String ID="P7_ST00157" HPOS="1617" VPOS="1354" WIDTH="70" HEIGHT="34" CONTENT="mit" WC="1.00" CC="010"/>
					</TextLine>
					<TextLine ID="P7_TL00019" HPOS="111" VPOS="1423" WIDTH="1574" HEIGHT="50">
						<String ID="P7_ST00158" HPOS="111" VPOS="1427" WIDTH="89" HEIGHT="34" CONTENT="sehr" WC="0.98" CC="4060"/>
						<SP ID="P7_SP00141" HPOS="200" VPOS="1461" WIDTH="29"/>
						<String ID="P7_ST00159" HPOS="229" VPOS="1423" WIDTH="339" HEIGHT="37" CONTENT="wohlwollendem" WC="0.99" CC="0071650406010"/>
						<SP ID="P7_SP00142" HPOS="568" VPOS="1461" WIDTH="29"/>
						<String ID="P7_ST00160" HPOS="597" VPOS="1423" WIDTH="176" HEIGHT="49" CONTENT="Applaus" WC="0.98" CC="0091273"/>
						<SP ID="P7_SP00143" HPOS="773" VPOS="1472" WIDTH="31"/>
						<String ID="P7_ST00161" HPOS="804" VPOS="1427" WIDTH="314" HEIGHT="45" CONTENT="aufgenommen." WC="0.99" CC="079956002343"/>
						<SP ID="P7_SP00144" HPOS="1118" VPOS="1472" WIDTH="36"/>
						<String ID="P7_ST00162" HPOS="1154" VPOS="1425" WIDTH="78" HEIGHT="36" CONTENT="Frl." WC="0.96" CC="2943"/>
						<SP ID="P7_SP00145" HPOS="1232" VPOS="1472" WIDTH="30"/>
						<String ID="P7_ST00163" HPOS="1262" VPOS="1425" WIDTH="153" HEIGHT="48" CONTENT="Hayne," WC="0.70" CC="506022"/>
						<SP ID="P7_SP00146" HPOS="1415" VPOS="1473" WIDTH="34"/>
						<String ID="P7_ST00164" HPOS="1449" VPOS="1425" WIDTH="86" HEIGHT="34" CONTENT="eine" WC="0.96" CC="3375"/>
						<SP ID="P7_SP00147" HPOS="1535" VPOS="1473" WIDTH="23"/>
						<String ID="P7_ST00165" HPOS="1558" VPOS="1425" WIDTH="127" HEIGHT="47" CONTENT="junge" WC="0.97" CC="56704"/>
					</TextLine>
					<TextLine ID="P7_TL00020" HPOS="109" VPOS="1494" WIDTH="1576" HEIGHT="51">
						<String ID="P7_ST00166" HPOS="109" VPOS="1497" WIDTH="279" HEIGHT="48" CONTENT="Engländerin," WC="0.99" CC="070603060454"/>
						<SP ID="P7_SP00148" HPOS="388" VPOS="1545" WIDTH="32"/>
						<String ID="P7_ST00167" HPOS="420" VPOS="1495" WIDTH="205" HEIGHT="36" CONTENT="Schülerin" WC="0.99" CC="747004008"/>
						<SP ID="P7_SP00149" HPOS="625" VPOS="1545" WIDTH="31"/>
						<String ID="P7_ST00168" HPOS="656" VPOS="1495" WIDTH="66" HEIGHT="36" CONTENT="des" WC="0.98" CC="024"/>
						<SP ID="P7_SP00150" HPOS="722" VPOS="1545" WIDTH="28"/>
						<String ID="P7_ST00169" HPOS="750" VPOS="1495" WIDTH="176" HEIGHT="48" CONTENT="hiesigen" WC="0.98" CC="74342071"/>
						<SP ID="P7_SP00151" HPOS="926" VPOS="1545" WIDTH="33"/>
						<String ID="P7_ST00170" HPOS="959" VPOS="1496" WIDTH="377" HEIGHT="44" CONTENT="Conservatoriums," WC="0.55" CC="7965020096947003"/>
						<SP ID="P7_SP00152" HPOS="1336" VPOS="1545" WIDTH="35"/>
						<String ID="P7_ST00171" HPOS="1371" VPOS="1495" WIDTH="66" HEIGHT="35" CONTENT="hat" WC="0.91" CC="797"/>
						<SP ID="P7_SP00153" HPOS="1437" VPOS="1545" WIDTH="37"/>
						<String ID="P7_ST00172" HPOS="1474" VPOS="1496" WIDTH="87" HEIGHT="34" CONTENT="eine" WC="0.98" CC="4034"/>
						<SP ID="P7_SP00154" HPOS="1561" VPOS="1545" WIDTH="36"/>
						<String ID="P7_ST00173" HPOS="1597" VPOS="1494" WIDTH="88" HEIGHT="36" CONTENT="sehr" WC="0.95" CC="0479"/>
					</TextLine>
					<TextLine ID="P7_TL00021" HPOS="111" VPOS="1566" WIDTH="1575" HEIGHT="49">
						<String ID="P7_ST00174" HPOS="111" VPOS="1568" WIDTH="241" HEIGHT="47" CONTENT="angenehme" WC="0.99" CC="070051700"/>
						<SP ID="P7_SP00155" HPOS="352" VPOS="1615" WIDTH="30"/>
						<String ID="P7_ST00175" HPOS="382" VPOS="1567" WIDTH="81" HEIGHT="35" CONTENT="und" WC="0.92" CC="669"/>
						<SP ID="P7_SP00156" HPOS="463" VPOS="1615" WIDTH="30"/>
						<String ID="P7_ST00176" HPOS="493" VPOS="1566" WIDTH="291" HEIGHT="35" CONTENT="wohllautende" WC="0.99" CC="047440700604"/>
						<SP ID="P7_SP00157" HPOS="784" VPOS="1615" WIDTH="32"/>
						<String ID="P7_ST00177" HPOS="816" VPOS="1567" WIDTH="328" HEIGHT="46" CONTENT="Sopranstimme;" WC="0.99" CC="0400791020055"/>
						<SP ID="P7_SP00158" HPOS="1144" VPOS="1615" WIDTH="29"/>
						<String ID="P7_ST00178" HPOS="1173" VPOS="1567" WIDTH="63" HEIGHT="35" CONTENT="ihr" WC="0.95" CC="274"/>
						<SP ID="P7_SP00159" HPOS="1236" VPOS="1615" WIDTH="29"/>
						<String ID="P7_ST00179" HPOS="1265" VPOS="1567" WIDTH="220" HEIGHT="35" CONTENT="Tonansatz" WC="0.99" CC="017005003"/>
						<SP ID="P7_SP00160" HPOS="1485" VPOS="1615" WIDTH="28"/>
						<String ID="P7_ST00180" HPOS="1513" VPOS="1567" WIDTH="52" HEIGHT="34" CONTENT="ist" WC="0.99" CC="020"/>
						<SP ID="P7_SP00161" HPOS="1565" VPOS="1615" WIDTH="39"/>
						<String ID="P7_ST00181" HPOS="1604" VPOS="1569" WIDTH="82" HEIGHT="44" CONTENT="gut," WC="0.98" CC="0504"/>
					</TextLine>
					<TextLine ID="P7_TL00022" HPOS="111" VPOS="1636" WIDTH="1573" HEIGHT="49">
						<String ID="P7_ST00182" HPOS="111" VPOS="1639" WIDTH="142" HEIGHT="36" CONTENT="ebenso" WC="0.98" CC="310636"/>
						<SP ID="P7_SP00162" HPOS="253" VPOS="1675" WIDTH="34"/>
						<String ID="P7_ST00183" HPOS="287" VPOS="1637" WIDTH="61" HEIGHT="36" CONTENT="die" WC="0.97" CC="025"/>
						<SP ID="P7_SP00163" HPOS="348" VPOS="1675" WIDTH="29"/>
						<String ID="P7_ST00184" HPOS="377" VPOS="1637" WIDTH="172" HEIGHT="48" CONTENT="Egalität" WC="0.99" CC="30015060"/>
						<SP ID="P7_SP00164" HPOS="549" VPOS="1685" WIDTH="30"/>
						<String ID="P7_ST00185" HPOS="579" VPOS="1637" WIDTH="68" HEIGHT="35" CONTENT="der" WC="0.91" CC="849"/>
						<SP ID="P7_SP00165" HPOS="647" VPOS="1685" WIDTH="28"/>
						<String ID="P7_ST00186" HPOS="675" VPOS="1639" WIDTH="121" HEIGHT="44" CONTENT="Töne," WC="0.99" CC="00503"/>
						<SP ID="P7_SP00166" HPOS="796" VPOS="1685" WIDTH="34"/>
						<String ID="P7_ST00187" HPOS="830" VPOS="1650" WIDTH="76" HEIGHT="24" CONTENT="von" WC="0.98" CC="040"/>
						<SP ID="P7_SP00167" HPOS="906" VPOS="1685" WIDTH="31"/>
						<String ID="P7_ST00188" HPOS="937" VPOS="1639" WIDTH="125" HEIGHT="35" CONTENT="denen" WC="0.99" CC="03400"/>
						<SP ID="P7_SP00168" HPOS="1062" VPOS="1685" WIDTH="30"/>
						<String ID="P7_ST00189" HPOS="1092" VPOS="1650" WIDTH="74" HEIGHT="24" CONTENT="nur" WC="0.93" CC="774"/>
						<SP ID="P7_SP00169" HPOS="1166" VPOS="1685" WIDTH="30"/>
						<String ID="P7_ST00190" HPOS="1196" VPOS="1639" WIDTH="107" HEIGHT="34" CONTENT="einer" WC="0.99" CC="00340"/>
						<SP ID="P7_SP00170" HPOS="1303" VPOS="1685" WIDTH="29"/>
						<String ID="P7_ST00191" HPOS="1332" VPOS="1637" WIDTH="92" HEIGHT="37" CONTENT="oder" WC="0.98" CC="5010"/>
						<SP ID="P7_SP00171" HPOS="1424" VPOS="1685" WIDTH="22"/>
						<String ID="P7_ST00192" HPOS="1446" VPOS="1637" WIDTH="98" HEIGHT="35" CONTENT="zwei" WC="0.98" CC="4030"/>
						<SP ID="P7_SP00172" HPOS="1544" VPOS="1685" WIDTH="38"/>
						<String ID="P7_ST00193" HPOS="1582" VPOS="1636" WIDTH="102" HEIGHT="34" CONTENT="noch" WC="0.95" CC="6646"/>
					</TextLine>
					<TextLine ID="P7_TL00023" HPOS="110" VPOS="1707" WIDTH="1573" HEIGHT="50">
						<String ID="P7_ST00194" HPOS="110" VPOS="1712" WIDTH="66" HEIGHT="35" CONTENT="der" WC="0.91" CC="939"/>
						<SP ID="P7_SP00173" HPOS="176" VPOS="1747" WIDTH="28"/>
						<String ID="P7_ST00195" HPOS="204" VPOS="1710" WIDTH="222" HEIGHT="47" CONTENT="Milderung" WC="0.99" CC="000010670"/>
						<SP ID="P7_SP00174" HPOS="426" VPOS="1757" WIDTH="29"/>
						<String ID="P7_ST00196" HPOS="455" VPOS="1708" WIDTH="201" HEIGHT="37" CONTENT="bedürfen." WC="0.99" CC="441000464"/>
						<SP ID="P7_SP00175" HPOS="656" VPOS="1757" WIDTH="58"/>
						<String ID="P7_ST00197" HPOS="714" VPOS="1709" WIDTH="74" HEIGHT="34" CONTENT="Die" WC="1.00" CC="000"/>
						<SP ID="P7_SP00176" HPOS="788" VPOS="1757" WIDTH="29"/>
						<String ID="P7_ST00198" HPOS="817" VPOS="1710" WIDTH="93" HEIGHT="34" CONTENT="Arie" WC="0.97" CC="0056"/>
						<SP ID="P7_SP00177" HPOS="910" VPOS="1757" WIDTH="28"/>
						<String ID="P7_ST00199" HPOS="938" VPOS="1710" WIDTH="39" HEIGHT="33" CONTENT="in" WC="0.63" CC="07"/>
						<SP ID="P7_SP00178" HPOS="977" VPOS="1757" WIDTH="31"/>
						<String ID="P7_ST00200" HPOS="1008" VPOS="1707" WIDTH="155" HEIGHT="37" CONTENT="B-dur:" WC="0.42" CC="740579" STYLEREFS="TXT_3"/>
						<SP ID="P7_SP00179" HPOS="1163" VPOS="1757" WIDTH="35"/>
						<String ID="P7_ST00201" HPOS="1198" VPOS="1709" WIDTH="111" HEIGHT="48" CONTENT="„Nun" WC="0.97" CC="2026"/>
						<SP ID="P7_SP00180" HPOS="1309" VPOS="1757" WIDTH="29"/>
						<String ID="P7_ST00202" HPOS="1338" VPOS="1708" WIDTH="93" HEIGHT="36" CONTENT="baut" WC="0.97" CC="5060"/>
						<SP ID="P7_SP00181" HPOS="1431" VPOS="1757" WIDTH="43"/>
						<String ID="P7_ST00203" HPOS="1474" VPOS="1708" WIDTH="61" HEIGHT="34" CONTENT="die" WC="0.98" CC="032"/>
						<SP ID="P7_SP00182" HPOS="1535" VPOS="1757" WIDTH="29"/>
						<String ID="P7_ST00204" HPOS="1564" VPOS="1707" WIDTH="119" HEIGHT="35" CONTENT='Flur"' WC="0.96" CC="33694"/>
					</TextLine>
					<TextLine ID="P7_TL00024" HPOS="110" VPOS="1780" WIDTH="1362" HEIGHT="50">
						<String ID="P7_ST00205" HPOS="110" VPOS="1795" WIDTH="70" HEIGHT="23" CONTENT="aus" WC="0.97" CC="062"/>
						<SP ID="P7_SP00183" HPOS="180" VPOS="1818" WIDTH="46"/>
						<String ID="P7_ST00206" HPOS="226" VPOS="1781" WIDTH="177" HEIGHT="49" CONTENT="Haydn's" WC="0.71" CC="6000705"/>
						<SP ID="P7_SP00184" HPOS="403" VPOS="1830" WIDTH="55"/>
						<String ID="P7_ST00207" HPOS="458" VPOS="1780" WIDTH="290" HEIGHT="48" CONTENT='„Schöpfung",' WC="0.99" CC="270600068844"/>
						<SP ID="P7_SP00185" HPOS="748" VPOS="1830" WIDTH="49"/>
						<String ID="P7_ST00208" HPOS="797" VPOS="1781" WIDTH="188" HEIGHT="35" CONTENT="erfordert" WC="0.99" CC="050690200"/>
						<SP ID="P7_SP00186" HPOS="985" VPOS="1830" WIDTH="43"/>
						<String ID="P7_ST00209" HPOS="1028" VPOS="1781" WIDTH="91" HEIGHT="35" CONTENT="aber" WC="0.99" CC="0310"/>
						<SP ID="P7_SP00187" HPOS="1119" VPOS="1830" WIDTH="42"/>
						<String ID="P7_ST00210" HPOS="1161" VPOS="1780" WIDTH="155" HEIGHT="35" CONTENT="freilich" WC="0.98" CC="45031067"/>
						<SP ID="P7_SP00188" HPOS="1316" VPOS="1830" WIDTH="43"/>
						<String ID="P7_ST00211" HPOS="1359" VPOS="1780" WIDTH="113" HEIGHT="34" CONTENT="einen" WC="0.98" CC="00741"/>
						<SP ID="P7_SP00189" HPOS="1472" VPOS="1830" WIDTH="0"/>
					</TextLine>
					<TextLine ID="P7_TL00025" HPOS="110" VPOS="1849" WIDTH="1575" HEIGHT="51">
						<String ID="P7_ST00212" HPOS="110" VPOS="1855" WIDTH="87" HEIGHT="36" CONTENT="dem" WC="0.99" CC="020"/>
						<SP ID="P7_SP00190" HPOS="197" VPOS="1891" WIDTH="30"/>
						<String ID="P7_ST00213" HPOS="227" VPOS="1856" WIDTH="86" HEIGHT="33" CONTENT="eine" WC="0.98" CC="3003"/>
						<SP ID="P7_SP00191" HPOS="313" VPOS="1891" WIDTH="30"/>
						<String ID="P7_ST00214" HPOS="343" VPOS="1854" WIDTH="244" HEIGHT="46" CONTENT="Anfängerin" WC="0.99" CC="0600805407"/>
						<SP ID="P7_SP00192" HPOS="587" VPOS="1900" WIDTH="31"/>
						<String ID="P7_ST00215" HPOS="618" VPOS="1852" WIDTH="230" HEIGHT="47" CONTENT="unmöglich" WC="0.98" CC="680005757"/>
						<SP ID="P7_SP00193" HPOS="848" VPOS="1900" WIDTH="27"/>
						<String ID="P7_ST00216" HPOS="875" VPOS="1853" WIDTH="234" HEIGHT="46" CONTENT="gewachsen" WC="0.99" CC="060037607"/>
						<SP ID="P7_SP00194" HPOS="1109" VPOS="1900" WIDTH="31"/>
						<String ID="P7_ST00217" HPOS="1140" VPOS="1853" WIDTH="82" HEIGHT="35" CONTENT="sein" WC="0.97" CC="7007"/>
						<SP ID="P7_SP00195" HPOS="1222" VPOS="1900" WIDTH="31"/>
						<String ID="P7_ST00218" HPOS="1253" VPOS="1851" WIDTH="119" HEIGHT="44" CONTENT="kann," WC="0.97" CC="06572"/>
						<SP ID="P7_SP00196" HPOS="1372" VPOS="1900" WIDTH="46"/>
						<String ID="P7_ST00219" HPOS="1418" VPOS="1851" WIDTH="49" HEIGHT="35" CONTENT="da" WC="1.00" CC="00"/>
						<SP ID="P7_SP00197" HPOS="1467" VPOS="1900" WIDTH="29"/>
						<String ID="P7_ST00220" HPOS="1496" VPOS="1861" WIDTH="39" HEIGHT="25" CONTENT="es" WC="0.76" CC="40"/>
						<SP ID="P7_SP00198" HPOS="1535" VPOS="1900" WIDTH="30"/>
						<String ID="P7_ST00221" HPOS="1565" VPOS="1849" WIDTH="120" HEIGHT="37" CONTENT="selbst" WC="0.97" CC="252654"/>
					</TextLine>
					<TextLine ID="P7_TL00026" HPOS="108" VPOS="1921" WIDTH="1576" HEIGHT="50">
						<String ID="P7_ST00222" HPOS="108" VPOS="1927" WIDTH="61" HEIGHT="36" CONTENT="für" WC="0.93" CC="099"/>
						<SP ID="P7_SP00199" HPOS="169" VPOS="1963" WIDTH="47"/>
						<String ID="P7_ST00223" HPOS="216" VPOS="1928" WIDTH="86" HEIGHT="33" CONTENT="eine" WC="0.97" CC="0075"/>
						<SP ID="P7_SP00200" HPOS="302" VPOS="1963" WIDTH="45"/>
						<String ID="P7_ST00224" HPOS="347" VPOS="1924" WIDTH="320" HEIGHT="47" CONTENT="durchgebildete" WC="0.99" CC="07057014046605"/>
						<SP ID="P7_SP00201" HPOS="667" VPOS="1971" WIDTH="43"/>
						<String ID="P7_ST00225" HPOS="710" VPOS="1922" WIDTH="230" HEIGHT="36" CONTENT="Künstlerin" WC="0.99" CC="0074833607"/>
						<SP ID="P7_SP00202" HPOS="940" VPOS="1971" WIDTH="49"/>
						<String ID="P7_ST00226" HPOS="989" VPOS="1922" WIDTH="116" HEIGHT="36" CONTENT="keine" WC="0.99" CC="03300"/>
						<SP ID="P7_SP00203" HPOS="1105" VPOS="1971" WIDTH="28"/>
						<String ID="P7_ST00227" HPOS="1133" VPOS="1922" WIDTH="144" HEIGHT="36" CONTENT="leichte" WC="0.98" CC="4606703"/>
						<SP ID="P7_SP00204" HPOS="1277" VPOS="1971" WIDTH="31"/>
						<String ID="P7_ST00228" HPOS="1308" VPOS="1922" WIDTH="181" HEIGHT="48" CONTENT="Aufgabe" WC="0.98" CC="0700754"/>
						<SP ID="P7_SP00205" HPOS="1489" VPOS="1971" WIDTH="29"/>
						<String ID="P7_ST00229" HPOS="1518" VPOS="1922" WIDTH="61" HEIGHT="47" CONTENT="ist," WC="0.98" CC="1404"/>
						<SP ID="P7_SP00206" HPOS="1579" VPOS="1971" WIDTH="44"/>
						<String ID="P7_ST00230" HPOS="1623" VPOS="1921" WIDTH="61" HEIGHT="34" CONTENT="die" WC="0.97" CC="044"/>
					</TextLine>
					<TextLine ID="P7_TL00027" HPOS="108" VPOS="1992" WIDTH="1576" HEIGHT="49">
						<String ID="P7_ST00231" HPOS="108" VPOS="1997" WIDTH="156" HEIGHT="36" CONTENT="einfach" WC="0.98" CC="4692047"/>
						<SP ID="P7_SP00207" HPOS="264" VPOS="2033" WIDTH="46"/>
						<String ID="P7_ST00232" HPOS="310" VPOS="1995" WIDTH="101" HEIGHT="36" CONTENT="hohe" WC="0.95" CC="7674"/>
						<SP ID="P7_SP00208" HPOS="411" VPOS="2033" WIDTH="43"/>
						<String ID="P7_ST00233" HPOS="454" VPOS="1994" WIDTH="215" HEIGHT="36" CONTENT="Schönheit" WC="0.98" CC="960097200"/>
						<SP ID="P7_SP00209" HPOS="669" VPOS="2033" WIDTH="43"/>
						<String ID="P7_ST00234" HPOS="712" VPOS="1994" WIDTH="66" HEIGHT="34" CONTENT="der" WC="0.96" CC="009"/>
						<SP ID="P7_SP00210" HPOS="778" VPOS="2033" WIDTH="27"/>
						<String ID="P7_ST00235" HPOS="805" VPOS="1993" WIDTH="173" HEIGHT="36" CONTENT="Melodie" WC="0.99" CC="0026044"/>
						<SP ID="P7_SP00211" HPOS="978" VPOS="2033" WIDTH="44"/>
						<String ID="P7_ST00236" HPOS="1022" VPOS="1993" WIDTH="335" HEIGHT="48" CONTENT="wiederzugeben." WC="0.99" CC="00004906016074"/>
						<SP ID="P7_SP00212" HPOS="1357" VPOS="2041" WIDTH="59"/>
						<String ID="P7_ST00237" HPOS="1416" VPOS="1992" WIDTH="155" HEIGHT="36" CONTENT="Wollen" WC="0.98" CC="042637"/>
						<SP ID="P7_SP00213" HPOS="1571" VPOS="2041" WIDTH="44"/>
						<String ID="P7_ST00238" HPOS="1615" VPOS="1993" WIDTH="69" HEIGHT="34" CONTENT="wir" WC="1.00" CC="000"/>
					</TextLine>
					<TextLine ID="P7_TL00028" HPOS="108" VPOS="2063" WIDTH="1576" HEIGHT="42">
						<String ID="P7_ST00239" HPOS="108" VPOS="2069" WIDTH="101" HEIGHT="36" CONTENT="auch" WC="0.96" CC="0657"/>
						<SP ID="P7_SP00214" HPOS="209" VPOS="2105" WIDTH="36"/>
						<String ID="P7_ST00240" HPOS="245" VPOS="2068" WIDTH="112" HEIGHT="35" CONTENT="nicht" WC="0.96" CC="04777"/>
						<SP ID="P7_SP00215" HPOS="357" VPOS="2105" WIDTH="46"/>
						<String ID="P7_ST00241" HPOS="403" VPOS="2067" WIDTH="60" HEIGHT="35" CONTENT="die" WC="1.00" CC="001"/>
						<SP ID="P7_SP00216" HPOS="463" VPOS="2105" WIDTH="42"/>
						<String ID="P7_ST00242" HPOS="505" VPOS="2067" WIDTH="175" HEIGHT="34" CONTENT="feineren" WC="0.99" CC="15010346"/>
						<SP ID="P7_SP00217" HPOS="680" VPOS="2105" WIDTH="30"/>
						<String ID="P7_ST00243" HPOS="710" VPOS="2066" WIDTH="188" HEIGHT="35" CONTENT="Nuancen" WC="0.97" CC="4578608"/>
						<SP ID="P7_SP00218" HPOS="898" VPOS="2105" WIDTH="30"/>
						<String ID="P7_ST00244" HPOS="928" VPOS="2065" WIDTH="67" HEIGHT="35" CONTENT="des" WC="1.00" CC="000"/>
						<SP ID="P7_SP00219" HPOS="995" VPOS="2105" WIDTH="29"/>
						<String ID="P7_ST00245" HPOS="1024" VPOS="2064" WIDTH="306" HEIGHT="36" CONTENT="verschiedenen" WC="0.99" CC="0098770600532"/>
						<SP ID="P7_SP00220" HPOS="1330" VPOS="2105" WIDTH="29"/>
						<String ID="P7_ST00246" HPOS="1359" VPOS="2063" WIDTH="231" HEIGHT="37" CONTENT="Ausdrucks" WC="0.99" CC="075003400"/>
						<SP ID="P7_SP00221" HPOS="1590" VPOS="2105" WIDTH="28"/>
						<String ID="P7_ST00247" HPOS="1618" VPOS="2063" WIDTH="66" HEIGHT="35" CONTENT="der" WC="0.97" CC="025"/>
					</TextLine>
					<TextLine ID="P7_TL00029" HPOS="1412" VPOS="2111" WIDTH="181" HEIGHT="22">
						<String ID="P7_ST00248" HPOS="1412" VPOS="2111" WIDTH="15" HEIGHT="22" CONTENT="N" WC="0.26" CC="7"/>
						<SP ID="P7_SP00222" HPOS="1427" VPOS="2133" WIDTH="164"/>
						<String ID="P7_ST00249" HPOS="1591" VPOS="2111" WIDTH="2" HEIGHT="22" CONTENT="-" WC="0.57" CC="4"/>
					</TextLine>
					<TextLine ID="P7_TL00030" HPOS="107" VPOS="2134" WIDTH="1577" HEIGHT="49">
						<String ID="P7_ST00250" HPOS="107" VPOS="2139" WIDTH="125" HEIGHT="44" CONTENT="Fülle," WC="0.99" CC="301503"/>
						<SP ID="P7_SP00223" HPOS="232" VPOS="2183" WIDTH="31"/>
						<String ID="P7_ST00251" HPOS="263" VPOS="2139" WIDTH="66" HEIGHT="35" CONTENT="der" WC="0.97" CC="016"/>
						<SP ID="P7_SP00224" HPOS="329" VPOS="2183" WIDTH="30"/>
						<String ID="P7_ST00252" HPOS="359" VPOS="2138" WIDTH="188" HEIGHT="43" CONTENT="Anmuth," WC="0.65" CC="0606370"/>
						<SP ID="P7_SP00225" HPOS="547" VPOS="2183" WIDTH="32"/>
						<String ID="P7_ST00253" HPOS="579" VPOS="2136" WIDTH="66" HEIGHT="35" CONTENT="der" WC="0.94" CC="049"/>
						<SP ID="P7_SP00226" HPOS="645" VPOS="2183" WIDTH="29"/>
						<String ID="P7_ST00254" HPOS="674" VPOS="2136" WIDTH="264" HEIGHT="35" CONTENT="Erhabenheit" WC="0.99" CC="06700174320"/>
						<SP ID="P7_SP00227" HPOS="938" VPOS="2183" WIDTH="41"/>
						<String ID="P7_ST00255" HPOS="979" VPOS="2137" WIDTH="41" HEIGHT="33" CONTENT="in" WC="0.77" CC="40"/>
						<SP ID="P7_SP00228" HPOS="1020" VPOS="2183" WIDTH="43"/>
						<String ID="P7_ST00256" HPOS="1063" VPOS="2136" WIDTH="66" HEIGHT="34" CONTENT="der" WC="0.98" CC="040"/>
						<SP ID="P7_SP00229" HPOS="1129" VPOS="2183" WIDTH="31"/>
						<String ID="P7_ST00257" HPOS="1160" VPOS="2135" WIDTH="260" HEIGHT="47" CONTENT="Schilderung" WC="0.99" CC="04703000679"/>
						<SP ID="P7_SP00230" HPOS="1420" VPOS="2183" WIDTH="47"/>
						<String ID="P7_ST00258" HPOS="1467" VPOS="2134" WIDTH="66" HEIGHT="35" CONTENT="der" WC="0.95" CC="038"/>
						<SP ID="P7_SP00231" HPOS="1533" VPOS="2183" WIDTH="29"/>
						<String ID="P7_ST00259" HPOS="1562" VPOS="2134" WIDTH="122" HEIGHT="35" CONTENT="Natur" WC="0.97" CC="60675"/>
					</TextLine>
					<TextLine ID="P7_TL00031" HPOS="107" VPOS="2202" WIDTH="1577" HEIGHT="56">
						<String ID="P7_ST00260" HPOS="107" VPOS="2211" WIDTH="227" HEIGHT="47" CONTENT="verlangen," WC="0.98" CC="0096090674"/>
						<SP ID="P7_SP00232" HPOS="334" VPOS="2258" WIDTH="32"/>
						<String ID="P7_ST00261" HPOS="366" VPOS="2208" WIDTH="101" HEIGHT="36" CONTENT="auch" WC="0.96" CC="0367"/>
						<SP ID="P7_SP00233" HPOS="467" VPOS="2258" WIDTH="30"/>
						<String ID="P7_ST00262" HPOS="497" VPOS="2208" WIDTH="220" HEIGHT="47" CONTENT="abgesehen" WC="0.99" CC="070060715"/>
						<SP ID="P7_SP00234" HPOS="717" VPOS="2258" WIDTH="31"/>
						<String ID="P7_ST00263" HPOS="748" VPOS="2219" WIDTH="77" HEIGHT="23" CONTENT="von" WC="0.97" CC="060"/>
						<SP ID="P7_SP00235" HPOS="825" VPOS="2258" WIDTH="30"/>
						<String ID="P7_ST00264" HPOS="855" VPOS="2207" WIDTH="87" HEIGHT="35" CONTENT="dem" WC="0.96" CC="650"/>
						<SP ID="P7_SP00236" HPOS="942" VPOS="2258" WIDTH="28"/>
						<String ID="P7_ST00265" HPOS="970" VPOS="2208" WIDTH="40" HEIGHT="33" CONTENT="in" WC="0.90" CC="01"/>
						<SP ID="P7_SP00237" HPOS="1010" VPOS="2258" WIDTH="45"/>
						<String ID="P7_ST00266" HPOS="1055" VPOS="2206" WIDTH="66" HEIGHT="36" CONTENT="der" WC="1.00" CC="000"/>
						<SP ID="P7_SP00238" HPOS="1121" VPOS="2258" WIDTH="27"/>
						<String ID="P7_ST00267" HPOS="1148" VPOS="2206" WIDTH="121" HEIGHT="47" CONTENT="Figur" WC="0.97" CC="56850"/>
						<SP ID="P7_SP00239" HPOS="1269" VPOS="2258" WIDTH="41"/>
						<String ID="P7_ST00268" HPOS="1310" VPOS="2206" WIDTH="67" HEIGHT="35" CONTENT="der" WC="1.00" CC="000"/>
						<SP ID="P7_SP00240" HPOS="1377" VPOS="2258" WIDTH="28"/>
						<String ID="P7_ST00269" HPOS="1405" VPOS="2202" WIDTH="279" HEIGHT="39" CONTENT="Sechszehntel" WC="0.99" CC="730540477230"/>
					</TextLine>
					<TextLine ID="P7_TL00032" HPOS="106" VPOS="2277" WIDTH="1574" HEIGHT="56">
						<String ID="P7_ST00270" HPOS="106" VPOS="2297" WIDTH="100" HEIGHT="36" CONTENT="ganz" WC="0.98" CC="0070"/>
						<SP ID="P7_SP00241" HPOS="206" VPOS="2333" WIDTH="43"/>
						<String ID="P7_ST00271" HPOS="249" VPOS="2282" WIDTH="270" HEIGHT="49" CONTENT="ungehörigen" WC="0.99" CC="78007060007"/>
						<SP ID="P7_SP00242" HPOS="519" VPOS="2333" WIDTH="30"/>
						<String ID="P7_ST00272" HPOS="549" VPOS="2279" WIDTH="198" HEIGHT="37" CONTENT="Anhalten" WC="0.99" CC="06703106"/>
						<SP ID="P7_SP00243" HPOS="747" VPOS="2333" WIDTH="50"/>
						<String ID="P7_ST00273" HPOS="797" VPOS="2279" WIDTH="65" HEIGHT="35" CONTENT="des" WC="0.99" CC="003"/>
						<SP ID="P7_SP00244" HPOS="862" VPOS="2333" WIDTH="30"/>
						<String ID="P7_ST00274" HPOS="892" VPOS="2279" WIDTH="128" HEIGHT="35" CONTENT="hohen" WC="0.97" CC="60747"/>
						<SP ID="P7_SP00245" HPOS="1020" VPOS="2333" WIDTH="111"/>
						<String ID="P7_ST00275" HPOS="1131" VPOS="2290" WIDTH="41" HEIGHT="24" CONTENT="so" WC="0.75" CC="22"/>
						<SP ID="P7_SP00246" HPOS="1172" VPOS="2333" WIDTH="41"/>
						<String ID="P7_ST00276" HPOS="1213" VPOS="2278" WIDTH="136" HEIGHT="35" CONTENT="dürfen" WC="0.99" CC="000046"/>
						<SP ID="P7_SP00247" HPOS="1349" VPOS="2333" WIDTH="31"/>
						<String ID="P7_ST00277" HPOS="1380" VPOS="2279" WIDTH="70" HEIGHT="34" CONTENT="wir" WC="0.97" CC="025"/>
						<SP ID="P7_SP00248" HPOS="1450" VPOS="2333" WIDTH="29"/>
						<String ID="P7_ST00278" HPOS="1479" VPOS="2277" WIDTH="98" HEIGHT="37" CONTENT="doch" WC="0.96" CC="0357"/>
						<SP ID="P7_SP00249" HPOS="1577" VPOS="2333" WIDTH="31"/>
						<String ID="P7_ST00279" HPOS="1608" VPOS="2277" WIDTH="72" HEIGHT="35" CONTENT="den" WC="0.96" CC="027"/>
					</TextLine>
					<TextLine ID="P7_TL00033" HPOS="107" VPOS="2349" WIDTH="1575" HEIGHT="47">
						<String ID="P7_ST00280" HPOS="107" VPOS="2357" WIDTH="305" HEIGHT="37" CONTENT="entschiedenen" WC="0.99" CC="1605570003007"/>
						<SP ID="P7_SP00250" HPOS="412" VPOS="2394" WIDTH="30"/>
						<String ID="P7_ST00281" HPOS="442" VPOS="2352" WIDTH="123" HEIGHT="37" CONTENT="Tadel" WC="0.98" CC="08004"/>
						<SP ID="P7_SP00251" HPOS="565" VPOS="2394" WIDTH="30"/>
						<String ID="P7_ST00282" HPOS="595" VPOS="2352" WIDTH="67" HEIGHT="35" CONTENT="des" WC="1.00" CC="000"/>
						<SP ID="P7_SP00252" HPOS="662" VPOS="2394" WIDTH="30"/>
						<String ID="P7_ST00283" HPOS="692" VPOS="2351" WIDTH="206" HEIGHT="36" CONTENT="Schlusses" WC="0.98" CC="066576074"/>
						<SP ID="P7_SP00253" HPOS="898" VPOS="2394" WIDTH="30"/>
						<String ID="P7_ST00284" HPOS="928" VPOS="2350" WIDTH="109" HEIGHT="36" CONTENT="nicht" WC="0.97" CC="00577"/>
						<SP ID="P7_SP00254" HPOS="1037" VPOS="2394" WIDTH="31"/>
						<String ID="P7_ST00285" HPOS="1068" VPOS="2350" WIDTH="296" HEIGHT="46" CONTENT="zurückhalten," WC="0.99" CC="0701697840162"/>
						<SP ID="P7_SP00255" HPOS="1364" VPOS="2396" WIDTH="35"/>
						<String ID="P7_ST00286" HPOS="1399" VPOS="2349" WIDTH="66" HEIGHT="37" CONTENT="bei" WC="0.95" CC="444"/>
						<SP ID="P7_SP00256" HPOS="1465" VPOS="2396" WIDTH="27"/>
						<String ID="P7_ST00287" HPOS="1492" VPOS="2349" WIDTH="190" HEIGHT="36" CONTENT="welchem" WC="0.99" CC="0026700"/>
					</TextLine>
					<TextLine ID="P7_TL00034" HPOS="107" VPOS="2422" WIDTH="1579" HEIGHT="55">
						<String ID="P7_ST00288" HPOS="107" VPOS="2434" WIDTH="59" HEIGHT="34" CONTENT="die" WC="0.96" CC="037"/>
						<SP ID="P7_SP00257" HPOS="166" VPOS="2468" WIDTH="44"/>
						<String ID="P7_ST00289" HPOS="210" VPOS="2430" WIDTH="192" HEIGHT="47" CONTENT="Sängerin" WC="0.99" CC="00092545"/>
						<SP ID="P7_SP00258" HPOS="402" VPOS="2477" WIDTH="44"/>
						<String ID="P7_ST00290" HPOS="446" VPOS="2426" WIDTH="121" HEIGHT="37" CONTENT="durch" WC="0.96" CC="97017"/>
						<SP ID="P7_SP00259" HPOS="567" VPOS="2477" WIDTH="31"/>
						<String ID="P7_ST00291" HPOS="598" VPOS="2423" WIDTH="310" HEIGHT="48" CONTENT="Wiederholung" WC="0.99" CC="002009730670"/>
						<SP ID="P7_SP00260" HPOS="908" VPOS="2477" WIDTH="44"/>
						<String ID="P7_ST00292" HPOS="952" VPOS="2423" WIDTH="66" HEIGHT="36" CONTENT="der" WC="1.00" CC="000"/>
						<SP ID="P7_SP00261" HPOS="1018" VPOS="2477" WIDTH="42"/>
						<String ID="P7_ST00293" HPOS="1060" VPOS="2424" WIDTH="155" HEIGHT="34" CONTENT="Worte:" WC="0.99" CC="004210"/>
						<SP ID="P7_SP00262" HPOS="1215" VPOS="2477" WIDTH="50"/>
						<String ID="P7_ST00294" HPOS="1265" VPOS="2423" WIDTH="120" HEIGHT="47" CONTENT="„Hier" WC="0.98" CC="36010"/>
						<SP ID="P7_SP00263" HPOS="1385" VPOS="2477" WIDTH="28"/>
						<String ID="P7_ST00295" HPOS="1413" VPOS="2422" WIDTH="170" HEIGHT="48" CONTENT='sprosst"' WC="0.69" CC="60053502"/>
						<SP ID="P7_SP00264" HPOS="1583" VPOS="2477" WIDTH="34"/>
						<String ID="P7_ST00296" HPOS="1617" VPOS="2423" WIDTH="69" HEIGHT="35" CONTENT="auf" WC="0.97" CC="024"/>
					</TextLine>
					<TextLine ID="P7_TL00035" HPOS="108" VPOS="2493" WIDTH="1572" HEIGHT="49">
						<String ID="P7_ST00297" HPOS="108" VPOS="2505" WIDTH="60" HEIGHT="35" CONTENT="die" WC="0.98" CC="022"/>
						<SP ID="P7_SP00265" HPOS="168" VPOS="2540" WIDTH="31"/>
						<String ID="P7_ST00298" HPOS="199" VPOS="2503" WIDTH="179" HEIGHT="35" CONTENT="Fermate" WC="0.99" CC="3100090"/>
						<SP ID="P7_SP00266" HPOS="378" VPOS="2540" WIDTH="30"/>
						<String ID="P7_ST00299" HPOS="408" VPOS="2510" WIDTH="76" HEIGHT="25" CONTENT="von" WC="0.96" CC="046"/>
						<SP ID="P7_SP00267" HPOS="484" VPOS="2540" WIDTH="34"/>
						<String ID="P7_ST00300" HPOS="518" VPOS="2509" WIDTH="50" HEIGHT="33" CONTENT="es," WC="0.94" CC="059" STYLEREFS="TXT_3"/>
						<SP ID="P7_SP00268" HPOS="568" VPOS="2542" WIDTH="31"/>
						<String ID="P7_ST00301" HPOS="599" VPOS="2497" WIDTH="101" HEIGHT="35" CONTENT="dann" WC="0.95" CC="9067"/>
						<SP ID="P7_SP00269" HPOS="700" VPOS="2542" WIDTH="33"/>
						<String ID="P7_ST00302" HPOS="733" VPOS="2495" WIDTH="68" HEIGHT="35" CONTENT="das" WC="0.99" CC="003"/>
						<SP ID="P7_SP00270" HPOS="801" VPOS="2542" WIDTH="30"/>
						<String ID="P7_ST00303" HPOS="831" VPOS="2494" WIDTH="234" HEIGHT="36" CONTENT="Abbrechen" WC="0.99" CC="070504701"/>
						<SP ID="P7_SP00271" HPOS="1065" VPOS="2542" WIDTH="44"/>
						<String ID="P7_ST00304" HPOS="1109" VPOS="2494" WIDTH="124" HEIGHT="35" CONTENT="dieser" WC="0.99" CC="000033"/>
						<SP ID="P7_SP00272" HPOS="1233" VPOS="2542" WIDTH="29"/>
						<String ID="P7_ST00305" HPOS="1262" VPOS="2494" WIDTH="179" HEIGHT="35" CONTENT="Fermate" WC="0.99" CC="5000004"/>
						<SP ID="P7_SP00273" HPOS="1441" VPOS="2542" WIDTH="43"/>
						<String ID="P7_ST00306" HPOS="1484" VPOS="2493" WIDTH="80" HEIGHT="36" CONTENT="und" WC="0.97" CC="700"/>
						<SP ID="P7_SP00274" HPOS="1564" VPOS="2542" WIDTH="43"/>
						<String ID="P7_ST00307" HPOS="1607" VPOS="2493" WIDTH="73" HEIGHT="37" CONTENT="den" WC="0.94" CC="734"/>
					</TextLine>
					<TextLine ID="P7_TL00036" HPOS="106" VPOS="2564" WIDTH="1575" HEIGHT="49">
						<String ID="P7_ST00308" HPOS="106" VPOS="2577" WIDTH="141" HEIGHT="34" CONTENT="Zusatz" WC="0.96" CC="663947"/>
						<SP ID="P7_SP00275" HPOS="247" VPOS="2611" WIDTH="32"/>
						<String ID="P7_ST00309" HPOS="279" VPOS="2573" WIDTH="139" HEIGHT="35" CONTENT="zweier" WC="0.98" CC="680009"/>
						<SP ID="P7_SP00276" HPOS="418" VPOS="2611" WIDTH="29"/>
						<String ID="P7_ST00310" HPOS="447" VPOS="2568" WIDTH="141" HEIGHT="37" CONTENT="Achtel" WC="0.98" CC="047065"/>
						<SP ID="P7_SP00277" HPOS="588" VPOS="2611" WIDTH="30"/>
						<String ID="P7_ST00311" HPOS="618" VPOS="2571" WIDTH="146" HEIGHT="32" CONTENT="anstatt" WC="0.98" CC="0304974"/>
						<SP ID="P7_SP00278" HPOS="764" VPOS="2611" WIDTH="30"/>
						<String ID="P7_ST00312" HPOS="794" VPOS="2566" WIDTH="66" HEIGHT="36" CONTENT="der" WC="0.98" CC="005"/>
						<SP ID="P7_SP00279" HPOS="860" VPOS="2611" WIDTH="29"/>
						<String ID="P7_ST00313" HPOS="889" VPOS="2565" WIDTH="256" HEIGHT="48" CONTENT="Verbindung" WC="0.98" CC="0295070779"/>
						<SP ID="P7_SP00280" HPOS="1145" VPOS="2613" WIDTH="31"/>
						<String ID="P7_ST00314" HPOS="1176" VPOS="2564" WIDTH="66" HEIGHT="36" CONTENT="des" WC="0.97" CC="007"/>
						<SP ID="P7_SP00281" HPOS="1242" VPOS="2613" WIDTH="30"/>
						<String ID="P7_ST00315" HPOS="1272" VPOS="2576" WIDTH="37" HEIGHT="25" CONTENT="es" WC="0.76" CC="04" STYLEREFS="TXT_3"/>
						<SP ID="P7_SP00282" HPOS="1309" VPOS="2613" WIDTH="28"/>
						<String ID="P7_ST00316" HPOS="1337" VPOS="2565" WIDTH="71" HEIGHT="34" CONTENT="mit" WC="1.00" CC="001"/>
						<SP ID="P7_SP00283" HPOS="1408" VPOS="2613" WIDTH="29"/>
						<String ID="P7_ST00317" HPOS="1437" VPOS="2564" WIDTH="72" HEIGHT="36" CONTENT="den" WC="0.96" CC="027"/>
						<SP ID="P7_SP00284" HPOS="1509" VPOS="2613" WIDTH="32"/>
						<String ID="P7_ST00318" HPOS="1541" VPOS="2564" WIDTH="120" HEIGHT="38" CONTENT="abstei" SUBS_TYPE="HypPart1" SUBS_CONTENT="absteigenden" WC="0.99" CC="270000"/>
						<HYP HPOS="1661" VPOS="2564" WIDTH="20" CONTENT="-"/>
					</TextLine>
					<TextLine ID="P7_TL00037" HPOS="105" VPOS="2636" WIDTH="1577" HEIGHT="59">
						<String ID="P7_ST00319" HPOS="105" VPOS="2647" WIDTH="151" HEIGHT="48" CONTENT="genden" SUBS_TYPE="HypPart2" SUBS_CONTENT="absteigenden" WC="0.97" CC="857007"/>
						<SP ID="P7_SP00285" HPOS="256" VPOS="2695" WIDTH="52"/>
						<String ID="P7_ST00320" HPOS="308" VPOS="2644" WIDTH="138" HEIGHT="35" CONTENT="Tönen" WC="0.98" CC="20608"/>
						<SP ID="P7_SP00286" HPOS="446" VPOS="2695" WIDTH="52"/>
						<String ID="P7_ST00321" HPOS="498" VPOS="2641" WIDTH="104" HEIGHT="34" CONTENT="diese" WC="0.98" CC="04045"/>
						<SP ID="P7_SP00287" HPOS="602" VPOS="2695" WIDTH="50"/>
						<String ID="P7_ST00322" HPOS="652" VPOS="2639" WIDTH="309" HEIGHT="35" CONTENT="wunderschöne" WC="0.99" CC="057015656004"/>
						<SP ID="P7_SP00288" HPOS="961" VPOS="2695" WIDTH="50"/>
						<String ID="P7_ST00323" HPOS="1011" VPOS="2637" WIDTH="155" HEIGHT="37" CONTENT="Cadenz" WC="0.97" CC="670670"/>
						<SP ID="P7_SP00289" HPOS="1166" VPOS="2695" WIDTH="49"/>
						<String ID="P7_ST00324" HPOS="1215" VPOS="2648" WIDTH="98" HEIGHT="36" CONTENT="ganz" WC="0.96" CC="0676"/>
						<SP ID="P7_SP00290" HPOS="1313" VPOS="2695" WIDTH="45"/>
						<String ID="P7_ST00325" HPOS="1358" VPOS="2636" WIDTH="81" HEIGHT="34" CONTENT="und" WC="0.94" CC="780"/>
						<SP ID="P7_SP00291" HPOS="1439" VPOS="2695" WIDTH="43"/>
						<String ID="P7_ST00326" HPOS="1482" VPOS="2648" WIDTH="70" HEIGHT="36" CONTENT="gar" WC="0.94" CC="383"/>
						<SP ID="P7_SP00292" HPOS="1552" VPOS="2695" WIDTH="45"/>
						<String ID="P7_ST00327" HPOS="1597" VPOS="2648" WIDTH="64" HEIGHT="25" CONTENT="ver" SUBS_TYPE="HypPart1" SUBS_CONTENT="verunstaltete." WC="0.98" CC="040"/>
						<HYP HPOS="1661" VPOS="2648" WIDTH="21" CONTENT="-"/>
					</TextLine>
					<TextLine ID="P7_TL00038" HPOS="106" VPOS="2717" WIDTH="224" HEIGHT="38">
						<String ID="P7_ST00328" HPOS="106" VPOS="2717" WIDTH="224" HEIGHT="38" CONTENT="unstaltete." SUBS_TYPE="HypPart2" SUBS_CONTENT="verunstaltete." WC="0.99" CC="79500633024"/>
					</TextLine>
					<TextLine ID="P7_TL00039" HPOS="214" VPOS="2780" WIDTH="1466" HEIGHT="50">
						<String ID="P7_ST00329" HPOS="214" VPOS="2792" WIDTH="75" HEIGHT="35" CONTENT="Die" WC="0.98" CC="005"/>
						<SP ID="P7_SP00293" HPOS="289" VPOS="2827" WIDTH="31"/>
						<String ID="P7_ST00330" HPOS="320" VPOS="2789" WIDTH="218" HEIGHT="36" CONTENT="Ouvertüre" WC="0.98" CC="674093805"/>
						<SP ID="P7_SP00294" HPOS="538" VPOS="2827" WIDTH="30"/>
						<String ID="P7_ST00331" HPOS="568" VPOS="2797" WIDTH="48" HEIGHT="23" CONTENT="zu" WC="0.56" CC="26"/>
						<SP ID="P7_SP00295" HPOS="616" VPOS="2827" WIDTH="32"/>
						<String ID="P7_ST00332" HPOS="648" VPOS="2781" WIDTH="301" HEIGHT="49" CONTENT="Shakespeare's" WC="0.59" CC="0706068209506"/>
						<SP ID="P7_SP00296" HPOS="949" VPOS="2830" WIDTH="48"/>
						<String ID="P7_ST00333" HPOS="997" VPOS="2780" WIDTH="179" HEIGHT="49" CONTENT='„Sturm"' WC="0.99" CC="0907004"/>
						<SP ID="P7_SP00297" HPOS="1176" VPOS="2830" WIDTH="44"/>
						<String ID="P7_ST00334" HPOS="1220" VPOS="2792" WIDTH="77" HEIGHT="25" CONTENT="von" WC="0.96" CC="047"/>
						<SP ID="P7_SP00298" HPOS="1297" VPOS="2830" WIDTH="29"/>
						<String ID="P7_ST00335" HPOS="1326" VPOS="2780" WIDTH="194" HEIGHT="35" CONTENT="Benedikt" WC="0.99" CC="61700300"/>
						<SP ID="P7_SP00299" HPOS="1520" VPOS="2830" WIDTH="27"/>
						<String ID="P7_ST00336" HPOS="1547" VPOS="2780" WIDTH="133" HEIGHT="36" CONTENT="wurde" WC="0.98" CC="06005"/>
					</TextLine>
					<TextLine ID="P7_TL00040" HPOS="105" VPOS="2851" WIDTH="1575" HEIGHT="58">
						<String ID="P7_ST00337" HPOS="105" VPOS="2865" WIDTH="83" HEIGHT="37" CONTENT="kalt" WC="0.97" CC="0409"/>
						<SP ID="P7_SP00300" HPOS="188" VPOS="2902" WIDTH="30"/>
						<String ID="P7_ST00338" HPOS="218" VPOS="2864" WIDTH="312" HEIGHT="45" CONTENT="aufgenommen," WC="0.99" CC="060966590464"/>
						<SP ID="P7_SP00301" HPOS="530" VPOS="2909" WIDTH="33"/>
						<String ID="P7_ST00339" HPOS="563" VPOS="2868" WIDTH="189" HEIGHT="36" CONTENT="wogegen" WC="0.99" CC="0503013"/>
						<SP ID="P7_SP00302" HPOS="752" VPOS="2909" WIDTH="30"/>
						<String ID="P7_ST00340" HPOS="782" VPOS="2858" WIDTH="71" HEIGHT="32" CONTENT="wir" WC="0.98" CC="040"/>
						<SP ID="P7_SP00303" HPOS="853" VPOS="2909" WIDTH="29"/>
						<String ID="P7_ST00341" HPOS="882" VPOS="2855" WIDTH="100" HEIGHT="35" CONTENT="auch" WC="0.96" CC="0767"/>
						<SP ID="P7_SP00304" HPOS="982" VPOS="2909" WIDTH="14"/>
						<String ID="P7_ST00342" HPOS="996" VPOS="2853" WIDTH="248" HEIGHT="47" CONTENT="keineswegs" WC="1.00" CC="0305100000"/>
						<SP ID="P7_SP00305" HPOS="1244" VPOS="2909" WIDTH="28"/>
						<String ID="P7_ST00343" HPOS="1272" VPOS="2853" WIDTH="235" HEIGHT="47" CONTENT="protestiren" WC="0.70" CC="60401602504"/>
						<SP ID="P7_SP00306" HPOS="1507" VPOS="2909" WIDTH="17"/>
						<String ID="P7_ST00344" HPOS="1524" VPOS="2851" WIDTH="156" HEIGHT="37" CONTENT="wollen." WC="0.98" CC="0442262"/>
					</TextLine>
					<TextLine ID="P7_TL00041" HPOS="105" VPOS="2924" WIDTH="1576" HEIGHT="53">
						<String ID="P7_ST00345" HPOS="105" VPOS="2938" WIDTH="74" HEIGHT="34" CONTENT="Die" WC="0.93" CC="763"/>
						<SP ID="P7_SP00307" HPOS="179" VPOS="2972" WIDTH="31"/>
						<String ID="P7_ST00346" HPOS="210" VPOS="2935" WIDTH="137" HEIGHT="36" CONTENT="zweite" WC="0.99" CC="603000"/>
						<SP ID="P7_SP00308" HPOS="347" VPOS="2972" WIDTH="28"/>
						<String ID="P7_ST00347" HPOS="375" VPOS="2930" WIDTH="242" HEIGHT="47" CONTENT="Abtheilung" WC="0.99" CC="0007633500"/>
						<SP ID="P7_SP00309" HPOS="617" VPOS="2977" WIDTH="43"/>
						<String ID="P7_ST00348" HPOS="660" VPOS="2928" WIDTH="125" HEIGHT="43" CONTENT="füllte," WC="0.99" CC="1160003"/>
						<SP ID="P7_SP00310" HPOS="785" VPOS="2977" WIDTH="47"/>
						<String ID="P7_ST00349" HPOS="832" VPOS="2928" WIDTH="73" HEIGHT="33" CONTENT="wie" WC="0.97" CC="025"/>
						<SP ID="P7_SP00311" HPOS="905" VPOS="2977" WIDTH="45"/>
						<String ID="P7_ST00350" HPOS="950" VPOS="2926" WIDTH="122" HEIGHT="36" CONTENT="schon" WC="0.97" CC="04757"/>
						<SP ID="P7_SP00312" HPOS="1072" VPOS="2977" WIDTH="33"/>
						<String ID="P7_ST00351" HPOS="1105" VPOS="2924" WIDTH="187" HEIGHT="47" CONTENT="erwähnt," WC="0.98" CC="05007594"/>
						<SP ID="P7_SP00313" HPOS="1292" VPOS="2977" WIDTH="47"/>
						<String ID="P7_ST00352" HPOS="1339" VPOS="2924" WIDTH="62" HEIGHT="35" CONTENT="die" WC="0.99" CC="003"/>
						<SP ID="P7_SP00314" HPOS="1401" VPOS="2977" WIDTH="29"/>
						<String ID="P7_ST00353" HPOS="1430" VPOS="2924" WIDTH="251" HEIGHT="48" CONTENT="Aufführung" WC="0.99" CC="0600069670"/>
					</TextLine>
					<TextLine ID="P7_TL00042" HPOS="105" VPOS="2994" WIDTH="1576" HEIGHT="61">
						<String ID="P7_ST00354" HPOS="105" VPOS="3010" WIDTH="66" HEIGHT="34" CONTENT="der" WC="0.96" CC="027"/>
						<SP ID="P7_SP00315" HPOS="171" VPOS="3044" WIDTH="33"/>
						<String ID="P7_ST00355" HPOS="204" VPOS="3008" WIDTH="161" HEIGHT="47" CONTENT="„Ersten" WC="0.98" CC="2006917"/>
						<SP ID="P7_SP00316" HPOS="365" VPOS="3055" WIDTH="22"/>
						<String ID="P7_ST00356" HPOS="387" VPOS="2998" WIDTH="387" HEIGHT="52" CONTENT='Walpurgisnacht",' WC="1.00" CC="0070700022161034"/>
						<SP ID="P7_SP00317" HPOS="774" VPOS="3055" WIDTH="32"/>
						<String ID="P7_ST00357" HPOS="806" VPOS="2999" WIDTH="125" HEIGHT="34" CONTENT="dieses" WC="0.99" CC="001334"/>
						<SP ID="P7_SP00318" HPOS="931" VPOS="3055" WIDTH="21"/>
						<String ID="P7_ST00358" HPOS="952" VPOS="2996" WIDTH="198" HEIGHT="49" CONTENT="genialen," WC="0.99" CC="168454030"/>
						<SP ID="P7_SP00319" HPOS="1150" VPOS="3055" WIDTH="25"/>
						<String ID="P7_ST00359" HPOS="1175" VPOS="2994" WIDTH="326" HEIGHT="49" CONTENT="jugendfrischen" WC="0.99" CC="36026000006740"/>
						<SP ID="P7_SP00320" HPOS="1501" VPOS="3055" WIDTH="14"/>
						<String ID="P7_ST00360" HPOS="1515" VPOS="2995" WIDTH="166" HEIGHT="36" CONTENT="Werkes" WC="0.98" CC="028040"/>
					</TextLine>
					<TextLine ID="P7_TL00043" HPOS="103" VPOS="3065" WIDTH="1577" HEIGHT="54">
						<String ID="P7_ST00361" HPOS="103" VPOS="3093" WIDTH="78" HEIGHT="25" CONTENT="von" WC="0.95" CC="057"/>
						<SP ID="P7_SP00321" HPOS="181" VPOS="3118" WIDTH="30"/>
						<String ID="P7_ST00362" HPOS="211" VPOS="3076" WIDTH="290" HEIGHT="43" CONTENT="Mendelssohn," WC="0.99" CC="030055456754"/>
						<SP ID="P7_SP00322" HPOS="501" VPOS="3119" WIDTH="49"/>
						<String ID="P7_ST00363" HPOS="550" VPOS="3073" WIDTH="80" HEIGHT="44" CONTENT="das," WC="0.97" CC="0364"/>
						<SP ID="P7_SP00323" HPOS="630" VPOS="3119" WIDTH="48"/>
						<String ID="P7_ST00364" HPOS="678" VPOS="3072" WIDTH="74" HEIGHT="35" CONTENT="wie" WC="0.97" CC="043"/>
						<SP ID="P7_SP00324" HPOS="752" VPOS="3119" WIDTH="30"/>
						<String ID="P7_ST00365" HPOS="782" VPOS="3071" WIDTH="149" HEIGHT="43" CONTENT="immer," WC="0.99" CC="040002"/>
						<SP ID="P7_SP00325" HPOS="931" VPOS="3119" WIDTH="51"/>
						<String ID="P7_ST00366" HPOS="982" VPOS="3069" WIDTH="148" HEIGHT="44" CONTENT="seinen," WC="0.98" CC="5306063"/>
						<SP ID="P7_SP00326" HPOS="1130" VPOS="3119" WIDTH="43"/>
						<String ID="P7_ST00367" HPOS="1173" VPOS="3067" WIDTH="212" HEIGHT="37" CONTENT="besonders" WC="0.98" CC="616460634"/>
						<SP ID="P7_SP00327" HPOS="1385" VPOS="3119" WIDTH="30"/>
						<String ID="P7_ST00368" HPOS="1415" VPOS="3078" WIDTH="61" HEIGHT="24" CONTENT="am" WC="0.48" CC="63"/>
						<SP ID="P7_SP00328" HPOS="1476" VPOS="3119" WIDTH="30"/>
						<String ID="P7_ST00369" HPOS="1506" VPOS="3065" WIDTH="174" HEIGHT="49" CONTENT="Schluss," WC="0.58" CC="06726044"/>
					</TextLine>
					<TextLine ID="P7_TL00044" HPOS="102" VPOS="3140" WIDTH="848" HEIGHT="49">
						<String ID="P7_ST00370" HPOS="102" VPOS="3151" WIDTH="245" HEIGHT="38" CONTENT="erhebenden" WC="0.98" CC="7077577077"/>
						<SP ID="P7_SP00329" HPOS="347" VPOS="3189" WIDTH="32"/>
						<String ID="P7_ST00371" HPOS="379" VPOS="3145" WIDTH="200" HEIGHT="39" CONTENT="Eindruck" WC="0.98" CC="54809550"/>
						<SP ID="P7_SP00330" HPOS="579" VPOS="3189" WIDTH="29"/>
						<String ID="P7_ST00372" HPOS="608" VPOS="3144" WIDTH="111" HEIGHT="35" CONTENT="nicht" WC="0.95" CC="73679"/>
						<SP ID="P7_SP00331" HPOS="719" VPOS="3189" WIDTH="29"/>
						<String ID="P7_ST00373" HPOS="748" VPOS="3140" WIDTH="202" HEIGHT="38" CONTENT="verfehlte." WC="0.98" CC="0790776670"/>
					</TextLine>
				</TextBlock>
				<TextBlock ID="P7_TB00003" HPOS="504" VPOS="3404" WIDTH="828" HEIGHT="75" STYLEREFS="TXT_0 PAR_LEFT">
					<TextLine ID="P7_TL00045" HPOS="505" VPOS="3406" WIDTH="827" HEIGHT="73">
						<String ID="P7_ST00374" HPOS="505" VPOS="3409" WIDTH="158" HEIGHT="55" CONTENT="Aus" WC="0.92" CC="877"/>
						<SP ID="P7_SP00332" HPOS="663" VPOS="3464" WIDTH="71"/>
						<String ID="P7_ST00375" HPOS="734" VPOS="3406" WIDTH="598" HEIGHT="73" CONTENT="Regensburg." WC="0.98" CC="75000000000"/>
						<SP ID="P7_SP00333" HPOS="1332" VPOS="3479" WIDTH="0"/>
					</TextLine>
				</TextBlock>
				<TextBlock ID="P7_TB00004" HPOS="100" VPOS="3545" WIDTH="1583" HEIGHT="710" STYLEREFS="TXT_1 PAR_RIGHT">
					<TextLine ID="P7_TL00046" HPOS="934" VPOS="3546" WIDTH="637" HEIGHT="42">
						<String ID="P7_ST00376" HPOS="934" VPOS="3553" WIDTH="102" HEIGHT="34" CONTENT="Den" WC="0.95" CC="354"/>
						<SP ID="P7_SP00334" HPOS="1036" VPOS="3587" WIDTH="30"/>
						<String ID="P7_ST00377" HPOS="1066" VPOS="3548" WIDTH="61" HEIGHT="40" CONTENT="10." WC="0.64" CC="630"/>
						<SP ID="P7_SP00335" HPOS="1127" VPOS="3588" WIDTH="30"/>
						<String ID="P7_ST00378" HPOS="1157" VPOS="3549" WIDTH="269" HEIGHT="37" CONTENT="November" WC="0.99" CC="60720004"/>
						<SP ID="P7_SP00336" HPOS="1426" VPOS="3588" WIDTH="30"/>
						<String ID="P7_ST00379" HPOS="1456" VPOS="3546" WIDTH="115" HEIGHT="40" CONTENT="1866." WC="0.42" CC="67625"/>
					</TextLine>
					<TextLine ID="P7_TL00047" HPOS="211" VPOS="3635" WIDTH="1466" HEIGHT="59">
						<String ID="P7_ST00380" HPOS="211" VPOS="3650" WIDTH="76" HEIGHT="35" CONTENT="Die" WC="0.97" CC="104"/>
						<SP ID="P7_SP00337" HPOS="287" VPOS="3685" WIDTH="28"/>
						<String ID="P7_ST00381" HPOS="315" VPOS="3647" WIDTH="235" HEIGHT="47" CONTENT="diesjährige" WC="0.99" CC="56103675135"/>
						<SP ID="P7_SP00338" HPOS="550" VPOS="3694" WIDTH="30"/>
						<String ID="P7_ST00382" HPOS="580" VPOS="3642" WIDTH="329" HEIGHT="39" CONTENT="Concert-Saison" WC="0.57" CC="61860502709065"/>
						<SP ID="P7_SP00339" HPOS="909" VPOS="3694" WIDTH="31"/>
						<String ID="P7_ST00383" HPOS="940" VPOS="3639" WIDTH="132" HEIGHT="36" CONTENT="wurde" WC="0.97" CC="61850"/>
						<SP ID="P7_SP00340" HPOS="1072" VPOS="3694" WIDTH="43"/>
						<String ID="P7_ST00384" HPOS="1115" VPOS="3639" WIDTH="73" HEIGHT="35" CONTENT="den" WC="0.97" CC="015"/>
						<SP ID="P7_SP00341" HPOS="1188" VPOS="3694" WIDTH="30"/>
						<String ID="P7_ST00385" HPOS="1218" VPOS="3635" WIDTH="36" HEIGHT="39" CONTENT="3." WC="0.44" CC="74"/>
						<SP ID="P7_SP00342" HPOS="1254" VPOS="3694" WIDTH="31"/>
						<String ID="P7_ST00386" HPOS="1285" VPOS="3636" WIDTH="223" HEIGHT="37" CONTENT="November" WC="0.99" CC="52610310"/>
						<SP ID="P7_SP00343" HPOS="1508" VPOS="3694" WIDTH="46"/>
						<String ID="P7_ST00387" HPOS="1554" VPOS="3637" WIDTH="123" HEIGHT="36" CONTENT="durch" WC="0.96" CC="76367"/>
					</TextLine>
					<TextLine ID="P7_TL00048" HPOS="103" VPOS="3700" WIDTH="1576" HEIGHT="51">
						<String ID="P7_ST00388" HPOS="103" VPOS="3714" WIDTH="85" HEIGHT="36" CONTENT="eine" WC="0.98" CC="0062"/>
						<SP ID="P7_SP00344" HPOS="188" VPOS="3750" WIDTH="32"/>
						<String ID="P7_ST00389" HPOS="220" VPOS="3712" WIDTH="135" HEIGHT="35" CONTENT="Soiree" WC="0.98" CC="703256"/>
						<SP ID="P7_SP00345" HPOS="355" VPOS="3750" WIDTH="28"/>
						<String ID="P7_ST00390" HPOS="383" VPOS="3711" WIDTH="63" HEIGHT="35" CONTENT="für" WC="0.97" CC="405"/>
						<SP ID="P7_SP00346" HPOS="446" VPOS="3750" WIDTH="28"/>
						<String ID="P7_ST00391" HPOS="474" VPOS="3706" WIDTH="333" HEIGHT="45" CONTENT="Kammermusik," WC="0.99" CC="008750096057"/>
						<SP ID="P7_SP00347" HPOS="807" VPOS="3751" WIDTH="37"/>
						<String ID="P7_ST00392" HPOS="844" VPOS="3702" WIDTH="256" HEIGHT="37" CONTENT="veranstaltet" WC="0.99" CC="000664624430"/>
						<SP ID="P7_SP00348" HPOS="1100" VPOS="3751" WIDTH="27"/>
						<String ID="P7_ST00393" HPOS="1127" VPOS="3713" WIDTH="77" HEIGHT="24" CONTENT="von" WC="1.00" CC="000"/>
						<SP ID="P7_SP00349" HPOS="1204" VPOS="3751" WIDTH="46"/>
						<String ID="P7_ST00394" HPOS="1250" VPOS="3712" WIDTH="182" HEIGHT="24" CONTENT="unserem" WC="0.98" CC="7550500"/>
						<SP ID="P7_SP00350" HPOS="1432" VPOS="3751" WIDTH="42"/>
						<String ID="P7_ST00395" HPOS="1474" VPOS="3700" WIDTH="205" HEIGHT="48" CONTENT="tüchtigen" WC="0.99" CC="203604647"/>
					</TextLine>
					<TextLine ID="P7_TL00049" HPOS="101" VPOS="3763" WIDTH="1578" HEIGHT="57">
						<String ID="P7_ST00396" HPOS="101" VPOS="3773" WIDTH="279" HEIGHT="47" CONTENT="Violinspieler" WC="0.99" CC="7406040437030"/>
						<SP ID="P7_SP00351" HPOS="380" VPOS="3820" WIDTH="41"/>
						<String ID="P7_ST00397" HPOS="421" VPOS="3771" WIDTH="81" HEIGHT="36" CONTENT="und" WC="0.94" CC="790"/>
						<SP ID="P7_SP00352" HPOS="502" VPOS="3820" WIDTH="31"/>
						<String ID="P7_ST00398" HPOS="533" VPOS="3770" WIDTH="327" HEIGHT="36" CONTENT="Coneertmeister" WC="0.71" CC="73860002200026"/>
						<SP ID="P7_SP00353" HPOS="860" VPOS="3820" WIDTH="48"/>
						<String ID="P7_ST00399" HPOS="908" VPOS="3767" WIDTH="130" HEIGHT="43" CONTENT="Berr," WC="0.69" CC="65040"/>
						<SP ID="P7_SP00354" HPOS="1038" VPOS="3820" WIDTH="48"/>
						<String ID="P7_ST00400" HPOS="1086" VPOS="3764" WIDTH="233" HEIGHT="47" CONTENT="inaugurirt," WC="0.59" CC="08075408540"/>
						<SP ID="P7_SP00355" HPOS="1319" VPOS="3820" WIDTH="45"/>
						<String ID="P7_ST00401" HPOS="1364" VPOS="3763" WIDTH="79" HEIGHT="36" CONTENT="und" WC="0.95" CC="660"/>
						<SP ID="P7_SP00356" HPOS="1443" VPOS="3820" WIDTH="45"/>
						<String ID="P7_ST00402" HPOS="1488" VPOS="3774" WIDTH="103" HEIGHT="24" CONTENT="zwar" WC="1.00" CC="0000"/>
						<SP ID="P7_SP00357" HPOS="1591" VPOS="3820" WIDTH="48"/>
						<String ID="P7_ST00403" HPOS="1639" VPOS="3763" WIDTH="40" HEIGHT="35" CONTENT="in" WC="1.00" CC="00"/>
					</TextLine>
					<TextLine ID="P7_TL00050" HPOS="108" VPOS="3826" WIDTH="1575" HEIGHT="55">
						<String ID="P7_ST00404" HPOS="108" VPOS="3839" WIDTH="109" HEIGHT="35" CONTENT="einer" WC="0.99" CC="00710"/>
						<SP ID="P7_SP00358" HPOS="217" VPOS="3874" WIDTH="30"/>
						<String ID="P7_ST00405" HPOS="247" VPOS="3837" WIDTH="145" HEIGHT="44" CONTENT="Weise," WC="0.98" CC="502602"/>
						<SP ID="P7_SP00359" HPOS="392" VPOS="3881" WIDTH="44"/>
						<String ID="P7_ST00406" HPOS="436" VPOS="3835" WIDTH="101" HEIGHT="43" CONTENT="dass," WC="0.77" CC="80020"/>
						<SP ID="P7_SP00360" HPOS="537" VPOS="3881" WIDTH="50"/>
						<String ID="P7_ST00407" HPOS="587" VPOS="3844" WIDTH="111" HEIGHT="23" CONTENT="wenn" WC="0.98" CC="0070"/>
						<SP ID="P7_SP00361" HPOS="698" VPOS="3881" WIDTH="45"/>
						<String ID="P7_ST00408" HPOS="743" VPOS="3832" WIDTH="72" HEIGHT="34" CONTENT="wir" WC="1.00" CC="000"/>
						<SP ID="P7_SP00362" HPOS="815" VPOS="3881" WIDTH="43"/>
						<String ID="P7_ST00409" HPOS="858" VPOS="3827" WIDTH="169" HEIGHT="38" CONTENT="dieselbe" WC="0.99" CC="00052475"/>
						<SP ID="P7_SP00363" HPOS="1027" VPOS="3881" WIDTH="43"/>
						<String ID="P7_ST00410" HPOS="1070" VPOS="3827" WIDTH="56" HEIGHT="36" CONTENT="als" WC="0.98" CC="050"/>
						<SP ID="P7_SP00364" HPOS="1126" VPOS="3881" WIDTH="48"/>
						<String ID="P7_ST00411" HPOS="1174" VPOS="3828" WIDTH="63" HEIGHT="34" CONTENT="ein" WC="1.00" CC="000"/>
						<SP ID="P7_SP00365" HPOS="1237" VPOS="3881" WIDTH="29"/>
						<String ID="P7_ST00412" HPOS="1266" VPOS="3826" WIDTH="222" HEIGHT="48" CONTENT="Augurium" WC="0.67" CC="64070070"/>
						<SP ID="P7_SP00366" HPOS="1488" VPOS="3881" WIDTH="42"/>
						<String ID="P7_ST00413" HPOS="1530" VPOS="3827" WIDTH="62" HEIGHT="35" CONTENT="für" WC="0.97" CC="206"/>
						<SP ID="P7_SP00367" HPOS="1592" VPOS="3881" WIDTH="30"/>
						<String ID="P7_ST00414" HPOS="1622" VPOS="3826" WIDTH="61" HEIGHT="35" CONTENT="die" WC="0.98" CC="022"/>
					</TextLine>
					<TextLine ID="P7_TL00051" HPOS="104" VPOS="3890" WIDTH="1576" HEIGHT="47">
						<String ID="P7_ST00415" HPOS="104" VPOS="3900" WIDTH="185" HEIGHT="37" CONTENT="während" WC="0.98" CC="0566270"/>
						<SP ID="P7_SP00368" HPOS="289" VPOS="3937" WIDTH="44"/>
						<String ID="P7_ST00416" HPOS="333" VPOS="3899" WIDTH="66" HEIGHT="35" CONTENT="des" WC="0.98" CC="021"/>
						<SP ID="P7_SP00369" HPOS="399" VPOS="3937" WIDTH="32"/>
						<String ID="P7_ST00417" HPOS="431" VPOS="3898" WIDTH="172" HEIGHT="35" CONTENT="Winters" WC="0.99" CC="0600077"/>
						<SP ID="P7_SP00370" HPOS="603" VPOS="3937" WIDTH="45"/>
						<String ID="P7_ST00418" HPOS="648" VPOS="3907" WIDTH="48" HEIGHT="24" CONTENT="zu" WC="0.53" CC="27"/>
						<SP ID="P7_SP00371" HPOS="696" VPOS="3937" WIDTH="42"/>
						<String ID="P7_ST00419" HPOS="738" VPOS="3893" WIDTH="268" HEIGHT="37" CONTENT="erwartenden" WC="0.99" CC="25900026005"/>
						<SP ID="P7_SP00372" HPOS="1006" VPOS="3937" WIDTH="47"/>
						<String ID="P7_ST00420" HPOS="1053" VPOS="3890" WIDTH="308" HEIGHT="37" CONTENT="musicalischen" WC="0.99" CC="0555500104715"/>
						<SP ID="P7_SP00373" HPOS="1361" VPOS="3937" WIDTH="29"/>
						<String ID="P7_ST00421" HPOS="1390" VPOS="3890" WIDTH="290" HEIGHT="36" CONTENT="Productionen" WC="0.67" CC="601065044065"/>
					</TextLine>
					<TextLine ID="P7_TL00052" HPOS="105" VPOS="3953" WIDTH="1577" HEIGHT="54">
						<String ID="P7_ST00422" HPOS="105" VPOS="3963" WIDTH="172" HEIGHT="37" CONTENT="ansehen" WC="0.97" CC="8763623"/>
						<SP ID="P7_SP00374" HPOS="277" VPOS="4000" WIDTH="30"/>
						<String ID="P7_ST00423" HPOS="307" VPOS="3961" WIDTH="156" HEIGHT="46" CONTENT="wollen," WC="0.98" CC="0066062"/>
						<SP ID="P7_SP00375" HPOS="463" VPOS="4007" WIDTH="32"/>
						<String ID="P7_ST00424" HPOS="495" VPOS="3961" WIDTH="70" HEIGHT="34" CONTENT="wir" WC="1.00" CC="000"/>
						<SP ID="P7_SP00376" HPOS="565" VPOS="4007" WIDTH="27"/>
						<String ID="P7_ST00425" HPOS="592" VPOS="3971" WIDTH="75" HEIGHT="23" CONTENT="uns" WC="0.96" CC="604"/>
						<SP ID="P7_SP00377" HPOS="667" VPOS="4007" WIDTH="24"/>
						<String ID="P7_ST00426" HPOS="691" VPOS="3958" WIDTH="70" HEIGHT="35" CONTENT="auf" WC="0.98" CC="040"/>
						<SP ID="P7_SP00378" HPOS="761" VPOS="4007" WIDTH="15"/>
						<String ID="P7_ST00427" HPOS="776" VPOS="3956" WIDTH="300" HEIGHT="47" CONTENT="Kunstgenüsse" WC="0.99" CC="008078070601"/>
						<SP ID="P7_SP00379" HPOS="1076" VPOS="4007" WIDTH="29"/>
						<String ID="P7_ST00428" HPOS="1105" VPOS="3953" WIDTH="251" HEIGHT="36" CONTENT="vorbereiten" WC="1.00" CC="01603010001"/>
						<SP ID="P7_SP00380" HPOS="1356" VPOS="4007" WIDTH="31"/>
						<String ID="P7_ST00429" HPOS="1387" VPOS="3953" WIDTH="148" HEIGHT="44" CONTENT="dürfen," WC="0.99" CC="0030270"/>
						<SP ID="P7_SP00381" HPOS="1535" VPOS="4007" WIDTH="31"/>
						<String ID="P7_ST00430" HPOS="1566" VPOS="3953" WIDTH="116" HEIGHT="35" CONTENT="deren" WC="0.98" CC="00906"/>
					</TextLine>
					<TextLine ID="P7_TL00053" HPOS="105" VPOS="4015" WIDTH="1578" HEIGHT="59">
						<String ID="P7_ST00431" HPOS="105" VPOS="4024" WIDTH="325" HEIGHT="50" CONTENT="Vorzüglichkeit" WC="0.99" CC="74610555685330"/>
						<SP ID="P7_SP00382" HPOS="430" VPOS="4074" WIDTH="29"/>
						<String ID="P7_ST00432" HPOS="459" VPOS="4024" WIDTH="69" HEIGHT="35" CONTENT="mit" WC="0.96" CC="018"/>
						<SP ID="P7_SP00383" HPOS="528" VPOS="4074" WIDTH="29"/>
						<String ID="P7_ST00433" HPOS="557" VPOS="4022" WIDTH="125" HEIGHT="36" CONTENT="Recht" WC="0.97" CC="70670"/>
						<SP ID="P7_SP00384" HPOS="682" VPOS="4074" WIDTH="31"/>
						<String ID="P7_ST00434" HPOS="713" VPOS="4020" WIDTH="140" HEIGHT="37" CONTENT="darauf" WC="0.99" CC="005060"/>
						<SP ID="P7_SP00385" HPOS="853" VPOS="4074" WIDTH="26"/>
						<String ID="P7_ST00435" HPOS="879" VPOS="4018" WIDTH="210" HEIGHT="49" CONTENT="Anspruch" WC="0.98" CC="67060656"/>
						<SP ID="P7_SP00386" HPOS="1089" VPOS="4074" WIDTH="39"/>
						<String ID="P7_ST00436" HPOS="1128" VPOS="4016" WIDTH="144" HEIGHT="48" CONTENT="macht," WC="0.98" CC="006743"/>
						<SP ID="P7_SP00387" HPOS="1272" VPOS="4074" WIDTH="45"/>
						<String ID="P7_ST00437" HPOS="1317" VPOS="4017" WIDTH="41" HEIGHT="34" CONTENT="in" WC="0.73" CC="05"/>
						<SP ID="P7_SP00388" HPOS="1358" VPOS="4074" WIDTH="42"/>
						<String ID="P7_ST00438" HPOS="1400" VPOS="4016" WIDTH="124" HEIGHT="36" CONTENT="ihrem" WC="0.99" CC="07030"/>
						<SP ID="P7_SP00389" HPOS="1524" VPOS="4074" WIDTH="28"/>
						<String ID="P7_ST00439" HPOS="1552" VPOS="4015" WIDTH="110" HEIGHT="48" CONTENT="gedie" SUBS_TYPE="HypPart1" SUBS_CONTENT="gediegenen" WC="0.99" CC="02000"/>
						<HYP HPOS="1662" VPOS="4015" WIDTH="21" CONTENT="-"/>
					</TextLine>
					<TextLine ID="P7_TL00054" HPOS="104" VPOS="4077" WIDTH="1579" HEIGHT="61">
						<String ID="P7_ST00440" HPOS="104" VPOS="4101" WIDTH="128" HEIGHT="37" CONTENT="genen" SUBS_TYPE="HypPart2" SUBS_CONTENT="gediegenen" WC="0.97" CC="70706"/>
						<SP ID="P7_SP00390" HPOS="232" VPOS="4138" WIDTH="29"/>
						<String ID="P7_ST00441" HPOS="261" VPOS="4087" WIDTH="129" HEIGHT="37" CONTENT="Blatte" WC="0.99" CC="530001"/>
						<SP ID="P7_SP00391" HPOS="390" VPOS="4138" WIDTH="31"/>
						<String ID="P7_ST00442" HPOS="421" VPOS="4087" WIDTH="241" HEIGHT="47" CONTENT="besprochen" WC="0.99" CC="3640506744"/>
						<SP ID="P7_SP00392" HPOS="662" VPOS="4138" WIDTH="31"/>
						<String ID="P7_ST00443" HPOS="693" VPOS="4097" WIDTH="50" HEIGHT="23" CONTENT="zu" WC="0.40" CC="56"/>
						<SP ID="P7_SP00393" HPOS="743" VPOS="4138" WIDTH="29"/>
						<String ID="P7_ST00444" HPOS="772" VPOS="4083" WIDTH="167" HEIGHT="37" CONTENT="werden." WC="0.99" CC="0000360"/>
						<SP ID="P7_SP00394" HPOS="939" VPOS="4138" WIDTH="41"/>
						<String ID="P7_ST00445" HPOS="980" VPOS="4083" WIDTH="75" HEIGHT="35" CONTENT="Die" WC="0.97" CC="044"/>
						<SP ID="P7_SP00395" HPOS="1055" VPOS="4138" WIDTH="34"/>
						<String ID="P7_ST00446" HPOS="1089" VPOS="4079" WIDTH="113" HEIGHT="38" CONTENT="Wahl" WC="0.96" CC="9072"/>
						<SP ID="P7_SP00396" HPOS="1202" VPOS="4138" WIDTH="30"/>
						<String ID="P7_ST00447" HPOS="1232" VPOS="4080" WIDTH="66" HEIGHT="35" CONTENT="des" WC="1.00" CC="000"/>
						<SP ID="P7_SP00397" HPOS="1298" VPOS="4138" WIDTH="30"/>
						<String ID="P7_ST00448" HPOS="1328" VPOS="4077" WIDTH="355" HEIGHT="50" CONTENT="Anfangsstückes," WC="0.99" CC="000760640059334"/>
					</TextLine>
					<TextLine ID="P7_TL00055" HPOS="107" VPOS="4140" WIDTH="1576" HEIGHT="60">
						<String ID="P7_ST00449" HPOS="107" VPOS="4154" WIDTH="66" HEIGHT="35" CONTENT="des" WC="0.97" CC="024"/>
						<SP ID="P7_SP00398" HPOS="173" VPOS="4189" WIDTH="28"/>
						<String ID="P7_ST00450" HPOS="201" VPOS="4163" WIDTH="163" HEIGHT="37" CONTENT="grossen" WC="0.99" CC="0541033"/>
						<SP ID="P7_SP00399" HPOS="364" VPOS="4200" WIDTH="31"/>
						<String ID="P7_ST00451" HPOS="395" VPOS="4147" WIDTH="366" HEIGHT="39" CONTENT="Beethoven'schen" WC="0.53" CC="458075154463713"/>
						<SP ID="P7_SP00400" HPOS="761" VPOS="4200" WIDTH="40"/>
						<String ID="P7_ST00452" HPOS="801" VPOS="4146" WIDTH="127" HEIGHT="36" CONTENT="Trio's" WC="0.78" CC="000543"/>
						<SP ID="P7_SP00401" HPOS="928" VPOS="4200" WIDTH="46"/>
						<String ID="P7_ST00453" HPOS="974" VPOS="4157" WIDTH="69" HEIGHT="25" CONTENT="aus" WC="0.96" CC="063"/>
						<SP ID="P7_SP00402" HPOS="1043" VPOS="4200" WIDTH="31"/>
						<String ID="P7_ST00454" HPOS="1074" VPOS="4143" WIDTH="140" HEIGHT="39" CONTENT="D-dur" WC="0.50" CC="73077" STYLEREFS="TXT_3"/>
						<SP ID="P7_SP00403" HPOS="1214" VPOS="4200" WIDTH="30"/>
						<String ID="P7_ST00455" HPOS="1244" VPOS="4144" WIDTH="73" HEIGHT="48" CONTENT="Op." WC="0.54" CC="084"/>
						<SP ID="P7_SP00404" HPOS="1317" VPOS="4200" WIDTH="30"/>
						<String ID="P7_ST00456" HPOS="1347" VPOS="4140" WIDTH="63" HEIGHT="47" CONTENT="70," WC="0.51" CC="832"/>
						<SP ID="P7_SP00405" HPOS="1410" VPOS="4200" WIDTH="37"/>
						<String ID="P7_ST00457" HPOS="1447" VPOS="4141" WIDTH="236" HEIGHT="46" CONTENT="bekundete," WC="0.99" CC="2607601004"/>
					</TextLine>
					<TextLine ID="P7_TL00056" HPOS="108" VPOS="4202" WIDTH="1575" HEIGHT="53">
						<String ID="P7_ST00458" HPOS="108" VPOS="4214" WIDTH="87" HEIGHT="36" CONTENT="dass" WC="0.70" CC="0056"/>
						<SP ID="P7_SP00406" HPOS="195" VPOS="4250" WIDTH="40"/>
						<String ID="P7_ST00459" HPOS="235" VPOS="4214" WIDTH="61" HEIGHT="35" CONTENT="die" WC="0.98" CC="023"/>
						<SP ID="P7_SP00407" HPOS="296" VPOS="4250" WIDTH="31"/>
						<String ID="P7_ST00460" HPOS="327" VPOS="4211" WIDTH="315" HEIGHT="44" CONTENT="Ausführenden," WC="0.99" CC="0850070400273"/>
						<SP ID="P7_SP00408" HPOS="642" VPOS="4255" WIDTH="49"/>
						<String ID="P7_ST00461" HPOS="691" VPOS="4210" WIDTH="110" HEIGHT="35" CONTENT="nicht" WC="0.99" CC="03030"/>
						<SP ID="P7_SP00409" HPOS="801" VPOS="4255" WIDTH="42"/>
						<String ID="P7_ST00462" HPOS="843" VPOS="4208" WIDTH="118" HEIGHT="36" CONTENT="allein" WC="0.99" CC="000407"/>
						<SP ID="P7_SP00410" HPOS="961" VPOS="4255" WIDTH="41"/>
						<String ID="P7_ST00463" HPOS="1002" VPOS="4208" WIDTH="67" HEIGHT="35" CONTENT="der" WC="1.00" CC="000"/>
						<SP ID="P7_SP00411" HPOS="1069" VPOS="4255" WIDTH="28"/>
						<String ID="P7_ST00464" HPOS="1097" VPOS="4205" WIDTH="318" HEIGHT="50" CONTENT="angekündigten" WC="0.99" CC="4703003030046"/>
						<SP ID="P7_SP00412" HPOS="1415" VPOS="4255" WIDTH="32"/>
						<String ID="P7_ST00465" HPOS="1447" VPOS="4202" WIDTH="134" HEIGHT="39" CONTENT="Soiree" WC="0.98" CC="760083"/>
						<SP ID="P7_SP00413" HPOS="1581" VPOS="4255" WIDTH="29"/>
						<String ID="P7_ST00466" HPOS="1610" VPOS="4204" WIDTH="73" HEIGHT="36" CONTENT="den" WC="0.96" CC="036"/>
					</TextLine>
				</TextBlock>
				<TextBlock ID="P7_TB00005" HPOS="1779" VPOS="277" WIDTH="1587" HEIGHT="3216" STYLEREFS="TXT_1 PAR_BLOCK">
					<TextLine ID="P7_TL00057" HPOS="1794" VPOS="277" WIDTH="1570" HEIGHT="50">
						<String ID="P7_ST00467" HPOS="1794" VPOS="280" WIDTH="174" HEIGHT="47" CONTENT="Stempel" WC="0.99" CC="9040006"/>
						<SP ID="P7_SP00414" HPOS="1968" VPOS="327" WIDTH="30"/>
						<String ID="P7_ST00468" HPOS="1998" VPOS="280" WIDTH="66" HEIGHT="35" CONTENT="der" WC="0.96" CC="126"/>
						<SP ID="P7_SP00415" HPOS="2064" VPOS="327" WIDTH="31"/>
						<String ID="P7_ST00469" HPOS="2095" VPOS="278" WIDTH="225" HEIGHT="37" CONTENT="Classicität" WC="0.69" CC="77620360000"/>
						<SP ID="P7_SP00416" HPOS="2320" VPOS="327" WIDTH="29"/>
						<String ID="P7_ST00470" HPOS="2349" VPOS="277" WIDTH="243" HEIGHT="37" CONTENT="aufdrücken" WC="0.99" CC="0600504547"/>
						<SP ID="P7_SP00417" HPOS="2592" VPOS="327" WIDTH="32"/>
						<String ID="P7_ST00471" HPOS="2624" VPOS="277" WIDTH="174" HEIGHT="48" CONTENT="wollten," WC="0.98" CC="95700577"/>
						<SP ID="P7_SP00418" HPOS="2798" VPOS="327" WIDTH="32"/>
						<String ID="P7_ST00472" HPOS="2830" VPOS="278" WIDTH="168" HEIGHT="35" CONTENT="sondern" WC="0.98" CC="3320545"/>
						<SP ID="P7_SP00419" HPOS="2998" VPOS="327" WIDTH="31"/>
						<String ID="P7_ST00473" HPOS="3029" VPOS="278" WIDTH="87" HEIGHT="36" CONTENT="dass" WC="0.80" CC="0610"/>
						<SP ID="P7_SP00420" HPOS="3116" VPOS="327" WIDTH="47"/>
						<String ID="P7_ST00474" HPOS="3163" VPOS="278" WIDTH="56" HEIGHT="37" CONTENT="sie" WC="0.94" CC="545"/>
						<SP ID="P7_SP00421" HPOS="3219" VPOS="327" WIDTH="43"/>
						<String ID="P7_ST00475" HPOS="3262" VPOS="278" WIDTH="102" HEIGHT="37" CONTENT="auch" WC="0.97" CC="0607"/>
					</TextLine>
					<TextLine ID="P7_TL00058" HPOS="1792" VPOS="336" WIDTH="1571" HEIGHT="51">
						<String ID="P7_ST00476" HPOS="1792" VPOS="340" WIDTH="61" HEIGHT="34" CONTENT="die" WC="0.98" CC="004"/>
						<SP ID="P7_SP00422" HPOS="1853" VPOS="374" WIDTH="30"/>
						<String ID="P7_ST00477" HPOS="1883" VPOS="341" WIDTH="112" HEIGHT="34" CONTENT="Kraft" WC="0.99" CC="00036"/>
						<SP ID="P7_SP00423" HPOS="1995" VPOS="375" WIDTH="27"/>
						<String ID="P7_ST00478" HPOS="2022" VPOS="341" WIDTH="39" HEIGHT="33" CONTENT="in" WC="0.77" CC="04"/>
						<SP ID="P7_SP00424" HPOS="2061" VPOS="375" WIDTH="32"/>
						<String ID="P7_ST00479" HPOS="2093" VPOS="341" WIDTH="83" HEIGHT="35" CONTENT="sich" WC="0.97" CC="0247"/>
						<SP ID="P7_SP00425" HPOS="2176" VPOS="376" WIDTH="30"/>
						<String ID="P7_ST00480" HPOS="2206" VPOS="340" WIDTH="165" HEIGHT="47" CONTENT="fühlten," WC="0.99" CC="00700574"/>
						<SP ID="P7_SP00426" HPOS="2371" VPOS="387" WIDTH="45"/>
						<String ID="P7_ST00481" HPOS="2416" VPOS="341" WIDTH="85" HEIGHT="33" CONTENT="dem" WC="0.98" CC="040"/>
						<SP ID="P7_SP00427" HPOS="2501" VPOS="387" WIDTH="29"/>
						<String ID="P7_ST00482" HPOS="2530" VPOS="350" WIDTH="162" HEIGHT="36" CONTENT="grossen" WC="0.99" CC="0011034"/>
						<SP ID="P7_SP00428" HPOS="2692" VPOS="387" WIDTH="31"/>
						<String ID="P7_ST00483" HPOS="2723" VPOS="336" WIDTH="146" HEIGHT="38" CONTENT="Werke" WC="0.99" CC="01204"/>
						<SP ID="P7_SP00429" HPOS="2869" VPOS="387" WIDTH="27"/>
						<String ID="P7_ST00484" HPOS="2896" VPOS="338" WIDTH="165" HEIGHT="48" CONTENT="gerecht" WC="0.98" CC="4331771"/>
						<SP ID="P7_SP00430" HPOS="3061" VPOS="387" WIDTH="41"/>
						<String ID="P7_ST00485" HPOS="3102" VPOS="351" WIDTH="49" HEIGHT="23" CONTENT="zu" WC="0.68" CC="06"/>
						<SP ID="P7_SP00431" HPOS="3151" VPOS="387" WIDTH="42"/>
						<String ID="P7_ST00486" HPOS="3193" VPOS="339" WIDTH="170" HEIGHT="35" CONTENT="werden." WC="0.99" CC="0030474"/>
					</TextLine>
					<TextLine ID="P7_TL00059" HPOS="1791" VPOS="400" WIDTH="1571" HEIGHT="47">
						<String ID="P7_ST00487" HPOS="1791" VPOS="401" WIDTH="88" HEIGHT="36" CONTENT="Und" WC="0.97" CC="070"/>
						<SP ID="P7_SP00432" HPOS="1879" VPOS="437" WIDTH="28"/>
						<String ID="P7_ST00488" HPOS="1907" VPOS="402" WIDTH="40" HEIGHT="34" CONTENT="in" WC="0.41" CC="65"/>
						<SP ID="P7_SP00433" HPOS="1947" VPOS="437" WIDTH="45"/>
						<String ID="P7_ST00489" HPOS="1992" VPOS="402" WIDTH="66" HEIGHT="34" CONTENT="der" WC="0.98" CC="004"/>
						<SP ID="P7_SP00434" HPOS="2058" VPOS="437" WIDTH="32"/>
						<String ID="P7_ST00490" HPOS="2090" VPOS="402" WIDTH="111" HEIGHT="45" CONTENT="That," WC="0.72" CC="07203"/>
						<SP ID="P7_SP00435" HPOS="2201" VPOS="447" WIDTH="32"/>
						<String ID="P7_ST00491" HPOS="2233" VPOS="402" WIDTH="55" HEIGHT="35" CONTENT="sie" WC="0.97" CC="701"/>
						<SP ID="P7_SP00436" HPOS="2288" VPOS="447" WIDTH="41"/>
						<String ID="P7_ST00492" HPOS="2329" VPOS="402" WIDTH="291" HEIGHT="45" CONTENT="rechtfertigten" WC="1.00" CC="60670010000334"/>
						<SP ID="P7_SP00437" HPOS="2620" VPOS="447" WIDTH="39"/>
						<String ID="P7_ST00493" HPOS="2659" VPOS="400" WIDTH="126" HEIGHT="36" CONTENT="dieses" WC="0.98" CC="044620"/>
						<SP ID="P7_SP00438" HPOS="2785" VPOS="447" WIDTH="30"/>
						<String ID="P7_ST00494" HPOS="2815" VPOS="401" WIDTH="214" HEIGHT="34" CONTENT="Vertrauen" WC="0.99" CC="053000715"/>
						<SP ID="P7_SP00439" HPOS="3029" VPOS="447" WIDTH="28"/>
						<String ID="P7_ST00495" HPOS="3057" VPOS="402" WIDTH="42" HEIGHT="35" CONTENT="in" WC="0.69" CC="14"/>
						<SP ID="P7_SP00440" HPOS="3099" VPOS="447" WIDTH="28"/>
						<String ID="P7_ST00496" HPOS="3127" VPOS="400" WIDTH="85" HEIGHT="37" CONTENT="sich" WC="0.98" CC="3017"/>
						<SP ID="P7_SP00441" HPOS="3212" VPOS="447" WIDTH="30"/>
						<String ID="P7_ST00497" HPOS="3242" VPOS="400" WIDTH="120" HEIGHT="35" CONTENT="durch" WC="0.97" CC="04337"/>
					</TextLine>
					<TextLine ID="P7_TL00060" HPOS="1791" VPOS="461" WIDTH="1570" HEIGHT="49">
						<String ID="P7_ST00498" HPOS="1791" VPOS="464" WIDTH="87" HEIGHT="34" CONTENT="eine" WC="0.98" CC="0045"/>
						<SP ID="P7_SP00442" HPOS="1878" VPOS="498" WIDTH="29"/>
						<String ID="P7_ST00499" HPOS="1907" VPOS="463" WIDTH="218" HEIGHT="47" CONTENT="glänzende" WC="0.99" CC="950612000"/>
						<SP ID="P7_SP00443" HPOS="2125" VPOS="510" WIDTH="29"/>
						<String ID="P7_ST00500" HPOS="2154" VPOS="463" WIDTH="242" HEIGHT="35" CONTENT="Production" WC="0.68" CC="0050721237"/>
						<SP ID="P7_SP00444" HPOS="2396" VPOS="510" WIDTH="30"/>
						<String ID="P7_ST00501" HPOS="2426" VPOS="461" WIDTH="66" HEIGHT="36" CONTENT="des" WC="0.98" CC="005"/>
						<SP ID="P7_SP00445" HPOS="2492" VPOS="510" WIDTH="31"/>
						<String ID="P7_ST00502" HPOS="2523" VPOS="461" WIDTH="250" HEIGHT="38" CONTENT="Tonwerkes." WC="0.99" CC="0070000063"/>
						<SP ID="P7_SP00446" HPOS="2773" VPOS="510" WIDTH="32"/>
						<String ID="P7_ST00503" HPOS="2805" VPOS="463" WIDTH="70" HEIGHT="33" CONTENT="Hr." WC="0.93" CC="693"/>
						<SP ID="P7_SP00447" HPOS="2875" VPOS="510" WIDTH="24"/>
						<String ID="P7_ST00504" HPOS="2899" VPOS="462" WIDTH="297" HEIGHT="46" CONTENT="Capellmeister" WC="0.79" CC="7003550140000"/>
						<SP ID="P7_SP00448" HPOS="3196" VPOS="510" WIDTH="30"/>
						<String ID="P7_ST00505" HPOS="3226" VPOS="462" WIDTH="135" HEIGHT="34" CONTENT="Rietz" WC="0.98" CC="60061"/>
					</TextLine>
					<TextLine ID="P7_TL00061" HPOS="1789" VPOS="523" WIDTH="1572" HEIGHT="49">
						<String ID="P7_ST00506" HPOS="1789" VPOS="538" WIDTH="91" HEIGHT="22" CONTENT="vom" WC="0.99" CC="020"/>
						<SP ID="P7_SP00449" HPOS="1880" VPOS="560" WIDTH="29"/>
						<String ID="P7_ST00507" HPOS="1909" VPOS="526" WIDTH="177" HEIGHT="46" CONTENT="hiesigen" WC="0.98" CC="60025854"/>
						<SP ID="P7_SP00450" HPOS="2086" VPOS="572" WIDTH="31"/>
						<String ID="P7_ST00508" HPOS="2117" VPOS="526" WIDTH="178" HEIGHT="45" CONTENT="Theater," WC="0.99" CC="06000252"/>
						<SP ID="P7_SP00451" HPOS="2295" VPOS="572" WIDTH="44"/>
						<String ID="P7_ST00509" HPOS="2339" VPOS="527" WIDTH="64" HEIGHT="33" CONTENT="ein" WC="0.98" CC="005"/>
						<SP ID="P7_SP00452" HPOS="2403" VPOS="572" WIDTH="41"/>
						<String ID="P7_ST00510" HPOS="2444" VPOS="524" WIDTH="105" HEIGHT="36" CONTENT="Sohn" WC="0.96" CC="0666"/>
						<SP ID="P7_SP00453" HPOS="2549" VPOS="572" WIDTH="32"/>
						<String ID="P7_ST00511" HPOS="2581" VPOS="525" WIDTH="66" HEIGHT="34" CONTENT="des" WC="1.00" CC="000"/>
						<SP ID="P7_SP00454" HPOS="2647" VPOS="572" WIDTH="44"/>
						<String ID="P7_ST00512" HPOS="2691" VPOS="524" WIDTH="208" HEIGHT="36" CONTENT="dresdener" WC="0.99" CC="130402009"/>
						<SP ID="P7_SP00455" HPOS="2899" VPOS="572" WIDTH="29"/>
						<String ID="P7_ST00513" HPOS="2928" VPOS="523" WIDTH="433" HEIGHT="48" CONTENT="Hof-Capellmeisters," WC="0.64" CC="7505800004054605507"/>
					</TextLine>
					<TextLine ID="P7_TL00062" HPOS="1789" VPOS="586" WIDTH="1571" HEIGHT="48">
						<String ID="P7_ST00514" HPOS="1789" VPOS="588" WIDTH="202" HEIGHT="37" CONTENT="bewährte" WC="0.98" CC="75007604"/>
						<SP ID="P7_SP00456" HPOS="1991" VPOS="625" WIDTH="45"/>
						<String ID="P7_ST00515" HPOS="2036" VPOS="589" WIDTH="92" HEIGHT="42" CONTENT="sich," WC="0.99" CC="00053"/>
						<SP ID="P7_SP00457" HPOS="2128" VPOS="631" WIDTH="47"/>
						<String ID="P7_ST00516" HPOS="2175" VPOS="590" WIDTH="73" HEIGHT="33" CONTENT="wie" WC="0.98" CC="005"/>
						<SP ID="P7_SP00458" HPOS="2248" VPOS="631" WIDTH="45"/>
						<String ID="P7_ST00517" HPOS="2293" VPOS="600" WIDTH="40" HEIGHT="23" CONTENT="er" WC="0.54" CC="17"/>
						<SP ID="P7_SP00459" HPOS="2333" VPOS="631" WIDTH="43"/>
						<String ID="P7_ST00518" HPOS="2376" VPOS="586" WIDTH="58" HEIGHT="37" CONTENT="als" WC="0.95" CC="607"/>
						<SP ID="P7_SP00460" HPOS="2434" VPOS="631" WIDTH="29"/>
						<String ID="P7_ST00519" HPOS="2463" VPOS="587" WIDTH="183" HEIGHT="46" CONTENT="Dirigent" WC="0.98" CC="45255420"/>
						<SP ID="P7_SP00461" HPOS="2646" VPOS="633" WIDTH="42"/>
						<String ID="P7_ST00520" HPOS="2688" VPOS="587" WIDTH="66" HEIGHT="36" CONTENT="der" WC="0.98" CC="033"/>
						<SP ID="P7_SP00462" HPOS="2754" VPOS="633" WIDTH="30"/>
						<String ID="P7_ST00521" HPOS="2784" VPOS="587" WIDTH="104" HEIGHT="47" CONTENT="Oper" WC="0.98" CC="3030"/>
						<SP ID="P7_SP00463" HPOS="2888" VPOS="634" WIDTH="34"/>
						<String ID="P7_ST00522" HPOS="2922" VPOS="586" WIDTH="121" HEIGHT="35" CONTENT="schon" WC="0.97" CC="04766"/>
						<SP ID="P7_SP00464" HPOS="3043" VPOS="634" WIDTH="30"/>
						<String ID="P7_ST00523" HPOS="3073" VPOS="586" WIDTH="156" HEIGHT="47" CONTENT="gethan," WC="0.79" CC="0206050"/>
						<SP ID="P7_SP00465" HPOS="3229" VPOS="634" WIDTH="31"/>
						<String ID="P7_ST00524" HPOS="3260" VPOS="586" WIDTH="100" HEIGHT="35" CONTENT="auch" WC="0.96" CC="0726"/>
					</TextLine>
					<TextLine ID="P7_TL00063" HPOS="1788" VPOS="646" WIDTH="1572" HEIGHT="50">
						<String ID="P7_ST00525" HPOS="1788" VPOS="651" WIDTH="57" HEIGHT="34" CONTENT="als" WC="0.98" CC="005"/>
						<SP ID="P7_SP00466" HPOS="1845" VPOS="685" WIDTH="29"/>
						<String ID="P7_ST00526" HPOS="1874" VPOS="650" WIDTH="287" HEIGHT="36" CONTENT="vortrefflicher" WC="0.99" CC="00005079101770"/>
						<SP ID="P7_SP00467" HPOS="2161" VPOS="686" WIDTH="18"/>
						<String ID="P7_ST00527" HPOS="2179" VPOS="648" WIDTH="311" HEIGHT="48" CONTENT="Ciavierspieler," WC="0.99" CC="450000960432050"/>
						<SP ID="P7_SP00468" HPOS="2490" VPOS="696" WIDTH="31"/>
						<String ID="P7_ST00528" HPOS="2521" VPOS="649" WIDTH="79" HEIGHT="46" CONTENT="der," WC="0.98" CC="0604"/>
						<SP ID="P7_SP00469" HPOS="2600" VPOS="696" WIDTH="35"/>
						<String ID="P7_ST00529" HPOS="2635" VPOS="649" WIDTH="60" HEIGHT="34" CONTENT="die" WC="0.98" CC="004"/>
						<SP ID="P7_SP00470" HPOS="2695" VPOS="696" WIDTH="30"/>
						<String ID="P7_ST00530" HPOS="2725" VPOS="647" WIDTH="255" HEIGHT="37" CONTENT="technischen" WC="0.99" CC="00374001753"/>
						<SP ID="P7_SP00471" HPOS="2980" VPOS="696" WIDTH="31"/>
						<String ID="P7_ST00531" HPOS="3011" VPOS="646" WIDTH="349" HEIGHT="47" CONTENT="Schwierigkeiten" WC="1.00" CC="707004450020021"/>
					</TextLine>
					<TextLine ID="P7_TL00064" HPOS="1789" VPOS="709" WIDTH="1571" HEIGHT="51">
						<String ID="P7_ST00532" HPOS="1789" VPOS="717" WIDTH="69" HEIGHT="33" CONTENT="mit" WC="1.00" CC="000"/>
						<SP ID="P7_SP00472" HPOS="1858" VPOS="750" WIDTH="29"/>
						<String ID="P7_ST00533" HPOS="1887" VPOS="713" WIDTH="267" HEIGHT="47" CONTENT="Leichtigkeit" WC="0.99" CC="500775003000"/>
						<SP ID="P7_SP00473" HPOS="2154" VPOS="760" WIDTH="27"/>
						<String ID="P7_ST00534" HPOS="2181" VPOS="712" WIDTH="291" HEIGHT="44" CONTENT="überwindend," WC="0.99" CC="074400701702"/>
						<SP ID="P7_SP00474" HPOS="2472" VPOS="760" WIDTH="32"/>
						<String ID="P7_ST00535" HPOS="2504" VPOS="712" WIDTH="86" HEIGHT="34" CONTENT="dem" WC="0.98" CC="040"/>
						<SP ID="P7_SP00475" HPOS="2590" VPOS="760" WIDTH="22"/>
						<String ID="P7_ST00536" HPOS="2612" VPOS="712" WIDTH="134" HEIGHT="34" CONTENT="Geiste" WC="0.99" CC="000405"/>
						<SP ID="P7_SP00476" HPOS="2746" VPOS="760" WIDTH="29"/>
						<String ID="P7_ST00537" HPOS="2775" VPOS="712" WIDTH="82" HEIGHT="34" CONTENT="sein" WC="0.97" CC="5540"/>
						<SP ID="P7_SP00477" HPOS="2857" VPOS="760" WIDTH="31"/>
						<String ID="P7_ST00538" HPOS="2888" VPOS="710" WIDTH="124" HEIGHT="35" CONTENT="Recht" WC="0.98" CC="02570"/>
						<SP ID="P7_SP00478" HPOS="3012" VPOS="760" WIDTH="29"/>
						<String ID="P7_ST00539" HPOS="3041" VPOS="710" WIDTH="109" HEIGHT="36" CONTENT="nicht" WC="0.98" CC="00570"/>
						<SP ID="P7_SP00479" HPOS="3150" VPOS="760" WIDTH="27"/>
						<String ID="P7_ST00540" HPOS="3177" VPOS="709" WIDTH="157" HEIGHT="36" CONTENT="verküm" SUBS_TYPE="HypPart1" SUBS_CONTENT="verkümmert" WC="1.00" CC="014000"/>
						<HYP HPOS="3334" VPOS="709" WIDTH="26" CONTENT="-"/>
					</TextLine>
					<TextLine ID="P7_TL00065" HPOS="1788" VPOS="772" WIDTH="1572" HEIGHT="47">
						<String ID="P7_ST00541" HPOS="1788" VPOS="781" WIDTH="98" HEIGHT="30" CONTENT="mert" SUBS_TYPE="HypPart2" SUBS_CONTENT="verkümmert" WC="0.99" CC="0300"/>
						<SP ID="P7_SP00480" HPOS="1886" VPOS="811" WIDTH="27"/>
						<String ID="P7_ST00542" HPOS="1913" VPOS="776" WIDTH="79" HEIGHT="35" CONTENT="und" WC="0.95" CC="670"/>
						<SP ID="P7_SP00481" HPOS="1992" VPOS="811" WIDTH="44"/>
						<String ID="P7_ST00543" HPOS="2036" VPOS="776" WIDTH="121" HEIGHT="34" CONTENT="durch" WC="0.97" CC="76056"/>
						<SP ID="P7_SP00482" HPOS="2157" VPOS="811" WIDTH="31"/>
						<String ID="P7_ST00544" HPOS="2188" VPOS="774" WIDTH="241" HEIGHT="35" CONTENT="Correctheit" WC="0.70" CC="66001057500"/>
						<SP ID="P7_SP00483" HPOS="2429" VPOS="811" WIDTH="44"/>
						<String ID="P7_ST00545" HPOS="2473" VPOS="774" WIDTH="67" HEIGHT="35" CONTENT="des" WC="0.98" CC="023"/>
						<SP ID="P7_SP00484" HPOS="2540" VPOS="811" WIDTH="30"/>
						<String ID="P7_ST00546" HPOS="2570" VPOS="772" WIDTH="150" HEIGHT="47" CONTENT="Spieles" WC="0.99" CC="0001330"/>
						<SP ID="P7_SP00485" HPOS="2720" VPOS="819" WIDTH="43"/>
						<String ID="P7_ST00547" HPOS="2763" VPOS="772" WIDTH="73" HEIGHT="35" CONTENT="den" WC="0.98" CC="003"/>
						<SP ID="P7_SP00486" HPOS="2836" VPOS="819" WIDTH="28"/>
						<String ID="P7_ST00548" HPOS="2864" VPOS="772" WIDTH="275" HEIGHT="46" CONTENT="begleitenden" WC="0.99" CC="150362007027"/>
						<SP ID="P7_SP00487" HPOS="3139" VPOS="819" WIDTH="31"/>
						<String ID="P7_ST00549" HPOS="3170" VPOS="772" WIDTH="190" HEIGHT="35" CONTENT="Stimmen" WC="0.99" CC="9100025"/>
					</TextLine>
					<TextLine ID="P7_TL00066" HPOS="1789" VPOS="833" WIDTH="1572" HEIGHT="51">
						<String ID="P7_ST00550" HPOS="1789" VPOS="839" WIDTH="62" HEIGHT="34" CONTENT="die" WC="0.97" CC="800"/>
						<SP ID="P7_SP00488" HPOS="1851" VPOS="873" WIDTH="31"/>
						<String ID="P7_ST00551" HPOS="1882" VPOS="837" WIDTH="303" HEIGHT="47" CONTENT="Schwierigkeit" WC="0.99" CC="0570400090227"/>
						<SP ID="P7_SP00489" HPOS="2185" VPOS="884" WIDTH="29"/>
						<String ID="P7_ST00552" HPOS="2214" VPOS="836" WIDTH="222" HEIGHT="35" CONTENT="erleichtert" WC="0.99" CC="04540545100"/>
						<SP ID="P7_SP00490" HPOS="2436" VPOS="884" WIDTH="30"/>
						<String ID="P7_ST00553" HPOS="2466" VPOS="835" WIDTH="80" HEIGHT="35" CONTENT="und" WC="0.97" CC="600"/>
						<SP ID="P7_SP00491" HPOS="2546" VPOS="884" WIDTH="29"/>
						<String ID="P7_ST00554" HPOS="2575" VPOS="835" WIDTH="119" HEIGHT="34" CONTENT="ihnen" WC="0.96" CC="26747"/>
						<SP ID="P7_SP00492" HPOS="2694" VPOS="884" WIDTH="31"/>
						<String ID="P7_ST00555" HPOS="2725" VPOS="834" WIDTH="74" HEIGHT="36" CONTENT="den" WC="0.97" CC="007"/>
						<SP ID="P7_SP00493" HPOS="2799" VPOS="884" WIDTH="29"/>
						<String ID="P7_ST00556" HPOS="2828" VPOS="835" WIDTH="125" HEIGHT="34" CONTENT="Raum" WC="0.99" CC="0040"/>
						<SP ID="P7_SP00494" HPOS="2953" VPOS="884" WIDTH="30"/>
						<String ID="P7_ST00557" HPOS="2983" VPOS="834" WIDTH="187" HEIGHT="46" CONTENT="gewährt," WC="0.99" CC="02006504"/>
						<SP ID="P7_SP00495" HPOS="3170" VPOS="884" WIDTH="31"/>
						<String ID="P7_ST00558" HPOS="3201" VPOS="833" WIDTH="72" HEIGHT="35" CONTENT="den" WC="0.97" CC="025"/>
						<SP ID="P7_SP00496" HPOS="3273" VPOS="884" WIDTH="31"/>
						<String ID="P7_ST00559" HPOS="3304" VPOS="833" WIDTH="57" HEIGHT="35" CONTENT="sie" WC="0.98" CC="031"/>
					</TextLine>
					<TextLine ID="P7_TL00067" HPOS="1789" VPOS="894" WIDTH="1571" HEIGHT="52">
						<String ID="P7_ST00560" HPOS="1789" VPOS="913" WIDTH="48" HEIGHT="23" CONTENT="zu" WC="0.68" CC="06"/>
						<SP ID="P7_SP00497" HPOS="1837" VPOS="936" WIDTH="42"/>
						<String ID="P7_ST00561" HPOS="1879" VPOS="901" WIDTH="103" HEIGHT="34" CONTENT="ihrer" WC="0.96" CC="57914"/>
						<SP ID="P7_SP00498" HPOS="1982" VPOS="936" WIDTH="43"/>
						<String ID="P7_ST00562" HPOS="2025" VPOS="901" WIDTH="164" HEIGHT="45" CONTENT="eigenen" WC="0.99" CC="0600601"/>
						<SP ID="P7_SP00499" HPOS="2189" VPOS="946" WIDTH="44"/>
						<String ID="P7_ST00563" HPOS="2233" VPOS="898" WIDTH="131" HEIGHT="36" CONTENT="vollen" WC="0.98" CC="061625"/>
						<SP ID="P7_SP00500" HPOS="2364" VPOS="946" WIDTH="48"/>
						<String ID="P7_ST00564" HPOS="2412" VPOS="897" WIDTH="281" HEIGHT="47" CONTENT="Entwicklung" WC="0.99" CC="47000404600"/>
						<SP ID="P7_SP00501" HPOS="2693" VPOS="946" WIDTH="46"/>
						<String ID="P7_ST00565" HPOS="2739" VPOS="897" WIDTH="201" HEIGHT="35" CONTENT="bedürfen." WC="0.99" CC="560060353"/>
						<SP ID="P7_SP00502" HPOS="2940" VPOS="946" WIDTH="57"/>
						<String ID="P7_ST00566" HPOS="2997" VPOS="896" WIDTH="102" HEIGHT="35" CONTENT="Herr" WC="0.98" CC="6200"/>
						<SP ID="P7_SP00503" HPOS="3099" VPOS="946" WIDTH="42"/>
						<String ID="P7_ST00567" HPOS="3141" VPOS="896" WIDTH="117" HEIGHT="34" CONTENT="Beer" WC="0.98" CC="1124"/>
						<SP ID="P7_SP00504" HPOS="3258" VPOS="946" WIDTH="46"/>
						<String ID="P7_ST00568" HPOS="3304" VPOS="894" WIDTH="56" HEIGHT="36" CONTENT="als" WC="0.97" CC="025"/>
					</TextLine>
					<TextLine ID="P7_TL00068" HPOS="1787" VPOS="956" WIDTH="1573" HEIGHT="53">
						<String ID="P7_ST00569" HPOS="1787" VPOS="961" WIDTH="278" HEIGHT="48" CONTENT="Violinspieler" WC="0.99" CC="0015351040335"/>
						<SP ID="P7_SP00505" HPOS="2065" VPOS="1009" WIDTH="27"/>
						<String ID="P7_ST00570" HPOS="2092" VPOS="961" WIDTH="81" HEIGHT="36" CONTENT="und" WC="0.95" CC="660"/>
						<SP ID="P7_SP00506" HPOS="2173" VPOS="1009" WIDTH="29"/>
						<String ID="P7_ST00571" HPOS="2202" VPOS="962" WIDTH="61" HEIGHT="34" CONTENT="ein" WC="0.96" CC="605"/>
						<SP ID="P7_SP00507" HPOS="2263" VPOS="1009" WIDTH="16"/>
						<String ID="P7_ST00572" HPOS="2279" VPOS="959" WIDTH="326" HEIGHT="36" CONTENT="verdienstvoller" WC="0.99" CC="049302700355529"/>
						<SP ID="P7_SP00508" HPOS="2605" VPOS="1009" WIDTH="17"/>
						<String ID="P7_ST00573" HPOS="2622" VPOS="959" WIDTH="194" HEIGHT="35" CONTENT="Dilletant" WC="0.88" CC="000410040"/>
						<SP ID="P7_SP00509" HPOS="2816" VPOS="1009" WIDTH="32"/>
						<String ID="P7_ST00574" HPOS="2848" VPOS="958" WIDTH="56" HEIGHT="36" CONTENT="als" WC="0.98" CC="006"/>
						<SP ID="P7_SP00510" HPOS="2904" VPOS="1009" WIDTH="30"/>
						<String ID="P7_ST00575" HPOS="2934" VPOS="957" WIDTH="276" HEIGHT="36" CONTENT="Violoncellist" WC="0.99" CC="0005175450000"/>
						<SP ID="P7_SP00511" HPOS="3210" VPOS="1009" WIDTH="22"/>
						<String ID="P7_ST00576" HPOS="3232" VPOS="956" WIDTH="128" HEIGHT="35" CONTENT="lösten" WC="0.97" CC="601827"/>
					</TextLine>
					<TextLine ID="P7_TL00069" HPOS="1786" VPOS="1019" WIDTH="1572" HEIGHT="54">
						<String ID="P7_ST00577" HPOS="1786" VPOS="1026" WIDTH="83" HEIGHT="35" CONTENT="ihre" WC="0.96" CC="5706"/>
						<SP ID="P7_SP00512" HPOS="1869" VPOS="1061" WIDTH="29"/>
						<String ID="P7_ST00578" HPOS="1898" VPOS="1037" WIDTH="134" HEIGHT="36" CONTENT="grosse" WC="0.98" CC="196040"/>
						<SP ID="P7_SP00513" HPOS="2032" VPOS="1073" WIDTH="30"/>
						<String ID="P7_ST00579" HPOS="2062" VPOS="1024" WIDTH="179" HEIGHT="48" CONTENT="Aufgabe" WC="0.99" CC="0600350"/>
						<SP ID="P7_SP00514" HPOS="2241" VPOS="1073" WIDTH="28"/>
						<String ID="P7_ST00580" HPOS="2269" VPOS="1025" WIDTH="68" HEIGHT="33" CONTENT="mit" WC="1.00" CC="000"/>
						<SP ID="P7_SP00515" HPOS="2337" VPOS="1073" WIDTH="29"/>
						<String ID="P7_ST00581" HPOS="2366" VPOS="1023" WIDTH="109" HEIGHT="36" CONTENT="nicht" WC="0.96" CC="80759"/>
						<SP ID="P7_SP00516" HPOS="2475" VPOS="1073" WIDTH="29"/>
						<String ID="P7_ST00582" HPOS="2504" VPOS="1023" WIDTH="194" HEIGHT="35" CONTENT="minderer" WC="0.99" CC="00707045"/>
						<SP ID="P7_SP00517" HPOS="2698" VPOS="1073" WIDTH="29"/>
						<String ID="P7_ST00583" HPOS="2727" VPOS="1021" WIDTH="243" HEIGHT="44" CONTENT="Virtuosität," WC="0.99" CC="034075200024"/>
						<SP ID="P7_SP00518" HPOS="2970" VPOS="1073" WIDTH="39"/>
						<String ID="P7_ST00584" HPOS="3009" VPOS="1019" WIDTH="57" HEIGHT="36" CONTENT="als" WC="0.96" CC="056"/>
						<SP ID="P7_SP00519" HPOS="3066" VPOS="1073" WIDTH="29"/>
						<String ID="P7_ST00585" HPOS="3095" VPOS="1020" WIDTH="102" HEIGHT="34" CONTENT="Herr" WC="0.98" CC="6104"/>
						<SP ID="P7_SP00520" HPOS="3197" VPOS="1073" WIDTH="38"/>
						<String ID="P7_ST00586" HPOS="3235" VPOS="1019" WIDTH="123" HEIGHT="47" CONTENT="Rietz," WC="0.98" CC="044064"/>
					</TextLine>
					<TextLine ID="P7_TL00070" HPOS="1787" VPOS="1080" WIDTH="1572" HEIGHT="49">
						<String ID="P7_ST00587" HPOS="1787" VPOS="1089" WIDTH="78" HEIGHT="35" CONTENT="und" WC="0.97" CC="440"/>
						<SP ID="P7_SP00521" HPOS="1865" VPOS="1124" WIDTH="30"/>
						<String ID="P7_ST00588" HPOS="1895" VPOS="1101" WIDTH="41" HEIGHT="22" CONTENT="so" WC="0.79" CC="40"/>
						<SP ID="P7_SP00522" HPOS="1936" VPOS="1124" WIDTH="32"/>
						<String ID="P7_ST00589" HPOS="1968" VPOS="1088" WIDTH="137" HEIGHT="34" CONTENT="hörten" WC="0.99" CC="707000"/>
						<SP ID="P7_SP00523" HPOS="2105" VPOS="1124" WIDTH="30"/>
						<String ID="P7_ST00590" HPOS="2135" VPOS="1087" WIDTH="70" HEIGHT="34" CONTENT="wir" WC="0.99" CC="020"/>
						<SP ID="P7_SP00524" HPOS="2205" VPOS="1124" WIDTH="29"/>
						<String ID="P7_ST00591" HPOS="2234" VPOS="1086" WIDTH="125" HEIGHT="36" CONTENT="dieses" WC="0.99" CC="000606"/>
						<SP ID="P7_SP00525" HPOS="2359" VPOS="1124" WIDTH="30"/>
						<String ID="P7_ST00592" HPOS="2389" VPOS="1087" WIDTH="91" HEIGHT="33" CONTENT="Trio" WC="0.98" CC="0602"/>
						<SP ID="P7_SP00526" HPOS="2480" VPOS="1124" WIDTH="31"/>
						<String ID="P7_ST00593" HPOS="2511" VPOS="1087" WIDTH="40" HEIGHT="32" CONTENT="in" WC="0.52" CC="26"/>
						<SP ID="P7_SP00527" HPOS="2551" VPOS="1124" WIDTH="30"/>
						<String ID="P7_ST00594" HPOS="2581" VPOS="1086" WIDTH="118" HEIGHT="43" CONTENT="einer," WC="0.98" CC="008304"/>
						<SP ID="P7_SP00528" HPOS="2699" VPOS="1129" WIDTH="47"/>
						<String ID="P7_ST00595" HPOS="2746" VPOS="1084" WIDTH="66" HEIGHT="35" CONTENT="der" WC="1.00" CC="000"/>
						<SP ID="P7_SP00529" HPOS="2812" VPOS="1129" WIDTH="29"/>
						<String ID="P7_ST00596" HPOS="2841" VPOS="1082" WIDTH="264" HEIGHT="35" CONTENT="Herrlichkeit" WC="0.99" CC="626952670000"/>
						<SP ID="P7_SP00530" HPOS="3105" VPOS="1129" WIDTH="44"/>
						<String ID="P7_ST00597" HPOS="3149" VPOS="1082" WIDTH="65" HEIGHT="35" CONTENT="der" WC="1.00" CC="000"/>
						<SP ID="P7_SP00531" HPOS="3214" VPOS="1129" WIDTH="30"/>
						<String ID="P7_ST00598" HPOS="3244" VPOS="1080" WIDTH="87" HEIGHT="36" CONTENT="Com" SUBS_TYPE="HypPart1" SUBS_CONTENT="Composition" WC="0.68" CC="440"/>
						<HYP HPOS="3331" VPOS="1080" WIDTH="28" CONTENT="-"/>
					</TextLine>
					<TextLine ID="P7_TL00071" HPOS="1785" VPOS="1141" WIDTH="1575" HEIGHT="55">
						<String ID="P7_ST00599" HPOS="1785" VPOS="1150" WIDTH="171" HEIGHT="46" CONTENT="position" SUBS_TYPE="HypPart2" SUBS_CONTENT="Composition" WC="0.74" CC="00209250"/>
						<SP ID="P7_SP00532" HPOS="1956" VPOS="1196" WIDTH="50"/>
						<String ID="P7_ST00600" HPOS="2006" VPOS="1148" WIDTH="333" HEIGHT="47" CONTENT="entsprechenden" WC="0.99" CC="07530936728333"/>
						<SP ID="P7_SP00533" HPOS="2339" VPOS="1196" WIDTH="42"/>
						<String ID="P7_ST00601" HPOS="2381" VPOS="1146" WIDTH="272" HEIGHT="47" CONTENT="Ausführung," WC="0.99" CC="06500707704"/>
						<SP ID="P7_SP00534" HPOS="2653" VPOS="1196" WIDTH="56"/>
						<String ID="P7_ST00602" HPOS="2709" VPOS="1155" WIDTH="48" HEIGHT="24" CONTENT="an" WC="0.63" CC="07"/>
						<SP ID="P7_SP00535" HPOS="2757" VPOS="1196" WIDTH="50"/>
						<String ID="P7_ST00603" HPOS="2807" VPOS="1144" WIDTH="168" HEIGHT="35" CONTENT="welcher" WC="0.98" CC="0005639"/>
						<SP ID="P7_SP00536" HPOS="2975" VPOS="1196" WIDTH="40"/>
						<String ID="P7_ST00604" HPOS="3015" VPOS="1142" WIDTH="110" HEIGHT="46" CONTENT="jeder" WC="1.00" CC="01010"/>
						<SP ID="P7_SP00537" HPOS="3125" VPOS="1196" WIDTH="43"/>
						<String ID="P7_ST00605" HPOS="3168" VPOS="1141" WIDTH="192" HEIGHT="35" CONTENT="Verehrer" WC="0.99" CC="01007507"/>
					</TextLine>
					<TextLine ID="P7_TL00072" HPOS="1784" VPOS="1204" WIDTH="1574" HEIGHT="52">
						<String ID="P7_ST00606" HPOS="1784" VPOS="1209" WIDTH="261" HEIGHT="37" CONTENT="Beethoven's" WC="0.70" CC="03506402730"/>
						<SP ID="P7_SP00538" HPOS="2045" VPOS="1246" WIDTH="48"/>
						<String ID="P7_ST00607" HPOS="2093" VPOS="1210" WIDTH="149" HEIGHT="35" CONTENT="Freude" WC="0.99" CC="102600"/>
						<SP ID="P7_SP00539" HPOS="2242" VPOS="1246" WIDTH="46"/>
						<String ID="P7_ST00608" HPOS="2288" VPOS="1208" WIDTH="143" HEIGHT="48" CONTENT="gehabt" WC="0.98" CC="057330"/>
						<SP ID="P7_SP00540" HPOS="2431" VPOS="1256" WIDTH="46"/>
						<String ID="P7_ST00609" HPOS="2477" VPOS="1208" WIDTH="119" HEIGHT="34" CONTENT="hätte." WC="0.99" CC="700002"/>
						<SP ID="P7_SP00541" HPOS="2596" VPOS="1256" WIDTH="59"/>
						<String ID="P7_ST00610" HPOS="2655" VPOS="1207" WIDTH="89" HEIGHT="35" CONTENT="Und" WC="0.97" CC="080"/>
						<SP ID="P7_SP00542" HPOS="2744" VPOS="1256" WIDTH="43"/>
						<String ID="P7_ST00611" HPOS="2787" VPOS="1218" WIDTH="117" HEIGHT="23" CONTENT="unser" WC="0.96" CC="78255"/>
						<SP ID="P7_SP00543" HPOS="2904" VPOS="1256" WIDTH="35"/>
						<String ID="P7_ST00612" HPOS="2939" VPOS="1204" WIDTH="233" HEIGHT="36" CONTENT="Publicum?" WC="0.98" CC="747436705"/>
						<SP ID="P7_SP00544" HPOS="3172" VPOS="1256" WIDTH="146"/>
						<String ID="P7_ST00613" HPOS="3318" VPOS="1214" WIDTH="40" HEIGHT="24" CONTENT="es" WC="0.68" CC="60"/>
					</TextLine>
					<TextLine ID="P7_TL00073" HPOS="1785" VPOS="1265" WIDTH="1573" HEIGHT="55">
						<String ID="P7_ST00614" HPOS="1785" VPOS="1279" WIDTH="154" HEIGHT="31" CONTENT="staunte" WC="0.99" CC="3006501"/>
						<SP ID="P7_SP00545" HPOS="1939" VPOS="1310" WIDTH="31"/>
						<String ID="P7_ST00615" HPOS="1970" VPOS="1274" WIDTH="92" HEIGHT="35" CONTENT="oder" WC="0.99" CC="7000"/>
						<SP ID="P7_SP00546" HPOS="2062" VPOS="1310" WIDTH="27"/>
						<String ID="P7_ST00616" HPOS="2089" VPOS="1273" WIDTH="145" HEIGHT="47" CONTENT="begriff" WC="0.98" CC="7500387"/>
						<SP ID="P7_SP00547" HPOS="2234" VPOS="1320" WIDTH="25"/>
						<String ID="P7_ST00617" HPOS="2259" VPOS="1273" WIDTH="109" HEIGHT="34" CONTENT="nicht" WC="0.96" CC="60677"/>
						<SP ID="P7_SP00548" HPOS="2368" VPOS="1320" WIDTH="110"/>
						<String ID="P7_ST00618" HPOS="2478" VPOS="1272" WIDTH="95" HEIGHT="34" CONTENT="kurz" WC="0.97" CC="0652"/>
						<SP ID="P7_SP00549" HPOS="2573" VPOS="1320" WIDTH="32"/>
						<String ID="P7_ST00619" HPOS="2605" VPOS="1282" WIDTH="39" HEIGHT="24" CONTENT="es" WC="1.00" CC="00"/>
						<SP ID="P7_SP00550" HPOS="2644" VPOS="1320" WIDTH="30"/>
						<String ID="P7_ST00620" HPOS="2674" VPOS="1282" WIDTH="80" HEIGHT="23" CONTENT="war" WC="0.98" CC="004"/>
						<SP ID="P7_SP00551" HPOS="2754" VPOS="1320" WIDTH="28"/>
						<String ID="P7_ST00621" HPOS="2782" VPOS="1269" WIDTH="127" HEIGHT="35" CONTENT="kälter" WC="1.00" CC="000000"/>
						<SP ID="P7_SP00552" HPOS="2909" VPOS="1320" WIDTH="30"/>
						<String ID="P7_ST00622" HPOS="2939" VPOS="1268" WIDTH="55" HEIGHT="35" CONTENT="als" WC="0.99" CC="003"/>
						<SP ID="P7_SP00553" HPOS="2994" VPOS="1320" WIDTH="37"/>
						<String ID="P7_ST00623" HPOS="3031" VPOS="1268" WIDTH="61" HEIGHT="35" CONTENT="ein" WC="0.96" CC="407"/>
						<SP ID="P7_SP00554" HPOS="3092" VPOS="1320" WIDTH="30"/>
						<String ID="P7_ST00624" HPOS="3122" VPOS="1265" WIDTH="210" HEIGHT="36" CONTENT="November" SUBS_TYPE="HypPart1" SUBS_CONTENT="Novembertag," WC="0.99" CC="75010010"/>
						<HYP HPOS="3332" VPOS="1265" WIDTH="26" CONTENT="-"/>
					</TextLine>
					<TextLine ID="P7_TL00074" HPOS="1785" VPOS="1327" WIDTH="1571" HEIGHT="56">
						<String ID="P7_ST00625" HPOS="1785" VPOS="1344" WIDTH="78" HEIGHT="39" CONTENT="tag," SUBS_TYPE="HypPart2" SUBS_CONTENT="Novembertag," WC="0.97" CC="0084"/>
						<SP ID="P7_SP00555" HPOS="1863" VPOS="1383" WIDTH="47"/>
						<String ID="P7_ST00626" HPOS="1910" VPOS="1337" WIDTH="80" HEIGHT="35" CONTENT="und" WC="0.94" CC="880"/>
						<SP ID="P7_SP00556" HPOS="1990" VPOS="1383" WIDTH="45"/>
						<String ID="P7_ST00627" HPOS="2035" VPOS="1336" WIDTH="67" HEIGHT="35" CONTENT="der" WC="0.99" CC="010"/>
						<SP ID="P7_SP00557" HPOS="2102" VPOS="1383" WIDTH="29"/>
						<String ID="P7_ST00628" HPOS="2131" VPOS="1336" WIDTH="175" HEIGHT="47" CONTENT="Applaus" WC="0.99" CC="0002075"/>
						<SP ID="P7_SP00558" HPOS="2306" VPOS="1383" WIDTH="29"/>
						<String ID="P7_ST00629" HPOS="2335" VPOS="1334" WIDTH="209" HEIGHT="35" CONTENT="Einzelner" WC="0.99" CC="306152744"/>
						<SP ID="P7_SP00559" HPOS="2544" VPOS="1383" WIDTH="45"/>
						<String ID="P7_ST00630" HPOS="2589" VPOS="1333" WIDTH="201" HEIGHT="37" CONTENT="schwirrte" WC="0.98" CC="657009404"/>
						<SP ID="P7_SP00560" HPOS="2790" VPOS="1383" WIDTH="30"/>
						<String ID="P7_ST00631" HPOS="2820" VPOS="1332" WIDTH="73" HEIGHT="35" CONTENT="wie" WC="1.00" CC="000"/>
						<SP ID="P7_SP00561" HPOS="2893" VPOS="1383" WIDTH="44"/>
						<String ID="P7_ST00632" HPOS="2937" VPOS="1329" WIDTH="221" HEIGHT="49" CONTENT="ängstliche" WC="0.99" CC="9704050471"/>
						<SP ID="P7_SP00562" HPOS="3158" VPOS="1383" WIDTH="33"/>
						<String ID="P7_ST00633" HPOS="3191" VPOS="1327" WIDTH="165" HEIGHT="47" CONTENT="Vöglein" WC="0.99" CC="0045000"/>
					</TextLine>
					<TextLine ID="P7_TL00075" HPOS="1785" VPOS="1390" WIDTH="1571" HEIGHT="54">
						<String ID="P7_ST00634" HPOS="1785" VPOS="1400" WIDTH="121" HEIGHT="33" CONTENT="durch" WC="0.96" CC="05947"/>
						<SP ID="P7_SP00563" HPOS="1906" VPOS="1433" WIDTH="50"/>
						<String ID="P7_ST00635" HPOS="1956" VPOS="1399" WIDTH="72" HEIGHT="34" CONTENT="den" WC="0.98" CC="006"/>
						<SP ID="P7_SP00564" HPOS="2028" VPOS="1433" WIDTH="48"/>
						<String ID="P7_ST00636" HPOS="2076" VPOS="1397" WIDTH="131" HEIGHT="36" CONTENT="stillen" WC="0.98" CC="3035333"/>
						<SP ID="P7_SP00565" HPOS="2207" VPOS="1433" WIDTH="32"/>
						<String ID="P7_ST00637" HPOS="2239" VPOS="1396" WIDTH="100" HEIGHT="48" CONTENT="Saal," WC="0.99" CC="00054"/>
						<SP ID="P7_SP00566" HPOS="2339" VPOS="1444" WIDTH="38"/>
						<String ID="P7_ST00638" HPOS="2377" VPOS="1397" WIDTH="66" HEIGHT="34" CONTENT="der" WC="0.99" CC="020"/>
						<SP ID="P7_SP00567" HPOS="2443" VPOS="1444" WIDTH="47"/>
						<String ID="P7_ST00639" HPOS="2490" VPOS="1395" WIDTH="179" HEIGHT="36" CONTENT="überdies" WC="0.99" CC="05590000"/>
						<SP ID="P7_SP00568" HPOS="2669" VPOS="1444" WIDTH="29"/>
						<String ID="P7_ST00640" HPOS="2698" VPOS="1406" WIDTH="73" HEIGHT="22" CONTENT="nur" WC="0.93" CC="775"/>
						<SP ID="P7_SP00569" HPOS="2771" VPOS="1444" WIDTH="29"/>
						<String ID="P7_ST00641" HPOS="2800" VPOS="1393" WIDTH="88" HEIGHT="36" CONTENT="sehr" WC="0.97" CC="6070"/>
						<SP ID="P7_SP00570" HPOS="2888" VPOS="1444" WIDTH="29"/>
						<String ID="P7_ST00642" HPOS="2917" VPOS="1392" WIDTH="145" HEIGHT="46" CONTENT="mässig" WC="0.90" CC="000500"/>
						<SP ID="P7_SP00571" HPOS="3062" VPOS="1444" WIDTH="27"/>
						<String ID="P7_ST00643" HPOS="3089" VPOS="1390" WIDTH="149" HEIGHT="37" CONTENT="besetzt" WC="0.98" CC="7561020"/>
						<SP ID="P7_SP00572" HPOS="3238" VPOS="1444" WIDTH="29"/>
						<String ID="P7_ST00644" HPOS="3267" VPOS="1400" WIDTH="89" HEIGHT="24" CONTENT="war." WC="0.99" CC="0003"/>
					</TextLine>
					<TextLine ID="P7_TL00076" HPOS="1784" VPOS="1449" WIDTH="1572" HEIGHT="51">
						<String ID="P7_ST00645" HPOS="1784" VPOS="1461" WIDTH="121" HEIGHT="34" CONTENT="Hatte" WC="0.98" CC="60033"/>
						<SP ID="P7_SP00573" HPOS="1905" VPOS="1495" WIDTH="46"/>
						<String ID="P7_ST00646" HPOS="1951" VPOS="1460" WIDTH="101" HEIGHT="35" CONTENT="doch" WC="0.97" CC="0346"/>
						<SP ID="P7_SP00574" HPOS="2052" VPOS="1495" WIDTH="42"/>
						<String ID="P7_ST00647" HPOS="2094" VPOS="1459" WIDTH="65" HEIGHT="35" CONTENT="der" WC="0.98" CC="040"/>
						<SP ID="P7_SP00575" HPOS="2159" VPOS="1495" WIDTH="45"/>
						<String ID="P7_ST00648" HPOS="2204" VPOS="1458" WIDTH="173" HEIGHT="36" CONTENT="löbliche" WC="0.98" CC="40513461"/>
						<SP ID="P7_SP00576" HPOS="2377" VPOS="1495" WIDTH="29"/>
						<String ID="P7_ST00649" HPOS="2406" VPOS="1456" WIDTH="268" HEIGHT="35" CONTENT="Musikverein" WC="1.00" CC="06002000127"/>
						<SP ID="P7_SP00577" HPOS="2674" VPOS="1495" WIDTH="30"/>
						<String ID="P7_ST00650" HPOS="2704" VPOS="1454" WIDTH="128" HEIGHT="36" CONTENT="nichts" WC="0.98" CC="501705"/>
						<SP ID="P7_SP00578" HPOS="2832" VPOS="1495" WIDTH="29"/>
						<String ID="P7_ST00651" HPOS="2861" VPOS="1453" WIDTH="191" HEIGHT="47" CONTENT="Eiligeres" WC="1.00" CC="033300000"/>
						<SP ID="P7_SP00579" HPOS="3052" VPOS="1500" WIDTH="29"/>
						<String ID="P7_ST00652" HPOS="3081" VPOS="1463" WIDTH="47" HEIGHT="23" CONTENT="zu" WC="0.44" CC="46"/>
						<SP ID="P7_SP00580" HPOS="3128" VPOS="1500" WIDTH="29"/>
						<String ID="P7_ST00653" HPOS="3157" VPOS="1451" WIDTH="110" HEIGHT="43" CONTENT="thun," WC="0.51" CC="07681"/>
						<SP ID="P7_SP00581" HPOS="3267" VPOS="1500" WIDTH="32"/>
						<String ID="P7_ST00654" HPOS="3299" VPOS="1449" WIDTH="57" HEIGHT="35" CONTENT="als" WC="0.98" CC="013"/>
					</TextLine>
					<TextLine ID="P7_TL00077" HPOS="1784" VPOS="1512" WIDTH="1574" HEIGHT="55">
						<String ID="P7_ST00655" HPOS="1784" VPOS="1524" WIDTH="120" HEIGHT="36" CONTENT="nach" WC="0.95" CC="5746"/>
						<SP ID="P7_SP00582" HPOS="1904" VPOS="1560" WIDTH="29"/>
						<String ID="P7_ST00656" HPOS="1933" VPOS="1522" WIDTH="362" HEIGHT="45" CONTENT="Ankündigung" WC="0.99" CC="08807000760"/>
						<SP ID="P7_SP00583" HPOS="2295" VPOS="1567" WIDTH="46"/>
						<String ID="P7_ST00657" HPOS="2341" VPOS="1520" WIDTH="64" HEIGHT="35" CONTENT="der" WC="0.97" CC="070"/>
						<SP ID="P7_SP00584" HPOS="2405" VPOS="1567" WIDTH="31"/>
						<String ID="P7_ST00658" HPOS="2436" VPOS="1519" WIDTH="234" HEIGHT="37" CONTENT="Berr'scben" WC="0.69" CC="0230065831"/>
						<SP ID="P7_SP00585" HPOS="2670" VPOS="1567" WIDTH="49"/>
						<String ID="P7_ST00659" HPOS="2719" VPOS="1518" WIDTH="131" HEIGHT="35" CONTENT="Soiree" WC="0.98" CC="003972"/>
						<SP ID="P7_SP00586" HPOS="2850" VPOS="1567" WIDTH="38"/>
						<String ID="P7_ST00660" HPOS="2888" VPOS="1516" WIDTH="99" HEIGHT="34" CONTENT="auch" WC="0.96" CC="0766"/>
						<SP ID="P7_SP00587" HPOS="2987" VPOS="1567" WIDTH="30"/>
						<String ID="P7_ST00661" HPOS="3017" VPOS="1514" WIDTH="225" HEIGHT="36" CONTENT="seinerseits" WC="0.99" CC="26070910000"/>
						<SP ID="P7_SP00588" HPOS="3242" VPOS="1567" WIDTH="30"/>
						<String ID="P7_ST00662" HPOS="3272" VPOS="1512" WIDTH="86" HEIGHT="35" CONTENT="eine" WC="0.98" CC="1080"/>
					</TextLine>
					<TextLine ID="P7_TL00078" HPOS="1785" VPOS="1574" WIDTH="1573" HEIGHT="54">
						<String ID="P7_ST00663" HPOS="1785" VPOS="1585" WIDTH="275" HEIGHT="36" CONTENT="musicalische" WC="0.99" CC="073270608085"/>
						<SP ID="P7_SP00589" HPOS="2060" VPOS="1621" WIDTH="30"/>
						<String ID="P7_ST00664" HPOS="2090" VPOS="1583" WIDTH="289" HEIGHT="45" CONTENT="Unterhaltung" WC="0.98" CC="059096077767"/>
						<SP ID="P7_SP00590" HPOS="2379" VPOS="1628" WIDTH="29"/>
						<String ID="P7_ST00665" HPOS="2408" VPOS="1583" WIDTH="61" HEIGHT="33" CONTENT="für" WC="0.98" CC="005"/>
						<SP ID="P7_SP00591" HPOS="2469" VPOS="1628" WIDTH="30"/>
						<String ID="P7_ST00666" HPOS="2499" VPOS="1580" WIDTH="209" HEIGHT="36" CONTENT="denselben" WC="0.99" CC="008435506"/>
						<SP ID="P7_SP00592" HPOS="2708" VPOS="1628" WIDTH="31"/>
						<String ID="P7_ST00667" HPOS="2739" VPOS="1579" WIDTH="137" HEIGHT="35" CONTENT="Abend" WC="0.98" CC="01470"/>
						<SP ID="P7_SP00593" HPOS="2876" VPOS="1628" WIDTH="30"/>
						<String ID="P7_ST00668" HPOS="2906" VPOS="1576" WIDTH="327" HEIGHT="37" CONTENT="anzuberaumen." WC="0.99" CC="0607730079583"/>
						<SP ID="P7_SP00594" HPOS="3233" VPOS="1628" WIDTH="49"/>
						<String ID="P7_ST00669" HPOS="3282" VPOS="1574" WIDTH="76" HEIGHT="34" CONTENT="Die" WC="0.98" CC="005"/>
					</TextLine>
					<TextLine ID="P7_TL00079" HPOS="1785" VPOS="1634" WIDTH="1568" HEIGHT="57">
						<String ID="P7_ST00670" HPOS="1785" VPOS="1646" WIDTH="36" HEIGHT="39" CONTENT="2." WC="0.40" CC="65"/>
						<SP ID="P7_SP00595" HPOS="1821" VPOS="1685" WIDTH="30"/>
						<String ID="P7_ST00671" HPOS="1851" VPOS="1649" WIDTH="197" HEIGHT="42" CONTENT="Nummer," WC="0.99" CC="0600074"/>
						<SP ID="P7_SP00596" HPOS="2048" VPOS="1691" WIDTH="44"/>
						<String ID="P7_ST00672" HPOS="2092" VPOS="1647" WIDTH="87" HEIGHT="34" CONTENT="eine" WC="0.96" CC="5056"/>
						<SP ID="P7_SP00597" HPOS="2179" VPOS="1691" WIDTH="49"/>
						<String ID="P7_ST00673" HPOS="2228" VPOS="1646" WIDTH="93" HEIGHT="34" CONTENT="Arie" WC="0.97" CC="0606"/>
						<SP ID="P7_SP00598" HPOS="2321" VPOS="1691" WIDTH="51"/>
						<String ID="P7_ST00674" HPOS="2372" VPOS="1644" WIDTH="75" HEIGHT="45" CONTENT="(für" WC="0.97" CC="6005"/>
						<SP ID="P7_SP00599" HPOS="2447" VPOS="1691" WIDTH="30"/>
						<String ID="P7_ST00675" HPOS="2477" VPOS="1640" WIDTH="239" HEIGHT="50" CONTENT="Altstimme)" WC="0.99" CC="0064709028"/>
						<SP ID="P7_SP00600" HPOS="2716" VPOS="1691" WIDTH="45"/>
						<String ID="P7_ST00676" HPOS="2761" VPOS="1653" WIDTH="69" HEIGHT="22" CONTENT="aus" WC="0.97" CC="070"/>
						<SP ID="P7_SP00601" HPOS="2830" VPOS="1691" WIDTH="29"/>
						<String ID="P7_ST00677" HPOS="2859" VPOS="1637" WIDTH="190" HEIGHT="38" CONTENT="Rossini's" WC="0.74" CC="060508011"/>
						<SP ID="P7_SP00602" HPOS="3049" VPOS="1691" WIDTH="33"/>
						<String ID="P7_ST00678" HPOS="3082" VPOS="1634" WIDTH="271" HEIGHT="51" CONTENT='„Seiniramis"' WC="0.60" CC="407676090014"/>
					</TextLine>
					<TextLine ID="P7_TL00080" HPOS="1784" VPOS="1698" WIDTH="1572" HEIGHT="53">
						<String ID="P7_ST00679" HPOS="1784" VPOS="1711" WIDTH="154" HEIGHT="35" CONTENT="machte" WC="0.97" CC="084794"/>
						<SP ID="P7_SP00603" HPOS="1938" VPOS="1746" WIDTH="28"/>
						<String ID="P7_ST00680" HPOS="1966" VPOS="1709" WIDTH="102" HEIGHT="35" CONTENT="nach" WC="0.97" CC="7017"/>
						<SP ID="P7_SP00604" HPOS="2068" VPOS="1746" WIDTH="32"/>
						<String ID="P7_ST00681" HPOS="2100" VPOS="1709" WIDTH="86" HEIGHT="34" CONTENT="dem" WC="1.00" CC="000"/>
						<SP ID="P7_SP00605" HPOS="2186" VPOS="1746" WIDTH="30"/>
						<String ID="P7_ST00682" HPOS="2216" VPOS="1707" WIDTH="220" HEIGHT="36" CONTENT="kollosalen" WC="0.69" CC="1025630540"/>
						<SP ID="P7_SP00606" HPOS="2436" VPOS="1746" WIDTH="30"/>
						<String ID="P7_ST00683" HPOS="2466" VPOS="1707" WIDTH="90" HEIGHT="35" CONTENT="Trio" WC="0.96" CC="0745"/>
						<SP ID="P7_SP00607" HPOS="2556" VPOS="1746" WIDTH="32"/>
						<String ID="P7_ST00684" HPOS="2588" VPOS="1705" WIDTH="213" HEIGHT="46" CONTENT="allerdings" WC="1.00" CC="0241000090"/>
						<SP ID="P7_SP00608" HPOS="2801" VPOS="1751" WIDTH="42"/>
						<String ID="P7_ST00685" HPOS="2843" VPOS="1705" WIDTH="113" HEIGHT="33" CONTENT="einen" WC="0.97" CC="30755"/>
						<SP ID="P7_SP00609" HPOS="2956" VPOS="1751" WIDTH="44"/>
						<String ID="P7_ST00686" HPOS="3000" VPOS="1698" WIDTH="356" HEIGHT="50" CONTENT="eigentümlichen" WC="0.99" CC="01006800154756"/>
					</TextLine>
					<TextLine ID="P7_TL00081" HPOS="1784" VPOS="1761" WIDTH="1572" HEIGHT="55">
						<String ID="P7_ST00687" HPOS="1784" VPOS="1774" WIDTH="137" HEIGHT="42" CONTENT="Effect," WC="0.98" CC="0870104"/>
						<SP ID="P7_SP00610" HPOS="1921" VPOS="1816" WIDTH="44"/>
						<String ID="P7_ST00688" HPOS="1965" VPOS="1774" WIDTH="100" HEIGHT="34" CONTENT="denn" WC="0.97" CC="0276"/>
						<SP ID="P7_SP00611" HPOS="2065" VPOS="1816" WIDTH="48"/>
						<String ID="P7_ST00689" HPOS="2113" VPOS="1773" WIDTH="55" HEIGHT="33" CONTENT="sie" WC="0.96" CC="334"/>
						<SP ID="P7_SP00612" HPOS="2168" VPOS="1816" WIDTH="42"/>
						<String ID="P7_ST00690" HPOS="2210" VPOS="1776" WIDTH="191" HEIGHT="30" CONTENT="versetzte" WC="0.99" CC="000745342"/>
						<SP ID="P7_SP00613" HPOS="2401" VPOS="1816" WIDTH="31"/>
						<String ID="P7_ST00691" HPOS="2432" VPOS="1770" WIDTH="72" HEIGHT="34" CONTENT="den" WC="0.98" CC="040"/>
						<SP ID="P7_SP00614" HPOS="2504" VPOS="1816" WIDTH="42"/>
						<String ID="P7_ST00692" HPOS="2546" VPOS="1769" WIDTH="128" HEIGHT="34" CONTENT="Hörer" WC="0.98" CC="60505"/>
						<SP ID="P7_SP00615" HPOS="2674" VPOS="1816" WIDTH="42"/>
						<String ID="P7_ST00693" HPOS="2716" VPOS="1768" WIDTH="38" HEIGHT="33" CONTENT="in" WC="0.67" CC="06"/>
						<SP ID="P7_SP00616" HPOS="2754" VPOS="1816" WIDTH="33"/>
						<String ID="P7_ST00694" HPOS="2787" VPOS="1767" WIDTH="86" HEIGHT="34" CONTENT="eine" WC="0.97" CC="3074"/>
						<SP ID="P7_SP00617" HPOS="2873" VPOS="1816" WIDTH="27"/>
						<String ID="P7_ST00695" HPOS="2900" VPOS="1776" WIDTH="100" HEIGHT="37" CONTENT="ganz" WC="0.97" CC="9060"/>
						<SP ID="P7_SP00618" HPOS="3000" VPOS="1816" WIDTH="38"/>
						<String ID="P7_ST00696" HPOS="3038" VPOS="1762" WIDTH="141" HEIGHT="36" CONTENT="andere" WC="0.98" CC="970034"/>
						<SP ID="P7_SP00619" HPOS="3179" VPOS="1816" WIDTH="31"/>
						<String ID="P7_ST00697" HPOS="3210" VPOS="1761" WIDTH="146" HEIGHT="47" CONTENT="Sphäre" WC="0.98" CC="907003"/>
					</TextLine>
					<TextLine ID="P7_TL00082" HPOS="1785" VPOS="1821" WIDTH="1574" HEIGHT="55">
						<String ID="P7_ST00698" HPOS="1785" VPOS="1834" WIDTH="293" HEIGHT="38" CONTENT="musicalischer" WC="0.99" CC="0514521350659"/>
						<SP ID="P7_SP00620" HPOS="2078" VPOS="1872" WIDTH="36"/>
						<String ID="P7_ST00699" HPOS="2114" VPOS="1832" WIDTH="237" HEIGHT="44" CONTENT="Eindrücke," WC="0.99" CC="4380905601"/>
						<SP ID="P7_SP00621" HPOS="2351" VPOS="1876" WIDTH="31"/>
						<String ID="P7_ST00700" HPOS="2382" VPOS="1831" WIDTH="78" HEIGHT="35" CONTENT="und" WC="0.91" CC="788"/>
						<SP ID="P7_SP00622" HPOS="2460" VPOS="1876" WIDTH="30"/>
						<String ID="P7_ST00701" HPOS="2490" VPOS="1832" WIDTH="40" HEIGHT="33" CONTENT="in" WC="0.93" CC="01"/>
						<SP ID="P7_SP00623" HPOS="2530" VPOS="1876" WIDTH="30"/>
						<String ID="P7_ST00702" HPOS="2560" VPOS="1842" WIDTH="48" HEIGHT="24" CONTENT="so" WC="0.55" CC="43"/>
						<SP ID="P7_SP00624" HPOS="2608" VPOS="1876" WIDTH="47"/>
						<String ID="P7_ST00703" HPOS="2655" VPOS="1830" WIDTH="106" HEIGHT="35" CONTENT="fern" WC="0.96" CC="0497"/>
						<SP ID="P7_SP00625" HPOS="2761" VPOS="1876" WIDTH="39"/>
						<String ID="P7_ST00704" HPOS="2800" VPOS="1829" WIDTH="183" HEIGHT="34" CONTENT="möchten" WC="0.99" CC="0055010"/>
						<SP ID="P7_SP00626" HPOS="2983" VPOS="1876" WIDTH="49"/>
						<String ID="P7_ST00705" HPOS="3032" VPOS="1827" WIDTH="70" HEIGHT="34" CONTENT="wir" WC="0.98" CC="040"/>
						<SP ID="P7_SP00627" HPOS="3102" VPOS="1876" WIDTH="44"/>
						<String ID="P7_ST00706" HPOS="3146" VPOS="1825" WIDTH="65" HEIGHT="35" CONTENT="der" WC="0.98" CC="040"/>
						<SP ID="P7_SP00628" HPOS="3211" VPOS="1876" WIDTH="30"/>
						<String ID="P7_ST00707" HPOS="3241" VPOS="1821" WIDTH="118" HEIGHT="38" CONTENT="Wahl" WC="0.96" CC="8073"/>
					</TextLine>
					<TextLine ID="P7_TL00083" HPOS="1784" VPOS="1886" WIDTH="1574" HEIGHT="60">
						<String ID="P7_ST00708" HPOS="1784" VPOS="1899" WIDTH="110" HEIGHT="36" CONTENT="nicht" WC="0.97" CC="73370"/>
						<SP ID="P7_SP00629" HPOS="1894" VPOS="1935" WIDTH="27"/>
						<String ID="P7_ST00709" HPOS="1921" VPOS="1910" WIDTH="99" HEIGHT="36" CONTENT="ganz" WC="0.97" CC="0680"/>
						<SP ID="P7_SP00630" HPOS="2020" VPOS="1946" WIDTH="30"/>
						<String ID="P7_ST00710" HPOS="2050" VPOS="1908" WIDTH="144" HEIGHT="25" CONTENT="unsern" WC="0.22" CC="776896"/>
						<SP ID="P7_SP00631" HPOS="2194" VPOS="1946" WIDTH="30"/>
						<String ID="P7_ST00711" HPOS="2224" VPOS="1895" WIDTH="142" HEIGHT="35" CONTENT="Beifall" WC="0.99" CC="4503030"/>
						<SP ID="P7_SP00632" HPOS="2366" VPOS="1946" WIDTH="28"/>
						<String ID="P7_ST00712" HPOS="2394" VPOS="1895" WIDTH="143" HEIGHT="46" CONTENT="geben;" WC="0.97" CC="703577"/>
						<SP ID="P7_SP00633" HPOS="2537" VPOS="1946" WIDTH="32"/>
						<String ID="P7_ST00713" HPOS="2569" VPOS="1893" WIDTH="175" HEIGHT="46" CONTENT="dagegen" WC="0.98" CC="0075075"/>
						<SP ID="P7_SP00634" HPOS="2744" VPOS="1946" WIDTH="30"/>
						<String ID="P7_ST00714" HPOS="2774" VPOS="1891" WIDTH="167" HEIGHT="36" CONTENT="erfreute" WC="0.97" CC="49796707"/>
						<SP ID="P7_SP00635" HPOS="2941" VPOS="1946" WIDTH="37"/>
						<String ID="P7_ST00715" HPOS="2978" VPOS="1901" WIDTH="72" HEIGHT="23" CONTENT="uns" WC="0.94" CC="772"/>
						<SP ID="P7_SP00636" HPOS="3050" VPOS="1946" WIDTH="44"/>
						<String ID="P7_ST00716" HPOS="3094" VPOS="1888" WIDTH="61" HEIGHT="35" CONTENT="die" WC="0.97" CC="007"/>
						<SP ID="P7_SP00637" HPOS="3155" VPOS="1946" WIDTH="29"/>
						<String ID="P7_ST00717" HPOS="3184" VPOS="1886" WIDTH="150" HEIGHT="36" CONTENT="Ausfüh" SUBS_TYPE="HypPart1" SUBS_CONTENT="Ausführung" WC="0.98" CC="074407"/>
						<HYP HPOS="3334" VPOS="1886" WIDTH="24" CONTENT="-"/>
					</TextLine>
					<TextLine ID="P7_TL00084" HPOS="1784" VPOS="1951" WIDTH="1576" HEIGHT="57">
						<String ID="P7_ST00718" HPOS="1784" VPOS="1975" WIDTH="99" HEIGHT="33" CONTENT="rung" SUBS_TYPE="HypPart2" SUBS_CONTENT="Ausführung" WC="0.95" CC="2587"/>
						<SP ID="P7_SP00638" HPOS="1883" VPOS="2008" WIDTH="30"/>
						<String ID="P7_ST00719" HPOS="1913" VPOS="1962" WIDTH="85" HEIGHT="35" CONTENT="aufs" WC="0.96" CC="8425"/>
						<SP ID="P7_SP00639" HPOS="1998" VPOS="2008" WIDTH="29"/>
						<String ID="P7_ST00720" HPOS="2027" VPOS="1960" WIDTH="244" HEIGHT="36" CONTENT="herzlichste." WC="0.99" CC="730060676003"/>
						<SP ID="P7_SP00640" HPOS="2271" VPOS="2008" WIDTH="33"/>
						<String ID="P7_ST00721" HPOS="2304" VPOS="1959" WIDTH="73" HEIGHT="33" CONTENT="Die" WC="0.98" CC="005"/>
						<SP ID="P7_SP00641" HPOS="2377" VPOS="2008" WIDTH="29"/>
						<String ID="P7_ST00722" HPOS="2406" VPOS="1957" WIDTH="159" HEIGHT="46" CONTENT="geehrte" WC="0.99" CC="3427000"/>
						<SP ID="P7_SP00642" HPOS="2565" VPOS="2008" WIDTH="29"/>
						<String ID="P7_ST00723" HPOS="2594" VPOS="1954" WIDTH="247" HEIGHT="47" CONTENT="Dilettantin," WC="0.99" CC="005300036074"/>
						<SP ID="P7_SP00643" HPOS="2841" VPOS="2008" WIDTH="30"/>
						<String ID="P7_ST00724" HPOS="2871" VPOS="1954" WIDTH="52" HEIGHT="33" CONTENT="im" WC="1.00" CC="00"/>
						<SP ID="P7_SP00644" HPOS="2923" VPOS="2008" WIDTH="30"/>
						<String ID="P7_ST00725" HPOS="2953" VPOS="1953" WIDTH="155" HEIGHT="35" CONTENT="Besitze" WC="0.99" CC="0330024"/>
						<SP ID="P7_SP00645" HPOS="3108" VPOS="2008" WIDTH="31"/>
						<String ID="P7_ST00726" HPOS="3139" VPOS="1951" WIDTH="106" HEIGHT="34" CONTENT="einer" WC="0.98" CC="30730"/>
						<SP ID="P7_SP00646" HPOS="3245" VPOS="2008" WIDTH="29"/>
						<String ID="P7_ST00727" HPOS="3274" VPOS="1960" WIDTH="58" HEIGHT="23" CONTENT="um" SUBS_TYPE="HypPart1" SUBS_CONTENT="umfangreichen" WC="0.97" CC="70"/>
						<HYP HPOS="3332" VPOS="1960" WIDTH="28" CONTENT="-"/>
					</TextLine>
					<TextLine ID="P7_TL00085" HPOS="1783" VPOS="2010" WIDTH="1576" HEIGHT="62">
						<String ID="P7_ST00728" HPOS="1783" VPOS="2024" WIDTH="255" HEIGHT="48" CONTENT="fangreichen" SUBS_TYPE="HypPart2" SUBS_CONTENT="umfangreichen" WC="0.99" CC="00700045706"/>
						<SP ID="P7_SP00647" HPOS="2038" VPOS="2072" WIDTH="29"/>
						<String ID="P7_ST00729" HPOS="2067" VPOS="2022" WIDTH="172" HEIGHT="37" CONTENT="schönen" WC="0.96" CC="5679877"/>
						<SP ID="P7_SP00648" HPOS="2239" VPOS="2072" WIDTH="29"/>
						<String ID="P7_ST00730" HPOS="2268" VPOS="2020" WIDTH="223" HEIGHT="36" CONTENT="Altstimme" WC="1.00" CC="040500003"/>
						<SP ID="P7_SP00649" HPOS="2491" VPOS="2072" WIDTH="29"/>
						<String ID="P7_ST00731" HPOS="2520" VPOS="2023" WIDTH="89" HEIGHT="41" CONTENT="trug" WC="0.97" CC="8070"/>
						<SP ID="P7_SP00650" HPOS="2609" VPOS="2072" WIDTH="31"/>
						<String ID="P7_ST00732" HPOS="2640" VPOS="2016" WIDTH="104" HEIGHT="35" CONTENT="diese" WC="0.98" CC="00345"/>
						<SP ID="P7_SP00651" HPOS="2744" VPOS="2072" WIDTH="30"/>
						<String ID="P7_ST00733" HPOS="2774" VPOS="2016" WIDTH="92" HEIGHT="35" CONTENT="Arie" WC="0.98" CC="0541"/>
						<SP ID="P7_SP00652" HPOS="2866" VPOS="2072" WIDTH="29"/>
						<String ID="P7_ST00734" HPOS="2895" VPOS="2016" WIDTH="40" HEIGHT="33" CONTENT="in" WC="0.93" CC="00"/>
						<SP ID="P7_SP00653" HPOS="2935" VPOS="2072" WIDTH="37"/>
						<String ID="P7_ST00735" HPOS="2972" VPOS="2015" WIDTH="107" HEIGHT="34" CONTENT="einer" WC="0.98" CC="30520"/>
						<SP ID="P7_SP00654" HPOS="3079" VPOS="2072" WIDTH="28"/>
						<String ID="P7_ST00736" HPOS="3107" VPOS="2012" WIDTH="101" HEIGHT="36" CONTENT="nach" WC="0.95" CC="7067"/>
						<SP ID="P7_SP00655" HPOS="3208" VPOS="2072" WIDTH="46"/>
						<String ID="P7_ST00737" HPOS="3254" VPOS="2010" WIDTH="105" HEIGHT="36" CONTENT="allen" WC="0.98" CC="05407"/>
					</TextLine>
					<TextLine ID="P7_TL00086" HPOS="1783" VPOS="2074" WIDTH="1575" HEIGHT="59">
						<String ID="P7_ST00738" HPOS="1783" VPOS="2088" WIDTH="250" HEIGHT="45" CONTENT="Richtungen" WC="0.98" CC="0367967067"/>
						<SP ID="P7_SP00656" HPOS="2033" VPOS="2133" WIDTH="41"/>
						<String ID="P7_ST00739" HPOS="2074" VPOS="2082" WIDTH="294" HEIGHT="38" CONTENT="vortrefflichen" WC="0.99" CC="06907679407677"/>
						<SP ID="P7_SP00657" HPOS="2368" VPOS="2133" WIDTH="31"/>
						<String ID="P7_ST00740" HPOS="2399" VPOS="2082" WIDTH="132" HEIGHT="34" CONTENT="Weise" WC="0.97" CC="07427"/>
						<SP ID="P7_SP00658" HPOS="2531" VPOS="2133" WIDTH="42"/>
						<String ID="P7_ST00741" HPOS="2573" VPOS="2091" WIDTH="82" HEIGHT="32" CONTENT="vor," WC="0.97" CC="0474"/>
						<SP ID="P7_SP00659" HPOS="2655" VPOS="2133" WIDTH="43"/>
						<String ID="P7_ST00742" HPOS="2698" VPOS="2077" WIDTH="81" HEIGHT="36" CONTENT="und" WC="0.94" CC="870"/>
						<SP ID="P7_SP00660" HPOS="2779" VPOS="2133" WIDTH="42"/>
						<String ID="P7_ST00743" HPOS="2821" VPOS="2088" WIDTH="113" HEIGHT="24" CONTENT="wenn" WC="0.95" CC="0788"/>
						<SP ID="P7_SP00661" HPOS="2934" VPOS="2133" WIDTH="44"/>
						<String ID="P7_ST00744" HPOS="2978" VPOS="2077" WIDTH="69" HEIGHT="33" CONTENT="wir" WC="1.00" CC="000"/>
						<SP ID="P7_SP00662" HPOS="3047" VPOS="2133" WIDTH="36"/>
						<String ID="P7_ST00745" HPOS="3083" VPOS="2075" WIDTH="83" HEIGHT="35" CONTENT="ihre" WC="0.97" CC="0707"/>
						<SP ID="P7_SP00663" HPOS="3166" VPOS="2133" WIDTH="30"/>
						<String ID="P7_ST00746" HPOS="3196" VPOS="2074" WIDTH="162" HEIGHT="35" CONTENT="Stimme" WC="0.98" CC="000907"/>
					</TextLine>
					<TextLine ID="P7_TL00087" HPOS="1785" VPOS="2137" WIDTH="1574" HEIGHT="53">
						<String ID="P7_ST00747" HPOS="1785" VPOS="2149" WIDTH="79" HEIGHT="36" CONTENT="und" WC="0.95" CC="670"/>
						<SP ID="P7_SP00664" HPOS="1864" VPOS="2185" WIDTH="29"/>
						<String ID="P7_ST00748" HPOS="1893" VPOS="2149" WIDTH="83" HEIGHT="35" CONTENT="ihre" WC="0.97" CC="0830"/>
						<SP ID="P7_SP00665" HPOS="1976" VPOS="2185" WIDTH="32"/>
						<String ID="P7_ST00749" HPOS="2008" VPOS="2145" WIDTH="350" HEIGHT="45" CONTENT="Gefühlsrichtung" WC="0.99" CC="040063404670760"/>
						<SP ID="P7_SP00666" HPOS="2358" VPOS="2190" WIDTH="30"/>
						<String ID="P7_ST00750" HPOS="2388" VPOS="2143" WIDTH="108" HEIGHT="35" CONTENT="mehr" WC="0.95" CC="2476"/>
						<SP ID="P7_SP00667" HPOS="2496" VPOS="2190" WIDTH="29"/>
						<String ID="P7_ST00751" HPOS="2525" VPOS="2142" WIDTH="61" HEIGHT="36" CONTENT="für" WC="0.98" CC="600"/>
						<SP ID="P7_SP00668" HPOS="2586" VPOS="2190" WIDTH="48"/>
						<String ID="P7_ST00752" HPOS="2634" VPOS="2142" WIDTH="73" HEIGHT="34" CONTENT="den" WC="0.98" CC="003"/>
						<SP ID="P7_SP00669" HPOS="2707" VPOS="2190" WIDTH="30"/>
						<String ID="P7_ST00753" HPOS="2737" VPOS="2146" WIDTH="235" HEIGHT="42" CONTENT="getragenen" WC="0.99" CC="0300000817"/>
						<SP ID="P7_SP00670" HPOS="2972" VPOS="2190" WIDTH="33"/>
						<String ID="P7_ST00754" HPOS="3005" VPOS="2138" WIDTH="156" HEIGHT="47" CONTENT="Gesang" WC="0.99" CC="000094"/>
						<SP ID="P7_SP00671" HPOS="3161" VPOS="2190" WIDTH="15"/>
						<String ID="P7_ST00755" HPOS="3176" VPOS="2137" WIDTH="183" HEIGHT="47" CONTENT="geeignet" WC="0.99" CC="04000748"/>
					</TextLine>
					<TextLine ID="P7_TL00088" HPOS="1782" VPOS="2200" WIDTH="1575" HEIGHT="54">
						<String ID="P7_ST00756" HPOS="1782" VPOS="2209" WIDTH="192" HEIGHT="45" CONTENT="erklären," WC="0.99" CC="400006283"/>
						<SP ID="P7_SP00672" HPOS="1974" VPOS="2254" WIDTH="31"/>
						<String ID="P7_ST00757" HPOS="2005" VPOS="2221" WIDTH="41" HEIGHT="23" CONTENT="so" WC="0.81" CC="03"/>
						<SP ID="P7_SP00673" HPOS="2046" VPOS="2254" WIDTH="31"/>
						<String ID="P7_ST00758" HPOS="2077" VPOS="2208" WIDTH="146" HEIGHT="34" CONTENT="werfen" WC="0.99" CC="000057"/>
						<SP ID="P7_SP00674" HPOS="2223" VPOS="2254" WIDTH="30"/>
						<String ID="P7_ST00759" HPOS="2253" VPOS="2208" WIDTH="70" HEIGHT="33" CONTENT="wir" WC="1.00" CC="000"/>
						<SP ID="P7_SP00675" HPOS="2323" VPOS="2254" WIDTH="30"/>
						<String ID="P7_ST00760" HPOS="2353" VPOS="2205" WIDTH="120" HEIGHT="35" CONTENT="damit" WC="0.99" CC="06000"/>
						<SP ID="P7_SP00676" HPOS="2473" VPOS="2254" WIDTH="29"/>
						<String ID="P7_ST00761" HPOS="2502" VPOS="2204" WIDTH="141" HEIGHT="47" CONTENT="gewiss" WC="0.98" CC="930542"/>
						<SP ID="P7_SP00677" HPOS="2643" VPOS="2254" WIDTH="28"/>
						<String ID="P7_ST00762" HPOS="2671" VPOS="2202" WIDTH="144" HEIGHT="35" CONTENT="keinen" WC="0.98" CC="060505"/>
						<SP ID="P7_SP00678" HPOS="2815" VPOS="2254" WIDTH="22"/>
						<String ID="P7_ST00763" HPOS="2837" VPOS="2202" WIDTH="107" HEIGHT="35" CONTENT="Stein" WC="1.00" CC="00030"/>
						<SP ID="P7_SP00679" HPOS="2944" VPOS="2254" WIDTH="30"/>
						<String ID="P7_ST00764" HPOS="2974" VPOS="2201" WIDTH="70" HEIGHT="34" CONTENT="auf" WC="0.97" CC="060"/>
						<SP ID="P7_SP00680" HPOS="3044" VPOS="2254" WIDTH="26"/>
						<String ID="P7_ST00765" HPOS="3070" VPOS="2200" WIDTH="60" HEIGHT="35" CONTENT="die" WC="0.99" CC="002"/>
						<SP ID="P7_SP00681" HPOS="3130" VPOS="2254" WIDTH="47"/>
						<String ID="P7_ST00766" HPOS="3177" VPOS="2210" WIDTH="77" HEIGHT="24" CONTENT="von" WC="0.97" CC="060"/>
						<SP ID="P7_SP00682" HPOS="3254" VPOS="2254" WIDTH="30"/>
						<String ID="P7_ST00767" HPOS="3284" VPOS="2209" WIDTH="73" HEIGHT="24" CONTENT="uns" WC="0.94" CC="770"/>
					</TextLine>
					<TextLine ID="P7_TL00089" HPOS="1782" VPOS="2260" WIDTH="1578" HEIGHT="52">
						<String ID="P7_ST00768" HPOS="1782" VPOS="2274" WIDTH="110" HEIGHT="35" CONTENT="nicht" WC="0.97" CC="70470"/>
						<SP ID="P7_SP00683" HPOS="1892" VPOS="2309" WIDTH="27"/>
						<String ID="P7_ST00769" HPOS="1919" VPOS="2274" WIDTH="40" HEIGHT="33" CONTENT="in" WC="0.84" CC="03"/>
						<SP ID="P7_SP00684" HPOS="1959" VPOS="2309" WIDTH="32"/>
						<String ID="P7_ST00770" HPOS="1991" VPOS="2271" WIDTH="153" HEIGHT="38" CONTENT="solcher" WC="0.97" CC="5256747"/>
						<SP ID="P7_SP00685" HPOS="2144" VPOS="2309" WIDTH="29"/>
						<String ID="P7_ST00771" HPOS="2173" VPOS="2270" WIDTH="131" HEIGHT="35" CONTENT="Weise" WC="0.99" CC="00063"/>
						<SP ID="P7_SP00686" HPOS="2304" VPOS="2309" WIDTH="31"/>
						<String ID="P7_ST00772" HPOS="2335" VPOS="2272" WIDTH="202" HEIGHT="31" CONTENT="erwartete" WC="0.99" CC="000090103"/>
						<SP ID="P7_SP00687" HPOS="2537" VPOS="2309" WIDTH="30"/>
						<String ID="P7_ST00773" HPOS="2567" VPOS="2267" WIDTH="197" HEIGHT="45" CONTENT="Rundung" WC="0.98" CC="0620770"/>
						<SP ID="P7_SP00688" HPOS="2764" VPOS="2312" WIDTH="29"/>
						<String ID="P7_ST00774" HPOS="2793" VPOS="2265" WIDTH="66" HEIGHT="34" CONTENT="der" WC="1.00" CC="000"/>
						<SP ID="P7_SP00689" HPOS="2859" VPOS="2312" WIDTH="31"/>
						<String ID="P7_ST00775" HPOS="2890" VPOS="2262" WIDTH="221" HEIGHT="48" CONTENT="Coloratur," WC="0.74" CC="4035000604"/>
						<SP ID="P7_SP00690" HPOS="3111" VPOS="2312" WIDTH="37"/>
						<String ID="P7_ST00776" HPOS="3148" VPOS="2262" WIDTH="61" HEIGHT="34" CONTENT="die" WC="0.98" CC="004"/>
						<SP ID="P7_SP00691" HPOS="3209" VPOS="2312" WIDTH="44"/>
						<String ID="P7_ST00777" HPOS="3253" VPOS="2260" WIDTH="107" HEIGHT="35" CONTENT="einer" WC="0.97" CC="04609"/>
					</TextLine>
					<TextLine ID="P7_TL00090" HPOS="1783" VPOS="2322" WIDTH="1575" HEIGHT="51">
						<String ID="P7_ST00778" HPOS="1783" VPOS="2349" WIDTH="42" HEIGHT="22" CONTENT="so" WC="0.47" CC="36"/>
						<SP ID="P7_SP00692" HPOS="1825" VPOS="2371" WIDTH="30"/>
						<String ID="P7_ST00779" HPOS="1855" VPOS="2335" WIDTH="132" HEIGHT="36" CONTENT="vollen" WC="0.98" CC="036207"/>
						<SP ID="P7_SP00693" HPOS="1987" VPOS="2371" WIDTH="31"/>
						<String ID="P7_ST00780" HPOS="2018" VPOS="2334" WIDTH="222" HEIGHT="35" CONTENT="Altstimme" WC="1.00" CC="000000003"/>
						<SP ID="P7_SP00694" HPOS="2240" VPOS="2371" WIDTH="30"/>
						<String ID="P7_ST00781" HPOS="2270" VPOS="2332" WIDTH="83" HEIGHT="34" CONTENT="ihre" WC="0.98" CC="0701"/>
						<SP ID="P7_SP00695" HPOS="2353" VPOS="2371" WIDTH="30"/>
						<String ID="P7_ST00782" HPOS="2383" VPOS="2329" WIDTH="244" HEIGHT="37" CONTENT="besonderen" WC="0.99" CC="5055800604"/>
						<SP ID="P7_SP00696" HPOS="2627" VPOS="2371" WIDTH="30"/>
						<String ID="P7_ST00783" HPOS="2657" VPOS="2325" WIDTH="351" HEIGHT="48" CONTENT="Schwierigkeiten" WC="0.99" CC="047002940005732"/>
						<SP ID="P7_SP00697" HPOS="3008" VPOS="2373" WIDTH="46"/>
						<String ID="P7_ST00784" HPOS="3054" VPOS="2322" WIDTH="202" HEIGHT="38" CONTENT="darbietet." WC="1.00" CC="0006030003"/>
						<SP ID="P7_SP00698" HPOS="3256" VPOS="2373" WIDTH="57"/>
						<String ID="P7_ST00785" HPOS="3313" VPOS="2322" WIDTH="45" HEIGHT="34" CONTENT="In" WC="0.47" CC="46"/>
					</TextLine>
					<TextLine ID="P7_TL00091" HPOS="1784" VPOS="2384" WIDTH="1575" HEIGHT="57">
						<String ID="P7_ST00786" HPOS="1784" VPOS="2398" WIDTH="72" HEIGHT="36" CONTENT="den" WC="0.97" CC="006"/>
						<SP ID="P7_SP00699" HPOS="1856" VPOS="2434" WIDTH="44"/>
						<String ID="P7_ST00787" HPOS="1900" VPOS="2410" WIDTH="78" HEIGHT="23" CONTENT="von" WC="0.96" CC="054"/>
						<SP ID="P7_SP00700" HPOS="1978" VPOS="2434" WIDTH="27"/>
						<String ID="P7_ST00788" HPOS="2005" VPOS="2397" WIDTH="60" HEIGHT="33" CONTENT="ihr" WC="0.97" CC="070"/>
						<SP ID="P7_SP00701" HPOS="2065" VPOS="2434" WIDTH="42"/>
						<String ID="P7_ST00789" HPOS="2107" VPOS="2396" WIDTH="101" HEIGHT="34" CONTENT="noch" WC="0.96" CC="6355"/>
						<SP ID="P7_SP00702" HPOS="2208" VPOS="2434" WIDTH="43"/>
						<String ID="P7_ST00790" HPOS="2251" VPOS="2397" WIDTH="308" HEIGHT="44" CONTENT="vorgetragenen" WC="0.99" CC="0550000400747"/>
						<SP ID="P7_SP00703" HPOS="2559" VPOS="2441" WIDTH="30"/>
						<String ID="P7_ST00791" HPOS="2589" VPOS="2390" WIDTH="167" HEIGHT="36" CONTENT="Liedern" WC="0.98" CC="0040287"/>
						<SP ID="P7_SP00704" HPOS="2756" VPOS="2441" WIDTH="37"/>
						<String ID="P7_ST00792" HPOS="2793" VPOS="2401" WIDTH="78" HEIGHT="24" CONTENT="von" WC="0.92" CC="946"/>
						<SP ID="P7_SP00705" HPOS="2871" VPOS="2441" WIDTH="30"/>
						<String ID="P7_ST00793" HPOS="2901" VPOS="2388" WIDTH="196" HEIGHT="36" CONTENT="Schubert" WC="0.99" CC="05740005"/>
						<SP ID="P7_SP00706" HPOS="3097" VPOS="2441" WIDTH="28"/>
						<String ID="P7_ST00794" HPOS="3125" VPOS="2386" WIDTH="80" HEIGHT="37" CONTENT="und" WC="0.95" CC="770"/>
						<SP ID="P7_SP00707" HPOS="3205" VPOS="2441" WIDTH="30"/>
						<String ID="P7_ST00795" HPOS="3235" VPOS="2384" WIDTH="100" HEIGHT="37" CONTENT="Schu" SUBS_TYPE="HypPart1" SUBS_CONTENT="Schumann" WC="0.97" CC="0576"/>
						<HYP HPOS="3335" VPOS="2384" WIDTH="24" CONTENT="-"/>
					</TextLine>
					<TextLine ID="P7_TL00092" HPOS="1782" VPOS="2448" WIDTH="1575" HEIGHT="50">
						<String ID="P7_ST00796" HPOS="1782" VPOS="2472" WIDTH="118" HEIGHT="24" CONTENT="mann" SUBS_TYPE="HypPart2" SUBS_CONTENT="Schumann" WC="0.97" CC="0077"/>
						<SP ID="P7_SP00708" HPOS="1900" VPOS="2496" WIDTH="30"/>
						<String ID="P7_ST00797" HPOS="1930" VPOS="2458" WIDTH="208" HEIGHT="37" CONTENT="entzückte" WC="0.99" CC="050500032"/>
						<SP ID="P7_SP00709" HPOS="2138" VPOS="2496" WIDTH="30"/>
						<String ID="P7_ST00798" HPOS="2168" VPOS="2458" WIDTH="54" HEIGHT="35" CONTENT="sie" WC="1.00" CC="001"/>
						<SP ID="P7_SP00710" HPOS="2222" VPOS="2496" WIDTH="30"/>
						<String ID="P7_ST00799" HPOS="2252" VPOS="2468" WIDTH="73" HEIGHT="25" CONTENT="uns" WC="0.92" CC="666"/>
						<SP ID="P7_SP00711" HPOS="2325" VPOS="2496" WIDTH="30"/>
						<String ID="P7_ST00800" HPOS="2355" VPOS="2454" WIDTH="204" HEIGHT="44" CONTENT="wahrhaft," WC="0.99" CC="087070002"/>
						<SP ID="P7_SP00712" HPOS="2559" VPOS="2498" WIDTH="30"/>
						<String ID="P7_ST00801" HPOS="2589" VPOS="2453" WIDTH="80" HEIGHT="36" CONTENT="und" WC="0.95" CC="670"/>
						<SP ID="P7_SP00713" HPOS="2669" VPOS="2498" WIDTH="29"/>
						<String ID="P7_ST00802" HPOS="2698" VPOS="2453" WIDTH="70" HEIGHT="35" CONTENT="wir" WC="0.98" CC="040"/>
						<SP ID="P7_SP00714" HPOS="2768" VPOS="2498" WIDTH="31"/>
						<String ID="P7_ST00803" HPOS="2799" VPOS="2451" WIDTH="152" HEIGHT="36" CONTENT="danken" WC="0.98" CC="073017"/>
						<SP ID="P7_SP00715" HPOS="2951" VPOS="2498" WIDTH="31"/>
						<String ID="P7_ST00804" HPOS="2982" VPOS="2450" WIDTH="60" HEIGHT="35" CONTENT="ihr" WC="0.96" CC="470"/>
						<SP ID="P7_SP00716" HPOS="3042" VPOS="2498" WIDTH="43"/>
						<String ID="P7_ST00805" HPOS="3085" VPOS="2460" WIDTH="101" HEIGHT="36" CONTENT="ganz" WC="0.95" CC="4772"/>
						<SP ID="P7_SP00717" HPOS="3186" VPOS="2498" WIDTH="31"/>
						<String ID="P7_ST00806" HPOS="3217" VPOS="2448" WIDTH="117" HEIGHT="36" CONTENT="beson" SUBS_TYPE="HypPart1" SUBS_CONTENT="besonders" WC="0.98" CC="70016"/>
						<HYP HPOS="3334" VPOS="2448" WIDTH="23" CONTENT="-"/>
					</TextLine>
					<TextLine ID="P7_TL00093" HPOS="1783" VPOS="2509" WIDTH="1577" HEIGHT="54">
						<String ID="P7_ST00807" HPOS="1783" VPOS="2525" WIDTH="86" HEIGHT="35" CONTENT="ders" SUBS_TYPE="HypPart2" SUBS_CONTENT="besonders" WC="0.99" CC="0004"/>
						<SP ID="P7_SP00718" HPOS="1869" VPOS="2560" WIDTH="29"/>
						<String ID="P7_ST00808" HPOS="1898" VPOS="2524" WIDTH="61" HEIGHT="35" CONTENT="für" WC="0.96" CC="406"/>
						<SP ID="P7_SP00719" HPOS="1959" VPOS="2560" WIDTH="30"/>
						<String ID="P7_ST00809" HPOS="1989" VPOS="2522" WIDTH="82" HEIGHT="35" CONTENT="ihre" WC="0.96" CC="0754"/>
						<SP ID="P7_SP00720" HPOS="2071" VPOS="2560" WIDTH="28"/>
						<String ID="P7_ST00810" HPOS="2099" VPOS="2519" WIDTH="243" HEIGHT="37" CONTENT="freundliche" WC="0.99" CC="06277004475"/>
						<SP ID="P7_SP00721" HPOS="2342" VPOS="2560" WIDTH="31"/>
						<String ID="P7_ST00811" HPOS="2373" VPOS="2516" WIDTH="268" HEIGHT="47" CONTENT="Mitwirkung," WC="1.00" CC="00002007501"/>
						<SP ID="P7_SP00722" HPOS="2641" VPOS="2563" WIDTH="31"/>
						<String ID="P7_ST00812" HPOS="2672" VPOS="2526" WIDTH="41" HEIGHT="24" CONTENT="so" WC="0.57" CC="53"/>
						<SP ID="P7_SP00723" HPOS="2713" VPOS="2563" WIDTH="31"/>
						<String ID="P7_ST00813" HPOS="2744" VPOS="2515" WIDTH="73" HEIGHT="35" CONTENT="wie" WC="0.97" CC="015"/>
						<SP ID="P7_SP00724" HPOS="2817" VPOS="2563" WIDTH="28"/>
						<String ID="P7_ST00814" HPOS="2845" VPOS="2514" WIDTH="71" HEIGHT="35" CONTENT="wir" WC="0.99" CC="030"/>
						<SP ID="P7_SP00725" HPOS="2916" VPOS="2563" WIDTH="31"/>
						<String ID="P7_ST00815" HPOS="2947" VPOS="2513" WIDTH="133" HEIGHT="34" CONTENT="diesen" WC="0.98" CC="034637"/>
						<SP ID="P7_SP00726" HPOS="3080" VPOS="2563" WIDTH="29"/>
						<String ID="P7_ST00816" HPOS="3109" VPOS="2510" WIDTH="119" HEIGHT="36" CONTENT="Dank" WC="0.98" CC="0070"/>
						<SP ID="P7_SP00727" HPOS="3228" VPOS="2563" WIDTH="29"/>
						<String ID="P7_ST00817" HPOS="3257" VPOS="2509" WIDTH="103" HEIGHT="36" CONTENT="auch" WC="0.97" CC="0607"/>
					</TextLine>
					<TextLine ID="P7_TL00094" HPOS="1780" VPOS="2573" WIDTH="1576" HEIGHT="62">
						<String ID="P7_ST00818" HPOS="1780" VPOS="2598" WIDTH="125" HEIGHT="37" CONTENT="gegen" WC="0.97" CC="73036"/>
						<SP ID="P7_SP00728" HPOS="1905" VPOS="2635" WIDTH="33"/>
						<String ID="P7_ST00819" HPOS="1938" VPOS="2587" WIDTH="72" HEIGHT="35" CONTENT="den" WC="0.95" CC="048"/>
						<SP ID="P7_SP00729" HPOS="2010" VPOS="2635" WIDTH="23"/>
						<String ID="P7_ST00820" HPOS="2033" VPOS="2583" WIDTH="326" HEIGHT="38" CONTENT="obenerwähnten" WC="0.99" CC="3478000071808"/>
						<SP ID="P7_SP00730" HPOS="2359" VPOS="2635" WIDTH="21"/>
						<String ID="P7_ST00821" HPOS="2380" VPOS="2579" WIDTH="324" HEIGHT="37" CONTENT="Violoncellisten" WC="0.99" CC="004457232605057"/>
						<SP ID="P7_SP00731" HPOS="2704" VPOS="2635" WIDTH="20"/>
						<String ID="P7_ST00822" HPOS="2724" VPOS="2577" WIDTH="272" HEIGHT="48" CONTENT="aussprechen," WC="0.99" CC="073400067371"/>
						<SP ID="P7_SP00732" HPOS="2996" VPOS="2635" WIDTH="32"/>
						<String ID="P7_ST00823" HPOS="3028" VPOS="2575" WIDTH="66" HEIGHT="36" CONTENT="der" WC="0.98" CC="040"/>
						<SP ID="P7_SP00733" HPOS="3094" VPOS="2635" WIDTH="30"/>
						<String ID="P7_ST00824" HPOS="3124" VPOS="2575" WIDTH="62" HEIGHT="35" CONTENT="ein" WC="0.94" CC="527"/>
						<SP ID="P7_SP00734" HPOS="3186" VPOS="2635" WIDTH="17"/>
						<String ID="P7_ST00825" HPOS="3203" VPOS="2573" WIDTH="153" HEIGHT="47" CONTENT="Adagio" WC="0.99" CC="000006"/>
					</TextLine>
					<TextLine ID="P7_TL00095" HPOS="1783" VPOS="2637" WIDTH="1574" HEIGHT="53">
						<String ID="P7_ST00826" HPOS="1783" VPOS="2662" WIDTH="75" HEIGHT="24" CONTENT="von" WC="0.96" CC="038"/>
						<SP ID="P7_SP00735" HPOS="1858" VPOS="2686" WIDTH="33"/>
						<String ID="P7_ST00827" HPOS="1891" VPOS="2650" WIDTH="253" HEIGHT="35" CONTENT="Goltermann" WC="0.68" CC="0150090077"/>
						<SP ID="P7_SP00736" HPOS="2144" VPOS="2686" WIDTH="31"/>
						<String ID="P7_ST00828" HPOS="2175" VPOS="2644" WIDTH="157" HEIGHT="37" CONTENT="reizend" WC="0.97" CC="4245398"/>
						<SP ID="P7_SP00737" HPOS="2332" VPOS="2686" WIDTH="28"/>
						<String ID="P7_ST00829" HPOS="2360" VPOS="2648" WIDTH="174" HEIGHT="42" CONTENT="vortrug." WC="0.99" CC="00006694"/>
						<SP ID="P7_SP00738" HPOS="2534" VPOS="2690" WIDTH="58"/>
						<String ID="P7_ST00830" HPOS="2592" VPOS="2640" WIDTH="250" HEIGHT="46" CONTENT="Ueberhaupt" WC="0.72" CC="0065070700"/>
						<SP ID="P7_SP00739" HPOS="2842" VPOS="2690" WIDTH="28"/>
						<String ID="P7_ST00831" HPOS="2870" VPOS="2639" WIDTH="170" HEIGHT="47" CONTENT="glauben" WC="0.98" CC="0075606"/>
						<SP ID="P7_SP00740" HPOS="3040" VPOS="2690" WIDTH="31"/>
						<String ID="P7_ST00832" HPOS="3071" VPOS="2637" WIDTH="70" HEIGHT="35" CONTENT="wir" WC="1.00" CC="000"/>
						<SP ID="P7_SP00741" HPOS="3141" VPOS="2690" WIDTH="47"/>
						<String ID="P7_ST00833" HPOS="3188" VPOS="2637" WIDTH="61" HEIGHT="34" CONTENT="die" WC="0.99" CC="030"/>
						<SP ID="P7_SP00742" HPOS="3249" VPOS="2690" WIDTH="29"/>
						<String ID="P7_ST00834" HPOS="3278" VPOS="2637" WIDTH="60" HEIGHT="34" CONTENT="vir" SUBS_TYPE="HypPart1" SUBS_CONTENT="virtuose" WC="0.99" CC="020"/>
						<HYP HPOS="3338" VPOS="2637" WIDTH="19" CONTENT="-"/>
					</TextLine>
					<TextLine ID="P7_TL00096" HPOS="1781" VPOS="2698" WIDTH="1577" HEIGHT="58">
						<String ID="P7_ST00835" HPOS="1781" VPOS="2721" WIDTH="112" HEIGHT="28" CONTENT="tuose" SUBS_TYPE="HypPart2" SUBS_CONTENT="virtuose" WC="0.97" CC="06664"/>
						<SP ID="P7_SP00743" HPOS="1893" VPOS="2749" WIDTH="28"/>
						<String ID="P7_ST00836" HPOS="1921" VPOS="2711" WIDTH="256" HEIGHT="45" CONTENT="Mitwirkung" WC="1.00" CC="0000000780"/>
						<SP ID="P7_SP00744" HPOS="2177" VPOS="2756" WIDTH="43"/>
						<String ID="P7_ST00837" HPOS="2220" VPOS="2709" WIDTH="139" HEIGHT="35" CONTENT="zweier" WC="0.99" CC="600010"/>
						<SP ID="P7_SP00745" HPOS="2359" VPOS="2756" WIDTH="30"/>
						<String ID="P7_ST00838" HPOS="2389" VPOS="2704" WIDTH="242" HEIGHT="37" CONTENT="Dilettanten" WC="1.00" CC="00373000007"/>
						<SP ID="P7_SP00746" HPOS="2631" VPOS="2756" WIDTH="43"/>
						<String ID="P7_ST00839" HPOS="2674" VPOS="2715" WIDTH="48" HEIGHT="23" CONTENT="an" WC="0.70" CC="05"/>
						<SP ID="P7_SP00747" HPOS="2722" VPOS="2756" WIDTH="38"/>
						<String ID="P7_ST00840" HPOS="2760" VPOS="2702" WIDTH="145" HEIGHT="36" CONTENT="diesem" WC="0.99" CC="022240"/>
						<SP ID="P7_SP00748" HPOS="2905" VPOS="2756" WIDTH="38"/>
						<String ID="P7_ST00841" HPOS="2943" VPOS="2700" WIDTH="162" HEIGHT="37" CONTENT="Abende" WC="0.98" CC="053771"/>
						<SP ID="P7_SP00749" HPOS="3105" VPOS="2756" WIDTH="41"/>
						<String ID="P7_ST00842" HPOS="3146" VPOS="2698" WIDTH="212" HEIGHT="37" CONTENT="besonders" WC="0.99" CC="543500090"/>
					</TextLine>
					<TextLine ID="P7_TL00097" HPOS="1781" VPOS="2761" WIDTH="1578" HEIGHT="56">
						<String ID="P7_ST00843" HPOS="1781" VPOS="2774" WIDTH="271" HEIGHT="39" CONTENT="hervorheben" WC="0.99" CC="71092070747"/>
						<SP ID="P7_SP00750" HPOS="2052" VPOS="2813" WIDTH="48"/>
						<String ID="P7_ST00844" HPOS="2100" VPOS="2786" WIDTH="49" HEIGHT="22" CONTENT="zu" WC="0.47" CC="46"/>
						<SP ID="P7_SP00751" HPOS="2149" VPOS="2813" WIDTH="42"/>
						<String ID="P7_ST00845" HPOS="2191" VPOS="2773" WIDTH="168" HEIGHT="44" CONTENT="müssen," WC="0.98" CC="9032064"/>
						<SP ID="P7_SP00752" HPOS="2359" VPOS="2817" WIDTH="44"/>
						<String ID="P7_ST00846" HPOS="2403" VPOS="2768" WIDTH="78" HEIGHT="35" CONTENT="und" WC="0.94" CC="627"/>
						<SP ID="P7_SP00753" HPOS="2481" VPOS="2817" WIDTH="41"/>
						<String ID="P7_ST00847" HPOS="2522" VPOS="2766" WIDTH="197" HEIGHT="37" CONTENT="bedauern" WC="0.98" CC="74307008"/>
						<SP ID="P7_SP00754" HPOS="2719" VPOS="2817" WIDTH="43"/>
						<String ID="P7_ST00848" HPOS="2762" VPOS="2777" WIDTH="84" HEIGHT="31" CONTENT="nur," WC="0.95" CC="7734"/>
						<SP ID="P7_SP00755" HPOS="2846" VPOS="2817" WIDTH="46"/>
						<String ID="P7_ST00849" HPOS="2892" VPOS="2764" WIDTH="87" HEIGHT="35" CONTENT="dass" WC="0.75" CC="0063"/>
						<SP ID="P7_SP00756" HPOS="2979" VPOS="2817" WIDTH="45"/>
						<String ID="P7_ST00850" HPOS="3024" VPOS="2764" WIDTH="61" HEIGHT="33" CONTENT="ein" WC="0.95" CC="074"/>
						<SP ID="P7_SP00757" HPOS="3085" VPOS="2817" WIDTH="33"/>
						<String ID="P7_ST00851" HPOS="3118" VPOS="2762" WIDTH="145" HEIGHT="42" CONTENT="dritter," WC="1.00" CC="00000500"/>
						<SP ID="P7_SP00758" HPOS="3263" VPOS="2817" WIDTH="32"/>
						<String ID="P7_ST00852" HPOS="3295" VPOS="2761" WIDTH="64" HEIGHT="35" CONTENT="ein" WC="0.96" CC="307"/>
					</TextLine>
					<TextLine ID="P7_TL00098" HPOS="1781" VPOS="2824" WIDTH="1577" HEIGHT="55">
						<String ID="P7_ST00853" HPOS="1781" VPOS="2838" WIDTH="288" HEIGHT="38" CONTENT="vortrefflicher" WC="0.99" CC="95080009504700"/>
						<SP ID="P7_SP00759" HPOS="2069" VPOS="2876" WIDTH="28"/>
						<String ID="P7_ST00854" HPOS="2097" VPOS="2836" WIDTH="175" HEIGHT="43" CONTENT="Bariton," WC="0.99" CC="30000563"/>
						<SP ID="P7_SP00760" HPOS="2272" VPOS="2879" WIDTH="31"/>
						<String ID="P7_ST00855" HPOS="2303" VPOS="2831" WIDTH="121" HEIGHT="37" CONTENT="durch" WC="0.97" CC="07447"/>
						<SP ID="P7_SP00761" HPOS="2424" VPOS="2879" WIDTH="29"/>
						<String ID="P7_ST00856" HPOS="2453" VPOS="2827" WIDTH="224" HEIGHT="38" CONTENT="Heiserkeit" WC="0.98" CC="6260496240"/>
						<SP ID="P7_SP00762" HPOS="2677" VPOS="2879" WIDTH="29"/>
						<String ID="P7_ST00857" HPOS="2706" VPOS="2826" WIDTH="225" HEIGHT="35" CONTENT="verhindert" WC="0.99" CC="0097459060"/>
						<SP ID="P7_SP00763" HPOS="2931" VPOS="2879" WIDTH="30"/>
						<String ID="P7_ST00858" HPOS="2961" VPOS="2837" WIDTH="91" HEIGHT="33" CONTENT="war," WC="1.00" CC="0002"/>
						<SP ID="P7_SP00764" HPOS="3052" VPOS="2879" WIDTH="30"/>
						<String ID="P7_ST00859" HPOS="3082" VPOS="2825" WIDTH="109" HEIGHT="35" CONTENT="seine" WC="0.98" CC="72052"/>
						<SP ID="P7_SP00765" HPOS="3191" VPOS="2879" WIDTH="14"/>
						<String ID="P7_ST00860" HPOS="3205" VPOS="2824" WIDTH="153" HEIGHT="45" CONTENT="Zusage" WC="0.98" CC="870003"/>
					</TextLine>
					<TextLine ID="P7_TL00099" HPOS="1785" VPOS="2885" WIDTH="1575" HEIGHT="59">
						<String ID="P7_ST00861" HPOS="1785" VPOS="2902" WIDTH="66" HEIGHT="34" CONTENT="der" WC="1.00" CC="000"/>
						<SP ID="P7_SP00766" HPOS="1851" VPOS="2936" WIDTH="28"/>
						<String ID="P7_ST00862" HPOS="1879" VPOS="2900" WIDTH="258" HEIGHT="44" CONTENT="Mitwirkung" WC="0.99" CC="0200395760"/>
						<SP ID="P7_SP00767" HPOS="2137" VPOS="2944" WIDTH="31"/>
						<String ID="P7_ST00863" HPOS="2168" VPOS="2909" WIDTH="47" HEIGHT="22" CONTENT="zu" WC="0.40" CC="47"/>
						<SP ID="P7_SP00768" HPOS="2215" VPOS="2944" WIDTH="31"/>
						<String ID="P7_ST00864" HPOS="2246" VPOS="2893" WIDTH="176" HEIGHT="37" CONTENT="erfüllen." WC="0.99" CC="300050282"/>
						<SP ID="P7_SP00769" HPOS="2422" VPOS="2944" WIDTH="38"/>
						<String ID="P7_ST00865" HPOS="2460" VPOS="2893" WIDTH="100" HEIGHT="33" CONTENT="Herr" WC="0.99" CC="6000"/>
						<SP ID="P7_SP00770" HPOS="2560" VPOS="2944" WIDTH="28"/>
						<String ID="P7_ST00866" HPOS="2588" VPOS="2891" WIDTH="96" HEIGHT="34" CONTENT="Berr" WC="0.67" CC="5007"/>
						<SP ID="P7_SP00771" HPOS="2684" VPOS="2944" WIDTH="30"/>
						<String ID="P7_ST00867" HPOS="2714" VPOS="2888" WIDTH="139" HEIGHT="49" CONTENT="spielte" WC="0.99" CC="3006101"/>
						<SP ID="P7_SP00772" HPOS="2853" VPOS="2944" WIDTH="30"/>
						<String ID="P7_ST00868" HPOS="2883" VPOS="2888" WIDTH="70" HEIGHT="35" CONTENT="mit" WC="0.96" CC="009"/>
						<SP ID="P7_SP00773" HPOS="2953" VPOS="2944" WIDTH="29"/>
						<String ID="P7_ST00869" HPOS="2982" VPOS="2898" WIDTH="155" HEIGHT="36" CONTENT="grosser" WC="0.99" CC="8900000"/>
						<SP ID="P7_SP00774" HPOS="3137" VPOS="2944" WIDTH="28"/>
						<String ID="P7_ST00870" HPOS="3165" VPOS="2885" WIDTH="174" HEIGHT="36" CONTENT="Virtuosi" SUBS_TYPE="HypPart1" SUBS_CONTENT="Virtuosität" WC="0.99" CC="00307141"/>
						<HYP HPOS="3339" VPOS="2885" WIDTH="21" CONTENT="-"/>
					</TextLine>
					<TextLine ID="P7_TL00100" HPOS="1782" VPOS="2949" WIDTH="1576" HEIGHT="52">
						<String ID="P7_ST00871" HPOS="1782" VPOS="2969" WIDTH="57" HEIGHT="32" CONTENT="tät" SUBS_TYPE="HypPart2" SUBS_CONTENT="Virtuosität" WC="1.00" CC="000"/>
						<SP ID="P7_SP00775" HPOS="1839" VPOS="3001" WIDTH="42"/>
						<String ID="P7_ST00872" HPOS="1881" VPOS="2966" WIDTH="63" HEIGHT="33" CONTENT="ein" WC="0.98" CC="005"/>
						<SP ID="P7_SP00776" HPOS="1944" VPOS="3001" WIDTH="31"/>
						<String ID="P7_ST00873" HPOS="1975" VPOS="2962" WIDTH="325" HEIGHT="36" CONTENT="Violin-Concert" WC="0.76" CC="00400741165100"/>
						<SP ID="P7_SP00777" HPOS="2300" VPOS="3001" WIDTH="44"/>
						<String ID="P7_ST00874" HPOS="2344" VPOS="2970" WIDTH="76" HEIGHT="22" CONTENT="von" WC="0.96" CC="036"/>
						<SP ID="P7_SP00778" HPOS="2420" VPOS="3001" WIDTH="43"/>
						<String ID="P7_ST00875" HPOS="2463" VPOS="2957" WIDTH="68" HEIGHT="33" CONTENT="Dr." WC="0.99" CC="002"/>
						<SP ID="P7_SP00779" HPOS="2531" VPOS="3001" WIDTH="47"/>
						<String ID="P7_ST00876" HPOS="2578" VPOS="2954" WIDTH="38" HEIGHT="35" CONTENT="J." WC="0.81" CC="03"/>
						<SP ID="P7_SP00780" HPOS="2616" VPOS="3001" WIDTH="36"/>
						<String ID="P7_ST00877" HPOS="2652" VPOS="2954" WIDTH="111" HEIGHT="35" CONTENT="Rietz" WC="0.99" CC="00303"/>
						<SP ID="P7_SP00781" HPOS="2763" VPOS="3001" WIDTH="49"/>
						<String ID="P7_ST00878" HPOS="2812" VPOS="2952" WIDTH="80" HEIGHT="35" CONTENT="und" WC="0.94" CC="680"/>
						<SP ID="P7_SP00782" HPOS="2892" VPOS="3001" WIDTH="45"/>
						<String ID="P7_ST00879" HPOS="2937" VPOS="2952" WIDTH="87" HEIGHT="34" CONTENT="eine" WC="0.98" CC="0083"/>
						<SP ID="P7_SP00783" HPOS="3024" VPOS="3001" WIDTH="30"/>
						<String ID="P7_ST00880" HPOS="3054" VPOS="2949" WIDTH="184" HEIGHT="36" CONTENT="Fantasie" WC="0.99" CC="50300703"/>
						<SP ID="P7_SP00784" HPOS="3238" VPOS="3001" WIDTH="42"/>
						<String ID="P7_ST00881" HPOS="3280" VPOS="2959" WIDTH="78" HEIGHT="23" CONTENT="von" WC="1.00" CC="010"/>
					</TextLine>
					<TextLine ID="P7_TL00101" HPOS="1784" VPOS="3010" WIDTH="1574" HEIGHT="59">
						<String ID="P7_ST00882" HPOS="1784" VPOS="3027" WIDTH="138" HEIGHT="37" CONTENT="David." WC="1.00" CC="000003"/>
						<SP ID="P7_SP00785" HPOS="1922" VPOS="3064" WIDTH="58"/>
						<String ID="P7_ST00883" HPOS="1980" VPOS="3027" WIDTH="186" HEIGHT="42" CONTENT="Ersteres," WC="0.81" CC="303020214"/>
						<SP ID="P7_SP00786" HPOS="2166" VPOS="3069" WIDTH="32"/>
						<String ID="P7_ST00884" HPOS="2198" VPOS="3025" WIDTH="61" HEIGHT="33" CONTENT="für" WC="0.99" CC="300"/>
						<SP ID="P7_SP00787" HPOS="2259" VPOS="3069" WIDTH="29"/>
						<String ID="P7_ST00885" HPOS="2288" VPOS="3034" WIDTH="73" HEIGHT="23" CONTENT="uns" WC="0.94" CC="771"/>
						<SP ID="P7_SP00788" HPOS="2361" VPOS="3069" WIDTH="28"/>
						<String ID="P7_ST00886" HPOS="2389" VPOS="3031" WIDTH="89" HEIGHT="32" CONTENT="neu," WC="0.96" CC="6542"/>
						<SP ID="P7_SP00789" HPOS="2478" VPOS="3069" WIDTH="31"/>
						<String ID="P7_ST00887" HPOS="2509" VPOS="3018" WIDTH="214" HEIGHT="47" CONTENT="begrüssen" WC="0.75" CC="500006054"/>
						<SP ID="P7_SP00790" HPOS="2723" VPOS="3069" WIDTH="31"/>
						<String ID="P7_ST00888" HPOS="2754" VPOS="3017" WIDTH="70" HEIGHT="34" CONTENT="wir" WC="0.98" CC="005"/>
						<SP ID="P7_SP00791" HPOS="2824" VPOS="3069" WIDTH="44"/>
						<String ID="P7_ST00889" HPOS="2868" VPOS="3015" WIDTH="57" HEIGHT="35" CONTENT="als" WC="0.94" CC="852"/>
						<SP ID="P7_SP00792" HPOS="2925" VPOS="3069" WIDTH="49"/>
						<String ID="P7_ST00890" HPOS="2974" VPOS="3015" WIDTH="87" HEIGHT="35" CONTENT="eine" WC="0.96" CC="0465"/>
						<SP ID="P7_SP00793" HPOS="3061" VPOS="3069" WIDTH="29"/>
						<String ID="P7_ST00891" HPOS="3090" VPOS="3010" WIDTH="268" HEIGHT="38" CONTENT="vortreffliche" WC="0.99" CC="0600308744664"/>
					</TextLine>
					<TextLine ID="P7_TL00102" HPOS="1784" VPOS="3072" WIDTH="1574" HEIGHT="65">
						<String ID="P7_ST00892" HPOS="1784" VPOS="3090" WIDTH="269" HEIGHT="47" CONTENT="Composition" WC="0.73" CC="53005500017"/>
						<SP ID="P7_SP00794" HPOS="2053" VPOS="3137" WIDTH="113"/>
						<String ID="P7_ST00893" HPOS="2166" VPOS="3086" WIDTH="47" HEIGHT="35" CONTENT="ob" WC="0.46" CC="73"/>
						<SP ID="P7_SP00795" HPOS="2213" VPOS="3137" WIDTH="31"/>
						<String ID="P7_ST00894" HPOS="2244" VPOS="3097" WIDTH="39" HEIGHT="22" CONTENT="es" WC="0.58" CC="16"/>
						<SP ID="P7_SP00796" HPOS="2283" VPOS="3137" WIDTH="31"/>
						<String ID="P7_ST00895" HPOS="2314" VPOS="3085" WIDTH="63" HEIGHT="33" CONTENT="ein" WC="0.98" CC="004"/>
						<SP ID="P7_SP00797" HPOS="2377" VPOS="3137" WIDTH="20"/>
						<String ID="P7_ST00896" HPOS="2397" VPOS="3081" WIDTH="185" HEIGHT="36" CONTENT="Vorwurf" WC="0.99" CC="0300790"/>
						<SP ID="P7_SP00798" HPOS="2582" VPOS="3137" WIDTH="26"/>
						<String ID="P7_ST00897" HPOS="2608" VPOS="3081" WIDTH="61" HEIGHT="43" CONTENT="ist," WC="0.99" CC="0200"/>
						<SP ID="P7_SP00799" HPOS="2669" VPOS="3137" WIDTH="32"/>
						<String ID="P7_ST00898" HPOS="2701" VPOS="3090" WIDTH="114" HEIGHT="24" CONTENT="wenn" WC="0.97" CC="0174"/>
						<SP ID="P7_SP00800" HPOS="2815" VPOS="3137" WIDTH="29"/>
						<String ID="P7_ST00899" HPOS="2844" VPOS="3079" WIDTH="71" HEIGHT="34" CONTENT="wir" WC="0.98" CC="004"/>
						<SP ID="P7_SP00801" HPOS="2915" VPOS="3137" WIDTH="29"/>
						<String ID="P7_ST00900" HPOS="2944" VPOS="3088" WIDTH="119" HEIGHT="37" CONTENT="sagen" WC="0.98" CC="30901"/>
						<SP ID="P7_SP00802" HPOS="3063" VPOS="3137" WIDTH="29"/>
						<String ID="P7_ST00901" HPOS="3092" VPOS="3076" WIDTH="51" HEIGHT="34" CONTENT="im" WC="0.70" CC="05"/>
						<SP ID="P7_SP00803" HPOS="3143" VPOS="3137" WIDTH="17"/>
						<String ID="P7_ST00902" HPOS="3160" VPOS="3072" WIDTH="174" HEIGHT="38" CONTENT="Mendels" SUBS_TYPE="HypPart1" SUBS_CONTENT="Mendelssohn'schen" WC="0.65" CC="0574141"/>
						<HYP HPOS="3334" VPOS="3072" WIDTH="24" CONTENT="-"/>
					</TextLine>
					<TextLine ID="P7_TL00103" HPOS="1783" VPOS="3136" WIDTH="1573" HEIGHT="54">
						<String ID="P7_ST00903" HPOS="1783" VPOS="3152" WIDTH="235" HEIGHT="37" CONTENT="sohn'schen" SUBS_TYPE="HypPart2" SUBS_CONTENT="Mendelssohn'schen" WC="0.56" CC="3077016617"/>
						<SP ID="P7_SP00804" HPOS="2018" VPOS="3189" WIDTH="32"/>
						<String ID="P7_ST00904" HPOS="2050" VPOS="3151" WIDTH="156" HEIGHT="35" CONTENT="Geiste?" WC="0.99" CC="0003054"/>
						<SP ID="P7_SP00805" HPOS="2206" VPOS="3189" WIDTH="33"/>
						<String ID="P7_ST00905" HPOS="2239" VPOS="3148" WIDTH="150" HEIGHT="36" CONTENT="Gewiss" WC="0.99" CC="020046"/>
						<SP ID="P7_SP00806" HPOS="2389" VPOS="3189" WIDTH="29"/>
						<String ID="P7_ST00906" HPOS="2418" VPOS="3145" WIDTH="119" HEIGHT="35" CONTENT="nicht." WC="0.98" CC="603704"/>
						<SP ID="P7_SP00807" HPOS="2537" VPOS="3189" WIDTH="32"/>
						<String ID="P7_ST00907" HPOS="2569" VPOS="3145" WIDTH="118" HEIGHT="45" CONTENT="Möge" WC="0.99" CC="0004"/>
						<SP ID="P7_SP00808" HPOS="2687" VPOS="3190" WIDTH="29"/>
						<String ID="P7_ST00908" HPOS="2716" VPOS="3142" WIDTH="103" HEIGHT="36" CONTENT="Herr" WC="0.96" CC="6190"/>
						<SP ID="P7_SP00809" HPOS="2819" VPOS="3190" WIDTH="20"/>
						<String ID="P7_ST00909" HPOS="2839" VPOS="3142" WIDTH="95" HEIGHT="35" CONTENT="Berr" WC="0.69" CC="1450"/>
						<SP ID="P7_SP00810" HPOS="2934" VPOS="3190" WIDTH="29"/>
						<String ID="P7_ST00910" HPOS="2963" VPOS="3152" WIDTH="73" HEIGHT="24" CONTENT="uns" WC="0.95" CC="372"/>
						<SP ID="P7_SP00811" HPOS="3036" VPOS="3190" WIDTH="29"/>
						<String ID="P7_ST00911" HPOS="3065" VPOS="3140" WIDTH="126" HEIGHT="34" CONTENT="ferner" WC="0.99" CC="001005"/>
						<SP ID="P7_SP00812" HPOS="3191" VPOS="3190" WIDTH="31"/>
						<String ID="P7_ST00912" HPOS="3222" VPOS="3136" WIDTH="134" HEIGHT="36" CONTENT="solche" WC="0.98" CC="601607"/>
					</TextLine>
					<TextLine ID="P7_TL00104" HPOS="1784" VPOS="3198" WIDTH="1574" HEIGHT="61">
						<String ID="P7_ST00913" HPOS="1784" VPOS="3217" WIDTH="178" HEIGHT="35" CONTENT="Genüsse" WC="0.98" CC="0360355"/>
						<SP ID="P7_SP00813" HPOS="1962" VPOS="3252" WIDTH="44"/>
						<String ID="P7_ST00914" HPOS="2006" VPOS="3213" WIDTH="213" HEIGHT="46" CONTENT="darbieten," WC="0.99" CC="0054020174"/>
						<SP ID="P7_SP00814" HPOS="2219" VPOS="3259" WIDTH="42"/>
						<String ID="P7_ST00915" HPOS="2261" VPOS="3208" WIDTH="303" HEIGHT="37" CONTENT="unbekümmert" WC="0.99" CC="78440000090"/>
						<SP ID="P7_SP00815" HPOS="2564" VPOS="3259" WIDTH="46"/>
						<String ID="P7_ST00916" HPOS="2610" VPOS="3217" WIDTH="66" HEIGHT="23" CONTENT="um" WC="0.64" CC="70"/>
						<SP ID="P7_SP00816" HPOS="2676" VPOS="3259" WIDTH="29"/>
						<String ID="P7_ST00917" HPOS="2705" VPOS="3206" WIDTH="41" HEIGHT="33" CONTENT="in" WC="0.75" CC="05"/>
						<SP ID="P7_SP00817" HPOS="2746" VPOS="3259" WIDTH="31"/>
						<String ID="P7_ST00918" HPOS="2777" VPOS="3204" WIDTH="71" HEIGHT="34" CONTENT="den" WC="0.96" CC="063"/>
						<SP ID="P7_SP00818" HPOS="2848" VPOS="3259" WIDTH="31"/>
						<String ID="P7_ST00919" HPOS="2879" VPOS="3204" WIDTH="100" HEIGHT="45" CONTENT="Weg" WC="0.99" CC="030"/>
						<SP ID="P7_SP00819" HPOS="2979" VPOS="3259" WIDTH="28"/>
						<String ID="P7_ST00920" HPOS="3007" VPOS="3201" WIDTH="222" HEIGHT="48" CONTENT="geworfene" WC="0.99" CC="030052275"/>
						<SP ID="P7_SP00820" HPOS="3229" VPOS="3259" WIDTH="30"/>
						<String ID="P7_ST00921" HPOS="3259" VPOS="3198" WIDTH="75" HEIGHT="34" CONTENT="Hin" SUBS_TYPE="HypPart1" SUBS_CONTENT="Hindernisse," WC="0.96" CC="706"/>
						<HYP HPOS="3334" VPOS="3198" WIDTH="24" CONTENT="-"/>
					</TextLine>
					<TextLine ID="P7_TL00105" HPOS="1784" VPOS="3261" WIDTH="1574" HEIGHT="61">
						<String ID="P7_ST00922" HPOS="1784" VPOS="3279" WIDTH="184" HEIGHT="43" CONTENT="dernisse," SUBS_TYPE="HypPart2" SUBS_CONTENT="Hindernisse," WC="0.98" CC="039507354"/>
						<SP ID="P7_SP00821" HPOS="1968" VPOS="3322" WIDTH="49"/>
						<String ID="P7_ST00923" HPOS="2017" VPOS="3278" WIDTH="91" HEIGHT="34" CONTENT="oder" WC="0.97" CC="3026"/>
						<SP ID="P7_SP00822" HPOS="2108" VPOS="3322" WIDTH="41"/>
						<String ID="P7_ST00924" HPOS="2149" VPOS="3286" WIDTH="63" HEIGHT="24" CONTENT="um" WC="0.17" CC="69"/>
						<SP ID="P7_SP00823" HPOS="2212" VPOS="3322" WIDTH="45"/>
						<String ID="P7_ST00925" HPOS="2257" VPOS="3273" WIDTH="60" HEIGHT="34" CONTENT="die" WC="0.98" CC="031"/>
						<SP ID="P7_SP00824" HPOS="2317" VPOS="3322" WIDTH="30"/>
						<String ID="P7_ST00926" HPOS="2347" VPOS="3270" WIDTH="164" HEIGHT="37" CONTENT="diesmal" WC="0.99" CC="0047000"/>
						<SP ID="P7_SP00825" HPOS="2511" VPOS="3322" WIDTH="28"/>
						<String ID="P7_ST00927" HPOS="2539" VPOS="3271" WIDTH="52" HEIGHT="33" CONTENT="im" WC="1.00" CC="00"/>
						<SP ID="P7_SP00826" HPOS="2591" VPOS="3322" WIDTH="31"/>
						<String ID="P7_ST00928" HPOS="2622" VPOS="3266" WIDTH="208" HEIGHT="38" CONTENT="Publicum" WC="0.98" CC="55403770"/>
						<SP ID="P7_SP00827" HPOS="2830" VPOS="3322" WIDTH="31"/>
						<String ID="P7_ST00929" HPOS="2861" VPOS="3263" WIDTH="242" HEIGHT="39" CONTENT="obwaltende" WC="0.99" CC="6500300700"/>
						<SP ID="P7_SP00828" HPOS="3103" VPOS="3322" WIDTH="30"/>
						<String ID="P7_ST00930" HPOS="3133" VPOS="3261" WIDTH="129" HEIGHT="44" CONTENT="Kälte," WC="0.98" CC="095104"/>
						<SP ID="P7_SP00829" HPOS="3262" VPOS="3322" WIDTH="30"/>
						<String ID="P7_ST00931" HPOS="3292" VPOS="3270" WIDTH="44" HEIGHT="25" CONTENT="zu" SUBS_TYPE="HypPart1" SUBS_CONTENT="zumal" WC="0.96" CC="07"/>
						<HYP HPOS="3336" VPOS="3270" WIDTH="22" CONTENT="-"/>
					</TextLine>
					<TextLine ID="P7_TL00106" HPOS="1782" VPOS="3325" WIDTH="1577" HEIGHT="55">
						<String ID="P7_ST00932" HPOS="1782" VPOS="3342" WIDTH="77" HEIGHT="36" CONTENT="mal" SUBS_TYPE="HypPart2" SUBS_CONTENT="zumal" WC="0.99" CC="001"/>
						<SP ID="P7_SP00830" HPOS="1859" VPOS="3378" WIDTH="44"/>
						<String ID="P7_ST00933" HPOS="1903" VPOS="3342" WIDTH="47" HEIGHT="34" CONTENT="da" WC="1.00" CC="00"/>
						<SP ID="P7_SP00831" HPOS="1950" VPOS="3378" WIDTH="44"/>
						<String ID="P7_ST00934" HPOS="1994" VPOS="3339" WIDTH="88" HEIGHT="36" CONTENT="sehr" WC="0.96" CC="5066"/>
						<SP ID="P7_SP00832" HPOS="2082" VPOS="3378" WIDTH="44"/>
						<String ID="P7_ST00935" HPOS="2126" VPOS="3338" WIDTH="54" HEIGHT="35" CONTENT="oft" WC="0.94" CC="663"/>
						<SP ID="P7_SP00833" HPOS="2180" VPOS="3378" WIDTH="47"/>
						<String ID="P7_ST00936" HPOS="2227" VPOS="3335" WIDTH="250" HEIGHT="37" CONTENT="überreicher" WC="0.99" CC="03200045680"/>
						<SP ID="P7_SP00834" HPOS="2477" VPOS="3378" WIDTH="29"/>
						<String ID="P7_ST00937" HPOS="2506" VPOS="3331" WIDTH="176" HEIGHT="49" CONTENT="Applaus" WC="0.99" CC="0800074"/>
						<SP ID="P7_SP00835" HPOS="2682" VPOS="3380" WIDTH="31"/>
						<String ID="P7_ST00938" HPOS="2713" VPOS="3329" WIDTH="65" HEIGHT="36" CONTENT="der" WC="0.99" CC="020"/>
						<SP ID="P7_SP00836" HPOS="2778" VPOS="3380" WIDTH="29"/>
						<String ID="P7_ST00939" HPOS="2807" VPOS="3325" WIDTH="358" HEIGHT="48" CONTENT="Mittelmässigkeit" WC="0.73" CC="0000340802607540"/>
						<SP ID="P7_SP00837" HPOS="3165" VPOS="3380" WIDTH="28"/>
						<String ID="P7_ST00940" HPOS="3193" VPOS="3335" WIDTH="143" HEIGHT="37" CONTENT="gespen" SUBS_TYPE="HypPart1" SUBS_CONTENT="gespendet" WC="0.98" CC="430920"/>
						<HYP HPOS="3336" VPOS="3335" WIDTH="23" CONTENT="-"/>
					</TextLine>
					<TextLine ID="P7_TL00107" HPOS="1782" VPOS="3387" WIDTH="1468" HEIGHT="52">
						<String ID="P7_ST00941" HPOS="1782" VPOS="3405" WIDTH="63" HEIGHT="34" CONTENT="det" SUBS_TYPE="HypPart2" SUBS_CONTENT="gespendet" WC="0.97" CC="006"/>
						<SP ID="P7_SP00838" HPOS="1845" VPOS="3439" WIDTH="31"/>
						<String ID="P7_ST00942" HPOS="1876" VPOS="3402" WIDTH="106" HEIGHT="36" CONTENT="wird." WC="0.99" CC="03004"/>
						<SP ID="P7_SP00839" HPOS="1982" VPOS="3439" WIDTH="1201"/>
						<String ID="P7_ST00943" HPOS="3183" VPOS="3387" WIDTH="14" HEIGHT="47" CONTENT="(" WC="0.25" CC="7"/>
						<String ID="P7_ST00944" HPOS="3201" VPOS="3399" WIDTH="21" HEIGHT="23" CONTENT="a" STYLE="superscript" WC="1.00" CC="0"/>
						<String ID="P7_ST00945" HPOS="3224" VPOS="3387" WIDTH="26" HEIGHT="47" CONTENT=")*" WC="0.38" CC="66"/>
					</TextLine>
				</TextBlock>
				<TextBlock ID="P7_TB00006" HPOS="2084" VPOS="3696" WIDTH="968" HEIGHT="83" STYLEREFS="TXT_4 PAR_RIGHT">
					<TextLine ID="P7_TL00108" HPOS="2085" VPOS="3698" WIDTH="965" HEIGHT="80">
						<String ID="P7_ST00946" HPOS="2085" VPOS="3706" WIDTH="187" HEIGHT="72" CONTENT="Tages-" WC="0.97" CC="653972"/>
						<SP ID="P7_SP00840" HPOS="2272" VPOS="3778" WIDTH="44"/>
						<String ID="P7_ST00947" HPOS="2316" VPOS="3702" WIDTH="102" HEIGHT="56" CONTENT="und" WC="0.93" CC="847"/>
						<SP ID="P7_SP00841" HPOS="2418" VPOS="3778" WIDTH="45"/>
						<String ID="P7_ST00948" HPOS="2463" VPOS="3698" WIDTH="587" HEIGHT="73" CONTENT="Unterhaltungs-Blatt." WC="0.39" CC="88675805577884870804"/>
					</TextLine>
				</TextBlock>
				<TextBlock ID="P7_TB00007" HPOS="1781" VPOS="3874" WIDTH="1583" HEIGHT="374" STYLEREFS="TXT_1 PAR_BLOCK">
					<TextLine ID="P7_TL00109" HPOS="1890" VPOS="3875" WIDTH="1468" HEIGHT="56">
						<String ID="P7_ST00949" HPOS="1890" VPOS="3883" WIDTH="382" HEIGHT="45" CONTENT="Düsseldorf*." WC="0.98" CC="888874788846" STYLEREFS="TXT_5"/>
						<SP ID="P7_SP00842" HPOS="2272" VPOS="3928" WIDTH="59"/>
						<String ID="P7_ST00950" HPOS="2331" VPOS="3886" WIDTH="82" HEIGHT="34" CONTENT="Der" WC="0.98" CC="005"/>
						<SP ID="P7_SP00843" HPOS="2413" VPOS="3928" WIDTH="28"/>
						<String ID="P7_ST00951" HPOS="2441" VPOS="3882" WIDTH="247" HEIGHT="49" CONTENT="Allgemeine" WC="0.99" CC="0440505032"/>
						<SP ID="P7_SP00844" HPOS="2688" VPOS="3931" WIDTH="28"/>
						<String ID="P7_ST00952" HPOS="2716" VPOS="3878" WIDTH="294" HEIGHT="38" CONTENT="Musik-Verein" WC="0.99" CC="075003000507"/>
						<SP ID="P7_SP00845" HPOS="3010" VPOS="3931" WIDTH="43"/>
						<String ID="P7_ST00953" HPOS="3053" VPOS="3875" WIDTH="76" HEIGHT="49" CONTENT="gab" WC="0.97" CC="007"/>
						<SP ID="P7_SP00846" HPOS="3129" VPOS="3931" WIDTH="29"/>
						<String ID="P7_ST00954" HPOS="3158" VPOS="3887" WIDTH="61" HEIGHT="24" CONTENT="am" WC="1.00" CC="00"/>
						<SP ID="P7_SP00847" HPOS="3219" VPOS="3931" WIDTH="31"/>
						<String ID="P7_ST00955" HPOS="3250" VPOS="3876" WIDTH="81" HEIGHT="35" CONTENT="Don" SUBS_TYPE="HypPart1" SUBS_CONTENT="Donnerstag," WC="0.98" CC="101"/>
						<HYP HPOS="3331" VPOS="3876" WIDTH="27" CONTENT="-"/>
					</TextLine>
					<TextLine ID="P7_TL00110" HPOS="1783" VPOS="3939" WIDTH="1577" HEIGHT="62">
						<String ID="P7_ST00956" HPOS="1783" VPOS="3960" WIDTH="171" HEIGHT="41" CONTENT="nerstag," SUBS_TYPE="HypPart2" SUBS_CONTENT="Donnerstag," WC="0.99" CC="34060064"/>
						<SP ID="P7_SP00848" HPOS="1954" VPOS="4001" WIDTH="30"/>
						<String ID="P7_ST00957" HPOS="1984" VPOS="3952" WIDTH="74" HEIGHT="36" CONTENT="den" WC="0.97" CC="035"/>
						<SP ID="P7_SP00849" HPOS="2058" VPOS="4001" WIDTH="32"/>
						<String ID="P7_ST00958" HPOS="2090" VPOS="3948" WIDTH="59" HEIGHT="39" CONTENT="15." WC="0.57" CC="524"/>
						<SP ID="P7_SP00850" HPOS="2149" VPOS="4001" WIDTH="31"/>
						<String ID="P7_ST00959" HPOS="2180" VPOS="3946" WIDTH="234" HEIGHT="48" CONTENT="November," WC="0.99" CC="060007304"/>
						<SP ID="P7_SP00851" HPOS="2414" VPOS="4001" WIDTH="38"/>
						<String ID="P7_ST00960" HPOS="2452" VPOS="3947" WIDTH="83" HEIGHT="35" CONTENT="sein" WC="0.97" CC="0325"/>
						<SP ID="P7_SP00852" HPOS="2535" VPOS="4001" WIDTH="30"/>
						<String ID="P7_ST00961" HPOS="2565" VPOS="3946" WIDTH="158" HEIGHT="34" CONTENT="zweites" WC="0.99" CC="4014004"/>
						<SP ID="P7_SP00853" HPOS="2723" VPOS="4001" WIDTH="31"/>
						<String ID="P7_ST00962" HPOS="2754" VPOS="3943" WIDTH="169" HEIGHT="37" CONTENT="Concert" WC="0.62" CC="6472004"/>
						<SP ID="P7_SP00854" HPOS="2923" VPOS="4001" WIDTH="27"/>
						<String ID="P7_ST00963" HPOS="2950" VPOS="3943" WIDTH="114" HEIGHT="32" CONTENT="unter" WC="0.98" CC="74030"/>
						<SP ID="P7_SP00855" HPOS="3064" VPOS="4001" WIDTH="29"/>
						<String ID="P7_ST00964" HPOS="3093" VPOS="3939" WIDTH="170" HEIGHT="47" CONTENT="Leitung" WC="0.98" CC="3150470"/>
						<SP ID="P7_SP00856" HPOS="3263" VPOS="4001" WIDTH="29"/>
						<String ID="P7_ST00965" HPOS="3292" VPOS="3939" WIDTH="68" HEIGHT="36" CONTENT="des" WC="0.95" CC="056"/>
					</TextLine>
					<TextLine ID="P7_TL00111" HPOS="1784" VPOS="4001" WIDTH="1578" HEIGHT="54">
						<String ID="P7_ST00966" HPOS="1784" VPOS="4016" WIDTH="355" HEIGHT="39" CONTENT="Musik-Directors" WC="0.68" CC="072301115250364"/>
						<SP ID="P7_SP00857" HPOS="2139" VPOS="4055" WIDTH="29"/>
						<String ID="P7_ST00967" HPOS="2168" VPOS="4013" WIDTH="129" HEIGHT="35" CONTENT="Herrn" WC="0.98" CC="60506"/>
						<SP ID="P7_SP00858" HPOS="2297" VPOS="4055" WIDTH="39"/>
						<String ID="P7_ST00968" HPOS="2336" VPOS="4008" WIDTH="137" HEIGHT="38" CONTENT="Julius" WC="0.98" CC="073373"/>
						<SP ID="P7_SP00859" HPOS="2473" VPOS="4055" WIDTH="30"/>
						<String ID="P7_ST00969" HPOS="2503" VPOS="4007" WIDTH="156" HEIGHT="36" CONTENT="Tausch" WC="0.97" CC="037637"/>
						<SP ID="P7_SP00860" HPOS="2659" VPOS="4055" WIDTH="41"/>
						<String ID="P7_ST00970" HPOS="2700" VPOS="4007" WIDTH="53" HEIGHT="34" CONTENT="im" WC="1.00" CC="00"/>
						<SP ID="P7_SP00861" HPOS="2753" VPOS="4055" WIDTH="26"/>
						<String ID="P7_ST00971" HPOS="2779" VPOS="4015" WIDTH="160" HEIGHT="37" CONTENT="grossen" WC="0.99" CC="0046207"/>
						<SP ID="P7_SP00862" HPOS="2939" VPOS="4055" WIDTH="32"/>
						<String ID="P7_ST00972" HPOS="2971" VPOS="4002" WIDTH="114" HEIGHT="36" CONTENT="Saale" WC="1.00" CC="00000"/>
						<SP ID="P7_SP00863" HPOS="3085" VPOS="4055" WIDTH="43"/>
						<String ID="P7_ST00973" HPOS="3128" VPOS="4001" WIDTH="67" HEIGHT="36" CONTENT="der" WC="0.98" CC="005"/>
						<SP ID="P7_SP00864" HPOS="3195" VPOS="4055" WIDTH="28"/>
						<String ID="P7_ST00974" HPOS="3223" VPOS="4001" WIDTH="120" HEIGHT="37" CONTENT="städti" SUBS_TYPE="HypPart1" SUBS_CONTENT="städtischen" WC="0.99" CC="400003"/>
						<HYP HPOS="3343" VPOS="4001" WIDTH="19" CONTENT="-"/>
					</TextLine>
					<TextLine ID="P7_TL00112" HPOS="1787" VPOS="4064" WIDTH="1574" HEIGHT="54">
						<String ID="P7_ST00975" HPOS="1787" VPOS="4080" WIDTH="119" HEIGHT="38" CONTENT="schen" SUBS_TYPE="HypPart2" SUBS_CONTENT="städtischen" WC="0.96" CC="76705"/>
						<SP ID="P7_SP00865" HPOS="1906" VPOS="4118" WIDTH="30"/>
						<String ID="P7_ST00976" HPOS="1936" VPOS="4075" WIDTH="204" HEIGHT="38" CONTENT="Tonhalle." WC="0.99" CC="057700404"/>
						<SP ID="P7_SP00866" HPOS="2140" VPOS="4118" WIDTH="57"/>
						<String ID="P7_ST00977" HPOS="2197" VPOS="4074" WIDTH="77" HEIGHT="34" CONTENT="Zur" WC="0.97" CC="080"/>
						<SP ID="P7_SP00867" HPOS="2274" VPOS="4118" WIDTH="30"/>
						<String ID="P7_ST00978" HPOS="2304" VPOS="4071" WIDTH="254" HEIGHT="47" CONTENT="Aufführung" WC="0.99" CC="0700070770"/>
						<SP ID="P7_SP00868" HPOS="2558" VPOS="4118" WIDTH="28"/>
						<String ID="P7_ST00979" HPOS="2586" VPOS="4070" WIDTH="90" HEIGHT="35" CONTENT="kam" WC="1.00" CC="000"/>
						<SP ID="P7_SP00869" HPOS="2676" VPOS="4118" WIDTH="29"/>
						<String ID="P7_ST00980" HPOS="2705" VPOS="4064" WIDTH="230" HEIGHT="39" CONTENT="Händel's" WC="0.75" CC="50601005"/>
						<SP ID="P7_SP00870" HPOS="2935" VPOS="4118" WIDTH="30"/>
						<String ID="P7_ST00981" HPOS="2965" VPOS="4064" WIDTH="125" HEIGHT="37" CONTENT="Judas" WC="0.98" CC="06081"/>
						<SP ID="P7_SP00871" HPOS="3090" VPOS="4118" WIDTH="30"/>
						<String ID="P7_ST00982" HPOS="3120" VPOS="4064" WIDTH="241" HEIGHT="36" CONTENT="Maccabäus" WC="0.58" CC="705607064"/>
					</TextLine>
					<TextLine ID="P7_TL00113" HPOS="1786" VPOS="4126" WIDTH="1574" HEIGHT="56">
						<String ID="P7_ST00983" HPOS="1786" VPOS="4142" WIDTH="102" HEIGHT="36" CONTENT="nach" WC="0.96" CC="6047"/>
						<SP ID="P7_SP00872" HPOS="1888" VPOS="4178" WIDTH="31"/>
						<String ID="P7_ST00984" HPOS="1919" VPOS="4141" WIDTH="66" HEIGHT="34" CONTENT="der" WC="0.96" CC="035"/>
						<SP ID="P7_SP00873" HPOS="1985" VPOS="4178" WIDTH="27"/>
						<String ID="P7_ST00985" HPOS="2012" VPOS="4137" WIDTH="265" HEIGHT="45" CONTENT="Bearbeitung" WC="0.98" CC="64796350670"/>
						<SP ID="P7_SP00874" HPOS="2277" VPOS="4182" WIDTH="36"/>
						<String ID="P7_ST00986" HPOS="2313" VPOS="4146" WIDTH="78" HEIGHT="24" CONTENT="von" WC="0.98" CC="040"/>
						<SP ID="P7_SP00875" HPOS="2391" VPOS="4182" WIDTH="30"/>
						<String ID="P7_ST00987" HPOS="2421" VPOS="4132" WIDTH="294" HEIGHT="49" CONTENT="Lindpaintner." WC="0.63" CC="5050009306564"/>
						<SP ID="P7_SP00876" HPOS="2715" VPOS="4182" WIDTH="80"/>
						<String ID="P7_ST00988" HPOS="2795" VPOS="4130" WIDTH="75" HEIGHT="34" CONTENT="Die" WC="0.99" CC="002"/>
						<SP ID="P7_SP00877" HPOS="2870" VPOS="4182" WIDTH="31"/>
						<String ID="P7_ST00989" HPOS="2901" VPOS="4127" WIDTH="81" HEIGHT="37" CONTENT="Soli" WC="0.99" CC="0030"/>
						<SP ID="P7_SP00878" HPOS="2982" VPOS="4182" WIDTH="31"/>
						<String ID="P7_ST00990" HPOS="3013" VPOS="4139" WIDTH="147" HEIGHT="37" CONTENT="sangen" WC="0.97" CC="676035"/>
						<SP ID="P7_SP00879" HPOS="3160" VPOS="4182" WIDTH="30"/>
						<String ID="P7_ST00991" HPOS="3190" VPOS="4127" WIDTH="61" HEIGHT="35" CONTENT="die" WC="0.98" CC="040"/>
						<SP ID="P7_SP00880" HPOS="3251" VPOS="4182" WIDTH="29"/>
						<String ID="P7_ST00992" HPOS="3280" VPOS="4126" WIDTH="80" HEIGHT="37" CONTENT="Frl." WC="0.98" CC="5004"/>
					</TextLine>
					<TextLine ID="P7_TL00114" HPOS="1788" VPOS="4189" WIDTH="1575" HEIGHT="58">
						<String ID="P7_ST00993" HPOS="1788" VPOS="4203" WIDTH="109" HEIGHT="38" CONTENT="Julie" WC="0.99" CC="07000"/>
						<SP ID="P7_SP00881" HPOS="1897" VPOS="4241" WIDTH="30"/>
						<String ID="P7_ST00994" HPOS="1927" VPOS="4200" WIDTH="294" HEIGHT="47" CONTENT="Eothenberger" WC="0.64" CC="760735600005"/>
						<SP ID="P7_SP00882" HPOS="2221" VPOS="4247" WIDTH="29"/>
						<String ID="P7_ST00995" HPOS="2250" VPOS="4210" WIDTH="69" HEIGHT="24" CONTENT="aus" WC="0.96" CC="073"/>
						<SP ID="P7_SP00883" HPOS="2319" VPOS="4247" WIDTH="15"/>
						<String ID="P7_ST00996" HPOS="2334" VPOS="4196" WIDTH="118" HEIGHT="44" CONTENT="Köln," WC="0.99" CC="00054"/>
						<SP ID="P7_SP00884" HPOS="2452" VPOS="4247" WIDTH="33"/>
						<String ID="P7_ST00997" HPOS="2485" VPOS="4194" WIDTH="76" HEIGHT="37" CONTENT="Frl." WC="0.98" CC="0801"/>
						<SP ID="P7_SP00885" HPOS="2561" VPOS="4247" WIDTH="31"/>
						<String ID="P7_ST00998" HPOS="2592" VPOS="4191" WIDTH="124" HEIGHT="38" CONTENT="Adele" WC="0.99" CC="00107"/>
						<SP ID="P7_SP00886" HPOS="2716" VPOS="4247" WIDTH="24"/>
						<String ID="P7_ST00999" HPOS="2740" VPOS="4191" WIDTH="177" HEIGHT="37" CONTENT="Asmann" WC="0.58" CC="076045"/>
						<SP ID="P7_SP00887" HPOS="2917" VPOS="4247" WIDTH="29"/>
						<String ID="P7_ST01000" HPOS="2946" VPOS="4203" WIDTH="69" HEIGHT="24" CONTENT="aus" WC="0.94" CC="572"/>
						<SP ID="P7_SP00888" HPOS="3015" VPOS="4247" WIDTH="29"/>
						<String ID="P7_ST01001" HPOS="3044" VPOS="4191" WIDTH="184" HEIGHT="48" CONTENT="Barmen," WC="0.98" CC="6070054"/>
						<SP ID="P7_SP00889" HPOS="3228" VPOS="4247" WIDTH="29"/>
						<String ID="P7_ST01002" HPOS="3257" VPOS="4189" WIDTH="106" HEIGHT="37" CONTENT="Herr" WC="0.96" CC="7009"/>
					</TextLine>
				</TextBlock>
			</PrintSpace>
		</Page>
	</Layout>
</alto>
