2270 3860
376 212 51 25 LE
462 203 244 34 TROISIÈME
742 212 284 26 CENTENAIRE
1062 214 55 24 DE
1151 213 293 28 MONTEVERDI
1482 214 51 26 ET
1568 213 22 25 L
1625 197 34 41 '((
1698 212 143 27 ORFEO
1878 211 20 25 »

2067 212 76 40 217

265 365 74 40 Le
374 364 301 43 troisième
709 367 335 42 centenaire
1082 369 69 42 de
1180 369 365 43 Monteverdi
1570 373 55 39 et
1659 369 344 43 1'«Orfeo».

164 484 52 31 Au
240 494 106 22 cours
371 484 47 33 du
443 488 171 30 carnaval
629 486 44 32 de
693 487 142 31 l'année
864 487 89 42 1607
980 488 48 32 tut
1043 489 231 40 représentée
1298 500 94 30 pour
1413 492 33 30 la
1472 491 179 40 première
1675 491 67 33 fois
1766 493 17 31 à
1801 491 174 33 Mantoue
1996 492 31 31 la
2051 490 97 33 fable

123 534 190 40 d'Orphée
336 533 16 41 (.
352 535 131 32 Favola
505 538 35 29 di
569 536 118 41 Orfeo)
707 536 43 33 de
772 536 155 34 Claudio
945 538 241 33 Monteverdi.
1210 541 29 30 A
1262 539 195 33 l'occasion
1481 540 46 33 du
1548 541 186 33 troisième
1756 541 209 34 centenaire
1988 541 43 33 de
2051 548 94 26 cette

121 595 137 29 œuvre,
285 585 48 32 M.
366 586 42 32 T.
433 586 213 33 Mantovani
682 597 18 22 a
737 586 126 42 publié
887 588 220 33 récemment
1130 589 91 32 dans
1253 592 32 31 le
1314 590 120 32 Secolo
1470 603 48 20 un
1543 590 221 34 intéressant
1788 592 126 33 article
1945 602 72 32 que
2053 603 94 22 nous

120 635 264 38 reproduisons
408 647 159 31 presque
590 637 298 43 intégralement,
916 643 111 37 grâce
1049 642 19 29 à
1088 642 33 30 la
1148 639 209 34 traduction
1381 640 82 43 qu'a
1488 641 85 32 bien
1592 645 111 30 voulu
1728 652 43 23 en
1796 643 87 33 faire
1907 651 104 25 notre
2030 645 99 31 colla-

119 685 174 33 borateur
310 686 49 31 M.
386 687 141 42 Huyot,
552 688 210 40 professeur
785 689 139 42 agrégé
955 689 44 33 de
1021 692 8 28 1
1046 689 221 34 Université.

306 781 32 41 Il
367 785 135 38 serait
545 785 165 51 injuste
738 785 55 40 de
826 798 55 27 ne
920 799 81 38 pas
1032 791 331 36 commémorer
1399 787 40 40 le
1486 789 229 40 troisième
1754 793 253 37 centenaire
2040 790 104 40 d'un

121 855 263 37 événement
409 854 120 38 aussi
555 854 246 52 important
824 854 112 41 dans
954 853 219 43 l'histoire
1194 856 59 40 du
1279 856 155 41 drame
1450 858 193 40 musical
1665 870 86 41 que
1772 857 65 42 fut
1861 859 39 40 la
1924 861 222 51 première

120 923 358 50 représentation
518 922 53 40 de
607 921 25 41 Y
640 921 167 57 Orphée
830 924 54 40 de
926 923 69 41 Cl.
1034 924 299 50 Monteverdi,
1361 940 153 27 œuvre
1537 926 203 42 fameuse
1770 929 76 51 qui
1881 943 188 39 marque
2106 929 39 40 la

122 992 238 40 naissance
384 991 53 41 de
461 992 40 40 la
527 994 210 52 musique
759 993 424 54 mélodramatique.
1211 995 128 41 Cette
1361 995 144 42 forme
1537 996 128 50 d'art,
1708 995 92 42 fille
1836 998 53 40 de
1928 999 196 52 prédilec-

123 1061 93 39 tion
239 1060 58 41 du
317 1062 131 50 génie
466 1061 170 49 italien,
661 1076 56 27 ne
740 1063 126 41 tarda
891 1077 81 39 pas
998 1068 22 37 à
1041 1063 163 42 établir
1236 1079 83 27 son
1342 1065 196 41 aimable
1561 1068 315 40 souveraineté
1900 1081 77 27 sur
1999 1076 148 33 toutes

123 1129 64 40 les
212 1136 154 35 scènes
390 1131 58 40 du
474 1134 164 38 monde
658 1132 186 41 civilisé.

178 1199 64 40 Le
263 1200 292 51 mélodrame,
590 1215 175 27 comme
790 1211 93 32 tant
916 1204 197 40 d'autres
1135 1203 207 43 notables
1366 1204 364 42 manifestations
1760 1206 54 40 de
1841 1206 115 49 l'art,
1992 1215 65 32 est
2085 1206 62 43 lui

123 1269 121 39 aussi
263 1282 59 25 un
343 1269 197 51 produit,
566 1275 221 46 peut-être
805 1272 39 39 le
867 1273 178 40 dernier
1074 1282 42 31 et
1139 1273 39 40 le
1199 1275 148 39 moins
1368 1274 154 50 direct,
1548 1274 54 41 de
1633 1289 46 26 ce
1710 1275 143 51 grand
1879 1284 40 33 et
1942 1277 180 40 merveil-

124 1337 99 40 leux
256 1336 128 42 effort
408 1338 272 41 intellectuel
701 1348 41 32 et
767 1341 143 39 moral
932 1343 75 50 qui
1030 1342 55 39 de
1109 1341 144 42 Dante
1274 1357 47 26 se
1350 1352 219 32 transmet
1609 1348 22 36 à
1664 1344 220 53 Raphaël,
1913 1350 21 36 à
1963 1345 185 42 Michel-

123 1406 146 51 Ange,
306 1411 21 35 à
352 1404 226 52 l'Arioste,
606 1412 22 35 à
653 1407 269 54 Machiavel,
948 1419 41 31 et
1020 1413 75 50 qui
1121 1424 45 27 se
1189 1416 177 36 résume
1399 1412 112 40 dans
1536 1412 39 41 la
1600 1412 211 43 brillante
1847 1414 184 53 période
2053 1416 72 40 his-

124 1477 177 50 torique
321 1476 54 40 de
399 1476 38 40 la
465 1476 325 42 Renaissance.

180 1543 90 42 Sur
293 1545 38 40 la
359 1547 210 51 musique
599 1551 162 46 même,
785 1547 40 40 la
848 1547 309 42 Renaissance
1180 1562 154 39 exerça
1360 1565 86 27 une
1480 1552 222 41 influence
1735 1551 113 42 forte
1869 1561 41 32 et
1945 1552 202 50 féconde,

123 1615 115 39 mais
263 1627 91 27 non
377 1615 53 39 de
454 1615 39 39 la
513 1619 146 37 même
682 1618 200 39 manière
903 1631 87 38 que
1013 1631 76 27 sur
1109 1618 63 41 les
1194 1627 149 33 autres
1366 1630 91 31 arts
1478 1630 7 30 :
1510 1635 73 26 car
1601 1634 48 27 ce
1672 1635 55 26 ne
1750 1620 67 42 fut
1839 1623 45 39 ni
1907 1637 61 26 un
1991 1636 131 28 renou-

122 1683 242 41 vellement
390 1686 44 38 ni
472 1698 88 27 une
598 1686 232 40 évolution
856 1686 161 53 qu'elle
1058 1702 28 38 y
1114 1693 153 47 opéra,
1306 1689 84 41 elle
1410 1705 28 38 y
1473 1690 260 41 introduisit
1770 1705 60 27 un
1871 1693 201 52 principe
2095 1693 54 40 de

123 1751 213 43 réforme.

180 1821 69 41 Du
274 1832 146 43 temps
443 1824 53 40 de
528 1824 39 41 la
594 1824 325 51 Renaissance,
955 1835 41 32 et
1019 1830 135 47 grâce
1178 1832 21 35 à
1225 1828 98 40 elle,
1351 1828 62 40 les
1438 1832 267 39 sentiments
1740 1836 258 36 trouvèrent
2038 1832 115 40 dans

124 1891 41 40 la
206 1894 211 51 musique
453 1908 60 25 un
550 1894 133 40 mode
719 1894 323 53 d'expression.
1084 1895 90 41 Dès
1211 1896 91 42 lors
1341 1912 86 37 que
1456 1912 122 27 cessa
1622 1900 38 40 la
1686 1900 167 51 longue
1889 1909 41 32 et
1961 1900 191 42 absolue

124 1961 284 41 domination
447 1963 58 39 du
548 1963 134 40 mode
717 1964 264 52 diatonique
1019 1965 77 40 des
1119 1966 157 40 chants
1314 1967 233 51 religieux,
1585 1977 40 32 et
1660 1983 87 38 que
1779 1967 299 44 s'introduisit
2114 1971 40 40 le

127 2030 132 40 mode
279 2031 327 53 chromatique,
628 2032 39 40 la
693 2033 194 40 mélodie
912 2034 186 41 s'ouvrit
1113 2048 86 26 une
1220 2034 162 42 brèche
1407 2041 22 35 à
1453 2046 170 32 travers
1639 2038 62 40 les
1723 2039 238 40 traditions
1985 2041 169 50 rigides

125 2107 41 31 et
190 2105 247 36 surannées
461 2115 7 25 :
493 2101 83 39 elle
610 2110 78 44 put
712 2115 47 27 se
795 2102 172 41 donner
989 2105 191 38 carrière
1212 2104 113 41 dans
1349 2105 39 40 le
1411 2106 240 51 madrigal,
1679 2109 75 50 qui
1779 2108 64 40 fut
1865 2110 221 40 vraiment
2112 2109 39 40 la

126 2170 220 50 première
374 2168 141 41 forme
538 2171 217 40 musicale
778 2169 103 42 d'où
904 2174 159 49 naquit
1088 2172 38 40 le
1151 2173 293 42 mélodrame.

181 2235 63 42 Le
267 2238 224 51 madrigal
517 2241 155 39 revêtit
694 2240 54 39 de
769 2248 127 33 notes
921 2249 121 32 toute
1065 2247 157 47 espèce
1242 2242 54 40 de
1317 2245 150 50 poésie
1491 2244 202 52 profane,
1721 2246 214 54 s'imposa
1960 2251 22 36 à
2007 2255 146 33 toutes

125 2306 63 40 les
212 2307 168 41 classes
402 2308 54 40 de
479 2309 40 39 la
545 2310 179 49 société,
745 2310 113 39 mais
881 2319 155 31 trouva
1056 2324 46 26 sa
1119 2311 101 52 plus
1244 2312 173 50 grande
1434 2312 214 43 diffusion
1669 2314 113 42 dans
1797 2315 64 41 les
1886 2316 184 53 sphères
2089 2317 63 40 les

124 2375 102 52 plus
250 2376 177 49 hautes,
449 2377 106 41 chez
580 2378 62 40 les
665 2380 177 50 princes
863 2387 40 32 et
924 2380 113 39 dans
1058 2380 63 40 les
1162 2394 145 27 cours.
1335 2380 55 42 Et
1414 2382 39 40 le
1476 2389 187 46 progrès
1684 2398 54 26 en
1763 2383 64 42 fut
1852 2387 121 39 aussi
1999 2386 154 52 rapide

126 2458 88 38 que
238 2445 39 40 la
299 2446 228 40 diffusion.
555 2445 65 42 Le
643 2448 224 50 madrigal
897 2450 86 50 prit
1008 2448 172 41 bientôt
1204 2449 38 41 le
1279 2457 221 36 caractère
1523 2451 133 42 d'une
1680 2455 147 40 action
1850 2454 234 49 théâtrale,
2111 2463 41 33 et

124 2512 346 56 s'accompagna
496 2516 358 41 d'instruments.
889 2517 31 40 Il
946 2531 53 27 ne
1025 2518 59 41 lui
1119 2521 236 51 manquait
1388 2521 101 52 plus
1521 2535 85 40 que
1637 2521 216 43 l'illusion
1877 2538 85 39 que
2001 2524 150 41 donne

126 2583 40 40 la
192 2590 146 35 scène.

183 2651 121 44 C'est
341 2654 119 41 alors
485 2668 86 39 que
591 2665 312 32 commencent
928 2661 20 36 à
975 2657 151 41 fleurir
1145 2672 71 27 ces
1241 2659 99 52 jeux
1367 2660 135 52 qu'on
1525 2662 197 52 appelait
1742 2662 79 41 des
1853 2676 19 25 «
1909 2662 167 42 Scènes
2096 2677 55 27 en

126 2723 267 50 madrigaux
414 2737 39 35 »,
473 2737 137 38 genre
635 2731 57 34 où
717 2738 45 27 se
787 2726 175 51 signala
999 2742 60 25 un
1089 2728 78 40 des
1195 2731 216 50 premiers
1446 2729 301 43 Monteverdi.
1786 2731 64 41 Le
1880 2733 102 52 plus
2005 2733 147 51 grand

126 2797 190 47 progrès
340 2793 53 40 de
417 2806 71 27 ces
508 2794 267 50 madrigaux
795 2808 55 27 en
871 2797 208 51 musique
1100 2806 65 31 est
1183 2803 188 47 marqué
1394 2813 81 38 par
1494 2799 350 56 YAnfiparnasso
1854 2832 8 16 ,
1887 2801 40 40 la
1952 2803 201 39 comédie

126 2860 303 53 harmonique
447 2861 267 52 (commedia
741 2864 249 53 armonica)
1006 2864 210 43 d'Orazio
1231 2866 162 41 Vecchi
1415 2870 92 50 qui,
1534 2877 307 44 transportant
1856 2870 39 39 la
1917 2884 20 25 ((
1956 2884 163 28 comme-

127 2930 70 39 dia
221 2930 87 40 dell
338 2939 93 32 arte
449 2944 19 24 »
491 2931 113 40 dans
624 2932 36 39 le
682 2932 214 41 domaine
919 2933 78 40 des
1015 2947 123 34 sons,
1159 2949 115 27 nous
1292 2936 164 48 donne,
1483 2951 54 26 ne
1556 2937 136 41 fût-ce
1714 2952 85 39 que
1817 2952 107 28 sous
1948 2940 38 40 la
2009 2939 142 43 forme

127 2999 39 39 la
192 2999 102 52 plus
319 3001 339 47 rudimentaire,
684 3016 59 25 un
764 3003 196 51 premier
978 3004 118 39 essai
1116 3004 53 39 de
1190 3018 47 26 ce
1261 3007 75 50 qui
1361 3019 97 27 sera
1491 3004 166 54 l'opéra
1683 3006 165 43 bouffe.

183 3069 268 52 Cependant
484 3070 38 40 la
545 3075 166 48 pensée
734 3072 199 51 antique,
959 3076 134 47 grâce
1118 3077 22 35 à
1176 3073 40 40 la
1242 3073 323 50 Renaissance,
1604 3080 192 48 exerçait
1821 3091 82 28 son
1928 3079 221 42 influence

127 3152 77 26 sur
226 3149 101 30 tous
348 3139 65 40 les
430 3142 163 50 esprits
617 3140 184 40 éclairés
823 3153 8 27 :
851 3140 64 41 les
936 3154 223 38 ouvrages
1183 3142 78 42 des
1281 3142 137 42 Grecs
1441 3153 42 32 et
1500 3145 78 40 des
1610 3144 157 43 Latins
1787 3149 166 40 étaient
1978 3149 149 40 recher-

126 3208 104 40 chés
268 3218 42 31 et
333 3209 174 41 étudiés
531 3223 104 27 avec
658 3210 176 41 ardeur.

183 3278 38 39 A
246 3278 214 41 Florence
484 3287 298 43 notamment,
809 3279 163 42 l'étude
988 3281 79 40 des
1100 3282 170 50 grands
1301 3285 232 52 tragiques
1569 3299 128 36 grecs
1721 3287 174 50 guidait
1919 3288 112 40 dans
2055 3288 97 42 leur

126 3345 128 42 effort
279 3361 70 26 ces
367 3357 184 32 savants
574 3347 148 42 d'élite
745 3358 41 31 et
809 3363 71 26 ces
900 3349 198 42 fervents
1119 3360 226 32 amateurs
1382 3353 54 41 de
1459 3356 210 51 musique
1693 3357 75 51 qui
1799 3356 245 42 formèrent
2064 3372 87 26 une

127 3416 251 42 assemblée
402 3432 176 27 connue
612 3418 114 41 dans
751 3418 219 42 l'histoire
1004 3434 106 28 sous
1135 3421 40 41 le
1204 3436 106 26 nom
1342 3423 53 40 de
1431 3436 19 26 «
1478 3422 182 42 Caméra
1685 3425 246 53 fiorentina
1962 3440 39 25 ».
2028 3426 123 41 C'est

126 3485 42 40 là
193 3499 87 38 que
304 3485 64 41 fut
389 3500 140 38 conçu
552 3488 40 40 le
612 3488 143 52 projet
785 3488 53 40 de
862 3487 109 42 faire
993 3492 170 39 revivre
1187 3491 39 41 le
1249 3492 156 40 drame
1435 3494 188 39 musical
1656 3507 104 38 grec
1781 3495 109 41 dont
1917 3495 39 41 la
1978 3495 148 52 perfec-

129 3556 93 39 tion
243 3558 241 49 paraissait
507 3558 212 50 provenir
741 3556 54 40 de
818 3556 170 43 l'union
1007 3559 54 40 de
1083 3559 39 40 la
1145 3562 153 50 poésie
1322 3575 104 27 avec
1451 3562 40 40 la
1524 3565 226 50 musique.

303 3637 42 32 R.
371 3636 49 32 M.

1957 3655 39 31 I?
