2273 3784
2075 180 106 67 219

382 208 52 26 LE
468 199 242 35 TROISIÈME
744 207 285 28 CENTENAIRE
1064 209 56 26 DE
1155 208 291 28 MONTEVERDI
1482 209 51 26 ET
1567 194 37 41 L'
1642 210 17 19 «
1698 208 145 27 ORFEO
1880 207 18 26 »

184 299 64 43 Le
271 306 152 36 succès
447 301 53 40 de
524 309 111 33 cette
658 303 235 39 exécution
920 311 134 44 ayant
1074 301 218 43 confirmé
1316 303 113 41 celui
1453 303 54 41 de
1540 303 38 40 la
1604 303 236 53 première,
1880 302 39 41 le
1938 302 85 41 duc
2042 315 82 28 vou-

127 371 64 41 lut
213 371 135 53 qu'on
372 371 186 48 donnât,
600 371 40 40 le
682 386 12 25 lerI
705 378 29 15 er
767 385 139 35 mars,
940 386 88 26 une
1065 372 208 41 nouvelle
1303 374 357 51 représentation
1684 376 22 36 à
1728 371 195 54 laquelle
1946 371 31 41 il
2015 374 138 39 invita

126 449 149 33 toutes
299 440 63 41 les
386 441 157 41 dames
567 441 55 41 de
642 440 40 41 la
706 440 121 41 ville.

182 509 124 41 Dans
331 524 83 27 son
453 510 181 56 Orphée,
660 509 285 42 Monteverdi
978 511 125 41 éleva
1145 512 294 52 l'expression
1472 512 59 40 du
1568 510 194 42 récitatif
1787 510 176 54 jusqu'à
2001 510 150 41 l'idéal

126 579 287 54 dramatique
439 596 7 25 :
474 584 133 48 grâce
629 585 22 35 à
675 580 40 39 la
736 580 239 41 recherche
999 581 54 39 de
1077 580 199 52 rythmes
1297 593 254 35 nouveaux,
1587 582 146 51 parmi
1758 581 196 52 lesquels
1992 580 29 41 il
2055 579 96 42 faut

126 651 108 40 citer
254 649 40 41 le
321 651 175 51 rythme
529 649 169 52 inégal,
738 653 21 36 à
801 650 83 50 3/4,
926 648 107 54 qu'il
1068 649 63 41 fut
1168 649 38 40 le
1240 651 195 50 premier
1475 654 21 35 à
1521 650 233 53 employer
1783 650 114 41 dans
1928 651 39 40 le
1996 650 156 41 drame

126 720 207 45 musical,
358 720 29 39 il
423 722 79 38 mit
539 720 101 52 plus
677 719 54 40 de
753 720 185 49 variété,
973 733 54 26 en
1064 722 145 37 même
1244 727 144 44 temps
1413 732 87 39 que
1536 719 101 52 plus
1671 717 252 54 d'ampleur
1944 720 114 40 dans
2082 733 70 27 ses

126 802 19 24 «
171 788 89 40 arie
281 802 38 33 »,
346 795 57 34 où
426 789 30 39 il
478 797 71 33 sut
569 790 223 51 exprimer
815 788 38 41 le
879 802 102 26 sens
1006 789 79 40 des
1105 797 118 31 mots
1247 786 174 55 jusqu'à
1447 788 95 40 leur
1574 788 175 40 donner
1780 802 89 27 une
1892 791 113 38 âme.

181 856 63 42 Le
266 860 209 51 premier,
495 858 30 40 il
566 872 115 27 nous
707 857 108 42 offre
859 857 234 53 l'exemple
1123 858 78 40 des
1235 858 169 50 grands
1441 857 319 51 monologues,
1796 856 144 42 forme
1974 860 76 50 qui
2086 866 66 33 est

126 932 142 37 restée
293 928 203 53 toujours
520 941 54 27 en
597 927 224 42 honneur.
849 926 32 41 Il
906 926 150 42 suffira
1086 927 55 41 de
1175 927 218 53 rappeler,
1421 927 114 40 dans
1556 927 40 40 la
1622 928 214 51 partition
1860 926 214 55 d'Orphée
2081 959 8 17 ,
2112 928 40 40 le

127 998 278 51 monologue
422 999 58 40 du
503 999 314 52 protagoniste
842 1012 55 26 au
926 997 161 41 second
1108 1006 109 39 acte,
1244 1006 40 31 et
1308 997 114 40 celui
1444 998 75 51 qui
1541 1009 138 28 ouvre
1702 996 39 41 le
1761 998 254 52 cinquième
2038 1005 110 40 acte,

127 1080 105 28 avec
252 1067 199 53 lesquels
470 1067 193 48 rivalise,
682 1068 37 39 si
741 1067 85 41 elle
842 1080 54 27 ne
920 1067 39 41 le
974 1080 278 40 surpasseen
1270 1065 177 49 beauté,
1467 1063 125 43 Varia
1610 1065 266 54 strophique
1895 1064 229 55 d'Orphée
2141 1082 7 25 :

130 1136 137 49 Quale
291 1151 121 26 amor
433 1137 46 40 di
503 1143 36 34 te
560 1137 62 52 fia
645 1138 144 54 degno

181 1206 69 40 En
276 1211 145 36 même
464 1215 146 45 temps
653 1221 88 37 que
776 1220 71 27 ces
886 1205 166 42 formes
1092 1206 315 54 monodiques,
1434 1206 282 41 Monteverdi
1754 1206 260 41 introduisit
2043 1206 108 41 celle

123 1275 60 40 du
226 1275 143 40 duetto
412 1284 41 31 et
491 1275 151 40 donna
682 1289 87 27 une
811 1276 172 50 grande
1021 1277 281 51 importance
1342 1291 83 26 aux
1466 1277 178 40 chœurs
1686 1275 272 54 jusqu'alors
1994 1276 124 41 homo-

124 1345 191 52 phones.

179 1413 119 41 Mais
323 1427 81 26 son
428 1414 263 40 innovation
717 1413 191 53 capitale
933 1413 62 40 fut
1034 1413 54 40 de
1131 1412 110 41 faire
1277 1415 234 38 concourir
1550 1413 317 43 efficacement,
1902 1422 42 32 et
1977 1427 174 27 comme

124 1484 77 40 nul
222 1497 55 27 ne
301 1483 149 40 l'avait
472 1482 77 41 fait
574 1496 176 35 encore,
778 1483 63 40 les
863 1484 296 38 instruments
1180 1482 54 40 de
1254 1482 257 40 l'orchestre
1535 1486 21 36 à
1577 1483 39 39 la
1641 1484 168 38 variété
1825 1491 42 32 et
1891 1487 21 35 à
1935 1480 143 42 l'éclat
2098 1483 54 39 de

123 1551 177 42 l'action
326 1554 227 50 scénique,
580 1555 134 47 grâce
747 1566 53 26 au
838 1552 375 52 développement
1237 1552 57 40 du
1321 1552 195 50 langage
1541 1552 263 40 orchestral.
1850 1550 90 41 Car
1978 1550 145 42 Monte-

121 1622 124 41 verdi
274 1635 53 27 ne
353 1635 46 27 se
423 1623 134 39 servit
575 1635 96 39 pas,
691 1635 175 27 comme
888 1635 69 27 ses
972 1622 280 45 devanciers,
1279 1622 78 39 des
1377 1622 297 40 instruments
1689 1635 112 39 pour
1825 1634 329 40 accompagner

122 1691 290 54 simplement
436 1691 39 40 le
498 1691 136 40 chant
656 1706 6 25 :
687 1691 28 40 il
740 1691 160 40 choisit
923 1706 59 25 un
997 1705 189 38 groupe,
1213 1705 87 26 une
1316 1689 168 42 famille
1504 1691 342 40 d'instruments
1866 1704 114 39 pour
2003 1700 126 31 soute-

123 1763 83 45 nir,
230 1775 114 39 pour
366 1762 290 39 caractériser
673 1774 54 27 en
752 1761 196 52 quelque
969 1769 119 32 sorte
1112 1760 57 41 tel
1195 1774 56 27 ou
1277 1760 56 41 tel
1357 1761 79 40 des
1460 1773 311 40 personnages
1805 1761 59 40 du
1887 1760 154 41 drame
2068 1772 10 36 ;
2112 1769 42 32 et

124 1844 82 28 son
229 1830 203 53 exemple
453 1829 64 41 fut
541 1831 131 49 suivi,
698 1838 282 32 notamment
1004 1844 81 38 par
1126 1829 224 41 Scarlatti.

179 1899 87 41 Les
303 1913 19 25 «
346 1900 322 40 lamentations
689 1898 230 54 d'Orphée
944 1912 37 37 »,
1004 1912 115 39 pour
1135 1900 106 39 citer
1263 1913 59 25 un
1347 1898 78 40 des
1447 1898 225 53 exemples
1691 1900 75 50 qui
1792 1898 230 40 abondent
2039 1898 113 40 dans

122 1966 282 42 l'admirable
427 1968 231 52 partition,
682 1975 101 32 sont
823 1971 357 48 accompagnées
1216 1967 78 39 des
1335 1966 156 40 basses
1533 1967 54 39 de
1625 1967 117 40 viole
1775 1977 8 36 ;
1817 1967 40 40 le
1880 1968 157 40 chœur
2072 1968 77 41 des

122 2038 165 51 esprits
329 2045 66 32 est
423 2040 306 48 accompagné
769 2036 79 40 des
882 2049 164 37 orgues
1091 2033 214 55 (organi),
1329 2036 77 40 des
1430 2035 200 41 trombes
1668 2034 237 54 (trombe),
1948 2036 53 40 de
2037 2036 114 41 deux

121 2105 115 40 bassi
270 2106 49 39 da
351 2105 162 54 gamba
552 2114 41 31 et
629 2105 134 40 d'une
796 2104 292 41 contrebasse
1129 2105 54 39 de
1214 2103 116 42 viole
1353 2120 8 32 ;
1385 2105 39 39 le
1448 2105 134 40 chant
1617 2105 53 40 de
1695 2104 181 49 Pluton,
1904 2105 77 40 des
2015 2114 110 32 trom-

121 2174 142 42 bones
283 2189 10 34 ;
318 2175 202 52 exemple
544 2188 103 38 que,
674 2174 55 40 de
753 2187 82 27 nos
859 2175 136 51 jours,
1023 2171 67 43 n'a
1116 2187 81 39 pas
1217 2173 151 41 oublié
1389 2173 53 40 de
1466 2175 149 39 suivre
1629 2173 174 42 Berlioz
1821 2187 114 40 pour
1958 2175 38 40 le
2017 2175 134 41 chant

120 2244 54 40 de
197 2243 407 54 Méphistophélès,
627 2244 114 40 dans
765 2244 38 39 la
830 2243 193 41 seconde
1046 2244 142 51 partie
1211 2243 54 40 de
1286 2243 39 40 la
1348 2243 270 40 Damnation
1643 2244 50 38 de
1717 2242 148 41 Faust.

178 2312 127 42 Cette
328 2315 215 51 partition
568 2312 215 54 d'Orphée
814 2321 67 31 est
905 2312 114 40 donc
1045 2312 40 40 la
1107 2313 220 51 première
1347 2313 214 51 partition
1590 2310 274 43 d'orchestre
1897 2314 75 50 qui
1997 2314 59 40 ait
2083 2318 68 36 été

120 2384 148 41 écrite,
292 2391 41 31 et
351 2382 28 40 il
404 2391 66 31 est
491 2383 271 39 intéressant
783 2382 52 39 de
860 2380 108 41 faire
992 2385 232 36 connaître
1248 2381 62 40 les
1349 2383 295 39 instruments
1688 2395 85 39 que
1810 2381 281 41 Monteverdi
2123 2397 28 38 y

120 2451 226 53 employa,
374 2451 81 41 tels
474 2448 132 55 qu'ils
632 2464 46 26 se
701 2458 207 33 trouvent
923 2454 237 37 énumérés
1183 2450 113 40 dans
1314 2450 38 40 la
1366 2452 221 50 première
1610 2451 168 40 édition
1797 2451 53 40 de
1870 2464 82 27 son
1977 2465 169 35 œuvre,

119 2523 237 51 imprimée
391 2525 22 36 à
434 2520 183 47 Venise,
639 2519 105 41 chez
769 2519 237 42 Ricciardo
1025 2519 275 51 Amandino,
1333 2523 104 48 1609
1460 2536 6 24 :

348 2655 127 42 Deux
501 2655 136 42 Gravi
642 2671 42 25 ce
690 2656 147 41 mbali.

352 2724 126 42 Deux
505 2724 285 42 Contrabassi
811 2726 50 39 de
886 2724 142 41 Viola.

346 2794 84 40 Dix
463 2794 121 40 Viole
614 2796 53 38 da
699 2794 164 40 brazzo.

346 2857 99 41 Une
468 2857 122 54 Arpa
610 2857 178 54 doppia.

341 2925 125 41 Deux
496 2924 167 42 Violini
682 2925 161 55 piccoli
865 2926 87 40 alla
972 2926 228 41 Francese.

345 2995 125 41 Deux
498 2994 244 42 Chitaroni.

343 3064 125 41 Deux
494 3064 176 55 Organi
686 3064 47 40 di
751 3064 149 55 legno.

344 3134 133 41 Trois
503 3134 127 40 Bassi
651 3135 56 39 da
725 3135 176 46 gamba.

341 3203 99 42 Une
463 3203 166 54 Regale
647 3202 131 55 (petit
798 3219 142 38 orgue
961 3205 221 54 portatif).

345 3273 172 52 Quatre
548 3273 249 42 Tromboni.

346 3343 124 41 Deux
493 3342 212 41 Cornetti.

342 3413 71 41 Un
438 3412 205 41 Flautino
667 3412 88 40 alla
778 3412 210 54 vigesima
1011 3415 201 39 seconda.

343 3481 70 42 Un
437 3480 183 42 Clarino
645 3481 221 51 (tromba).

346 3550 131 41 Trois
507 3550 182 42 Trombe
710 3551 191 40 sordine.
