3472 4435
1716 188 105 51 118

159 325 318 68 Ausführung
505 324 123 50 eines
656 339 150 33 neuen
839 324 216 67 Tempels
1091 325 84 53 der
1206 329 152 51 Kunst
1394 332 134 49 keine
1559 331 135 50 bekla-

162 404 327 67 genswerten
544 400 287 65 Trübungen
887 403 223 52 kommen
1168 412 190 63 mögen,
1414 411 88 49 wie
1545 411 65 49 sie
1651 409 74 50 die

162 487 223 64 Wupper
413 479 261 52 manchmal
704 479 84 51 mit
815 483 96 49 sich
936 484 133 51 führt

159 565 106 49 erat
287 560 124 68 quod
434 557 152 50 tollere
613 555 181 71 vellesj!

277 639 98 48 Vor
403 635 105 51 dem
536 635 190 51 Brande
756 640 161 50 hatten
959 643 88 48 wir
1088 644 144 50 schon
1276 645 137 50 zwei
1453 647 233 51 Abonne-

158 717 504 52 ments-Concerte
690 718 99 49 und
818 719 83 51 das
925 722 202 49 Concert
1155 741 192 31 unseres
1375 725 319 51 Musik-Direc-

157 807 111 49 tors,
312 795 80 51 des
420 798 158 48 Herrn
608 797 289 52 Hermann
939 802 403 62 Schornstein,
1386 805 192 67 gehabt.
1626 808 99 50 Das

155 883 152 44 erste
337 877 583 52 Abonnements-Concert
959 880 228 51 eröffnete
1227 882 90 50 den
1347 886 377 50 Musik-Winter

158 957 85 49 auf
265 954 285 69 grossartige
566 954 163 52 Weise
752 958 84 49 mit
858 958 150 49 einem
1027 959 83 50 der
1132 963 326 67 gewaltigsten
1471 966 254 49 Oratorien

158 1054 88 32 von
276 1034 255 51 Händel:
575 1035 167 58 „Israel
771 1038 45 48 in
1184 1043 70 48 Im
1283 1043 243 51 zweiten
1557 1044 168 50 hörten

157 1115 86 50 wir
271 1113 75 51 die
376 1114 259 50 Sinfonie
665 1114 47 52 in
1348 1117 160 50 F-dur
930 1119 84 48 Nr.
1048 1119 31 50 8
1109 1137 90 33 von
1229 1123 373 58 Beethoven,
1643 1124 82 51 das

159 1194 214 67 Vorspiel
414 1212 55 30 zu
512 1194 83 50 der
624 1194 131 69 Oper
797 1198 160 56 „Hans
1246 1218 91 33 von
1377 1203 348 51 Marschner

157 1273 99 51 und
298 1273 103 51 eine
441 1272 114 50 Arie
597 1291 83 33 aus
721 1274 247 52 derselben
1010 1279 149 66 Oper,
1215 1279 72 51 die
1331 1282 267 49 Ouvertüre
1641 1301 83 30 zur

486 1369 87 33 von
604 1354 292 67 Spontini,
940 1357 83 50 das
1061 1359 335 52 Concertstück
1439 1362 80 49 für
1554 1363 141 48 Piano-

159 1434 118 50 forte
304 1449 91 33 von
427 1433 48 49 C.
491 1434 63 48 M.
577 1449 100 35 von
707 1434 242 62 Web'er,
1461 1458 88 32 von
1579 1442 142 49 Rob.

158 1513 336 49 Schumann
538 1512 82 49 mit
665 1514 50 50 C.
762 1515 56 49 G.
860 1518 54 47 P.
961 1518 278 49 Grädener's
1281 1521 439 67 Instrumentirung.

155 1592 160 49 Fräul.
359 1590 226 50 Thelen
624 1609 84 33 aus
736 1595 286 50 Düsseldorf
1043 1614 114 50 sang
1185 1598 47 48 in
1262 1598 167 50 beiden
1461 1601 260 48 Concerten

158 1670 74 50 die
272 1670 372 51 Solo-Partieen.
702 1674 99 48 Das
831 1675 334 50 Concertstück
1206 1693 89 33 von
1333 1678 188 51 Weber
1563 1679 161 68 spielte

155 1750 130 49 Herr
313 1749 169 57 Lack,
517 1749 73 50 ein
620 1752 201 67 hiesiger
851 1754 353 60 Ciavierlehrer,
1234 1757 133 49 recht
1395 1757 126 51 brav.

280 1828 128 49 Herr
446 1829 399 51 Musik-Director
886 1833 370 51 Schornstein
1314 1835 91 67 gab
1458 1837 46 48 in
1546 1837 177 49 seinem

163 1908 226 49 Concerte
431 1908 41 48 J.
502 1908 248 67 Haydn's
1239 1915 100 49 Wo
1368 1932 111 32 man
1507 1915 136 51 einen
1672 1935 49 31 so

157 1985 325 66 vorzüglichen
512 1985 127 50 Chor
670 1988 95 58 hat,
797 1989 87 48 wie
912 1989 243 51 Elberfeld
1183 1992 80 48 ihn
1292 1992 179 59 besitzt,
1502 1994 59 50 da
1589 1995 57 49 ist
1674 2012 49 33 es

145 2065 179 49 -immer
338 2081 76 33 am
432 2064 178 60 besten,
641 2065 44 50 in
709 2067 89 49 den
825 2073 247 61 grösseren
1091 2072 259 49 Concerten
1366 2073 156 49 solche
1540 2074 183 51 Werke

157 2143 331 59 aufzuführen,
531 2144 45 50 in
616 2144 152 51 denen
813 2147 151 50 dieser
995 2149 126 50 Chor
1165 2149 72 51 die
1268 2152 279 66 Hauptrolle
1577 2154 144 66 spielt.

157 2223 141 48 Diese
346 2223 173 49 schöne
566 2223 480 68 Eigentümlichkeit
1093 2228 82 51 der
1226 2229 295 52 rheinischen
1564 2233 159 50 Städte

158 2319 127 32 muss
313 2319 81 32 vor
423 2303 153 49 Allem
608 2304 171 66 gehegt
808 2305 93 50 und
933 2308 205 67 gepflegt
1166 2309 209 60 werden,
1406 2312 96 48 und
1531 2312 72 49 die
1632 2314 60 47 Er-

155 2382 199 66 haltung
376 2380 96 50 und
487 2383 258 67 Festigung
771 2384 80 50 des
870 2387 148 48 Chors
1044 2404 125 33 muss
1194 2388 235 51 durchaus
1447 2390 72 50 die
1538 2393 153 66 Haupt-

155 2460 139 50 sache
332 2460 85 50 der
444 2462 355 67 Bestrebungen
841 2464 85 50 der
953 2467 457 50 Musik-Directoren
1456 2470 60 49 im
1545 2470 147 51 Rhein-

155 2538 139 51 lande
321 2539 111 48 sein.
463 2539 89 50 Die
568 2542 353 49 Solo-Partieen
938 2544 195 50 wurden
1163 2563 87 32 von
1278 2547 113 49 zwei
1422 2549 270 65 ausgezeich-

153 2624 140 42 neten
315 2618 287 49 Dilettanten
633 2637 82 32 aus
731 2622 291 59 Düsseldorf,
1053 2625 157 49 Herrn
1243 2625 92 49 und
1366 2627 128 49 Frau
1523 2629 70 57 P.,
1622 2628 97 49 und

153 2714 87 32 von
270 2698 157 48 Herrn
459 2698 255 51 Göbbels
752 2698 192 70 (Tenor)
977 2719 257 51 gesungen,
1278 2723 51 31 so
1359 2705 105 50 dass
1494 2707 72 49 die
1597 2708 89 48 Auf-

155 2775 212 68 führung
397 2777 101 48 eine
528 2778 107 47 sehr
665 2779 261 66 gelungene
950 2798 101 32 war
1072 2783 97 48 und
1198 2783 88 48 den
1302 2784 249 50 Zuhörern
1580 2787 115 48 sicht-

154 2854 180 50 barlich
365 2855 133 49 einen
528 2855 157 50 hohen
715 2858 181 49 Genuss
925 2862 254 64 gewährte.

272 2933 90 48 Die
402 2934 289 67 Zerstörung
740 2935 81 50 des
864 2937 410 68 Casinogebäudes
1317 2940 192 51 brachte
1552 2942 173 50 darauf

153 3011 250 68 allerdings
432 3013 102 49 eine
555 3014 294 67 Bestürzung
878 3018 95 48 und
1002 3018 136 51 einen
1161 3020 238 50 Stillstand
1429 3022 191 57 hervor;
1651 3024 44 48 al-

149 3091 91 49 lein
274 3090 45 51 si
421 3093 65 63 fr
487 3094 133 47 actus
872 3090 222 54 illabatur
1310 3095 206 70 orbis,ferient

154 3172 64 46 So
247 3169 167 49 dachte
445 3172 119 48 auch
596 3173 125 47 Herr
761 3189 106 33 van
902 3175 196 68 Eyken
1135 3177 96 49 und
1274 3178 94 66 gab
1411 3179 101 48 eine
1555 3180 161 49 Soiree

147 3249 81 48 für
257 3249 382 50 Kammermusik
668 3252 61 48 im
760 3254 137 48 Saale
926 3254 83 48 der
1038 3257 277 58 Harmonie,
1344 3265 139 42 unter
1510 3259 168 48 Mitwir-

152 3326 401 68 kungdesFräul.
583 3329 96 50 Ida
707 3332 378 50 Dannemann
1116 3335 91 49 und
1229 3335 82 49 der
1326 3338 188 48 Herren
1544 3339 168 48 Posse

150 3405 97 51 und
272 3408 189 64 Jäger.
520 3408 112 49 Wir
660 3409 179 50 lernten
868 3409 89 50 den
987 3412 282 50 berühmten
1298 3415 285 68 Organisten
1613 3417 101 49 hier

152 3486 119 49 auch
299 3486 66 50 als
393 3488 350 49 vortrefflichen
776 3489 348 69 Ciavierspieler
1163 3493 198 51 kennen.
1404 3497 112 48 W'ir
1545 3497 167 49 hörten

152 3580 87 32 von
267 3564 95 49 ihm
385 3564 73 49 die
475 3564 406 53 Cfe-«w#-Sonate
898 3586 88 31 von
1018 3570 51 49 L.
1098 3587 105 33 van
1234 3573 345 60 Beethoven,
1610 3575 101 50 eine

154 3641 202 51 kürzlich
384 3644 297 51 erschienene
700 3648 175 48 Sonate
897 3648 80 48 für
994 3649 146 50 Piano
1163 3649 96 50 und
1274 3650 198 60 Violine,
1503 3654 89 65 Op.
1626 3654 83 59 18,

152 3738 87 32 von
254 3721 96 49 ihm
366 3723 155 59 selbst,
552 3726 163 49 Mend
733 3728 272 48 elssohn's
1033 3728 372 52 i?-(fer-Sonate
1420 3732 84 48 mit
1517 3733 163 49 Violon-

152 3799 115 49 cello
296 3799 98 48 und
422 3801 342 54 Schubert's
792 3805 308 52 B-dur-Trio
1107 3846 10 20 ,
1149 3808 91 66 Op.
1260 3809 88 50 99.
1380 3810 156 49 Fräul.
1566 3813 108 48 Dan-

149 3895 250 33 nemann
442 3895 115 51 sang
599 3881 75 50 die
699 3902 159 48 grosse
887 3887 114 49 Arie
1041 3887 83 49 der
1154 3888 162 49 Gräfin
1345 3906 84 31 aus

148 3956 98 50 und
272 3956 116 50 zwei
416 3958 171 49 Lieder
614 3977 103 33 vom
750 3963 364 68 Concertgeber,
1157 3967 97 48 und
1290 3983 174 51 errang
1498 3975 181 42 nament-

145 4036 89 50 lich
266 4036 85 50 mit
379 4036 220 50 letzteren
641 4040 132 48 einen
813 4059 189 48 grossen
1039 4045 179 66 Erfolg.
1276 4047 128 53 Herr
1432 4063 86 33 van
1546 4047 163 66 Eyken

144 4115 189 51 erwarb
376 4115 122 51 auch
541 4116 68 51 als
655 4118 269 67 Componist
966 4139 191 49 grossen
1198 4124 196 60 Beifall;
1438 4125 72 50 die
1540 4125 170 50 Lieder

140 4196 198 50 wurden
366 4196 65 51 da
459 4213 117 52 capo
596 4198 213 66 gerufen,
835 4199 94 49 und
945 4217 87 33 von
1051 4201 82 50 der
1150 4204 189 60 Sonate,
1370 4205 149 50 einem
1551 4204 156 67 gedie-

1801 352 153 50 Genen
1969 337 319 53 Musikstücke
2317 347 178 44 ernster
2525 338 253 71 Richtung,
2807 342 165 51 wurde
2995 341 136 70 jeder
3153 346 104 49 Satz
3288 348 82 50 mit

1799 416 341 55 rauschendem
2173 419 211 68 Applaus
2413 421 379 66 aufgenommen.

1919 496 129 48 Zwei
2091 496 174 52 andere
2294 499 372 66 Aufführungen
2709 501 171 49 fanden
2909 502 44 49 in
2984 502 106 51 dem
3120 505 138 48 Saale
3288 507 84 47 auf

1801 569 107 51 dem
1937 573 352 71 Johannisberg
2318 579 134 50 Statt.
2483 579 127 49 Herr
2632 579 62 51 W
2714 579 348 53 einbrenner
3094 583 159 50 führte
3283 602 58 31 un-

1799 656 71 43 ter
1898 651 310 69 Mitwirkung
2237 656 82 48 der
2349 659 186 49 Damen
2565 661 369 49 Dannemann
2975 663 95 49 und
3099 665 273 50 Hammer

1800 729 83 50 mit
1911 731 151 49 seiner
2093 732 280 52 Liedertafel
2403 739 282 49 Rossini's
2727 739 201 51 Barbier
2961 759 86 33 von
3080 743 168 51 Sevilla
3278 746 93 48 auf.

1798 808 83 50 Als
1912 809 100 50 eine
2030 811 617 73 Dilettanten-Vorstellung
2675 818 273 69 befriedigte
2966 819 72 50 die
3055 822 315 69 Aufführung

1800 888 46 50 in
1875 889 165 50 vollem
2072 892 199 57 Maasse,
2317 893 95 50 und
2455 894 84 50 der
2568 898 163 51 Beifall
2770 898 80 51 des
2886 901 293 51 zahlreichen
3208 903 136 50 Pubii-

1801 985 132 33 cums
1969 986 102 33 war
2099 969 83 50 mit
2210 972 153 48 Recht
2391 973 108 48 sehr
2526 974 192 52 lebhaft.

1918 1048 127 48 Herr
2073 1048 400 52 Musik-Director
2501 1053 62 48 H.
2593 1054 406 69 Langenbach
3029 1058 93 68 gab
3153 1061 95 48 sein
3278 1062 60 48 Be-

1799 1127 348 49 nefiz-Concert
2172 1128 120 50 nach
2317 1129 265 68 folgendem
2607 1134 279 66 Programm
2905 1156 10 30 :
2947 1138 267 51 Ouvertüre
3254 1141 117 57 „Die

2200 1226 88 32 von
2316 1209 62 49 H.
2408 1211 204 57 Berlioz;
2656 1213 384 55 Violin-Concert
3080 1220 84 49 Nr.
3201 1218 27 50 7
3275 1236 90 34 von

1798 1286 53 48 L.
1881 1286 182 67 Spohr;
2095 1287 269 51 Ouvertüre
2391 1306 104 32 zum
2514 1289 297 69 Trauerspiel
3134 1316 86 32 von
3243 1301 40 48 J.
3309 1300 58 49 A.

1798 1381 86 32 van
1914 1364 165 68 Eyken
2116 1363 155 69 (unter
2308 1367 241 49 Direction
2580 1368 80 48 des
2692 1371 379 71 Componisten);

1798 1440 241 55 Militaire
2069 1446 79 48 für
2177 1446 184 50 Violine
2388 1465 88 33 von
2505 1448 241 59 Leonard;
2779 1452 206 51 Sinfonie
3008 1472 89 32 von
3118 1457 79 48 Fr.
3217 1458 120 49 Schu-

1800 1522 118 51 bert.
1964 1524 89 49 Die
2086 1526 416 50 Orchesterwerke
2532 1527 198 51 wurden
2770 1531 88 48 alle
2890 1532 106 48 sehr
3026 1534 143 50 schön
3201 1554 138 33 ausce-

2328 1587 11 14 r
3287 1585 27 18 o

1799 1601 136 49 führt
1963 1603 95 48 und
2087 1603 226 56 erhielten
2342 1606 258 49 sämmtlich
2631 1607 85 48 viel
2732 1608 182 60 Beifall,
2944 1613 282 50 namentlich
3243 1616 120 49 auch

1799 1679 73 50 die
1891 1682 267 51 Ouvertüre
2186 1701 104 32 zum
2631 1686 100 49 Vor
2759 1687 174 51 diesem
2948 1691 188 49 Lucifer
3165 1692 201 52 braucht

1799 1776 109 33 man
1936 1761 129 49 nicht
2093 1762 155 67 bange
2276 1781 56 30 zu
2363 1764 113 57 sein,
2520 1764 103 50 dass
2661 1782 51 32 er
2755 1766 72 49 die
2855 1768 150 50 Leute
3036 1768 147 51 durch
3212 1773 133 48 teufli-

1796 1838 141 50 schen
1960 1841 141 49 Lärm
2133 1842 298 58 erschrecke;
2463 1860 47 31 es
2539 1843 57 50 ist
2624 1844 126 50 nicht
2778 1844 255 70 derjenige,
3062 1866 87 33 von
3181 1849 105 50 dem
3318 1870 47 32 es

1798 1918 165 50 heisst:
2198 1918 92 52 Mi
2429 1924 165 47 contra
2808 1922 89 49 Fa
3042 1926 71 45 est
3160 1921 131 52 diabol
3292 1931 80 49 sondern

1796 1998 126 48 seine
1954 1999 265 51 Ouvertüre
2259 2002 55 48 ist
2351 2002 73 48 ein
2454 2002 206 61 frisches,
2703 2004 231 66 gesundes
2963 2008 290 50 Musikstück
3282 2012 81 48 mit

1798 2074 231 69 kräftigen
2057 2079 221 59 Motiven,
2307 2079 333 69 wirkungsvoll
2670 2082 353 53 instrumentirt.
3064 2088 127 48 Herr
3219 2089 107 49 Lan-

1798 2156 257 66 genbach
2097 2158 242 51 bewährte
2368 2159 96 50 sich
2496 2161 86 48 wie
2613 2161 166 49 immer
2808 2163 65 48 als
2904 2164 72 49 ein
3005 2182 116 48 ganz
3149 2168 189 48 vortreff-

1798 2234 143 50 licher
1972 2237 172 66 Geiger
2185 2238 98 50 und
2325 2238 240 67 würdiger
2607 2241 198 49 Schüler
2834 2243 206 66 Spohr's.
3097 2246 76 49 Sie
3216 2248 141 48 sehen

1796 2313 272 52 hoffentlich
2086 2317 203 58 hieraus,
2319 2317 105 49 dass
2448 2319 85 47 wir
2556 2319 85 49 auf
2662 2337 196 33 unserer
2872 2323 102 48 Hut
2993 2323 116 59 sind,
3134 2342 77 32 um
3236 2326 127 50 nicht

1795 2410 55 31 zu
1881 2393 89 48 den
2001 2394 391 51 Städte-Leichen
2420 2413 56 32 zu
2511 2397 210 59 werden,
2763 2399 162 50 womit
2965 2399 82 51 der
3075 2402 151 49 Ritter
3255 2406 79 47 Sul-

1795 2472 145 66 picius
1984 2473 88 50 den
2102 2476 478 66 Ex-Bürgermeister
2610 2478 164 50 Cicero
2816 2483 191 46 tröstete
3046 2479 208 71 (adspice
3281 2500 82 34 ur-

1799 2547 126 52 Uum
2105 2552 259 67 cadavera!).
2365 2556 42 47 Denn
2438 2553 81 50 das
2548 2554 147 50 bleibt
2723 2557 118 48 auch
2867 2558 47 48 in
2941 2558 83 50 der
3038 2561 154 48 Musik
3210 2562 150 58 wahr,

1791 2647 75 32 wo
1897 2630 67 49 sie
1991 2632 127 48 nicht
2158 2633 135 66 eifrig
2335 2633 218 50 bewahrt
2596 2636 93 48 und
2735 2636 169 67 fleissig
2941 2639 147 66 geübt
3116 2641 134 61 wird,
3297 2642 59 49 da

1792 2708 112 66 geht
1932 2709 65 50 sie
2026 2718 139 42 unter
2299 2709 181 64 occidit,
2511 2710 84 68 qui
2619 2730 92 33 non
2739 2718 167 47 servat.

3027 2796 213 53 Servus.

1956 2972 1222 53 Tages-
3177 2972 1 53 und
3177 2972 1 53 Unterhaltungs-Blatt.

1878 3057 174 37 HCSBBÄ.
2110 3060 105 34 Frau
2259 3060 119 35 Viar
2393 3059 22 38 d
2431 3074 20 22 o
2465 3062 86 34 t-G
2563 3074 49 23 ar
2624 3064 42 34 ci
2678 3075 22 24 a
2742 3063 68 37 hat
2856 3077 60 23 am
2948 3069 60 34 29.
3038 3067 110 37 März
3178 3070 61 34 ein
3269 3070 89 36 sehr

1790 3117 209 37 besuchtes
2018 3119 166 36 Concert
2212 3121 52 34 im
2293 3121 152 36 kleinen
2476 3123 112 36 Saale
2615 3124 66 37 des
2711 3125 217 37 Gürzenich
2972 3129 173 46 gegeben
3189 3131 80 35 und
3309 3133 51 35 ist

1790 3191 48 24 an
1869 3179 71 36 den
1969 3180 138 36 beiden
2137 3182 207 46 folgenden
2374 3184 132 46 Tagen
2550 3185 57 35 als
2645 3187 189 36 Rosine
2875 3189 55 34 im
2972 3190 161 37 Barbier
3179 3192 80 35 und
3300 3194 58 35 als

1789 3244 176 33 Donna
1992 3242 142 35 Anna
2162 3243 52 34 im
2242 3244 88 35 Don
2361 3244 107 36 Juan
2506 3247 256 46 aufgetreten.
2817 3250 85 35 Wir
2931 3250 127 38 haben
3088 3253 69 35 das
3187 3255 168 47 Urtheil,

1789 3303 164 35 welches
1984 3316 116 24 unser
2120 3305 101 36 Herr
2238 3306 310 48 Correspondent
2579 3321 70 24 aus
2678 3311 130 36 Berlin
2834 3312 40 35 in
2905 3313 130 37 diesen
3063 3316 176 36 Blättern
3269 3318 84 46 (Nr.

1790 3368 20 32 8
1841 3376 88 25 vom
1961 3369 57 35 20.
2038 3367 175 37 Februar
2238 3370 115 45 1858)
2383 3370 97 36 über
2509 3371 61 36 die
2598 3374 279 46 vorzüglichen
2896 3377 304 46 Eigenschaften
3230 3380 127 36 dieser

1788 3427 187 47 Sängerin
1995 3430 233 46 ausspricht,
2259 3430 121 36 durch
2409 3432 82 36 ihre
2513 3434 240 48 Leistungen
2782 3437 262 38 vollkommen
3073 3441 190 48 bestätigt
3291 3455 44 34 ge-

1787 3488 157 36 funden.
1993 3490 88 35 Ihre
2109 3490 291 38 Meisterschaft
2427 3495 40 34 in
2497 3494 65 36 der
2591 3496 177 36 Technik
2796 3510 109 24 muss
2934 3511 77 24 von
3041 3502 103 36 allen
3173 3504 181 36 Kennern

1784 3550 96 37 über
1908 3552 96 35 alles
2034 3553 158 46 gestellt
2220 3554 165 48 werden,
2415 3568 84 24 was
2528 3570 87 22 man
2638 3560 42 44 je
2709 3561 138 45 gehört
2876 3562 78 44 hat,
2987 3563 68 36 das
3087 3565 109 36 Wort
3226 3566 101 35 Tech-

1784 3613 69 35 nik
1882 3613 53 34 im
1964 3614 200 36 weitesten
2194 3616 116 35 Sinne
2337 3629 240 37 genommen,
2624 3622 40 33 in
2703 3622 185 36 welchem
2930 3636 39 23 es
3015 3625 98 35 alle
3155 3627 177 37 Erforder-

1784 3675 104 34 nisse
1919 3674 65 35 der
2003 3676 282 47 Gesangkunst
2306 3681 178 45 umfasst,
2514 3694 112 23 wozu
2647 3683 100 35 denn
2768 3684 102 35 auch
2893 3687 227 46 vorzüglich
3138 3688 60 35 die
3221 3689 133 35 Kunst

1784 3737 67 36 der
1879 3737 258 48 Behandlung
2166 3739 66 36 des
2260 3740 161 38 Athems
2450 3744 81 35 und
2562 3745 58 34 die
2638 3745 247 47 Aussprache
2911 3747 65 36 des
2998 3750 143 34 Textes
3169 3749 186 47 gehören.

1782 3799 47 35 In
1856 3799 138 36 beiden
2022 3801 274 47 Beziehungen
2332 3804 52 35 ist
2426 3804 105 36 Frau
2559 3806 163 35 Viardot
2749 3809 108 34 nicht
2886 3809 104 36 bloss
3020 3811 212 47 Meisterin,
3264 3824 66 23 son-

1784 3860 90 35 dern
1904 3862 55 35 sie
1989 3862 193 35 übertrifft
2211 3864 123 36 hierin
2359 3866 90 45 jede
2478 3867 232 48 Erwartung
2738 3870 102 35 auch
2870 3871 66 36 der
2963 3872 388 46 anspruchsvollsten

1782 3923 149 45 Kritik;
1964 3923 99 36 denn
2093 3937 78 23 was
2202 3926 59 36 die
2293 3928 264 46 Gesanglehre
2587 3930 58 35 als
2674 3930 207 47 Höchstes,
2920 3933 57 35 als
3005 3934 105 34 Ideal
3139 3935 40 34 in
3207 3933 143 38 diesem

1781 3985 156 35 Punkte
1967 3986 208 36 aufstellen
2204 3988 115 44 kann,
2352 3989 65 36 das
2447 3990 50 35 ist
2526 3990 62 35 bei
2615 3992 61 35 ihr
2704 4005 73 22 zur
2804 3994 401 36 erstaunenswerthen
3221 3996 104 36 Wirk-

1781 4046 163 36 lichkeit
1971 4048 217 46 geworden.
2217 4048 102 37 Dass
2351 4050 60 36 die
2426 4051 252 48 Aussprache
2707 4056 39 33 in
2777 4055 72 35 den
2873 4055 339 37 verschiedensten
3235 4057 92 48 Spra-

1782 4107 96 35 chen
1909 4108 168 38 dieselbe
2106 4111 271 36 Deutlichkeit
2405 4113 78 45 hat,
2523 4116 52 35 ist
2603 4116 62 35 bei
2693 4118 122 34 einem
2845 4128 42 24 so
2915 4116 245 48 vielseitigen
3189 4119 161 36 Talente

1782 4167 117 38 kaum
1928 4182 48 23 zu
2006 4171 277 45 verwundern;
2332 4173 88 35 dass
2458 4175 105 36 Frau
2592 4177 163 35 Viardot
2796 4177 89 35 aber
2914 4177 68 35 das
3011 4179 267 37 Deutsche
3306 4192 43 25 so

1782 4229 261 38 vollkommen
2074 4232 170 35 deutlich
2275 4234 79 35 und
2385 4235 117 37 schön
2533 4238 232 46 ausspricht,
2808 4239 72 35 wie
2923 4239 69 35 wir
3034 4251 39 25 es
3113 4252 75 24 von
3217 4241 133 35 keiner
