2715 4132
1171 506 190 41 VARIA

2064 521 72 40 141

533 663 114 35 Nous
670 675 122 24 avons
823 664 151 48 promis
1007 666 21 33 à
1043 675 74 24 nos
1139 664 171 35 lecteurs
1338 663 68 36 des
1428 671 166 29 travaux
1616 663 48 37 de
1684 663 226 48 statistique
1935 664 208 38 musicale.

421 720 113 37 Voici
553 722 103 37 donc
677 723 194 47 quelques
897 723 159 36 chiffres
1084 724 221 36 instructifs
1329 734 37 26 et
1388 724 192 47 peut-être
1609 726 188 46 curieux;
1821 724 78 36 soit
1914 725 163 36 d'abord
2110 725 35 35 le

418 782 170 35 nombre
609 782 47 35 de
677 783 337 47 représentations
1036 785 152 35 obtenu
1213 796 67 36 par
1302 783 56 36 les
1381 783 240 49 principales
1648 797 158 24 œuvres
1840 786 53 35 du
1929 785 220 48 répertoire

419 840 47 36 de
482 840 157 48 l'Opéra
656 848 37 29 et
705 842 46 35 de
765 842 393 50 l'Opéra-Gomique,
1172 844 183 47 depuisle
1373 843 89 47 jour
1475 844 46 34 de
1533 843 87 36 leur
1635 844 177 36 création
1827 845 155 48 jusqu'à
1995 844 132 49 aujour-

419 899 122 36 d'hui.
552 901 69 45 (Et
631 901 30 35 si
677 904 21 33 à
720 910 102 28 cette
839 903 90 37 liste
950 903 48 37 de
1015 905 125 35 douze
1155 906 140 45 opéras
1307 903 221 48 applaudis,
1549 915 104 25 nous
1667 904 187 48 ajoutons
1866 906 36 35 le
1926 906 195 36 Tannhœu-

419 971 79 33 ser,
521 959 69 47 qui
613 960 109 37 n'eut
743 974 54 35 qu
802 963 5 13 ?
814 974 54 25 un
894 967 136 33 succès
1051 964 47 35 de
1129 963 138 37 sifflets
1289 971 38 28 et
1347 964 48 35 de
1409 962 137 47 huées,
1565 963 92 36 c'est
1670 976 102 36 pour
1800 966 159 35 obtenir
1980 978 54 24 un
2051 978 74 24 con-

419 1026 121 29 traste
562 1020 96 36 dans
679 1021 36 37 le
737 1022 160 37 tableau
915 1035 78 35 que
1016 1035 102 25 nous
1136 1024 200 35 dressons.
1352 1024 12 46 )

652 1178 203 36 DATES
1803 1181 235 38 NOMBRE

1104 1226 152 35 NOMS
1288 1226 102 35 DES
1420 1218 227 45 OPÉRAS.
1890 1249 37 20 DK

465 1272 68 24 DES
566 1273 10 23 L
587 1269 40 16 RES
654 1270 375 29 REPRÉSENTATIONS.

1729 1298 376 28 REPRESENTATIONS.

472 1433 108 46 1825,
616 1445 41 23 10
684 1434 211 37 décembre
1100 1436 56 34 LA
1186 1437 115 34 DAME
1324 1437 189 35 BLANCHE
1856 1451 30 33 L
1919 1439 45 47 295

470 1491 108 47 1829,
634 1493 17 34 3
681 1493 96 36 août
1100 1496 238 36 GUILLAUME
1360 1498 111 33 TELL
1891 1499 69 35 553

471 1563 11 22 1
491 1550 46 35 83
550 1564 30 33 1,
635 1552 18 34 3
684 1552 77 35 mai
1096 1556 135 34 ZAMPA
1887 1570 76 36 447

471 1609 41 35 18
520 1609 39 36 31
571 1637 9 19 ,
614 1611 42 35 16
684 1614 219 35 novembre
1101 1616 161 35 ROBERT
1288 1628 47 23 LE
1368 1616 188 37 DIABLE..
1596 1646 79 8 ....
1893 1618 72 47 sjo

472 1669 109 45 1832,
618 1669 23 56 I
664 1669 24 56 5
711 1669 187 56 décembre
1102 1675 53 34 LE
1185 1675 83 35 PRE
1295 1687 76 25 AUX
1404 1676 151 36 CLERCS
1855 1679 111 46 1,076

472 1728 108 47 1834,
612 1729 44 35 25
688 1730 227 47 septembre
1102 1739 54 35 LE
1185 1739 164 36 CHALET
1853 1738 111 45 1,025

471 1788 41 35 18
522 1789 59 46 35,
611 1801 18 22 2
639 1789 17 35 3
684 1789 194 39 février...
1102 1799 54 33 LA
1182 1799 114 36 JUIVE
1891 1798 71 46 367

474 1846 110 45 1836,
614 1860 47 34 29
688 1848 142 36 février
1101 1858 74 35 LES
1205 1860 245 34 HUGUENOTS
1891 1857 67 36 521

431 1906 4 57 .
635 1918 19 23 2
682 1906 210 38 décembre
1100 1917 54 35 LE
1182 1918 160 35 DOMINO
1374 1919 103 35 NOIR
1895 1917 76 46 844

470 1965 108 47 1840,
620 1978 36 22 11
688 1966 175 48 février,
1101 1976 55 36 LA
1183 1978 119 35 FILLE
1329 1990 50 24 DU
1409 1979 269 35 RÉGIMENT,..
1892 1976 69 37 522

471 2037 10 21 I
491 2025 86 48 s49>
618 2039 10 22 1
639 2027 21 34 6
688 2026 110 36 avril.
1104 2038 56 35 LE
1189 2039 217 36 PROPHÈTE
1897 2037 71 48 327

471 2085 40 34 18
521 2085 57 47 51,
616 2098 40 33 19
685 2086 145 36 février
1100 2098 174 36 BONSOIR
1298 2100 53 34 M.
1376 2100 301 36 PANTALON....
1898 2098 42 36 32
1954 2112 9 21 I

472 2150 107 47 1861,
613 2150 22 47 i
657 2150 22 47 3
701 2150 87 47 mars
1013 2183 33 9 ..
1102 2157 54 36 LE
1184 2158 283 37 TANNHŒUSER
1951 2158 17 35 3

474 2324 249 47 Cependant,
751 2338 101 36 pour
874 2326 97 38 faire
998 2330 189 35 ressortir
1209 2330 36 35 la
1271 2331 194 35 véritable
1485 2331 268 47 signification
1780 2331 47 35 de
1861 2343 41 24 ce
1925 2331 173 47 tableau,
2127 2331 25 36 il

425 2389 174 47 importe
613 2390 88 35 d'en
725 2392 214 47 reprendre
961 2393 56 36 les
1038 2394 158 36 chiffres
1212 2403 39 27 et
1272 2396 47 34 de
1341 2395 56 35 les
1418 2396 202 36 travailler
1640 2408 48 23 en
1705 2408 38 24 se
1764 2397 241 36 demandant
2020 2397 131 47 quelle

422 2460 21 23 a
473 2450 61 34 été
555 2450 36 34 la
605 2450 221 48 fréquence
858 2451 67 36 des
955 2453 342 47 représentations
1322 2455 47 35 de
1399 2455 155 36 chacun
1588 2457 67 34 des
1680 2456 140 48 opéras
1842 2468 77 36 que
1941 2469 103 24 nous
2065 2457 66 36 étu-

424 2509 138 37 dions.
590 2510 112 34 Nous
724 2521 150 24 aurons
889 2511 101 36 ainsi
1012 2512 37 36 la
1071 2525 158 24 mesure
1250 2514 48 35 de
1319 2514 87 36 leur
1423 2518 149 34 succès.

475 2569 111 35 Nous
607 2568 183 37 arrivons
812 2570 105 37 donc
938 2583 77 24 aux
1037 2585 222 36 moyennes
1279 2574 215 47 suivantes,
1515 2582 38 28 et
1573 2588 66 23 sur
1654 2575 214 48 lesquelles
1888 2589 52 24 011
1962 2577 190 36 méditera

428 2639 95 24 avec
540 2627 113 47 fruit,
682 2629 141 47 depuis
843 2630 119 36 celles
984 2632 51 35 du
1061 2633 140 36 Chalet
1223 2642 37 27 et
1279 2634 46 35 de
1355 2634 37 35 la
1416 2636 129 35 Dame
1567 2636 178 36 Blanche
1751 2666 8 16 ,
1782 2636 68 47 qui
1874 2646 91 27 sont
1987 2638 55 35 les
2063 2637 89 49 plus

423 2686 234 48 glorieuses,
680 2686 153 50 jusqu'à
856 2690 97 36 celle
973 2691 52 37 du
1054 2692 271 38 Tannhœuser
1331 2722 8 18 ,
1362 2695 68 46 qui
1451 2704 59 26 est
1531 2702 89 29 tout
1640 2699 20 32 à
1675 2696 69 36 fait
1764 2705 214 40 grotesque
2000 2709 6 24 :

565 2748 58 35 Le
653 2748 141 36 Chalet
1115 2754 89 35 Une
1231 2754 320 48 représentation
1575 2768 69 35 par
1671 2748 19 56 i
1709 2748 19 56 3
1747 2748 115 56 jours.

567 2808 58 36 La
646 2808 129 36 Dame
795 2810 180 37 Blanche
980 2842 8 8 .
1678 2829 10 22 1
1703 2816 17 36 3

565 2868 58 36 Le
643 2869 86 35 Fré
739 2881 85 24 aux
843 2871 131 37 Clers.
1675 2888 44 34 14

567 2927 55 35 Le
644 2928 173 37 Domino
840 2930 100 36 noir.
1679 2937 41 34 16
1798 2958 42 5 —-

567 2987 57 34 La
650 2987 107 35 Fille
781 2989 50 35 du
854 2991 231 47 Régiment.
1673 3008 47 33 24

565 3046 170 36 Bonsoir
756 3049 209 37 Monsieur
984 3053 213 37 Pantalon.
1670 3069 18 22 2
1698 3057 15 33 b

568 3106 148 36 Robert
734 3107 34 36 le
788 3109 155 36 Diable.
1673 3128 47 34 27

565 3165 84 36 Les
675 3166 257 49 Huguenots.
1672 3187 44 34 27

567 3224 56 36 Le
648 3225 213 49 Prophète.
1666 3248 20 22 2
1692 3236 21 35 8

572 3284 231 38 Guillaume
831 3286 98 37 Tell.
1666 3295 46 35 3o

567 3344 172 50 Zampa.
1673 3354 42 36 35

567 3405 57 35 La
642 3405 118 37 Juive
765 3435 7 8 .
1672 3413 43 36 38

565 3464 56 35 Le
649 3465 284 38 Tannhœuser.
1605 3475 110 43 i,506
