2715 4132
864 500 372 45 'L'HISTOIRE
1267 506 80 41 EN
1380 504 328 44 CHANSONS

2089 523 76 40 107

475 643 62 41 Le
562 644 216 54 Crapaud
810 646 165 41 devenu
997 647 136 56 bœuf,
1159 650 161 41 ballade
1354 665 54 27 au
1430 652 63 40 roi
1514 652 51 40 de
1589 652 170 53 Prusse,
1782 652 161 54 paroles
1966 659 38 34 et
2025 653 112 40 musi-

421 730 84 39 que
534 717 49 40 de
605 717 202 54 Civodul,
840 718 216 42 troisième
1079 722 160 42 édition
1256 738 9 36 ;
1298 725 40 39 le
1379 725 145 40 Vilain
1552 725 179 51 Oiseau,
1766 725 189 40 chanson
1989 725 156 41 drolati-

422 802 97 40 que,
540 790 81 39 scie
641 790 236 54 populaire,
895 793 161 54 paroles
1072 802 40 33 et
1138 796 200 54 musique
1359 797 51 40 de
1431 798 132 40 Louis
1578 798 294 54 Plomplomb;
1906 799 261 42 N'oublions

418 875 82 39 pas
505 894 9 19 ,
548 850 209 53 d'Évrard
789 872 40 33 et
862 865 80 41 Ch.
982 866 187 43 Liébeau
1187 884 10 35 ;
1223 870 101 41 l'Or
1357 871 55 39 de
1447 872 44 39 la
1522 871 191 52 France,
1736 872 51 40 de
1806 872 198 41 Chatelin
2022 880 41 33 et
2084 873 78 42 Ch.

427 935 199 54 Pourny;
663 937 188 53 France,
886 952 52 27 ne
962 940 160 52 pleure
1148 942 106 51 plus
1260 974 10 16 ,
1305 941 96 41 d'A.
1439 942 114 40 Belle
1589 952 41 32 et
1662 944 59 41 H.
1748 944 141 51 Brun;
1915 945 252 54 VEmprunt

422 1007 216 52 national\
675 1009 134 40 rondo
847 1010 51 40 de
934 1011 196 41 Houssot
1163 1021 40 31 et
1228 1014 38 39 J.
1310 1014 183 52 Javelot;
1531 1014 265 55 VEmprunt,
1820 1017 50 40 de
1894 1016 51 42 L.
1968 1018 139 40 Maria
2126 1025 41 34 et

424 1080 51 40 E.
503 1082 230 52 Fournier;
757 1084 122 40 Pour
901 1085 45 39 la
967 1086 181 39 France
1153 1118 9 20 ,
1197 1086 78 40 ode
1296 1086 259 53 patriotique
1575 1087 52 40 de
1646 1088 37 40 J.
1710 1077 160 52 Évrard
1893 1099 38 33 et
1947 1091 36 40 J.
2001 1091 135 41 Biloir
2154 1105 9 38 ;

422 1154 38 39 A
494 1155 41 37 la
562 1155 177 40 France
755 1160 14 34 !
786 1155 60 40 du
874 1157 177 40 docteur
1072 1157 142 54 Coste,
1238 1159 201 53 musique
1472 1159 50 40 de
1553 1162 54 40 A.
1635 1161 249 55 Despagne;
1917 1164 136 40 Toast
2069 1167 26 36 à
2119 1164 44 40 la

423 1226 192 51 France,
641 1228 50 39 de
711 1228 37 40 J.
785 1229 179 53 Fauque
995 1237 39 33 et
1070 1231 48 41 F.
1155 1231 231 54 Boissière;
1409 1233 192 52 France,
1639 1235 127 40 veille
1790 1249 91 26 aux
1914 1243 177 47 tyrans,
2114 1237 50 40 de

431 1296 175 42 Goslain
630 1308 40 32 et
690 1302 53 38 A.
772 1301 156 52 Lyant.

739 1437 331 10 ******
1131 1441 525 13 **•*•••••

735 1476 112 37 Mais
871 1476 54 37 les
948 1484 127 43 temps
1095 1487 90 28 sont
1206 1480 189 51 changés,
1418 1494 71 25 car
1509 1483 38 37 la
1575 1484 245 37 démocratie

747 1542 57 36 Va
821 1542 153 38 donner
994 1548 22 32 à
1037 1543 38 38 la
1094 1545 166 38 France
1287 1560 49 24 un
1357 1550 124 48 appui
1493 1557 244 42 protecteur.

477 1644 187 42 Demain
671 1677 9 21 ,
708 1660 75 40 par
812 1649 54 38 A.
896 1647 245 54 Isch-Wall,
1165 1649 197 43 Battaille
1385 1661 40 33 et
1446 1653 252 54 Planquette
1716 1669 8 36 ;
1754 1653 236 41 Garibaldi
1995 1687 6 19 ,
2027 1655 129 41 chant

430 1716 185 51 guerrier
635 1718 52 40 de
706 1719 97 40 José
829 1720 144 41 Urtuli
996 1727 40 34 et
1056 1720 52 42 G.
1137 1722 137 41 Lucas
1294 1738 8 26 :

859 1829 57 37 Le
931 1836 234 42 protecteur
1186 1832 47 35 de
1254 1832 261 51 l'Amérique,

858 1895 64 36 De
942 1895 147 37 l'ltalie
1110 1896 34 37 le
1159 1898 280 49 Rédempteur,

859 1961 230 48 Défenseur
1108 1963 47 36 de
1176 1964 38 35 la
1234 1965 260 51 République,

857 2027 60 36 Et
938 2028 185 37 Vennemi
1146 2030 67 37 des
1235 2042 272 38 oppresseurs.

475 2145 80 40 Ces
588 2159 159 29 vers—
772 2147 75 54 qui
873 2162 53 27 ne
949 2158 98 33 sont
1075 2164 74 40 pas
1176 2152 52 40 de
1248 2153 146 41 Victor
1430 2155 147 53 Hugo,
1602 2155 143 42 furent
1765 2157 173 40 d'abord
1960 2160 200 39 savourés

421 2231 74 40 par
513 2218 39 40 le
572 2220 152 54 peuple
745 2220 51 40 de
820 2222 139 53 Lyon,
985 2223 117 40 Paris
1123 2225 118 41 n'eut
1263 2239 76 27 son
1362 2227 162 41 édition
1547 2242 83 40 que
1651 2229 184 55 quelque
1856 2238 138 46 temps
2015 2234 116 51 après
2146 2246 9 38 ;

427 2290 206 55 Chapeau
652 2292 74 40 bas
741 2296 16 35 !
777 2294 160 53 paroles
958 2303 40 33 et
1018 2296 200 54 musique
1239 2298 212 55 d'Aupto;
1475 2301 95 54 plus
1585 2303 49 39 de
1653 2303 242 53 banquiers,
1920 2303 51 40 de
1990 2303 99 54 rois,
2109 2305 51 40 de

422 2362 197 54 gandins,
644 2364 52 40 de
719 2365 248 42 Messalinés
986 2381 7 27 :

860 2492 160 37 Devant
1040 2493 39 36 la
1098 2495 130 37 sainte
1249 2496 247 50 République

999 2559 151 45 Allons,
1174 2562 176 49 chapeau
1371 2562 79 38 bas.

473 2681 64 40 Le
555 2681 251 40 Décroteur
826 2693 55 28 ou
905 2681 62 41 les
992 2683 171 40 Cireux
1169 2716 9 21 ,
1201 2684 52 40 de
1275 2684 163 42 Burani
1461 2694 40 34 et
1526 2687 185 48 Dubost;
1736 2688 170 54 l'image
1926 2689 238 54 représente

421 2753 224 54 Napoléon
671 2753 65 41 111
763 2767 52 27 en
846 2754 255 55 décrotteur,
1126 2770 73 27 sur
1220 2771 43 26 sa
1285 2758 114 42 boîte
1429 2759 29 40 il
1479 2775 28 40 y
1528 2775 22 26 a
1575 2775 8 26 :
1608 2762 44 40 la
1675 2763 166 40 maison
1860 2775 52 27 ne
1931 2765 91 37 cire
2034 2776 85 40 pas
2138 2766 25 37 à

423 2827 26 39 i
456 2827 89 40 œil.

473 2898 190 51 Liberté,
698 2900 201 53 Egalité,
920 2902 263 41 Fraternité
1188 2935 9 22 ,
1234 2891 230 54 d'Étienne
1486 2906 153 50 Merle;
1672 2908 200 41 Sauvons
1902 2908 43 39 la
1968 2909 191 50 France,

419 2971 261 40 deSarrazin
703 2980 40 33 et
764 2975 53 38 A.
845 2973 113 42 Petit
981 2988 8 26 :

858 3083 61 36 Un
938 3090 117 31 autre
1080 3084 145 39 Aetius
1241 3097 41 26 se
1305 3085 93 45 lève,

854 3148 67 36 Du
944 3160 190 39 courage,
1166 3151 169 38 Gaulois
1357 3160 38 29 et
1415 3153 173 43 Francs,

856 3215 127 44 Qu'un
1003 3224 117 29 autre
1141 3218 125 37 Attila
1286 3231 91 26 sous
1400 3220 35 36 le
1454 3220 138 49 glaive

863 3279 148 39 Tombe
1030 3293 96 26 avec
1147 3295 61 25 ses
1225 3285 122 37 Huns
1370 3284 203 38 insolents.

473 3399 101 42 Cela
604 3403 136 52 paraît
760 3415 61 28 un
842 3415 83 42 peu
946 3415 52 28 en
1029 3403 137 40 retard
1181 3417 10 41 ;
1216 3404 29 41 il
1267 3413 62 33 est
1364 3406 89 40 vrai
1484 3419 82 40 que
1596 3406 37 40 le
1663 3406 86 42 lieu
1783 3406 296 56 d'impression
2100 3417 63 33 est

419 3472 228 54 Avignon;
672 3488 97 28 sans
784 3474 130 42 doute
936 3488 56 28 on
1014 3476 73 54 n'y
1108 3477 136 41 savait
1263 3491 73 41 pas
1358 3492 149 27 encore
1528 3493 52 27 en
1602 3480 107 55 1872
1727 3493 82 42 que
1829 3481 39 41 la
1887 3495 149 40 guerre
2055 3480 105 41 était
