2715 4132
881 496 354 43 L'HISTOIRE
1271 499 77 39 EN
1383 499 325 41 CHANSONS

2083 505 75 38 105

418 639 199 42 Chatelia
639 649 40 32 et
705 640 264 54 Chassaigne
986 656 9 35 ;
1021 643 241 41 Souvenirs
1297 645 58 40 du
1390 645 355 41 bombardement
1767 646 55 40 de
1856 647 307 54 Strasbourg,

425 713 177 39 Menard
625 720 39 33 et
687 713 216 42 Colmann
924 717 97 52 père
1042 717 79 49 ;la
1162 718 172 41 Guerre
1369 726 41 33 et
1440 720 45 39 la
1519 719 135 53 Paix,
1696 719 51 41 de
1788 719 203 42 Theolier
2029 729 40 32 et
2108 724 54 37 A.

422 785 27 40 d
468 786 149 49 Hack;
642 786 188 51 Liberté,
847 788 183 53 égalité,
1058 789 256 53 fraternité,
1338 806 75 40 par
1434 792 49 40 de
1505 795 50 37 A.
1578 792 50 40 de
1648 793 177 40 Bausset
1844 802 40 33 et
1905 793 37 40 J.
1967 793 192 50 Darcier;

425 859 62 41 Ni
498 858 215 54 toujours,
734 860 45 40 ni
788 859 185 54 jamais,
987 861 52 40 de
1061 862 203 52 Civodul,
1282 868 23 35 à
1321 865 60 40 M.
1399 865 167 52 Thiers,
1591 865 160 41 chefdu
1775 866 184 54 pouvoir
1978 867 188 40 exécutif

423 934 22 37 à
465 932 236 52 Versailles,
725 933 96 54 juin
851 934 101 54 1871
971 950 9 33 ;
1009 935 197 41 l'Avenir
1225 937 54 39 de
1301 939 42 37 la
1366 938 188 50 France,
1581 938 201 54 musique
1802 940 51 39 de
1872 940 49 40 E.
1976 940 59 40 du
2078 941 58 39 Rô-

449 1004 904 11 -Igt
1774 997 8 7 •
1790 996 7 8 •

424 1006 119 48 cher;
565 1006 194 50 France,
786 1007 189 51 France,
1001 1007 163 53 paroles
1185 1016 40 32 et
1243 1008 201 53 musique
1464 1009 50 38 de
1540 1009 135 40 Henri
1702 1009 111 55 Loys
1834 1025 6 26 :

863 1115 184 36 France!
1074 1115 180 36 France!
1282 1116 181 35 France!

865 1180 170 36 L'heure
1056 1192 24 24 a
1101 1180 136 43 sonné,
1263 1180 159 36 lève-toi
1435 1183 12 33 !

865 1246 106 37 C'est
993 1246 39 36 la
1052 1247 222 48 grandeur,
1306 1248 95 36 c'est
1421 1247 240 50 Vespérance
1671 1254 12 30 !

873 1312 95 37 Vive
989 1313 138 35 Henri
1157 1314 40 42 F,
1220 1313 87 37 vive
1331 1314 33 36 le
1385 1314 87 36 roi!

480 1433 63 39 Le
563 1432 225 53 Peuplier,
806 1434 50 38 de
880 1433 188 41 Bouvier
1088 1442 40 32 et
1148 1435 36 40 J.
1209 1435 197 50 Darcier;
1436 1436 303 55 Châteaudun,
1761 1438 52 40 de
1843 1439 219 54 Villemer,
2086 1440 55 40 Ge-

427 1517 109 26 zano
557 1512 40 31 et
612 1503 284 56 BenTayoux
910 1521 11 34 ;
964 1507 183 50 Hymne
1166 1510 24 38 à
1210 1508 304 54 Châteaudun,
1528 1523 74 40 par
1616 1510 59 40 H.
1689 1510 220 56 Bourgery
1926 1521 39 32 et
1987 1512 84 40 Th.
2087 1513 52 39 Le-

428 1591 157 39 conge;
611 1579 236 51 Français,
868 1593 106 27 vous
1239 1582 50 40 de
1310 1583 148 51 Réval,
1494 1583 136 41 Berod
1670 1592 40 32 et
1731 1585 155 52 Jacob;
1922 1587 43 39 la
1992 1588 176 38 France

440 1651 273 49 immortelle,
731 1651 51 40 de
799 1651 113 40 Jalin
928 1661 39 32 et
985 1654 47 39 F.
1056 1654 207 40 Boissière
1292 1655 262 54 (Hommage
1587 1660 22 36 à
1648 1658 196 39 madame
1883 1658 196 54 Thiers);
2124 1662 42 38 la

438 1724 270 51 Lyonnaise,
729 1724 129 40 chant
880 1725 193 40 national
1100 1727 50 39 de
1173 1727 273 41 Saint-Albin
1485 1736 39 33 et
1550 1730 38 39 J.
1614 1729 162 40 Chavès
1795 1745 9 34 ;
1839 1744 44 26 ce
1910 1745 198 27 morceau
2143 1747 23 25 a

435 1795 86 39 cela
541 1795 51 40 de
603 1796 248 54 particulier
865 1811 83 39 que
969 1811 99 27 sous
1089 1799 36 40 le
1145 1813 102 27 nom.
1270 1801 56 39 du
1347 1802 193 53 parolier,
1565 1802 29 39 il
1614 1817 28 39 y
1674 1818 22 24 a
1715 1806 183 50 paroles
1915 1818 153 27 revues
2076 1820 90 38 par

426 1880 77 27 son
518 1868 91 54 fils,
633 1869 64 41 H.
722 1869 54 40 de
803 1870 307 48 Saint-Albin;
1129 1872 37 40 le
1187 1874 95 52 père
1304 1873 149 42 n'était
1472 1874 111 40 donc
1602 1889 72 39 pas
1713 1890 114 26 assez
1864 1877 81 40 fort
1961 1881 15 36 ?
2001 1878 108 39 Sous
2130 1879 36 39 le

428 1954 102 26 nom
548 1941 57 39 du
628 1941 212 41 musicien
856 1942 30 40 il
904 1957 28 39 y
953 1957 23 26 a
999 1944 238 52 également
1253 1947 195 53 musique
1468 1961 131 26 revue
1606 1961 85 40 par
1715 1950 138 39 8.-T.
1874 1950 196 40 Missler.
2089 1951 77 39 Les

429 2013 108 40 voilà
561 2022 149 44 quatre
741 2015 73 52 qui
849 2015 202 42 chantent
1074 2030 7 26 :

964 2130 57 29 est
1043 2123 36 36 là
1101 2124 70 49 qui
1188 2136 98 25 nous
1308 2126 99 36 rend
1431 2126 241 50 l'espérance
1681 2131 12 32 !

765 2189 151 36 Habile
943 2190 95 47 chef
1051 2197 143 29 autant
1215 2204 74 37 que
1308 2192 239 45 valeureux,

767 2255 35 35 Il
821 2267 47 24 ne
886 2255 132 36 craint
1033 2268 76 36 pas
1132 2257 55 36 les
1204 2258 143 49 pièges
1377 2259 222 37 ténébreux

766 2321 58 36 Et
841 2329 115 41 porte
974 2323 96 35 haut
1092 2323 35 36 le
1148 2324 177 48 drapeau
1349 2326 46 36 de
1419 2326 38 37 la
1476 2327 160 37 France
1656 2330 62 41 (1).

480 2437 135 39 Paris
631 2444 41 33 et
692 2437 240 42 VHistoire
949 2452 57 26 ou
1028 2439 136 40 Paris
1179 2441 227 52 régénéré,
1439 2442 51 39 de
1514 2443 238 53 Blondelet,
1785 2446 278 52 Beaumaine,
2082 2448 81 40 Ch.

431 2510 177 53 Pourny
623 2524 9 34 ;
659 2511 61 39 Ce
736 2512 127 52 qu'ils
884 2511 118 40 n'ont
1014 2525 101 39 pas,
1139 2511 130 42 d'Alf.
1294 2513 93 40 Isch
1410 2515 117 40 Wall
1547 2524 40 32 et
1604 2516 54 42 G.
1687 2517 153 54 Douay
1858 2533 9 34 ;
1908 2519 256 41 VArroseur

421 2583 170 54 public,
609 2584 190 39 chanson
823 2592 98 46 type
942 2584 51 40 de
1020 2584 163 41 Duvert
1201 2593 41 32 et
1266 2586 58 40 H.
1351 2587 142 50 Natif;
1515 2588 207 53 VEnfant
1748 2591 54 40 de
1824 2598 152 47 troupe
1982 2625 8 14 ,
2015 2593 50 39 de
2107 2593 57 39 H.

433 2654 214 41 Gaboriau
670 2663 40 32 et
734 2655 47 41 F.
811 2656 222 41 Boissière.

1231 2796 145 54 1871

485 2926 186 40 L'année
699 2928 108 54 1872
832 2930 165 39 s'ouvre
1018 2944 75 40 par
1120 2939 119 34 toute
1278 2945 85 27 une
1398 2933 222 42 collection
1656 2935 50 39 de
1736 2935 210 40 chansons
1975 2936 171 54 patrioti-

428 3013 104 39 ques
557 3015 7 24 :
591 3002 39 37 le
653 3000 299 55 Cataclysme,
993 3004 183 52 Hymne
1193 3008 25 36 à
1238 3005 42 39 la
1302 3006 286 54 République,
1613 3008 62 42 les
1698 3008 241 40 Provinces
1961 3010 203 49 vendues,

426 3072 247 40 l'Amnistie
679 3104 10 17 y
710 3074 163 52 paroles
894 3075 51 40 de
970 3076 119 40 Léon
1127 3078 153 52 Maria,
1318 3079 202 53 musique
1561 3080 199 41 d'Ernest
1797 3080 226 41 Fournier.
2042 3097 7 9 '
2064 3082 102 40 Puis

427 3158 110 26 nous
552 3154 206 32 trouvons
780 3160 7 26 :
812 3147 221 42 Honneur
1054 3152 25 37 à
1103 3149 304 55 Châteaudun,
1430 3152 51 39 de
1520 3152 206 40 Philibert
1743 3161 40 33 et
1821 3154 223 40 Desormes
2063 3169 10 35 ;
2105 3155 63 40 les

427 3219 288 40 Prisonniers
736 3220 28 38 d
769 3219 5 13 }
781 3220 279 55 Allemagne,
1085 3223 50 39 de
1158 3223 164 41 Burani
1346 3233 40 32 et
1410 3225 177 54 Pourny
1609 3239 8 26 :

469 3376 53 43 (i)
543 3377 27 31 Il
590 3382 52 26 est
653 3386 99 23 assez
773 3376 137 34 bizarre
926 3378 43 32 de
991 3384 149 28 trouver
1155 3387 89 26 cette
1268 3381 96 42 pièce
1383 3382 18 33 à
1416 3388 91 27 cette
1527 3384 99 40 date;
1650 3383 242 44 l'exemplaire
1914 3393 101 36 porte
2031 3388 83 33 bien
2135 3390 31 32 le

429 3431 196 32 millésime
651 3431 85 43 1871
757 3441 9 32 ;
790 3442 83 22 sans
894 3432 109 33 doute
1022 3445 44 21 au
1098 3434 95 33 mois
1214 3435 43 32 de
1277 3436 129 33 février
1436 3447 46 22 ou
1513 3448 108 31 mars,
1649 3438 225 44 l'estampille
1904 3441 48 33 du
1980 3443 187 34 ministère

428 3487 194 41 indiquant
644 3487 29 32 le
696 3487 152 33 numéro
863 3497 82 34 294.
