2715 4132
311 1834 471 59 GRANDEUR
844 1838 89 55 ET
1003 1826 504 76 DÉCADENCE
1572 1848 479 59 MUSICALES

514 2055 119 41 LES
692 2045 380 57 THÉATRES
1133 2064 357 51 LYRIQUES
1549 2070 38 38 A
1648 2069 205 41 PARIS

1175 2167 15 39 I

867 2281 23 25 L
917 2281 28 38 y
963 2281 22 26 a
1007 2269 70 39 des
1099 2270 147 40 étoiles
1267 2271 107 40 dont
1397 2272 38 40 la
1460 2274 182 40 lumière
1665 2285 87 31 met
1774 2277 72 39 des
1868 2277 183 41 milliers

866 2339 200 41 d'années
1089 2355 110 39 pour
1219 2344 162 40 arriver
1400 2344 174 54 jusqu'à
1596 2360 111 27 nous
1724 2361 9 38 ;
1755 2347 37 54 je
1812 2349 109 40 crois
1941 2351 110 52 qu'il

866 2424 52 26 en
940 2420 62 31 est
1022 2413 50 39 de
1099 2415 140 38 même
1277 2415 51 40 de
1350 2417 209 40 certaines
1581 2419 112 40 idées
1718 2420 196 54 simples;
1942 2436 110 40 pour

867 2495 86 40 que
981 2484 97 39 telle
1111 2486 135 40 vérité
1286 2487 49 39 de
1372 2488 154 41 l'ordre
1567 2491 39 39 le
1644 2492 97 52 plus
1774 2493 277 42 élémentaire

868 2555 174 52 pénètre
1080 2556 59 40 les
1173 2571 206 29 cerveaux
1418 2561 193 53 rebelles,
1653 2563 30 40 il
1723 2563 92 41 faut
1850 2565 111 41 deux
1992 2580 57 28 ou

868 2627 103 40 trois
1000 2629 217 54 dynasties
1238 2640 41 31 et
1297 2633 217 53 plusieurs
1537 2635 292 55 républiques.

925 2701 60 41 La
1009 2701 180 53 France,
1214 2705 77 52 qui
1323 2719 41 26 se
1385 2706 165 41 déclare
1580 2721 259 29 amoureuse
1869 2712 58 39 du
1948 2726 75 40 pro-

865 2776 109 51 grès,
999 2787 23 26 a
1046 2788 60 26 un
1142 2776 145 41 défaut
1320 2778 175 53 bizarre,
1529 2781 98 39 c'est
1656 2782 135 52 d'agir
1816 2796 168 28 comme
2016 2786 35 39 si

305 2841 83 40 elle
408 2841 37 40 le
466 2841 199 42 détestait
682 2858 9 34 ;
716 2857 57 26 on
797 2846 198 51 pourrait
1016 2847 164 50 refaire,
1205 2862 52 26 en
1275 2859 181 43 pensant
1472 2855 22 36 à
1515 2865 45 26 ce
1583 2866 264 41 personnage
1869 2860 22 35 à
1912 2855 40 40 la
1974 2856 77 41 fois

307 2913 36 40 si
374 2913 136 54 choyé
531 2923 40 31 et
599 2914 34 40 si
663 2916 141 52 battu,
849 2916 59 40 les
945 2918 235 42 Malheurs
1212 2922 101 39 d'un
1348 2930 148 33 amant
1523 2925 211 43 heureux.

364 2986 133 52 Règle
543 2988 195 51 générale
781 3002 9 28 :
848 2991 160 48 Quand
1058 3007 86 26 une
1192 2994 256 42 institution
1503 2998 248 41 fonctionne
1808 3001 96 39 bien
1950 3002 100 41 chez

303 3072 129 37 nous,
454 3058 101 40 c'est
578 3059 38 39 le
648 3070 197 32 moment
866 3062 136 53 qu'on
1024 3064 158 41 choisit
1204 3080 111 39 pour
1341 3068 133 39 briser
1494 3069 35 40 le
1552 3071 261 40 mécanisme
1832 3086 8 34 ;
1867 3081 97 32 tout
1987 3084 62 30 est

303 3137 24 35 à
348 3144 318 28 recommencer
692 3142 153 43 quatre
866 3148 56 26 ou
946 3136 100 53 cinq
1070 3139 80 38 fois
1174 3140 190 52 pendant
1389 3149 123 32 notre
1538 3142 226 52 existence,
1803 3144 164 54 l'esprit
1999 3148 51 40 de

305 3203 114 40 suite
442 3217 111 26 nous
576 3217 193 40 manque
787 3237 9 20 ,
821 3206 34 39 si
878 3207 100 40 bien
1001 3209 177 52 qu'avec
1202 3224 86 27 une
1310 3226 162 26 avance
1495 3215 191 51 énorme,
1712 3228 109 27 nous
1844 3215 205 44 finissons

308 3289 76 40 par
406 3276 191 40 retarder
619 3290 74 26 sur
716 3277 60 39 les
792 3287 144 31 autres
955 3282 193 52 peuples.

365 3347 35 40 Il
421 3362 28 40 y
469 3362 24 27 a
515 3349 72 40 dix
607 3363 78 26 ans
706 3363 169 40 encore,
899 3364 112 28 nous
1032 3353 139 40 étions
1202 3367 52 28 en
1285 3356 119 47 plein
1445 3359 381 44 épanouissement
1867 3365 182 38 musical

529 3419 34 42 J.

1803 3450 25 39 ?
