2715 4132
972 442 277 50 HYGIÈNE
1282 452 78 40 DE
1396 453 74 39 LA
1501 452 146 41 VOIX

2090 451 76 40 133

450 594 180 40 muscles
651 595 193 53 laryngés
866 595 105 40 dans
999 597 70 39 des
1091 597 268 54 proportions
1381 597 73 53 qui
1479 611 50 26 ne
1556 596 233 54 répondent
1818 609 73 40 pas
1913 599 22 35 à
1958 607 83 27 aux
2062 607 82 40 qua-

447 666 93 40 lités
569 667 298 40 individuelles
889 668 50 40 de
960 668 202 54 l'organe,
1185 670 250 40 c'est-à-dire
1456 683 84 39 que
1560 670 84 40 l'on
1670 668 169 54 déplace
1859 668 39 39 la
1922 667 98 39 voix
2039 679 9 40 ;
2070 666 84 40 lors-

447 752 84 40 que
558 740 305 41 Paccollement
877 741 70 40 des
967 741 132 41 lèvres
1117 743 162 39 vocales
1302 743 69 40 n'a
1404 756 71 41 pas
1496 742 84 39 lieu
1602 749 128 32 avant
1750 740 230 40 l'émission
2001 738 59 40 du
2079 752 94 38 son,

447 811 162 52 qu'une
628 813 170 53 portion
825 813 50 40 de
898 815 91 40 l'air
1004 815 217 54 s'échappe
1239 829 95 26 sans
1357 815 100 40 faire
1473 815 139 39 vibrer
1628 814 58 39 les
1707 815 130 38 lèvres
1858 821 40 32 et
1918 825 82 40 que
2017 811 39 40 la
2077 811 99 40 voix

446 892 60 32 est
522 884 87 40 mal
629 886 138 52 posée,
785 894 76 32 etc.
891 887 59 39 La
964 887 101 40 voix
1084 888 181 52 fatiguée
1285 887 169 39 devient
1492 886 285 50 chevrotante,
1801 884 245 51 incertaine,
2070 896 79 28 cou-

446 964 126 44 verte,
597 971 163 40 rauque
780 971 8 33 ;
813 959 71 40 des
906 959 228 40 mucosités
1155 974 40 25 se
1216 959 249 54 produisent
1480 959 169 51 (chats),
1672 965 76 32 etc.

506 1028 77 39 Les
601 1028 248 41 différences
870 1030 58 40 du
951 1030 154 40 timbre
1125 1030 240 53 dépendent
1380 1030 71 39 des
1473 1029 136 40 bruits
1628 1029 261 51 accessoires,
1910 1028 59 39 du
2004 1028 174 39 nombre

447 1107 40 32 et
507 1100 50 40 de
578 1101 231 41 l'intensité
830 1102 71 40 des
920 1116 100 26 sons
1042 1102 318 52 harmoniques,
1378 1101 252 39 déterminés
1653 1114 73 40 par
1746 1101 39 39 la
1806 1101 132 39 forme
1957 1107 38 32 et
2017 1100 37 39 la
2072 1113 80 39 qua-

447 1171 73 40 lité
540 1173 52 39 de
612 1173 39 40 la
668 1173 128 39 caisse
815 1174 50 39 de
882 1175 273 45 résonnance,
1175 1173 74 52 qui
1274 1180 61 32 est
1354 1173 258 53 représentée
1632 1172 106 39 dans
1752 1172 289 40 l'instrument
2062 1171 117 40 vocal

449 1257 73 39 par
543 1244 36 39 le
602 1244 195 53 pharynx
820 1252 40 32 et
885 1244 57 39 les
963 1244 152 40 cavités
1136 1244 300 40 avoisinantes.
1455 1244 60 39 La
1531 1245 263 38 résonnance
1815 1251 60 32 est
1894 1245 82 38 très
1999 1242 180 40 variable

450 1315 176 40 suivant
642 1315 250 49 l'élasticité,
917 1316 38 38 la
976 1316 261 50 dimension,
1254 1315 39 39 la
1314 1314 292 51 contractilité,
1627 1322 97 44 etc.,
1747 1314 71 40 des
1839 1314 202 39 éléments
2061 1326 95 39 orga-

451 1387 151 52 niques
624 1387 75 52 qui
721 1396 250 45 composent
992 1388 38 39 le
1055 1388 196 53 pharynx
1270 1420 9 20 ,
1302 1394 40 33 et
1374 1387 76 54 qui
1473 1386 287 41 déterminent
1780 1387 58 39 les
1860 1385 181 54 qualités
2063 1384 92 39 indi-

448 1458 206 40 viduelles
674 1459 50 39 de
753 1459 37 39 la
815 1460 100 39 voix
942 1467 39 32 et
1010 1459 187 52 doivent,
1221 1474 74 38 par
1334 1462 275 50 conséquent,
1646 1459 83 40 être
1750 1458 161 40 étudiés
1945 1458 207 40 attentive-

454 1538 120 32 ment
588 1545 73 26 sur
682 1531 163 53 chaque
866 1531 213 40 individu.
1106 1531 112 41 C'est
1232 1532 39 39 la
1292 1531 313 53 configuration
1624 1531 166 40 donnée
1811 1544 55 26 au
1888 1531 194 53 pharynx
2103 1530 73 52 qui

449 1604 132 38 forme
600 1603 39 39 la
661 1603 177 54 voyelle,
864 1616 166 27 comme
1051 1603 38 39 le
1127 1602 222 40 démontre
1385 1616 61 27 un
1467 1611 135 45 tuyau
1633 1606 22 35 à
1677 1603 133 39 anche
1833 1603 219 38 surmonté
2072 1601 104 38 d'un

449 1677 269 49 résonateur,
763 1676 105 39 dont
919 1676 279 50 l'ouverture,
1239 1674 184 40 variable
1462 1680 22 34 à
1525 1674 197 50 volonté,
1763 1674 74 39 fait
1877 1672 201 41 entendre
2122 1672 56 39 les

449 1748 182 53 voyelles
665 1761 39 37 o,
729 1762 41 38 a,
799 1761 20 26 e
826 1780 9 19 ,
859 1756 40 32 et
919 1748 57 39 les
1003 1748 172 39 timbres
1201 1747 169 39 sombré
1390 1760 56 26 ou
1468 1746 118 39 clair
1592 1778 7 7 .
1630 1746 34 39 L
1681 1747 104 38 abus
1806 1758 55 26 ou
1883 1743 295 54 l'exagération

449 1819 101 40 d'un
583 1819 155 39 timbre
758 1832 218 40 provoque
997 1818 71 40 des
1087 1832 132 26 maux
1239 1818 205 53 dégorgé,
1467 1817 185 53 l'angine
1672 1817 266 53 granuleuse,
1962 1823 77 32 etc.

506 1892 115 39 Pour
642 1891 130 40 éviter
793 1898 139 33 toutes
953 1904 63 26 ces
1038 1904 144 26 causes
1204 1889 180 40 diverses
1404 1888 51 40 de
1477 1888 173 54 fatigue,
1690 1902 108 26 nous
1839 1901 179 40 croyons
2042 1887 112 39 indis-

447 1963 218 54 pensables
687 1963 180 39 certains
889 1962 221 52 exercices,
1133 1962 231 53 préalables
1386 1966 22 35 à
1432 1961 351 53 l'enseignement
1802 1960 59 39 du
1883 1959 128 41 chant
2032 1966 39 33 et
2092 1973 83 38 que

447 2049 110 27 nous
591 2048 282 41 comprenons
901 2048 99 26 sous
1019 2035 37 39 le
1078 2048 103 26 nom
1208 2034 59 40 du
1293 2034 321 53 gymnastique
1642 2034 165 39 vocale.
1851 2032 78 40 Ces
1968 2032 203 40 exercices

446 2116 255 32 concernent
721 2109 57 38 les
800 2108 138 39 divers
957 2107 182 40 muscles
1160 2107 119 40 actifs
1306 2107 105 40 dans
1432 2107 40 39 la
1490 2106 264 54 respiration,
1771 2106 105 39 dans
1896 2105 39 40 la
1951 2118 98 41 pose
2069 2105 50 39 de
2138 2106 37 38 la

445 2181 115 51 voix,
598 2180 105 40 dans
731 2180 36 40 la
802 2179 318 53 configuration
1152 2180 58 39 du
1242 2180 209 53 pharynx,
1476 2179 106 39 dont
1606 2178 142 40 l'élève
1779 2178 89 41 doit
1908 2178 83 40 être
2027 2179 148 38 maître

445 2260 129 32 avant
611 2260 109 43 tout,
746 2253 85 40 afin
854 2266 82 39 que
957 2253 37 39 le
1016 2252 257 40 mécanisme
1295 2251 179 41 favorise
1494 2259 40 33 et
1555 2252 217 40 n'entrave
1799 2252 120 52 point
1943 2251 230 40 l'émission

444 2324 72 40 des
538 2337 113 27 sons.

1256 2462 21 47 §
1312 2460 37 39 II

504 2612 66 39 En
593 2612 150 40 dehors
760 2612 58 40 du
835 2612 271 51 mécanisme,
1121 2612 58 40 les
1201 2612 185 43 diverses
1406 2613 213 40 fonctions
1630 2613 51 40 de
1696 2613 268 53 l'organisme
1984 2620 193 33 exercent

447 2685 239 51 également
725 2685 91 39 leur
855 2685 214 40 influence
1107 2699 71 25 sur
1213 2685 37 39 la
1294 2685 112 41 voix.

506 2758 59 38 La
584 2756 258 54 respiration
870 2765 62 31 est
953 2771 59 25 un
1036 2757 208 39 véritable
1275 2766 91 31 acte
1399 2758 50 39 de
1481 2758 293 47 combustion*
1805 2757 54 41 tel
1889 2770 82 39 que
1994 2770 113 26 nous
2138 2757 38 39 le

447 2842 164 40 voyons
648 2829 281 52 s'accomplir,
967 2843 76 40 par
1076 2831 211 53 exemple,
1321 2831 106 38 dans
1466 2843 85 26 une
1584 2828 201 41 machine
1808 2834 21 35 à
1858 2841 177 40 vapeur.
2064 2829 113 39 L'air

446 2900 137 53 aspiré
614 2907 62 32 est
695 2899 138 40 chaud
856 2908 40 32 et
917 2901 154 52 rempli
1093 2901 50 39 de
1173 2914 163 40 vapeur
1375 2901 122 39 d'eau
1517 2909 40 31 et
1576 2900 163 39 d'acide
1755 2900 279 52 carbonique.
2058 2899 119 41 Cette

447 2971 277 40 combustion
747 2972 260 54 s'accomplit
1030 2986 73 40 par
1126 2974 38 39 la
1187 2973 345 40 consommation
1552 2973 50 39 de
1623 2971 183 41 certains
1827 2972 205 38 éléments
2054 2984 97 40 orga-

447 3045 169 51 niques,
646 3043 59 39 les
732 3052 136 43 pertes
891 3045 142 40 subies
1056 3053 97 32 sont
1182 3047 192 52 réparées
1406 3059 75 40 par
1503 3045 93 40 l'air
1615 3043 118 52 frais,
1758 3044 58 38 les
1841 3043 196 40 boissons
2055 3052 40 31 et
2117 3043 59 40 les

447 3116 218 40 aliments.

502 3188 81 40 Ces
615 3187 208 40 éléments
854 3188 265 52 réparateurs
1141 3189 178 40 doivent
1343 3190 86 39 être
1456 3202 112 39 pour
1592 3188 38 40 le
1651 3188 209 39 chanteur
1879 3201 56 27 ou
1956 3188 219 52 l'orateur,

447 3260 101 39 chez
565 3258 186 53 lesquels
773 3259 39 39 la
835 3259 256 52 respiration
1106 3268 61 31 est
1189 3260 97 52 plus
1312 3259 137 41 active
1470 3272 84 39 que
1578 3259 108 38 dans
1707 3259 57 38 les
1784 3257 244 40 conditions
2049 3259 100 40 habi-

448 3331 169 49 tuelles,
652 3329 359 41 non-seulement
1043 3330 295 51 substantiels,
1364 3339 115 43 aptes
1501 3333 22 36 à
1544 3331 283 39 reconstituer
1848 3330 57 39 les
1927 3330 128 40 forces
2077 3344 73 39 per-

446 3403 104 39 dues
572 3403 185 53 (viande,
783 3402 91 51 lait,
898 3402 217 48 céréales),
1139 3402 107 41 mais
1270 3402 115 40 aussi
1412 3415 172 41 propres
1606 3406 21 36 à
1651 3401 180 41 faciliter
1846 3402 122 40 l'acte
1990 3403 161 53 respira-
