5009 6700
87 187 289 76 Umfang
456 184 157 62 acht
688 185 233 65 Seiten

3939 204 452 78 Einzelbezug
4447 206 76 59 10
4570 202 293 80 Pfennig

2101 383 108 17 ■KaBSäK
2223 387 19 13 r~
2251 395 7 5 *
2269 383 3 18 ■
2328 393 6 5 -
2339 389 13 12 .•»

86 1249 105 145 V
262 1242 1524 176 OCHENSCHRIFT
1877 1239 373 186 FÜR
2328 1262 789 163 KULTUR
3195 1262 409 149 UND
3692 1255 305 149 DIE
4082 1235 779 176 KÜNSTE

170 1596 255 46 Redaktion
456 1599 92 42 und
578 1598 186 55 Verlag:
805 1598 418 56 Berlin-Halensee,
1256 1602 453 49 Katharinenstrasse
1737 1609 29 43 5

167 1680 338 56 Fernsprecher
555 1683 105 43 Amt
714 1683 313 45 Wilmersdorf
1064 1685 113 44 3524
1216 1685 16 55 /
1269 1686 494 57 Anzeigen-Annahme

169 1765 249 45 Hannover
447 1766 285 46 Artilleriestr
766 1769 52 43 15
859 1770 90 42 und
987 1769 149 44 Berlin
1158 1770 51 44 W
1230 1770 57 43 35
1312 1771 349 47 Potsdamerstr.
1690 1776 69 43 111

2084 1655 320 56 Herausgeber
2434 1658 92 43 und
2556 1655 310 46 Schriftleiter:

2085 1738 410 56 HERWARTH
2543 1738 323 54 WALDEN

3191 1610 474 55 Vierteljahresbezug
3697 1608 93 53 1,25
3819 1608 133 44 Mark
3982 1608 16 52 /
4035 1605 420 55 Halbjahresbezug
4484 1606 97 52 2,50
4609 1605 132 43 Mark
4763 1604 16 54 /

3193 1696 312 52 Jahresbezug
3533 1694 97 52 5,00
3661 1692 131 44 Mark
3832 1691 16 54 /
3890 1690 70 44 bei
4001 1689 134 44 freier
4174 1690 262 53 Zustellung
4467 1689 15 53 /
4514 1687 242 44 Insertions-

3193 1778 119 56 preis
3369 1780 72 42 für
3492 1777 69 44 die
3610 1774 364 56 fünfgespaltene
4025 1772 405 56 Nonpareillezeile
4488 1773 54 42 60
4593 1771 189 54 Pfennig

87 1977 457 81 JAHRGANG
600 1984 159 59 1910

1199 1982 943 74 BERLIN/DONNERSTAG
2193 1992 171 63 DEN
2410 1995 98 60 29.
2561 1990 448 67 DEZEMBER
3058 1985 197 70 1910/
3273 1985 476 68 HANNOVER

4381 1982 361 66 NUMMER
4786 1987 79 58 44

3356 2292 354 64 INHALT:

3761 2319 242 45 AUGUST
4045 2319 398 45 STRINDBERG:
4485 2318 262 45 Zuchtwahl
4785 2321 82 41 des

3357 2404 304 53 Journalisten
3703 2403 16 54 /
3771 2403 150 45 PAUL
3962 2402 406 46 SCHEERBART:
4423 2403 93 43 Der
4567 2401 158 46 Kaiser
4774 2414 90 32 von

3357 2488 165 54 Utopia
3576 2489 16 53 /
3647 2487 142 45 ELSE
3846 2477 532 55 LASKER-SCHÜLER:
4437 2486 146 45 Maria
4631 2486 17 54 /
4697 2485 168 45 FRITZ

3356 2561 264 56 HÜBNER:
3660 2571 269 43 Nietzsches
3971 2570 96 44 Bild
4108 2573 14 49 /
4165 2570 168 44 OTTO
4376 2570 223 44 SOYKA:
4641 2568 227 55 Bücher/

3357 2655 154 46 KURT
3554 2655 228 44 HILLER:
3824 2654 95 44 Das
3959 2654 196 43 Cabaret
4195 2656 90 40 und
4319 2653 69 44 die
4421 2654 204 44 Gehirne
4656 2654 15 54 /
4704 2653 48 43 K.
4785 2652 86 45 M.:

3356 2740 93 43 Der
3498 2738 223 56 fliegende
3771 2739 247 43 Holländer
4057 2738 16 54 /
4123 2739 60 42 T:
4235 2738 206 53 „Bücher
4490 2752 56 28 zu
4597 2737 242 45 Geschenk-

3664 2823 17 53 /
3749 2822 336 45 CROTALUS:
4155 2821 83 45 Die
4301 2822 246 54 Rechnung
4616 2821 79 43 mit
4763 2822 105 41 dem

3355 2905 136 44 Wirth
3532 2906 18 53 /
3591 2906 195 44 OSKAR
3828 2905 390 45 KOKOSCHKA:
4266 2905 265 55 Zeichnung

3357 3504 620 112 Zuchtwahl

3357 3670 193 112 des
3628 3670 752 112 Journalisten

3356 3880 126 52 Von
3522 3880 222 67 August
3780 3880 341 68 Strindberg

3468 4060 58 45 Es
3580 4072 92 32 war
3726 4062 343 53 ungewöhnlich
4126 4063 172 43 lebhaft
4353 4063 41 44 in
4451 4066 103 43 dem
4608 4065 112 56 jetzt
4772 4081 76 30 ver-

3355 4131 214 42 lassenen
3620 4129 323 47 Ritterhaussal
3994 4144 89 31 von
4133 4132 282 45 Stockholm.
4476 4135 122 44 Zwei
4647 4137 198 45 Scheuer-

3357 4200 158 43 frauen
3554 4199 165 56 gingen
3760 4201 161 42 umher
3961 4203 91 41 und
4091 4201 217 46 wischten
4341 4204 156 54 Staub,
4528 4207 134 53 alten,
4693 4207 177 56 adligen

3356 4270 156 53 Staub,
3563 4271 79 42 der
3690 4270 85 43 seit
3827 4270 107 44 1865
3974 4271 248 55 dagelegen
4264 4274 139 52 hatte,
4443 4276 66 42 als
4550 4275 75 45 ihn
4669 4276 70 45 die
4779 4278 71 45 bei-

3354 4339 394 55 falltrampelnden
3790 4340 230 45 Edelleute
4067 4353 90 33 von
4197 4343 128 43 ihren
4366 4345 176 44 Füssen
4583 4347 292 56 schüttelten,

3355 4408 369 55 hochgräflichen
3774 4410 155 53 Staub,
3982 4413 79 41 der
4106 4424 90 32 von
4248 4415 103 41 dem
4402 4414 164 45 blauen
4617 4416 126 45 Tuch
4795 4430 51 44 ge-

3355 4478 156 44 rieben
3564 4481 167 51 wurde,
3786 4480 66 43 als
3907 4480 71 44 die
4034 4481 173 43 Herren
4264 4485 81 41 des
4402 4485 190 45 Reiches
4642 4488 96 43 sich
4790 4502 84 31 vor

3355 4549 143 53 Angst
3549 4549 78 42 auf
3678 4551 87 41 den
3821 4549 191 44 Bänken
4065 4554 206 52 wanden,
4331 4553 338 47 freiherrlichen
4730 4558 142 45 Staub

3355 4630 107 32 vom
3503 4617 196 45 feinsten
3742 4619 329 45 Uniformtuch.
4130 4622 121 43 Aber
4293 4625 56 41 da
4389 4625 72 54 lag
4492 4628 116 42 auch
4641 4629 238 55 unadliger

3357 4687 373 45 Schreiberstaub
3785 4701 91 33 von
3931 4690 318 55 abgenützten,
4304 4695 265 45 schwarzen
4630 4697 234 57 Bonjours

3359 4756 120 45 nicht
3531 4771 56 29 zu
3642 4759 226 54 sprechen
3921 4772 91 31 von
4068 4762 103 42 dem
4226 4762 141 44 Staub
4424 4766 77 43 auf
4541 4768 80 43 der
4659 4768 214 56 Gallerie,

3359 4829 120 43 denn
3514 4827 67 44 bis
3614 4828 134 44 dahin
3780 4841 152 31 waren
3965 4829 69 44 die
4067 4831 178 44 Frauen
4278 4835 118 43 noch
4431 4835 120 44 nicht
4579 4839 294 53 gekommen.

3470 4912 93 43 Der
3614 4912 339 45 elfenbeinerne
4004 4913 128 44 Stuhl
4183 4918 82 42 des
4318 4919 392 47 Landmarschalls
4739 4928 138 42 stand

3356 4982 119 50 leer;
3524 4982 77 43 auf
3642 4983 103 43 dem
3785 4982 135 45 Tisch
3960 4984 72 54 lag
4073 4987 79 41 der
4194 4986 218 46 Hammer
4451 4993 92 42 und
4584 4992 145 57 einige
4768 4995 77 44 Auf-

3355 5052 133 54 lagen
3557 5054 81 41 des
3705 5054 406 54 Wappenbuches;
4184 5069 51 30 es
4302 5060 83 42 sah
4455 5073 98 42 aus,
4622 5064 64 43 als
4753 5066 121 44 wäre

3355 5121 200 44 Auktion
3613 5132 227 44 gewesen.
3939 5124 158 44 Hinter
4157 5128 103 42 dem
4321 5128 127 45 Stuhl
4507 5135 134 42 stand
4696 5134 180 47 Gustav

3355 5192 136 44 Adolf
3539 5191 101 57 (der
3680 5192 189 56 Zweite)
3920 5196 93 41 und
4056 5196 111 43 warf
4205 5198 122 44 leere
4367 5200 354 48 Marmorblicke
4763 5207 116 45 über

3359 5263 87 42 den
3485 5261 154 44 leeren
3680 5262 105 44 Saal
3825 5263 68 45 bis
3924 5263 158 45 hinauf
4124 5278 105 32 zum
4271 5270 402 56 Deckengemälde
4704 5275 144 46 Ehren-

3355 5331 177 44 strahls.

3466 5416 122 43 Aber
3647 5416 72 45 die
3769 5417 158 46 Sonne
3985 5420 159 47 schien
4205 5425 139 43 durch
4406 5426 70 44 die
4546 5427 191 47 Fenster
4796 5434 82 41 der

3355 5485 204 44 Fassade
3600 5488 92 42 und
3731 5488 224 46 schenkte
3996 5492 88 43 den
4120 5491 211 48 Schilden
4372 5496 79 44 auf
4490 5499 79 41 der
4610 5500 263 46 nördlichen

3356 5555 124 45 Seite
3520 5554 134 46 einen
3696 5562 316 43 erneuernden
4055 5562 147 44 Glanz

3470 5640 96 44 Das
3631 5640 102 45 sind
3790 5643 239 46 komische
4088 5646 219 56 Tapeten,
4365 5655 129 51 sagte
4554 5653 71 44 die
4682 5653 191 59 jüngere

3356 5710 131 55 Frau,
3529 5711 72 44 die
3643 5713 120 43 noch
3806 5713 122 45 nicht
3965 5715 84 45 viel
4089 5729 106 32 vom
4238 5719 154 45 Leben
4430 5722 206 54 gesehen
4675 5725 139 47 hatte.

3467 5794 111 55 Ach,
3618 5795 142 46 liebes
3802 5796 127 57 Kind,
3972 5801 81 43 das
4092 5801 102 44 sind
4233 5801 97 45 ihre
4370 5804 193 56 Schilde,
4603 5812 271 46 antwortete

3359 5863 71 45 die
3471 5865 138 45 ältere
3640 5866 131 56 Frau,
3813 5868 71 44 die
3926 5871 119 43 noch
4087 5870 71 45 die
4200 5871 88 46 alte
4319 5873 426 63 Staatsverfassung
4778 5883 74 44 mit-

3355 5936 215 53 gemacht
3609 5936 136 45 hatte.

3471 6019 60 55 O,
3572 6020 149 55 Jesus,
3760 6020 103 45 sind
3904 6025 83 41 das
4027 6022 218 47 Schilde?

3470 6103 68 56 Ja,
3598 6106 82 42 das
3737 6106 102 43 sind
3896 6107 393 58 Wappenschilde,
4339 6113 220 57 Wappen,
4616 6125 148 40 musst
4818 6125 59 44 du

3355 6175 259 48 verstehen.

3469 6258 194 55 Waffen,
3703 6259 80 44 mit
3821 6263 151 42 denen
4011 6261 68 45 sie
4117 6262 99 46 sich
4255 6267 276 58 geschlagen
4572 6275 194 46 haben?

3469 6341 130 56 Nein,
3652 6342 119 56 nein,
3819 6345 220 57 Wappen,
4089 6347 397 63 Wappenschilde,
4535 6356 149 49 hinter
4728 6363 151 45 dene*

3358 6411 67 45 sie
3463 6411 96 46 sich
3599 6414 265 56 verbergen,
3907 6429 130 32 wenn
4076 6416 68 47 sie
4183 6418 98 47 sich
4320 6423 230 58 schlagen.

3472 6495 103 47 Und
3616 6497 71 46 die
3727 6499 182 57 hängen
3949 6501 111 56 jetzt
4101 6503 133 47 hier?

302 6078 569 115 Offense
949 6075 623 135 erotique
1626 6068 38 135 /
1723 6137 334 68 Zeichnung
2092 6151 114 39 von
2245 6136 191 56 Oskar
2473 6137 347 58 Kokoschka
