3030 4231
1148 393 252 91 Les
1466 390 574 97 Sociétés

1225 581 216 45 Société
1473 583 491 51 Philharmonique.

440 764 70 45 Le
536 763 176 46 sourcil
738 761 193 55 étonné,
957 761 120 45 l'œil
1100 758 165 58 tendu,
1293 757 109 58 fixe,
1428 757 172 48 maître
1625 761 63 44 de
1712 761 85 53 soi,
1825 759 65 46 oh
1917 759 8 45 !
1953 757 244 57 combien,
2235 754 66 45 M.
2331 754 229 59 Debussy
2597 757 168 54 guette
2796 754 71 43 les

313 832 141 42 notes
496 829 61 43 de
599 828 46 44 la
684 827 233 59 partition
959 829 47 41 et
1040 823 223 47 surveille
1301 823 199 58 parfois,
1538 824 166 60 quand
1738 825 71 45 les
1844 819 283 49 extrémités
2150 821 67 44 du
2241 820 181 45 clavier
2457 819 70 44 les
2551 819 212 57 appelle,
2791 832 78 30 ses

313 893 169 44 mains.
510 891 173 59 Quelle
707 905 173 31 saveur
904 890 86 44 des
1014 891 176 56 gestes,
1218 885 87 47 dès
1328 888 99 44 lors
1451 903 94 44 que
1583 889 66 44 M.
1679 889 226 59 Debussy
1930 901 122 31 nous
2077 884 197 48 détaille
2310 884 46 44 la
2391 881 264 60 simplicité
2691 882 179 45 subtile

313 957 63 45 de
493 955 265 46 Children's
1072 955 191 56 Corner,
908 968 58 30 ce
990 951 134 60 régal
1148 951 305 46 d'invention
1477 952 164 57 pleine
1666 952 257 46 d'humeur
1948 956 48 41 et
2020 951 205 58 d'esprit
2249 947 182 47 délicat
2458 948 7 45 !
2491 947 94 45 Les
2610 945 260 59 éléphants

315 1035 52 30 se
406 1020 274 53 balancent,
707 1018 45 45 la
791 1016 196 59 poupée
1008 1021 178 40 tourne
1210 1020 48 40 et
1294 1016 193 57 chante,
1524 1016 45 44 la
1605 1017 142 57 neige
1783 1018 151 43 danse
1970 1032 60 31 en
2066 1017 88 43 des
2188 1015 298 58 arabesques
2523 1012 62 44 de
2620 1025 169 45 songe,
2825 1012 46 43 le

316 1086 123 58 petit
463 1084 176 58 berger
663 1083 233 46 attendrit
919 1083 70 45 les
1013 1096 161 30 cœurs
1197 1079 243 56 féminins,
1467 1081 45 44 le
1535 1081 320 59 Golliwogg's
1881 1082 274 46 cake-walk
2171 1082 124 44 ravit
2319 1079 302 45 l'assistance
2645 1092 62 29 au
2732 1077 140 58 point

315 1163 95 46 que
434 1149 217 57 l'auteur,
679 1145 220 60 sollicité,
926 1145 205 46 exécute
1155 1162 65 28 un
1246 1145 265 45 demi-tour
1536 1145 61 45 de
1623 1145 173 56 clown,
1823 1147 202 45 s'assied
2050 1148 63 43 de
2137 1159 225 33 nouveau
2394 1145 181 43 devant
2610 1143 45 44 le
2691 1142 181 44 clavier

316 1216 48 42 et
390 1213 214 57 reprend
628 1211 45 45 le
697 1210 319 59 Golliwogg's
1040 1209 284 46 cake-walk.

446 1275 265 46 Children's
735 1276 192 57 Corner,
952 1274 187 45 Poèmes
1158 1275 62 44 de
1241 1271 256 47 Mallarmé
1521 1272 122 46 dont
1661 1274 44 44 le
1728 1275 169 58 Soupir
1920 1274 194 47 réserve
2138 1272 28 49 à
2189 1274 47 45 la
2254 1274 113 45 voix
2386 1272 234 45 humaine
2639 1269 236 46 s'élevant

319 1356 81 29 sur
423 1355 66 29 un
512 1340 121 45 fond
672 1340 202 44 musical
910 1354 96 30 aux
1028 1354 215 30 nuances
1267 1337 249 56 blanches,
1544 1337 370 60 chuchotantes,
1940 1340 137 59 quasi
2113 1342 224 54 muettes,
2373 1354 65 29 un
2474 1341 175 41 accent
2683 1332 164 48 d'indé-

321 1406 259 58 pendance
620 1403 327 47 intensément
984 1404 226 58 sensible,
2192 1404 62 45 les
2366 1403 128 45 Trois
2688 1403 190 45 Ariettes
1975 1403 221 60 décrues,
2221 1403 177 46 fluides
2422 1417 194 31 comme
2641 1402 46 43 le
2710 1404 165 55 temps

317 1470 84 60 qui
440 1483 144 45 passe
625 1474 48 40 et
708 1484 28 30 a
776 1468 156 58 passé,
1633 1469 49 45 la
1799 1469 122 45 Fille
2107 1483 100 29 aux
1784 1467 739 45 Cheveux
2524 1469 51 43 dla
2576 1482 123 30 ces
2700 1479 159 46 pages
2860 1479 18 31 se

319 1531 280 55 succèdent,
626 1533 303 58 s'appellent,
956 1535 210 42 avouent
1190 1533 87 44 des
1300 1531 123 45 liens
1446 1534 197 51 secrets,
1670 1547 96 29 une
1799 1533 78 44 vie
1910 1531 213 60 spéciale
2159 1534 96 58 qui,
2296 1533 194 59 rythme
2531 1547 90 43 par
2662 1530 209 60 rythme,

316 1600 114 43 note
457 1613 89 43 par
570 1601 116 41 note
711 1595 216 61 dégrade
951 1601 140 41 notre
1115 1595 108 47 âme
1247 1594 28 48 à
1298 1596 194 57 l'image
1517 1596 63 43 de
1605 1610 76 31 ses
1707 1597 331 45 demi-teintes
2062 1596 413 46 évanouissantes.

444 1662 197 60 J'avoue
682 1661 111 61 qu'à
832 1677 80 30 ces
952 1663 146 58 petits
1134 1661 230 46 tableaux
1403 1661 123 44 dont
1559 1661 47 44 la
1641 1658 289 49 délicatesse
1964 1677 61 30 ne
2060 1677 58 30 va
2154 1677 89 44 pas
2267 1662 221 59 toujours
2514 1675 113 30 sans
2653 1657 147 48 excès
2823 1660 48 58 je

317 1723 195 60 préfère
551 1726 46 44 le
635 1723 99 47 très
774 1740 162 30 connu
974 1730 48 40 et
1067 1727 38 43 si
1143 1724 251 46 attachant
2564 1728 206 55 quatuor
1964 1726 107 57 Que
2116 1724 128 47 voilà
2278 1727 64 44 de
2381 1726 47 44 la
2465 1740 123 43 pure
2629 1724 241 59 musique,

317 1790 294 58 expressive,
636 1789 286 46 ruisselante
948 1790 63 44 de
1035 1789 240 46 richesses
1299 1790 241 44 certaines
1564 1793 50 41 et
1648 1789 395 46 d'harmonieuse
2079 1790 291 59 inspiration
2394 1790 7 44 !
2442 1789 147 45 Est-il
2625 1804 66 30 un
2728 1803 115 31 enve-

317 1854 290 57 loppement
630 1854 110 58 plus
763 1851 301 61 légèrement
1088 1851 180 61 chargé
1293 1854 62 44 de
1380 1851 168 60 poésie
1573 1857 49 40 et
1646 1854 62 44 de
1732 1853 147 45 fleurs
1902 1854 64 46 de
1989 1853 114 47 rêve
2127 1870 95 45 que
2601 1850 273 61 interprété

317 1917 248 45 d'ailleurs
589 1933 89 43 par
701 1917 46 45 le
772 1921 208 56 quatuor
1007 1919 165 58 Hayot
1195 1933 120 30 avec
1338 1917 45 45 le
1408 1917 108 59 plus
1542 1919 269 43 minutieux
1835 1919 258 58 scrupule?

449 1984 64 44 Et
537 1997 124 44 pour
686 1984 245 55 exprimer
954 1984 184 57 l'esprit
1162 1986 143 42 exact
1329 1984 88 44 des
2577 1981 198 53 Poèmes,
1667 1984 88 44 des
2014 1984 67 44 du

319 2046 175 45 louons
517 2060 179 30 encore
722 2047 66 43 M.
818 2047 227 60 Debussy
1068 2047 185 44 d'avoir
1277 2047 87 44 fait
1398 2047 147 58 appel
1571 2044 28 47 à
1625 2047 51 44 M
1681 2053 51 21 me
1770 2047 361 47 Vallin-Pardo.
2169 2048 77 45 On
2284 2064 63 29 ne
2386 2051 119 56 peut
2542 2061 182 44 songer
2762 2061 113 30 sans

321 2124 93 31 une
453 2111 108 44 vive
602 2111 238 44 irritation
880 2111 148 59 qu'un
1069 2112 38 44 si
1150 2126 91 43 pur
1276 2111 152 45 talent
1469 2112 234 44 demeure
1737 2111 292 60 inemployé.
2076 2113 69 45 La
2184 2112 264 46 substance
2484 2112 63 44 de
2582 2112 47 44 la
2662 2112 115 46 voix
2801 2114 75 42 est

320 2175 522 45 extraordinairement
877 2175 177 60 pleine,
1093 2177 173 57 souple
1301 2179 49 42 et
1390 2177 163 44 claire.
1597 2175 131 46 L'art
1765 2177 64 44 de
1865 2178 188 44 donner
2085 2175 28 47 à
2151 2193 65 29 un
2254 2182 116 52 mot,
2409 2175 29 49 à
2472 2192 65 28 un
2573 2192 105 42 son,
2715 2174 29 48 à
2777 2191 99 31 une

320 2239 185 58 syllabe
542 2239 104 44 leur
683 2240 164 43 valeur
886 2238 191 60 précise
1119 2255 61 31 ne
1219 2241 179 44 saurait
1436 2243 165 42 mieux
1641 2241 255 45 s'accuser.
1936 2241 65 46 Et
2041 2243 123 57 puis,
2202 2241 348 59 l'intelligence
2585 2245 49 42 et
2674 2243 46 44 le
2754 2240 122 60 goût

320 2302 254 46 dominent
613 2302 46 46 le
697 2304 149 44 chant
885 2318 119 30 avec
1044 2319 95 30 une
1176 2305 99 44 aise
1315 2305 40 44 si
1393 2307 255 42 constante
1685 2307 48 42 et
1770 2305 211 44 sensible
2018 2305 141 61 qu'ils
2194 2304 168 47 créent
2398 2304 27 47 à
2461 2306 194 60 chaque
2688 2306 188 45 minute

319 2366 322 58 l'impression
684 2367 66 45 du
790 2367 191 58 parfait.
1021 2368 71 45 Ce
1128 2368 162 54 chant,
1332 2384 83 29 sur
1454 2368 326 46 l'effacement
1821 2371 293 58 pianistique
2155 2371 63 44 de
2268 2370 66 44 M.
2380 2371 242 58 Debussy,
2673 2370 121 45 c'est
2829 2370 47 45 la

320 2432 222 60 musique
567 2431 160 45 même
752 2432 124 44 dans
900 2447 52 31 sa
976 2431 171 47 nudité
1171 2432 302 62 pathétique.

2113 2513 260 45 EDOUARD
2418 2513 325 45 SCHNEIDER.

437 2648 339 53 Géographie
806 2652 263 41 musicale
1092 2650 69 43 de
1182 2652 262 52 l'Europe.
1470 2652 42 54 (2
1517 2659 14 18 E
1563 2648 202 59 SÉANCE)

452 2759 282 58 Reprenant
757 2775 89 30 son
871 2758 279 61 pèlerinage
1174 2759 30 49 à
1227 2766 184 42 travers
1434 2763 238 60 l'Europe
1703 2763 230 46 musicale
1968 2766 417 57 contemporaine,
2425 2766 69 46 M.
2532 2765 342 47 Calvocoressi

321 2836 123 31 nous
467 2820 221 47 entraîna
711 2824 122 45 dans
857 2824 62 45 de
945 2826 249 45 nouvelles
1218 2826 238 59 contrées,
1493 2828 186 58 parfois
1714 2827 323 59 inexplorées,
2074 2832 161 42 toutes
2269 2829 163 45 riches
2472 2828 403 47 d'intéressantes

324 2884 303 48 révélations.

453 2951 66 45 M.
559 2951 160 46 Emile
758 2953 182 54 Riadis,
975 2955 146 58 jeune
1158 2958 334 57 compositeur
1526 2956 339 54 macédonien,
1903 2958 106 44 doit
2042 2955 104 47 être
2175 2956 141 59 placé
2340 2973 63 29 au
2425 2960 215 57 premier
2665 2973 122 46 rang
2810 2959 65 46 de

322 3027 90 32 nos
437 3012 332 48 découvertes.
796 3016 62 44 Sa
882 3031 144 31 verve
1050 3016 282 64 mélodique
1356 3022 243 56 surprend
1624 3025 50 42 et
1696 3021 160 45 séduit
1881 3035 87 43 par
1991 3035 53 31 sa
2067 3020 311 60 spontanéité
2414 3026 50 42 et
2503 3038 91 30 son
2634 3021 240 61 imprévu,

324 3077 259 47 rehaussée
608 3080 61 45 de
693 3095 316 32 savoureuses
1032 3083 281 46 harmonies
1337 3086 122 44 dont
1482 3086 71 46 les
1576 3085 250 47 témérités
1850 3083 160 47 même
2034 3100 63 32 ne
2121 3090 109 40 sont
2262 3101 89 45 pas
2385 3102 113 31 sans
2533 3088 218 46 charme.
2789 3090 89 44 Ses

379 3140 241 47 Mélodies
674 3142 412 49 macédoniennes
1192 3148 163 46 furent
1401 3148 235 47 chantées
1681 3165 89 44 par
1817 3151 51 43 M
1872 3149 40 27 lle
1958 3149 226 60 Malnory
2230 3154 48 41 et
2334 3152 396 60 accompagnées
2789 3167 89 45 par

326 3207 67 44 M.
419 3208 217 44 Armand
663 3209 209 45 Lacroix
895 3210 164 45 mieux
1082 3212 203 61 qu'avec
1308 3214 152 46 talent
1483 3232 9 29 :
1528 3229 120 31 avec
1671 3229 95 31 une
1802 3213 413 58 compréhension
2251 3215 210 59 parfaite
2502 3219 89 43 des
2626 3219 252 45 moindres

324 3269 266 47 intentions
636 3273 62 44 de
743 3273 217 44 l'auteur.
1011 3275 66 45 M.
1128 3275 168 47 Riadis
1341 3280 123 43 dont
1507 3279 203 46 l'œuvre
1755 3281 74 42 est
1874 3275 113 61 déjà
2027 3293 136 30 assez
2202 3279 359 60 considérable,
2598 3297 28 30 a
2662 3281 122 46 écrit
2813 3283 65 44 de

325 3336 320 46 nombreuses
682 3341 162 41 autres
885 3336 237 48 mélodies
1163 3344 47 42 et
1246 3342 129 45 deux
1409 3342 178 60 opéras
1613 3361 10 28 :
1704 3342 258 46 Galatheïa
2190 3344 162 47 Route
2386 3346 150 46 Verte
2617 3347 118 60 qu'il
2772 3346 106 50 faut

325 3398 249 47 souhaiter
613 3401 62 44 de
712 3400 253 47 connaître
1004 3402 190 47 bientôt
1233 3405 390 61 intégralement,
1661 3407 72 46 les
1771 3407 96 45 airs
1903 3407 63 45 de
2006 3407 151 46 ballet
2197 3410 68 43 du
2301 3411 215 57 premier
2556 3426 62 31 ne
2660 3416 218 55 pouvant

324 3462 270 58 qu'exciter
639 3478 88 32 nos
773 3463 241 60 légitimes
1058 3468 336 59 impatiences.
1446 3472 40 44 Il
1531 3476 74 42 est
1649 3472 130 43 aussi
1823 3471 206 45 l'auteur
2074 3471 119 45 d'un
2240 3471 180 61 poème
2466 3476 368 61 symphonique
2866 3492 9 29 :

327 3527 197 47 ISCHIOI
562 3529 390 55 MAKEDONIKOI,
980 3532 132 58 plein
1138 3533 62 44 de
1230 3535 77 45 vie
1341 3539 49 42 et
1425 3535 63 46 de
1521 3537 215 54 couleur,
1773 3549 96 47 que
1903 3549 125 33 nous
2062 3538 305 46 entendrons
2401 3542 414 57 prochainement
2850 3538 28 50 à

324 3589 100 46 l'un
448 3591 62 45 de
536 3607 87 31 nos
647 3598 225 40 concerts
896 3594 328 48 dominicaux.
