3030 4231
1458 218 65 73 S.
1590 219 56 70 I.
1714 218 111 73 M.

368 240 102 65 42

367 362 168 46 milieu
574 362 184 58 d'elles,
785 378 114 31 sous
938 365 45 44 le
1008 367 230 42 manteau
1262 365 64 46 de
1350 365 143 46 Sœur
1519 362 226 49 Béatrice
1764 381 9 30 :
1811 364 47 45 la
1882 361 297 61 pécheresse
2222 374 52 32 se
2297 361 123 59 jette
2455 358 29 48 à
2508 374 79 32 ses
2622 360 157 58 pieds,
2807 364 49 42 et
2890 361 48 46 la

369 439 139 48 Mère
532 441 63 46 de
620 440 320 48 miséricorde
964 442 211 46 l'absout
1200 446 48 42 et
1271 442 216 60 reprend
1511 456 52 32 sa
1586 442 141 59 place
1752 456 82 32 sur
1857 440 165 47 l'autel
2047 439 224 61 pendant
2295 453 99 45 que
2428 437 46 46 le
2499 441 214 43 couvent
2737 439 200 45 retentit

367 519 259 61 d'hymnes
651 520 242 46 d'actions
918 520 62 46 de
1003 519 187 61 grâces.

499 597 176 46 Inutile
700 596 307 61 d'épiloguer
1030 614 81 29 sur
1131 599 331 45 l'orientation
1487 599 203 58 d'esprit
1709 613 96 45 que
1829 597 284 60 représente
2137 596 46 46 le
2203 595 150 45 choix
2377 593 150 46 d'une
2550 593 116 46 telle
2688 595 249 45 anecdote

366 674 63 44 de
463 674 47 44 la
535 679 110 54 part
683 675 86 44 des
795 679 197 41 auteurs
1032 675 64 45 de
1893 676 50 43 la
2072 676 131 44 Belle
2379 676 238 43 Aventure
1624 679 50 41 et
1714 676 66 43 du
1805 676 337 58 compositeur
2178 674 62 45 de
2592 671 342 56 Visiblement,

366 750 58 45 ils
448 755 85 40 ont
557 751 149 46 voulu
729 751 122 46 faire
874 767 66 28 un
962 752 159 59 grand
1145 766 89 43 pas
1253 752 117 46 hors
1394 754 68 43 du
1484 754 183 43 sentier
1683 751 138 46 fleuri
1846 754 143 59 qu'ils
2014 752 241 46 suivaient
2269 751 42 46 si
2335 747 324 61 allègrement
2673 750 230 61 jusqu'ici
2923 767 11 28 :

366 832 155 42 est-ce
546 844 65 29 un
635 844 89 43 pas
748 844 62 30 en
834 834 146 40 avant
1004 845 65 30 ou
1093 844 61 31 en
1177 827 183 48 arrière
1382 831 66 44 ?...
1473 831 55 60 Je
1552 830 222 58 professe
1799 827 28 48 à
1850 830 188 59 l'égard
2062 832 64 45 de
2150 831 47 44 la
2222 827 282 48 hiérarchie
2530 827 89 46 des
2641 841 178 46 genres
2846 828 89 46 des

364 906 231 58 opinions
618 910 115 54 trop
757 906 307 46 subversives
1088 921 126 43 pour
1238 921 111 32 oser
1383 907 232 45 trancher
1638 911 130 42 cette
1793 910 227 57 question
2045 908 124 46 dans
2193 908 46 46 le
2264 922 113 32 sens
2403 906 64 46 de
2492 920 105 32 mes
2616 905 320 59 préférences

366 983 337 59 personnelles
721 983 8 45 !

496 1061 70 44 Le
603 1061 104 44 seul
743 1061 89 44 fait
871 1061 185 44 certain
1095 1065 75 42 est
1206 1076 97 46 que
1342 1062 253 59 Messager
1632 1066 73 41 est
1742 1079 66 29 un
1845 1063 245 47 délicieux
2128 1066 240 44 musicien
2396 1065 97 59 qui,
2522 1063 126 46 dans
2672 1066 162 42 toutes
2859 1063 71 46 les

363 1138 363 46 circonstances
752 1138 63 45 de
841 1138 45 45 la
909 1138 76 45 vie
1011 1142 48 41 et
1083 1138 123 45 dans
1230 1142 160 42 toutes
1415 1140 69 44 les
1509 1141 256 44 situations
1799 1140 65 47 où
1888 1141 46 46 le
1958 1142 197 59 placera
2189 1143 47 45 la
2271 1143 226 46 fantaisie
2523 1142 89 45 des
2647 1141 289 46 librettistes

363 1230 141 30 saura
522 1216 222 58 toujours
763 1230 123 32 nous
907 1217 127 45 ravir
1051 1231 89 44 par
1159 1231 89 31 son
1267 1220 113 55 tact,
1407 1232 89 31 son
1516 1217 132 60 goût,
1675 1218 47 45 la
1746 1218 277 59 perfection
2045 1221 62 44 de
2131 1236 53 29 sa
2208 1221 160 46 forme
2393 1225 48 42 et
2465 1221 47 46 la
2536 1223 136 42 nette
2697 1217 237 61 élégance

363 1293 62 45 de
449 1307 55 31 sa
527 1292 198 60 pensée.
754 1295 71 44 La
849 1295 234 58 partition
1109 1295 62 44 de
2039 1293 216 47 Béatrice
1432 1310 125 30 nous
1581 1295 44 45 le
1651 1310 187 43 prouve
1863 1311 95 31 une
1982 1297 96 46 fois
2103 1298 62 45 de
2191 1298 110 59 plus
2325 1314 121 30 avec
2470 1314 98 30 une
2603 1296 101 48 très
2728 1311 174 46 person-

362 1371 128 45 nelle
514 1369 287 63 éloquence.

493 1448 108 46 Elle
625 1448 124 46 offre
775 1449 88 46 des
888 1448 359 60 particularités
1271 1465 135 30 assez
1431 1451 248 45 curieuses
1703 1452 84 60 qui
1811 1451 353 48 intéresseront
2198 1455 247 45 vivement
2480 1458 111 42 tous
2616 1470 127 30 ceux
2767 1455 87 61 qui
2879 1469 53 30 se

359 1527 210 58 plaisent
593 1527 28 46 à
645 1528 267 60 prolonger
936 1543 87 44 par
1048 1543 96 31 une
1168 1528 187 46 lecture
1378 1531 249 57 attentive,
1653 1545 115 31 sous
1792 1529 47 46 la
1862 1529 165 59 lampe
2050 1532 142 55 amie,
2219 1531 163 47 l'écho
2406 1535 89 43 des
2518 1535 126 57 joies
2669 1533 267 46 musicales

359 1603 228 48 éveillées
611 1621 89 44 par
724 1607 301 46 l'orchestre.
1054 1608 70 45 La
1148 1607 334 60 personnalité
1506 1607 220 47 d'André
1751 1609 254 58 Messager
2038 1608 116 46 s'est
2188 1617 113 51 trop
2335 1611 435 45 victorieusement
2804 1611 107 45 affir-

361 1679 110 49 mée
504 1683 226 60 jusqu'ici
767 1698 126 44 pour
928 1684 149 60 qu'on
1114 1686 163 57 puisse
1313 1701 52 30 se
1401 1684 297 61 méprendre
1724 1702 82 29 sur
1830 1687 46 44 le
1900 1701 114 30 sens
2039 1687 64 44 de
2126 1686 350 48 l'observation
2502 1690 84 58 qui
2610 1703 61 31 va
2695 1690 162 44 suivre
2883 1692 49 42 et

361 1761 121 44 c'est
523 1763 244 59 pourquoi
808 1762 47 58 je
896 1761 210 47 n'hésite
1147 1777 89 45 pas
1275 1762 29 48 à
1341 1764 46 45 la
1422 1764 250 46 formuler.
1714 1766 71 43 En
1827 1764 292 59 s'imposant
2156 1766 46 44 la
2240 1764 145 47 tâche
2422 1767 265 46 d'aborder
2723 1768 124 45 dans
2873 1782 62 31 ce

410 1837 213 61 mystère
707 1855 65 28 un
799 1839 123 60 style
957 1839 111 60 plus
1103 1839 136 47 élevé
1265 1856 96 44 que
1396 1842 124 44 dans
1554 1857 78 31 ses
1666 1841 299 61 précédents
2000 1841 447 63 opéra-comiques,
2481 1846 254 58 Messager
2760 1861 27 29 a
2823 1848 108 42 tout

359 1916 379 45 naturellement
761 1916 213 47 resserré
997 1932 87 31 son
1112 1916 223 58 écriture,
1363 1923 48 42 et
1434 1935 28 29 a
1486 1918 162 47 révélé
1688 1936 67 28 un
1779 1918 112 47 côté
1916 1921 62 44 de
2004 1935 90 31 son
2119 1921 154 45 talent
2297 1936 96 46 que
2428 1922 46 46 le
2498 1923 169 57 public
2701 1923 203 45 connais-

358 1994 93 43 sait
474 2008 135 31 assez
635 1994 112 46 mal.
771 1994 217 47 Béatrice
1092 2001 48 42 et
1166 1997 119 46 c'est
1309 2013 89 31 son
1424 1998 107 59 plus
1556 1998 236 47 adorable
1817 1997 170 47 défaut
2085 2003 74 42 est
2178 1998 165 61 écrite,
2366 2016 213 44 presque
2597 2004 109 42 tout
2724 1998 204 62 entière,

359 2071 123 44 dans
507 2086 95 31 une
626 2072 178 59 langue
829 2073 325 61 harmonique
1178 2076 84 59 qui
1286 2091 28 29 a
1338 2077 46 44 la
1408 2074 206 57 densité,
1641 2077 45 44 le
1709 2078 140 59 grain
1873 2078 39 45 si
1938 2076 184 61 spécial
2147 2078 63 45 de
2234 2078 45 45 la
2315 2079 224 60 musique
2575 2081 63 44 de
2673 2079 255 46 chambre.

361 2148 64 44 Et
461 2152 128 42 cette
626 2151 225 59 musique
886 2151 64 44 de
985 2151 237 45 chambre
1263 2156 74 42 est
1371 2153 124 46 celle
1530 2154 84 60 qui
1638 2154 167 45 donne
1829 2152 29 48 à
1881 2154 47 46 la
2391 2171 66 29 un
2481 2156 196 58 parfum
2701 2154 202 61 impéris-

357 2225 148 46 sable.
536 2227 139 44 Lisez
698 2243 63 29 au
785 2229 150 57 piano
960 2228 44 46 le
1029 2231 214 57 premier
1266 2233 109 43 acte
1401 2231 63 45 de
1487 2231 217 45 Béatrice
1727 2247 14 31 :
1765 2232 123 46 dans
1912 2233 46 45 la
1982 2247 160 46 coupe
2179 2234 88 45 des
2302 2234 219 60 phrases,
2559 2236 124 45 dans
2718 2236 213 45 l'accent

358 2304 89 45 des
488 2303 246 62 périodes,
777 2307 123 44 dans
942 2307 70 45 les
1051 2307 235 45 formules
1332 2309 323 60 pianistiques
1700 2311 548 59 d'accompagnement,
2296 2313 123 45 dans
2465 2313 70 45 les
2582 2314 346 59 progressions

358 2380 349 61 harmoniques
733 2385 47 42 et
804 2383 70 44 les
898 2382 284 48 altérations
1206 2383 440 62 caractéristiques,
1671 2401 121 31 vous
1824 2392 311 42 retrouverez
2154 2388 353 60 l'atmosphère
2532 2391 40 44 si
2597 2389 216 60 spéciale
2840 2392 91 46 des

358 2459 154 45 lieder
536 2459 63 46 de
627 2459 172 47 Fauré.
828 2463 195 44 Encore
1049 2478 95 29 une
1168 2463 107 55 fois,
1302 2464 312 60 l'originalité
1638 2465 65 46 de
1737 2467 206 45 l'auteur
1978 2468 234 46 demeure
2246 2469 352 60 inattaquable,
2638 2471 123 44 mais
2798 2474 130 42 cette

358 2537 223 45 curieuse
606 2537 296 59 expérience
929 2554 28 31 a
979 2540 130 45 trahi
1133 2540 45 46 la
1203 2539 187 48 secrète
1415 2542 205 59 parenté
1643 2544 84 60 qui
1751 2545 203 46 unissait
1980 2545 132 45 deux
2140 2547 263 45 musiciens
2427 2547 123 45 dont
2574 2548 84 44 nul
2694 2562 62 30 ne
2780 2563 118 45 soup-

358 2615 199 57 çonnait
592 2615 70 46 les
696 2615 223 47 affinités.
959 2618 330 47 L'humoriste
1313 2622 89 44 des
1435 2622 222 58 Dragons
1690 2623 57 43 de
1782 2622 340 61 Vlmpératrice
2147 2628 47 42 et
2220 2624 89 46 des
2343 2625 164 45 Petites
2541 2624 166 46 Michu
2732 2627 196 45 cachait

355 2707 97 32 une
476 2692 109 47 âme
609 2693 266 47 fauréenne
899 2697 9 44 !
937 2695 93 46 Par
1054 2697 46 44 la
1124 2695 183 63 qualité
1331 2698 63 46 de
1418 2712 91 32 son
1533 2698 225 54 écriture,
1779 2714 89 45 par
1891 2700 47 45 la
1961 2702 197 58 rigueur
2180 2716 120 31 avec
2324 2702 209 59 laquelle
2559 2718 96 29 une
2680 2702 148 48 scène
2854 2708 74 42 est

355 2772 215 45 soumise
592 2772 227 61 jusqu'au
843 2773 121 46 bout
987 2770 28 49 à
1039 2774 45 45 la
1107 2774 200 61 logique
1332 2775 119 46 d'un
1476 2775 417 61 développement
1918 2779 217 57 musical,
2163 2793 89 45 par
2286 2779 44 45 le
2362 2779 124 60 style
2509 2779 419 48 volontairement

355 2848 186 45 rebelle
565 2863 95 29 aux
683 2852 323 44 conventions
1029 2850 278 61 théâtrales,
1332 2852 216 47 Béatrice
1571 2859 75 41 est
1669 2854 47 46 la
1738 2857 155 57 petite
1918 2871 133 30 sœur
2075 2855 62 46 de
2161 2854 238 61 Pénélope.
2434 2857 210 45 Comme
2668 2872 89 32 son
2782 2857 145 48 aînée

355 2925 94 47 elle
486 2940 182 45 pourra
705 2929 297 57 surprendre
1043 2930 260 46 l'auditeur
1338 2947 89 44 par
1464 2933 46 44 la
1547 2934 367 59 superposition
1951 2934 62 45 de
2048 2948 78 31 ses
2160 2933 123 46 fines
2318 2948 218 32 nuances
2573 2935 354 63 harmoniques

357 3003 317 47 neutralisées
698 3003 28 48 à
749 3005 287 46 l'orchestre
1060 3022 89 43 par
1173 3023 65 29 un
1263 3013 197 42 contact
1484 3013 113 56 trop
1620 3009 160 61 étroit,
1807 3012 122 45 mais
1965 3010 92 46 elle
2076 3010 338 46 l'enchantera
2450 3009 89 50 dès
2574 3013 120 61 qu'il
2728 3028 53 32 se
2817 3029 111 32 sera

358 3079 196 61 penché
578 3097 81 29 sur
683 3081 46 46 la
754 3084 248 57 partition.

489 3160 95 45 Les
608 3161 281 45 trouvailles
905 3163 339 58 d'expression
1269 3169 111 42 sont
1398 3167 370 47 innombrables
1792 3167 123 45 dans
1934 3182 83 30 ces
2041 3170 174 56 quatre
2236 3173 137 39 actes
2394 3186 9 28 :
2432 3168 71 46 les
2522 3169 405 60 interprétations

355 3238 72 44 les
451 3238 106 58 plus
584 3238 149 45 libres
757 3238 89 45 des
870 3239 410 48 chefs-d'œuvres
1304 3258 161 30 russes
1488 3258 65 32 ou
1577 3245 89 45 des
1700 3258 238 44 ouvrages
1972 3243 309 59 wagnériens
2315 3247 239 60 auxquels
2578 3248 209 47 l'auteur
2810 3249 117 47 s'est

355 3315 40 45 si
419 3313 410 61 généreusement
852 3314 206 57 dévoué,
1084 3316 169 47 créent
1276 3318 29 48 à
1330 3321 193 61 chaque
1547 3323 183 44 instant
1764 3323 87 44 des
1886 3321 286 46 ambiances
2207 3321 147 47 d'une
2390 3324 138 47 riche
2564 3327 203 45 couleur
2801 3328 126 46 dans

357 3396 129 42 cette
536 3394 225 60 musique
801 3394 328 48 d'humaniste
1181 3401 48 41 et
1261 3398 63 47 de
1356 3398 156 48 lettré.
1552 3401 79 45 On
1670 3404 109 42 sent
1813 3414 97 45 que
1937 3400 47 46 le
2027 3401 240 46 musicien
2302 3404 85 58 qui
2426 3418 29 30 a
2489 3403 123 48 écrit
2648 3421 84 31 ces
2766 3407 162 59 lignes

357 3473 274 57 comprend
656 3476 136 42 toute
816 3474 46 43 la
886 3474 238 60 musique.
1150 3474 134 47 C'est
1307 3493 66 28 un
1397 3481 73 42 art
1495 3476 424 61 supérieurement
1953 3478 290 58 intelligent.
2276 3480 132 46 C'est
2443 3481 111 47 l'art
2588 3483 65 47 de
2686 3484 240 48 l'homme

357 3549 84 59 qui
465 3564 28 29 a
517 3548 179 59 donné,
722 3549 46 47 le
794 3550 227 58 premier,
1046 3548 30 48 à
1112 3567 77 30 ses
1227 3556 400 59 contemporains
1651 3556 87 45 des
1763 3555 296 46 indications
2083 3554 279 49 définitives
2386 3574 83 31 sur
2492 3560 47 46 le
2563 3563 188 58 dosage
2775 3564 151 44 subtil

358 3625 88 46 des
486 3624 238 48 éléments
764 3625 300 63 mystérieux
1110 3630 84 60 qui
1234 3630 258 48 confèrent
1531 3648 63 30 au
1634 3631 182 60 philtre
1853 3633 270 45 orchestral
2161 3634 118 46 d'un
2323 3636 230 64 Debussy
2588 3654 92 31 son
2715 3641 212 59 pouvoir
