3030 4231
2707 3923 34 46 4

878 409 179 97 Le
1118 409 213 94 bal
1398 409 154 94 de
1618 404 498 117 l'Opéra

403 805 43 43 A
470 804 159 44 cohue
654 807 73 41 est
750 802 191 46 animée
965 801 158 52 plutôt
1147 819 94 34 que
1268 804 211 49 joyeuse.
1496 802 78 45 On
1597 816 72 37 va,
1697 815 63 32 on
1785 801 133 44 vient
1938 801 122 44 dans
2083 802 70 43 les
2177 802 224 51 couloirs,
2422 817 61 31 en
2508 804 145 49 quête
2676 820 65 30 on

965 853 369 11 xJLJJ
1661 853 7 3 '
2174 867 7 6 m
2394 853 7 5 •
2524 853 15 11 X

751 881 61 29 ne
836 868 91 43 sait
951 868 61 45 de
1038 868 128 59 quoi.
1194 868 76 45 On
1294 882 51 31 se
1369 867 193 46 croirait
1586 866 122 44 dans
1733 881 64 28 un
1820 866 158 57 grand
2002 866 231 57 magasin,
2260 881 64 29 un
2361 867 109 57 jour
2501 868 214 57 d'exposi-

752 932 114 51 tion,
887 932 70 44 les
981 931 212 59 étalages
1217 936 278 55 manquent.
1522 932 77 44 On
1617 931 223 45 voudrait
1860 944 166 45 passer
2045 931 122 43 dans
2185 931 45 44 la
2248 931 131 54 salle,
2406 933 119 43 mais
2543 932 200 47 l'entrée

752 995 62 43 de
849 995 393 57 l'amphithéâtre
1266 1002 73 39 est
1362 994 169 47 barrée
1556 995 62 45 de
1653 995 220 45 sombres
1898 998 218 53 sergents
2139 995 63 43 de
2225 994 115 46 ville
2376 997 83 57 qui
2492 998 252 44 renvoient

753 1058 45 41 la
836 1058 133 45 foule
1006 1074 61 28 au
1104 1058 438 59 rez-de-chaussée,
1585 1064 47 40 et
1666 1056 46 47 là
1752 1058 340 45 d'étincelants
2129 1058 179 58 gardes
2346 1058 329 58 républicains
2698 1060 46 44 la

753 1121 319 58 réexpédient
1096 1138 61 29 au
1181 1125 210 56 premier
1415 1122 154 59 étage.
1598 1125 75 44 De
1691 1136 174 46 guerre
1889 1122 138 59 lasse,
2049 1136 63 31 on
2136 1138 60 29 va
2219 1124 268 44 stationner
2510 1139 61 29 au
2588 1124 153 59 foyer,

755 1182 63 46 où
842 1186 88 43 des
954 1186 201 58 couples
1179 1192 223 55 essayent
1425 1188 62 45 de
1510 1201 181 46 vagues
1713 1188 199 56 Tangos
1934 1187 158 57 parmi
2115 1186 44 44 le
2185 1187 402 44 rassemblement
2611 1202 99 31 com-

755 1252 128 53 pact,
922 1251 228 44 heurtant
1188 1252 63 43 ici
1291 1268 64 28 un
1392 1253 90 45 dos
1518 1251 184 57 tourné,
1739 1252 109 58 plus
1881 1252 102 44 loin
2016 1266 96 29 une
2147 1251 130 44 table
2301 1252 169 53 servie,
2507 1251 237 61 renvoyés

756 1310 227 60 d'épaule
1024 1328 60 29 en
1125 1312 187 60 épaule.
1353 1313 197 48 Bientôt
1593 1317 58 43 ils
1684 1314 253 46 s'arrêtent
1993 1318 48 42 et
2087 1314 296 46 deviennent
2427 1318 316 54 spectateurs,

756 1390 193 31 comme
973 1380 105 41 tout
1100 1378 46 44 le
1171 1380 193 43 monde.
1391 1380 129 45 C'est
1543 1380 45 45 le
1612 1380 80 45 bal
1716 1380 62 45 de
1801 1376 212 61 l'Opéra.

887 1441 94 44 Les
1034 1442 222 45 hommes
1296 1446 111 42 sont
1447 1459 61 29 en
1560 1446 274 44 imposante
1871 1441 236 49 majorité,
2150 1446 49 42 et
2238 1446 130 42 cette
2407 1441 225 49 majorité
2671 1446 73 42 est

1629 1491 15 12 x
1792 1491 10 1 -
1950 1491 14 10 J
2101 1491 6 7 '
2489 1491 13 10 J

203 1502 35 42 d
256 1503 168 55 aspect
464 1503 273 42 tristement
764 1503 387 60 parlementaire,
1178 1520 81 29 car
1282 1521 210 45 presque
1515 1512 110 41 tous
1649 1512 195 54 portent
1877 1507 170 45 l'habit
2082 1507 120 53 noir,
2228 1521 119 31 avec
2381 1507 46 43 la
2455 1507 289 45 concession

201 1564 168 46 infime
404 1566 116 44 d'un
555 1567 154 44 nœud
743 1569 62 45 de
830 1569 180 45 rubans
1033 1567 28 47 à
1085 1569 46 45 la
1165 1569 322 47 boutonnière
1510 1586 64 30 ou
1598 1572 146 44 d'une
1768 1571 213 59 écharpe
2004 1586 96 30 aux
2122 1572 120 44 trois
2272 1576 167 56 quarts
2464 1569 279 47 dissimulée

202 1643 113 30 sous
339 1630 45 43 le
407 1629 133 58 gilet.
567 1630 362 60 Quelques-uns
951 1634 270 45 seulement
1245 1638 197 55 portent
1466 1637 86 44 des
1576 1637 226 44 dominos
1837 1637 83 58 qui
1943 1639 252 55 reportent
2218 1651 96 29 aux
2338 1635 159 45 beaux
2520 1637 135 57 jours
2677 1635 67 45 du

202 1691 217 47 Théâtre
455 1694 88 44 des
587 1695 126 53 Arts,
762 1700 47 41 et
855 1700 128 42 cette
1029 1696 256 46 évocation
1331 1698 276 47 elle-même
1641 1699 123 46 n'est
1810 1715 88 44 pas
1932 1715 110 30 sans
2077 1699 301 46 mélancolie.
2430 1699 38 44 Il
2502 1700 103 43 faut
2641 1703 103 40 tout

201 1771 183 31 avouer
409 1774 9 29 :
452 1759 115 58 cinq
612 1774 64 30 ou
722 1761 72 45 six
831 1761 169 57 jeunes
1040 1775 121 45 gens
1197 1776 53 30 se
1282 1762 219 45 donnent
1534 1762 103 45 l'air
1673 1762 152 46 d'être
1860 1778 201 43 persans
2094 1778 125 43 pour
2270 1762 205 46 exhiber
2510 1762 87 46 des
2632 1764 112 43 bras

202 1823 277 57 rougeauds
513 1827 49 41 et
596 1823 87 46 des
709 1840 187 46 nuques
920 1827 305 57 pustuleuses
1249 1827 82 59 qui
1355 1841 61 31 ne
1440 1830 188 42 tentent
1659 1827 99 45 l'un
1795 1828 48 44 ni
1876 1828 170 45 l'autre
2080 1842 129 45 sexe,
2248 1831 50 42 et
2333 1827 59 45 ils
2425 1831 111 41 sont
2559 1825 185 47 réduits

202 1884 28 47 à
254 1901 52 30 se
332 1887 214 57 prendre
569 1889 368 46 mutuellement
962 1905 87 43 par
1071 1891 47 43 la
1141 1891 144 44 main.

337 1950 94 45 Les
464 1950 219 61 femmes,
722 1968 87 43 par
844 1969 66 28 un
940 1954 218 45 heureux
1193 1957 176 54 retour,
1406 1958 111 41 sont
1551 1968 212 46 presque
1796 1958 160 41 toutes
1989 1955 170 58 jeunes
2192 1958 49 42 et
2274 1955 154 58 jolies.
2467 1954 158 46 Celles
2660 1955 83 59 qui

203 2013 296 58 prétendent
530 2019 284 55 appartenir
847 2033 63 29 au
937 2019 181 44 monde
1153 2021 85 41 ont
1269 2018 311 58 simplement
1607 2016 164 61 ajouté
1805 2016 28 47 à
1866 2020 103 43 leur
2003 2020 187 45 toilette
2224 2020 64 45 de
2322 2018 159 47 soirée
2515 2034 65 29 un
2611 2018 133 45 fichu

202 2077 147 59 jaune
391 2082 46 41 et
475 2094 165 44 rouge,
668 2096 83 30 car
788 2096 56 31 ce
882 2086 110 42 sont
1028 2080 59 56 là,
1114 2096 66 31 on
1218 2080 47 47 le
1302 2084 104 53 sait,
1440 2082 69 45 les
1534 2084 223 43 couleurs
1797 2082 63 45 de
1896 2082 45 45 la
1965 2084 217 44 redoute.
2221 2084 160 44 Celles
2406 2085 82 58 qui
2512 2085 232 43 viennent

203 2141 89 44 des
318 2140 213 47 théâtres
556 2148 200 54 portent
779 2146 71 44 les
875 2150 245 40 costumes
1145 2146 87 44 des
1256 2146 219 44 derniers
1509 2146 271 57 spectacles
1806 2162 9 28 :
1851 2146 44 44 le
2475 2147 46 45 le

207 2207 303 57 imaginaire.
556 2209 248 60 Quelques
856 2211 211 58 pierrots
1113 2213 48 41 et
1205 2211 271 57 pierrettes,
1519 2211 235 59 quelques
1800 2212 280 57 marquises,
2127 2226 67 28 un
2218 2226 63 30 ou
2305 2212 130 43 deux
2481 2211 260 59 arlequins.

205 2269 77 45 On
319 2268 206 48 s'écarte
559 2287 61 29 au
657 2287 206 44 passage
898 2273 146 46 d'une
1080 2272 199 47 énorme
1313 2272 207 59 bergère
1555 2274 82 59 qui
1672 2273 221 58 s'appuie
1927 2274 308 45 lourdement
2270 2289 81 30 sur
2375 2289 52 28 sa
2453 2274 217 46 houlette
2694 2279 49 41 et

202 2335 188 45 semble
414 2350 65 30 un
503 2336 283 59 aggloméré
810 2340 63 42 de
898 2339 201 44 biscuits
1123 2339 62 44 de
1211 2336 185 47 Sèvres.

336 2400 78 43 Un
440 2415 209 42 remous,
694 2402 87 45 des
805 2404 134 57 rires,
965 2404 88 43 des
1089 2404 94 43 cris
1223 2400 202 47 affectés
1452 2419 9 28 :
1500 2401 88 46 des
1612 2402 161 44 habits
1814 2402 131 44 noirs
1983 2402 315 58 poursuivent
2338 2402 129 45 deux
2500 2402 243 60 nymphes

203 2462 300 47 faussement
529 2463 242 60 éperdues
786 2482 9 39 ;
826 2481 56 31 ce
901 2470 111 40 sont
1030 2467 87 43 des
1142 2466 335 60 mannequins,
1495 2480 182 30 venues
1696 2480 122 43 pour
1842 2470 216 40 montrer
2082 2480 81 30 ces
2187 2466 145 44 robes
2351 2481 93 29 aux
2468 2466 274 46 interstices

203 2526 277 58 quadrillés.
511 2528 80 45 Un
616 2543 98 44 peu
739 2529 108 58 plus
871 2529 115 56 loin,
1012 2545 97 29 une
1133 2529 144 45 dame
1301 2543 61 30 au
1386 2529 110 45 bras
1522 2529 62 45 de
1611 2543 87 31 son
1717 2529 207 44 cavalier
1948 2532 73 41 est
2045 2527 279 47 harnachée
2350 2528 117 45 d'un
2491 2528 169 46 réseau
2679 2529 63 45 de

203 2588 207 48 lanières
443 2593 370 46 endiamantées
850 2595 84 59 qui
958 2594 222 57 souligne
1204 2593 62 46 de
1292 2593 117 44 haut
1433 2608 61 29 en
1519 2594 87 43 bas
1628 2597 159 40 toutes
1811 2593 69 46 les
1905 2593 252 46 mollesses
2181 2593 117 44 d'un
2322 2608 146 43 corps
2496 2594 170 57 replet,
2694 2598 48 41 et

206 2654 93 46 elle
336 2656 134 56 parle
496 2658 344 57 paisiblement
864 2659 62 44 de
965 2672 121 45 gens
1111 2659 63 43 de
1199 2658 362 44 connaissance.
1600 2656 254 60 Ajoutons,
1891 2672 125 42 pour
2051 2656 258 46 l'honneur
2341 2658 62 44 de
2441 2662 139 40 notre
2604 2673 134 44 pays,

206 2720 178 58 qu'elle
408 2721 133 57 parle
565 2736 149 31 russe.

337 2785 68 43 Le
431 2787 160 56 temps
616 2800 156 44 passe,
800 2790 47 40 et
871 2800 125 43 pour
1020 2800 61 29 ne
1106 2800 88 43 pas
1218 2785 151 57 partir
1392 2799 112 30 sans
1522 2785 133 43 avoir
1673 2799 62 29 vu
1758 2783 46 45 la
1821 2783 132 54 salle,
1974 2797 63 31 on
2061 2786 134 42 tente
2213 2799 66 28 un
2298 2783 146 46 effort
2463 2782 275 60 désespéré.

207 2847 141 46 Cette
372 2848 93 46 fois
504 2851 70 44 les
598 2853 223 56 sergents
845 2852 63 44 de
931 2851 112 44 ville
1068 2847 247 48 débordés
1354 2847 269 55 s'écartent,
1650 2863 65 28 un
1739 2847 86 46 flot
1843 2848 136 45 roule
2003 2863 80 28 sur
2107 2848 250 54 l'escalier,
2402 2848 70 46 les
2497 2853 244 41 costumes

206 2916 110 40 sont
339 2912 165 59 fripés,
546 2914 70 45 les
648 2916 161 44 chairs
835 2916 268 55 meurtries,
1129 2917 49 42 et
1203 2928 63 31 on
1292 2916 236 53 retrouve,
1555 2927 80 29 sur
1670 2913 45 43 le
1740 2912 235 58 plancher
2016 2910 277 60 improvisé,
2318 2913 46 44 la
2395 2912 162 45 même
2581 2913 160 46 cohue

207 2974 212 46 d'habits
443 2978 145 57 noirs,
615 2978 70 45 les
709 2976 187 47 mêmes
920 2979 241 56 dominos,
1188 2976 70 45 les
1282 2974 185 47 mêmes
1491 2976 334 59 mannequins,
1852 2974 46 46 la
1922 2974 158 46 même
2105 2973 207 61 bergère
2348 2976 286 58 impotente.
2672 2978 70 43 La

207 3037 201 47 lumière
446 3045 71 41 est
556 3043 163 57 faible,
746 3044 289 44 l'orchestre
1070 3058 80 29 sur
1188 3041 45 46 la
1268 3040 146 46 scène
1438 3041 198 45 domine
1673 3037 26 49 à
1738 3040 144 57 peine
1918 3040 46 44 le
2000 3040 219 44 tumulte.
2261 3041 95 45 Les
2392 3040 224 58 cortèges
2653 3041 89 45 des

207 3101 214 47 théâtres
463 3103 212 59 défilent,
701 3105 249 62 évoquant
974 3107 159 45 moins
1157 3106 64 44 de
1258 3102 170 47 succès
1452 3119 95 44 que
1571 3103 62 45 de
1658 3101 301 60 déceptions.
1989 3103 112 44 Puis
2129 3105 354 57 quatre-vingts
2506 3105 116 58 girls
2647 3119 94 45 que

206 3168 128 45 leurs
358 3183 267 46 perruques
649 3171 164 46 rosées
840 3172 209 45 rendent
1073 3171 110 58 plus
1207 3170 226 58 pareilles
1457 3182 178 32 encore
1668 3166 161 47 lèvent
1853 3182 61 31 en
1940 3168 215 45 cadence
2180 3168 88 45 des
2290 3168 191 59 jambes
2505 3183 207 44 superpo-

209 3232 171 44 sables.
410 3233 135 44 Dans
569 3233 69 44 les
662 3234 148 59 loges,
841 3237 86 43 des
951 3236 209 44 familles
1183 3234 261 57 regardent
1468 3237 47 40 et
1539 3246 61 30 ne
1626 3232 232 57 daignent
1881 3246 89 43 pas
1992 3230 273 59 applaudir.

339 3294 325 48 Décidément
700 3299 70 45 les
794 3300 211 45 couloirs
1028 3303 111 42 sont
1164 3299 109 58 plus
1312 3297 321 59 hospitaliers,
1669 3297 141 44 sinon
1834 3297 109 57 plus
1966 3297 117 57 gais.
2108 3294 143 47 Voilà
2290 3297 179 58 qu'une
2493 3295 250 60 pêcheuse

209 3360 62 43 de
295 3364 241 42 crevettes
577 3366 165 41 monte
766 3363 44 45 le
833 3364 158 58 grand
1015 3363 216 53 escalier,
1272 3361 229 46 conduite
1526 3375 88 43 par
1637 3375 65 28 un
1726 3363 191 41 correct
1955 3359 137 44 habit
2116 3360 119 44 noir.
2265 3360 109 44 Elle
2398 3364 192 42 montre
2614 3363 129 43 aussi

207 3425 118 44 haut
349 3425 148 59 qu'on
535 3430 117 53 peut
690 3427 71 45 les
784 3432 216 41 montrer
1025 3429 88 44 des
1150 3429 182 43 cuisses
1357 3426 62 46 de
1456 3425 269 54 sauterelle,
1752 3425 120 43 mais
1910 3424 141 44 saisie
2089 3437 89 45 par
2215 3425 45 44 le
2284 3429 204 40 courant
2525 3426 122 45 d'air
2677 3427 67 44 du

206 3488 251 59 vestibule,
484 3488 199 47 éternue
708 3505 110 32 sans
842 3491 301 60 précaution.
1170 3491 90 44 Sur
1283 3491 46 44 la
1353 3491 109 57 plus
1486 3491 146 43 haute
1660 3488 212 54 marche,
1899 3501 95 30 une
2028 3487 251 60 arlequine
2317 3487 238 60 apparaît,
2594 3490 118 44 aima-

209 3554 215 45 blement
461 3553 192 47 moulée
692 3571 89 43 par
804 3557 46 44 le
874 3561 220 42 costume
1129 3556 306 45 multicolore
1462 3571 9 42 ;
1512 3570 66 29 un
1612 3554 181 45 instant
1815 3549 225 62 appuyée
2080 3567 81 29 sur
2183 3567 54 31 sa
2276 3553 149 58 batte,
2450 3553 93 46 elle
2585 3552 158 61 paraît

207 3633 123 31 nous
353 3618 121 44 faire
516 3619 151 59 signe,
694 3623 47 42 et
765 3619 246 61 disparaît.
1040 3622 75 44 De
1153 3624 160 42 toutes
1353 3620 169 59 jeunes
1546 3618 134 54 filles,
1708 3618 87 44 des
1819 3617 190 44 enfants
2034 3631 224 45 presque,
2298 3618 327 46 m'entourent
2651 3634 9 40 ;
2686 3633 57 31 ce

207 3685 111 45 sont
355 3683 87 45 des
466 3681 159 49 élèves
649 3684 62 46 de
751 3685 47 45 la
821 3686 203 54 maison,
1049 3684 419 47 reconnaissables
1490 3681 29 49 à
1542 3683 46 45 la
1626 3681 244 46 fraicheur
1894 3680 62 46 de
1992 3680 102 46 leur
2131 3683 184 44 sourire
2356 3683 122 44 ainsi
2502 3680 113 63 qu'à
2637 3683 105 45 leur
