3030 4231
523 806 245 46 NANCY.
899 804 263 45 Comment
1195 816 30 45 y
1266 799 127 45 a-t-il
1434 814 66 43 pu
1539 801 240 43 vraiment
1813 815 31 45 y
1881 797 134 46 avoir
2056 807 95 32 une
2188 791 230 61 question
2456 791 66 43 du
2558 787 193 47 théâtre
2789 791 48 43 et
2875 788 67 45 du

393 870 371 49 Conservatoire
780 867 28 47 à
828 868 174 59 Nancy
1021 868 18 44 ?
1064 867 171 43 A-t-on
1260 879 67 43 pu
1350 866 175 42 mettre
1549 879 65 29 un
1637 863 104 46 seul
1764 865 181 43 instant
1970 876 61 31 en
2055 856 346 59 comparaison
2425 854 47 45 la
2495 854 168 45 valeur
2686 853 256 59 artistique

392 938 62 45 de
496 951 82 30 ces
612 934 131 45 deux
780 933 213 43 maisons
1015 932 17 43 ?
1074 929 132 46 C'est
1244 943 60 30 en
1345 931 188 42 sortant
1570 928 66 43 du
1675 929 58 44 10
1735 934 16 21 e
1790 929 202 45 concert
2032 938 96 47 que
2164 923 48 58 je
2250 934 80 31 me
2368 933 122 46 pose
2528 933 83 31 ces
2648 918 255 60 questions
2931 934 9 28 :

393 1002 51 44 M
448 1001 41 27 He
531 1002 323 54 Demougeot,
896 1011 94 30 une
1026 995 95 46 fois
1162 1007 194 44 encore,
1397 993 133 44 vient
1570 990 153 47 d'être
1769 989 293 50 ovationnée
2103 1001 193 33 comme
2342 985 34 45 il
2422 988 73 42 est
2541 983 291 59 impossible
2878 983 64 45 de

388 1065 286 57 l'imaginer.
722 1063 68 44 M.
839 1063 229 56 Ropartz,
1116 1074 62 31 en
1218 1060 270 56 regagnant
1533 1070 90 32 son
1667 1059 210 57 pupitre,
1925 1059 83 42 eut
2052 1069 52 31 sa
2155 1053 135 58 large
2337 1054 110 54 part
2504 1049 435 44 d'enthousiasme.

392 1130 68 46 M.
487 1126 229 47 Fernand
741 1125 201 58 Pollain,
969 1139 61 30 en
1054 1138 123 30 nous
1200 1122 178 45 faisant
1402 1119 251 47 connaître
1677 1136 65 30 un
1778 1122 214 45 lamento
2029 1117 122 47 écrit
2188 1115 356 61 spécialement
2582 1128 127 43 pour
2743 1114 66 43 lui
2851 1128 90 43 par

390 1209 89 30 son
515 1192 97 45 ami
647 1190 233 52 Gaubert,
905 1192 226 41 retrouva
1168 1201 90 31 son
1295 1182 170 48 succès
1502 1185 231 45 habituel.
1763 1187 179 43 Disons
1978 1197 180 32 encore
2196 1196 95 46 que
2329 1180 44 45 le
2400 1177 244 61 prochain
2668 1182 50 40 et
2742 1177 198 45 dernier

391 1261 199 43 concert
623 1256 263 46 terminera
921 1252 398 60 splendidement
1352 1251 46 43 la
1429 1249 176 59 saison,
1630 1265 120 31 avec
1773 1251 252 44 l'audition
2051 1244 185 50 entière
2260 1247 69 44 du
2353 1246 28 45 3
2384 1252 16 20 e
2424 1247 109 42 acte
2559 1243 63 45 de
2650 1242 217 53 Parsifal,
2894 1242 46 44 le

390 1321 101 47 rôle
517 1322 62 43 de
602 1319 311 46 Gurnemanz
936 1317 134 45 étant
1092 1321 117 40 tenu
1233 1329 89 45 par
1347 1313 214 46 Delmas.

519 1387 79 43 En
621 1382 166 59 vérité,
813 1385 250 42 comment
1086 1385 157 41 a-t-on
1269 1394 67 45 pu
1360 1393 178 44 penser
1561 1393 64 29 un
1650 1379 102 44 seul
1775 1379 179 44 instant
1977 1375 29 48 à
2041 1379 384 56 compromettre
2451 1388 82 30 ces
2561 1374 229 43 concerts
2814 1385 127 44 pour

391 1451 44 45 le
472 1450 103 45 seul
611 1451 237 54 avantage
885 1446 66 45 du
988 1444 203 58 théâtre,
1218 1445 84 58 qui
1338 1456 63 31 ne
1437 1446 117 54 peut
1591 1442 202 59 donner,
1818 1458 97 30 une
1951 1442 134 45 seule
2119 1441 96 45 fois
2253 1441 122 43 dans
2399 1442 137 41 toute
2561 1437 45 45 la
2635 1436 179 53 saison,
2841 1449 98 30 une

392 1514 361 47 manifestation
778 1511 315 58 comparable
1117 1509 28 47 à
1169 1525 65 28 un
1260 1507 102 46 seul
1387 1507 62 45 de
1474 1522 82 30 ces
1580 1509 256 44 concerts?

522 1578 80 45 Un
636 1591 114 31 vœu
785 1576 66 44 du
886 1575 184 45 conseil
1107 1572 268 58 municipal
1484 1572 167 44 disons
1675 1572 63 43 de
1761 1573 125 43 suite
1909 1571 115 59 qu'il
2048 1585 63 29 ne
2133 1583 54 31 se
2206 1567 230 47 réalisera
2457 1567 174 58 jamais
2737 1564 202 46 voulant

391 1657 173 32 sauver
587 1643 44 43 le
654 1639 190 47 théâtre
868 1641 83 59 qui
988 1655 52 30 se
1077 1642 158 42 meurt
1253 1634 28 49 à
1317 1637 188 58 Nancy,
1531 1636 244 45 demanda
1808 1637 46 44 le
1891 1637 330 57 changement
2259 1634 64 43 de
2362 1633 112 57 jour
2513 1636 50 40 et
2599 1630 206 45 d'heure
2847 1629 90 46 des

391 1709 237 45 concerts.
656 1705 78 45 On
771 1705 228 59 projetait
1036 1704 62 45 de
1135 1703 71 44 les
1243 1702 191 44 donner
1469 1716 62 30 en
1567 1702 229 50 semaine,
1821 1700 46 46 le
1904 1702 111 43 soir.
2043 1696 175 47 C'était
2254 1698 47 44 la
2338 1700 129 41 mort
2504 1696 62 45 de
2591 1695 311 45 l'institution
2926 1712 9 28 :

391 1773 277 59 quiconque
701 1768 198 47 connaît
935 1768 212 59 quelque
1171 1780 96 45 peu
1290 1765 70 46 les
1385 1764 292 58 Nancéiens,
1703 1765 104 45 leur
1829 1778 170 32 amour
2023 1764 63 44 de
2109 1763 46 45 la
2179 1763 207 55 routine,
2413 1761 62 45 de
2499 1760 131 46 leurs
2654 1760 281 53 habitudes,

390 1835 325 58 comprendra
738 1832 282 46 facilement
1042 1845 96 46 que
1162 1831 108 45 c'en
1294 1829 118 45 était
1434 1829 87 45 fait
1545 1830 64 44 de
1632 1829 44 45 la
1699 1830 127 44 belle
1850 1827 137 47 école
2011 1827 234 46 musicale
2269 1826 64 44 de
2370 1826 190 57 Nancy.
2588 1825 66 43 Et
2688 1827 108 41 tout
2832 1823 107 45 cela

390 1900 244 58 pourquoi
656 1900 17 43 ?
710 1898 132 44 Tout
876 1896 208 46 d'abord
1121 1910 123 43 pour
1279 1895 167 44 laisser
1484 1909 82 30 ces
1587 1892 202 60 jours-là
1813 1893 284 45 l'orchestre
2121 1890 28 47 à
2173 1892 45 43 la
2243 1890 294 58 disposition
2563 1890 67 43 du
2653 1886 207 56 théâtre,
2888 1891 49 42 et

390 1964 202 54 ensuite,
618 1959 98 47 très
739 1961 390 58 probablement,
1155 1959 124 45 dans
1300 1958 200 59 l'espoir
1523 1972 96 45 que
1642 1958 44 45 le
1709 1958 167 59 public
1900 1957 67 44 du
2001 1954 390 57 Conservatoire,
2418 1967 119 30 avec
2578 1968 65 28 un
2685 1953 252 44 ensemble

388 2027 191 59 parfait,
604 2027 195 58 n'ayant
833 2024 109 60 plus
976 2038 89 32 son
1101 2027 202 42 concert
1326 2024 67 43 du
1426 2022 262 45 dimanche
1710 2023 110 43 irait
1843 2020 237 47 chercher
2104 2019 88 45 des
2216 2017 403 59 compensations
2643 2030 61 31 au
2728 2014 208 48 théâtre.

392 2093 120 44 Cela
536 2091 78 44 n'a
639 2089 160 46 même
823 2104 87 43 pas
933 2090 173 45 besoin
1131 2086 154 47 d'être
1310 2085 202 47 discuté.

518 2155 82 46 S'il
623 2155 103 44 faut
749 2154 295 45 rechercher
1067 2154 45 44 la
1149 2166 144 31 cause
1318 2152 61 45 de
1413 2151 46 45 la
1493 2151 123 45 crise
1653 2151 66 45 du
1754 2149 190 47 théâtre
1984 2146 29 48 à
2053 2150 188 57 Nancy,
2268 2163 66 29 on
2371 2147 46 44 la
2456 2150 229 42 trouvera
2724 2146 209 45 ailleurs.

391 2221 352 44 Donnez-nous
777 2234 95 29 une
907 2218 165 45 bonne
1108 2221 188 53 troupe,
1333 2230 96 30 une
1453 2213 371 60 interprétation
1848 2215 147 57 digne
2019 2213 147 45 d'une
2189 2212 113 46 telle
2326 2212 127 59 ville,
2481 2215 49 40 et
2552 2211 49 58 je
2625 2211 100 44 suis
2749 2211 187 44 certain

387 2298 95 46 que
507 2283 44 45 le
576 2282 168 58 public
768 2297 61 31 ne
852 2296 108 30 sera
984 2296 88 44 pas
1096 2282 117 56 long
1237 2278 28 47 à
1288 2283 250 42 retrouver
1561 2279 45 45 le
1630 2279 195 45 chemin
1850 2278 67 45 du
1940 2276 204 47 théâtre.

514 2349 53 59 Je
592 2362 62 30 ne
678 2348 96 43 suis
802 2362 88 43 pas
926 2362 66 29 un
1028 2347 115 44 bien
1178 2347 144 43 vieux
1355 2343 251 47 nancéien.
1632 2343 87 61 J'ai
1755 2343 279 58 cependant
2064 2343 47 44 le
2145 2342 230 44 souvenir
2406 2340 64 45 de
2504 2339 240 60 quelques
2780 2339 153 46 belles

383 2410 196 60 soirées,
606 2411 83 60 qui
714 2415 85 41 ont
821 2411 87 45 fait
932 2411 114 45 date
1070 2411 121 44 dans
1216 2424 116 31 mon
1355 2410 165 56 esprit,
1545 2411 106 42 tout
1674 2422 193 30 comme
1891 2408 65 44 tel
1991 2422 64 29 ou
2088 2406 66 45 tel
2189 2409 202 42 concert
2417 2405 67 45 du
2519 2404 379 46 Conservatoire
2921 2420 10 30 :

383 2478 47 55 je
470 2476 109 56 cite,
606 2490 62 29 au
703 2475 191 55 hasard,
921 2489 95 30 une
1056 2472 389 60 représentation
1484 2472 68 45 du
2814 2472 128 44 Fortu
1859 2471 61 43 de
1963 2471 267 57 Messager,
2267 2484 120 30 avec
2427 2469 414 57 Breton-Caubet,
2870 2483 58 30 en

383 2541 159 44 forme
581 2540 221 58 parfaite,
829 2544 48 40 et
914 2540 236 58 l'exquise
1190 2540 49 43 M
1244 2538 44 27 lle
1314 2536 211 47 Pérérol.
1553 2535 173 47 C'était
1765 2551 61 29 au
1865 2538 162 55 temps
2064 2535 62 45 de
2166 2535 46 44 la
2249 2535 245 44 direction
2532 2533 158 45 Mirai.
2718 2533 148 45 Est-il
2892 2533 39 45 si

387 2603 198 46 difficile
609 2605 63 43 de
696 2607 250 41 retrouver
969 2603 62 45 de
1056 2602 225 58 pareilles
1305 2599 182 47 soirées
1510 2603 18 42 ?

514 2669 114 45 Non
651 2668 101 46 loin
776 2669 62 43 de
863 2682 135 42 nous,
1026 2671 47 40 et
1096 2682 112 30 sans
1230 2667 188 44 vouloir
1440 2669 170 41 vanter
1642 2678 96 31 une
1778 2663 241 44 direction
2055 2663 82 60 qui
2178 2677 28 30 a
2243 2667 158 42 certes
2442 2660 260 49 contribué
2737 2660 28 47 à
2801 2665 131 42 cette

385 2734 123 45 crise
542 2730 250 56 théâtrale,
819 2733 264 57 rappelons
1120 2747 96 44 que
1243 2732 65 44 M.
1337 2732 264 44 Chabance
1634 2744 28 29 a
1686 2725 165 48 monté
1874 2725 30 47 à
1929 2728 188 58 Nancy,
2144 2730 48 42 et
2215 2743 82 29 sur
2321 2728 45 44 le
2392 2728 196 58 plateau
2612 2728 318 44 incommode

385 2798 62 44 de
470 2796 45 45 la
540 2796 115 45 salle
683 2796 173 57 Poirel,
876 2796 46 43 la
945 2796 299 43 Damnation
1280 2796 56 43 de
1368 2795 146 44 Faust
1519 2831 7 17 ,
1553 2794 46 44 la
1623 2791 216 46 création
1863 2791 66 45 du
1959 2791 122 59 Pays
2085 2827 10 23 ,
2117 2795 48 41 et
2184 2790 132 46 enfin
2335 2791 71 45 les
2425 2789 502 59 Maîtres-Chanteurs,

383 2874 120 32 avec
529 2860 198 44 Delmas
752 2861 123 43 dans
909 2860 46 44 le
979 2857 102 49 rôle
1106 2860 62 44 de
1205 2860 138 43 Hans
1379 2859 168 44 Sachs.
1586 2857 208 45 Peut-on
1818 2859 176 41 mettre
2018 2870 61 30 en
2103 2855 207 45 balance
2334 2856 46 44 la
2634 2860 49 40 et

383 2926 83 58 qui
489 2923 162 46 furent
673 2926 70 43 les
767 2925 209 57 grandes
1001 2922 298 47 nouveautés
1324 2925 63 44 de
1411 2925 45 43 la
1481 2923 160 45 saison
1665 2921 207 45 actuelle
1890 2922 17 43 ?

513 2988 39 43 Il
575 3003 32 43 y
640 3002 28 31 a
702 2992 135 42 autre
872 2988 164 46 chose.
1064 2988 131 46 C'est
1234 2987 162 46 même
1435 2987 110 58 plus
1585 2986 147 59 qu'un
1769 3000 128 38 vœu,
1924 2983 495 60 malheureusement,
2447 2984 121 45 c'est
2605 2998 96 31 une
2742 2982 184 48 réalité.

383 3053 176 58 Nancy
594 3052 167 44 n'aura
801 3052 108 58 plus
950 3053 62 44 de
1048 3055 175 56 troupe
1261 3053 227 58 comique
1528 3050 96 45 l'an
1662 3048 252 58 prochain.
1947 3049 68 43 La
2050 3050 176 56 troupe
2260 3048 192 61 lyrique
2486 3064 31 45 y
2551 3049 377 57 gagnera-t-elle

381 3119 239 43 vraiment
642 3119 18 42 ?
688 3118 65 43 Et
776 3116 45 45 la
861 3118 240 44 direction
1139 3115 240 47 théâtrale
1417 3114 276 47 aura-t-elle
1731 3114 47 44 la
1816 3111 145 47 tâche
2000 3111 215 47 facilitée
2239 3114 63 44 de
2343 3118 131 42 cette
2511 3111 218 49 manière
2752 3115 16 43 ?
2796 3114 132 46 C'est

381 3180 308 58 improbable
714 3196 10 28 :
748 3180 46 44 la
818 3181 223 59 question
1067 3181 146 45 serait
1235 3184 112 54 trop
1371 3181 179 57 longue
1573 3177 30 47 à
1625 3179 214 43 discuter
1862 3177 77 43 ici.
1964 3177 55 59 Je
2044 3191 78 31 me
2160 3177 229 46 bornerai
2425 3176 28 47 à
2488 3179 230 58 rappeler
2753 3179 46 44 le
2840 3179 88 44 fait

381 3246 203 56 suivant,
611 3245 83 58 qui
731 3259 184 43 prouve
952 3259 96 45 que
1087 3245 47 44 la
1173 3243 226 47 comédie
1439 3259 29 30 a
1507 3257 163 32 connu
1703 3241 63 46 de
1789 3241 160 44 beaux
1972 3241 135 57 jours
2130 3238 28 49 à
2183 3242 190 60 Nancy.

510 3307 174 48 C'était
724 3309 33 44 il
792 3323 31 46 y
862 3323 28 30 a
928 3311 159 43 trente
1128 3325 100 42 ans,
1257 3311 66 44 M.
1349 3309 171 45 Albert
1545 3306 163 58 Carré,
1733 3295 309 69 aujourd'hui
2083 3307 398 46 administrateur
2517 3308 63 46 de
2615 3308 47 45 la
2686 3306 240 47 Comédie

383 3373 273 58 Française,
678 3370 117 47 était
814 3373 242 44 directeur
1075 3374 67 45 du
1158 3373 191 46 théâtre
1374 3373 62 46 de
1460 3374 188 57 Nancy.
1675 3372 68 44 Ce
1766 3370 74 45 fut
1863 3369 65 45 lui
1953 3372 83 58 qui
2058 3370 154 46 fonda
2236 3387 83 29 ces
2343 3377 227 40 concerts
2594 3373 84 60 qui
2702 3373 224 44 donnent

378 3436 311 59 aujourd'hui
715 3439 103 42 tant
853 3436 62 45 de
951 3450 170 32 renom
1145 3435 28 47 à
1197 3441 140 41 notre
1361 3438 126 54 ville,
1505 3439 48 42 et
1576 3435 84 60 qui
1683 3431 29 49 à
1733 3434 106 46 leur
1863 3431 166 60 début,
2055 3433 144 47 firent
2222 3436 159 58 partie
2406 3438 63 43 de
2494 3436 431 46 l'administration

378 3499 253 47 théâtrale.
651 3501 130 45 Tout
799 3500 221 58 d'abord,
1041 3501 57 43 ils
1117 3500 338 60 périclitaient.
1477 3500 189 46 Sait-on
1684 3513 57 31 ce
1760 3499 83 59 qui
1860 3497 70 46 les
1949 3513 160 44 sauva,
2136 3514 61 30 en
2222 3500 212 61 quelque
2459 3505 132 42 sorte
2610 3502 19 44 ?
2655 3501 70 45 La
2749 3505 176 55 troupe

378 3566 62 44 de
481 3563 240 61 comédie,
761 3580 82 30 car
884 3566 67 44 M.
990 3553 171 57 Albert
1201 3565 150 47 Carré
1389 3568 89 56 put
1517 3577 214 46 opposer
1769 3577 95 31 aux
1902 3563 211 59 maigres
2154 3568 211 42 recettes
2403 3567 90 45 des
2530 3566 289 46 dimanches
2860 3566 66 46 de

377 3633 213 54 concert,
616 3629 71 45 les
722 3628 285 59 splendides
1041 3629 236 46 matinées
1312 3629 87 46 des
1435 3632 161 42 autres
1619 3627 300 54 dimanches,
1945 3624 65 47 où
2032 3627 101 46 l'on
2156 3628 207 46 donnait
2387 3631 63 44 de
2474 3631 47 44 la
2545 3631 240 58 comédie,
2812 3629 33 45 il
2869 3629 56 46 fit

373 3693 153 46 valoir
548 3693 127 46 aussi
701 3707 95 45 que
1270 3693 61 44 les
1439 3692 381 60 représentations
2245 3695 57 44 de
2403 3690 199 49 comédie
2847 3690 95 47 étaie
