3482 4366
1663 149 105 48 396

167 292 62 47 als
253 291 264 65 eigentliche
541 290 253 57 Quartette.
827 290 252 63 Uebrigens
1103 288 237 49 verdienen
1366 288 69 49 die
1465 305 171 48 genann-

162 375 75 40 ten
268 367 159 50 beiden
453 367 410 64 Nebengattungen
894 367 75 47 des
994 367 262 57 Quartettes
1288 366 277 65 keineswegs
1594 366 70 48 die

162 445 226 63 gänzliche
414 442 451 65 Vernachlässigung,
896 443 70 47 die
992 443 90 47 sich
1114 442 70 48 die
1212 459 168 31 neuere
1401 443 95 47 Zeit
1518 459 146 48 gegen

159 522 64 47 sie
243 539 52 30 zu
318 518 225 51 Schulden
566 520 210 48 kommen
800 521 119 56 lässt,
947 520 149 49 indem
1126 520 42 47 in
1190 520 187 48 Soireen
1408 520 78 48 der
1512 521 127 47 künst-

160 597 185 48 lerische
371 596 195 65 Vortrag
588 597 120 48 eines
733 596 236 48 brillanten
992 596 263 58 Quartettes
1284 612 83 32 von
1390 596 150 65 Spohr
1562 596 102 48 dem

164 673 257 49 Violinisten
453 672 90 48 und
572 673 119 49 eines
720 690 82 32 von
834 673 49 49 B.
907 673 234 62 Romberg
1170 672 102 50 dem
1306 673 358 47 Violoncellisten

159 749 280 50 lebhafteren
479 749 89 49 und
611 751 350 63 aufrichtigeren
1005 749 154 49 Beifall
1208 748 198 50 schaffen
1458 749 207 56 würden,

159 829 61 46 als
249 827 244 48 Bach'sche
526 828 156 65 Fugen
723 827 111 48 oder
861 827 341 65 Paganini'sche
1246 827 90 48 und
1366 827 299 48 Servais'sche

160 904 318 47 Kunststücke.

275 982 90 46 Das
399 979 170 49 Wesen
600 981 89 47 und
720 979 72 49 die
823 979 206 64 Vorzüge
1060 979 80 47 der
1170 979 333 57 Quartettform
1532 981 110 47 schil-

157 1057 97 48 dert
285 1057 54 48 0.
369 1057 118 48 Jahn
530 1056 206 64 (Mozart,
765 1056 93 57 IV.,
887 1056 44 48 S.
964 1056 87 63 79)
1100 1056 107 48 kurz
1251 1056 89 48 und
1383 1057 192 48 treffend
1620 1058 43 47 in

159 1133 235 65 folgenden
423 1134 174 47 Zeilen:
639 1134 120 56 „Das
788 1133 396 57 Saiten-Quartett
1223 1133 77 48 bot
1339 1134 75 47 für
1443 1134 70 49 die
1545 1137 88 46 Aus-

158 1210 185 65 bildung
385 1210 80 49 der
506 1209 488 57 Instrumentalmusik,
1043 1210 173 47 sowohl
1260 1227 93 33 was
1395 1212 86 48 den
1524 1212 138 48 freien

157 1288 238 48 Ausdruck
441 1288 79 48 der
548 1289 258 64 Stimmung
849 1288 63 47 als
958 1287 70 48 die
1068 1287 113 49 feine
1221 1289 321 65 Entwicklung
1584 1289 80 48 der

155 1364 285 48 technischen
472 1365 264 64 Gestaltung
767 1364 201 64 anlangt,
997 1363 70 49 die
1098 1365 279 64 günstigsten
1402 1365 230 65 Bedingun-

155 1458 103 48 gen,
303 1458 45 31 es
385 1440 90 66 gab
517 1442 79 48 der
628 1443 263 63 Bewegung
926 1442 112 47 nach
1070 1442 114 48 allen
1213 1443 151 48 Seiten
1406 1443 74 48 hin
1524 1443 138 48 freien

153 1519 254 66 Spielraum
453 1519 88 48 und
583 1527 136 40 setzte
757 1520 69 47 ihr
863 1519 200 64 zugleich
1104 1519 42 47 in
1176 1519 82 50 der
1286 1522 147 47 Natur
1463 1522 169 64 begrün-

153 1597 100 48 dete
279 1597 105 48 feste
404 1597 278 48 Schranken.
712 1597 133 48 Jedes
868 1595 79 50 der
971 1597 90 47 vier
1081 1597 302 49 Instrumente
1404 1598 91 65 gab
1519 1599 143 47 durch

154 1674 114 56 Ton,
299 1673 194 66 Umfang
534 1674 89 48 und
652 1674 258 65 Spielweise
940 1673 81 49 der
1060 1673 302 51 melodischen
1392 1675 271 65 Gestaltung

153 1750 70 48 die
253 1753 173 61 grösste
456 1751 223 55 Freiheit;
724 1767 76 31 vor
837 1750 102 48 dem
972 1749 176 49 Ciavier
1183 1753 246 63 gewähren
1470 1753 62 47 sie
1575 1751 87 50 den

152 1828 463 48 ausserordentlichen
646 1828 198 64 Vorzug,
888 1828 100 48 dass
1030 1828 63 48 sie
1136 1828 85 49 den
1251 1830 98 48 Ton
1388 1830 152 48 halten
1570 1829 92 49 und

152 1913 174 56 tragen,
355 1906 235 63 eigentlich
619 1906 336 64 gesangmässig
980 1913 241 58 vortragen
1245 1906 196 58 können,
1471 1908 119 48 ohne
1617 1908 43 47 in

154 1983 241 47 Rücksicht
425 1984 78 47 auf
527 1984 158 47 rasche
717 1983 350 64 Beweglichkeit
1101 1983 261 49 demselben
1400 1985 234 48 nachzuste-

153 2060 104 56 hen,
287 2077 130 30 wenn
447 2060 91 48 sich
571 2060 119 48 diese
719 2061 144 64 gleich
894 2061 286 47 verschieden
1221 2066 184 45 äussert.
1461 2063 48 48 In
1538 2064 124 47 ihrer

153 2136 298 65 Verbindung
480 2138 195 47 erfüllen
705 2139 62 46 sie
795 2145 106 40 stets
931 2139 70 44 die
1033 2138 336 49 Erfordernisse
1399 2140 123 47 einer
1554 2140 84 47 voll-

149 2214 231 63 ständigen
414 2215 249 47 Harmonie
694 2214 90 48 und
816 2214 277 48 übertreffen
1124 2214 143 49 durch
1298 2220 207 61 grössere
1531 2218 128 47 Fülle

153 2291 87 48 und
273 2291 196 48 Freiheit
510 2292 114 47 noch
668 2291 84 48 den
785 2291 197 65 Vorzug,
1025 2292 202 49 welchen
1270 2295 79 47 das
1381 2294 174 48 Ciavier
1597 2295 62 48 als

149 2369 217 49 einzelnes
395 2370 276 48 Instrument
700 2371 43 47 in
773 2369 144 49 dieser
949 2370 257 65 Beziehung
1237 2371 91 50 hat.
1383 2373 93 48 Das
1507 2373 120 58 Quar-

149 2455 79 39 tett
276 2447 52 47 ist
378 2447 91 47 also
516 2447 174 49 sowohl
741 2447 76 49 für
858 2446 71 50 die
972 2447 289 66 homophone
1298 2451 63 46 als
1405 2450 254 66 polyphone

148 2524 261 48 Schreibart
437 2524 101 48 dem
571 2524 174 49 Ciavier
773 2524 141 48 durch
938 2527 205 63 grössere
1170 2527 197 47 Freiheit
1395 2527 81 47 der
1499 2527 128 49 Bewe-

148 2619 141 47 gung,
314 2604 168 47 welche
503 2602 192 49 zahllose
723 2604 230 47 Vortheile
976 2604 40 47 in
1041 2604 90 48 sich
1154 2605 217 55 schliesst,
1401 2605 89 48 und
1514 2605 142 48 durch

149 2679 380 49 vollkommenere
559 2679 288 66 Tonbildung
879 2679 262 66 überlegen.
1183 2682 123 49 Dazu
1339 2682 173 49 kommt
1542 2684 114 47 noch

149 2757 77 47 der
249 2774 153 47 grosse
428 2759 197 63 Vorzug,
656 2757 100 49 dass
785 2759 121 48 nicht
935 2760 132 47 allein
1095 2759 192 62 Violine,
1320 2761 215 48 Bratsche
1566 2761 90 48 und

153 2834 244 49 Violoncell
427 2835 100 48 dem
560 2836 254 48 Charakter
841 2836 78 48 des
948 2837 148 47 Tones
1134 2837 114 50 nach
1288 2839 255 48 wesentlich
1574 2855 84 32 von

148 2911 214 48 einander
392 2912 285 50 verschieden
705 2914 116 55 sind,
855 2914 196 48 sondern
1082 2915 115 48 auch
1227 2915 71 49 die
1326 2917 229 49 einzelnen
1587 2917 46 47 In-

148 2997 247 41 strumente
436 2990 42 47 in
508 2990 84 48 den
624 2991 347 48 verschiedenen
1002 2992 235 66 Tonlagen
1281 2994 96 48 ihre
1419 2994 213 49 charakte-

149 3066 199 48 ristische
390 3067 303 65 Tonfärbung
737 3068 165 58 haben,
953 3068 217 51 wodurch
1215 3071 114 48 eben
1371 3072 172 49 sowohl
1588 3071 71 48 die

148 3143 303 50 Deutlichkeit
480 3145 232 49 erheblich
742 3146 253 65 gefördert,
1025 3147 64 48 als
1118 3147 71 50 die
1221 3148 236 67 Fähigkeit
1486 3150 76 48 des
1593 3150 44 48 in-

148 3221 263 49 dividuellen
456 3223 289 50 Ausdruckes
788 3225 406 50 ausserordentlich
1239 3228 243 65 gesteigert
1531 3227 127 50 wird.

148 3298 97 49 Alle
270 3298 118 50 diese
412 3301 343 49 verschiedenen
783 3302 311 65 Klangfarben
1123 3305 262 48 erscheinen
1409 3305 112 49 aber
1542 3305 116 49 doch

146 3394 86 30 nur
272 3378 62 47 als
371 3380 219 48 Nuancen
633 3381 120 47 eines
798 3381 43 47 in
884 3381 82 47 der
1007 3382 148 47 Natur
1195 3382 80 48 der
1305 3383 326 49 Saiten-Instru-

149 3462 147 41 mente
327 3455 312 66 begründeten
671 3457 292 59 Charakters,
997 3458 91 50 und
1129 3477 49 32 so
1216 3461 152 65 zeigen
1408 3477 82 33 uns
1518 3462 140 48 schon

146 3529 72 50 die
247 3533 275 49 materiellen
555 3535 413 64 Klang-Elemente
1015 3536 76 48 des
1122 3537 265 59 Quartettes
1435 3540 98 48 eine
1576 3538 83 49 fest

146 3609 310 64 geschlossene
491 3612 193 57 Einheit,
714 3613 236 49 innerhalb
981 3615 138 48 deren
1150 3616 84 48 den
1265 3616 229 48 einzelnen
1524 3617 106 48 Kräf-

145 3693 73 41 ten
251 3687 130 48 freier
403 3688 251 65 Spielraum
689 3689 307 50 individueller
1020 3693 264 65 Bewegung
1314 3695 207 64 gegeben

263 3766 224 64 Weniger
525 3767 178 48 können
746 3768 82 47 wir
858 3768 69 48 die
967 3770 181 49 hierauf
1181 3771 70 49 bei
1281 3772 119 48 Jahn
1430 3772 228 66 folgende,

148 3856 127 34 wenn
305 3844 112 47 auch
451 3861 85 32 nur
566 3844 246 50 theilweise
840 3847 319 67 Zustimmung
1187 3866 52 32 zu
1269 3850 102 48 dem
1402 3850 64 49 oft
1495 3867 134 50 ausge-

146 3921 279 62 sprochenen
456 3922 270 66 Vergleiche
756 3923 76 48 des
864 3924 236 58 Quartetts
1145 3928 77 47 mit
1260 3928 369 50 einer.Unterhal-

148 4003 127 57 tung,
320 3999 167 49 welche
519 4001 87 47 vier
638 4002 267 63 geistreiche
934 4003 227 50 Personen
1194 4006 79 48 mit
1301 4006 217 49 einander
1550 4007 79 48 füh-

149 4088 94 41 ren,
275 4076 197 64 billigen,
513 4077 148 49 indem
694 4079 79 49 der
806 4079 236 66 Vergleich
1075 4097 56 33 an
1162 4082 99 49 dem
1292 4084 229 56 scheitert,
1564 4101 91 33 was

1761 288 119 47 Jahn
1910 287 64 47 als
2003 287 287 65 Bedingung,
2319 288 75 49 ihn
2425 288 192 49 treffend
2646 307 51 30 zu
2727 290 169 56 finden,
2920 290 219 49 aufstellt:
3170 306 103 33 man

1762 367 148 43 müsse
1949 365 190 47 nämlich
2180 363 132 49 dabei
2352 366 110 55 „fest
2500 366 167 56 halten,
2709 366 101 48 dass
2852 366 69 48 die
2965 367 156 47 innere
3164 366 112 65 (also

1761 440 331 64 schweigende)
2142 442 188 64 geistige
2375 443 299 47 Theilnahme
2722 443 91 47 und
2855 443 300 64 Mitwirkung
3196 443 81 49 der

1761 517 260 58 Einzelnen,
2070 518 171 49 welche
2285 520 59 48 im
2396 520 256 64 Gespräche
2698 537 122 32 zwar
2867 521 123 47 nicht
3038 521 239 57 nachlässt,

1763 595 109 48 aber
1900 611 87 29 nur
2015 595 316 49 abwechselnd
2371 597 94 47 laut
2496 597 129 56 wird,
2667 597 98 48 hier
2808 598 64 47 als
2915 598 70 47 ein
3017 597 232 50 Continuir-

1762 672 134 47 liches
1926 672 58 46 im
2016 673 126 46 Tone
2170 673 264 65 verkörpert
2464 673 182 49 werden
2896 675 135 48 Diese
3060 675 190 49 Abstrac-

1763 748 92 47 tion
1877 763 83 32 von
1984 748 81 48 der
2092 749 320 49 Wirklichkeit
2441 751 110 63 geht
2578 749 112 49 aber
2721 751 113 48 über
2864 751 79 47 das
2972 751 304 49 menschliche

1764 824 277 66 Vermögen,
2072 826 90 48 und
2191 842 46 32 es
2267 827 107 65 liegt
2394 827 49 66 ja
2472 827 114 49 eben
2610 828 59 47 im
2698 829 171 49 Wesen
2893 827 77 49 des
2995 829 283 58 Quartettes,

1763 901 100 49 dass
1891 902 92 48 sich
2016 902 68 48 die
2120 903 188 65 geistige
2337 904 301 49 Theilnahme
2670 906 126 48 Aller
2835 906 262 63 zugleich
3146 909 96 45 äus-

1761 988 128 40 sert.
1947 982 92 47 Das
2079 982 649 62 Zugleichlautwerden
2770 983 233 48 ähnlicher
3047 983 89 48 und
3180 1000 74 31 ver-

1761 1056 282 58 schiedener,
2072 1073 134 49 sogar
2234 1066 449 57 entgegengesetzter
2705 1059 319 64 Stimmungen
3056 1061 152 47 macht
3230 1059 50 65 ja

1761 1133 169 65 gerade
1965 1133 107 66 jene
2101 1136 465 63 Eigenthümlichkeit
2594 1136 81 48 der
2703 1136 147 48 Musik
2895 1152 96 39 aus,
3036 1137 170 48 welche
3234 1137 46 48 in

1761 1212 80 47 der
1871 1212 290 48 Vocalmusik
2190 1212 71 48 die
2293 1213 357 48 Charakteristik
2680 1213 81 48 der
2788 1214 230 49 einzelnen
3047 1214 234 49 Personen

1761 1289 42 48 in
1836 1289 435 48 Ensemblestücken
2318 1290 90 49 und
2450 1290 85 49 den
2567 1292 140 57 Chor,
2749 1292 43 47 in
2824 1290 81 49 der
2933 1292 322 48 Instrumental-

1763 1365 142 50 musik
1938 1365 70 49 die
2041 1367 276 66 Polyphonie
2355 1367 90 48 und
2477 1368 85 48 den
2595 1368 319 66 Contrapunkt
2952 1369 197 64 möglich
3187 1368 93 49 und

1761 1444 115 47 eben
1908 1443 202 48 dadurch
2134 1444 136 65 jeden
2302 1444 240 65 Vergleich
2575 1447 80 47 mit
2683 1445 160 65 irgend
2873 1447 125 48 einer
3028 1447 137 48 Form
3198 1445 83 49 der

1761 1520 251 51 Recitation
2044 1520 112 49 oder
2186 1520 323 51 Conversation
2542 1523 260 65 unmöglich
2832 1524 167 47 macht.

1875 1597 192 49 Endlich
2097 1598 53 47 ist
2178 1599 125 47 einer
2331 1598 81 49 der
2441 1603 206 62 grössten
2672 1600 211 65 Vorzüge
2911 1599 78 50 des
3013 1600 267 59 Quartettes

1761 1674 96 57 der,
1900 1677 101 48 dass
2044 1692 46 33 es
2128 1675 72 50 die
2229 1677 262 66 Apotheose
2520 1678 81 48 der
2645 1679 171 56 reinen,
2859 1678 240 49 absoluten
3128 1678 152 48 Musik

1762 1753 89 47 und
1883 1753 71 48 die
1983 1754 279 64 energische,
2303 1754 321 51 tbatsächliche
2653 1757 303 48 Protestation
2995 1773 146 48 gegen
3173 1755 107 66 jede

1762 1830 85 48 Art
1875 1847 82 31 von
1990 1833 449 63 Programm-Musik
2467 1834 64 47 ist.
2591 1833 156 49 Hierin
2791 1834 118 48 steht
2951 1851 45 30 es
3041 1833 113 49 über
3198 1833 80 49 der

1761 1908 260 49 Ouvertüre
2050 1909 89 48 und
2171 1909 81 48 der
2280 1910 217 57 Sinfonie,
2525 1928 85 32 von
2639 1910 146 50 denen
2816 1911 71 49 die
2916 1919 186 52 erstere,
3147 1927 133 31 wenn

1758 1985 62 48 sie
1851 1986 80 47 der
1961 1986 129 64 Oper
2119 1988 291 63 vorausgeht,
2446 1988 72 47 ihr
2557 1989 273 63 Programm
2871 1989 41 47 in
2956 1988 101 48 dem
3103 1989 177 48 Drama

1759 2063 93 56 hat,
1895 2063 70 47 die
2007 2064 182 47 letztere
2231 2065 270 62 wenigstens
2543 2066 129 46 einen
2728 2065 286 48 bestimmten
3059 2065 219 65 geistigen

1763 2140 217 47 Vorwurf
2020 2140 40 47 in
2102 2141 150 64 Bezug
2284 2141 80 47 auf
2398 2141 87 49 den
2528 2143 298 63 allgemeinen
2860 2141 257 50 Charakter
3158 2143 120 47 ihres

1758 2218 197 48 Inhaltes
1987 2218 148 48 haben
2168 2219 134 47 kann.
2358 2220 105 47 Nun
2493 2220 55 47 ist
2576 2235 46 32 es
2650 2237 122 30 zwar
2801 2220 128 47 keine
2962 2221 166 65 Frage,
3173 2219 104 48 dass

1758 2294 79 49 das
1866 2295 217 58 Quartett
2111 2296 114 47 auch
2258 2296 122 47 nicht
2417 2298 42 47 in
2491 2299 146 47 einem
2670 2296 176 50 blossen
2877 2298 118 64 Spiel
3037 2299 79 46 mit
3155 2298 97 47 sinn-

1758 2373 145 48 lichen
1935 2374 251 48 Melodieen
2225 2375 193 52 besteht,
2462 2375 196 48 sondern
2689 2374 102 48 dass
2832 2392 63 38 es,
2938 2375 122 47 nicht
3088 2392 86 31 nur
3206 2374 71 48 bei

1761 2451 273 55 Beethoven,
2063 2453 194 48 sondern
2289 2453 115 48 auch
2431 2453 69 48 bei
2526 2453 164 66 Haydn
2722 2453 90 48 und
2838 2454 174 47 Mozart
3036 2453 127 66 jedes
3186 2453 91 48 Mal

1757 2544 80 33 aus
1866 2530 123 47 einer
2018 2530 286 48 bestimmten
2327 2530 413 65 Seelenstimmung
2770 2531 407 64 hervorgegangen
3207 2531 71 55 ist,

1757 2606 84 48 wie
1870 2606 118 47 denn
2027 2606 262 67 überhaupt
2331 2607 101 49 kein
2472 2607 179 49 wahres
2683 2607 293 59 Kunstwerk,
3017 2607 119 49 ohne
3175 2606 103 50 dass

1759 2685 134 47 Form
1927 2684 90 48 und
2040 2685 147 47 Inhalt
2209 2685 91 48 sich
2326 2685 355 65 durchdringen,
2712 2686 232 48 entstehen
2971 2685 143 57 kann;
3145 2685 132 48 allein

1757 2762 91 49 dies
1877 2764 55 47 ist
1960 2764 114 47 noch
2104 2764 132 64 lange
2266 2765 122 47 nicht
2417 2764 469 64 Programm-Musik,
2916 2764 89 48 und
3031 2764 106 64 jene
3166 2764 83 48 See-

1756 2841 339 65 lenstimmung,
2139 2842 170 47 welche
2351 2841 79 48 das
2468 2842 151 49 Ganze
2662 2842 215 49 während
2920 2841 78 48 des
3041 2841 237 48 Schaffens

1757 2917 275 50 überschaut
2063 2919 89 48 und
2182 2919 247 64 gleichsam
2472 2919 109 57 „auf
2605 2920 163 47 einmal
2971 2917 104 66 (wie
3103 2919 175 48 Mozart

1756 2996 41 48 in
1829 2995 102 49 dem
1964 2996 258 50 bekannten
2255 2997 146 49 Briefe
2429 3006 101 56 sagt
2565 2997 113 49 oder
2719 3014 103 32 man
2864 2997 75 49 ihn
2979 3014 138 48 sagen
3159 2997 121 55 lässt,

1757 3090 93 32 was
1880 3074 185 49 diesmal
2096 3093 56 30 an
2184 3076 80 47 der
2297 3076 246 48 Wahrheit
2580 3075 81 48 der
2697 3076 182 48 Sache
2911 3075 144 48 nichts
3084 3072 197 65 ändert),

1757 3154 52 45 ist
1838 3152 292 49 himmelweit
2163 3154 343 48 unterschieden
2548 3170 81 31 von
2672 3154 80 48 der
2782 3152 256 56 Reflexion,
3080 3152 70 50 die
3186 3152 92 49 sich

1756 3245 55 33 an
1843 3231 67 46 ein
1945 3230 277 48 bestimmtes
2252 3231 166 65 Object
2460 3248 155 31 ausser
2645 3230 80 48 der
2755 3231 146 47 Musik
2942 3230 90 48 hält
3073 3230 91 48 und
3194 3245 86 32 von

1756 3307 166 50 diesem
1955 3325 80 32 aus
2063 3317 90 40 erst
2182 3310 70 47 die
2284 3310 308 47 musicalische
2625 3310 327 63 Begeisterung
2994 3308 286 49 construiren

1758 3386 100 48 will.
1917 3387 71 47 Da
2020 3386 165 65 jedoch
2228 3387 69 47 bei
2338 3386 102 48 dem
2474 3386 243 58 Quartette
2746 3386 116 49 nach
2892 3386 80 48 der
3001 3385 277 64 Erfindung,

1757 3465 91 47 also
1879 3463 101 49 dem
2015 3465 158 57 Genie,
2203 3465 71 47 die
2300 3466 154 56 Form,
2485 3465 78 48 das
2595 3466 135 47 heisst
2759 3465 71 48 die
2859 3465 299 48 thematische
3188 3462 92 50 und

1755 3542 427 65 contrapunktische
2223 3543 298 65 Behandlung
2565 3542 78 50 der
2674 3542 280 50 erfundenen
2986 3542 182 57 Motive,
3210 3542 71 48 die

1758 3620 292 66 Hauptsache
2079 3621 70 57 ist,
2192 3621 87 47 und
2322 3621 197 63 folglich,
2563 3637 74 31 um
2669 3620 146 49 dieser
2844 3637 51 31 zu
2926 3623 232 61 genügen,
3201 3618 80 50 das

1757 3700 308 48 musicalische
2098 3698 181 50 Wissen
2326 3700 90 47 und
2459 3698 80 49 das
2576 3698 164 49 Talent
2780 3698 82 49 der
2900 3697 162 50 Arbeit
3103 3697 178 66 (dessen

1759 3776 206 48 Existenz
1997 3776 147 48 neben
2171 3776 99 48 dem
2297 3777 189 47 Talente
2510 3776 81 48 der
2614 3775 258 66 Erfindung
2904 3791 102 33 man
3032 3776 80 48 mit
3139 3776 144 48 Recht

1756 3855 256 48 annehmen
2053 3853 137 65 kann)
2234 3856 41 47 in
2322 3855 301 64 Verbindung
2667 3856 80 47 mit
2788 3855 81 48 der
2912 3855 263 63 Erfahrung
3220 3855 60 47 im

1759 3931 291 49 Handwerke
2081 3932 96 48 hier
2200 3932 315 48 unerlässliche
2547 3932 329 65 Bedingungen
2897 3949 78 31 zur
3008 3932 277 64 Erzeugung

1756 4010 119 48 eines
1907 4011 327 48 Kunstwerkes
2264 4011 114 57 sind,
2421 4029 47 30 so
2510 4012 151 47 macht
2690 4011 80 48 der
2801 4011 114 49 Adel
2947 4010 146 49 dieser
3122 4010 138 48 aristo-

1759 4086 254 51 kratischen
2046 4090 202 62 Gattung
2297 4088 90 49 und
2427 4088 79 49 das
2545 4088 120 49 hohe
2704 4088 231 56 Ansehen,
2980 4088 43 49 in
3062 4086 220 49 welchem
