2717 4059
578 190 59 46 22

577 369 296 60 antithesis
914 369 61 57 of
1016 368 148 67 love,
1209 367 61 58 of
1309 366 123 58 that
1474 364 202 75 higher
1713 363 148 58 love.
1905 360 138 59 And
2086 364 55 54 in
2183 360 232 74 despair

577 448 72 56 he
729 444 240 76 prayed,
1045 444 197 75 loudly
1320 442 112 57 and
1512 438 419 76 disagreeably,
2013 437 400 72 complaining,

581 523 253 74 defying,
895 522 288 73 hemming
1244 518 112 58 and
1398 518 226 72 hawing
1681 515 136 59 with
1878 515 88 56 his
2025 515 388 71 temptations,

577 602 88 56 his
707 621 198 35 moans
969 599 247 73 echoing
1278 597 171 57 down
1508 595 99 56 the
1649 593 308 67 corridors,
2019 590 114 57 and
2174 590 242 73 buzzing

576 675 134 60 with
753 675 99 58 the
881 686 176 48 storm
1092 678 56 55 in
1188 674 98 57 the
1317 694 125 36 ears
1473 670 59 59 of
1562 672 86 57 his
1679 669 288 67 Brothers,
2010 667 130 58 who
2170 665 245 59 listened

576 757 56 53 in
692 752 99 58 the
853 753 277 57 darkness
1192 749 112 58 and
1364 747 362 59 understood
1800 745 124 57 that
1983 743 256 73 Angelik
2300 764 115 36 was

577 829 331 75 struggling
948 829 88 57 for
1078 828 87 57 his
1207 825 178 59 Faith.

581 998 104 57 Let
729 1018 90 36 me
861 994 139 59 hold
1041 998 55 53 in
1136 1017 93 51 my
1271 1014 143 36 arms
1458 990 309 59 Salvation.

577 1074 106 57 Let
723 1096 89 34 me
854 1073 71 56 lie
967 1073 266 56 between
1273 1070 99 58 the
1414 1070 224 56 breasts
1680 1067 61 57 of
1780 1065 99 59 the
1921 1064 151 57 True
2114 1063 243 58 Church.

577 1150 105 58 Let
723 1172 89 34 me
854 1148 183 72 speak
1079 1147 113 57 and
1234 1149 55 55 in
1329 1155 127 47 turn
1499 1145 74 56 be
1614 1141 226 75 spoken
1882 1150 157 47 unto.

579 1227 104 57 Let
723 1225 100 57 the
867 1224 154 75 belly
1061 1223 243 58 tremble
1366 1232 57 47 at
1483 1220 98 59 the
1623 1219 170 58 touch
1856 1218 60 58 of
1978 1239 93 51 my
2131 1215 153 57 hand
2341 1237 75 35 on

2014 1294 119 72 [the
2175 1293 160 57 door.

577 1379 261 58 Dilectus
881 1401 157 34 meus
1083 1378 150 68 mihi,
1277 1385 56 49 et
1378 1395 111 53 ego
1532 1371 101 59 illi!

580 1454 135 60 One
758 1464 139 48 unto
941 1454 99 57 the
1082 1453 185 67 other,
1310 1451 113 58 and
1464 1449 124 58 that
1630 1449 168 57 other
1839 1456 139 49 unto
2020 1445 98 57 the
2160 1445 141 57 first.

577 1533 239 73 Moving
859 1553 212 52 among
1132 1529 98 60 the
1287 1528 158 69 lilies,
1501 1525 166 60 while
1719 1525 99 57 the
1873 1524 112 75 day
2039 1524 214 67 dawns,
2307 1520 111 58 and

1715 1600 122 74 [the
1880 1599 272 58 shadows
2193 1597 146 59 lean.

579 1685 127 75 Thy
748 1684 151 73 dugs
942 1705 98 36 are
1080 1681 179 59 richer
1300 1681 136 57 than
1478 1683 162 53 wine.

692 1853 94 57 He
848 1850 250 60 crawled
1159 1860 61 47 to
1286 1849 99 57 the
1454 1856 189 49 statue
1704 1845 61 58 of
1842 1844 101 58 the
2002 1843 220 72 Virgin,
2306 1841 112 57 and

579 1929 249 58 touched
857 1928 98 58 the
998 1926 120 60 stiff
1145 1925 216 58 marble
1403 1924 151 58 folds
1585 1924 59 57 of
1672 1923 102 57 her
1803 1929 307 66 garments.
2154 1917 265 59 Another

579 2009 166 56 voice
784 2028 138 36 near
962 2005 113 57 him
1120 2003 179 74 piped
1347 2025 76 51 up
1475 2004 54 54 in
1572 2023 221 52 prayer.
1856 1997 164 58 Then
2075 1996 85 57 his
2206 1996 212 73 fingers

580 2083 95 57 fell
718 2105 176 51 away,
939 2081 113 57 and
1094 2080 73 57 he
1209 2102 116 35 was
1367 2077 291 58 ashamed.
1705 2075 94 70 „0
1841 2074 254 75 gloriosa
2122 2075 294 71 virginum,

579 2160 310 56 benedicat
929 2169 59 47 te
1031 2157 160 58 Deus
1234 2166 57 47 et
1333 2164 258 48 sanctum
1633 2161 258 49 ventrem
2190 2192 13 14 .
2236 2193 10 11 .
2279 2192 14 14 .
2324 2149 92 55 He

584 2236 258 59 sneaked
884 2235 147 57 back
1071 2244 61 48 to
1176 2234 86 57 his
1305 2231 125 59 cell.

696 2404 204 68 „Lord,
946 2425 92 53 my
1082 2401 153 69 God,
1295 2400 133 74 help
1470 2422 107 44 me,
1630 2398 87 58 for
1757 2398 17 55 I
1817 2419 89 34 am
1948 2395 181 58 weak.
2173 2394 58 57 A
2273 2395 141 71 sign,

577 2481 78 57 oh
698 2478 178 59 Lord!
922 2478 175 59 Show
1139 2500 90 35 me
1257 2478 124 57 that
1422 2476 16 56 I
1469 2498 88 34 am
1587 2484 102 47 not
1985 2471 162 57 Then
2178 2469 241 58 Brother

577 2559 254 72 Angelik
872 2558 241 57 became
1157 2552 279 77 peaceful.
1479 2554 93 56 He
1614 2574 115 34 was
1760 2551 362 70 contracting
2150 2549 265 56 business

577 2634 134 57 with
754 2634 86 57 his
882 2632 172 59 Lord.
1113 2630 292 74 „Tonight
1456 2631 42 56 it
1553 2631 46 54 is
1657 2629 295 70 storming.
2015 2624 105 58 Let
2161 2626 41 55 it
2244 2632 174 49 storm

577 2723 326 56 tomorrow,
962 2710 113 57 and
1130 2709 16 56 I
1190 2707 142 60 shall
1393 2709 211 56 remain
1646 2704 135 57 with
1825 2726 92 51 my
1958 2701 288 57 Brothers.
2311 2700 108 54 But

577 2790 40 56 if
657 2787 163 59 there
863 2790 46 55 is
950 2809 123 46 sun,
1117 2786 17 57 I
1177 2784 142 58 shall
1360 2785 169 56 know
1582 2781 124 57 that
1775 2780 151 57 Thou
1968 2779 131 57 hast
2151 2776 268 58 forsaken

765 2864 167 67 Now,
995 2885 62 34 as
1098 2865 42 54 it
1183 2861 115 57 had
1338 2861 151 56 been
1530 2861 223 56 written
1814 2856 205 57 before
2081 2853 99 58 the
2241 2851 179 60 world

576 2963 117 35 was
735 2940 328 58 assembled
1103 2947 102 50 out
1245 2937 61 59 of
1348 2936 214 66 Chaos,
1611 2933 101 59 the
1752 2955 106 36 sun
1900 2932 181 57 shone
2123 2928 297 74 unusually

577 3017 199 74 bright
815 3016 100 58 the
958 3016 295 72 following
1294 3016 279 70 morning,
1634 3010 114 58 and
1790 3010 239 72 looking
2086 3029 195 35 across
2320 3005 100 57 the

580 3095 141 68 hills,
765 3093 246 58 Brother
1049 3092 259 74 Angelik
1347 3113 116 35 saw
1503 3090 125 57 that
1658 3087 339 74 everything
2038 3107 117 36 was
2185 3106 61 36 as
2277 3082 142 58 calm

581 3171 113 58 and
735 3193 142 51 pure
920 3193 64 35 as
1026 3193 31 34 a
1099 3172 214 54 mirror.

1473 3349 55 58 II.

694 3509 43 58 It
767 3530 118 36 was
915 3507 186 68 dawn,
1146 3504 277 75 although
1452 3504 100 57 the
1593 3524 103 35 sun
1726 3500 115 57 had
1869 3509 102 48 not
2010 3509 97 64 yet
2137 3500 150 54 risen
2317 3539 12 13 .
2362 3539 14 14 .
2408 3538 12 14 .

578 3585 101 58 full
720 3585 130 74 day,
894 3584 238 58 without
1173 3581 98 58 the
1313 3603 120 47 sun,
1493 3601 62 37 as
1609 3576 223 75 though
1894 3575 99 58 the
2035 3573 179 59 world
2270 3592 151 37 were
