2717 4059
692 462 287 61 REBELS
1028 464 172 61 AND
1241 464 635 61 REACTIONARIES

449 586 104 59 rub
596 586 300 59 shoulders
936 586 244 76 amiably
1221 589 114 58 and
1376 591 53 56 in
1475 586 221 76 perfect
1741 589 275 73 harmony
2056 591 56 56 in

367 696 15 11 m

788 802 172 60 THE
1017 803 356 61 DOUBLE
1430 805 349 59 DEALER

864 927 311 59 Published
1204 939 56 49 at
1289 929 143 59 New
1461 927 246 61 Orleans

366 1143 175 58 which
586 1144 181 72 prints
808 1143 161 73 good
997 1145 224 72 writing
1261 1144 77 75 by
1365 1154 345 66 youngsters
1740 1167 65 35 or
1847 1144 353 76 greybeards

366 1250 325 77 regardless
733 1250 61 60 of
836 1250 209 70 school,
1105 1252 296 70 influence,
1463 1275 66 35 or
1570 1253 286 57 tradition.
1919 1253 42 58 It
2004 1253 197 58 shares

367 1383 151 35 none
572 1360 59 58 of
685 1358 98 59 the
838 1360 323 73 prejudices
1203 1360 60 58 of
1302 1361 99 58 the
1453 1360 152 75 right
1646 1364 153 72 wing
1853 1384 65 35 or
1959 1361 99 58 the
2098 1361 103 60 left

367 1471 151 72 wing
570 1470 56 55 in
677 1477 438 66 contemporary
1170 1468 303 69 literature,
1528 1468 105 58 but
1686 1468 307 69 „deceives
2045 1469 155 58 them

367 1577 144 57 both
579 1576 78 75 by
718 1576 279 73 speaking
1056 1576 96 57 the
1478 1577 44 57 It
1583 1579 179 72 prints
1830 1576 371 75 exhilarating

367 1686 248 56 creative
659 1682 113 59 and
826 1684 212 57 critical
1081 1684 251 58 material
1386 1684 77 76 by
1505 1684 132 58 such
1692 1687 218 55 writers
1952 1706 64 36 as
2056 1685 144 57 Hart

369 1791 207 68 Crane,
607 1790 190 75 Djuna
826 1791 230 69 Barnes,
1099 1790 170 60 Louis
1299 1791 273 69 Gilmore,
1607 1790 132 60 Carl
1767 1791 128 59 Van
1922 1790 279 71 Vechten,

366 1898 264 59 Edmund
671 1897 240 71 Wilson,
964 1898 95 74 Jr.,
1115 1898 215 59 Arthur
1385 1898 262 76 Symons,
1703 1898 153 59 Lord
1905 1898 294 75 Dunsany,

366 2007 270 58 Lafcadio
701 2007 212 69 Hearn,
977 2006 256 60 Maxwell
1288 2007 373 69 Bodenheim,
1715 2006 136 59 Paul
1906 2005 293 76 Eldridge,

831 2114 110 58 and
984 2114 116 57 half
1142 2138 32 34 a
1216 2114 260 58 hundred
1519 2114 215 58 others.

363 2654 178 60 YOU
584 2653 221 61 HAVE
855 2653 274 59 HEARD
1174 2653 104 59 OF
1321 2653 154 59 THE
1525 2653 322 61 DOUBLE
1889 2653 310 59 DEALER

856 2777 151 75 Why
1049 2787 99 48 not
1190 2800 99 35 see
1330 2777 151 58 what
1523 2780 41 55 it
1605 2776 100 59 is?

363 2994 199 76 Single
624 3018 166 52 copy,
854 2997 72 56 25
990 3004 177 50 cents.
1230 2993 205 60 Year's
1495 2994 404 75 subscription,
1970 2992 36 62 $
2067 2995 132 58 2.50

573 3117 229 60 TRIAL
845 3117 279 60 OFFER:
1169 3116 166 61 FIVE
1377 3116 362 72 MONTHS,
1779 3116 36 62 $
1859 3120 129 56 1.00

362 3333 295 59 Address:
701 3335 393 57 204Baronne
1117 3343 193 61 street,
1341 3333 144 59 New
1510 3333 264 73 Orleans,
1799 3335 115 67 La.,
1947 3335 70 59 U.
2040 3333 58 60 S.
2122 3333 75 59 A.
