2717 4059
542 235 59 46 10

536 420 92 57 He
677 416 337 60 descended
1056 416 331 75 thirty-nine
1429 414 179 58 floors
1651 416 56 55 in
1772 412 100 59 the
1918 412 272 74 whizzing
2190 435 6 10 1
2247 411 141 59 little

536 496 117 57 box
694 494 223 58 himself
958 496 54 55 in
1056 517 71 34 an
1169 491 235 75 upward
1444 501 310 64 transport.
1800 490 91 57 He
1936 511 150 53 gave
2129 489 100 57 the
2272 489 85 58 ele-

541 583 167 47 vator
737 571 119 75 boy
885 594 32 33 a
946 574 174 71 cigar.
1151 567 211 60 Kissed
1391 567 113 58 him
1534 589 77 36 on
1646 567 142 59 both
1819 567 193 74 ebony
2042 565 229 58 cheeks.

539 647 101 60 On
699 647 100 59 the
861 647 296 74 following
1218 646 113 74 day
1391 644 74 57 he
1527 644 167 57 made
1739 642 288 59 animated
2069 641 215 74 signals
2327 641 61 58 of

536 729 238 71 passion
835 735 61 47 to
959 725 88 56 his
1108 726 317 53 inamorata
1485 720 61 58 of
1608 720 98 57 the
1768 719 271 58 Bankers'
2089 719 300 57 Insurance

537 802 282 74 Building.
863 801 158 58 Thus
1063 801 136 57 with
1241 800 100 56 the
1387 797 154 74 right
1594 796 155 58 hand
1805 799 399 69 commencing
2244 796 145 56 from

537 880 101 58 the
678 880 166 57 heart
885 877 261 60 outward
1186 887 63 47 to
1291 875 100 58 the
1434 873 152 75 right
1627 896 62 36 as
1733 873 82 58 far
1857 873 145 58 from
2044 872 99 57 the
2197 871 160 58 shoul-

539 957 105 56 der
685 978 62 35 as
789 959 42 54 it
871 955 195 58 would
1109 975 96 51 go.
1250 952 198 57 Kisses
1508 973 151 35 were
1719 950 213 57 wafted
1992 948 221 59 toward
2275 947 113 57 him

541 1033 115 58 and
697 1032 73 57 he
814 1054 115 35 was
972 1030 184 73 urged
1199 1028 132 75 only
1371 1037 105 49 too
1519 1027 211 75 plainly
1763 1039 62 45 to
1882 1025 268 73 volplane
2194 1046 194 36 across

539 1111 99 57 the
681 1108 147 59 brief
869 1108 188 58 chasm
1100 1107 60 57 of
1200 1129 173 37 seven
1416 1105 263 57 hundred
1734 1103 118 57 feet
1910 1103 178 57 which
2152 1101 236 58 divided

539 1187 156 57 them
739 1185 115 58 and
897 1185 171 73 perch
1110 1183 309 59 thereafter
1461 1190 57 48 at
1559 1181 99 57 the
1699 1180 182 73 lady's
1922 1180 261 57 window.

539 1261 100 61 On
680 1262 99 57 the
821 1261 294 73 following
1158 1261 111 72 day
1310 1260 72 55 he
1424 1257 320 58 conceived
1785 1257 97 57 the
1926 1256 133 57 idea
2111 1254 61 59 of
2237 1254 119 58 clim-

541 1341 142 71 bing
725 1347 99 50 out
868 1361 76 34 on
986 1338 100 57 the
1148 1337 184 57 broad
1392 1334 175 74 ledge
1628 1334 60 59 of
1740 1334 99 58 the
1901 1334 248 56 window
2191 1342 57 46 at
2290 1332 97 56 the

539 1416 363 75 thirty-ninth
944 1414 150 59 floor
1134 1413 113 57 and
1289 1412 225 74 hurling
1556 1435 180 51 paper
1778 1432 296 52 messages
2116 1407 272 75 carefully

539 1492 202 60 folded
783 1515 66 34 so
893 1515 62 35 as
997 1502 62 47 to
1101 1491 130 57 dart
1271 1488 323 74 accurately
1636 1488 250 74 through
1929 1488 99 57 the
2070 1488 80 56 air
2191 1494 61 49 to
2287 1484 102 57 her

539 1568 263 59 window.
846 1567 118 58 She
1007 1567 272 58 followed
1320 1566 87 57 his
1470 1574 355 49 movements
1867 1563 216 75 fondly.
2145 1561 112 57 But
2318 1561 70 58 all

539 1648 62 57 of
642 1647 157 57 them
842 1646 215 57 missed
1098 1644 101 57 her
1238 1642 300 76 precisely.
1595 1641 136 59 One
1774 1663 162 37 came
1978 1663 66 35 so
2087 1662 136 34 near
2263 1638 125 57 that

543 1723 104 58 she
689 1722 168 57 made
902 1746 33 33 a
984 1721 112 58 low
1153 1721 132 57 dive
1343 1719 87 57 for
1472 1722 42 54 it
1556 1719 230 73 leaning
1828 1727 101 47 out
1971 1738 66 36 so
2079 1714 309 75 perilously

537 1799 125 59 that
704 1801 103 55 she
847 1798 137 58 with
1028 1807 165 63 great
1254 1795 283 75 difficulty
1598 1794 319 75 prevented
1975 1792 210 58 herself
2244 1792 143 57 from

539 1875 270 75 toppling
838 1875 191 58 below
1057 1884 62 47 to
1164 1898 31 33 a
1223 1873 193 58 horrid
1445 1873 357 57 destruction
1846 1870 113 58 and
1988 1892 117 36 was
2135 1869 216 73 comple-

536 1953 118 75 tely
695 1952 392 58 unsuccessful
1152 1954 53 55 in
1268 1953 203 71 saving
1533 1949 103 57 her
1696 1948 233 74 profuse
1992 1945 215 77 golden
2267 1947 121 54 hair

540 2032 146 57 from
725 2030 286 73 tumbling
1053 2029 173 57 down
1269 2028 70 57 all
1382 2027 182 58 about
1625 2027 101 57 her
1786 2048 142 36 even
1980 2034 64 48 to
2097 2024 98 57 the
2237 2022 148 58 floor

543 2108 207 57 below.

540 2185 57 58 In
626 2185 85 58 his
743 2184 405 57 mortification
1178 2180 104 59 Mr.
1312 2180 226 59 Parrish
1567 2179 232 58 howled
1824 2179 52 67 „I
1906 2176 215 61 LOVE

541 2260 127 60 Still
710 2260 102 59 she
856 2260 99 57 did
997 2269 102 47 not
1141 2258 156 57 hear.
1340 2258 108 57 But
1510 2279 163 36 some
1735 2277 354 52 scapegrace
2150 2277 77 35 on
2287 2254 101 58 the

539 2339 150 58 floor
728 2338 154 73 right
922 2338 188 57 above
1165 2335 114 57 him
1322 2335 102 57 did
1465 2334 115 57 and
1633 2343 129 48 sent
1802 2357 33 33 a
1877 2333 225 57 shower
2144 2333 61 57 of
2246 2331 113 59 tele-

544 2415 453 75 graph-ribbons
1034 2414 170 57 down
1246 2413 179 57 about
1467 2411 86 58 his
1584 2433 141 36 ears.
1769 2409 164 76 They
1961 2419 151 48 went
2141 2409 248 72 dancing

543 2493 114 57 and
697 2494 354 72 pirouetting
1113 2493 54 54 in
1228 2489 101 58 the
1390 2489 196 75 bright
1647 2486 253 75 sunlight
1961 2486 268 57 between
2290 2484 98 58 the

543 2579 115 48 two
699 2570 280 71 towering
1020 2566 291 74 buildings
1353 2566 87 58 for
1481 2588 166 52 many
1701 2566 263 55 minutes.
2011 2563 104 58 Mr.
2160 2561 225 59 Parrish

541 2646 297 59 withdrew
882 2644 308 58 chastened
1232 2644 114 57 and
1387 2643 302 58 thwarted.

543 2725 95 57 He
706 2733 171 63 spent
943 2721 312 57 thereafter
1321 2719 188 58 whole
1578 2719 335 58 afternoons
1967 2720 56 53 in
2065 2740 33 35 a
2139 2716 250 57 fruitless

543 2810 170 65 quest
755 2799 177 58 which
976 2797 73 58 he
1091 2796 116 59 had
1249 2796 357 57 undertaken
1647 2795 145 58 after
1847 2797 327 69 measuring
2233 2814 124 36 care-

541 2878 140 74 fully
722 2876 100 59 the
864 2875 259 76 possible
1165 2875 250 57 location
1457 2874 61 58 of
1557 2874 102 56 the
1699 2871 183 76 lady's
1924 2871 164 59 floor.
2134 2871 94 56 He
2270 2870 114 57 had

543 2955 240 58 entered
826 2975 175 51 every
1042 2951 174 57 office
1256 2949 179 59 which
1477 2949 168 58 faced
1687 2950 86 57 his
1814 2947 245 59 window
2101 2947 141 58 from
2286 2946 98 59 the

540 3029 444 77 thirty-seventh
1028 3039 62 47 to
1132 3029 99 57 the
1283 3026 305 76 forty-first
1641 3026 151 59 floor
1846 3025 60 58 of
1962 3025 98 57 the
2116 3024 272 58 Bankers'

540 3109 301 58 Insurance
899 3105 282 75 Building.
1245 3105 94 57 He
1400 3104 115 57 had
1575 3102 240 59 assured
1876 3101 225 58 himself
2139 3101 136 57 with
2318 3123 71 34 an

541 3186 207 59 absent
790 3189 80 54 air
911 3186 123 56 that
1068 3184 104 57 she
1212 3205 118 34 was
1371 3191 100 48 not
1510 3185 56 53 in
1607 3181 99 58 the
1748 3203 161 36 room
1938 3180 167 57 while
2127 3178 264 74 begging

539 3264 228 73 pardon
810 3262 91 57 for
943 3261 86 57 his
1073 3283 171 34 error.
1294 3260 93 57 He
1429 3259 114 57 had
1585 3269 102 48 not
1740 3257 179 59 found
1974 3259 119 55 her.
2138 3256 94 57 He
2274 3278 115 35 was

540 3349 103 49 not
683 3350 63 47 to
789 3337 119 59 find
950 3339 118 57 her.
1113 3336 118 58 Yet
1273 3336 143 58 from
1459 3335 100 58 the
1612 3335 263 75 building
1928 3336 274 72 opposite
2258 3332 131 59 hers

541 3417 74 59 he
658 3416 175 60 could
875 3439 101 35 see
1019 3415 101 58 her
1161 3438 66 35 so
1270 3413 226 77 plainly.

541 3570 99 61 On
683 3594 114 38 one
838 3571 200 58 brown
1080 3572 167 74 misty
1289 3570 113 75 day
1456 3570 73 57 he
1583 3567 205 60 leaned
1843 3576 102 50 out
1998 3570 56 54 in
2106 3566 99 58 the
2260 3565 128 58 arch

541 3648 61 59 of
643 3648 100 59 the
784 3648 245 59 window
1071 3657 58 49 at
1170 3648 99 58 the
1310 3645 362 76 thirty-ninth
1730 3645 149 58 floor
1920 3645 113 57 and
2074 3642 216 60 looked
2333 3652 57 47 at
