2717 4059
2099 185 61 48 29

312 361 184 59 credit
555 362 134 59 such
743 363 381 62 malefactors.
1176 366 59 59 A
1289 367 134 59 cold
1478 391 96 37 ear
1627 368 110 61 will
1789 381 103 49 not
1945 371 213 77 merely

311 439 232 73 suffice;
585 440 165 60 there
791 453 148 48 must
980 443 75 58 be
1097 443 199 77 plenty
1338 446 61 58 of
1440 447 133 58 cold
1613 447 205 61 water!

1907 586 168 76 M.J.

426 900 322 76 Beginning-
787 903 133 57 with
965 903 96 58 the
1116 904 192 58 fourth
1361 905 243 59 number
1657 907 271 59 Kenneth
1970 909 186 58 Burke

312 976 274 61 becomes
640 1002 33 34 a
726 978 290 59 co-editor
1078 980 61 57 of
1192 980 447 61 SECESSION.
1705 983 451 78 Responsibility

312 1053 90 59 for
467 1054 98 58 the
631 1065 267 49 contents
960 1056 61 59 of
1073 1056 427 63 SECESSION
1557 1083 105 36 can
1717 1061 312 59 thereafter
2080 1063 76 58 be

312 1131 266 57 ascribed
630 1143 62 48 to
748 1157 33 33 a
833 1136 260 73 majority
1147 1135 259 60 decision
1460 1159 78 36 on
1608 1136 99 60 the
1760 1149 130 64 part
1943 1139 61 58 of
2056 1140 100 57 the

313 1206 262 60 editorial
627 1209 151 70 staff,
833 1209 178 57 which
1064 1210 109 58 will
1227 1216 219 55 consist
1511 1213 61 58 of
1625 1214 268 60 Kenneth
1947 1215 207 71 Burke,

312 1284 276 61 Matthew
627 1286 332 74 Josephson
1002 1288 112 58 and
1157 1288 256 60 Gorham
1455 1290 62 58 B.
1563 1291 263 60 Munson.

1516 1427 163 61 THE
1719 1429 357 64 EDITORS.

424 1746 138 58 Miss
633 1747 145 73 Jane
845 1749 190 74 Heap,
1110 1751 384 58 redoubtable
1563 1752 340 73 polemicist,
1988 1754 167 58 takes

310 1822 426 61 SECESSION
778 1834 62 49 to
884 1829 124 58 task
1055 1830 52 56 in
1150 1827 98 57 the
1290 1827 215 75 Spring
1546 1831 152 57 issue
1738 1830 61 58 of
1853 1831 97 57 the
1991 1831 165 59 Little

308 1901 250 70 Review,
603 1902 226 74 despite
870 1903 100 58 the
1011 1903 118 60 fact
1168 1906 124 57 that
1332 1906 100 58 the
1474 1906 112 58 LR.
1630 1930 117 36 was
1795 1907 256 60 referred
2091 1919 63 47 to

311 1980 54 54 in
407 1977 101 59 the
550 1978 221 59 second
812 1980 242 58 number
1107 2003 62 35 as
1223 1981 134 69 „the
1411 1983 115 58 real
1583 1983 212 70 leader,
1850 1985 99 57 the
2002 1995 153 48 most

307 2058 373 70 provocative
722 2056 62 58 of
825 2079 104 37 our
972 2067 86 49 art
1459 2060 138 59 This
1652 2063 55 55 in
1750 2063 150 72 spite
1953 2061 61 60 of
2056 2062 99 57 the

310 2142 281 65 apparent
635 2133 425 75 unwillingness
1115 2136 61 57 of
1226 2136 101 58 the
1381 2136 225 60 editore
1660 2137 62 59 of
1773 2138 100 58 the
1926 2138 229 59 Little

304 2208 294 59 Review
650 2220 62 48 to
768 2234 116 34 arm
937 2211 347 60 themselves
1337 2213 135 58 with
1526 2216 224 71 precise
1792 2215 363 58 information

307 2309 75 35 on
424 2286 98 58 the
565 2287 254 75 subjects
859 2288 139 75 they
1040 2290 240 58 discuss.
1337 2290 240 59 Choose
1618 2292 87 57 for
1746 2295 258 56 instance
2046 2316 110 52 any

306 2363 61 59 of
407 2363 101 59 the
548 2375 87 47 art
678 2367 294 57 criticisms
1014 2366 63 58 of
1117 2366 292 75 Margaret
1450 2367 331 60 Anderson.
1828 2367 91 60 Or
1959 2372 55 55 in
2043 2370 112 57 this

306 2450 193 64 pretty
539 2443 167 71 piece
748 2442 63 57 of
852 2442 180 58 abuse
1074 2443 76 74 by
1191 2443 99 57 the
1320 2444 144 73 Jane
1507 2444 172 75 Heep
1722 2443 291 75 (Heap?),
2054 2446 101 57 the

306 2516 351 75 implication
688 2518 126 59 that
843 2517 428 61 SECESSION
1303 2523 44 55 is
1371 2521 336 58 dominated
1737 2522 77 75 by
1836 2546 33 33 a
1891 2523 264 57 Harvard

306 2616 207 52 group.
557 2594 57 58 In
656 2596 135 69 fact,
835 2596 61 58 of
937 2596 100 58 the
1079 2597 161 58 three
1284 2598 146 57 male
1473 2599 217 58 editors
1732 2601 61 56 of
1835 2598 317 71 Secession,

306 2693 150 37 none
513 2695 113 35 was
678 2673 327 74 graduated
1060 2674 146 59 from
1268 2676 266 58 Harvard
1596 2677 342 75 University,
2001 2700 153 35 none

303 2770 116 35 was
473 2772 33 34 a
558 2751 256 57 member
854 2751 61 58 of
955 2773 34 36 a
1031 2751 225 74 college
1308 2752 310 76 fraternity,
1673 2753 114 57 and
1828 2776 113 36 one
1982 2753 172 59 failed

304 2836 64 48 to
411 2825 75 58 be
528 2827 326 73 graduated
895 2828 145 58 from
1073 2828 307 60 Columbia
1416 2831 263 75 College.
1722 2832 150 57 How
1900 2831 254 58 infantile

304 2902 229 58 thiswat
586 2904 226 74 college
866 2904 101 57 did
1019 2928 113 51 you
1186 2928 81 51 go
1323 2906 113 58 to?
1510 2907 94 58 On
1633 2930 119 34 sen
1784 2908 150 74 fout.
2004 2906 148 59 Such

308 2983 468 57 mis-statements
819 3005 96 34 are
957 2983 211 74 typical
1199 2984 60 57 of
1295 2984 99 57 the
1422 2984 113 57 LR.
1567 2983 124 60 The
1722 2986 169 57 Little
1920 2986 234 58 Review

304 3059 47 56 is
393 3067 103 48 not
539 3081 33 34 a
612 3062 237 64 review;
892 3060 42 56 it
975 3062 47 54 is
1064 3083 33 33 a
1139 3069 151 49 state
1332 3062 61 56 of
1433 3062 173 58 mind.

416 3445 142 60 And
600 3447 40 57 if
682 3468 111 36 one
838 3450 284 55 examines
1165 3447 216 74 closely
1411 3447 99 58 the
1553 3452 325 71 magazines
1921 3449 61 58 of
2021 3472 100 51 pro-

304 3524 268 57 nounced
990 3534 197 59 tastes,
1243 3546 112 36 one
1407 3524 150 60 finds
1600 3525 160 59 much
1816 3537 61 47 to
1920 3530 234 71 conjure

304 3600 150 59 with.
515 3599 209 76 Vanity
783 3600 137 59 Fair
975 3604 55 55 in
1092 3600 98 60 the
1251 3600 132 76 July
1450 3603 240 58 number
1757 3607 263 55 contains
2084 3627 70 34 an
