2717 4059
2169 158 56 47 15

749 349 168 80 ARP
978 350 162 79 THE
1201 347 665 82 TRAPDRUMMER

1294 563 27 54 1

387 697 122 59 The
551 698 165 58 black
766 697 268 75 syllables
1086 697 111 58 and
1249 698 101 57 the
1403 695 280 74 half-split
1740 695 296 74 nonpareil
2088 707 141 63 type

387 774 95 57 fall
526 774 247 59 asunder
815 784 102 47 out
959 774 61 57 of
1079 774 99 57 the
1241 774 57 57 ill
1360 772 330 59 assembled
1752 782 195 48 staves
2009 773 61 57 of
2130 773 100 57 the

388 850 243 59 sidereal
655 850 154 57 cask,
839 852 99 55 the
961 850 261 74 kindling
1248 853 55 54 in
1331 850 99 57 the
1453 848 258 75 flagpole
1740 852 45 54 is
1811 848 418 73 extinguished,

388 937 58 47 at
486 928 98 57 the
628 927 107 58 call
777 927 212 57 cordon
1032 949 46 35 s.
1107 951 56 34 v.
1186 951 60 49 p.
1276 927 99 58 the
1404 925 412 59 fourcornered
1862 924 368 74 catastrophe

387 1027 160 35 came
589 1004 305 74 sprawling
936 1014 100 48 out
1089 1004 60 57 of
1204 1003 98 58 the
1359 1001 228 60 nostrils
1629 1001 61 59 of
1731 1001 99 58 the
1872 1001 244 59 flowers,
2174 1010 57 47 at

387 1102 146 37 once
593 1081 99 58 the
734 1103 128 36 men
910 1080 179 59 about
1136 1092 155 47 town
1354 1079 213 58 heated
1628 1102 76 49 up
1768 1079 146 57 their
1966 1089 264 47 centaurs

388 1158 112 57 and
561 1168 154 47 went
785 1158 189 73 riding
1016 1181 76 35 on
1154 1158 390 72 ballbearings
1618 1156 181 58 about
1871 1155 100 59 the
2031 1156 199 59 Venus

388 1235 280 57 chamber.

388 1310 79 58 So
510 1311 159 57 much
712 1311 90 59 for
842 1311 179 74 today
1082 1314 156 54 since
1280 1314 41 54 it
1363 1314 45 54 is
1451 1310 235 75 already
1746 1320 310 48 tomorrow
2117 1308 115 58 and

388 1388 17 55 I
448 1398 147 47 must
636 1388 121 58 fare
800 1410 75 36 on
919 1388 421 73 everlastingly.

387 1464 379 75 Righteously
846 1464 99 57 did
1013 1465 98 56 the
1178 1474 243 65 maggot
1488 1462 250 59 covered
1806 1471 230 49 servant
2102 1461 130 57 who

388 1541 369 74 complained
820 1541 71 57 ah
954 1563 67 37 so
1081 1542 326 74 grievously
1468 1541 62 57 of
1591 1540 85 57 his
1740 1539 180 58 dwarf
1980 1539 252 58 sickness

390 1619 207 73 during
639 1617 99 59 the
772 1619 223 73 tidying
1037 1642 75 50 up
1157 1619 59 57 of
1257 1619 98 57 the
1410 1616 303 60 catacomb
1759 1616 100 59 ask
1900 1616 192 57 where
2133 1615 99 57 the

390 1695 152 57 clear
583 1695 203 58 tumult
827 1695 99 57 the
969 1695 203 75 saintly
1214 1718 209 51 repose
1467 1694 114 58 and
1622 1694 125 57 that
1801 1694 238 73 fugitive
2080 1692 154 57 wind

391 1771 114 57 had
548 1794 154 51 gone
744 1781 62 47 to
848 1780 136 49 rest,
1029 1771 160 57 small
1233 1794 174 35 moon
1448 1770 224 75 shaped
1716 1770 170 58 boats
1928 1770 304 72 brimming

387 1849 135 57 with
584 1849 191 58 masks
837 1847 184 59 rolled
1083 1849 174 74 along
1319 1871 77 36 on
1457 1849 269 73 pronged
1785 1847 232 59 wheels,
2086 1846 145 58 from

390 1925 203 75 purple
636 1925 227 58 mouths
905 1926 159 74 hung
1117 1926 99 57 the
1285 1935 194 65 empty
1547 1925 397 75 honeycombs
2011 1923 61 58 of
2132 1922 100 59 the

388 2002 220 74 angels.

387 2077 81 59 So
513 2078 160 58 much
733 2077 87 59 for
861 2078 179 75 today
1096 2081 157 55 since
1296 2081 41 55 it
1390 2081 47 55 is
1493 2077 233 75 already
1766 2086 312 50 tomorrow
2119 2075 115 58 and

387 2155 17 55 I
446 2165 148 47 must
635 2156 120 57 fare
799 2177 75 36 on
918 2155 419 75 everlastingly.

390 2231 165 59 From
617 2232 99 58 the
780 2233 135 56 10th
975 2255 136 52 year
1173 2233 60 56 of
1289 2256 32 33 a
1380 2231 97 58 life
1519 2242 62 47 to
1624 2232 98 57 the
1768 2230 137 58 11th
1968 2230 146 57 hour
2174 2230 61 57 of

390 2308 99 59 the
531 2312 263 71 morning
835 2312 47 53 is
926 2332 33 35 a
998 2308 140 74 long
1178 2311 136 56 time
1355 2318 99 65 yet
1510 2317 100 47 not
1665 2307 142 74 long
1862 2304 233 77 enough
2150 2306 86 57 for

391 2409 33 34 a
466 2386 225 75 hungry
733 2386 190 75 family
956 2395 64 49 to
1064 2407 205 52 scrape
1310 2407 160 36 some
1533 2406 211 53 money
1804 2382 290 75 together,
2136 2382 100 58 the

390 2463 122 59 first
555 2463 186 57 father
783 2464 216 58 dances
1042 2463 249 74 howling
1352 2463 181 57 about
1595 2462 98 58 the
1754 2461 200 58 world,
2017 2461 94 63 he.
2133 2459 103 58 has

392 2539 139 58 fleet
573 2539 268 74 squirrels
882 2539 201 59 bound
1126 2550 63 47 to
1232 2539 87 58 his
1363 2538 170 59 soles,
1577 2538 144 57 from
1763 2538 86 57 his
1881 2558 136 54 eyes
2051 2537 185 72 hangs

391 2617 99 57 the
531 2617 217 57 wreath
791 2618 61 57 of
893 2618 293 57 welcome,
1247 2640 183 35 manu
1484 2619 235 72 propria
1782 2616 72 57 he
1897 2616 198 55 chases
2137 2609 99 62 the

390 2694 148 58 buck
601 2694 144 59 from
808 2694 100 58 the
973 2697 265 55 environs
1280 2693 61 59 of
1383 2696 86 56 his
1511 2715 234 53 spouse,
1791 2692 111 58 and
1956 2702 61 48 to
2069 2689 167 60 while

390 2793 160 52 away
592 2771 101 58 the
724 2771 143 57 dark
909 2769 173 60 hours
1112 2771 157 58 kicks
1299 2771 99 57 the
1427 2768 249 60 teaballs
1718 2768 61 58 of
1808 2768 87 60 his
1930 2767 306 58 masculine

390 2847 189 59 fellow
620 2848 293 58 travelers.

390 2923 81 60 So
514 2925 160 58 much
719 2925 90 59 for
861 2925 180 75 today
1095 2928 154 55 since
1291 2927 42 57 it
1374 2927 47 56 is
1472 2923 233 76 already
1757 2933 313 48 tomorrow
2123 2920 113 59 and

390 3002 16 57 1
448 3012 151 48 must
640 3002 121 58 fare
802 3026 78 35 on
923 3002 420 75 everlastingly.

387 3077 141 59 And
570 3079 191 75 finally
802 3079 224 59 faithful
1068 3079 114 57 and
1225 3078 215 75 seemly
1483 3080 243 73 portrait
1779 3077 165 58 busts
1998 3077 59 58 of
2109 3074 127 75 Arp

390 3178 152 36 were
585 3155 191 59 struck
820 3157 113 57 and
976 3155 350 60 distributed
1369 3177 215 52 among
1624 3154 100 59 the
1766 3154 229 74 people.

1300 3358 34 54 2

390 3493 85 60 At
517 3516 104 37 our
660 3494 111 59 will
813 3494 99 60 the
956 3494 233 60 armada
1229 3498 46 56 is
1318 3493 276 60 defeated
1637 3494 90 59 for
1768 3492 99 60 the
1907 3489 329 61 hundredth

390 3574 153 56 time,
587 3571 97 58 the
728 3572 279 58 drowned
1048 3595 129 35 men
1237 3572 136 58 with
1437 3572 256 74 glowing
1745 3569 188 75 buoys
1987 3572 56 55 in
2088 3567 149 58 their
