3957 3820
343 263 270 37 POESIA

337 398 204 59 dix-sept
577 414 100 42 ans,
716 396 139 46 vètue
892 398 59 45 de
988 399 63 44 lin
1092 398 263 48 immaculé.
1397 400 64 44 Sa
1499 401 263 55 chevelure,
1802 410 74 36 nat-

336 465 76 45 tée
449 482 58 28 en
547 475 156 36 nattes
740 466 28 44 à
805 466 148 45 douze
990 466 142 53 brins,
1162 468 134 43 coule
1322 467 43 45 le
1390 468 117 61 long
1533 470 59 44 de
1618 485 51 29 sa
1696 470 207 59 poitrine

336 550 182 29 cornine
555 534 124 44 deux
715 534 247 45 ruisseaux
999 536 59 43 de
1094 536 198 45 cendres
1328 536 213 54 blondes,
1588 554 87 29 son
1723 539 177 59 visage,

335 603 505 44 extraordinairement
864 603 119 59 pale,
1014 619 51 28 se
1096 620 129 44 pose,
1266 621 80 27 sur
1381 603 27 46 1'
1426 604 291 47 échancrure
1756 607 59 44 de
1851 623 53 28 sa

332 671 209 60 guimpe,
583 686 185 29 comme
805 687 92 28 une
934 671 151 46 hostie
1115 689 79 27 sur
1218 670 309 48 l'évasement
1557 672 144 47 d'une
1728 673 173 46 corolle

335 738 59 45 de
431 739 82 59 lys,
554 749 46 34 et
636 755 74 29 ses
745 755 139 43 yeux,
923 739 154 60 pleins
1131 741 59 43 de
1226 741 185 54 larmes,
1464 751 84 35 ont
1602 744 85 43 des
1743 743 159 44 refìets

334 804 138 47 d'eau
510 807 172 45 luisant
718 824 80 28 sur
835 809 59 43 de
932 808 45 44 la
1014 825 155 29 nacre.
1200 809 105 45 Elle
1331 820 70 35 est
1437 811 37 43 si
1512 811 214 54 bianche,
1756 821 144 48 toute,

334 875 173 59 qu'elle
544 892 59 28 en
634 877 121 59 jette
793 877 83 44 des
914 893 195 43 rayons;
1148 877 89 45 elle
1273 878 82 44 fait
1401 895 119 43 peur
1567 895 58 28 au
1670 879 146 55 soleil,
1854 879 47 46 la

333 943 208 46 verrière
577 943 202 57 s'éteint,
819 954 47 36 et
904 945 89 45 elle
1030 946 238 59 demeure,
1308 946 44 46 la
1388 964 118 42 pure
1543 948 106 54 fille,
1689 947 212 61 Tunique

334 1012 143 46 clarté
515 1012 59 45 de
612 1023 123 35 cette
773 1013 224 45 chambre
1034 1015 217 46 obscure.

471 1110 65 3 —
574 1081 310 59 Damoiselle,
940 1083 68 44 dit
1061 1083 124 44 enfin
1240 1083 44 44 le
1332 1094 153 35 comte
1533 1084 60 45 de
1644 1083 255 52 Clarinval,

334 1148 141 59 après
513 1148 165 45 l'avoir
713 1150 299 59 contemplée
1048 1150 330 46 rèveusement
1414 1162 47 35 et
1503 1169 58 28 en
1608 1153 269 59 appesantis-

334 1227 108 34 sant
479 1233 75 29 ses
591 1218 160 61 doigts
794 1219 205 44 brutaux
1052 1236 81 28 sur
1186 1237 52 28 sa
1292 1221 152 44 douce
1492 1220 170 60 épaule
1700 1221 121 45 dont
1858 1220 45 45 la

333 1286 177 43 courbe
548 1286 263 46 ressemble
836 1303 59 29 au
921 1289 87 43 dos
1034 1286 142 47 d'une
1202 1289 240 50 colombe;
1467 1289 288 59 damoiselle,
1783 1289 120 45 voici

334 1369 93 44 que
463 1364 137 35 votre
637 1354 130 45 mère
804 1366 250 35 mourante
1096 1358 130 43 vient
1274 1358 59 44 de
1383 1356 59 46 m'
1467 1374 177 28 avouer
1698 1359 43 43 le
1796 1357 106 60 plus

332 1421 214 46 honteux
583 1423 59 45 de
678 1433 108 35 tous
823 1423 69 45 les
929 1423 186 61 péchés.
1157 1426 211 44 Veuillez
1407 1426 123 44 donc
1578 1426 63 44 lui
1693 1426 211 45 déclarer

333 1491 59 44 de
429 1506 77 30 ma
543 1500 122 50 part,
704 1508 118 28 vous
859 1492 44 46 la
940 1492 93 45 fille
1071 1494 59 44 de
1166 1493 325 61 l'astrologue,
1531 1511 118 28 vous
1686 1494 44 44 la
1775 1511 103 29 inau-

333 1560 110 53 dite,
483 1576 93 42 que
607 1560 50 60 je
697 1577 58 27 ne
791 1560 65 44 lui
894 1562 317 58 pardonnerai
1247 1579 92 43 que
1365 1563 189 59 lorsque
1579 1580 119 27 vous
1723 1580 177 41 saurez,

334 1643 59 29 au
425 1628 145 59 juste,
609 1628 40 44 le
684 1628 186 45 nombre
905 1629 78 44 des
1018 1628 154 45 ètoiles
1208 1630 66 45 du
1310 1632 89 43 del
1399 1667 43 9 ...
1485 1630 291 60 Désormais,
1804 1630 97 47 l'on

332 1712 120 29 vous
490 1696 242 59 conduira,
772 1697 183 60 chaque
993 1698 110 55 soir,
1142 1715 79 28 sur
1257 1698 43 45 le
1336 1700 115 44 haut
1487 1700 59 43 de
1581 1700 45 44 la
1680 1710 107 35 tour
1840 1700 61 45 où

331 1780 52 29 se
419 1765 245 44 touvaient
695 1766 127 60 jadis
859 1766 68 44 les
965 1766 305 45 instruments
1308 1768 59 43 de
1409 1777 135 36 votre
1590 1767 127 60 pére,
1757 1778 48 36 et
1840 1769 58 58 là,

330 1832 134 45 hiver
517 1849 184 29 comme
748 1833 92 53 été,
880 1849 110 30 sans
1033 1835 263 59 couchette,
1337 1852 112 29 sans
1486 1838 258 53 escabeau,
1783 1853 120 29 vous

332 1910 202 35 resterez
587 1918 116 28 avec
750 1902 68 45 les
866 1912 164 47 astres,
1082 1919 89 28 vos
1225 1903 184 61 pareils,
1449 1903 203 61 jusqu'à
1705 1921 52 29 ce
1813 1922 91 43 que

334 1984 120 29 vous
492 1967 124 46 m'en
656 1970 199 59 puissiez
892 1971 186 45 donner
1114 1971 43 45 le
1193 1981 202 51 compte.
1426 1973 220 45 Malheur
1665 1990 94 28 aux
1782 1990 121 44 gens

333 2038 60 44 de
431 2054 77 28 ma
546 2039 181 43 maison
767 2039 80 59 qui
884 2054 120 29 vous
1041 2038 290 60 prèteraient
1367 2057 64 28 un
1470 2051 221 35 manteau
1717 2053 47 33 et
1790 2042 85 46 mal-

332 2105 120 45 heur
500 2122 93 28 aux
643 2105 197 61 écuyers
885 2108 181 45 voisins
1115 2108 80 60 qui
1245 2110 286 44 tenteraient
1575 2112 59 42 de
1671 2128 119 27 vous
1828 2110 50 46 dé-

332 2173 141 46 livrer
490 2176 61 44 !...

471 2242 249 52 Ricanant,
762 2242 42 45 le
841 2243 93 45 sire
971 2244 59 44 de
1070 2244 238 45 Clarinval
1346 2243 243 63 s'éloigne
1639 2247 124 44 d'un
1818 2263 84 44 pas

334 2310 160 57 ferme,
534 2320 49 35 et
621 2310 43 45 le
701 2311 171 53 moine,
919 2310 283 61 épouvanté,
1252 2329 50 29 se
1350 2314 136 44 laisse
1540 2315 128 44 choir
1714 2331 79 28 sur
1835 2315 68 45 les

332 2395 207 44 genoux,
579 2378 258 61 suppliant.

471 2447 242 60 Toujours
751 2448 192 53 debout,
983 2447 44 45 la
1064 2446 95 47 tète
1203 2449 165 53 droite,
1420 2450 67 44 les
1536 2451 196 59 regards
1776 2451 123 58 fiers,

334 2515 265 45 Emerance
636 2514 144 46 étend
817 2532 74 29 ses
927 2516 111 45 bras
1076 2533 59 28 en
1174 2517 131 45 croix
1342 2534 58 28 au
1440 2518 164 45 dessus
1642 2520 61 43 du
1736 2518 51 45 lit
1839 2519 62 45 où

331 2599 52 29 se
420 2584 109 43 tord
566 2584 44 44 la
647 2583 129 46 mère
812 2585 79 59 qui
929 2583 97 46 ràle
1063 2602 85 28 son
1187 2587 186 43 dernier
1410 2585 96 47 ràle
1541 2597 47 35 et
1612 2587 88 45 elle
1737 2587 166 46 s'écrie

332 2651 146 45 d'une
508 2653 200 59 joyeuse
744 2653 111 44 voix
891 2651 197 61 d'ange:

473 2745 63 7 —
572 2720 137 46 Allez
744 2719 335 63 paisiblement
1115 2738 108 28 vers
1262 2722 44 44 le
1345 2723 251 61 Seigneur,
1637 2740 76 29 ma
1752 2723 148 46 mère!

330 2789 136 43 Vous
504 2805 131 29 serez
671 2789 293 59 pardonnée,
1004 2806 78 29 car
1111 2791 50 60 je
1191 2791 108 60 jure
1348 2793 59 44 de
1449 2802 224 49 compter,
1715 2809 77 28 ma
1827 2793 76 44 vie

332 2857 188 54 durant,
560 2867 160 35 toutes
757 2858 67 45 les
861 2857 165 45 étoiles
1063 2859 62 44 du
1164 2860 83 43 ciel
1265 2863 7 42 !

467 2926 46 45 A
569 2926 149 59 partir
772 2927 59 44 de
887 2943 52 28 ce
987 2926 111 61 jour
1145 2927 218 60 lugubre,
1411 2928 181 60 chaque
1629 2929 109 58 soir,
1780 2930 124 45 deux

329 2993 166 55 valets,
535 2994 169 53 armés,
746 3004 193 50 portant
976 2996 84 44 des
1104 2997 201 52 torches,
1340 2997 284 45 conduisent
1672 2997 45 45 la
1758 2998 145 60 jeune

330 3061 94 46 fille
459 3079 81 28 sur
577 3062 45 46 la
660 3073 121 41 tour,
823 3064 125 44 deux
983 3064 151 45 valets
1169 3081 50 28 se
1268 3065 198 45 cachant
1508 3065 43 45 le
1599 3066 164 60 visage
1800 3067 78 45 der-

330 3129 122 46 riére
489 3130 102 46 leur
629 3132 200 45 manche
866 3148 120 44 pour
1024 3149 60 29 ne
1122 3149 85 42 pas
1244 3131 163 47 laisser
1443 3135 102 43 voir
1565 3134 125 45 leurs
1715 3135 185 53 larmes,

330 3208 48 35 et
415 3201 182 59 chaque
635 3201 106 50 soir,
783 3217 293 44 courageuse
1112 3217 183 29 comme
1332 3200 206 48 l'oiselle
1574 3203 79 60 qui
1692 3220 212 45 regagne

331 3266 43 45 le
413 3269 80 43 nid
529 3269 120 44 dans
687 3267 186 56 l'arbre,
914 3270 265 44 Emerance
1216 3281 164 35 monte
1417 3270 68 45 les
1529 3271 184 60 degrés,
1763 3271 141 46 vétue

332 3335 59 45 de
427 3352 53 30 sa
516 3337 116 45 robe
670 3336 158 62 légére
865 3338 117 45 dont
1018 3337 43 47 le
1098 3337 64 45 lin
1200 3355 106 28 sera
1343 3338 184 46 bientót
1564 3340 191 45 humide
1793 3357 111 29 sous

330 3403 45 46 la
412 3404 135 46 rosée
587 3415 247 35 nocturne.

2180 402 75 44 En
2293 402 128 52 haut,
2462 402 68 45 les
2565 403 165 54 vaiets,
2770 414 150 51 ayant
2956 403 133 45 visite
3126 417 117 30 avec
3268 401 102 44 soin
3398 399 44 45 la
3467 399 122 60 piate-

2041 470 162 58 forme,
2243 487 61 28 011
2342 469 95 46 l'on
2476 487 59 28 ne
2571 471 100 44 doit
2707 470 153 47 mème
2897 489 85 43 pas
3019 471 163 45 laisser
3207 486 61 28 un
3297 484 195 29 carreau
3519 467 71 46 d'é-

2041 538 129 58 toffe,
2207 538 306 45 verrouillent
2549 539 45 44 la
2635 549 168 50 trappe
2845 549 48 36 et
2934 539 380 46 l'abandonnent
3362 537 133 44 selon
3545 537 68 44 les

2041 608 163 43 ordres
2240 607 59 44 de
2341 608 101 44 leur
2490 607 280 46 redoutable
2818 609 107 46 sire.
2978 609 107 44 Eux
3132 607 162 61 partis,
3342 605 270 46 Emerance

2041 673 323 61 s'agenouille,
2403 686 184 34 serrant
2624 687 170 34 autour
2831 675 139 47 d'elle
3006 677 68 45 les
3112 675 89 59 plis
3229 675 216 45 fìottants
3473 674 59 44 de
3557 689 53 29 sa

2043 743 128 54 robe,
2210 743 107 59 puis
2356 760 51 28 se
2444 753 228 35 tournant
2708 746 62 43 du
2809 744 105 47 coté
2951 746 59 44 de
3046 744 223 55 l'Orient,
3309 743 91 45 elle
3438 743 84 44 fait
3558 758 55 29 sa

2042 810 201 60 prière...
2284 821 48 35 et
2368 828 273 29 commence
2678 812 269 61 l'effrayant
2984 813 162 54 calcili,
3187 814 38 44 si
3262 811 150 61 puéril
3433 811 7 44 !
3472 809 112 47 L'en-

2043 880 100 44 fant
2181 896 58 28 ne
2276 880 145 45 doute
2457 897 100 42 pas.
2599 880 105 45 Elle
2740 898 59 27 en
2836 898 139 29 saura
3013 882 43 44 le
3093 882 214 45 nombre.
3367 879 245 60 Pourquoi

2043 948 238 44 douterait
2317 947 87 46 elle
2441 950 59 43 de
2539 948 128 45 Dieu
2683 953 8 42 !
2733 950 104 45 Elle
2886 950 176 61 égrène
3110 966 113 29 avec
3278 950 188 44 ferveur
3521 964 89 29 son

2043 1017 183 42 rosaire
2261 1014 205 47 cTétoiles
2500 1033 183 29 comme
2720 1035 59 28 on
2818 1018 176 61 égrène
3032 1035 63 28 un
3123 1018 238 45 ordinaire
3393 1018 220 58 chapelet

2043 1084 59 45 de
2139 1083 164 60 perles.
2346 1084 105 45 Elle
2488 1101 212 44 marque,
2744 1103 79 28 sur
2867 1087 84 44 des
3005 1087 234 54 tablettes,
3285 1087 84 44 des
3426 1085 186 46 chiffres

2041 1151 221 46 énormes
2300 1153 79 59 qui
2415 1153 199 60 glissent
2651 1155 61 43 du
2751 1155 83 44 ciel
2883 1171 184 29 comme
3118 1157 85 43 des
3258 1163 251 43 monstres,
3563 1163 50 36 et

2041 1221 89 44 elle
2170 1237 58 28 ne
2265 1218 101 47 s'en
2405 1221 177 46 alarme
2618 1223 198 59 point....
2858 1223 103 45 Elle
2987 1240 34 45 y
3046 1240 193 43 passera
3266 1224 79 44 dix
3370 1239 103 36 ans,
3503 1232 109 35 cent

2041 1306 99 37 ans,
2182 1299 104 35 tout
2322 1305 53 29 ce
2413 1306 94 42 que
2544 1290 44 44 la
2624 1291 282 59 providence
2954 1291 63 45 lui
3079 1302 260 48 permettra
3382 1292 59 43 de
3478 1291 133 45 vivre

2041 1355 299 49 d'années....
2379 1359 184 43 ensuite
2601 1359 87 43 elle
2726 1359 66 45 ira
2830 1369 192 36 trouver
3057 1360 43 44 le
3137 1361 91 44 sire
3265 1361 58 43 de
3351 1359 256 53 Clarinval,

2042 1426 92 45 soit
2187 1442 80 28 sur
2320 1435 137 42 terre,
2508 1427 90 44 soit
2646 1443 59 29 en
2759 1428 203 58 paradis,
3002 1428 94 45 soit
3144 1446 60 27 en
3248 1428 148 54 enfer,
3436 1437 48 35 et
3522 1427 89 46 elle

2041 1494 64 45 lui
2144 1494 125 45 dira:

2179 1591 64 3 —
2280 1562 53 59 Je
2371 1562 94 44 sais
2490 1562 43 45 le
2565 1563 196 44 nombre
2797 1563 296 60 mystérieux.
3121 1566 54 59 Je
3202 1566 99 43 vais
3325 1581 119 28 vous
3469 1564 44 45 le
3539 1562 46 46 rè-

2039 1630 129 45 véler
2189 1647 10 41 ;
2239 1631 117 44 mais
2394 1646 57 29 en
2490 1629 226 62 échange,
2766 1633 343 44 accordez-moi
3158 1633 43 44 le
3250 1633 183 60 pardon
3487 1647 123 44 pour

2041 1716 78 28 ma
2156 1697 142 60 mère,
2338 1708 134 35 votre
2510 1698 190 60 épouse,
2740 1710 152 35 morte
2928 1717 111 28 sans
3064 1711 135 34 votre
3226 1701 287 45 absolution.

2180 1767 104 44 Elle
2338 1767 106 45 dort
2497 1766 42 45 le
2587 1768 123 60 jour,
2759 1766 136 47 tàche
2944 1769 58 44 de
3044 1770 257 58 reprendre
3338 1770 83 44 des
3459 1769 151 45 forces

2041 1851 122 43 pour
2199 1834 43 46 le
2279 1836 98 43 soir
2414 1835 237 59 prochain,
2691 1852 51 29 se
2778 1836 114 45 livre
2930 1837 27 44 à
2980 1837 83 44 des
3086 1837 171 45 études
3294 1838 174 44 ardues
3494 1853 116 30 avec

2041 1904 43 44 le
2120 1919 179 45 pauvre
2338 1904 171 58 moine,
2547 1904 193 45 console
2776 1921 75 28 ses
2904 1905 198 45 femmes
3151 1907 81 59 qui
3269 1907 221 59 pleurent
3528 1921 82 29 sur

2041 1973 102 54 elle,
2183 1971 148 46 sourit
2367 1974 27 42 à
2432 1983 121 42 tous,
2593 1973 234 44 vraiment
2862 1990 50 28 se
2949 1983 186 35 montre
3169 1975 37 44 si
3245 1974 149 45 calme
3433 1991 59 28 en
3532 1990 49 29 ac-

2041 2041 308 59 complissant
2385 2057 53 29 sa
2474 2041 118 45 rude
2629 2040 250 60 pénitence
2917 2040 145 60 qu'on
3089 2042 100 46 finit
3226 2059 86 42 par
3349 2043 165 53 croire,
3546 2058 62 30 au

2042 2108 213 54 chàteau,
2295 2125 94 44 que
2424 2109 45 45 la
2506 2108 93 46 fille
2647 2110 60 44 de
2754 2110 27 44 V
2806 2110 272 61 astrologue
3125 2121 71 34 est
3245 2110 154 45 douée
3447 2112 43 43 d'
3516 2127 94 28 une

2041 2178 250 60 puissance
2329 2178 237 60 magique.
2596 2178 76 57 Et,
2701 2178 173 44 durant
2899 2178 67 45 les
2992 2179 157 44 tristes
3177 2180 123 43 nuits
3325 2177 281 48 d'automne

2043 2248 118 43 dans
2197 2246 44 45 le
2288 2247 157 60 grand
2492 2246 175 45 silence
2716 2247 83 44 des
2841 2263 286 44 campagnes
3175 2249 261 58 assoupies,
3488 2248 122 45 celui

2042 2316 117 43 dont
2196 2314 88 45 elle
2321 2325 73 34 est
2420 2331 26 28 a
2472 2314 44 45 la
2552 2314 87 45 fois
2676 2314 234 61 l'outrage
2946 2324 48 35 et
3030 2315 42 45 le
3110 2317 227 52 remords,
3377 2326 115 49 peut
3528 2332 55 29 en-

2040 2383 168 46 tendre
2246 2399 54 28 sa
2336 2383 110 45 voix
2482 2382 303 55 mélodieuse,
2824 2399 51 28 sa
2911 2385 108 43 voix
3056 2384 60 45 de
3153 2383 240 61 harpe-fée
3447 2385 163 44 disant

2041 2453 84 43 des
2162 2452 168 43 choses
2366 2450 338 62 étrangement
2740 2451 177 45 douces
2954 2469 59 27 au
3051 2462 112 34 vent
3188 2453 80 59 qui
3307 2469 153 43 passe,
3502 2463 81 35 tan-

2041 2521 73 44 dis
2150 2536 93 44 que
2279 2519 106 60 plus
2421 2520 99 54 bas,
2559 2521 247 59 beaucoup
2843 2520 106 59 plus
2985 2520 101 53 bas,
3114 2530 105 35 tout
3255 2537 59 29 au
3352 2522 87 43 bas
3478 2521 60 45 de
3563 2522 47 45 la

2042 2599 121 43 tour,
2204 2587 148 62 gémit
2387 2588 44 45 le
2468 2589 96 44 bon
2603 2586 168 48 lévrier
2808 2587 137 46 fidèle
2988 2605 57 28 en
3100 2599 214 50 grattant
3363 2590 45 44 la
3463 2599 141 45 terre,

2042 2655 385 61 désespérément
2444 2673 8 28 :

2178 2752 66 5 —
2280 2724 105 46 Ave
2421 2724 187 58 Maria,
2663 2720 159 51 Vènus
2825 2761 9 17 ,
2869 2741 75 27 ma
2980 2725 244 59 puissante
3262 2725 249 52 marraine,
3552 2725 40 44 si-

2041 2809 96 44 gne
2175 2794 62 43 du
2276 2793 74 44 feu
2390 2794 183 44 maudit
2609 2791 114 62 posé
2761 2809 81 28 sur
2879 2810 111 27 mon
3028 2794 169 53 destin,
3236 2810 120 27 vous
3410 2793 47 45 la
3512 2792 98 46 trés

2043 2878 132 42 pure,
2215 2877 120 28 vous
2371 2860 44 47 la
2451 2861 96 46 très
2585 2862 139 57 belle,
2769 2877 117 29 vous
2939 2862 45 44 la
3038 2860 311 61 mystérieuse
3397 2871 49 35 et
3488 2877 121 29 vous

2041 2928 28 46 T
2094 2930 290 53 inexorable,
2436 2940 136 49 porte
2620 2930 113 45 d'un
2777 2930 188 59 paradis
3012 2946 93 43 que
3147 2931 49 59 je
3246 2945 60 30 ne
3343 2928 267 47 connaìtrai

2036 2999 187 60 jamais,
2269 3008 203 35 sommet
2509 2999 203 60 neigeux
2749 2998 58 45 de
2845 2998 43 45 la
2944 3008 260 50 montagne
3241 2996 43 47 d'
3309 2999 158 54 ivoire,
3507 2998 78 45 her-

2043 3066 210 62 métique
2307 3067 183 45 maison
2545 3068 43 43 d'
2608 3083 68 37 or,
2720 3067 109 45 vain
2867 3066 142 46 calice
3046 3067 60 44 de
3144 3065 158 46 cristal
3339 3083 93 43 que
3463 3067 50 59 je
3552 3081 59 31 ne

2042 3135 107 61 puis
2205 3136 251 53 atteindre,
2513 3136 156 60 lampe
2722 3136 44 44 d'
2790 3136 138 58 opale
2981 3134 61 46 où
3086 3134 133 45 brulé
3255 3135 63 44 du
3355 3151 135 44 sang,
3530 3135 81 45 oeil

2043 3204 168 45 tendre
2248 3203 115 46 d'un
2401 3205 107 44 dieu
2547 3204 141 54 cruel,
2726 3220 139 29 cause
2902 3204 84 44 des
3022 3204 127 60 pires
3168 3204 122 60 joies
3318 3213 48 35 et
3393 3203 87 45 des
3505 3203 106 61 plus

2042 3274 182 59 grands
2263 3272 254 53 malheurs,
2548 3273 159 45 miroir
2731 3272 281 60 d'injustice,
3051 3271 165 62 refuge
3243 3272 84 44 des
3360 3271 248 60 pécheurs,

2044 3341 136 59 pleur
2217 3342 177 59 unique
2432 3340 148 46 formé
2618 3342 58 44 de
2713 3351 109 34 tous
2874 3340 68 45 les
2997 3340 216 61 sanglots
3267 3340 86 45 des
3405 3341 203 60 vierges,

2044 3425 119 30 urne
2199 3410 216 45 d'ambre
2451 3409 61 46 où
2551 3409 212 46 s'endort
2800 3410 45 45 la
2883 3408 235 54 Lumière,
3171 3408 164 61 fragile
3384 3409 228 46 tombeau

1873 3555 195 39 4
