2751 4351
1388 4075 58 44 90

507 445 317 131 Gewalt,
866 505 372 68 einbrechende
1278 503 233 60 Gewalt
1548 507 95 53 des
1682 504 441 81 Gleichzeitigenl

498 613 169 69 Einst
705 613 98 72 saß
842 616 77 62 ich
959 618 65 78 in,
1062 617 94 53 der
1201 614 341 69 stahlblauen
1581 612 346 71 Einsamkeit
1965 620 208 51 meiner
2210 614 243 71 Abende,

353 719 73 53 da
451 715 200 66 össnete
689 721 77 64 ich
792 719 103 53 das
920 714 229 73 Fenster,
1188 719 112 54 und
1340 699 185 85 herein
1563 710 246 75 gesiogen
1847 717 170 68 kamst
2052 721 90 68 du,
2182 717 272 70 anzusehn

355 824 107 50 wie
488 821 85 53 ein
599 818 402 64 mondfarbner
1027 818 200 70 Vogel,
1267 824 105 56 mit
1400 817 393 66 Furchtbarem
1819 822 113 52 und
1960 809 227 82 Såßem
2214 822 242 66 beladen,

355 924 114 52 und
507 923 77 63 ich
625 921 201 68 fühlte:
867 922 58 54 i»
962 919 196 71 diesem
1184 921 440 68 Auge-ebner»
1681 919 306 61 Die-Zeiten
2028 899 298 92 enkwichen
2365 927 92 50 ins

354 1022 348 72 Unfaßbare,
728 1025 132 53 aber
885 1026 103 74 den
1015 1021 214 72 Raum,
1258 1026 102 52 den
1383 1021 293 58 Erdraum
1701 1022 167 70 dieses
1887 1019 365 73 Augenblicks
2278 1025 179 68 legtest

355 1127 74 52 du
455 1126 106 53 wie
587 1125 86 54 ein
699 1102 350 79 Wollknåuel
1067 1113 82 67 an
1175 1127 174 53 meine
1377 1123 199 73 Brust,
1617 1128 113 52 und
1769 1126 76 67 ich
1874 1138 200 62 atmete
2098 1128 83 53 die
2206 1116 251 66 Träume

357 1226 223 69 fernster
624 1226 219 72 Wesen,
897 1226 308 71 Regungen
1243 1228 373 57 unbekannter
1662 1227 327 58 Kreaturen
2037 1226 421 69 versammelten

357 1330 100 68 sich
506 1334 59 50 in
614 1331 203 53 meiner
867 1329 214 70 Kehle,
1133 1334 133 52 und«
1295 1332 58 53 in
1407 1332 233 52 meinem
1685 1327 184 59 Blute
1918 1323 257 75 mischten
2227 1330 100 68 sich
2376 1331 83 53 die

358 1430 290 58 Elemente
686 1436 91 51 der
817 1432 219 56 Seelen.
1104 1433 103 55 Die
1247 1419 346 82 Gegenwart
1638 1448 125 39 war
1809 1436 59 51 in
1916 1433 138 62 mich
2094 1443 238 57 getreten
2370 1433 89 54 als

359 1539 117 50 eine
500 1534 199 69 Musik
725 1547 107 42 aus
859 1534 346 69 Spannung,
1234 1531 170 58 Trieb
1432 1536 112 53 und
1572 1513 379 89 Aufschwung
1977 1536 91 52 der
2094 1532 362 71 Lebendigen,

359 1640 114 51 und
511 1640 94 51 der
641 1634 402 70 Unendlichkeit
1080 1635 169 70 dieses
1288 1635 365 69 Augenblicks
1697 1636 405 69 standhaltend,
2153 1638 190 68 wußte
2381 1639 77 65 ich

359 1741 161 67 nicht,
563 1741 73 53 ob
676 1739 69 68 sie
783 1742 167 66 mich,
1005 1740 71 55 ob
1117 1742 76 64 ich
1234 1739 70 68 sie
1342 1742 250 64 regierte,
1630 1753 109 40 nur
1777 1741 111 67 daß
1927 1739 69 68 sie
2035 1739 310 69 gebunden,
2396 1753 64 50 zu

361 1841 292 68 leibhafter
680 1839 196 70 Musik
902 1843 280 66 gebunden
1208 1855 141 40 war.
1408 1840 169 55 Dann
1617 1841 132 53 aber
1786 1842 190 67 wußte
2003 1843 77 65 ich
2108 1842 223 52 wieder:
2372 1842 89 52 als

361 1947 78 64 ich
478 1944 138 68 mich
655 1942 210 68 zutiefst
913 1944 289 68 besinnend
1253 1944 115 61 dich
1421 1945 168 65 gehen
1636 1944 157 68 hieß,
1843 1923 235 77 Gewalt
2115 1944 94 52 des
2249 1939 180 70 Gleich-

361 2050 246 64 zeitigen,
660 2047 113 54 und
819 2047 73 52 du
943 2045 160 68 hobst
1139 2047 114 61 dich
1295 2045 221 67 hinweg
1553 2049 106 49 wie
1698 2045 85 53 ein
1821 2044 403 65 mondfarbner
2261 2042 200 69 Vogel,

361 2152 106 50 mit
514 2147 311 68 entlasteten
863 2144 253 72 Flügeln,
1168 2149 112 52 und
1317 2148 91 61 ich
1456 2145 180 71 schloß
1682 2147 146 53 mein
1865 2144 215 70 Fenster
2126 2149 112 52 und
2287 2145 175 69 fühlte

360 2252 101 52 den
489 2247 420 70 Glockenschlag
939 2247 154 67 »Alle
1117 2247 145 59 Zeit«
1302 2250 163 65 durch
1505 2252 149 51 mein
1681 2246 133 67 Herz
1853 2250 183 65 gehen.
2091 2247 151 58 Nun
2269 2262 192 40 waren

362 2352 70 67 sie
469 2351 199 54 wieder
707 2351 85 53 bei
830 2351 135 68 mir,
1008 2348 212 70 Laotse
1257 2352 94 51 der
1391 2349 129 56 Alte
1556 2353 113 51 und
1707 2351 91 52 der
1837 2351 196 65 goldne
2074 2347 237 73 Platon,
2350 2351 112 52 und

363 2454 104 52 mit
506 2454 184 66 ihnen,
728 2450 401 70 verschwistertz
1170 2452 82 54 die
1291 2466 163 52 ganze
1494 2449 362 69 Gegenwart.
1920 2449 127 57 Und
2086 2456 107 49 wie
2231 2450 105 64 auf
2369 2454 92 52 der

363 2553 362 69 Rreuzigung
762 2556 94 52 des
890 2551 163 65 Frate
1080 2551 281 70 Angelico
1389 2556 82 51 die
1498 2550 324 70 Glåubigen
1860 2554 167 54 vieler
2052 2551 252 61 Zeitalter
2341 2555 119 52 dem

363 2654 271 70 Ereignis
697 2657 329 67 beiwohnen
1095 2657 113 53 und
1267 2670 58 40 es
1379 2654 149 64 kraft
1582 2657 149 65 ihres
1781 2653 510 71 Beisammenseins
2339 2657 121 53 dem

363 2757 250 65 Verlauf
643 2762 146 63 nicht
822 2760 162 65 mehr
1022 2760 289 65 angehört,
1349 2756 61 70 so
1450 2758 63 66 ist
1549 2761 47 62 je
1634 2760 113 52 und
1786 2760 60 66 je,
1887 2771 95 41 wo
2021 2760 83 52 die
2141 2756 179 60 Zeiten
2359 2758 99 68 sich

363 2861 329 66 vereinigen,
730 2863 102 51 das
868 2858 225 69 Zeitlose
1130 2863 160 64 nahe.

511 2968 149 69 Jetzt
698 2970 148 68 aber,
885 2972 115 65 jetzt
1039 2968 219 69 schlägst
1295 2971 74 52 du
1409 2969 145 54 mein
1591 2966 214 71 Fenster
1844 2972 102 66 ein,
1987 2972 114 63 jetzt
2139 2968 212 68 stürzest
2387 2970 74 53 du

364 3074 113 64 dich
516 3070 108 64 auf
657 3071 153 69 mich,
853 3068 352 71 Raubadler,
1243 3068 391 71 Verhängnis,
1683 3072 376 66 einbrechende
2097 3068 235 61 Gewalt
2369 3073 93 52 des

363 3171 443 69 Gleichzeitigen,
855 3175 83 51 die
976 3171 179 60 Zeiten
1201 3174 290 66 entsiiehen
1537 3187 108 41 vor
1683 3174 210 52 deinem
1933 3171 253 71 Sausen,
2236 3174 114 52 und
2387 3174 74 52 du

361 3273 180 69 wirfst
578 3277 101 52 den
718 3272 295 59 Erdraum
1050 3273 168 70 dieses
1257 3272 364 69 Augenblicks
1666 3276 105 53 wie
1809 3275 154 54 einen
2002 3272 347 64 Feuerbrand
2387 3288 74 39 an

362 3381 177 50 meine
577 3374 202 70 Brust.
848 3374 129 58 Aus
1020 3378 210 53 deinem
1267 3362 352 76 Feuerbrand
1666 3377 146 68 gießt
1857 3378 101 67 sich
2009 3380 105 52 das
2154 3374 308 71 Geschehen

362 3480 58 53 in
458 3482 148 51 mein
646 3477 178 71 Blut,
866 3478 344 70 Stoßwucht
1248 3480 111 54 und
1401 3476 432 71 Starrkrampf,
1872 3475 135 66 Ruf
2042 3480 112 53 und
2195 3476 264 70 Röcheln,
