1654 2540
1299 2179 52 41 131

160 213 380 44 GESELLSCHAFT,
575 206 247 48 KÜNSTLER
859 216 98 37 UND
993 216 368 39 KOMMUNISMUS

204 284 20 30 1.
261 284 78 30 Die
376 285 320 39 Beziehungen
733 287 226 30 zwischen
997 286 320 34 Gesellschaft

585 332 86 30 und
703 332 226 32 Künstler.

242 393 137 38 Jegliche
402 393 293 40 Kunstproduktion
717 397 38 29 ist
779 395 55 31 das
857 395 192 39 Spiegelbild
1073 396 81 30 ihres
1178 395 183 31 Publikums

160 437 76 31 oder
262 439 188 38 umgekehrt.
499 440 58 30 Die
583 440 100 31 Kunst
709 440 81 31 wird
816 442 31 29 in
873 440 238 31 verschiedenen
1138 441 222 39 Strömungen,

158 483 96 31 Arten
271 485 65 29 und
352 485 133 30 Formen
503 485 159 39 auftreten,
680 486 115 38 analog
813 486 58 31 den
890 486 138 31 sozialen
1046 487 230 38 Schichtungen
1294 486 65 31 und

158 529 218 39 Gegensätzen
403 531 54 29 der
483 530 213 32 Gesellschaft.
746 532 92 30 Diese
865 531 190 39 Spiegelung
1080 532 82 30 wird
1190 532 168 39 allerdings

158 576 31 29 in
214 575 160 39 Literatur,
400 575 137 39 Malerei,
563 576 105 30 Musik
692 578 54 29 etc.
772 577 256 30 unterschiedlich
1054 578 75 38 sein,
1155 578 28 38 je
1207 578 151 30 nachdem

158 621 61 30 wie
238 621 84 30 stark
342 621 66 30 und
431 621 157 38 eindeutig
610 621 66 30 eine
697 621 206 38 Verbindung
924 623 54 29 mit
1000 622 58 30 den
1080 623 101 29 realen
1205 623 137 30 Existenz-

158 665 224 39 bedingungen
406 666 54 30 des
485 666 179 31 Publikums
690 666 127 30 besteht.
864 666 59 30 Am
949 668 197 29 intensivsten
1172 668 119 31 scheint
1315 669 44 29 sie

158 710 49 31 bei
226 710 55 31 der
298 711 210 30 literarischen
528 711 236 39 Kunstgattung
782 721 37 20 zu
841 713 75 30 sein.

242 769 63 30 Der
329 769 87 31 Wert
443 770 53 30 der
520 776 158 31 gesamten
704 771 284 40 Kunsterzeugung
1017 775 82 29 einer
1127 774 127 38 Epoche
1279 774 81 31 wird

158 812 155 33 bestimmt
330 814 96 31 durch
444 815 57 31 das
516 816 214 38 (vorhandene
747 817 76 30 oder
840 818 153 39 fehlende)
1011 818 177 31 Verhältnis
1202 820 157 30 zwischen

159 859 69 31 dem
245 860 218 31 wesentlichen
482 861 187 31 Bestandteil
689 861 54 31 der
760 863 214 40 Gesellschaft,
994 863 67 31 dem
1082 865 192 40 Proletariat,
1296 865 62 31 und

158 905 59 31 den
243 905 170 39 Schöpfern
438 906 83 31 ihrer
544 906 265 40 Kunstprodukte.

242 963 74 31 Dies
333 964 176 31 Verhältnis
527 966 40 30 ist
586 966 102 30 davon
709 967 169 40 abhängig,
897 970 61 29 wie
974 971 72 29 weit
1064 971 49 30 die
1131 971 144 31 Arbeiter
1293 973 64 30 sich

158 1009 55 30 mit
229 1009 243 31 künstlerischen
492 1011 228 38 Erzeugnissen
739 1013 140 30 befassen
899 1014 75 30 oder
992 1015 49 31 die
1058 1016 146 32 Künstler
1221 1018 65 30 sich
1305 1019 54 30 mit

158 1053 56 31 der
228 1053 80 31 Welt
323 1054 54 31 des
392 1054 167 32 Arbeiters,
597 1057 99 30 Wenn
712 1067 71 21 man
801 1059 91 30 heute
906 1069 62 20 von
984 1061 127 30 solchen
1129 1062 228 40 Beziehungen,

156 1098 125 32 solcher
304 1100 227 39 „Volkskunst“
558 1102 175 39 überhaupt
755 1104 150 38 sprechen
930 1106 91 39 kann,
1046 1116 37 20 so
1108 1116 61 21 nur
1193 1110 30 28 in
1251 1108 107 39 Bezug

158 1145 52 29 au!
234 1144 49 32 die
306 1155 61 21 von
393 1145 320 41 Kunstverständigen
740 1150 44 30 als
809 1150 250 40 minderwertige
1085 1152 110 31 Mache
1221 1153 120 31 bezeich-

157 1191 90 29 nten
276 1190 118 40 Werke,
436 1200 58 22 vor
524 1192 88 31 allem
654 1193 74 31 aber
769 1195 50 29 auf
861 1195 58 30 den
950 1197 132 30 vielerlei
1115 1197 146 39 „Schund
1294 1199 63 31 und

157 1234 175 41 Schmatz“,
377 1235 54 32 der
473 1238 31 29 in
547 1237 406 42 Kolportagehandlungen,
998 1242 195 40 Torfahrten,
1238 1244 119 31 kleinen

158 1280 421 42 Schreibwarengeschäften,
614 1284 223 31 Ramschläden
872 1287 54 29 etc.
961 1287 171 31 vertrieben
1167 1289 90 30 wird.
1306 1289 50 31 Ich

156 1328 101 29 meine
282 1326 48 31 die
353 1326 99 32 vielen
478 1327 254 40 Erscheinungen
757 1332 31 28 in
814 1331 203 39 Lieferungen
1043 1334 55 29 mit
1123 1333 125 31 buntem
1276 1335 65 30 Bild-

157 1371 173 40 umschlag,
355 1372 48 31 die
429 1373 293 43 Postkartenserien,
750 1376 48 30 die
823 1375 213 41 Abenteurer-,
1063 1379 159 40 Detektiv-,
1247 1380 92 31 Krimi-

156 1417 64 30 nal-
236 1417 66 30 und
317 1417 235 41 Sittenromane,
571 1419 49 31 die
638 1420 202 40 Engelhorn-,
858 1421 139 32 Kronen-
1015 1423 63 30 und
1096 1423 261 42 Ullsteinbücher,

155 1461 77 31 kurz
254 1462 84 40 alles,
359 1472 67 22 was
449 1463 68 31 dem
540 1464 228 32 Kulturkenner
788 1469 133 36 verpönt
943 1468 47 30 ist.
1036 1469 92 31 Diese
1151 1470 207 38 Erzeugnisse

155 1507 73 31 sind
245 1517 84 29 ganz
348 1508 65 31 und
431 1518 59 29 gar
509 1510 52 30 auf
581 1510 96 31 breite
696 1512 253 31 Volksschichten
971 1515 178 37 eingestellt.
1192 1515 165 40 Versuche,

156 1553 45 30 sie
224 1553 55 30 mit
302 1555 112 37 „guter
438 1554 171 32 Literatur“
635 1557 31 30 in
690 1556 159 32 ähnlicher
873 1557 221 41 Aufmachung
1119 1561 39 37 (z.
1186 1561 33 30 B.
1247 1561 93 39 „Welt-

155 1597 170 41 literatur“,
347 1599 54 31 der
421 1599 128 40 „Kleine
571 1601 149 40 Roman“,
746 1602 290 42 „Inselbikherei“),
1059 1606 97 29 durch
1181 1607 160 39 „Kiinstler-

156 1644 199 37 postkarten“
377 1654 40 21 zu
442 1646 236 40 unterdrücken,
702 1648 71 30 sind
797 1649 179 38 vergebens.
1023 1650 175 39 Uebrigens
1221 1653 135 29 könnten

155 1689 66 30 sich
240 1698 110 22 unsere
367 1689 147 33 Künstler
530 1701 63 21 von
611 1693 118 31 Namen
751 1703 37 21 an
808 1694 103 30 diesen
930 1695 272 40 minderwertigen
1224 1698 114 38 Erzeug-

155 1736 106 28 nissen
278 1735 31 29 in
327 1735 186 32 mancherlei
531 1736 145 32 Hinsicht
693 1738 114 31 bilden.
847 1740 49 29 Sie
915 1740 135 30 könnten
1070 1743 135 38 ersehen,
1225 1743 55 30 mit
1296 1743 58 30 wie

156 1779 157 30 einfachen
337 1780 122 31 Mitteln
482 1782 65 30 sich
571 1781 56 31 das
650 1781 157 41 Interesse,
832 1784 48 31 die
904 1783 275 34 Aufmerksamkeit
1202 1787 152 30 einfacher

156 1824 167 31 Menschen
348 1826 159 31 erwerben
530 1827 73 38 läßt,
626 1829 62 29 wie
710 1828 121 31 sinnlos
855 1838 31 21 es
909 1830 48 37 ist,
982 1830 102 30 diesen
1111 1832 168 30 Menschen
1305 1833 48 29 die

155 1869 80 31 Welt
253 1879 63 21 von
335 1871 185 30 vornherein
540 1871 121 39 anders,
682 1872 236 40 komplizierter,
940 1874 284 41 problematischer,
1245 1877 93 31 indivi-

156 1915 117 30 dueller
289 1915 205 31 darzustellen
514 1915 44 31 als
576 1917 44 30 sie
637 1917 43 30 sie
699 1918 58 30 seit
774 1917 230 32 Generationen
1022 1920 262 32 wahrzunefmien
1303 1933 34 28 ge-

157 1961 109 30 wohnt
286 1961 80 31 sind.
409 1961 58 30 Die
489 1960 135 32 Schund-
646 1962 65 30 und
731 1962 372 40 Konjunktur-Schreiber
1123 1966 159 40 verfügen,
1304 1978 34 29 ge-

158 2006 73 31 rade
247 2006 69 31 weil
334 2016 33 21 es
384 2007 91 30 ihnen
492 2008 89 29 meist
598 2008 52 30 auf
666 2008 101 30 nichts
785 2008 128 31 anderes
932 2010 157 31 ankommt
1107 2011 44 30 als
1170 2013 124 37 gekauft
1314 2023 39 21 zu

156 2051 133 40 werden,
323 2052 77 31 über
433 2053 66 29 eine
534 2053 203 31 erstaunliche
760 2054 260 39 psychologische
1044 2055 221 41 Anpassungs-
1289 2060 66 29 und

157 2097 356 39 Einfählungsfähigkeit
536 2098 64 30 und
622 2108 57 21 vor
702 2099 87 30 allem
823 2099 76 32 über
932 2100 49 31 die
1015 2102 71 30 sehr
1110 2102 245 40 bejahenswcrte
