1654 2540
1305 2203 62 39 133

163 250 138 30 Zusagen
318 241 50 32 die
383 242 101 31 Kirnst
502 242 54 31 des
572 242 208 31 moralischen
796 243 275 40 Katzenjammers,
1089 243 55 32 der
1160 243 126 32 Abkehr
1303 254 62 20 von

164 287 55 31 der
241 287 124 38 großen
388 287 90 31 Welt.
527 288 162 39 Irgendein
714 288 133 32 Himmel
874 288 84 32 dient
982 288 41 31 da
1047 299 178 29 sozusagen
1251 289 46 31 als
1323 299 28 21 er-

163 332 145 31 lösendes
332 332 137 41 Prinzip,
503 334 48 30 ein
574 333 167 41 Gärtchen,
776 335 48 30 ein
847 334 180 40 Weibchen,
1063 336 48 29 ein
1136 334 97 31 stilles
1257 334 108 31 blaues

162 377 156 32 Bächlein.
369 377 87 32 Oder
484 378 260 41 Wolkenpaläste,
785 379 151 40 vergilbte
965 380 110 39 Briefe,
1115 380 248 31 schlichtweißes

163 423 96 31 Haar.
300 423 111 32 Solche
431 424 207 39 Erzeugnisse
657 425 71 31 sind
747 435 58 21 vor
826 426 88 30 allem
935 426 52 31 auf
1009 426 131 39 Frauen,
1161 426 119 32 Kinder
1299 425 64 31 und

162 469 163 32 schwache
348 469 219 39 Intelligenzen
589 470 161 39 wirksam;
785 471 44 30 sie
851 470 127 31 werden
1002 472 88 30 meist
1113 481 63 22 von
1202 472 161 38 Pastoren,

162 513 114 32 älteren
299 515 195 38 Jungfrauen
528 516 67 30 und
629 516 123 30 ähnlich
789 518 190 36 impotenten
1005 516 136 39 Figuren
1177 516 186 40 hergestellt.

163 560 42 30 Es
227 560 69 38 gibt
320 561 78 30 auch
424 560 157 32 Klassiker
606 561 100 30 dieses
731 560 157 39 Schlages.
934 562 43 29 So
1012 562 71 29 sind
1118 572 26 20 z.
1172 562 34 31 B.
1243 561 120 40 Geibel,

162 605 170 40 Schwindt,
356 606 71 31 Voß
453 606 131 30 beliebte
608 606 66 30 und
698 606 95 30 hehre
817 606 176 30 Vorbilder.
1041 607 59 30 Die
1125 607 238 38 ursprüngliche

162 652 90 30 Basis
269 650 55 31 der
342 651 91 31 darin
450 661 71 20 zum
540 650 165 31 Ausdruck
721 650 216 39 gelangenden
955 650 161 39 Ideologie
1134 653 40 29 ist
1191 652 49 30 die
1257 652 91 30 christ-

161 696 79 31 liche
259 696 122 31 Kirche.
424 696 71 30 Daß
517 696 83 31 diese
621 696 84 30 stark
725 705 40 21 an
785 696 107 32 Macht
913 696 171 39 eingebtißt
1104 696 63 40 hat,
1188 697 176 31 verhindert

161 741 145 31 indessen
341 741 94 40 nicht,
472 741 62 31 daß
571 742 66 30 ihre
673 741 282 40 psychologischen
993 741 153 31 Einflüsse
1183 742 50 30 auf
1270 742 95 30 breite

162 786 161 31 Schichten
346 786 91 31 heute
457 787 83 30 noch
563 788 133 29 intensiv
718 786 206 32 nachwirken.

245 840 59 40 Da,
321 849 53 21 wo
392 841 68 38 jene
475 840 132 31 indirekt
625 840 185 31 kirchlichen
831 841 158 32 Produkte
1007 842 151 31 aufhören
1177 852 40 22 zu
1235 844 128 38 wirken,

160 894 54 21 wo
237 884 123 40 Skepsis
381 894 49 21 am
452 886 133 38 simplen
607 886 149 31 Weltbild
779 886 54 31 des
855 888 209 37 pietistischen
1088 888 168 32 Träumers
1278 892 85 35 nagt,

162 931 39 30 da
226 931 132 31 entsteht
382 931 54 31 der
457 932 160 38 geeignete
641 932 109 31 Boden
784 932 50 30 für
857 934 66 30 eine
947 932 122 41 andere,
1105 935 67 30 eine
1205 934 142 39 mystisch-

162 976 229 31 okkultistische
414 976 152 31 Literatur
588 976 106 39 (deren
716 978 198 38 populärster
935 979 154 30 Vertreter
1110 979 114 32 Rudolf
1246 979 118 31 Steiner

161 1022 62 38 ist).
269 1021 63 31 Auf
356 1021 113 31 diesem
494 1022 130 31 Gebiete
647 1023 68 38 gibt
739 1033 33 21 es
795 1023 231 39 umfangreiche
1051 1024 311 39 Spezialliteraturen.

161 1066 89 31 Auch
273 1067 50 31 die
344 1067 274 39 Kunstgattungen
641 1068 54 31 der
717 1068 127 31 Malerei
868 1069 64 30 und
956 1070 105 29 Musik
1083 1070 115 30 weisen
1221 1070 142 31 ähnliche

161 1112 185 31 Tendenzen
369 1113 60 38 auf,
454 1113 80 30 doch
556 1113 206 40 schwächere,
787 1113 40 31 da
848 1115 31 29 in
902 1114 56 30 der
980 1115 92 38 Regel
1095 1115 251 31 abstrakt-theore-

160 1158 97 30 tische
275 1158 217 32 Konfusionen
513 1158 225 30 vorherrschen
762 1158 142 41 (Gnosis,
927 1160 140 39 Kaballa,
1089 1160 149 40 indische,
1261 1161 85 30 chine-

162 1203 100 30 sische
285 1202 259 40 Geheimlehren).
589 1205 65 29 Der
675 1204 139 39 Umfang
836 1204 54 31 des
914 1205 168 32 Einflusses
1104 1206 40 30 ist
1166 1206 122 30 schwer
1311 1207 34 30 ab-

161 1248 196 40 zuschätzen,
376 1248 40 31 da
436 1248 59 31 den
513 1249 173 40 Schichten,
704 1249 49 31 die
772 1250 64 30 sich
857 1250 95 31 damit
971 1251 153 38 befassen,
1144 1251 49 30 die
1212 1251 150 39 Neigung

161 1303 56 21 zur
239 1293 317 39 Abgeschlossenheit
579 1295 64 30 und
666 1305 57 20 zur
745 1294 328 33 Geheimniskrämerei
1097 1297 87 37 eigen
1209 1298 48 29 ist.
1304 1298 57 29 Die

161 1338 196 32 Produktion
377 1339 100 31 dieser
497 1339 66 40 Art,
584 1350 58 21 vor
662 1341 88 30 allem
772 1340 56 31 das
850 1341 148 30 Interesse
1021 1341 99 34 dafür,
1142 1343 39 29 ist
1200 1343 144 37 gewisser-

160 1385 113 29 maßen
299 1383 166 31 Ausdruck
490 1386 84 29 einer
598 1386 138 30 sozialen
763 1385 195 40 Pathologie,
984 1388 44 29 sie
1054 1387 91 30 wirkt
1172 1387 190 31 verwirrend

161 1430 66 30 und
245 1429 243 40 sektenbildend,
508 1433 92 35 zeugt
619 1430 227 31 Größenwahn
865 1432 65 29 und
949 1432 115 30 andere
1083 1432 58 31 fixe
1162 1432 101 40 Ideen,
1283 1432 80 31 zieht

161 1475 39 30 all
224 1475 49 31 die
297 1475 169 31 Menschen
490 1485 49 30 an,
563 1475 92 31 deren
678 1475 179 40 Intelligenz
882 1477 64 30 und
968 1477 329 38 Fassungsvermögen
1323 1487 39 21 zu

160 1522 113 37 gering
296 1521 40 30 ist
356 1521 42 30 im
422 1521 176 31 Verhältnis
622 1531 40 21 zu
687 1522 97 30 ihrem
808 1522 253 41 Wissensdrang,
1088 1522 55 32 der
1166 1532 37 21 so
1228 1532 58 21 zur
1310 1524 36 29 Be-

161 1565 164 39 drückung
343 1566 81 30 wird
447 1567 64 30 und
532 1567 78 30 nach
634 1567 97 30 einem
755 1567 156 39 Auswege
932 1568 99 31 sucht.

244 1623 76 31 Dies
335 1624 40 30 ist
394 1623 49 31 die
461 1625 168 31 Brutstätte
646 1625 74 31 aller
738 1626 199 40 Dilettanten,
955 1626 187 33 Charlatane
1161 1628 64 31 und
1243 1628 100 36 Quack-

160 1668 112 39 salber,
299 1668 56 30 das
382 1668 162 32 Eldorado
572 1671 278 38 psychologischer
875 1672 217 40 Hochstapler.
1143 1674 57 30 Die
1227 1675 118 30 Verhält-

160 1714 82 29 nisse
266 1713 55 31 der
342 1713 110 32 letzten
476 1715 104 38 Jahre,
607 1716 54 31 der
683 1716 181 39 allgemeine
888 1718 110 37 Drang
1022 1719 79 29 nach
1125 1719 159 39 Erlösung
1308 1720 53 30 hat

161 1758 49 30 die
231 1758 199 39 Konjunktur
452 1760 171 39 derartiger
644 1761 107 31 Kreise
773 1762 65 30 und
861 1762 238 38 Spekulationen
1124 1766 165 36 ungemein
1312 1764 32 31 be-

161 1804 150 38 günstigt.
361 1804 43 30 Es
432 1805 126 31 handelt
584 1805 64 30 sich
678 1806 67 30 hier
772 1806 152 31 natürlich
954 1807 84 30 nicht
1066 1809 87 30 mehr
1181 1818 51 21 um
1261 1809 82 38 prole-

161 1848 146 31 tarisches
335 1849 173 39 Publikum,
546 1850 137 30 sondern
723 1860 51 20 um
812 1851 207 31 exzentrische
1049 1853 199 39 Bürgerliche
1285 1854 74 30 aller

161 1894 265 39 Schattierungen,
453 1894 233 39 hauptsächlich
715 1905 52 20 um
795 1896 177 38 Hysteriker
998 1897 65 30 und
1090 1898 270 32 Neurastheniker.

161 1940 58 30 Die
255 1940 196 38 Wichtigkeit
488 1940 66 30 und
591 1940 50 31 die
677 1940 252 39 Auswirkungen
967 1942 123 31 solcher
1129 1944 229 39 Erzeugungen

161 1984 126 31 werden
306 1994 62 21 von
389 1985 86 31 ihren
494 1985 233 31 Konsumenten
746 1995 95 28 gerne
862 1987 197 32 überschätzt
1137 1989 60 31 wie
1218 1999 33 21 es
1273 1990 72 31 über-

163 2031 97 38 haupt
276 2031 253 39 symptomatisch
548 2032 48 38 ist,
615 2031 62 31 daß
695 2032 49 30 die
762 2031 100 32 Kunst
881 2032 116 31 ebenso
1014 2034 60 30 wie
1092 2034 114 31 andere
1222 2035 120 32 mensch-

161 2077 79 30 liche
259 2075 238 32 Liebhabereien
518 2076 64 31 und
603 2076 251 31 Leidenschaften
876 2086 52 22 um
950 2087 38 22 so
1008 2079 162 38 wichtiger
1191 2080 67 31 und
1277 2082 68 30 welt-

163 2121 204 39 bewegender
389 2122 114 31 auftritt
526 2122 63 30 und
610 2122 179 31 tatsächlich
810 2132 63 22 von
897 2122 58 32 den
979 2123 171 40 Schichten,
1172 2125 52 32 für
1245 2126 50 31 die
1318 2129 44 29 sie
