<?xml version="1.0" encoding="UTF-8"?>
<alto xmlns:xsi="http://www.w3.org/2001/XMLSchema-instance" xmlns="http://www.loc.gov/standards/alto/ns-v2#" xsi:schemaLocation="http://www.loc.gov/standards/alto/ns-v2# http://www.loc.gov/standards/alto/v2/alto-2-0.xsd" xmlns:xlink="http://www.w3.org/1999/xlink">
	<Description>
		<MeasurementUnit>mm10</MeasurementUnit>
		<sourceImageInformation>
			<fileName>./bmtnabs_1920-09_01_0036.jp2</fileName>
		</sourceImageInformation>
		<OCRProcessing ID="OCRPROCESSING_1">
			<preProcessingStep>
				<processingSoftware>
					<softwareCreator>CCS Content Conversion Specialists GmbH, Germany</softwareCreator>
					<softwareName>CCS docWorks</softwareName>
					<softwareVersion>6.8-1.27</softwareVersion>
				</processingSoftware>
			</preProcessingStep>
			<ocrProcessingStep>
				<processingSoftware>
					<softwareCreator>ABBYY (BIT Software), Russia</softwareCreator>
					<softwareName>FineReader</softwareName>
					<softwareVersion>11.0</softwareVersion>
				</processingSoftware>
			</ocrProcessingStep>
			<postProcessingStep>
				<processingSoftware>
					<softwareCreator>CCS Content Conversion Specialists GmbH, Germany</softwareCreator>
					<softwareName>CCS docWorks</softwareName>
					<softwareVersion>6.8-1.27</softwareVersion>
					<applicationDescription>docWorks: Text modified manually, or automatically replaced</applicationDescription>
				</processingSoftware>
			</postProcessingStep>
		</OCRProcessing>
	</Description>
	<Styles>
		<TextStyle ID="TXT_0" FONTSIZE="55" FONTFAMILY="Arial"/>
		<TextStyle ID="TXT_1" FONTSIZE="12" FONTFAMILY="Times New Roman"/>
		<ParagraphStyle ID="PAR_LEFT" ALIGN="Left"/>
	</Styles>
	<Layout>
		<Page ID="P36" PHYSICAL_IMG_NR="36" HEIGHT="2540" WIDTH="1659" PRINTED_IMG_NR="154" PC="0.940">
			<TopMargin ID="P36_TM00001" HPOS="0" VPOS="0" WIDTH="1659" HEIGHT="243"/>
			<LeftMargin ID="P36_LM00001" HPOS="0" VPOS="243" WIDTH="287" HEIGHT="1955"/>
			<RightMargin ID="P36_RM00001" HPOS="1490" VPOS="243" WIDTH="169" HEIGHT="1955"/>
			<BottomMargin ID="P36_BM00001" HPOS="0" VPOS="2198" WIDTH="1659" HEIGHT="342">
				<TextBlock ID="P36_TB00001" HPOS="289" VPOS="2200" WIDTH="57" HEIGHT="35" STYLEREFS="TXT_0 PAR_LEFT">
					<TextLine ID="P36_TL00001" HPOS="289" VPOS="2200" WIDTH="57" HEIGHT="35">
						<String ID="P36_ST00001" HPOS="289" VPOS="2200" WIDTH="57" HEIGHT="35" CONTENT="154" WC="1.00" CC="000"/>
					</TextLine>
				</TextBlock>
			</BottomMargin>
			<PrintSpace ID="P36_PS00001" HPOS="287" VPOS="243" WIDTH="1203" HEIGHT="1955">
				<TextBlock ID="P36_TB00002" HPOS="287" VPOS="243" WIDTH="1203" HEIGHT="1920" STYLEREFS="TXT_1 PAR_LEFT">
					<TextLine ID="P36_TL00002" HPOS="292" VPOS="244" WIDTH="1197" HEIGHT="40">
						<String ID="P36_ST00002" HPOS="292" VPOS="247" WIDTH="130" HEIGHT="30" CONTENT="wenden" WC="0.96" CC="675878"/>
						<SP ID="P36_SP00001" HPOS="422" VPOS="277" WIDTH="73"/>
						<String ID="P36_ST00003" HPOS="495" VPOS="245" WIDTH="59" HEIGHT="30" CONTENT="den" WC="0.95" CC="606"/>
						<SP ID="P36_SP00002" HPOS="554" VPOS="277" WIDTH="18"/>
						<String ID="P36_ST00004" HPOS="572" VPOS="245" WIDTH="181" HEIGHT="39" CONTENT="bekannten," WC="0.98" CC="6900770477"/>
						<SP ID="P36_SP00003" HPOS="753" VPOS="284" WIDTH="17"/>
						<String ID="P36_ST00005" HPOS="770" VPOS="244" WIDTH="82" HEIGHT="31" CONTENT="alten" WC="0.97" CC="07707"/>
						<SP ID="P36_SP00004" HPOS="852" VPOS="284" WIDTH="17"/>
						<String ID="P36_ST00006" HPOS="869" VPOS="245" WIDTH="218" HEIGHT="38" CONTENT="bürgerlichen" WC="0.99" CC="705926600607"/>
						<SP ID="P36_SP00005" HPOS="1087" VPOS="284" WIDTH="17"/>
						<String ID="P36_ST00007" HPOS="1104" VPOS="244" WIDTH="155" HEIGHT="31" CONTENT="Einwand" WC="0.98" CC="3690175"/>
						<SP ID="P36_SP00006" HPOS="1259" VPOS="284" WIDTH="18"/>
						<String ID="P36_ST00008" HPOS="1277" VPOS="262" WIDTH="48" HEIGHT="22" CONTENT="—," WC="0.41" CC="83"/>
						<SP ID="P36_SP00007" HPOS="1325" VPOS="284" WIDTH="21"/>
						<String ID="P36_ST00009" HPOS="1346" VPOS="244" WIDTH="61" HEIGHT="31" CONTENT="daß" WC="0.94" CC="472"/>
						<SP ID="P36_SP00008" HPOS="1407" VPOS="284" WIDTH="17"/>
						<String ID="P36_ST00010" HPOS="1424" VPOS="244" WIDTH="65" HEIGHT="30" CONTENT="dies" WC="0.95" CC="6663"/>
					</TextLine>
					<TextLine ID="P36_TL00003" HPOS="293" VPOS="289" WIDTH="1196" HEIGHT="40">
						<String ID="P36_ST00011" HPOS="293" VPOS="292" WIDTH="84" HEIGHT="31" CONTENT="nicht" WC="0.96" CC="09777"/>
						<SP ID="P36_SP00009" HPOS="377" VPOS="323" WIDTH="17"/>
						<String ID="P36_ST00012" HPOS="394" VPOS="291" WIDTH="49" HEIGHT="30" CONTENT="die" WC="0.94" CC="635"/>
						<SP ID="P36_SP00010" HPOS="443" VPOS="323" WIDTH="19"/>
						<String ID="P36_ST00013" HPOS="462" VPOS="290" WIDTH="96" HEIGHT="31" CONTENT="Sache" WC="0.99" CC="00700"/>
						<SP ID="P36_SP00011" HPOS="558" VPOS="323" WIDTH="19"/>
						<String ID="P36_ST00014" HPOS="577" VPOS="289" WIDTH="54" HEIGHT="32" CONTENT="des" WC="0.99" CC="020"/>
						<SP ID="P36_SP00012" HPOS="631" VPOS="323" WIDTH="18"/>
						<String ID="P36_ST00015" HPOS="649" VPOS="289" WIDTH="163" HEIGHT="33" CONTENT="Künstlers" WC="0.99" CC="407056060"/>
						<SP ID="P36_SP00013" HPOS="812" VPOS="323" WIDTH="18"/>
						<String ID="P36_ST00016" HPOS="830" VPOS="291" WIDTH="53" HEIGHT="29" CONTENT="sei." WC="0.96" CC="5364"/>
						<SP ID="P36_SP00014" HPOS="883" VPOS="323" WIDTH="40"/>
						<String ID="P36_ST00017" HPOS="923" VPOS="289" WIDTH="86" HEIGHT="31" CONTENT="Aber" WC="0.98" CC="0503"/>
						<SP ID="P36_SP00015" HPOS="1009" VPOS="323" WIDTH="16"/>
						<String ID="P36_ST00018" HPOS="1025" VPOS="290" WIDTH="62" HEIGHT="30" CONTENT="wir" WC="0.95" CC="076"/>
						<SP ID="P36_SP00016" HPOS="1087" VPOS="323" WIDTH="19"/>
						<String ID="P36_ST00019" HPOS="1106" VPOS="290" WIDTH="112" HEIGHT="30" CONTENT="wissen" WC="0.97" CC="905076"/>
						<SP ID="P36_SP00017" HPOS="1218" VPOS="323" WIDTH="19"/>
						<String ID="P36_ST00020" HPOS="1237" VPOS="290" WIDTH="100" HEIGHT="39" CONTENT="heute," WC="0.99" CC="606002"/>
						<SP ID="P36_SP00018" HPOS="1337" VPOS="329" WIDTH="20"/>
						<String ID="P36_ST00021" HPOS="1357" VPOS="289" WIDTH="62" HEIGHT="31" CONTENT="daß" WC="0.99" CC="003"/>
						<SP ID="P36_SP00019" HPOS="1419" VPOS="329" WIDTH="21"/>
						<String ID="P36_ST00022" HPOS="1440" VPOS="289" WIDTH="49" HEIGHT="30" CONTENT="die" WC="0.98" CC="400"/>
					</TextLine>
					<TextLine ID="P36_TL00004" HPOS="293" VPOS="334" WIDTH="1195" HEIGHT="40">
						<String ID="P36_ST00023" HPOS="293" VPOS="336" WIDTH="231" HEIGHT="38" CONTENT="Entscheidung" WC="0.98" CC="576277520666"/>
						<SP ID="P36_SP00020" HPOS="524" VPOS="374" WIDTH="32"/>
						<String ID="P36_ST00024" HPOS="556" VPOS="336" WIDTH="33" HEIGHT="29" CONTENT="in" WC="0.47" CC="36"/>
						<SP ID="P36_SP00021" HPOS="589" VPOS="374" WIDTH="33"/>
						<String ID="P36_ST00025" HPOS="622" VPOS="334" WIDTH="245" HEIGHT="32" CONTENT="unerhörtestem" WC="0.99" CC="7560720650342"/>
						<SP ID="P36_SP00022" HPOS="867" VPOS="374" WIDTH="32"/>
						<String ID="P36_ST00026" HPOS="899" VPOS="334" WIDTH="96" HEIGHT="31" CONTENT="Maße" WC="1.00" CC="0010"/>
						<SP ID="P36_SP00023" HPOS="995" VPOS="374" WIDTH="32"/>
						<String ID="P36_ST00027" HPOS="1027" VPOS="334" WIDTH="96" HEIGHT="31" CONTENT="Sache" WC="0.99" CC="01170"/>
						<SP ID="P36_SP00024" HPOS="1123" VPOS="374" WIDTH="35"/>
						<String ID="P36_ST00028" HPOS="1158" VPOS="334" WIDTH="54" HEIGHT="31" CONTENT="des" WC="0.97" CC="420"/>
						<SP ID="P36_SP00025" HPOS="1212" VPOS="374" WIDTH="33"/>
						<String ID="P36_ST00029" HPOS="1245" VPOS="334" WIDTH="163" HEIGHT="32" CONTENT="Künstlers" WC="0.99" CC="507005000"/>
						<SP ID="P36_SP00026" HPOS="1408" VPOS="374" WIDTH="32"/>
						<String ID="P36_ST00030" HPOS="1440" VPOS="335" WIDTH="48" HEIGHT="30" CONTENT="ist." WC="0.96" CC="6074"/>
					</TextLine>
					<TextLine ID="P36_TL00005" HPOS="292" VPOS="379" WIDTH="1196" HEIGHT="33">
						<String ID="P36_ST00031" HPOS="292" VPOS="383" WIDTH="89" HEIGHT="29" CONTENT="Denn" WC="0.96" CC="6076"/>
						<SP ID="P36_SP00027" HPOS="381" VPOS="412" WIDTH="26"/>
						<String ID="P36_ST00032" HPOS="407" VPOS="381" WIDTH="97" HEIGHT="31" CONTENT="bevor" WC="0.96" CC="73656"/>
						<SP ID="P36_SP00028" HPOS="504" VPOS="412" WIDTH="24"/>
						<String ID="P36_ST00033" HPOS="528" VPOS="381" WIDTH="49" HEIGHT="30" CONTENT="die" WC="0.99" CC="020"/>
						<SP ID="P36_SP00029" HPOS="577" VPOS="412" WIDTH="25"/>
						<String ID="P36_ST00034" HPOS="602" VPOS="380" WIDTH="97" HEIGHT="31" CONTENT="Welle" WC="0.97" CC="52660"/>
						<SP ID="P36_SP00030" HPOS="699" VPOS="412" WIDTH="25"/>
						<String ID="P36_ST00035" HPOS="724" VPOS="380" WIDTH="55" HEIGHT="31" CONTENT="der" WC="0.98" CC="600"/>
						<SP ID="P36_SP00031" HPOS="779" VPOS="412" WIDTH="24"/>
						<String ID="P36_ST00036" HPOS="803" VPOS="380" WIDTH="138" HEIGHT="31" CONTENT="sozialen" WC="0.99" CC="03021707"/>
						<SP ID="P36_SP00032" HPOS="941" VPOS="412" WIDTH="26"/>
						<String ID="P36_ST00037" HPOS="967" VPOS="379" WIDTH="185" HEIGHT="33" CONTENT="Revolution" WC="0.99" CC="7005676040"/>
						<SP ID="P36_SP00033" HPOS="1152" VPOS="412" WIDTH="26"/>
						<String ID="P36_ST00038" HPOS="1178" VPOS="381" WIDTH="32" HEIGHT="29" CONTENT="in" WC="0.97" CC="00"/>
						<SP ID="P36_SP00034" HPOS="1210" VPOS="412" WIDTH="25"/>
						<String ID="P36_ST00039" HPOS="1235" VPOS="381" WIDTH="88" HEIGHT="30" CONTENT="ihren" WC="0.97" CC="66006"/>
						<SP ID="P36_SP00035" HPOS="1323" VPOS="412" WIDTH="27"/>
						<String ID="P36_ST00040" HPOS="1350" VPOS="381" WIDTH="119" HEIGHT="30" CONTENT="Massen" SUBS_TYPE="HypPart1" SUBS_CONTENT="Massenaktionen" WC="0.98" CC="090577"/>
						<HYP HPOS="1469" VPOS="381" WIDTH="19" CONTENT="-"/>
					</TextLine>
					<TextLine ID="P36_TL00006" HPOS="292" VPOS="424" WIDTH="1116" HEIGHT="41">
						<String ID="P36_ST00041" HPOS="292" VPOS="428" WIDTH="142" HEIGHT="30" CONTENT="aktionen" SUBS_TYPE="HypPart2" SUBS_CONTENT="Massenaktionen" WC="0.98" CC="05757777"/>
						<SP ID="P36_SP00036" HPOS="434" VPOS="458" WIDTH="23"/>
						<String ID="P36_ST00042" HPOS="457" VPOS="426" WIDTH="78" HEIGHT="31" CONTENT="über" WC="0.97" CC="4630"/>
						<SP ID="P36_SP00037" HPOS="535" VPOS="458" WIDTH="24"/>
						<String ID="P36_ST00043" HPOS="559" VPOS="426" WIDTH="48" HEIGHT="30" CONTENT="die" WC="0.98" CC="400"/>
						<SP ID="P36_SP00038" HPOS="607" VPOS="458" WIDTH="22"/>
						<String ID="P36_ST00044" HPOS="629" VPOS="426" WIDTH="81" HEIGHT="31" CONTENT="Welt" WC="0.97" CC="6070"/>
						<SP ID="P36_SP00039" HPOS="710" VPOS="458" WIDTH="21"/>
						<String ID="P36_ST00045" HPOS="731" VPOS="425" WIDTH="112" HEIGHT="40" CONTENT="flutete," WC="0.99" CC="72750023"/>
						<SP ID="P36_SP00040" HPOS="843" VPOS="465" WIDTH="34"/>
						<String ID="P36_ST00046" HPOS="877" VPOS="426" WIDTH="32" HEIGHT="30" CONTENT="in" WC="0.51" CC="54"/>
						<SP ID="P36_SP00041" HPOS="909" VPOS="465" WIDTH="25"/>
						<String ID="P36_ST00047" HPOS="934" VPOS="424" WIDTH="120" HEIGHT="41" CONTENT="„stillen" WC="0.99" CC="10306525"/>
						<SP ID="P36_SP00042" HPOS="1054" VPOS="465" WIDTH="24"/>
						<String ID="P36_ST00048" HPOS="1078" VPOS="425" WIDTH="125" HEIGHT="31" CONTENT="Zeiten“" WC="0.98" CC="3040378"/>
						<SP ID="P36_SP00043" HPOS="1203" VPOS="465" WIDTH="26"/>
						<String ID="P36_ST00049" HPOS="1229" VPOS="425" WIDTH="77" HEIGHT="39" CONTENT="also," WC="0.97" CC="74061"/>
						<SP ID="P36_SP00044" HPOS="1306" VPOS="465" WIDTH="35"/>
						<String ID="P36_ST00050" HPOS="1341" VPOS="435" WIDTH="67" HEIGHT="21" CONTENT="war" WC="0.97" CC="007"/>
						<SP ID="P36_SP00045" HPOS="1408" VPOS="465" WIDTH="0"/>
					</TextLine>
					<TextLine ID="P36_TL00007" HPOS="290" VPOS="470" WIDTH="1198" HEIGHT="40">
						<String ID="P36_ST00051" HPOS="290" VPOS="472" WIDTH="146" HEIGHT="33" CONTENT="Künstler" WC="0.98" CC="40796716"/>
						<SP ID="P36_SP00046" HPOS="436" VPOS="505" WIDTH="12"/>
						<String ID="P36_ST00052" HPOS="448" VPOS="474" WIDTH="33" HEIGHT="29" CONTENT="in" WC="0.35" CC="57"/>
						<SP ID="P36_SP00047" HPOS="481" VPOS="505" WIDTH="18"/>
						<String ID="P36_ST00053" HPOS="499" VPOS="471" WIDTH="54" HEIGHT="31" CONTENT="der" WC="0.95" CC="077"/>
						<SP ID="P36_SP00048" HPOS="553" VPOS="505" WIDTH="16"/>
						<String ID="P36_ST00054" HPOS="569" VPOS="471" WIDTH="59" HEIGHT="31" CONTENT="Tat" WC="1.00" CC="000"/>
						<SP ID="P36_SP00049" HPOS="628" VPOS="505" WIDTH="17"/>
						<String ID="P36_ST00055" HPOS="645" VPOS="473" WIDTH="66" HEIGHT="29" CONTENT="eine" WC="0.96" CC="3454"/>
						<SP ID="P36_SP00050" HPOS="711" VPOS="505" WIDTH="17"/>
						<String ID="P36_ST00056" HPOS="728" VPOS="470" WIDTH="267" HEIGHT="40" CONTENT="Sonderexistenz," WC="1.00" CC="027006000000754"/>
						<SP ID="P36_SP00051" HPOS="995" VPOS="510" WIDTH="15"/>
						<String ID="P36_ST00057" HPOS="1010" VPOS="480" WIDTH="73" HEIGHT="21" CONTENT="vom" WC="0.97" CC="042"/>
						<SP ID="P36_SP00052" HPOS="1083" VPOS="510" WIDTH="17"/>
						<String ID="P36_ST00058" HPOS="1100" VPOS="470" WIDTH="96" HEIGHT="31" CONTENT="Volke" WC="0.99" CC="11500"/>
						<SP ID="P36_SP00053" HPOS="1196" VPOS="510" WIDTH="18"/>
						<String ID="P36_ST00059" HPOS="1214" VPOS="470" WIDTH="183" HEIGHT="39" CONTENT="abgetrennt" WC="0.98" CC="5792161777"/>
						<SP ID="P36_SP00054" HPOS="1397" VPOS="510" WIDTH="17"/>
						<String ID="P36_ST00060" HPOS="1414" VPOS="471" WIDTH="74" HEIGHT="39" CONTENT="und," WC="0.94" CC="7764"/>
					</TextLine>
					<TextLine ID="P36_TL00008" HPOS="291" VPOS="515" WIDTH="1198" HEIGHT="40">
						<String ID="P36_ST00061" HPOS="291" VPOS="518" WIDTH="51" HEIGHT="30" CONTENT="auf" WC="0.94" CC="374"/>
						<SP ID="P36_SP00055" HPOS="342" VPOS="548" WIDTH="23"/>
						<String ID="P36_ST00062" HPOS="365" VPOS="517" WIDTH="139" HEIGHT="31" CONTENT="niederer" WC="0.98" CC="72610427"/>
						<SP ID="P36_SP00056" HPOS="504" VPOS="548" WIDTH="24"/>
						<String ID="P36_ST00063" HPOS="528" VPOS="517" WIDTH="84" HEIGHT="31" CONTENT="Stufe" WC="0.98" CC="02760"/>
						<SP ID="P36_SP00057" HPOS="612" VPOS="548" WIDTH="24"/>
						<String ID="P36_ST00064" HPOS="636" VPOS="525" WIDTH="56" HEIGHT="22" CONTENT="zur" WC="0.94" CC="275"/>
						<SP ID="P36_SP00058" HPOS="692" VPOS="548" WIDTH="24"/>
						<String ID="P36_ST00065" HPOS="716" VPOS="517" WIDTH="99" HEIGHT="30" CONTENT="rohen" WC="0.96" CC="56607"/>
						<SP ID="P36_SP00059" HPOS="815" VPOS="548" WIDTH="26"/>
						<String ID="P36_ST00066" HPOS="841" VPOS="516" WIDTH="232" HEIGHT="39" CONTENT="Unterhaltung" WC="0.99" CC="356017046779"/>
						<SP ID="P36_SP00060" HPOS="1073" VPOS="555" WIDTH="25"/>
						<String ID="P36_ST00067" HPOS="1098" VPOS="516" WIDTH="50" HEIGHT="39" CONTENT="da," WC="0.94" CC="914"/>
						<SP ID="P36_SP00061" HPOS="1148" VPOS="555" WIDTH="26"/>
						<String ID="P36_ST00068" HPOS="1174" VPOS="516" WIDTH="50" HEIGHT="30" CONTENT="auf" WC="0.93" CC="376"/>
						<SP ID="P36_SP00062" HPOS="1224" VPOS="555" WIDTH="24"/>
						<String ID="P36_ST00069" HPOS="1248" VPOS="515" WIDTH="134" HEIGHT="32" CONTENT="höherer" WC="0.98" CC="7306375"/>
						<SP ID="P36_SP00063" HPOS="1382" VPOS="555" WIDTH="23"/>
						<String ID="P36_ST00070" HPOS="1405" VPOS="516" WIDTH="84" HEIGHT="30" CONTENT="Stufe" WC="0.96" CC="37875"/>
					</TextLine>
					<TextLine ID="P36_TL00009" HPOS="291" VPOS="560" WIDTH="1198" HEIGHT="42">
						<String ID="P36_ST00071" HPOS="291" VPOS="564" WIDTH="133" HEIGHT="38" CONTENT="Bringer" WC="0.97" CC="6707936"/>
						<SP ID="P36_SP00064" HPOS="424" VPOS="602" WIDTH="22"/>
						<String ID="P36_ST00072" HPOS="446" VPOS="572" WIDTH="63" HEIGHT="21" CONTENT="von" WC="0.98" CC="040"/>
						<SP ID="P36_SP00065" HPOS="509" VPOS="602" WIDTH="26"/>
						<String ID="P36_ST00073" HPOS="535" VPOS="562" WIDTH="238" HEIGHT="39" CONTENT="Inspirationen," WC="0.99" CC="76033740357064"/>
						<SP ID="P36_SP00066" HPOS="773" VPOS="602" WIDTH="26"/>
						<String ID="P36_ST00074" HPOS="799" VPOS="561" WIDTH="281" HEIGHT="31" CONTENT="Aufrechterhalter" WC="0.99" CC="1763000056716706"/>
						<SP ID="P36_SP00067" HPOS="1080" VPOS="602" WIDTH="26"/>
						<String ID="P36_ST00075" HPOS="1106" VPOS="561" WIDTH="54" HEIGHT="31" CONTENT="der" WC="0.98" CC="006"/>
						<SP ID="P36_SP00068" HPOS="1160" VPOS="602" WIDTH="26"/>
						<String ID="P36_ST00076" HPOS="1186" VPOS="561" WIDTH="146" HEIGHT="39" CONTENT="Flamme," WC="0.98" CC="6650004"/>
						<SP ID="P36_SP00069" HPOS="1332" VPOS="602" WIDTH="26"/>
						<String ID="P36_ST00077" HPOS="1358" VPOS="560" WIDTH="49" HEIGHT="32" CONTENT="die" WC="0.94" CC="906"/>
						<SP ID="P36_SP00070" HPOS="1407" VPOS="602" WIDTH="27"/>
						<String ID="P36_ST00078" HPOS="1434" VPOS="571" WIDTH="55" HEIGHT="20" CONTENT="aus" WC="0.96" CC="370"/>
					</TextLine>
					<TextLine ID="P36_TL00010" HPOS="291" VPOS="606" WIDTH="1198" HEIGHT="39">
						<String ID="P36_ST00079" HPOS="291" VPOS="608" WIDTH="69" HEIGHT="30" CONTENT="dem" WC="0.94" CC="078"/>
						<SP ID="P36_SP00071" HPOS="360" VPOS="638" WIDTH="26"/>
						<String ID="P36_ST00080" HPOS="386" VPOS="608" WIDTH="283" HEIGHT="30" CONTENT="Menschenherzen" WC="0.99" CC="00767767420047"/>
						<SP ID="P36_SP00072" HPOS="669" VPOS="638" WIDTH="25"/>
						<String ID="P36_ST00081" HPOS="694" VPOS="607" WIDTH="116" HEIGHT="38" CONTENT="glühen" WC="0.98" CC="900047"/>
						<SP ID="P36_SP00073" HPOS="810" VPOS="645" WIDTH="27"/>
						<String ID="P36_ST00082" HPOS="837" VPOS="607" WIDTH="97" HEIGHT="38" CONTENT="kann;" WC="0.97" CC="04773"/>
						<SP ID="P36_SP00074" HPOS="934" VPOS="645" WIDTH="38"/>
						<String ID="P36_ST00083" HPOS="972" VPOS="607" WIDTH="74" HEIGHT="31" CONTENT="aber" WC="0.96" CC="3624"/>
						<SP ID="P36_SP00075" HPOS="1046" VPOS="645" WIDTH="36"/>
						<String ID="P36_ST00084" HPOS="1082" VPOS="607" WIDTH="95" HEIGHT="30" CONTENT="selbst" WC="0.98" CC="044054"/>
						<SP ID="P36_SP00076" HPOS="1177" VPOS="645" WIDTH="37"/>
						<String ID="P36_ST00085" HPOS="1214" VPOS="606" WIDTH="82" HEIGHT="31" CONTENT="diese" WC="0.98" CC="33304"/>
						<SP ID="P36_SP00077" HPOS="1296" VPOS="645" WIDTH="34"/>
						<String ID="P36_ST00086" HPOS="1330" VPOS="606" WIDTH="159" HEIGHT="31" CONTENT="kulturelle" WC="0.98" CC="4703774473"/>
					</TextLine>
					<TextLine ID="P36_TL00011" HPOS="290" VPOS="652" WIDTH="1198" HEIGHT="41">
						<String ID="P36_ST00087" HPOS="290" VPOS="654" WIDTH="139" HEIGHT="39" CONTENT="Stellung" WC="0.97" CC="67067779"/>
						<SP ID="P36_SP00078" HPOS="429" VPOS="693" WIDTH="32"/>
						<String ID="P36_ST00088" HPOS="461" VPOS="653" WIDTH="102" HEIGHT="39" CONTENT="ergibt" WC="0.98" CC="069302"/>
						<SP ID="P36_SP00079" HPOS="563" VPOS="693" WIDTH="31"/>
						<String ID="P36_ST00089" HPOS="594" VPOS="653" WIDTH="65" HEIGHT="31" CONTENT="sich" WC="0.97" CC="0436"/>
						<SP ID="P36_SP00080" HPOS="659" VPOS="693" WIDTH="33"/>
						<String ID="P36_ST00090" HPOS="692" VPOS="652" WIDTH="89" HEIGHT="32" CONTENT="heute" WC="0.99" CC="00700"/>
						<SP ID="P36_SP00081" HPOS="781" VPOS="693" WIDTH="34"/>
						<String ID="P36_ST00091" HPOS="815" VPOS="653" WIDTH="46" HEIGHT="30" CONTENT="als" WC="0.99" CC="002"/>
						<SP ID="P36_SP00082" HPOS="861" VPOS="693" WIDTH="34"/>
						<String ID="P36_ST00092" HPOS="895" VPOS="654" WIDTH="49" HEIGHT="30" CONTENT="ein" WC="0.95" CC="347"/>
						<SP ID="P36_SP00083" HPOS="944" VPOS="693" WIDTH="32"/>
						<String ID="P36_ST00093" HPOS="976" VPOS="652" WIDTH="202" HEIGHT="31" CONTENT="historisches" WC="0.99" CC="760076200050"/>
						<SP ID="P36_SP00084" HPOS="1178" VPOS="693" WIDTH="34"/>
						<String ID="P36_ST00094" HPOS="1212" VPOS="652" WIDTH="276" HEIGHT="30" CONTENT="Mißverständnis." WC="0.99" CC="154066502648304"/>
					</TextLine>
					<TextLine ID="P36_TL00012" HPOS="291" VPOS="698" WIDTH="1198" HEIGHT="40">
						<String ID="P36_ST00095" HPOS="291" VPOS="700" WIDTH="91" HEIGHT="30" CONTENT="Denn" WC="0.97" CC="3507"/>
						<SP ID="P36_SP00085" HPOS="382" VPOS="730" WIDTH="16"/>
						<String ID="P36_ST00096" HPOS="398" VPOS="708" WIDTH="72" HEIGHT="22" CONTENT="man" WC="0.95" CC="607"/>
						<SP ID="P36_SP00086" HPOS="470" VPOS="730" WIDTH="15"/>
						<String ID="P36_ST00097" HPOS="485" VPOS="699" WIDTH="128" HEIGHT="39" CONTENT="vergaß," WC="0.98" CC="6059062"/>
						<SP ID="P36_SP00087" HPOS="613" VPOS="738" WIDTH="16"/>
						<String ID="P36_ST00098" HPOS="629" VPOS="698" WIDTH="116" HEIGHT="31" CONTENT="welche" WC="0.98" CC="000675"/>
						<SP ID="P36_SP00088" HPOS="745" VPOS="738" WIDTH="17"/>
						<String ID="P36_ST00099" HPOS="762" VPOS="698" WIDTH="229" HEIGHT="38" CONTENT="Inspirationen" WC="0.99" CC="7567474003077"/>
						<SP ID="P36_SP00089" HPOS="991" VPOS="738" WIDTH="16"/>
						<String ID="P36_ST00100" HPOS="1007" VPOS="698" WIDTH="55" HEIGHT="31" CONTENT="der" WC="0.98" CC="006"/>
						<SP ID="P36_SP00090" HPOS="1062" VPOS="738" WIDTH="15"/>
						<String ID="P36_ST00101" HPOS="1077" VPOS="698" WIDTH="147" HEIGHT="32" CONTENT="Künstler" WC="0.99" CC="50000707"/>
						<SP ID="P36_SP00091" HPOS="1224" VPOS="738" WIDTH="16"/>
						<String ID="P36_ST00102" HPOS="1240" VPOS="698" WIDTH="132" HEIGHT="38" CONTENT="bringen" WC="0.98" CC="7717910"/>
						<SP ID="P36_SP00092" HPOS="1372" VPOS="738" WIDTH="16"/>
						<String ID="P36_ST00103" HPOS="1388" VPOS="698" WIDTH="101" HEIGHT="38" CONTENT="sollte," WC="0.99" CC="0707002"/>
					</TextLine>
					<TextLine ID="P36_TL00013" HPOS="290" VPOS="743" WIDTH="1199" HEIGHT="39">
						<String ID="P36_ST00104" HPOS="290" VPOS="745" WIDTH="117" HEIGHT="30" CONTENT="welche" WC="0.98" CC="056570"/>
						<SP ID="P36_SP00093" HPOS="407" VPOS="775" WIDTH="15"/>
						<String ID="P36_ST00105" HPOS="422" VPOS="744" WIDTH="136" HEIGHT="31" CONTENT="Flamme" WC="0.98" CC="304094"/>
						<SP ID="P36_SP00094" HPOS="558" VPOS="775" WIDTH="15"/>
						<String ID="P36_ST00106" HPOS="573" VPOS="753" WIDTH="32" HEIGHT="22" CONTENT="er" WC="0.64" CC="07"/>
						<SP ID="P36_SP00095" HPOS="605" VPOS="775" WIDTH="17"/>
						<String ID="P36_ST00107" HPOS="622" VPOS="743" WIDTH="82" HEIGHT="31" CONTENT="denn" WC="0.95" CC="7077"/>
						<SP ID="P36_SP00096" HPOS="704" VPOS="775" WIDTH="16"/>
						<String ID="P36_ST00108" HPOS="720" VPOS="752" WIDTH="41" HEIGHT="22" CONTENT="zu" WC="0.69" CC="50"/>
						<SP ID="P36_SP00097" HPOS="761" VPOS="775" WIDTH="18"/>
						<String ID="P36_ST00109" HPOS="779" VPOS="744" WIDTH="94" HEIGHT="30" CONTENT="hüten" WC="0.97" CC="70047"/>
						<SP ID="P36_SP00098" HPOS="873" VPOS="775" WIDTH="19"/>
						<String ID="P36_ST00110" HPOS="892" VPOS="744" WIDTH="97" HEIGHT="38" CONTENT="hatte;" WC="0.98" CC="700734"/>
						<SP ID="P36_SP00099" HPOS="989" VPOS="782" WIDTH="28"/>
						<String ID="P36_ST00111" HPOS="1017" VPOS="753" WIDTH="71" HEIGHT="21" CONTENT="man" WC="0.95" CC="417"/>
						<SP ID="P36_SP00100" HPOS="1088" VPOS="782" WIDTH="18"/>
						<String ID="P36_ST00112" HPOS="1106" VPOS="743" WIDTH="117" HEIGHT="38" CONTENT="vergaß" WC="0.99" CC="600060"/>
						<SP ID="P36_SP00101" HPOS="1223" VPOS="782" WIDTH="19"/>
						<String ID="P36_ST00113" HPOS="1242" VPOS="743" WIDTH="59" HEIGHT="30" CONTENT="den" WC="0.94" CC="707"/>
						<SP ID="P36_SP00102" HPOS="1301" VPOS="782" WIDTH="19"/>
						<String ID="P36_ST00114" HPOS="1320" VPOS="745" WIDTH="151" HEIGHT="36" CONTENT="ursprüng" SUBS_TYPE="HypPart1" SUBS_CONTENT="ursprünglichen" WC="0.98" CC="77107879"/>
						<HYP HPOS="1471" VPOS="745" WIDTH="18" CONTENT="-"/>
					</TextLine>
					<TextLine ID="P36_TL00014" HPOS="290" VPOS="787" WIDTH="1199" HEIGHT="40">
						<String ID="P36_ST00115" HPOS="290" VPOS="790" WIDTH="99" HEIGHT="29" CONTENT="lichen" SUBS_TYPE="HypPart2" SUBS_CONTENT="ursprünglichen" WC="0.96" CC="777767"/>
						<SP ID="P36_SP00103" HPOS="389" VPOS="819" WIDTH="23"/>
						<String ID="P36_ST00116" HPOS="412" VPOS="790" WIDTH="100" HEIGHT="31" CONTENT="Inhalt" WC="0.97" CC="077069"/>
						<SP ID="P36_SP00104" HPOS="512" VPOS="821" WIDTH="18"/>
						<String ID="P36_ST00117" HPOS="530" VPOS="790" WIDTH="101" HEIGHT="30" CONTENT="seiner" WC="0.98" CC="030744"/>
						<SP ID="P36_SP00105" HPOS="631" VPOS="821" WIDTH="19"/>
						<String ID="P36_ST00118" HPOS="650" VPOS="789" WIDTH="168" HEIGHT="30" CONTENT="seelischen" WC="0.99" CC="9606030007"/>
						<SP ID="P36_SP00106" HPOS="818" VPOS="821" WIDTH="20"/>
						<String ID="P36_ST00119" HPOS="838" VPOS="787" WIDTH="131" HEIGHT="32" CONTENT="Aktion:" WC="0.99" CC="2000375"/>
						<SP ID="P36_SP00107" HPOS="969" VPOS="821" WIDTH="31"/>
						<String ID="P36_ST00120" HPOS="1000" VPOS="798" WIDTH="71" HEIGHT="21" CONTENT="man" WC="0.94" CC="607"/>
						<SP ID="P36_SP00108" HPOS="1071" VPOS="821" WIDTH="19"/>
						<String ID="P36_ST00121" HPOS="1090" VPOS="788" WIDTH="127" HEIGHT="39" CONTENT="vergaß," WC="0.98" CC="0069104"/>
						<SP ID="P36_SP00109" HPOS="1217" VPOS="827" WIDTH="22"/>
						<String ID="P36_ST00122" HPOS="1239" VPOS="788" WIDTH="62" HEIGHT="31" CONTENT="daß" WC="0.97" CC="700"/>
						<SP ID="P36_SP00110" HPOS="1301" VPOS="827" WIDTH="21"/>
						<String ID="P36_ST00123" HPOS="1322" VPOS="798" WIDTH="32" HEIGHT="21" CONTENT="es" WC="0.44" CC="46"/>
						<SP ID="P36_SP00111" HPOS="1354" VPOS="827" WIDTH="19"/>
						<String ID="P36_ST00124" HPOS="1373" VPOS="788" WIDTH="97" HEIGHT="30" CONTENT="Ueber" SUBS_TYPE="HypPart1" SUBS_CONTENT="Ueberlieferung" WC="0.52" CC="06746"/>
						<HYP HPOS="1470" VPOS="788" WIDTH="19" CONTENT="-"/>
					</TextLine>
					<TextLine ID="P36_TL00015" HPOS="290" VPOS="833" WIDTH="1198" HEIGHT="40">
						<String ID="P36_ST00125" HPOS="290" VPOS="835" WIDTH="151" HEIGHT="38" CONTENT="lieferung" SUBS_TYPE="HypPart2" SUBS_CONTENT="Ueberlieferung" WC="0.39" CC="771607779"/>
						<SP ID="P36_SP00112" HPOS="441" VPOS="873" WIDTH="16"/>
						<String ID="P36_ST00126" HPOS="457" VPOS="844" WIDTH="56" HEIGHT="21" CONTENT="aus" WC="0.94" CC="671"/>
						<SP ID="P36_SP00113" HPOS="513" VPOS="873" WIDTH="17"/>
						<String ID="P36_ST00127" HPOS="530" VPOS="835" WIDTH="54" HEIGHT="30" CONTENT="der" WC="0.95" CC="337"/>
						<SP ID="P36_SP00114" HPOS="584" VPOS="873" WIDTH="16"/>
						<String ID="P36_ST00128" HPOS="600" VPOS="835" WIDTH="189" HEIGHT="38" CONTENT="Inspiration" WC="0.99" CC="60003400207"/>
						<SP ID="P36_SP00115" HPOS="789" VPOS="873" WIDTH="18"/>
						<String ID="P36_ST00129" HPOS="807" VPOS="834" WIDTH="55" HEIGHT="31" CONTENT="der" WC="0.98" CC="004"/>
						<SP ID="P36_SP00116" HPOS="862" VPOS="873" WIDTH="14"/>
						<String ID="P36_ST00130" HPOS="876" VPOS="835" WIDTH="124" HEIGHT="38" CONTENT="großen" WC="0.97" CC="977140"/>
						<SP ID="P36_SP00117" HPOS="1000" VPOS="873" WIDTH="16"/>
						<String ID="P36_ST00131" HPOS="1016" VPOS="833" WIDTH="313" HEIGHT="40" CONTENT="Volksbewegungen" WC="0.99" CC="567767300977907"/>
						<SP ID="P36_SP00118" HPOS="1329" VPOS="873" WIDTH="16"/>
						<String ID="P36_ST00132" HPOS="1345" VPOS="842" WIDTH="76" HEIGHT="31" CONTENT="war," WC="0.96" CC="2671"/>
						<SP ID="P36_SP00119" HPOS="1421" VPOS="873" WIDTH="19"/>
						<String ID="P36_ST00133" HPOS="1440" VPOS="833" WIDTH="48" HEIGHT="30" CONTENT="die" WC="0.95" CC="930"/>
					</TextLine>
					<TextLine ID="P36_TL00016" HPOS="290" VPOS="879" WIDTH="1199" HEIGHT="40">
						<String ID="P36_ST00134" HPOS="290" VPOS="882" WIDTH="30" HEIGHT="29" CONTENT="in" WC="0.68" CC="06"/>
						<SP ID="P36_SP00120" HPOS="320" VPOS="911" WIDTH="28"/>
						<String ID="P36_ST00135" HPOS="348" VPOS="889" WIDTH="218" HEIGHT="30" CONTENT="vergangenen" WC="0.98" CC="60694775707"/>
						<SP ID="P36_SP00121" HPOS="566" VPOS="919" WIDTH="27"/>
						<String ID="P36_ST00136" HPOS="593" VPOS="880" WIDTH="252" HEIGHT="37" CONTENT="Jahrhunderten" WC="0.99" CC="6075670026900"/>
						<SP ID="P36_SP00122" HPOS="845" VPOS="919" WIDTH="37"/>
						<String ID="P36_ST00137" HPOS="882" VPOS="880" WIDTH="121" HEIGHT="30" CONTENT="erstickt" WC="0.98" CC="36560500"/>
						<SP ID="P36_SP00123" HPOS="1003" VPOS="919" WIDTH="26"/>
						<String ID="P36_ST00138" HPOS="1029" VPOS="879" WIDTH="131" HEIGHT="31" CONTENT="worden" WC="0.98" CC="065007"/>
						<SP ID="P36_SP00124" HPOS="1160" VPOS="919" WIDTH="26"/>
						<String ID="P36_ST00139" HPOS="1186" VPOS="888" WIDTH="115" HEIGHT="30" CONTENT="waren," WC="0.98" CC="530073"/>
						<SP ID="P36_SP00125" HPOS="1301" VPOS="919" WIDTH="38"/>
						<String ID="P36_ST00140" HPOS="1339" VPOS="879" WIDTH="64" HEIGHT="30" CONTENT="und" WC="0.92" CC="776"/>
						<SP ID="P36_SP00126" HPOS="1403" VPOS="919" WIDTH="38"/>
						<String ID="P36_ST00141" HPOS="1441" VPOS="879" WIDTH="48" HEIGHT="30" CONTENT="die" WC="0.94" CC="366"/>
					</TextLine>
					<TextLine ID="P36_TL00017" HPOS="292" VPOS="924" WIDTH="1195" HEIGHT="40">
						<String ID="P36_ST00142" HPOS="292" VPOS="926" WIDTH="133" HEIGHT="30" CONTENT="Flamme" WC="0.98" CC="074602"/>
						<SP ID="P36_SP00127" HPOS="425" VPOS="956" WIDTH="22"/>
						<String ID="P36_ST00143" HPOS="447" VPOS="926" WIDTH="55" HEIGHT="30" CONTENT="der" WC="0.94" CC="544"/>
						<SP ID="P36_SP00128" HPOS="502" VPOS="956" WIDTH="21"/>
						<String ID="P36_ST00144" HPOS="523" VPOS="925" WIDTH="141" HEIGHT="31" CONTENT="Freiheit." WC="0.99" CC="064370264"/>
						<SP ID="P36_SP00129" HPOS="664" VPOS="956" WIDTH="45"/>
						<String ID="P36_ST00145" HPOS="709" VPOS="926" WIDTH="65" HEIGHT="31" CONTENT="Der" WC="0.97" CC="600"/>
						<SP ID="P36_SP00130" HPOS="774" VPOS="957" WIDTH="20"/>
						<String ID="P36_ST00146" HPOS="794" VPOS="925" WIDTH="156" HEIGHT="39" CONTENT="Künstler," WC="0.99" CC="807725013"/>
						<SP ID="P36_SP00131" HPOS="950" VPOS="964" WIDTH="23"/>
						<String ID="P36_ST00147" HPOS="973" VPOS="924" WIDTH="55" HEIGHT="31" CONTENT="der" WC="0.95" CC="346"/>
						<SP ID="P36_SP00132" HPOS="1028" VPOS="964" WIDTH="21"/>
						<String ID="P36_ST00148" HPOS="1049" VPOS="924" WIDTH="225" HEIGHT="40" CONTENT="Schauspieler," WC="0.99" CC="0370700444062"/>
						<SP ID="P36_SP00133" HPOS="1274" VPOS="964" WIDTH="23"/>
						<String ID="P36_ST00149" HPOS="1297" VPOS="925" WIDTH="55" HEIGHT="30" CONTENT="der" WC="0.95" CC="507"/>
						<SP ID="P36_SP00134" HPOS="1352" VPOS="964" WIDTH="24"/>
						<String ID="P36_ST00150" HPOS="1376" VPOS="924" WIDTH="111" HEIGHT="31" CONTENT="einmal" WC="0.98" CC="750550"/>
					</TextLine>
					<TextLine ID="P36_TL00018" HPOS="290" VPOS="970" WIDTH="1198" HEIGHT="41">
						<String ID="P36_ST00151" HPOS="290" VPOS="971" WIDTH="56" HEIGHT="31" CONTENT="das" WC="0.94" CC="654"/>
						<SP ID="P36_SP00135" HPOS="346" VPOS="1002" WIDTH="16"/>
						<String ID="P36_ST00152" HPOS="362" VPOS="971" WIDTH="80" HEIGHT="31" CONTENT="Volk" WC="0.98" CC="0650"/>
						<SP ID="P36_SP00136" HPOS="442" VPOS="1002" WIDTH="17"/>
						<String ID="P36_ST00153" HPOS="459" VPOS="971" WIDTH="217" HEIGHT="38" CONTENT="repräsentiert" WC="0.99" CC="4406305700165"/>
						<SP ID="P36_SP00137" HPOS="676" VPOS="1009" WIDTH="18"/>
						<String ID="P36_ST00154" HPOS="694" VPOS="971" WIDTH="92" HEIGHT="40" CONTENT="hatte," WC="0.98" CC="765004"/>
						<SP ID="P36_SP00138" HPOS="786" VPOS="1011" WIDTH="16"/>
						<String ID="P36_ST00155" HPOS="802" VPOS="979" WIDTH="69" HEIGHT="22" CONTENT="war" WC="1.00" CC="000"/>
						<SP ID="P36_SP00139" HPOS="871" VPOS="1011" WIDTH="18"/>
						<String ID="P36_ST00156" HPOS="889" VPOS="972" WIDTH="49" HEIGHT="29" CONTENT="ein" WC="0.95" CC="426"/>
						<SP ID="P36_SP00140" HPOS="938" VPOS="1011" WIDTH="19"/>
						<String ID="P36_ST00157" HPOS="957" VPOS="971" WIDTH="163" HEIGHT="30" CONTENT="Einzelner" WC="0.98" CC="307503556"/>
						<SP ID="P36_SP00141" HPOS="1120" VPOS="1011" WIDTH="17"/>
						<String ID="P36_ST00158" HPOS="1137" VPOS="970" WIDTH="181" HEIGHT="39" CONTENT="geworden," WC="0.99" CC="900650073"/>
						<SP ID="P36_SP00142" HPOS="1318" VPOS="1011" WIDTH="20"/>
						<String ID="P36_ST00159" HPOS="1338" VPOS="979" WIDTH="33" HEIGHT="21" CONTENT="er" WC="0.67" CC="06"/>
						<SP ID="P36_SP00143" HPOS="1371" VPOS="1011" WIDTH="15"/>
						<String ID="P36_ST00160" HPOS="1386" VPOS="972" WIDTH="85" HEIGHT="37" CONTENT="reprä" SUBS_TYPE="HypPart1" SUBS_CONTENT="repräsentierte" WC="0.97" CC="57074"/>
						<HYP HPOS="1471" VPOS="972" WIDTH="17" CONTENT="-"/>
					</TextLine>
					<TextLine ID="P36_TL00019" HPOS="289" VPOS="1015" WIDTH="1199" HEIGHT="32">
						<String ID="P36_ST00161" HPOS="289" VPOS="1018" WIDTH="143" HEIGHT="29" CONTENT="sentierte" SUBS_TYPE="HypPart2" SUBS_CONTENT="repräsentierte" WC="0.99" CC="037631670"/>
						<SP ID="P36_SP00144" HPOS="432" VPOS="1047" WIDTH="16"/>
						<String ID="P36_ST00162" HPOS="448" VPOS="1026" WIDTH="61" HEIGHT="21" CONTENT="nur" WC="0.92" CC="775"/>
						<SP ID="P36_SP00145" HPOS="509" VPOS="1047" WIDTH="16"/>
						<String ID="P36_ST00163" HPOS="525" VPOS="1016" WIDTH="82" HEIGHT="31" CONTENT="noch" WC="0.95" CC="6637"/>
						<SP ID="P36_SP00146" HPOS="607" VPOS="1047" WIDTH="19"/>
						<String ID="P36_ST00164" HPOS="626" VPOS="1016" WIDTH="66" HEIGHT="30" CONTENT="sich" WC="0.97" CC="0157"/>
						<SP ID="P36_SP00147" HPOS="692" VPOS="1047" WIDTH="19"/>
						<String ID="P36_ST00165" HPOS="711" VPOS="1016" WIDTH="105" HEIGHT="31" CONTENT="selbst." WC="0.98" CC="2567102"/>
						<SP ID="P36_SP00148" HPOS="816" VPOS="1047" WIDTH="41"/>
						<String ID="P36_ST00166" HPOS="857" VPOS="1017" WIDTH="76" HEIGHT="30" CONTENT="Dies" WC="0.99" CC="1002"/>
						<SP ID="P36_SP00149" HPOS="933" VPOS="1047" WIDTH="20"/>
						<String ID="P36_ST00167" HPOS="953" VPOS="1017" WIDTH="40" HEIGHT="30" CONTENT="ist" WC="0.99" CC="200"/>
						<SP ID="P36_SP00150" HPOS="993" VPOS="1047" WIDTH="21"/>
						<String ID="P36_ST00168" HPOS="1014" VPOS="1016" WIDTH="54" HEIGHT="30" CONTENT="der" WC="0.95" CC="507"/>
						<SP ID="P36_SP00151" HPOS="1068" VPOS="1047" WIDTH="19"/>
						<String ID="P36_ST00169" HPOS="1087" VPOS="1016" WIDTH="114" HEIGHT="31" CONTENT="Grund" WC="0.96" CC="65880"/>
						<SP ID="P36_SP00152" HPOS="1201" VPOS="1047" WIDTH="19"/>
						<String ID="P36_ST00170" HPOS="1220" VPOS="1015" WIDTH="54" HEIGHT="31" CONTENT="des" WC="0.97" CC="502"/>
						<SP ID="P36_SP00153" HPOS="1274" VPOS="1047" WIDTH="18"/>
						<String ID="P36_ST00171" HPOS="1292" VPOS="1016" WIDTH="196" HEIGHT="30" CONTENT="instinktiven" WC="0.98" CC="570757577737"/>
					</TextLine>
					<TextLine ID="P36_TL00020" HPOS="290" VPOS="1061" WIDTH="1198" HEIGHT="40">
						<String ID="P36_ST00172" HPOS="290" VPOS="1062" WIDTH="206" HEIGHT="39" CONTENT="Mißtrauens," WC="0.99" CC="10065575704"/>
						<SP ID="P36_SP00154" HPOS="496" VPOS="1101" WIDTH="22"/>
						<String ID="P36_ST00173" HPOS="518" VPOS="1061" WIDTH="56" HEIGHT="32" CONTENT="der" WC="0.96" CC="037"/>
						<SP ID="P36_SP00155" HPOS="574" VPOS="1101" WIDTH="20"/>
						<String ID="P36_ST00174" HPOS="594" VPOS="1062" WIDTH="197" HEIGHT="31" CONTENT="instinktiven" WC="0.98" CC="676067574607"/>
						<SP ID="P36_SP00156" HPOS="791" VPOS="1101" WIDTH="21"/>
						<String ID="P36_ST00175" HPOS="812" VPOS="1061" WIDTH="176" HEIGHT="31" CONTENT="Fremdheit" WC="0.99" CC="662007600"/>
						<SP ID="P36_SP00157" HPOS="988" VPOS="1101" WIDTH="22"/>
						<String ID="P36_ST00176" HPOS="1010" VPOS="1061" WIDTH="54" HEIGHT="31" CONTENT="des" WC="0.98" CC="500"/>
						<SP ID="P36_SP00158" HPOS="1064" VPOS="1101" WIDTH="19"/>
						<String ID="P36_ST00177" HPOS="1083" VPOS="1061" WIDTH="113" HEIGHT="31" CONTENT="Volkes" WC="0.98" CC="076045"/>
						<SP ID="P36_SP00159" HPOS="1196" VPOS="1101" WIDTH="22"/>
						<String ID="P36_ST00178" HPOS="1218" VPOS="1061" WIDTH="179" HEIGHT="39" CONTENT="gegenüber" WC="0.98" CC="939675707"/>
						<SP ID="P36_SP00160" HPOS="1397" VPOS="1101" WIDTH="24"/>
						<String ID="P36_ST00179" HPOS="1421" VPOS="1061" WIDTH="67" HEIGHT="30" CONTENT="dem" WC="0.93" CC="944"/>
					</TextLine>
					<TextLine ID="P36_TL00021" HPOS="290" VPOS="1106" WIDTH="887" HEIGHT="40">
						<String ID="P36_ST00180" HPOS="290" VPOS="1106" WIDTH="179" HEIGHT="40" CONTENT="Menschen," WC="0.99" CC="007077074"/>
						<SP ID="P36_SP00161" HPOS="469" VPOS="1146" WIDTH="23"/>
						<String ID="P36_ST00181" HPOS="492" VPOS="1106" WIDTH="54" HEIGHT="32" CONTENT="der" WC="0.94" CC="537"/>
						<SP ID="P36_SP00162" HPOS="546" VPOS="1146" WIDTH="22"/>
						<String ID="P36_ST00182" HPOS="568" VPOS="1106" WIDTH="171" HEIGHT="31" CONTENT="außerhalb" WC="0.98" CC="670507267"/>
						<SP ID="P36_SP00163" HPOS="739" VPOS="1146" WIDTH="23"/>
						<String ID="P36_ST00183" HPOS="762" VPOS="1106" WIDTH="55" HEIGHT="32" CONTENT="der" WC="0.97" CC="025"/>
						<SP ID="P36_SP00164" HPOS="817" VPOS="1146" WIDTH="21"/>
						<String ID="P36_ST00184" HPOS="838" VPOS="1106" WIDTH="230" HEIGHT="33" CONTENT="Gemeinschaft" WC="0.99" CC="505456056076"/>
						<SP ID="P36_SP00165" HPOS="1068" VPOS="1146" WIDTH="21"/>
						<String ID="P36_ST00185" HPOS="1089" VPOS="1106" WIDTH="88" HEIGHT="31" CONTENT="steht." WC="0.98" CC="244702"/>
					</TextLine>
					<TextLine ID="P36_TL00022" HPOS="372" VPOS="1173" WIDTH="1115" HEIGHT="38">
						<String ID="P36_ST00186" HPOS="372" VPOS="1173" WIDTH="85" HEIGHT="31" CONTENT="Aber" WC="0.95" CC="1757"/>
						<SP ID="P36_SP00166" HPOS="457" VPOS="1204" WIDTH="21"/>
						<String ID="P36_ST00187" HPOS="478" VPOS="1173" WIDTH="53" HEIGHT="31" CONTENT="der" WC="0.93" CC="657"/>
						<SP ID="P36_SP00167" HPOS="531" VPOS="1204" WIDTH="23"/>
						<String ID="P36_ST00188" HPOS="554" VPOS="1173" WIDTH="216" HEIGHT="38" CONTENT="Schauspieler" WC="0.99" CC="007079025407"/>
						<SP ID="P36_SP00168" HPOS="770" VPOS="1211" WIDTH="21"/>
						<String ID="P36_ST00189" HPOS="791" VPOS="1173" WIDTH="80" HEIGHT="31" CONTENT="steht" WC="1.00" CC="00200"/>
						<SP ID="P36_SP00169" HPOS="871" VPOS="1211" WIDTH="21"/>
						<String ID="P36_ST00190" HPOS="892" VPOS="1173" WIDTH="90" HEIGHT="31" CONTENT="heute" WC="0.97" CC="75600"/>
						<SP ID="P36_SP00170" HPOS="982" VPOS="1211" WIDTH="21"/>
						<String ID="P36_ST00191" HPOS="1003" VPOS="1174" WIDTH="174" HEIGHT="30" CONTENT="seinerseits" WC="0.99" CC="90563740000"/>
						<SP ID="P36_SP00171" HPOS="1177" VPOS="1211" WIDTH="21"/>
						<String ID="P36_ST00192" HPOS="1198" VPOS="1173" WIDTH="99" HEIGHT="31" CONTENT="sozial" WC="0.98" CC="970106"/>
						<SP ID="P36_SP00172" HPOS="1297" VPOS="1211" WIDTH="21"/>
						<String ID="P36_ST00193" HPOS="1318" VPOS="1173" WIDTH="52" HEIGHT="31" CONTENT="auf" WC="0.94" CC="375"/>
						<SP ID="P36_SP00173" HPOS="1370" VPOS="1211" WIDTH="21"/>
						<String ID="P36_ST00194" HPOS="1391" VPOS="1174" WIDTH="96" HEIGHT="30" CONTENT="einem" WC="0.97" CC="65805"/>
					</TextLine>
					<TextLine ID="P36_TL00023" HPOS="289" VPOS="1218" WIDTH="1198" HEIGHT="39">
						<String ID="P36_ST00195" HPOS="289" VPOS="1220" WIDTH="130" HEIGHT="37" CONTENT="Niveau," WC="0.99" CC="0300074"/>
						<SP ID="P36_SP00174" HPOS="419" VPOS="1257" WIDTH="35"/>
						<String ID="P36_ST00196" HPOS="454" VPOS="1218" WIDTH="52" HEIGHT="31" CONTENT="auf" WC="0.95" CC="077"/>
						<SP ID="P36_SP00175" HPOS="506" VPOS="1257" WIDTH="33"/>
						<String ID="P36_ST00197" HPOS="539" VPOS="1218" WIDTH="69" HEIGHT="31" CONTENT="dem" WC="1.00" CC="000"/>
						<SP ID="P36_SP00176" HPOS="608" VPOS="1257" WIDTH="35"/>
						<String ID="P36_ST00198" HPOS="643" VPOS="1218" WIDTH="56" HEIGHT="31" CONTENT="das" WC="1.00" CC="000"/>
						<SP ID="P36_SP00177" HPOS="699" VPOS="1257" WIDTH="24"/>
						<String ID="P36_ST00199" HPOS="723" VPOS="1218" WIDTH="185" HEIGHT="32" CONTENT="Proletariat" WC="0.99" CC="04570751300"/>
						<SP ID="P36_SP00178" HPOS="908" VPOS="1257" WIDTH="22"/>
						<String ID="P36_ST00200" HPOS="930" VPOS="1218" WIDTH="153" HEIGHT="39" CONTENT="ungefähr" WC="0.97" CC="77955554"/>
						<SP ID="P36_SP00179" HPOS="1083" VPOS="1257" WIDTH="23"/>
						<String ID="P36_ST00201" HPOS="1106" VPOS="1219" WIDTH="42" HEIGHT="30" CONTENT="im" WC="1.00" CC="00"/>
						<SP ID="P36_SP00180" HPOS="1148" VPOS="1257" WIDTH="24"/>
						<String ID="P36_ST00202" HPOS="1172" VPOS="1220" WIDTH="101" HEIGHT="29" CONTENT="ersten" WC="0.99" CC="170007"/>
						<SP ID="P36_SP00181" HPOS="1273" VPOS="1257" WIDTH="25"/>
						<String ID="P36_ST00203" HPOS="1298" VPOS="1218" WIDTH="112" HEIGHT="31" CONTENT="Drittel" WC="0.98" CC="4406005"/>
						<SP ID="P36_SP00182" HPOS="1410" VPOS="1257" WIDTH="24"/>
						<String ID="P36_ST00204" HPOS="1434" VPOS="1218" WIDTH="53" HEIGHT="31" CONTENT="des" WC="0.97" CC="600"/>
					</TextLine>
					<TextLine ID="P36_TL00024" HPOS="288" VPOS="1263" WIDTH="1200" HEIGHT="40">
						<String ID="P36_ST00205" HPOS="288" VPOS="1264" WIDTH="215" HEIGHT="30" CONTENT="neunzehnten" WC="0.99" CC="70675507006"/>
						<SP ID="P36_SP00183" HPOS="503" VPOS="1294" WIDTH="16"/>
						<String ID="P36_ST00206" HPOS="519" VPOS="1263" WIDTH="230" HEIGHT="38" CONTENT="Jahrhunderts" WC="0.99" CC="600707000470"/>
						<SP ID="P36_SP00184" HPOS="749" VPOS="1301" WIDTH="16"/>
						<String ID="P36_ST00207" HPOS="765" VPOS="1263" WIDTH="101" HEIGHT="32" CONTENT="stand." WC="0.99" CC="024013"/>
						<SP ID="P36_SP00185" HPOS="866" VPOS="1301" WIDTH="29"/>
						<String ID="P36_ST00208" HPOS="895" VPOS="1264" WIDTH="65" HEIGHT="30" CONTENT="Der" WC="0.98" CC="310"/>
						<SP ID="P36_SP00186" HPOS="960" VPOS="1301" WIDTH="17"/>
						<String ID="P36_ST00209" HPOS="977" VPOS="1263" WIDTH="214" HEIGHT="40" CONTENT="Schauspieler" WC="0.99" CC="027070005607"/>
						<SP ID="P36_SP00187" HPOS="1191" VPOS="1303" WIDTH="18"/>
						<String ID="P36_ST00210" HPOS="1209" VPOS="1264" WIDTH="44" HEIGHT="30" CONTENT="als" WC="0.98" CC="060"/>
						<SP ID="P36_SP00188" HPOS="1253" VPOS="1303" WIDTH="18"/>
						<String ID="P36_ST00211" HPOS="1271" VPOS="1264" WIDTH="217" HEIGHT="39" CONTENT="Zugehöriger" WC="0.99" CC="07900061904"/>
					</TextLine>
					<TextLine ID="P36_TL00025" HPOS="290" VPOS="1308" WIDTH="1197" HEIGHT="40">
						<String ID="P36_ST00212" HPOS="290" VPOS="1310" WIDTH="82" HEIGHT="30" CONTENT="einer" WC="0.97" CC="16707"/>
						<SP ID="P36_SP00189" HPOS="372" VPOS="1340" WIDTH="21"/>
						<String ID="P36_ST00213" HPOS="393" VPOS="1309" WIDTH="200" HEIGHT="31" CONTENT="arbeitenden" WC="0.99" CC="93433307447"/>
						<SP ID="P36_SP00190" HPOS="593" VPOS="1340" WIDTH="24"/>
						<String ID="P36_ST00214" HPOS="617" VPOS="1309" WIDTH="66" HEIGHT="31" CONTENT="und" WC="0.95" CC="761"/>
						<SP ID="P36_SP00191" HPOS="683" VPOS="1340" WIDTH="23"/>
						<String ID="P36_ST00215" HPOS="706" VPOS="1309" WIDTH="66" HEIGHT="31" CONTENT="sich" WC="0.96" CC="3617"/>
						<SP ID="P36_SP00192" HPOS="772" VPOS="1340" WIDTH="25"/>
						<String ID="P36_ST00216" HPOS="797" VPOS="1308" WIDTH="97" HEIGHT="32" CONTENT="durch" WC="0.97" CC="47404"/>
						<SP ID="P36_SP00193" HPOS="894" VPOS="1340" WIDTH="26"/>
						<String ID="P36_ST00217" HPOS="920" VPOS="1308" WIDTH="66" HEIGHT="32" CONTENT="ihre" WC="0.98" CC="2050"/>
						<SP ID="P36_SP00194" HPOS="986" VPOS="1340" WIDTH="25"/>
						<String ID="P36_ST00218" HPOS="1011" VPOS="1308" WIDTH="109" HEIGHT="32" CONTENT="Arbeit" WC="0.98" CC="046407"/>
						<SP ID="P36_SP00195" HPOS="1120" VPOS="1340" WIDTH="27"/>
						<String ID="P36_ST00219" HPOS="1147" VPOS="1308" WIDTH="197" HEIGHT="32" CONTENT="erhaltenden" WC="0.99" CC="02706006717"/>
						<SP ID="P36_SP00196" HPOS="1344" VPOS="1340" WIDTH="25"/>
						<String ID="P36_ST00220" HPOS="1369" VPOS="1309" WIDTH="118" HEIGHT="39" CONTENT="Klasse," WC="0.98" CC="9045003"/>
					</TextLine>
					<TextLine ID="P36_TL00026" HPOS="289" VPOS="1354" WIDTH="1199" HEIGHT="39">
						<String ID="P36_ST00221" HPOS="289" VPOS="1355" WIDTH="133" HEIGHT="30" CONTENT="befindet" WC="0.98" CC="73007907"/>
						<SP ID="P36_SP00197" HPOS="422" VPOS="1385" WIDTH="25"/>
						<String ID="P36_ST00222" HPOS="447" VPOS="1355" WIDTH="66" HEIGHT="31" CONTENT="sich" WC="0.95" CC="9056"/>
						<SP ID="P36_SP00198" HPOS="513" VPOS="1386" WIDTH="26"/>
						<String ID="P36_ST00223" HPOS="539" VPOS="1355" WIDTH="82" HEIGHT="30" CONTENT="noch" WC="0.98" CC="0207"/>
						<SP ID="P36_SP00199" HPOS="621" VPOS="1386" WIDTH="26"/>
						<String ID="P36_ST00224" HPOS="647" VPOS="1356" WIDTH="31" HEIGHT="29" CONTENT="in" WC="0.92" CC="10"/>
						<SP ID="P36_SP00200" HPOS="678" VPOS="1386" WIDTH="28"/>
						<String ID="P36_ST00225" HPOS="706" VPOS="1354" WIDTH="54" HEIGHT="32" CONTENT="der" WC="0.93" CC="646"/>
						<SP ID="P36_SP00201" HPOS="760" VPOS="1386" WIDTH="26"/>
						<String ID="P36_ST00226" HPOS="786" VPOS="1354" WIDTH="153" HEIGHT="32" CONTENT="Situation" WC="0.98" CC="046740267"/>
						<SP ID="P36_SP00202" HPOS="939" VPOS="1386" WIDTH="28"/>
						<String ID="P36_ST00227" HPOS="967" VPOS="1354" WIDTH="289" HEIGHT="39" CONTENT="patriarchalischer" WC="1.00" CC="00744030706001724"/>
						<SP ID="P36_SP00203" HPOS="1256" VPOS="1393" WIDTH="25"/>
						<String ID="P36_ST00228" HPOS="1281" VPOS="1354" WIDTH="190" HEIGHT="31" CONTENT="Wirtschafts" SUBS_TYPE="HypPart1" SUBS_CONTENT="Wirtschaftsverhältnisse." WC="0.98" CC="84503674773"/>
						<HYP HPOS="1471" VPOS="1354" WIDTH="17" CONTENT="-"/>
					</TextLine>
					<TextLine ID="P36_TL00027" HPOS="288" VPOS="1399" WIDTH="1200" HEIGHT="38">
						<String ID="P36_ST00229" HPOS="288" VPOS="1400" WIDTH="212" HEIGHT="31" CONTENT="verhältnisse." SUBS_TYPE="HypPart2" SUBS_CONTENT="Wirtschaftsverhältnisse." WC="0.99" CC="5077676710062"/>
						<SP ID="P36_SP00204" HPOS="500" VPOS="1431" WIDTH="46"/>
						<String ID="P36_ST00230" HPOS="546" VPOS="1400" WIDTH="42" HEIGHT="31" CONTENT="So" WC="0.47" CC="37"/>
						<SP ID="P36_SP00205" HPOS="588" VPOS="1431" WIDTH="23"/>
						<String ID="P36_ST00231" HPOS="611" VPOS="1401" WIDTH="60" HEIGHT="30" CONTENT="wie" WC="0.98" CC="041"/>
						<SP ID="P36_SP00206" HPOS="671" VPOS="1431" WIDTH="23"/>
						<String ID="P36_ST00232" HPOS="694" VPOS="1401" WIDTH="32" HEIGHT="29" CONTENT="in" WC="0.43" CC="46"/>
						<SP ID="P36_SP00207" HPOS="726" VPOS="1431" WIDTH="26"/>
						<String ID="P36_ST00233" HPOS="752" VPOS="1400" WIDTH="55" HEIGHT="31" CONTENT="der" WC="0.98" CC="202"/>
						<SP ID="P36_SP00208" HPOS="807" VPOS="1431" WIDTH="23"/>
						<String ID="P36_ST00234" HPOS="830" VPOS="1402" WIDTH="100" HEIGHT="29" CONTENT="ersten" WC="0.99" CC="070000"/>
						<SP ID="P36_SP00209" HPOS="930" VPOS="1431" WIDTH="25"/>
						<String ID="P36_ST00235" HPOS="955" VPOS="1400" WIDTH="103" HEIGHT="30" CONTENT="Hälfte" WC="0.97" CC="753774"/>
						<SP ID="P36_SP00210" HPOS="1058" VPOS="1431" WIDTH="24"/>
						<String ID="P36_ST00236" HPOS="1082" VPOS="1399" WIDTH="54" HEIGHT="31" CONTENT="des" WC="0.97" CC="800"/>
						<SP ID="P36_SP00211" HPOS="1136" VPOS="1431" WIDTH="24"/>
						<String ID="P36_ST00237" HPOS="1160" VPOS="1400" WIDTH="215" HEIGHT="30" CONTENT="neunzehnten" WC="0.98" CC="50766377727"/>
						<SP ID="P36_SP00212" HPOS="1375" VPOS="1431" WIDTH="25"/>
						<String ID="P36_ST00238" HPOS="1400" VPOS="1400" WIDTH="71" HEIGHT="37" CONTENT="Jahr" SUBS_TYPE="HypPart1" SUBS_CONTENT="Jahrhunderts" WC="0.98" CC="0273"/>
						<HYP HPOS="1471" VPOS="1400" WIDTH="17" CONTENT="-"/>
					</TextLine>
					<TextLine ID="P36_TL00028" HPOS="290" VPOS="1444" WIDTH="1195" HEIGHT="39">
						<String ID="P36_ST00239" HPOS="290" VPOS="1445" WIDTH="149" HEIGHT="30" CONTENT="hunderts" SUBS_TYPE="HypPart2" SUBS_CONTENT="Jahrhunderts" WC="0.98" CC="77757600"/>
						<SP ID="P36_SP00213" HPOS="439" VPOS="1475" WIDTH="29"/>
						<String ID="P36_ST00240" HPOS="468" VPOS="1445" WIDTH="54" HEIGHT="30" CONTENT="der" WC="0.98" CC="004"/>
						<SP ID="P36_SP00214" HPOS="522" VPOS="1475" WIDTH="27"/>
						<String ID="P36_ST00241" HPOS="549" VPOS="1445" WIDTH="203" HEIGHT="38" CONTENT="Arbeitgeber" WC="0.98" CC="47740690546"/>
						<SP ID="P36_SP00215" HPOS="752" VPOS="1483" WIDTH="27"/>
						<String ID="P36_ST00242" HPOS="779" VPOS="1445" WIDTH="68" HEIGHT="30" CONTENT="dem" WC="0.95" CC="605"/>
						<SP ID="P36_SP00216" HPOS="847" VPOS="1483" WIDTH="28"/>
						<String ID="P36_ST00243" HPOS="875" VPOS="1444" WIDTH="185" HEIGHT="31" CONTENT="Proletarier" WC="0.99" CC="56662062206"/>
						<SP ID="P36_SP00217" HPOS="1060" VPOS="1483" WIDTH="24"/>
						<String ID="P36_ST00244" HPOS="1084" VPOS="1445" WIDTH="180" HEIGHT="38" CONTENT="gegenüber" WC="0.99" CC="950000700"/>
						<SP ID="P36_SP00218" HPOS="1264" VPOS="1483" WIDTH="25"/>
						<String ID="P36_ST00245" HPOS="1289" VPOS="1445" WIDTH="59" HEIGHT="30" CONTENT="den" WC="0.96" CC="306"/>
						<SP ID="P36_SP00219" HPOS="1348" VPOS="1483" WIDTH="24"/>
						<String ID="P36_ST00246" HPOS="1372" VPOS="1447" WIDTH="113" HEIGHT="29" CONTENT="weisen" WC="0.97" CC="247426"/>
					</TextLine>
					<TextLine ID="P36_TL00029" HPOS="291" VPOS="1489" WIDTH="1196" HEIGHT="40">
						<String ID="P36_ST00247" HPOS="291" VPOS="1490" WIDTH="64" HEIGHT="31" CONTENT="und" WC="0.92" CC="676"/>
						<SP ID="P36_SP00220" HPOS="355" VPOS="1521" WIDTH="19"/>
						<String ID="P36_ST00248" HPOS="374" VPOS="1492" WIDTH="147" HEIGHT="36" CONTENT="strengen" WC="0.98" CC="05706920"/>
						<SP ID="P36_SP00221" HPOS="521" VPOS="1528" WIDTH="20"/>
						<String ID="P36_ST00249" HPOS="541" VPOS="1491" WIDTH="102" HEIGHT="38" CONTENT="Vater," WC="0.99" CC="000173"/>
						<SP ID="P36_SP00222" HPOS="643" VPOS="1529" WIDTH="23"/>
						<String ID="P36_ST00250" HPOS="666" VPOS="1490" WIDTH="58" HEIGHT="30" CONTENT="den" WC="1.00" CC="000"/>
						<SP ID="P36_SP00223" HPOS="724" VPOS="1529" WIDTH="22"/>
						<String ID="P36_ST00251" HPOS="746" VPOS="1489" WIDTH="216" HEIGHT="39" CONTENT="allmächtigen" WC="0.99" CC="676055705907"/>
						<SP ID="P36_SP00224" HPOS="962" VPOS="1529" WIDTH="21"/>
						<String ID="P36_ST00252" HPOS="983" VPOS="1489" WIDTH="88" HEIGHT="40" CONTENT="Gott," WC="0.98" CC="05014"/>
						<SP ID="P36_SP00225" HPOS="1071" VPOS="1529" WIDTH="22"/>
						<String ID="P36_ST00253" HPOS="1093" VPOS="1490" WIDTH="55" HEIGHT="31" CONTENT="der" WC="0.96" CC="046"/>
						<SP ID="P36_SP00226" HPOS="1148" VPOS="1529" WIDTH="19"/>
						<String ID="P36_ST00254" HPOS="1167" VPOS="1500" WIDTH="59" HEIGHT="22" CONTENT="nur" WC="0.92" CC="767"/>
						<SP ID="P36_SP00227" HPOS="1226" VPOS="1529" WIDTH="21"/>
						<String ID="P36_ST00255" HPOS="1247" VPOS="1500" WIDTH="56" HEIGHT="21" CONTENT="aus" WC="0.95" CC="470"/>
						<SP ID="P36_SP00228" HPOS="1303" VPOS="1529" WIDTH="20"/>
						<String ID="P36_ST00256" HPOS="1323" VPOS="1491" WIDTH="83" HEIGHT="31" CONTENT="Güte" WC="0.96" CC="5067"/>
						<SP ID="P36_SP00229" HPOS="1406" VPOS="1529" WIDTH="22"/>
						<String ID="P36_ST00257" HPOS="1428" VPOS="1491" WIDTH="59" HEIGHT="31" CONTENT="den" WC="0.92" CC="767"/>
					</TextLine>
					<TextLine ID="P36_TL00030" HPOS="291" VPOS="1534" WIDTH="1196" HEIGHT="40">
						<String ID="P36_ST00258" HPOS="291" VPOS="1535" WIDTH="236" HEIGHT="31" CONTENT="Arbeitnehmer" WC="0.99" CC="076230706006"/>
						<SP ID="P36_SP00230" HPOS="527" VPOS="1566" WIDTH="27"/>
						<String ID="P36_ST00259" HPOS="554" VPOS="1534" WIDTH="151" HEIGHT="40" CONTENT="entlohnt," WC="0.98" CC="670566052"/>
						<SP ID="P36_SP00231" HPOS="705" VPOS="1574" WIDTH="29"/>
						<String ID="P36_ST00260" HPOS="734" VPOS="1535" WIDTH="225" HEIGHT="31" CONTENT="herauskehren" WC="0.99" CC="747872107067"/>
						<SP ID="P36_SP00232" HPOS="959" VPOS="1574" WIDTH="29"/>
						<String ID="P36_ST00261" HPOS="988" VPOS="1535" WIDTH="123" HEIGHT="39" CONTENT="konnte," WC="0.99" CC="0300603"/>
						<SP ID="P36_SP00233" HPOS="1111" VPOS="1574" WIDTH="27"/>
						<String ID="P36_ST00262" HPOS="1138" VPOS="1545" WIDTH="102" HEIGHT="29" CONTENT="genau" WC="0.96" CC="90737"/>
						<SP ID="P36_SP00234" HPOS="1240" VPOS="1574" WIDTH="26"/>
						<String ID="P36_ST00263" HPOS="1266" VPOS="1546" WIDTH="38" HEIGHT="21" CONTENT="so" WC="0.50" CC="45"/>
						<SP ID="P36_SP00235" HPOS="1304" VPOS="1574" WIDTH="27"/>
						<String ID="P36_ST00264" HPOS="1331" VPOS="1538" WIDTH="40" HEIGHT="29" CONTENT="ist" WC="0.94" CC="329"/>
						<SP ID="P36_SP00236" HPOS="1371" VPOS="1574" WIDTH="27"/>
						<String ID="P36_ST00265" HPOS="1398" VPOS="1536" WIDTH="89" HEIGHT="31" CONTENT="heute" WC="0.96" CC="73762"/>
					</TextLine>
					<TextLine ID="P36_TL00031" HPOS="291" VPOS="1580" WIDTH="1196" HEIGHT="39">
						<String ID="P36_ST00266" HPOS="291" VPOS="1581" WIDTH="49" HEIGHT="30" CONTENT="die" WC="0.96" CC="650"/>
						<SP ID="P36_SP00237" HPOS="340" VPOS="1611" WIDTH="25"/>
						<String ID="P36_ST00267" HPOS="365" VPOS="1580" WIDTH="141" HEIGHT="39" CONTENT="Stellung" WC="0.99" CC="00207709"/>
						<SP ID="P36_SP00238" HPOS="506" VPOS="1619" WIDTH="26"/>
						<String ID="P36_ST00268" HPOS="532" VPOS="1580" WIDTH="54" HEIGHT="31" CONTENT="der" WC="0.98" CC="006"/>
						<SP ID="P36_SP00239" HPOS="586" VPOS="1619" WIDTH="26"/>
						<String ID="P36_ST00269" HPOS="612" VPOS="1580" WIDTH="250" HEIGHT="39" CONTENT="Bühnenleitung" WC="0.99" CC="6077076007779"/>
						<SP ID="P36_SP00240" HPOS="862" VPOS="1619" WIDTH="25"/>
						<String ID="P36_ST00270" HPOS="887" VPOS="1581" WIDTH="32" HEIGHT="30" CONTENT="in" WC="0.28" CC="67"/>
						<SP ID="P36_SP00241" HPOS="919" VPOS="1619" WIDTH="27"/>
						<String ID="P36_ST00271" HPOS="946" VPOS="1580" WIDTH="55" HEIGHT="31" CONTENT="der" WC="0.99" CC="002"/>
						<SP ID="P36_SP00242" HPOS="1001" VPOS="1619" WIDTH="25"/>
						<String ID="P36_ST00272" HPOS="1026" VPOS="1580" WIDTH="198" HEIGHT="39" CONTENT="ungeheuren" WC="0.99" CC="7700007557"/>
						<SP ID="P36_SP00243" HPOS="1224" VPOS="1619" WIDTH="28"/>
						<String ID="P36_ST00273" HPOS="1252" VPOS="1581" WIDTH="155" HEIGHT="32" CONTENT="Mehrheit" WC="0.99" CC="01700009"/>
						<SP ID="P36_SP00244" HPOS="1407" VPOS="1619" WIDTH="26"/>
						<String ID="P36_ST00274" HPOS="1433" VPOS="1581" WIDTH="54" HEIGHT="32" CONTENT="der" WC="0.95" CC="057"/>
					</TextLine>
					<TextLine ID="P36_TL00032" HPOS="290" VPOS="1625" WIDTH="1196" HEIGHT="40">
						<String ID="P36_ST00275" HPOS="290" VPOS="1625" WIDTH="91" HEIGHT="40" CONTENT="Fälle," WC="0.98" CC="640703"/>
						<SP ID="P36_SP00245" HPOS="381" VPOS="1665" WIDTH="34"/>
						<String ID="P36_ST00276" HPOS="415" VPOS="1627" WIDTH="31" HEIGHT="29" CONTENT="in" WC="0.29" CC="67"/>
						<SP ID="P36_SP00246" HPOS="446" VPOS="1665" WIDTH="34"/>
						<String ID="P36_ST00277" HPOS="480" VPOS="1625" WIDTH="99" HEIGHT="31" CONTENT="denen" WC="0.97" CC="55407"/>
						<SP ID="P36_SP00247" HPOS="579" VPOS="1665" WIDTH="35"/>
						<String ID="P36_ST00278" HPOS="614" VPOS="1625" WIDTH="49" HEIGHT="31" CONTENT="die" WC="0.98" CC="060"/>
						<SP ID="P36_SP00248" HPOS="663" VPOS="1665" WIDTH="25"/>
						<String ID="P36_ST00279" HPOS="688" VPOS="1625" WIDTH="216" HEIGHT="39" CONTENT="Schauspieler" WC="0.99" CC="050370910705"/>
						<SP ID="P36_SP00249" HPOS="904" VPOS="1665" WIDTH="24"/>
						<String ID="P36_ST00280" HPOS="928" VPOS="1626" WIDTH="49" HEIGHT="31" CONTENT="die" WC="0.98" CC="310"/>
						<SP ID="P36_SP00250" HPOS="977" VPOS="1665" WIDTH="23"/>
						<String ID="P36_ST00281" HPOS="1000" VPOS="1626" WIDTH="231" HEIGHT="31" CONTENT="wirtschaftlich" WC="0.99" CC="05272040700370"/>
						<SP ID="P36_SP00251" HPOS="1231" VPOS="1665" WIDTH="26"/>
						<String ID="P36_ST00282" HPOS="1257" VPOS="1627" WIDTH="229" HEIGHT="38" CONTENT="Unterlegenen" WC="0.99" CC="370070096707"/>
					</TextLine>
					<TextLine ID="P36_TL00033" HPOS="289" VPOS="1670" WIDTH="1198" HEIGHT="41">
						<String ID="P36_ST00283" HPOS="289" VPOS="1672" WIDTH="79" HEIGHT="30" CONTENT="sind." WC="0.98" CC="03750"/>
						<SP ID="P36_SP00252" HPOS="368" VPOS="1702" WIDTH="49"/>
						<String ID="P36_ST00284" HPOS="417" VPOS="1672" WIDTH="59" HEIGHT="30" CONTENT="Die" WC="0.95" CC="641"/>
						<SP ID="P36_SP00253" HPOS="476" VPOS="1702" WIDTH="25"/>
						<String ID="P36_ST00285" HPOS="501" VPOS="1670" WIDTH="161" HEIGHT="32" CONTENT="berühmte" WC="0.99" CC="76600502"/>
						<SP ID="P36_SP00254" HPOS="662" VPOS="1702" WIDTH="26"/>
						<String ID="P36_ST00286" HPOS="688" VPOS="1671" WIDTH="185" HEIGHT="39" CONTENT="Rollen]agd" WC="0.99" CC="6060077091"/>
						<SP ID="P36_SP00255" HPOS="873" VPOS="1710" WIDTH="26"/>
						<String ID="P36_ST00287" HPOS="899" VPOS="1670" WIDTH="54" HEIGHT="32" CONTENT="des" WC="1.00" CC="000"/>
						<SP ID="P36_SP00256" HPOS="953" VPOS="1710" WIDTH="27"/>
						<String ID="P36_ST00288" HPOS="980" VPOS="1671" WIDTH="229" HEIGHT="39" CONTENT="Schauspielers" WC="1.00" CC="0001630337020"/>
						<SP ID="P36_SP00257" HPOS="1209" VPOS="1710" WIDTH="29"/>
						<String ID="P36_ST00289" HPOS="1238" VPOS="1673" WIDTH="40" HEIGHT="30" CONTENT="ist" WC="1.00" CC="000"/>
						<SP ID="P36_SP00258" HPOS="1278" VPOS="1710" WIDTH="27"/>
						<String ID="P36_ST00290" HPOS="1305" VPOS="1672" WIDTH="94" HEIGHT="39" CONTENT="nicht," WC="0.98" CC="725064"/>
						<SP ID="P36_SP00259" HPOS="1399" VPOS="1711" WIDTH="28"/>
						<String ID="P36_ST00291" HPOS="1427" VPOS="1675" WIDTH="60" HEIGHT="28" CONTENT="wie" WC="0.96" CC="360"/>
					</TextLine>
					<TextLine ID="P36_TL00034" HPOS="288" VPOS="1715" WIDTH="1197" HEIGHT="41">
						<String ID="P36_ST00292" HPOS="288" VPOS="1726" WIDTH="72" HEIGHT="21" CONTENT="man" WC="0.91" CC="797"/>
						<SP ID="P36_SP00260" HPOS="360" VPOS="1747" WIDTH="24"/>
						<String ID="P36_ST00293" HPOS="384" VPOS="1726" WIDTH="32" HEIGHT="21" CONTENT="es" WC="0.91" CC="10"/>
						<SP ID="P36_SP00261" HPOS="416" VPOS="1747" WIDTH="23"/>
						<String ID="P36_ST00294" HPOS="439" VPOS="1716" WIDTH="200" HEIGHT="39" CONTENT="gewöhnlich" WC="0.99" CC="0400067567"/>
						<SP ID="P36_SP00262" HPOS="639" VPOS="1755" WIDTH="23"/>
						<String ID="P36_ST00295" HPOS="662" VPOS="1715" WIDTH="213" HEIGHT="40" CONTENT="gedankenlos" WC="0.99" CC="90065300630"/>
						<SP ID="P36_SP00263" HPOS="875" VPOS="1755" WIDTH="24"/>
						<String ID="P36_ST00296" HPOS="899" VPOS="1726" WIDTH="41" HEIGHT="21" CONTENT="zu" WC="0.46" CC="37"/>
						<SP ID="P36_SP00264" HPOS="940" VPOS="1755" WIDTH="24"/>
						<String ID="P36_ST00297" HPOS="964" VPOS="1719" WIDTH="55" HEIGHT="28" CONTENT="tun" WC="0.92" CC="776"/>
						<SP ID="P36_SP00265" HPOS="1019" VPOS="1755" WIDTH="26"/>
						<String ID="P36_ST00298" HPOS="1045" VPOS="1716" WIDTH="103" HEIGHT="40" CONTENT="pflegt," WC="0.98" CC="0770972"/>
						<SP ID="P36_SP00266" HPOS="1148" VPOS="1756" WIDTH="26"/>
						<String ID="P36_ST00299" HPOS="1174" VPOS="1717" WIDTH="89" HEIGHT="31" CONTENT="allein" WC="0.98" CC="060056"/>
						<SP ID="P36_SP00267" HPOS="1263" VPOS="1756" WIDTH="26"/>
						<String ID="P36_ST00300" HPOS="1289" VPOS="1727" WIDTH="57" HEIGHT="21" CONTENT="aus" WC="0.97" CC="060"/>
						<SP ID="P36_SP00268" HPOS="1346" VPOS="1756" WIDTH="24"/>
						<String ID="P36_ST00301" HPOS="1370" VPOS="1719" WIDTH="115" HEIGHT="29" CONTENT="seinem" WC="0.97" CC="097756"/>
					</TextLine>
					<TextLine ID="P36_TL00035" HPOS="287" VPOS="1762" WIDTH="1197" HEIGHT="40">
						<String ID="P36_ST00302" HPOS="287" VPOS="1762" WIDTH="243" HEIGHT="39" CONTENT="Temperament," WC="0.99" CC="210056305703"/>
						<SP ID="P36_SP00269" HPOS="530" VPOS="1801" WIDTH="42"/>
						<String ID="P36_ST00303" HPOS="572" VPOS="1771" WIDTH="56" HEIGHT="22" CONTENT="aus" WC="0.94" CC="870"/>
						<SP ID="P36_SP00270" HPOS="628" VPOS="1801" WIDTH="39"/>
						<String ID="P36_ST00304" HPOS="667" VPOS="1763" WIDTH="115" HEIGHT="29" CONTENT="seinem" WC="0.99" CC="005700"/>
						<SP ID="P36_SP00271" HPOS="782" VPOS="1801" WIDTH="30"/>
						<String ID="P36_ST00305" HPOS="812" VPOS="1762" WIDTH="243" HEIGHT="31" CONTENT="künstlerischen" WC="0.99" CC="00600606611720"/>
						<SP ID="P36_SP00272" HPOS="1055" VPOS="1801" WIDTH="31"/>
						<String ID="P36_ST00306" HPOS="1086" VPOS="1762" WIDTH="133" HEIGHT="39" CONTENT="Ehrgeiz" WC="0.98" CC="4169014"/>
						<SP ID="P36_SP00273" HPOS="1219" VPOS="1801" WIDTH="39"/>
						<String ID="P36_ST00307" HPOS="1258" VPOS="1773" WIDTH="41" HEIGHT="21" CONTENT="zu" WC="0.37" CC="47"/>
						<SP ID="P36_SP00274" HPOS="1299" VPOS="1801" WIDTH="39"/>
						<String ID="P36_ST00308" HPOS="1338" VPOS="1762" WIDTH="146" HEIGHT="40" CONTENT="erklären," WC="0.99" CC="062605364"/>
					</TextLine>
					<TextLine ID="P36_TL00036" HPOS="287" VPOS="1807" WIDTH="1198" HEIGHT="40">
						<String ID="P36_ST00309" HPOS="287" VPOS="1808" WIDTH="138" HEIGHT="30" CONTENT="sondern" WC="0.97" CC="0575667"/>
						<SP ID="P36_SP00275" HPOS="425" VPOS="1838" WIDTH="20"/>
						<String ID="P36_ST00310" HPOS="445" VPOS="1809" WIDTH="45" HEIGHT="29" CONTENT="sie" WC="0.99" CC="020"/>
						<SP ID="P36_SP00276" HPOS="490" VPOS="1838" WIDTH="20"/>
						<String ID="P36_ST00311" HPOS="510" VPOS="1808" WIDTH="40" HEIGHT="31" CONTENT="ist" WC="1.00" CC="000"/>
						<SP ID="P36_SP00277" HPOS="550" VPOS="1839" WIDTH="20"/>
						<String ID="P36_ST00312" HPOS="570" VPOS="1809" WIDTH="49" HEIGHT="29" CONTENT="ein" WC="0.95" CC="507"/>
						<SP ID="P36_SP00278" HPOS="619" VPOS="1839" WIDTH="21"/>
						<String ID="P36_ST00313" HPOS="640" VPOS="1808" WIDTH="222" HEIGHT="38" CONTENT="Symptom" WC="0.99" CC="0200042"/>
						<SP ID="P36_SP00279" HPOS="862" VPOS="1846" WIDTH="23"/>
						<String ID="P36_ST00314" HPOS="885" VPOS="1807" WIDTH="99" HEIGHT="40" CONTENT="dafür," WC="0.98" CC="045063"/>
						<SP ID="P36_SP00280" HPOS="984" VPOS="1847" WIDTH="21"/>
						<String ID="P36_ST00315" HPOS="1005" VPOS="1808" WIDTH="63" HEIGHT="31" CONTENT="daß" WC="0.97" CC="080"/>
						<SP ID="P36_SP00281" HPOS="1068" VPOS="1847" WIDTH="22"/>
						<String ID="P36_ST00316" HPOS="1090" VPOS="1808" WIDTH="84" HEIGHT="31" CONTENT="seine" WC="0.98" CC="61270"/>
						<SP ID="P36_SP00282" HPOS="1174" VPOS="1847" WIDTH="20"/>
						<String ID="P36_ST00317" HPOS="1194" VPOS="1808" WIDTH="117" HEIGHT="32" CONTENT="soziale" WC="0.97" CC="7660674"/>
						<SP ID="P36_SP00283" HPOS="1311" VPOS="1847" WIDTH="21"/>
						<String ID="P36_ST00318" HPOS="1332" VPOS="1808" WIDTH="153" HEIGHT="31" CONTENT="Situation" WC="0.98" CC="320767676"/>
					</TextLine>
					<TextLine ID="P36_TL00037" HPOS="287" VPOS="1853" WIDTH="1198" HEIGHT="40">
						<String ID="P36_ST00319" HPOS="287" VPOS="1853" WIDTH="98" HEIGHT="39" CONTENT="völlig" WC="0.97" CC="607049"/>
						<SP ID="P36_SP00284" HPOS="385" VPOS="1892" WIDTH="19"/>
						<String ID="P36_ST00320" HPOS="404" VPOS="1853" WIDTH="145" HEIGHT="31" CONTENT="unsicher" WC="0.98" CC="77556563"/>
						<SP ID="P36_SP00285" HPOS="549" VPOS="1892" WIDTH="19"/>
						<String ID="P36_ST00321" HPOS="568" VPOS="1854" WIDTH="49" HEIGHT="38" CONTENT="ist," WC="0.99" CC="0004"/>
						<SP ID="P36_SP00286" HPOS="617" VPOS="1892" WIDTH="23"/>
						<String ID="P36_ST00322" HPOS="640" VPOS="1853" WIDTH="62" HEIGHT="31" CONTENT="daß" WC="0.98" CC="004"/>
						<SP ID="P36_SP00287" HPOS="702" VPOS="1892" WIDTH="21"/>
						<String ID="P36_ST00323" HPOS="723" VPOS="1862" WIDTH="35" HEIGHT="22" CONTENT="er" WC="0.55" CC="26"/>
						<SP ID="P36_SP00288" HPOS="758" VPOS="1892" WIDTH="19"/>
						<String ID="P36_ST00324" HPOS="777" VPOS="1853" WIDTH="100" HEIGHT="31" CONTENT="sozial" WC="0.99" CC="000606"/>
						<SP ID="P36_SP00289" HPOS="877" VPOS="1892" WIDTH="22"/>
						<String ID="P36_ST00325" HPOS="899" VPOS="1853" WIDTH="127" HEIGHT="32" CONTENT="absolut" WC="0.99" CC="0700160"/>
						<SP ID="P36_SP00290" HPOS="1026" VPOS="1892" WIDTH="20"/>
						<String ID="P36_ST00326" HPOS="1046" VPOS="1853" WIDTH="69" HEIGHT="31" CONTENT="dem" WC="0.99" CC="020"/>
						<SP ID="P36_SP00291" HPOS="1115" VPOS="1892" WIDTH="21"/>
						<String ID="P36_ST00327" HPOS="1136" VPOS="1853" WIDTH="121" HEIGHT="31" CONTENT="Walten" WC="0.98" CC="037046"/>
						<SP ID="P36_SP00292" HPOS="1257" VPOS="1892" WIDTH="24"/>
						<String ID="P36_ST00328" HPOS="1281" VPOS="1853" WIDTH="55" HEIGHT="31" CONTENT="des" WC="0.95" CC="049"/>
						<SP ID="P36_SP00293" HPOS="1336" VPOS="1892" WIDTH="21"/>
						<String ID="P36_ST00329" HPOS="1357" VPOS="1853" WIDTH="128" HEIGHT="40" CONTENT="Zufalls," WC="0.98" CC="04705614"/>
					</TextLine>
					<TextLine ID="P36_TL00038" HPOS="288" VPOS="1898" WIDTH="1197" HEIGHT="39">
						<String ID="P36_ST00330" HPOS="288" VPOS="1900" WIDTH="56" HEIGHT="29" CONTENT="das" WC="0.96" CC="072"/>
						<SP ID="P36_SP00294" HPOS="344" VPOS="1929" WIDTH="22"/>
						<String ID="P36_ST00331" HPOS="366" VPOS="1899" WIDTH="84" HEIGHT="30" CONTENT="heißt" WC="0.96" CC="75706"/>
						<SP ID="P36_SP00295" HPOS="450" VPOS="1929" WIDTH="24"/>
						<String ID="P36_ST00332" HPOS="474" VPOS="1898" WIDTH="69" HEIGHT="31" CONTENT="dem" WC="0.94" CC="069"/>
						<SP ID="P36_SP00296" HPOS="543" VPOS="1929" WIDTH="24"/>
						<String ID="P36_ST00333" HPOS="567" VPOS="1898" WIDTH="224" HEIGHT="38" CONTENT="Kapitalismus" WC="0.99" CC="000063745069"/>
						<SP ID="P36_SP00297" HPOS="791" VPOS="1936" WIDTH="23"/>
						<String ID="P36_ST00334" HPOS="814" VPOS="1898" WIDTH="195" HEIGHT="39" CONTENT="ausgeliefert" WC="0.99" CC="370945407350"/>
						<SP ID="P36_SP00298" HPOS="1009" VPOS="1937" WIDTH="19"/>
						<String ID="P36_ST00335" HPOS="1028" VPOS="1901" WIDTH="48" HEIGHT="29" CONTENT="ist." WC="0.99" CC="0004"/>
						<SP ID="P36_SP00299" HPOS="1076" VPOS="1937" WIDTH="44"/>
						<String ID="P36_ST00336" HPOS="1120" VPOS="1898" WIDTH="112" HEIGHT="31" CONTENT="Genau" WC="0.97" CC="60707"/>
						<SP ID="P36_SP00300" HPOS="1232" VPOS="1937" WIDTH="22"/>
						<String ID="P36_ST00337" HPOS="1254" VPOS="1909" WIDTH="38" HEIGHT="21" CONTENT="so" WC="0.66" CC="06"/>
						<SP ID="P36_SP00301" HPOS="1292" VPOS="1937" WIDTH="21"/>
						<String ID="P36_ST00338" HPOS="1313" VPOS="1900" WIDTH="61" HEIGHT="30" CONTENT="wie" WC="1.00" CC="000"/>
						<SP ID="P36_SP00302" HPOS="1374" VPOS="1937" WIDTH="21"/>
						<String ID="P36_ST00339" HPOS="1395" VPOS="1900" WIDTH="90" HEIGHT="30" CONTENT="heute" WC="0.97" CC="75065"/>
					</TextLine>
					<TextLine ID="P36_TL00039" HPOS="288" VPOS="1943" WIDTH="1196" HEIGHT="40">
						<String ID="P36_ST00340" HPOS="288" VPOS="1945" WIDTH="49" HEIGHT="30" CONTENT="die" WC="0.96" CC="704"/>
						<SP ID="P36_SP00303" HPOS="337" VPOS="1975" WIDTH="18"/>
						<String ID="P36_ST00341" HPOS="355" VPOS="1944" WIDTH="185" HEIGHT="39" CONTENT="Rollenjagd" WC="0.58" CC="0166672090"/>
						<SP ID="P36_SP00304" HPOS="540" VPOS="1983" WIDTH="20"/>
						<String ID="P36_ST00342" HPOS="560" VPOS="1943" WIDTH="54" HEIGHT="32" CONTENT="des" WC="1.00" CC="000"/>
						<SP ID="P36_SP00305" HPOS="614" VPOS="1983" WIDTH="20"/>
						<String ID="P36_ST00343" HPOS="634" VPOS="1943" WIDTH="241" HEIGHT="40" CONTENT="Schauspielers," WC="0.99" CC="21605000464793"/>
						<SP ID="P36_SP00306" HPOS="875" VPOS="1983" WIDTH="19"/>
						<String ID="P36_ST00344" HPOS="894" VPOS="1953" WIDTH="103" HEIGHT="30" CONTENT="genau" WC="0.97" CC="90606"/>
						<SP ID="P36_SP00307" HPOS="997" VPOS="1983" WIDTH="19"/>
						<String ID="P36_ST00345" HPOS="1016" VPOS="1954" WIDTH="38" HEIGHT="21" CONTENT="so" WC="0.75" CC="05"/>
						<SP ID="P36_SP00308" HPOS="1054" VPOS="1983" WIDTH="19"/>
						<String ID="P36_ST00346" HPOS="1073" VPOS="1944" WIDTH="109" HEIGHT="39" CONTENT="spielte" WC="0.99" CC="0030560"/>
						<SP ID="P36_SP00309" HPOS="1182" VPOS="1983" WIDTH="20"/>
						<String ID="P36_ST00347" HPOS="1202" VPOS="1945" WIDTH="66" HEIGHT="30" CONTENT="sich" WC="0.94" CC="9477"/>
						<SP ID="P36_SP00310" HPOS="1268" VPOS="1983" WIDTH="19"/>
						<String ID="P36_ST00348" HPOS="1287" VPOS="1945" WIDTH="33" HEIGHT="30" CONTENT="in" WC="0.67" CC="06"/>
						<SP ID="P36_SP00311" HPOS="1320" VPOS="1983" WIDTH="19"/>
						<String ID="P36_ST00349" HPOS="1339" VPOS="1945" WIDTH="145" HEIGHT="31" CONTENT="früheren" WC="0.98" CC="02074737"/>
					</TextLine>
					<TextLine ID="P36_TL00040" HPOS="288" VPOS="1989" WIDTH="1196" HEIGHT="40">
						<String ID="P36_ST00350" HPOS="288" VPOS="1990" WIDTH="104" HEIGHT="30" CONTENT="Zeiten" WC="0.98" CC="403347"/>
						<SP ID="P36_SP00312" HPOS="392" VPOS="2020" WIDTH="18"/>
						<String ID="P36_ST00351" HPOS="410" VPOS="1989" WIDTH="49" HEIGHT="31" CONTENT="die" WC="0.95" CC="940"/>
						<SP ID="P36_SP00313" HPOS="459" VPOS="2020" WIDTH="17"/>
						<String ID="P36_ST00352" HPOS="476" VPOS="1989" WIDTH="202" HEIGHT="40" CONTENT="Arbeitsjagd" WC="0.99" CC="05762000000"/>
						<SP ID="P36_SP00314" HPOS="678" VPOS="2029" WIDTH="17"/>
						<String ID="P36_ST00353" HPOS="695" VPOS="1989" WIDTH="54" HEIGHT="30" CONTENT="des" WC="1.00" CC="000"/>
						<SP ID="P36_SP00315" HPOS="749" VPOS="2029" WIDTH="17"/>
						<String ID="P36_ST00354" HPOS="766" VPOS="1989" WIDTH="158" HEIGHT="31" CONTENT="Arbeiters" WC="0.99" CC="066045470"/>
						<SP ID="P36_SP00316" HPOS="924" VPOS="2029" WIDTH="17"/>
						<String ID="P36_ST00355" HPOS="941" VPOS="1989" WIDTH="49" HEIGHT="40" CONTENT="ab," WC="0.98" CC="004"/>
						<SP ID="P36_SP00317" HPOS="990" VPOS="2029" WIDTH="19"/>
						<String ID="P36_ST00356" HPOS="1009" VPOS="1990" WIDTH="45" HEIGHT="30" CONTENT="als" WC="0.99" CC="030"/>
						<SP ID="P36_SP00318" HPOS="1054" VPOS="2029" WIDTH="17"/>
						<String ID="P36_ST00357" HPOS="1071" VPOS="1990" WIDTH="55" HEIGHT="31" CONTENT="der" WC="0.98" CC="005"/>
						<SP ID="P36_SP00319" HPOS="1126" VPOS="2029" WIDTH="17"/>
						<String ID="P36_ST00358" HPOS="1143" VPOS="1990" WIDTH="143" HEIGHT="30" CONTENT="Arbeiter" WC="0.98" CC="06750704"/>
						<SP ID="P36_SP00320" HPOS="1286" VPOS="2029" WIDTH="15"/>
						<String ID="P36_ST00359" HPOS="1301" VPOS="1990" WIDTH="83" HEIGHT="30" CONTENT="noch" WC="0.95" CC="7527"/>
						<SP ID="P36_SP00321" HPOS="1384" VPOS="2029" WIDTH="16"/>
						<String ID="P36_ST00360" HPOS="1400" VPOS="1990" WIDTH="84" HEIGHT="31" CONTENT="nicht" WC="0.97" CC="80077"/>
					</TextLine>
					<TextLine ID="P36_TL00041" HPOS="287" VPOS="2034" WIDTH="1197" HEIGHT="42">
						<String ID="P36_ST00361" HPOS="287" VPOS="2035" WIDTH="64" HEIGHT="30" CONTENT="sich" WC="0.95" CC="5477"/>
						<SP ID="P36_SP00322" HPOS="351" VPOS="2065" WIDTH="20"/>
						<String ID="P36_ST00362" HPOS="371" VPOS="2034" WIDTH="96" HEIGHT="31" CONTENT="selbst" WC="0.96" CC="646677"/>
						<SP ID="P36_SP00323" HPOS="467" VPOS="2065" WIDTH="20"/>
						<String ID="P36_ST00363" HPOS="487" VPOS="2044" WIDTH="40" HEIGHT="21" CONTENT="zu" WC="0.47" CC="46"/>
						<SP ID="P36_SP00324" HPOS="527" VPOS="2065" WIDTH="22"/>
						<String ID="P36_ST00364" HPOS="549" VPOS="2034" WIDTH="181" HEIGHT="32" CONTENT="Solidarität" WC="0.99" CC="37047533055"/>
						<SP ID="P36_SP00325" HPOS="730" VPOS="2066" WIDTH="21"/>
						<String ID="P36_ST00365" HPOS="751" VPOS="2043" WIDTH="136" HEIGHT="31" CONTENT="erzogen" WC="0.97" CC="3647907"/>
						<SP ID="P36_SP00326" HPOS="887" VPOS="2074" WIDTH="21"/>
						<String ID="P36_ST00366" HPOS="908" VPOS="2034" WIDTH="92" HEIGHT="40" CONTENT="hatte," WC="0.99" CC="700004"/>
						<SP ID="P36_SP00327" HPOS="1000" VPOS="2074" WIDTH="35"/>
						<String ID="P36_ST00367" HPOS="1035" VPOS="2035" WIDTH="55" HEIGHT="32" CONTENT="mit" WC="1.00" CC="000"/>
						<SP ID="P36_SP00328" HPOS="1090" VPOS="2074" WIDTH="21"/>
						<String ID="P36_ST00368" HPOS="1111" VPOS="2035" WIDTH="134" HEIGHT="30" CONTENT="anderen" WC="0.98" CC="5004407"/>
						<SP ID="P36_SP00329" HPOS="1245" VPOS="2074" WIDTH="22"/>
						<String ID="P36_ST00369" HPOS="1267" VPOS="2034" WIDTH="139" HEIGHT="42" CONTENT="Worten," WC="0.98" CC="0550074"/>
						<SP ID="P36_SP00330" HPOS="1406" VPOS="2076" WIDTH="32"/>
						<String ID="P36_ST00370" HPOS="1438" VPOS="2036" WIDTH="46" HEIGHT="31" CONTENT="als" WC="0.99" CC="003"/>
					</TextLine>
					<TextLine ID="P36_TL00042" HPOS="289" VPOS="2079" WIDTH="1196" HEIGHT="34">
						<String ID="P36_ST00371" HPOS="289" VPOS="2079" WIDTH="53" HEIGHT="31" CONTENT="der" WC="0.95" CC="616"/>
						<SP ID="P36_SP00331" HPOS="342" VPOS="2110" WIDTH="21"/>
						<String ID="P36_ST00372" HPOS="363" VPOS="2080" WIDTH="141" HEIGHT="30" CONTENT="Arbeiter" WC="0.97" CC="16775695"/>
						<SP ID="P36_SP00332" HPOS="504" VPOS="2110" WIDTH="21"/>
						<String ID="P36_ST00373" HPOS="525" VPOS="2080" WIDTH="82" HEIGHT="30" CONTENT="noch" WC="0.95" CC="7427"/>
						<SP ID="P36_SP00333" HPOS="607" VPOS="2110" WIDTH="22"/>
						<String ID="P36_ST00374" HPOS="629" VPOS="2080" WIDTH="84" HEIGHT="30" CONTENT="nicht" WC="0.98" CC="06170"/>
						<SP ID="P36_SP00334" HPOS="713" VPOS="2110" WIDTH="20"/>
						<String ID="P36_ST00375" HPOS="733" VPOS="2089" WIDTH="72" HEIGHT="21" CONTENT="zum" WC="0.95" CC="470"/>
						<SP ID="P36_SP00335" HPOS="805" VPOS="2110" WIDTH="22"/>
						<String ID="P36_ST00376" HPOS="827" VPOS="2080" WIDTH="200" HEIGHT="30" CONTENT="Bewußtsein" WC="0.99" CC="5407009337"/>
						<SP ID="P36_SP00336" HPOS="1027" VPOS="2110" WIDTH="22"/>
						<String ID="P36_ST00377" HPOS="1049" VPOS="2082" WIDTH="100" HEIGHT="30" CONTENT="seiner" WC="0.99" CC="000606"/>
						<SP ID="P36_SP00337" HPOS="1149" VPOS="2112" WIDTH="21"/>
						<String ID="P36_ST00378" HPOS="1170" VPOS="2081" WIDTH="205" HEIGHT="30" CONTENT="historischen" WC="0.99" CC="701200000707"/>
						<SP ID="P36_SP00338" HPOS="1375" VPOS="2112" WIDTH="22"/>
						<String ID="P36_ST00379" HPOS="1397" VPOS="2081" WIDTH="88" HEIGHT="32" CONTENT="Rolle" WC="0.95" CC="77774"/>
					</TextLine>
					<TextLine ID="P36_TL00043" HPOS="288" VPOS="2125" WIDTH="1196" HEIGHT="38">
						<String ID="P36_ST00380" HPOS="288" VPOS="2126" WIDTH="31" HEIGHT="29" CONTENT="in" WC="0.29" CC="67"/>
						<SP ID="P36_SP00339" HPOS="319" VPOS="2155" WIDTH="21"/>
						<String ID="P36_ST00381" HPOS="340" VPOS="2125" WIDTH="54" HEIGHT="30" CONTENT="der" WC="0.93" CC="667"/>
						<SP ID="P36_SP00340" HPOS="394" VPOS="2155" WIDTH="16"/>
						<String ID="P36_ST00382" HPOS="410" VPOS="2125" WIDTH="289" HEIGHT="38" CONTENT="Weltentwicklung" WC="0.99" CC="617167704676779"/>
						<SP ID="P36_SP00341" HPOS="699" VPOS="2163" WIDTH="18"/>
						<String ID="P36_ST00383" HPOS="717" VPOS="2125" WIDTH="184" HEIGHT="38" CONTENT="gekommen" WC="0.98" CC="94076107"/>
						<SP ID="P36_SP00342" HPOS="901" VPOS="2163" WIDTH="19"/>
						<String ID="P36_ST00384" HPOS="920" VPOS="2135" WIDTH="76" HEIGHT="21" CONTENT="war." WC="0.98" CC="0072"/>
						<SP ID="P36_SP00343" HPOS="996" VPOS="2163" WIDTH="42"/>
						<String ID="P36_ST00385" HPOS="1038" VPOS="2126" WIDTH="41" HEIGHT="30" CONTENT="Es" WC="0.41" CC="64"/>
						<SP ID="P36_SP00344" HPOS="1079" VPOS="2163" WIDTH="19"/>
						<String ID="P36_ST00386" HPOS="1098" VPOS="2126" WIDTH="67" HEIGHT="37" CONTENT="gilt," WC="0.96" CC="75764"/>
						<SP ID="P36_SP00345" HPOS="1165" VPOS="2163" WIDTH="20"/>
						<String ID="P36_ST00387" HPOS="1185" VPOS="2126" WIDTH="77" HEIGHT="30" CONTENT="auch" WC="0.96" CC="3716"/>
						<SP ID="P36_SP00346" HPOS="1262" VPOS="2163" WIDTH="21"/>
						<String ID="P36_ST00388" HPOS="1283" VPOS="2126" WIDTH="67" HEIGHT="31" CONTENT="dem" WC="0.93" CC="457"/>
						<SP ID="P36_SP00347" HPOS="1350" VPOS="2163" WIDTH="21"/>
						<String ID="P36_ST00389" HPOS="1371" VPOS="2126" WIDTH="113" HEIGHT="31" CONTENT="Schau-" WC="0.97" CC="367674"/>
					</TextLine>
				</TextBlock>
			</PrintSpace>
		</Page>
	</Layout>
</alto>
