1673 2540
306 2198 57 36 146

335 235 93 31 Recht
445 235 66 37 gut.
540 233 76 32 Was
632 235 41 30 ist
690 233 79 30 das?
798 233 74 31 Drei
893 233 165 31 Millionen
1075 233 50 31 für
1143 233 49 32 die
1209 232 279 40 Ausschmückung

335 280 99 31 seiner
454 279 120 31 Paläste
593 302 8 6 .
624 301 8 8 .
655 303 8 7 .
694 279 77 30 Eine
789 278 92 31 halbe
901 278 126 31 Million
1046 279 50 31 für
1117 279 56 31 das
1194 279 93 31 Fest?

294 325 139 32 CALK
446 325 10 30 I
469 325 31 29 N
512 324 36 31 S:
576 325 59 30 Die
651 324 189 31 Redakteure
856 324 197 31 vermochten
1070 324 87 30 wohl
1174 326 85 30 nicht
1278 334 39 21 an
1336 325 49 30 die
1400 324 72 31 wirk-

334 370 100 31 lichen
453 370 146 30 Summen
619 379 41 21 zu
680 369 145 38 glauben.

293 414 208 32 HAGEN:
529 415 68 31 Wir
613 414 127 32 werden
757 416 44 30 sie
818 414 99 32 schon
935 414 151 31 erziehen.
1127 414 103 39 (Wirft
1251 414 50 32 die
1317 416 173 38 Zeitungen

334 461 149 38 beiseite.)
522 460 77 31 Sind
614 461 49 30 die
679 460 122 31 Befehle
816 460 51 31 für
883 459 58 31 den
957 459 170 31 Londoner
1143 459 103 31 Markt
1262 459 228 40 abgegangen?

293 515 25 31 C
330 515 102 31 ALK
444 515 103 31 INS:
581 515 48 39 Ja,
654 515 104 30 Prinz.

294 560 207 32 HAGEN:
536 560 74 31 Gut.
655 560 66 30 Das
745 561 40 29 ist
807 559 83 31 alles.
936 559 140 40 (Calkins
1100 559 62 39 ab.)
1211 559 49 31 Sie
1282 559 72 30 sied
1378 559 57 30 alle
1460 560 31 30 in

334 606 119 39 großer
471 606 100 38 Sorge
589 614 108 30 wegen
716 604 144 32 London.
901 604 61 40 Ah,
983 604 126 33 Gerald.

294 660 221 32 GERALD
548 660 131 38 (kommt
700 668 63 22 von
785 659 129 39 rechts):
948 658 110 31 Hallo!

294 709 193 31 HÄGEN
517 708 183 40 (lächenld):
731 708 85 39 Nun,
836 708 48 30 Sie
904 708 104 39 sehen,
1030 707 50 31 die
1098 707 92 31 Leute
1211 707 71 31 sind
1302 717 40 20 zu
1363 708 128 29 meinem

336 754 68 31 Ball
428 754 193 38 gekommen.

295 800 236 32 GERALD:
565 800 48 37 Ja.

295 854 208 31 HAGEN:
540 853 50 31 Sie
614 853 118 30 lächeln
757 852 65 30 und
846 852 177 30 schwätzen
1049 875 6 7 .
1080 875 7 6 .
1111 876 6 6 .
1143 851 176 38 verbeugen
1344 851 67 31 sich
1436 859 57 21 vor

336 900 68 38 mir,
423 898 141 31 kriechen
584 922 6 7 .
615 922 6 7 .
646 922 7 6 .
682 897 76 31 Und
777 898 49 29 ich
848 897 80 30 habe
947 896 80 31 doch
1048 905 59 30 gar
1124 896 85 31 nicht
1229 896 50 31 die
1296 896 196 30 christlichen

336 944 172 39 Tugenden
527 943 174 39 gepredigt.

296 997 236 33 GERALD:
571 997 129 31 Stimmt.
749 997 58 30 Ein
844 995 195 32 widerlicher
1077 995 142 31 Anblick.
1269 995 102 39 (Nach
1410 995 83 30 einer

337 1044 129 38 Pause):
503 1044 76 29 Eine
604 1042 143 31 seltsame
769 1042 105 30 Laune
901 1065 70 7 ...
997 1050 49 21 am
1070 1040 112 31 Abend
1209 1039 84 32 Ihres
1319 1040 84 30 Balls
1427 1041 66 29 eine

337 1089 97 30 Panik
454 1098 40 21 zu
515 1088 215 31 verursachen.

296 1142 209 31 HAGEN:
540 1141 52 32 Ich
616 1141 84 31 hatte
722 1140 50 31 die
795 1141 96 30 Panik
914 1140 58 31 viel
997 1142 91 36 ärger
1111 1138 137 40 gewollt.
1294 1138 126 32 Warten
1445 1138 49 31 Sie

337 1197 60 22 nur
418 1187 50 31 die
486 1187 125 38 heutige
631 1187 50 32 ab.

297 1233 236 32 GERALD:
563 1232 143 31 Welches
726 1231 66 31 Ziel
811 1231 161 38 verfolgen
994 1230 50 31 Sie
1064 1230 163 38 eigentlich
1236 1230 15 30 ?

296 1286 208 32 HAGEN:
536 1286 89 31 Ziel?
658 1286 104 30 Wozu
784 1286 48 29 ein
855 1284 89 31 Ziel?
975 1284 95 30 Nicht
1092 1284 50 30 ich
1164 1283 80 32 habe
1267 1283 57 31 das
1345 1283 84 39 Spiel
1451 1292 30 21 er-

338 1332 126 40 funden,
484 1332 108 39 spielte
612 1342 32 20 es
666 1331 80 30 nach
765 1329 60 32 den
844 1330 199 38 festgelegten
1062 1328 125 40 Regeln,
1229 1328 98 33 Kaufe
1347 1328 66 31 und
1430 1336 49 23 ver-

339 1377 88 32 kaufe
444 1378 138 38 Papiere,
599 1376 108 31 mache
723 1386 38 21 so
777 1376 60 30 viel
854 1375 91 40 Geld,
962 1376 61 30 wie
1040 1375 49 30 ich
1107 1375 91 29 kann.
1241 1374 97 38 Möge
1356 1374 56 30 das
1430 1373 65 31 Ziel

339 1423 49 31 für
406 1423 66 30 sich
489 1422 98 31 selbst
604 1430 117 30 sorgen
740 1444 8 8 .
772 1445 6 6 .
802 1445 8 7 .

299 1468 236 32 GERALD:
564 1467 42 31 Ist
625 1476 31 21 es
676 1466 86 30 nicht
778 1468 80 28 etwa
876 1474 41 21 zu
935 1465 70 30 hart
1024 1465 50 30 für
1093 1464 49 31 die
1160 1463 145 32 hilflosen
1322 1464 115 30 Leute?

299 1520 209 32 HAGEN:
542 1521 59 30 Die
623 1520 107 30 Leute?
776 1518 127 40 Gerald,
926 1518 83 31 diese
1032 1526 88 23 euere
1141 1517 81 32 Welt
1244 1517 52 31 hat
1318 1517 81 30 mich
1422 1519 73 28 stets

341 1568 60 30 wie
419 1568 49 29 ein
487 1567 66 30 Faß
571 1566 99 30 voller
687 1565 108 31 Ratten
813 1564 162 38 gedeucht.
1016 1564 41 30 Es
1076 1563 69 39 gibt
1163 1562 81 31 oben
1263 1562 79 31 bloß
1361 1562 50 32 für
1430 1563 65 30 eine

340 1615 134 36 gewisse
509 1611 123 30 Anzahl
669 1611 107 39 Raum,
815 1609 55 31 der
907 1609 71 31 Rest
1013 1609 75 30 muß
1126 1611 94 28 unten
1256 1608 135 31 keuchen
1431 1607 64 32 und

340 1658 180 38 schwitzen,
540 1657 48 31 bis
610 1665 33 22 er
661 1655 101 31 stirbt.

300 1703 235 33 GERALD:
565 1703 77 32 Kein
662 1703 72 31 sehr
753 1702 195 31 erfreuliches
968 1702 81 31 Bild.

299 1757 209 31 HAGEN:
536 1757 52 30 Ich
607 1756 96 31 denke
720 1756 85 31 nicht
820 1757 108 30 weiter
946 1756 135 30 darüber
1098 1756 89 39 nach,
1206 1756 122 31 befinde
1345 1756 81 31 mich
1444 1765 34 22 zu-

341 1803 86 39 fällig
446 1803 81 30 oben
547 1802 64 30 und
630 1803 131 38 genieße
780 1801 48 31 die
846 1801 156 31 Aussicht.
1043 1801 97 39 (Setzt
1155 1802 66 31 sich
1242 1811 40 21 an
1301 1800 59 32 den
1378 1801 117 40 Tisch.)

341 1849 51 30 Ich
425 1848 65 31 will
524 1848 104 30 diesen
662 1847 151 30 Weltstall
846 1847 144 39 säubern,
1025 1846 127 32 Gerald.
1196 1846 114 31 Werde
1343 1846 50 31 die
1424 1847 71 38 jetzt

342 1893 206 31 herrschende
569 1893 139 30 sinnlose
729 1892 211 39 Vergeudung
962 1893 85 30 nicht
1068 1891 108 39 länger
1198 1891 114 31 dulden
1338 1915 7 6 .
1368 1914 8 7 .
1399 1916 7 5 .
1438 1891 57 31 Ein

341 1940 85 39 jeder
442 1941 41 30 ist
500 1939 96 31 damit
613 1938 193 40 beschäftigt,
827 1938 59 30 den
905 1938 134 30 anderen
1058 1947 40 21 zu
1115 1938 161 38 betrügen,
1295 1937 144 31 niemand
1456 1938 39 30 ist

343 1986 49 39 da,
408 1985 55 31 der
479 1985 50 30 die
543 1984 132 31 Straßen
691 1985 121 37 reinigt.
841 1983 41 31 Es
898 1985 49 37 ist,
964 1983 45 30 als
1025 1984 95 38 ginge
1136 1985 48 28 ein
1201 1982 145 31 Dutzend
1365 1982 130 31 Männer

343 2032 51 30 auf
417 2032 50 29 ein
491 2030 83 39 Feld,
599 2039 52 21 um
675 2030 48 32 ein
749 2029 93 30 Pferd
865 2028 205 39 einzufangen
1096 2029 66 30 und
1185 2027 140 31 hinderte
1349 2028 146 30 einander

343 2076 49 31 die
409 2085 101 29 ganze
529 2075 68 31 Zeit
616 2084 40 21 an
677 2074 54 31 der
750 2074 117 31 Arbeit.
911 2074 214 30 Uebernehme
1146 2074 49 30 ich
1216 2072 50 31 die
1284 2071 151 41 Aufsicht,
1458 2083 36 21 so

343 2122 125 30 werden
489 2122 45 30 sie
555 2121 56 30 das
633 2119 91 31 Pferd
745 2119 174 38 einfangen.
