1705 2540
1320 2219 62 37 167

940 1854 144 34 Franz
1121 1858 138 32 Schul
1270 1870 26 20 z

269 216 60 32 Ein
346 216 233 33 Schneiderlein
596 217 63 33 lebt
676 218 156 39 glücklich
850 219 67 31 und
934 219 162 33 zufrieden
1114 221 33 31 in
1166 221 118 31 seinem
1304 229 99 30 engen

183 263 159 32 Stübchen
358 262 68 32 und
442 263 73 33 kaut
531 263 97 40 lustig
644 265 153 39 grinsend
813 266 89 32 harte
918 266 190 32 Brotrinden
1126 266 75 41 (wie
1217 266 186 41 idyllisch!).

182 309 95 32 Eines
299 309 104 40 Tages
435 309 135 32 entsteht
600 310 56 33 der
677 311 140 33 Wunsch
851 313 81 31 nach
954 313 161 32 Reichtum
1148 314 33 31 in
1214 313 75 33 ihm.
1336 312 67 32 Das

181 355 158 32 Schicksal
364 355 143 33 beschert
530 356 65 32 ihm
619 358 89 32 einen
732 358 123 42 Schatz,
880 359 56 32 der
962 359 171 33 Schneider
1155 359 155 33 bewohnt
1334 360 69 31 eine

182 402 112 33 Flucht
313 402 194 40 glänzender
525 403 147 40 Zimmer,
691 405 47 32 ißt
756 405 133 33 Hühner
908 406 66 32 und
994 405 129 33 Ananas
1202 406 77 33 aber
1297 405 105 41 Angst

181 449 66 32 und
267 448 80 33 Oeiz
365 449 131 32 machen
517 449 55 32 ihn
592 450 208 40 unglücklich.
842 452 70 40 Tag
931 453 66 32 und
1018 453 104 32 Nacht
1142 453 206 32 umschleicht
1367 461 34 23 er

181 494 49 33 die
252 495 192 33 Schatzkiste
466 496 67 31 und
554 497 62 31 wie
637 498 67 31 sein
726 497 161 33 Reichtum
910 499 181 32 schließlich
1115 499 165 40 gestohlen
1304 498 95 41 wird,

180 542 128 32 erkennt
333 551 43 32 er,
414 542 85 32 daß
536 552 95 23 man
669 553 82 23 nur
786 544 68 32 als
891 555 144 22 armer
1073 546 131 32 Mann
1241 546 132 40 glück-

179 586 93 34 lich
302 588 88 33 und
419 589 247 32 zufrieden
694 591 98 32 sein
821 591 124 32 kann.
987 593 59 31 Die
1066 593 123 31 Moral:
1218 592 53 33 Ihr
1291 602 106 21 armen

179 634 120 34 Kinder
316 635 69 32 seid
402 635 83 41 froh,
505 636 63 32 daß
588 636 54 33 Ihr
658 647 66 21 arm
743 637 68 32 seid
830 638 66 32 und
913 640 103 38 gönnt
1035 638 59 32 den
1115 639 134 32 Reichen
1269 638 108 40 Müßig-

177 689 88 31 gang
286 681 67 32 und
374 682 115 41 Besitz,
510 682 75 33 sehr
606 683 121 32 schöne
747 684 116 41 Dinge,
886 684 80 32 doch
993 685 117 32 erkauft
1131 686 56 31 mit
1208 685 187 32 mancherlei

176 727 164 33 Verdruß!

262 791 133 33 Endlich
431 794 114 30 einmal
579 795 42 31 ist
657 794 55 39 (im
750 794 235 43 Malik-Verlag,
1023 797 284 41 Berlin-Halensee)
1345 799 50 31 ein

176 837 238 33 Märchenbuch
442 839 52 34 für
521 840 300 33 Proletarierkinder
849 842 195 33 erschienen:
1086 844 59 40 „W
1157 854 18 22 a
1187 854 15 21 s
1242 845 128 32 Peter-

174 882 139 34 chens
361 884 208 34 Freunde
617 887 241 33 erzählen“
906 899 62 22 von
1018 890 242 41 Hermynia
1308 891 87 32 Zur

175 929 195 44 Mühlen,
407 933 56 32 mit
499 932 227 42 Zeichnungen
762 945 64 22 von
865 935 181 41 George
1082 936 158 33 Grosz.
1301 937 93 32 Indes

174 978 85 31 seine
278 977 119 34 Mutter
416 978 50 33 die
485 979 87 39 Tage
590 981 32 31 in
643 980 56 33 der
718 981 115 32 Fabrik
853 982 173 41 verbringt,
1047 983 182 32 befreundet
1247 984 67 32 sich
1338 983 56 33 der

173 1032 85 23 arme
273 1023 99 33 kleine
390 1025 89 33 Peter
495 1028 57 31 mit
568 1026 60 33 den
645 1026 246 39 Gegenständen
910 1028 54 33 des
982 1030 170 31 ärmlichen
1169 1030 164 40 Zimmers,
1352 1040 40 21 an

172 1068 58 33 das
251 1080 34 22 er
305 1070 144 39 gefesselt
471 1073 49 31 ist.
564 1073 99 39 Jeden
685 1074 69 40 Tag
776 1075 75 31 hört
872 1085 33 22 er
926 1075 49 32 die
997 1075 395 41 Entstehungsgeschichte

172 1116 86 32 einer
277 1116 102 34 dieser
398 1117 223 40 Gegenstände
640 1120 66 32 und
726 1122 32 31 in
778 1121 86 40 jeder
884 1121 55 32 der
958 1121 209 33 Geschichten
1187 1122 120 33 kommt
1325 1122 44 33 Un-

170 1162 94 38 glück
287 1164 67 31 und
379 1163 83 37 Qual
485 1165 56 33 der
565 1165 173 34 Menschen
761 1176 69 30 vor,
865 1168 118 32 welche
1020 1168 50 32 die
1094 1169 105 39 Dinge
1223 1178 166 31 erzeugen,

170 1208 188 34 Wohlleben
386 1211 66 31 und
476 1211 173 34 Ueberfluß
676 1213 99 39 derer,
811 1214 50 33 die
897 1216 60 32 den
983 1217 99 32 Profit
1118 1219 164 38 genießen.
1331 1219 59 31 Die

171 1254 102 33 Kohle
292 1256 152 34 berichtet
461 1267 75 23 vom
557 1259 101 32 Elend
679 1259 55 33 der
753 1261 220 40 Bergarbeiter
993 1264 67 31 und
1080 1273 75 22 vom
1176 1265 211 40 schlagenden

169 1301 127 41 Wetter,
320 1302 56 34 das
398 1304 68 32 ihre
487 1305 120 33 Kinder
629 1315 41 23 zu
692 1306 129 33 Waisen
854 1308 115 42 macht,
1004 1310 50 31 die
1077 1310 131 33 Flasche
1230 1321 63 22 von
1329 1312 59 31 den

170 1347 183 43 Menschen,
374 1350 50 32 die
444 1351 32 32 in
498 1351 190 34 Glashütten
708 1353 68 33 ihre
796 1354 110 40 Lunge
926 1355 183 42 verderben,
1131 1356 50 32 die
1201 1358 104 31 Decke
1324 1367 63 23 von

169 1393 61 33 den
252 1395 132 40 giftigen
408 1397 243 42 Farbdämpfen,
674 1399 119 33 welche
818 1400 50 33 die
891 1401 198 34 Gesundheit
1113 1404 114 39 junger
1251 1403 121 33 Arbeite-

167 1442 113 31 rinnen
302 1443 96 41 töten,
423 1442 56 34 der
499 1444 166 42 Eisentopf
684 1456 65 23 von
772 1446 57 33 der
851 1447 209 41 Schwelgerei
1083 1449 57 32 der
1160 1450 133 32 Reichen
1319 1475 6 7 .
1350 1476 7 5 .
1382 1475 6 7 .

251 1505 60 32 Die
336 1505 153 34 Märchen
512 1508 74 32 sind
611 1508 131 43 einfach,
766 1510 76 40 klar,
867 1512 229 43 unterhaltend,
1120 1514 51 33 für
1195 1516 86 40 jedes
1304 1517 84 33 Kind

165 1550 212 34 verständlich
407 1553 68 32 und
503 1554 131 33 machen
665 1555 69 33 dem
764 1558 228 34 erwachenden
1023 1560 190 34 Proletarier
1243 1562 50 33 die
1322 1563 44 32 Un-

165 1597 224 41 gerechtigkeit
406 1599 57 33 der
478 1600 83 33 Welt
576 1601 76 43 klar,
669 1603 33 32 in
720 1603 56 33 der
793 1614 33 22 er
842 1604 91 33 leben
950 1606 94 33 wird.
1084 1607 61 33 Die
1162 1608 225 41 Zeichnungen

164 1652 65 23 von
264 1643 182 43 George
483 1646 150 34 Grosz
679 1649 73 33 sind
788 1660 64 22 von
889 1653 173 39 primitiver
1098 1654 289 42 Eindringlichkeit,

164 1689 97 41 recht,
279 1700 53 23 um
348 1701 66 23 von
431 1692 142 34 Kindern
590 1694 154 40 begriffen
761 1707 41 22 zu
820 1698 139 33 werden.
1000 1700 66 32 Der
1084 1700 87 33 Preis
1190 1701 55 32 des
1265 1703 121 32 Buches

165 1736 33 39 (7
221 1736 106 40 Mark)
348 1739 105 33 macht
475 1739 60 33 den
557 1740 83 34 Kauf
663 1741 102 33 dieses
786 1743 397 42 Weihnachtsgeschenkes
1205 1748 51 32 für
1279 1749 106 32 seinen

165 1781 88 33 Sohn
273 1783 101 40 jedem
398 1784 147 34 Arbeiter
564 1788 150 39 möglich.
