<?xml version="1.0" encoding="UTF-8"?>
<alto xmlns:xsi="http://www.w3.org/2001/XMLSchema-instance" xmlns="http://www.loc.gov/standards/alto/ns-v2#" xsi:schemaLocation="http://www.loc.gov/standards/alto/ns-v2# http://www.loc.gov/standards/alto/v2/alto-2-0.xsd" xmlns:xlink="http://www.w3.org/1999/xlink">
	<Description>
		<MeasurementUnit>mm10</MeasurementUnit>
		<sourceImageInformation>
			<fileName>./bmtnabs_1920-09_01_0032.jp2</fileName>
		</sourceImageInformation>
		<OCRProcessing ID="OCRPROCESSING_1">
			<preProcessingStep>
				<processingSoftware>
					<softwareCreator>CCS Content Conversion Specialists GmbH, Germany</softwareCreator>
					<softwareName>CCS docWorks</softwareName>
					<softwareVersion>6.8-1.27</softwareVersion>
				</processingSoftware>
			</preProcessingStep>
			<ocrProcessingStep>
				<processingSoftware>
					<softwareCreator>ABBYY (BIT Software), Russia</softwareCreator>
					<softwareName>FineReader</softwareName>
					<softwareVersion>11.0</softwareVersion>
				</processingSoftware>
			</ocrProcessingStep>
			<postProcessingStep>
				<processingSoftware>
					<softwareCreator>CCS Content Conversion Specialists GmbH, Germany</softwareCreator>
					<softwareName>CCS docWorks</softwareName>
					<softwareVersion>6.8-1.27</softwareVersion>
					<applicationDescription>docWorks: Text modified manually, or automatically replaced</applicationDescription>
				</processingSoftware>
			</postProcessingStep>
		</OCRProcessing>
	</Description>
	<Styles>
		<TextStyle ID="TXT_0" FONTSIZE="55" FONTFAMILY="Arial"/>
		<TextStyle ID="TXT_1" FONTSIZE="11" FONTFAMILY="Times New Roman"/>
		<TextStyle ID="TXT_2" FONTSIZE="11" FONTFAMILY="Times New Roman" FONTSTYLE="bold"/>
		<ParagraphStyle ID="PAR_LEFT" ALIGN="Left"/>
		<ParagraphStyle ID="PAR_BLOCK" ALIGN="Block"/>
	</Styles>
	<Layout>
		<Page ID="P32" PHYSICAL_IMG_NR="32" HEIGHT="2540" WIDTH="1659" PRINTED_IMG_NR="150" PC="0.892">
			<TopMargin ID="P32_TM00001" HPOS="0" VPOS="0" WIDTH="1659" HEIGHT="221"/>
			<LeftMargin ID="P32_LM00001" HPOS="0" VPOS="221" WIDTH="281" HEIGHT="1961"/>
			<RightMargin ID="P32_RM00001" HPOS="1485" VPOS="221" WIDTH="174" HEIGHT="1961"/>
			<BottomMargin ID="P32_BM00001" HPOS="0" VPOS="2182" WIDTH="1659" HEIGHT="358">
				<TextBlock ID="P32_TB00001" HPOS="280" VPOS="2185" WIDTH="61" HEIGHT="30" STYLEREFS="TXT_0 PAR_LEFT">
					<TextLine ID="P32_TL00001" HPOS="280" VPOS="2185" WIDTH="61" HEIGHT="30">
						<String ID="P32_ST00001" HPOS="280" VPOS="2185" WIDTH="61" HEIGHT="30" CONTENT="150" WC="1.00" CC="000"/>
					</TextLine>
				</TextBlock>
			</BottomMargin>
			<PrintSpace ID="P32_PS00001" HPOS="281" VPOS="221" WIDTH="1204" HEIGHT="1961">
				<TextBlock ID="P32_TB00002" HPOS="281" VPOS="221" WIDTH="1204" HEIGHT="1916" STYLEREFS="TXT_1 PAR_BLOCK">
					<TextLine ID="P32_TL00002" HPOS="292" VPOS="221" WIDTH="1128" HEIGHT="41">
						<String ID="P32_ST00002" HPOS="292" VPOS="221" WIDTH="131" HEIGHT="31" CONTENT="£STE" WC="0.94" CC="6006"/>
						<SP ID="P32_SP00001" HPOS="423" VPOS="252" WIDTH="13"/>
						<String ID="P32_ST00003" HPOS="436" VPOS="222" WIDTH="23" HEIGHT="30" CONTENT="L" WC="0.37" CC="6"/>
						<SP ID="P32_SP00002" HPOS="459" VPOS="252" WIDTH="12"/>
						<String ID="P32_ST00004" HPOS="471" VPOS="222" WIDTH="22" HEIGHT="29" CONTENT="L" WC="0.34" CC="6"/>
						<SP ID="P32_SP00003" HPOS="493" VPOS="252" WIDTH="13"/>
						<String ID="P32_ST00005" HPOS="506" VPOS="222" WIDTH="23" HEIGHT="29" CONTENT="E" WC="0.41" CC="5"/>
						<SP ID="P32_SP00004" HPOS="529" VPOS="252" WIDTH="36"/>
						<String ID="P32_ST00006" HPOS="565" VPOS="222" WIDTH="226" HEIGHT="40" CONTENT="(verzweifelt):" WC="1.00" CC="10043000764050"/>
						<SP ID="P32_SP00005" HPOS="791" VPOS="262" WIDTH="38"/>
						<String ID="P32_ST00007" HPOS="829" VPOS="224" WIDTH="49" HEIGHT="30" CONTENT="Sie" WC="0.97" CC="106"/>
						<SP ID="P32_SP00006" HPOS="878" VPOS="262" WIDTH="23"/>
						<String ID="P32_ST00008" HPOS="901" VPOS="224" WIDTH="101" HEIGHT="30" CONTENT="haben" WC="0.96" CC="73758"/>
						<SP ID="P32_SP00007" HPOS="1002" VPOS="262" WIDTH="24"/>
						<String ID="P32_ST00009" HPOS="1026" VPOS="226" WIDTH="118" HEIGHT="29" CONTENT="meinen" WC="0.97" CC="460817"/>
						<SP ID="P32_SP00008" HPOS="1144" VPOS="262" WIDTH="25"/>
						<String ID="P32_ST00010" HPOS="1169" VPOS="226" WIDTH="91" HEIGHT="31" CONTENT="Vater" WC="0.97" CC="61736"/>
						<SP ID="P32_SP00009" HPOS="1260" VPOS="262" WIDTH="24"/>
						<String ID="P32_ST00011" HPOS="1284" VPOS="228" WIDTH="136" HEIGHT="31" CONTENT="ruiniert." WC="0.98" CC="762822764"/>
					</TextLine>
					<TextLine ID="P32_TL00003" HPOS="290" VPOS="279" WIDTH="1195" HEIGHT="44">
						<String ID="P32_ST00012" HPOS="290" VPOS="279" WIDTH="206" HEIGHT="30" CONTENT="HAGEN:" WC="0.96" CC="776655"/>
						<SP ID="P32_SP00010" HPOS="496" VPOS="309" WIDTH="29"/>
						<String ID="P32_ST00013" HPOS="525" VPOS="279" WIDTH="51" HEIGHT="30" CONTENT="Ihr" WC="0.93" CC="666"/>
						<SP ID="P32_SP00011" HPOS="576" VPOS="309" WIDTH="17"/>
						<String ID="P32_ST00014" HPOS="593" VPOS="280" WIDTH="92" HEIGHT="30" CONTENT="Vater" WC="0.97" CC="14746"/>
						<SP ID="P32_SP00012" HPOS="685" VPOS="310" WIDTH="16"/>
						<String ID="P32_ST00015" HPOS="701" VPOS="281" WIDTH="92" HEIGHT="38" CONTENT="spielt" WC="0.98" CC="121477"/>
						<SP ID="P32_SP00013" HPOS="793" VPOS="319" WIDTH="17"/>
						<String ID="P32_ST00016" HPOS="810" VPOS="281" WIDTH="100" HEIGHT="30" CONTENT="dieses" WC="0.98" CC="635014"/>
						<SP ID="P32_SP00014" HPOS="910" VPOS="319" WIDTH="17"/>
						<String ID="P32_ST00017" HPOS="927" VPOS="281" WIDTH="83" HEIGHT="39" CONTENT="Spiel" WC="0.96" CC="06667"/>
						<SP ID="P32_SP00015" HPOS="1010" VPOS="320" WIDTH="18"/>
						<String ID="P32_ST00018" HPOS="1028" VPOS="282" WIDTH="99" HEIGHT="31" CONTENT="schon" WC="0.97" CC="55760"/>
						<SP ID="P32_SP00016" HPOS="1127" VPOS="320" WIDTH="19"/>
						<String ID="P32_ST00019" HPOS="1146" VPOS="284" WIDTH="100" HEIGHT="39" CONTENT="lange," WC="0.98" CC="707703"/>
						<SP ID="P32_SP00017" HPOS="1246" VPOS="323" WIDTH="20"/>
						<String ID="P32_ST00020" HPOS="1266" VPOS="286" WIDTH="65" HEIGHT="29" CONTENT="sein" WC="1.00" CC="0200"/>
						<SP ID="P32_SP00018" HPOS="1331" VPOS="323" WIDTH="21"/>
						<String ID="P32_ST00021" HPOS="1352" VPOS="285" WIDTH="78" HEIGHT="30" CONTENT="Pfad" WC="0.96" CC="5336"/>
						<SP ID="P32_SP00019" HPOS="1430" VPOS="323" WIDTH="16"/>
						<String ID="P32_ST00022" HPOS="1446" VPOS="285" WIDTH="39" HEIGHT="30" CONTENT="ist" WC="0.97" CC="006"/>
					</TextLine>
					<TextLine ID="P32_TL00004" HPOS="331" VPOS="323" WIDTH="1154" HEIGHT="42">
						<String ID="P32_ST00023" HPOS="331" VPOS="325" WIDTH="55" HEIGHT="30" CONTENT="mit" WC="0.92" CC="559"/>
						<SP ID="P32_SP00020" HPOS="386" VPOS="355" WIDTH="16"/>
						<String ID="P32_ST00024" HPOS="402" VPOS="323" WIDTH="237" HEIGHT="32" CONTENT="Konkurrenten" WC="0.98" CC="677686707749"/>
						<SP ID="P32_SP00021" HPOS="639" VPOS="355" WIDTH="18"/>
						<String ID="P32_ST00025" HPOS="657" VPOS="325" WIDTH="145" HEIGHT="40" CONTENT="bestreut," WC="0.99" CC="742060704"/>
						<SP ID="P32_SP00022" HPOS="802" VPOS="365" WIDTH="19"/>
						<String ID="P32_ST00026" HPOS="821" VPOS="326" WIDTH="49" HEIGHT="30" CONTENT="die" WC="0.97" CC="044"/>
						<SP ID="P32_SP00023" HPOS="870" VPOS="365" WIDTH="19"/>
						<String ID="P32_ST00027" HPOS="889" VPOS="336" WIDTH="33" HEIGHT="21" CONTENT="er" WC="0.56" CC="26"/>
						<SP ID="P32_SP00024" HPOS="922" VPOS="365" WIDTH="17"/>
						<String ID="P32_ST00028" HPOS="939" VPOS="328" WIDTH="129" HEIGHT="30" CONTENT="ruiniert" WC="0.98" CC="67470066"/>
						<SP ID="P32_SP00025" HPOS="1068" VPOS="365" WIDTH="17"/>
						<String ID="P32_ST00029" HPOS="1085" VPOS="328" WIDTH="61" HEIGHT="32" CONTENT="hat." WC="0.95" CC="7364"/>
						<SP ID="P32_SP00026" HPOS="1146" VPOS="365" WIDTH="41"/>
						<String ID="P32_ST00030" HPOS="1187" VPOS="329" WIDTH="74" HEIGHT="31" CONTENT="Dies" WC="0.96" CC="4550"/>
						<SP ID="P32_SP00027" HPOS="1261" VPOS="365" WIDTH="18"/>
						<String ID="P32_ST00031" HPOS="1279" VPOS="331" WIDTH="40" HEIGHT="29" CONTENT="ist" WC="0.96" CC="235"/>
						<SP ID="P32_SP00028" HPOS="1319" VPOS="365" WIDTH="19"/>
						<String ID="P32_ST00032" HPOS="1338" VPOS="330" WIDTH="64" HEIGHT="30" CONTENT="ihm" WC="0.93" CC="675"/>
						<SP ID="P32_SP00029" HPOS="1402" VPOS="365" WIDTH="19"/>
						<String ID="P32_ST00033" HPOS="1421" VPOS="330" WIDTH="64" HEIGHT="31" CONTENT="und" WC="0.95" CC="770"/>
					</TextLine>
					<TextLine ID="P32_TL00005" HPOS="331" VPOS="369" WIDTH="1154" HEIGHT="45">
						<String ID="P32_ST00034" HPOS="331" VPOS="369" WIDTH="76" HEIGHT="31" CONTENT="auch" WC="0.94" CC="6777"/>
						<SP ID="P32_SP00030" HPOS="407" VPOS="400" WIDTH="26"/>
						<String ID="P32_ST00035" HPOS="433" VPOS="369" WIDTH="95" HEIGHT="31" CONTENT="Ihnen" WC="0.95" CC="67867"/>
						<SP ID="P32_SP00031" HPOS="528" VPOS="400" WIDTH="26"/>
						<String ID="P32_ST00036" HPOS="554" VPOS="370" WIDTH="143" HEIGHT="32" CONTENT="bekannt." WC="0.98" CC="60577600"/>
						<SP ID="P32_SP00032" HPOS="697" VPOS="402" WIDTH="46"/>
						<String ID="P32_ST00037" HPOS="743" VPOS="371" WIDTH="81" HEIGHT="37" CONTENT="Jetzt" WC="0.97" CC="45019"/>
						<SP ID="P32_SP00033" HPOS="824" VPOS="408" WIDTH="25"/>
						<String ID="P32_ST00038" HPOS="849" VPOS="372" WIDTH="74" HEIGHT="30" CONTENT="aber" WC="0.94" CC="6757"/>
						<SP ID="P32_SP00034" HPOS="923" VPOS="408" WIDTH="23"/>
						<String ID="P32_ST00039" HPOS="946" VPOS="372" WIDTH="81" HEIGHT="31" CONTENT="habe" WC="0.96" CC="6065"/>
						<SP ID="P32_SP00035" HPOS="1027" VPOS="408" WIDTH="34"/>
						<String ID="P32_ST00040" HPOS="1061" VPOS="373" WIDTH="69" HEIGHT="30" CONTENT="ich" WC="0.95" CC="137"/>
						<SP ID="P32_SP00036" HPOS="1130" VPOS="408" WIDTH="37"/>
						<String ID="P32_ST00041" HPOS="1167" VPOS="374" WIDTH="56" HEIGHT="30" CONTENT="das" WC="0.96" CC="081"/>
						<SP ID="P32_SP00037" HPOS="1223" VPOS="408" WIDTH="26"/>
						<String ID="P32_ST00042" HPOS="1249" VPOS="374" WIDTH="82" HEIGHT="39" CONTENT="Spiel" WC="0.99" CC="00400"/>
						<SP ID="P32_SP00038" HPOS="1331" VPOS="413" WIDTH="25"/>
						<String ID="P32_ST00043" HPOS="1356" VPOS="375" WIDTH="129" HEIGHT="39" CONTENT="gespielt" WC="0.98" CC="76091373"/>
					</TextLine>
					<TextLine ID="P32_TL00006" HPOS="330" VPOS="414" WIDTH="1155" HEIGHT="47">
						<String ID="P32_ST00044" HPOS="330" VPOS="415" WIDTH="63" HEIGHT="30" CONTENT="und" WC="0.94" CC="707"/>
						<SP ID="P32_SP00039" HPOS="393" VPOS="445" WIDTH="22"/>
						<String ID="P32_ST00045" HPOS="415" VPOS="414" WIDTH="54" HEIGHT="31" CONTENT="ihn" WC="0.92" CC="777"/>
						<SP ID="P32_SP00040" HPOS="469" VPOS="445" WIDTH="25"/>
						<String ID="P32_ST00046" HPOS="494" VPOS="415" WIDTH="129" HEIGHT="39" CONTENT="besiegt." WC="0.98" CC="74240774"/>
						<SP ID="P32_SP00041" HPOS="623" VPOS="454" WIDTH="47"/>
						<String ID="P32_ST00047" HPOS="670" VPOS="416" WIDTH="34" HEIGHT="31" CONTENT="In" WC="0.27" CC="77"/>
						<SP ID="P32_SP00042" HPOS="704" VPOS="454" WIDTH="23"/>
						<String ID="P32_ST00048" HPOS="727" VPOS="417" WIDTH="98" HEIGHT="30" CONTENT="einem" WC="0.97" CC="34706"/>
						<SP ID="P32_SP00043" HPOS="825" VPOS="454" WIDTH="24"/>
						<String ID="P32_ST00049" HPOS="849" VPOS="417" WIDTH="68" HEIGHT="39" CONTENT="Tag" WC="0.91" CC="679"/>
						<SP ID="P32_SP00044" HPOS="917" VPOS="456" WIDTH="23"/>
						<String ID="P32_ST00050" HPOS="940" VPOS="426" WIDTH="79" HEIGHT="30" CONTENT="rang" WC="0.94" CC="7687"/>
						<SP ID="P32_SP00045" HPOS="1019" VPOS="456" WIDTH="23"/>
						<String ID="P32_ST00051" HPOS="1042" VPOS="419" WIDTH="50" HEIGHT="29" CONTENT="ich" WC="0.94" CC="177"/>
						<SP ID="P32_SP00046" HPOS="1092" VPOS="456" WIDTH="24"/>
						<String ID="P32_ST00052" HPOS="1116" VPOS="418" WIDTH="55" HEIGHT="30" CONTENT="ihn" WC="0.95" CC="570"/>
						<SP ID="P32_SP00047" HPOS="1171" VPOS="456" WIDTH="23"/>
						<String ID="P32_ST00053" HPOS="1194" VPOS="419" WIDTH="107" HEIGHT="31" CONTENT="nieder" WC="0.97" CC="713906"/>
						<SP ID="P32_SP00048" HPOS="1301" VPOS="456" WIDTH="23"/>
						<String ID="P32_ST00054" HPOS="1324" VPOS="444" WIDTH="7" HEIGHT="6" CONTENT="." WC="0.59" CC="4"/>
						<SP ID="P32_SP00049" HPOS="1331" VPOS="456" WIDTH="24"/>
						<String ID="P32_ST00055" HPOS="1355" VPOS="445" WIDTH="7" HEIGHT="5" CONTENT="." WC="0.55" CC="4"/>
						<SP ID="P32_SP00050" HPOS="1362" VPOS="456" WIDTH="25"/>
						<String ID="P32_ST00056" HPOS="1387" VPOS="445" WIDTH="6" HEIGHT="7" CONTENT="." WC="0.55" CC="4"/>
						<SP ID="P32_SP00051" HPOS="1393" VPOS="456" WIDTH="37"/>
						<String ID="P32_ST00057" HPOS="1430" VPOS="421" WIDTH="55" HEIGHT="40" CONTENT="(Er" WC="0.96" CC="045"/>
					</TextLine>
					<TextLine ID="P32_TL00007" HPOS="329" VPOS="460" WIDTH="1156" HEIGHT="39">
						<String ID="P32_ST00058" HPOS="329" VPOS="460" WIDTH="105" HEIGHT="39" CONTENT="lacht.)" WC="0.98" CC="7217703"/>
						<SP ID="P32_SP00052" HPOS="434" VPOS="499" WIDTH="41"/>
						<String ID="P32_ST00059" HPOS="475" VPOS="461" WIDTH="50" HEIGHT="29" CONTENT="Ich" WC="0.92" CC="777"/>
						<SP ID="P32_SP00053" HPOS="525" VPOS="499" WIDTH="21"/>
						<String ID="P32_ST00060" HPOS="546" VPOS="461" WIDTH="80" HEIGHT="30" CONTENT="kann" WC="0.94" CC="6677"/>
						<SP ID="P32_SP00054" HPOS="626" VPOS="499" WIDTH="19"/>
						<String ID="P32_ST00061" HPOS="645" VPOS="462" WIDTH="54" HEIGHT="30" CONTENT="ihn" WC="0.93" CC="477"/>
						<SP ID="P32_SP00055" HPOS="699" VPOS="499" WIDTH="21"/>
						<String ID="P32_ST00062" HPOS="720" VPOS="462" WIDTH="31" HEIGHT="30" CONTENT="in" WC="0.30" CC="67"/>
						<SP ID="P32_SP00056" HPOS="751" VPOS="499" WIDTH="19"/>
						<String ID="P32_ST00063" HPOS="770" VPOS="462" WIDTH="82" HEIGHT="30" CONTENT="noch" WC="0.94" CC="7767"/>
						<SP ID="P32_SP00057" HPOS="852" VPOS="499" WIDTH="21"/>
						<String ID="P32_ST00064" HPOS="873" VPOS="462" WIDTH="143" HEIGHT="32" CONTENT="kürzerer" WC="0.99" CC="00510534"/>
						<SP ID="P32_SP00058" HPOS="1016" VPOS="499" WIDTH="19"/>
						<String ID="P32_ST00065" HPOS="1035" VPOS="464" WIDTH="68" HEIGHT="30" CONTENT="Zeit" WC="0.96" CC="3067"/>
						<SP ID="P32_SP00059" HPOS="1103" VPOS="499" WIDTH="20"/>
						<String ID="P32_ST00066" HPOS="1123" VPOS="464" WIDTH="116" HEIGHT="30" CONTENT="wieder" WC="0.97" CC="170746"/>
						<SP ID="P32_SP00060" HPOS="1239" VPOS="499" WIDTH="19"/>
						<String ID="P32_ST00067" HPOS="1258" VPOS="465" WIDTH="50" HEIGHT="29" CONTENT="auf" WC="0.91" CC="976"/>
						<SP ID="P32_SP00061" HPOS="1308" VPOS="499" WIDTH="22"/>
						<String ID="P32_ST00068" HPOS="1330" VPOS="465" WIDTH="49" HEIGHT="30" CONTENT="die" WC="0.95" CC="904"/>
						<SP ID="P32_SP00062" HPOS="1379" VPOS="499" WIDTH="20"/>
						<String ID="P32_ST00069" HPOS="1399" VPOS="466" WIDTH="86" HEIGHT="31" CONTENT="Füße" WC="0.98" CC="6030"/>
					</TextLine>
					<TextLine ID="P32_TL00008" HPOS="329" VPOS="506" WIDTH="116" HEIGHT="29">
						<String ID="P32_ST00070" HPOS="329" VPOS="506" WIDTH="116" HEIGHT="29" CONTENT="stellen." WC="0.98" CC="27667484"/>
					</TextLine>
					<TextLine ID="P32_TL00009" HPOS="289" VPOS="562" WIDTH="591" HEIGHT="33">
						<String ID="P32_ST00071" HPOS="289" VPOS="562" WIDTH="93" HEIGHT="31" CONTENT="ESI" WC="0.93" CC="737"/>
						<SP ID="P32_SP00063" HPOS="382" VPOS="593" WIDTH="18"/>
						<String ID="P32_ST00072" HPOS="400" VPOS="564" WIDTH="144" HEIGHT="31" CONTENT="ELLE:" WC="0.96" CC="76675"/>
						<SP ID="P32_SP00064" HPOS="544" VPOS="595" WIDTH="33"/>
						<String ID="P32_ST00073" HPOS="577" VPOS="565" WIDTH="148" HEIGHT="30" CONTENT="Weshalb" WC="0.97" CC="9007677"/>
						<SP ID="P32_SP00065" HPOS="725" VPOS="595" WIDTH="25"/>
						<String ID="P32_ST00074" HPOS="750" VPOS="565" WIDTH="107" HEIGHT="30" CONTENT="alldies" WC="0.56" CC="5308462"/>
						<SP ID="P32_SP00066" HPOS="857" VPOS="595" WIDTH="8"/>
						<String ID="P32_ST00075" HPOS="865" VPOS="566" WIDTH="15" HEIGHT="29" CONTENT="?" WC="0.63" CC="3"/>
					</TextLine>
					<TextLine ID="P32_TL00010" HPOS="288" VPOS="621" WIDTH="1196" HEIGHT="36">
						<String ID="P32_ST00076" HPOS="288" VPOS="621" WIDTH="208" HEIGHT="31" CONTENT="HAGEN:" WC="0.98" CC="746700"/>
						<SP ID="P32_SP00067" HPOS="496" VPOS="652" WIDTH="33"/>
						<String ID="P32_ST00077" HPOS="529" VPOS="622" WIDTH="52" HEIGHT="30" CONTENT="Ich" WC="0.93" CC="747"/>
						<SP ID="P32_SP00068" HPOS="581" VPOS="652" WIDTH="20"/>
						<String ID="P32_ST00078" HPOS="601" VPOS="622" WIDTH="66" HEIGHT="31" CONTENT="will" WC="0.98" CC="2022"/>
						<SP ID="P32_SP00069" HPOS="667" VPOS="653" WIDTH="23"/>
						<String ID="P32_ST00079" HPOS="690" VPOS="632" WIDTH="32" HEIGHT="21" CONTENT="es" WC="0.52" CC="44"/>
						<SP ID="P32_SP00070" HPOS="722" VPOS="653" WIDTH="22"/>
						<String ID="P32_ST00080" HPOS="744" VPOS="622" WIDTH="96" HEIGHT="32" CONTENT="Ihnen" WC="0.96" CC="67717"/>
						<SP ID="P32_SP00071" HPOS="840" VPOS="654" WIDTH="24"/>
						<String ID="P32_ST00081" HPOS="864" VPOS="623" WIDTH="146" HEIGHT="31" CONTENT="erklären." WC="0.98" CC="240787473"/>
						<SP ID="P32_SP00072" HPOS="1010" VPOS="654" WIDTH="46"/>
						<String ID="P32_ST00082" HPOS="1056" VPOS="624" WIDTH="50" HEIGHT="31" CONTENT="Ich" WC="0.93" CC="647"/>
						<SP ID="P32_SP00073" HPOS="1106" VPOS="655" WIDTH="26"/>
						<String ID="P32_ST00083" HPOS="1132" VPOS="624" WIDTH="68" HEIGHT="31" CONTENT="kam" WC="0.98" CC="006"/>
						<SP ID="P32_SP00074" HPOS="1200" VPOS="655" WIDTH="24"/>
						<String ID="P32_ST00084" HPOS="1224" VPOS="627" WIDTH="31" HEIGHT="29" CONTENT="in" WC="0.48" CC="27"/>
						<SP ID="P32_SP00075" HPOS="1255" VPOS="656" WIDTH="23"/>
						<String ID="P32_ST00085" HPOS="1278" VPOS="634" WIDTH="89" HEIGHT="22" CONTENT="euere" WC="0.97" CC="57172"/>
						<SP ID="P32_SP00076" HPOS="1367" VPOS="656" WIDTH="23"/>
						<String ID="P32_ST00086" HPOS="1390" VPOS="627" WIDTH="81" HEIGHT="30" CONTENT="zivili" SUBS_TYPE="HypPart1" SUBS_CONTENT="zivilisierte" WC="0.97" CC="966656"/>
						<HYP HPOS="1471" VPOS="627" WIDTH="13" CONTENT="-"/>
					</TextLine>
					<TextLine ID="P32_TL00011" HPOS="327" VPOS="667" WIDTH="1157" HEIGHT="42">
						<String ID="P32_ST00087" HPOS="327" VPOS="668" WIDTH="92" HEIGHT="29" CONTENT="sierte" SUBS_TYPE="HypPart2" SUBS_CONTENT="zivilisierte" WC="0.96" CC="675776"/>
						<SP ID="P32_SP00077" HPOS="419" VPOS="697" WIDTH="14"/>
						<String ID="P32_ST00088" HPOS="433" VPOS="667" WIDTH="90" HEIGHT="39" CONTENT="Welt," WC="0.97" CC="60731"/>
						<SP ID="P32_SP00078" HPOS="523" VPOS="706" WIDTH="17"/>
						<String ID="P32_ST00089" HPOS="540" VPOS="667" WIDTH="126" HEIGHT="31" CONTENT="schaute" WC="0.97" CC="6597705"/>
						<SP ID="P32_SP00079" HPOS="666" VPOS="706" WIDTH="14"/>
						<String ID="P32_ST00090" HPOS="680" VPOS="669" WIDTH="45" HEIGHT="30" CONTENT="sie" WC="0.96" CC="371"/>
						<SP ID="P32_SP00080" HPOS="725" VPOS="706" WIDTH="14"/>
						<String ID="P32_ST00091" HPOS="739" VPOS="670" WIDTH="59" HEIGHT="29" CONTENT="mir" WC="0.93" CC="466"/>
						<SP ID="P32_SP00081" HPOS="798" VPOS="706" WIDTH="17"/>
						<String ID="P32_ST00092" HPOS="815" VPOS="678" WIDTH="39" HEIGHT="21" CONTENT="an" WC="0.33" CC="66"/>
						<SP ID="P32_SP00082" HPOS="854" VPOS="706" WIDTH="15"/>
						<String ID="P32_ST00093" HPOS="869" VPOS="669" WIDTH="65" HEIGHT="30" CONTENT="und" WC="0.92" CC="776"/>
						<SP ID="P32_SP00083" HPOS="934" VPOS="706" WIDTH="16"/>
						<String ID="P32_ST00094" HPOS="950" VPOS="669" WIDTH="154" HEIGHT="40" CONTENT="erkannte," WC="0.98" CC="276777714"/>
						<SP ID="P32_SP00084" HPOS="1104" VPOS="709" WIDTH="16"/>
						<String ID="P32_ST00095" HPOS="1120" VPOS="671" WIDTH="44" HEIGHT="30" CONTENT="sie" WC="0.97" CC="230"/>
						<SP ID="P32_SP00085" HPOS="1164" VPOS="709" WIDTH="14"/>
						<String ID="P32_ST00096" HPOS="1178" VPOS="672" WIDTH="43" HEIGHT="29" CONTENT="sei" WC="0.96" CC="063"/>
						<SP ID="P32_SP00086" HPOS="1221" VPOS="709" WIDTH="17"/>
						<String ID="P32_ST00097" HPOS="1238" VPOS="671" WIDTH="51" HEIGHT="30" CONTENT="auf" WC="0.92" CC="777"/>
						<SP ID="P32_SP00087" HPOS="1289" VPOS="709" WIDTH="16"/>
						<String ID="P32_ST00098" HPOS="1305" VPOS="671" WIDTH="179" HEIGHT="31" CONTENT="Schurkerei" WC="0.98" CC="0577065444"/>
					</TextLine>
					<TextLine ID="P32_TL00012" HPOS="330" VPOS="713" WIDTH="1154" HEIGHT="41">
						<String ID="P32_ST00099" HPOS="330" VPOS="713" WIDTH="64" HEIGHT="29" CONTENT="und" WC="0.91" CC="779"/>
						<SP ID="P32_SP00088" HPOS="394" VPOS="742" WIDTH="20"/>
						<String ID="P32_ST00100" HPOS="414" VPOS="713" WIDTH="116" HEIGHT="38" CONTENT="Betrug" WC="0.96" CC="737677"/>
						<SP ID="P32_SP00089" HPOS="530" VPOS="751" WIDTH="21"/>
						<String ID="P32_ST00101" HPOS="551" VPOS="713" WIDTH="167" HEIGHT="38" CONTENT="aufgebaut" WC="0.98" CC="377767077"/>
						<SP ID="P32_SP00090" HPOS="718" VPOS="751" WIDTH="25"/>
						<String ID="P32_ST00102" HPOS="743" VPOS="738" WIDTH="69" HEIGHT="7" CONTENT="..." WC="0.96" CC="343"/>
						<SP ID="P32_SP00091" HPOS="812" VPOS="751" WIDTH="21"/>
						<String ID="P32_ST00103" HPOS="833" VPOS="715" WIDTH="43" HEIGHT="30" CONTENT="sei" WC="0.97" CC="007"/>
						<SP ID="P32_SP00092" HPOS="876" VPOS="751" WIDTH="21"/>
						<String ID="P32_ST00104" HPOS="897" VPOS="716" WIDTH="131" HEIGHT="38" CONTENT="gemein," WC="0.97" CC="7674684"/>
						<SP ID="P32_SP00093" HPOS="1028" VPOS="754" WIDTH="21"/>
						<String ID="P32_ST00105" HPOS="1049" VPOS="715" WIDTH="123" HEIGHT="39" CONTENT="niedrig" WC="0.97" CC="8510759"/>
						<SP ID="P32_SP00094" HPOS="1172" VPOS="754" WIDTH="22"/>
						<String ID="P32_ST00106" HPOS="1194" VPOS="740" WIDTH="6" HEIGHT="6" CONTENT="." WC="0.59" CC="4"/>
						<SP ID="P32_SP00095" HPOS="1200" VPOS="754" WIDTH="25"/>
						<String ID="P32_ST00107" HPOS="1225" VPOS="740" WIDTH="7" HEIGHT="6" CONTENT="." WC="0.56" CC="4"/>
						<SP ID="P32_SP00096" HPOS="1232" VPOS="754" WIDTH="24"/>
						<String ID="P32_ST00108" HPOS="1256" VPOS="740" WIDTH="7" HEIGHT="6" CONTENT="." WC="0.62" CC="3"/>
						<SP ID="P32_SP00097" HPOS="1263" VPOS="754" WIDTH="21"/>
						<String ID="P32_ST00109" HPOS="1284" VPOS="716" WIDTH="131" HEIGHT="32" CONTENT="verfault" WC="0.98" CC="37774900"/>
						<SP ID="P32_SP00098" HPOS="1415" VPOS="754" WIDTH="20"/>
						<String ID="P32_ST00110" HPOS="1435" VPOS="716" WIDTH="49" HEIGHT="31" CONTENT="bis" WC="0.96" CC="900"/>
					</TextLine>
					<TextLine ID="P32_TL00013" HPOS="328" VPOS="758" WIDTH="1156" HEIGHT="42">
						<String ID="P32_ST00111" HPOS="328" VPOS="759" WIDTH="32" HEIGHT="29" CONTENT="in" WC="0.27" CC="68"/>
						<SP ID="P32_SP00099" HPOS="360" VPOS="788" WIDTH="19"/>
						<String ID="P32_ST00112" HPOS="379" VPOS="759" WIDTH="58" HEIGHT="29" CONTENT="den" WC="0.92" CC="758"/>
						<SP ID="P32_SP00100" HPOS="437" VPOS="788" WIDTH="17"/>
						<String ID="P32_ST00113" HPOS="454" VPOS="758" WIDTH="93" HEIGHT="32" CONTENT="Kern." WC="0.96" CC="64774"/>
						<SP ID="P32_SP00101" HPOS="547" VPOS="790" WIDTH="38"/>
						<String ID="P32_ST00114" HPOS="585" VPOS="759" WIDTH="75" HEIGHT="30" CONTENT="Und" WC="0.93" CC="476"/>
						<SP ID="P32_SP00102" HPOS="660" VPOS="790" WIDTH="18"/>
						<String ID="P32_ST00115" HPOS="678" VPOS="760" WIDTH="48" HEIGHT="29" CONTENT="ich" WC="0.93" CC="657"/>
						<SP ID="P32_SP00103" HPOS="726" VPOS="790" WIDTH="18"/>
						<String ID="P32_ST00116" HPOS="744" VPOS="760" WIDTH="161" HEIGHT="38" CONTENT="beschloß," WC="0.98" CC="717490744"/>
						<SP ID="P32_SP00104" HPOS="905" VPOS="798" WIDTH="17"/>
						<String ID="P32_ST00117" HPOS="922" VPOS="762" WIDTH="44" HEIGHT="29" CONTENT="sie" WC="0.97" CC="042"/>
						<SP ID="P32_SP00105" HPOS="966" VPOS="798" WIDTH="18"/>
						<String ID="P32_ST00118" HPOS="984" VPOS="770" WIDTH="40" HEIGHT="21" CONTENT="zu" WC="0.23" CC="78"/>
						<SP ID="P32_SP00106" HPOS="1024" VPOS="798" WIDTH="17"/>
						<String ID="P32_ST00119" HPOS="1041" VPOS="760" WIDTH="196" HEIGHT="40" CONTENT="zerbrechen," WC="0.98" CC="34477477394"/>
						<SP ID="P32_SP00107" HPOS="1237" VPOS="800" WIDTH="18"/>
						<String ID="P32_ST00120" HPOS="1255" VPOS="763" WIDTH="60" HEIGHT="29" CONTENT="wie" WC="0.98" CC="041"/>
						<SP ID="P32_SP00108" HPOS="1315" VPOS="800" WIDTH="19"/>
						<String ID="P32_ST00121" HPOS="1334" VPOS="763" WIDTH="49" HEIGHT="29" CONTENT="ein" WC="0.92" CC="667"/>
						<SP ID="P32_SP00109" HPOS="1383" VPOS="800" WIDTH="17"/>
						<String ID="P32_ST00122" HPOS="1400" VPOS="762" WIDTH="84" HEIGHT="30" CONTENT="Kind" WC="0.93" CC="7797"/>
					</TextLine>
					<TextLine ID="P32_TL00014" HPOS="329" VPOS="803" WIDTH="1154" HEIGHT="43">
						<String ID="P32_ST00123" HPOS="329" VPOS="805" WIDTH="47" HEIGHT="28" CONTENT="ein" WC="0.94" CC="077"/>
						<SP ID="P32_SP00110" HPOS="376" VPOS="833" WIDTH="20"/>
						<String ID="P32_ST00124" HPOS="396" VPOS="803" WIDTH="165" HEIGHT="39" CONTENT="Spielzeug" WC="0.98" CC="397462077"/>
						<SP ID="P32_SP00111" HPOS="561" VPOS="842" WIDTH="19"/>
						<String ID="P32_ST00125" HPOS="580" VPOS="804" WIDTH="164" HEIGHT="40" CONTENT="zerbricht," WC="0.98" CC="5677657774"/>
						<SP ID="P32_SP00112" HPOS="744" VPOS="844" WIDTH="20"/>
						<String ID="P32_ST00126" HPOS="764" VPOS="805" WIDTH="55" HEIGHT="30" CONTENT="mit" WC="0.94" CC="437"/>
						<SP ID="P32_SP00113" HPOS="819" VPOS="844" WIDTH="19"/>
						<String ID="P32_ST00127" HPOS="838" VPOS="805" WIDTH="50" HEIGHT="30" CONTENT="ihr" WC="0.92" CC="777"/>
						<SP ID="P32_SP00114" HPOS="888" VPOS="844" WIDTH="20"/>
						<String ID="P32_ST00128" HPOS="908" VPOS="805" WIDTH="65" HEIGHT="30" CONTENT="Ball" WC="0.94" CC="7777"/>
						<SP ID="P32_SP00115" HPOS="973" VPOS="844" WIDTH="21"/>
						<String ID="P32_ST00129" HPOS="994" VPOS="815" WIDTH="39" HEIGHT="20" CONTENT="zu" WC="0.52" CC="27"/>
						<SP ID="P32_SP00116" HPOS="1033" VPOS="844" WIDTH="23"/>
						<String ID="P32_ST00130" HPOS="1056" VPOS="806" WIDTH="127" HEIGHT="40" CONTENT="spielen," WC="0.98" CC="19500484"/>
						<SP ID="P32_SP00117" HPOS="1183" VPOS="846" WIDTH="20"/>
						<String ID="P32_ST00131" HPOS="1203" VPOS="808" WIDTH="60" HEIGHT="29" CONTENT="wie" WC="0.96" CC="442"/>
						<SP ID="P32_SP00118" HPOS="1263" VPOS="846" WIDTH="20"/>
						<String ID="P32_ST00132" HPOS="1283" VPOS="807" WIDTH="51" HEIGHT="30" CONTENT="Ihr" WC="0.94" CC="790"/>
						<SP ID="P32_SP00119" HPOS="1334" VPOS="846" WIDTH="19"/>
						<String ID="P32_ST00133" HPOS="1353" VPOS="807" WIDTH="130" HEIGHT="39" CONTENT="Bruder," WC="0.97" CC="6776074"/>
					</TextLine>
					<TextLine ID="P32_TL00015" HPOS="330" VPOS="849" WIDTH="1153" HEIGHT="42">
						<String ID="P32_ST00134" HPOS="330" VPOS="849" WIDTH="53" HEIGHT="31" CONTENT="der" WC="0.97" CC="600"/>
						<SP ID="P32_SP00120" HPOS="383" VPOS="880" WIDTH="24"/>
						<String ID="P32_ST00135" HPOS="407" VPOS="849" WIDTH="136" HEIGHT="39" CONTENT="Dichter," WC="0.97" CC="76797574"/>
						<SP ID="P32_SP00121" HPOS="543" VPOS="888" WIDTH="24"/>
						<String ID="P32_ST00136" HPOS="567" VPOS="850" WIDTH="55" HEIGHT="30" CONTENT="mit" WC="0.93" CC="847"/>
						<SP ID="P32_SP00122" HPOS="622" VPOS="888" WIDTH="22"/>
						<String ID="P32_ST00137" HPOS="644" VPOS="850" WIDTH="184" HEIGHT="39" CONTENT="Metaphern" WC="0.98" CC="247297388"/>
						<SP ID="P32_SP00123" HPOS="828" VPOS="889" WIDTH="24"/>
						<String ID="P32_ST00138" HPOS="852" VPOS="851" WIDTH="91" HEIGHT="38" CONTENT="spielt" WC="0.97" CC="096667"/>
						<SP ID="P32_SP00124" HPOS="943" VPOS="889" WIDTH="21"/>
						<String ID="P32_ST00139" HPOS="964" VPOS="875" WIDTH="68" HEIGHT="7" CONTENT="..." WC="0.96" CC="443"/>
						<SP ID="P32_SP00125" HPOS="1032" VPOS="889" WIDTH="36"/>
						<String ID="P32_ST00140" HPOS="1068" VPOS="852" WIDTH="93" HEIGHT="30" CONTENT="Dann" WC="0.94" CC="6677"/>
						<SP ID="P32_SP00126" HPOS="1161" VPOS="889" WIDTH="23"/>
						<String ID="P32_ST00141" HPOS="1184" VPOS="852" WIDTH="145" HEIGHT="31" CONTENT="erblickte" WC="0.98" CC="467467677"/>
						<SP ID="P32_SP00127" HPOS="1329" VPOS="889" WIDTH="20"/>
						<String ID="P32_ST00142" HPOS="1349" VPOS="853" WIDTH="51" HEIGHT="30" CONTENT="ich" WC="0.94" CC="347"/>
						<SP ID="P32_SP00128" HPOS="1400" VPOS="889" WIDTH="24"/>
						<String ID="P32_ST00143" HPOS="1424" VPOS="853" WIDTH="59" HEIGHT="38" CONTENT="Sie," WC="0.98" CC="0504"/>
					</TextLine>
					<TextLine ID="P32_TL00016" HPOS="328" VPOS="894" WIDTH="1156" HEIGHT="43">
						<String ID="P32_ST00144" HPOS="328" VPOS="894" WIDTH="64" HEIGHT="29" CONTENT="und" WC="0.91" CC="778"/>
						<SP ID="P32_SP00129" HPOS="392" VPOS="923" WIDTH="17"/>
						<String ID="P32_ST00145" HPOS="409" VPOS="895" WIDTH="55" HEIGHT="29" CONTENT="mit" WC="0.91" CC="589"/>
						<SP ID="P32_SP00130" HPOS="464" VPOS="924" WIDTH="17"/>
						<String ID="P32_ST00146" HPOS="481" VPOS="896" WIDTH="96" HEIGHT="29" CONTENT="einem" WC="0.97" CC="67740"/>
						<SP ID="P32_SP00131" HPOS="577" VPOS="925" WIDTH="19"/>
						<String ID="P32_ST00147" HPOS="596" VPOS="894" WIDTH="114" HEIGHT="40" CONTENT="Schlag" WC="0.97" CC="077559"/>
						<SP ID="P32_SP00132" HPOS="710" VPOS="934" WIDTH="15"/>
						<String ID="P32_ST00148" HPOS="725" VPOS="904" WIDTH="68" HEIGHT="21" CONTENT="war" WC="0.94" CC="077"/>
						<SP ID="P32_SP00133" HPOS="793" VPOS="934" WIDTH="19"/>
						<String ID="P32_ST00149" HPOS="812" VPOS="896" WIDTH="74" HEIGHT="31" CONTENT="alles" WC="0.96" CC="76415"/>
						<SP ID="P32_SP00134" HPOS="886" VPOS="934" WIDTH="18"/>
						<String ID="P32_ST00150" HPOS="904" VPOS="897" WIDTH="112" HEIGHT="30" CONTENT="anders" WC="0.96" CC="776675"/>
						<SP ID="P32_SP00135" HPOS="1016" VPOS="934" WIDTH="18"/>
						<String ID="P32_ST00151" HPOS="1034" VPOS="920" WIDTH="68" HEIGHT="7" CONTENT="..." WC="0.96" CC="442"/>
						<SP ID="P32_SP00136" HPOS="1102" VPOS="934" WIDTH="30"/>
						<String ID="P32_ST00152" HPOS="1132" VPOS="897" WIDTH="49" HEIGHT="30" CONTENT="Sie" WC="0.97" CC="016"/>
						<SP ID="P32_SP00137" HPOS="1181" VPOS="934" WIDTH="16"/>
						<String ID="P32_ST00153" HPOS="1197" VPOS="897" WIDTH="73" HEIGHT="30" CONTENT="sind" WC="0.94" CC="9575"/>
						<SP ID="P32_SP00138" HPOS="1270" VPOS="934" WIDTH="15"/>
						<String ID="P32_ST00154" HPOS="1285" VPOS="898" WIDTH="110" HEIGHT="39" CONTENT="schön," WC="0.97" CC="037474"/>
						<SP ID="P32_SP00139" HPOS="1395" VPOS="937" WIDTH="17"/>
						<String ID="P32_ST00155" HPOS="1412" VPOS="899" WIDTH="72" HEIGHT="29" CONTENT="sind" WC="0.95" CC="4690"/>
					</TextLine>
					<TextLine ID="P32_TL00017" HPOS="327" VPOS="941" WIDTH="1155" HEIGHT="41">
						<String ID="P32_ST00156" HPOS="327" VPOS="943" WIDTH="88" HEIGHT="36" CONTENT="wert," WC="0.96" CC="46772"/>
						<SP ID="P32_SP00140" HPOS="415" VPOS="979" WIDTH="20"/>
						<String ID="P32_ST00157" HPOS="435" VPOS="949" WIDTH="187" HEIGHT="29" CONTENT="genommen" WC="0.98" CC="95075437"/>
						<SP ID="P32_SP00141" HPOS="622" VPOS="979" WIDTH="21"/>
						<String ID="P32_ST00158" HPOS="643" VPOS="950" WIDTH="40" HEIGHT="20" CONTENT="zu" WC="0.27" CC="67"/>
						<SP ID="P32_SP00142" HPOS="683" VPOS="979" WIDTH="21"/>
						<String ID="P32_ST00159" HPOS="704" VPOS="941" WIDTH="136" HEIGHT="30" CONTENT="werden." WC="0.98" CC="0777404"/>
						<SP ID="P32_SP00143" HPOS="840" VPOS="979" WIDTH="44"/>
						<String ID="P32_ST00160" HPOS="884" VPOS="941" WIDTH="85" HEIGHT="31" CONTENT="Aber" WC="0.97" CC="0714"/>
						<SP ID="P32_SP00144" HPOS="969" VPOS="979" WIDTH="20"/>
						<String ID="P32_ST00161" HPOS="989" VPOS="941" WIDTH="48" HEIGHT="31" CONTENT="Sie" WC="0.97" CC="060"/>
						<SP ID="P32_SP00145" HPOS="1037" VPOS="979" WIDTH="22"/>
						<String ID="P32_ST00162" HPOS="1059" VPOS="943" WIDTH="131" HEIGHT="29" CONTENT="standen" WC="0.97" CC="0677509"/>
						<SP ID="P32_SP00146" HPOS="1190" VPOS="979" WIDTH="22"/>
						<String ID="P32_ST00163" HPOS="1212" VPOS="943" WIDTH="51" HEIGHT="30" CONTENT="auf" WC="0.92" CC="677"/>
						<SP ID="P32_SP00147" HPOS="1263" VPOS="979" WIDTH="23"/>
						<String ID="P32_ST00164" HPOS="1286" VPOS="943" WIDTH="69" HEIGHT="30" CONTENT="dem" WC="0.94" CC="445"/>
						<SP ID="P32_SP00148" HPOS="1355" VPOS="979" WIDTH="24"/>
						<String ID="P32_ST00165" HPOS="1379" VPOS="943" WIDTH="103" HEIGHT="39" CONTENT="Gipfel" WC="0.97" CC="629045"/>
					</TextLine>
					<TextLine ID="P32_TL00018" HPOS="328" VPOS="985" WIDTH="1155" HEIGHT="41">
						<String ID="P32_ST00166" HPOS="328" VPOS="986" WIDTH="53" HEIGHT="29" CONTENT="der" WC="0.93" CC="477"/>
						<SP ID="P32_SP00149" HPOS="381" VPOS="1015" WIDTH="22"/>
						<String ID="P32_ST00167" HPOS="403" VPOS="985" WIDTH="193" HEIGHT="39" CONTENT="Privilegien." WC="0.98" CC="722676378174"/>
						<SP ID="P32_SP00150" HPOS="596" VPOS="1024" WIDTH="43"/>
						<String ID="P32_ST00168" HPOS="639" VPOS="985" WIDTH="130" HEIGHT="31" CONTENT="Wolken" WC="0.96" CC="677639"/>
						<SP ID="P32_SP00151" HPOS="769" VPOS="1024" WIDTH="23"/>
						<String ID="P32_ST00169" HPOS="792" VPOS="987" WIDTH="232" HEIGHT="30" CONTENT="umschleierten" WC="0.51" CC="7764703317607"/>
						<SP ID="P32_SP00152" HPOS="1024" VPOS="1024" WIDTH="23"/>
						<String ID="P32_ST00170" HPOS="1047" VPOS="987" WIDTH="51" HEIGHT="30" CONTENT="Ihr" WC="0.92" CC="776"/>
						<SP ID="P32_SP00153" HPOS="1098" VPOS="1024" WIDTH="20"/>
						<String ID="P32_ST00171" HPOS="1118" VPOS="988" WIDTH="117" HEIGHT="38" CONTENT="Haupt." WC="0.96" CC="777773"/>
						<SP ID="P32_SP00154" HPOS="1235" VPOS="1026" WIDTH="42"/>
						<String ID="P32_ST00172" HPOS="1277" VPOS="988" WIDTH="68" HEIGHT="30" CONTENT="Wie" WC="0.94" CC="761"/>
						<SP ID="P32_SP00155" HPOS="1345" VPOS="1026" WIDTH="24"/>
						<String ID="P32_ST00173" HPOS="1369" VPOS="989" WIDTH="114" HEIGHT="30" CONTENT="konnte" WC="0.97" CC="367774"/>
					</TextLine>
					<TextLine ID="P32_TL00019" HPOS="327" VPOS="1031" WIDTH="490" HEIGHT="31">
						<String ID="P32_ST00174" HPOS="327" VPOS="1031" WIDTH="49" HEIGHT="30" CONTENT="ich" WC="0.93" CC="647"/>
						<SP ID="P32_SP00156" HPOS="376" VPOS="1061" WIDTH="22"/>
						<String ID="P32_ST00175" HPOS="398" VPOS="1031" WIDTH="49" HEIGHT="30" CONTENT="bis" WC="0.92" CC="775"/>
						<SP ID="P32_SP00157" HPOS="447" VPOS="1061" WIDTH="21"/>
						<String ID="P32_ST00176" HPOS="468" VPOS="1040" WIDTH="40" HEIGHT="21" CONTENT="zu" WC="0.62" CC="07"/>
						<SP ID="P32_SP00158" HPOS="508" VPOS="1061" WIDTH="24"/>
						<String ID="P32_ST00177" HPOS="532" VPOS="1031" WIDTH="95" HEIGHT="30" CONTENT="Ihnen" WC="0.96" CC="07747"/>
						<SP ID="P32_SP00159" HPOS="627" VPOS="1061" WIDTH="23"/>
						<String ID="P32_ST00178" HPOS="650" VPOS="1031" WIDTH="167" HEIGHT="31" CONTENT="klimmen?" WC="0.98" CC="50764280"/>
					</TextLine>
					<TextLine ID="P32_TL00020" HPOS="285" VPOS="1083" WIDTH="729" HEIGHT="40">
						<String ID="P32_ST00179" HPOS="285" VPOS="1083" WIDTH="132" HEIGHT="31" CONTENT="ESTE" WC="0.52" CC="4176"/>
						<SP ID="P32_SP00160" HPOS="417" VPOS="1114" WIDTH="12"/>
						<String ID="P32_ST00180" HPOS="429" VPOS="1083" WIDTH="24" HEIGHT="31" CONTENT="L" WC="0.33" CC="6"/>
						<SP ID="P32_SP00161" HPOS="453" VPOS="1114" WIDTH="11"/>
						<String ID="P32_ST00181" HPOS="464" VPOS="1083" WIDTH="24" HEIGHT="31" CONTENT="L" WC="0.54" CC="4"/>
						<SP ID="P32_SP00162" HPOS="488" VPOS="1114" WIDTH="12"/>
						<String ID="P32_ST00182" HPOS="500" VPOS="1084" WIDTH="24" HEIGHT="31" CONTENT="E" WC="0.39" CC="6"/>
						<SP ID="P32_SP00163" HPOS="524" VPOS="1115" WIDTH="38"/>
						<String ID="P32_ST00183" HPOS="562" VPOS="1083" WIDTH="244" HEIGHT="40" CONTENT="(erschrocken):" WC="0.99" CC="30306647737720"/>
						<SP ID="P32_SP00164" HPOS="806" VPOS="1123" WIDTH="37"/>
						<String ID="P32_ST00184" HPOS="843" VPOS="1086" WIDTH="148" HEIGHT="31" CONTENT="Wirklich" WC="0.97" CC="95716467"/>
						<SP ID="P32_SP00165" HPOS="991" VPOS="1123" WIDTH="8"/>
						<String ID="P32_ST00185" HPOS="999" VPOS="1086" WIDTH="15" HEIGHT="30" CONTENT="?" WC="0.57" CC="4"/>
					</TextLine>
					<TextLine ID="P32_TL00021" HPOS="285" VPOS="1141" WIDTH="1196" HEIGHT="43">
						<String ID="P32_ST00186" HPOS="285" VPOS="1141" WIDTH="207" HEIGHT="31" CONTENT="HAGEN:" WC="0.98" CC="767500"/>
						<SP ID="P32_SP00166" HPOS="492" VPOS="1172" WIDTH="32"/>
						<String ID="P32_ST00187" HPOS="524" VPOS="1142" WIDTH="50" HEIGHT="30" CONTENT="Ich" WC="0.91" CC="769"/>
						<SP ID="P32_SP00167" HPOS="574" VPOS="1172" WIDTH="21"/>
						<String ID="P32_ST00188" HPOS="595" VPOS="1143" WIDTH="109" HEIGHT="30" CONTENT="wurde" WC="0.96" CC="07775"/>
						<SP ID="P32_SP00168" HPOS="704" VPOS="1173" WIDTH="21"/>
						<String ID="P32_ST00189" HPOS="725" VPOS="1152" WIDTH="56" HEIGHT="21" CONTENT="aus" WC="0.95" CC="670"/>
						<SP ID="P32_SP00169" HPOS="781" VPOS="1173" WIDTH="21"/>
						<String ID="P32_ST00190" HPOS="802" VPOS="1143" WIDTH="99" HEIGHT="30" CONTENT="Ihrem" WC="0.97" CC="07737"/>
						<SP ID="P32_SP00170" HPOS="901" VPOS="1173" WIDTH="21"/>
						<String ID="P32_ST00191" HPOS="922" VPOS="1143" WIDTH="90" HEIGHT="31" CONTENT="Heim" WC="0.95" CC="7665"/>
						<SP ID="P32_SP00171" HPOS="1012" VPOS="1174" WIDTH="21"/>
						<String ID="P32_ST00192" HPOS="1033" VPOS="1144" WIDTH="158" HEIGHT="37" CONTENT="getrieben" WC="0.98" CC="676444717"/>
						<SP ID="P32_SP00172" HPOS="1191" VPOS="1181" WIDTH="24"/>
						<String ID="P32_ST00193" HPOS="1215" VPOS="1169" WIDTH="6" HEIGHT="5" CONTENT="." WC="1.00" CC="0"/>
						<SP ID="P32_SP00173" HPOS="1221" VPOS="1181" WIDTH="24"/>
						<String ID="P32_ST00194" HPOS="1245" VPOS="1169" WIDTH="7" HEIGHT="6" CONTENT="." WC="0.58" CC="4"/>
						<SP ID="P32_SP00174" HPOS="1252" VPOS="1181" WIDTH="25"/>
						<String ID="P32_ST00195" HPOS="1277" VPOS="1169" WIDTH="7" HEIGHT="6" CONTENT="." WC="0.58" CC="4"/>
						<SP ID="P32_SP00175" HPOS="1284" VPOS="1181" WIDTH="33"/>
						<String ID="P32_ST00196" HPOS="1317" VPOS="1145" WIDTH="164" HEIGHT="39" CONTENT="Beschloß," WC="0.98" CC="650675654"/>
					</TextLine>
					<TextLine ID="P32_TL00022" HPOS="326" VPOS="1187" WIDTH="511" HEIGHT="39">
						<String ID="P32_ST00197" HPOS="326" VPOS="1197" WIDTH="39" HEIGHT="20" CONTENT="zu" WC="0.50" CC="27"/>
						<SP ID="P32_SP00176" HPOS="365" VPOS="1217" WIDTH="28"/>
						<String ID="P32_ST00198" HPOS="393" VPOS="1187" WIDTH="95" HEIGHT="30" CONTENT="Ihnen" WC="0.97" CC="71706"/>
						<SP ID="P32_SP00177" HPOS="488" VPOS="1217" WIDTH="29"/>
						<String ID="P32_ST00199" HPOS="517" VPOS="1188" WIDTH="320" HEIGHT="38" CONTENT="zurückzugelangen." WC="0.99" CC="47505467700789570"/>
					</TextLine>
					<TextLine ID="P32_TL00023" HPOS="285" VPOS="1240" WIDTH="391" HEIGHT="40">
						<String ID="P32_ST00200" HPOS="285" VPOS="1240" WIDTH="238" HEIGHT="31" CONTENT="ESTELLE" WC="0.41" CC="6049666"/>
						<SP ID="P32_SP00178" HPOS="523" VPOS="1271" WIDTH="37"/>
						<String ID="P32_ST00201" HPOS="560" VPOS="1241" WIDTH="116" HEIGHT="39" CONTENT="(nickt)." WC="0.99" CC="06051031"/>
					</TextLine>
					<TextLine ID="P32_TL00024" HPOS="283" VPOS="1298" WIDTH="1199" HEIGHT="40">
						<String ID="P32_ST00202" HPOS="283" VPOS="1298" WIDTH="209" HEIGHT="31" CONTENT="HAGEN:" WC="0.98" CC="726340"/>
						<SP ID="P32_SP00179" HPOS="492" VPOS="1329" WIDTH="34"/>
						<String ID="P32_ST00203" HPOS="526" VPOS="1298" WIDTH="50" HEIGHT="31" CONTENT="Sie" WC="0.96" CC="360"/>
						<SP ID="P32_SP00180" HPOS="576" VPOS="1329" WIDTH="22"/>
						<String ID="P32_ST00204" HPOS="598" VPOS="1299" WIDTH="72" HEIGHT="30" CONTENT="sind" WC="0.96" CC="0378"/>
						<SP ID="P32_SP00181" HPOS="670" VPOS="1329" WIDTH="24"/>
						<String ID="P32_ST00205" HPOS="694" VPOS="1299" WIDTH="54" HEIGHT="30" CONTENT="der" WC="0.93" CC="637"/>
						<SP ID="P32_SP00182" HPOS="748" VPOS="1329" WIDTH="24"/>
						<String ID="P32_ST00206" HPOS="772" VPOS="1300" WIDTH="85" HEIGHT="30" CONTENT="Preis" WC="0.98" CC="06360"/>
						<SP ID="P32_SP00183" HPOS="857" VPOS="1330" WIDTH="27"/>
						<String ID="P32_ST00207" HPOS="884" VPOS="1300" WIDTH="53" HEIGHT="30" CONTENT="des" WC="0.93" CC="565"/>
						<SP ID="P32_SP00184" HPOS="937" VPOS="1330" WIDTH="26"/>
						<String ID="P32_ST00208" HPOS="963" VPOS="1300" WIDTH="107" HEIGHT="38" CONTENT="Spiels." WC="0.98" CC="0645503"/>
						<SP ID="P32_SP00185" HPOS="1070" VPOS="1338" WIDTH="47"/>
						<String ID="P32_ST00209" HPOS="1117" VPOS="1301" WIDTH="51" HEIGHT="30" CONTENT="Ich" WC="0.93" CC="567"/>
						<SP ID="P32_SP00186" HPOS="1168" VPOS="1338" WIDTH="25"/>
						<String ID="P32_ST00210" HPOS="1193" VPOS="1301" WIDTH="110" HEIGHT="31" CONTENT="nehme" WC="0.97" CC="70764"/>
						<SP ID="P32_SP00187" HPOS="1303" VPOS="1338" WIDTH="25"/>
						<String ID="P32_ST00211" HPOS="1328" VPOS="1301" WIDTH="50" HEIGHT="32" CONTENT="die" WC="0.95" CC="642"/>
						<SP ID="P32_SP00188" HPOS="1378" VPOS="1338" WIDTH="23"/>
						<String ID="P32_ST00212" HPOS="1401" VPOS="1302" WIDTH="81" HEIGHT="30" CONTENT="Welt" WC="0.95" CC="6177"/>
					</TextLine>
					<TextLine ID="P32_TL00025" HPOS="325" VPOS="1343" WIDTH="1155" HEIGHT="43">
						<String ID="P32_ST00213" HPOS="325" VPOS="1343" WIDTH="64" HEIGHT="31" CONTENT="und" WC="0.92" CC="777"/>
						<SP ID="P32_SP00189" HPOS="389" VPOS="1374" WIDTH="23"/>
						<String ID="P32_ST00214" HPOS="412" VPOS="1344" WIDTH="68" HEIGHT="38" CONTENT="lege" WC="0.96" CC="6670"/>
						<SP ID="P32_SP00190" HPOS="480" VPOS="1382" WIDTH="22"/>
						<String ID="P32_ST00215" HPOS="502" VPOS="1345" WIDTH="45" HEIGHT="29" CONTENT="sie" WC="0.97" CC="330"/>
						<SP ID="P32_SP00191" HPOS="547" VPOS="1382" WIDTH="22"/>
						<String ID="P32_ST00216" HPOS="569" VPOS="1353" WIDTH="40" HEIGHT="21" CONTENT="zu" WC="0.40" CC="47"/>
						<SP ID="P32_SP00192" HPOS="609" VPOS="1382" WIDTH="25"/>
						<String ID="P32_ST00217" HPOS="634" VPOS="1344" WIDTH="88" HEIGHT="31" CONTENT="Ihren" WC="0.95" CC="79767"/>
						<SP ID="P32_SP00193" HPOS="722" VPOS="1382" WIDTH="25"/>
						<String ID="P32_ST00218" HPOS="747" VPOS="1344" WIDTH="108" HEIGHT="31" CONTENT="Füßen" WC="0.96" CC="64357"/>
						<SP ID="P32_SP00194" HPOS="855" VPOS="1382" WIDTH="24"/>
						<String ID="P32_ST00219" HPOS="879" VPOS="1345" WIDTH="115" HEIGHT="31" CONTENT="nieder." WC="0.97" CC="7579573"/>
						<SP ID="P32_SP00195" HPOS="994" VPOS="1382" WIDTH="44"/>
						<String ID="P32_ST00220" HPOS="1038" VPOS="1344" WIDTH="159" HEIGHT="32" CONTENT="Vielleicht" WC="0.99" CC="0205604577"/>
						<SP ID="P32_SP00196" HPOS="1197" VPOS="1382" WIDTH="22"/>
						<String ID="P32_ST00221" HPOS="1219" VPOS="1346" WIDTH="132" HEIGHT="31" CONTENT="mißfällt" WC="0.98" CC="64375073"/>
						<SP ID="P32_SP00197" HPOS="1351" VPOS="1382" WIDTH="23"/>
						<String ID="P32_ST00222" HPOS="1374" VPOS="1346" WIDTH="106" HEIGHT="40" CONTENT="Ihnen," WC="0.97" CC="775482"/>
					</TextLine>
					<TextLine ID="P32_TL00026" HPOS="324" VPOS="1390" WIDTH="1157" HEIGHT="39">
						<String ID="P32_ST00223" HPOS="324" VPOS="1398" WIDTH="68" HEIGHT="21" CONTENT="was" WC="0.94" CC="475"/>
						<SP ID="P32_SP00198" HPOS="392" VPOS="1419" WIDTH="21"/>
						<String ID="P32_ST00224" HPOS="413" VPOS="1390" WIDTH="50" HEIGHT="29" CONTENT="ich" WC="0.92" CC="777"/>
						<SP ID="P32_SP00199" HPOS="463" VPOS="1419" WIDTH="21"/>
						<String ID="P32_ST00225" HPOS="484" VPOS="1390" WIDTH="55" HEIGHT="29" CONTENT="mit" WC="0.94" CC="529"/>
						<SP ID="P32_SP00200" HPOS="539" VPOS="1419" WIDTH="20"/>
						<String ID="P32_ST00226" HPOS="559" VPOS="1390" WIDTH="54" HEIGHT="29" CONTENT="der" WC="0.96" CC="406"/>
						<SP ID="P32_SP00201" HPOS="613" VPOS="1419" WIDTH="19"/>
						<String ID="P32_ST00227" HPOS="632" VPOS="1390" WIDTH="81" HEIGHT="30" CONTENT="Welt" WC="0.96" CC="6307"/>
						<SP ID="P32_SP00202" HPOS="713" VPOS="1420" WIDTH="20"/>
						<String ID="P32_ST00228" HPOS="733" VPOS="1391" WIDTH="142" HEIGHT="37" CONTENT="beginne." WC="0.98" CC="70758854"/>
						<SP ID="P32_SP00203" HPOS="875" VPOS="1428" WIDTH="43"/>
						<String ID="P32_ST00229" HPOS="918" VPOS="1390" WIDTH="75" HEIGHT="39" CONTENT="Gut," WC="0.95" CC="6744"/>
						<SP ID="P32_SP00204" HPOS="993" VPOS="1429" WIDTH="21"/>
						<String ID="P32_ST00230" HPOS="1014" VPOS="1392" WIDTH="55" HEIGHT="29" CONTENT="tun" WC="0.91" CC="697"/>
						<SP ID="P32_SP00205" HPOS="1069" VPOS="1429" WIDTH="22"/>
						<String ID="P32_ST00231" HPOS="1091" VPOS="1390" WIDTH="49" HEIGHT="31" CONTENT="Sie" WC="0.97" CC="016"/>
						<SP ID="P32_SP00206" HPOS="1140" VPOS="1429" WIDTH="20"/>
						<String ID="P32_ST00232" HPOS="1160" VPOS="1393" WIDTH="96" HEIGHT="29" CONTENT="etwas" WC="0.98" CC="58300"/>
						<SP ID="P32_SP00207" HPOS="1256" VPOS="1429" WIDTH="21"/>
						<String ID="P32_ST00233" HPOS="1277" VPOS="1391" WIDTH="130" HEIGHT="32" CONTENT="anderes" WC="0.98" CC="5770640"/>
						<SP ID="P32_SP00208" HPOS="1407" VPOS="1429" WIDTH="19"/>
						<String ID="P32_ST00234" HPOS="1426" VPOS="1393" WIDTH="55" HEIGHT="30" CONTENT="mit" WC="0.93" CC="647"/>
					</TextLine>
					<TextLine ID="P32_TL00027" HPOS="324" VPOS="1434" WIDTH="1155" HEIGHT="42">
						<String ID="P32_ST00235" HPOS="324" VPOS="1434" WIDTH="58" HEIGHT="30" CONTENT="ihr." WC="0.95" CC="3774"/>
						<SP ID="P32_SP00209" HPOS="382" VPOS="1464" WIDTH="47"/>
						<String ID="P32_ST00236" HPOS="429" VPOS="1435" WIDTH="59" HEIGHT="30" CONTENT="Die" WC="0.93" CC="755"/>
						<SP ID="P32_SP00210" HPOS="488" VPOS="1465" WIDTH="25"/>
						<String ID="P32_ST00237" HPOS="513" VPOS="1435" WIDTH="107" HEIGHT="30" CONTENT="Macht" WC="0.98" CC="05605"/>
						<SP ID="P32_SP00211" HPOS="620" VPOS="1465" WIDTH="23"/>
						<String ID="P32_ST00238" HPOS="643" VPOS="1435" WIDTH="114" HEIGHT="37" CONTENT="gehört" WC="0.97" CC="939076"/>
						<SP ID="P32_SP00212" HPOS="757" VPOS="1472" WIDTH="24"/>
						<String ID="P32_ST00239" HPOS="781" VPOS="1435" WIDTH="104" HEIGHT="31" CONTENT="Ihnes." WC="0.96" CC="777474"/>
						<SP ID="P32_SP00213" HPOS="885" VPOS="1472" WIDTH="47"/>
						<String ID="P32_ST00240" HPOS="932" VPOS="1435" WIDTH="220" HEIGHT="38" CONTENT="Unbegrenzte" WC="0.98" CC="37769737004"/>
						<SP ID="P32_SP00214" HPOS="1152" VPOS="1473" WIDTH="28"/>
						<String ID="P32_ST00241" HPOS="1180" VPOS="1435" WIDTH="114" HEIGHT="31" CONTENT="Macht." WC="0.98" CC="106754"/>
						<SP ID="P32_SP00215" HPOS="1294" VPOS="1473" WIDTH="49"/>
						<String ID="P32_ST00242" HPOS="1343" VPOS="1437" WIDTH="136" HEIGHT="39" CONTENT="(Pause.)" WC="0.99" CC="00056044"/>
					</TextLine>
					<TextLine ID="P32_TL00028" HPOS="326" VPOS="1479" WIDTH="1154" HEIGHT="42">
						<String ID="P32_ST00243" HPOS="326" VPOS="1479" WIDTH="104" HEIGHT="31" CONTENT="Meine" WC="0.97" CC="04685"/>
						<SP ID="P32_SP00216" HPOS="430" VPOS="1510" WIDTH="15"/>
						<String ID="P32_ST00244" HPOS="445" VPOS="1479" WIDTH="164" HEIGHT="39" CONTENT="Werbung" WC="0.97" CC="5377457"/>
						<SP ID="P32_SP00217" HPOS="609" VPOS="1518" WIDTH="15"/>
						<String ID="P32_ST00245" HPOS="624" VPOS="1480" WIDTH="105" HEIGHT="38" CONTENT="gefällt" WC="0.97" CC="9075607"/>
						<SP ID="P32_SP00218" HPOS="729" VPOS="1518" WIDTH="15"/>
						<String ID="P32_ST00246" HPOS="744" VPOS="1480" WIDTH="95" HEIGHT="30" CONTENT="Ihnen" WC="0.97" CC="06707"/>
						<SP ID="P32_SP00219" HPOS="839" VPOS="1518" WIDTH="15"/>
						<String ID="P32_ST00247" HPOS="854" VPOS="1480" WIDTH="108" HEIGHT="30" CONTENT="nicht?" WC="0.98" CC="757003"/>
						<SP ID="P32_SP00220" HPOS="962" VPOS="1518" WIDTH="38"/>
						<String ID="P32_ST00248" HPOS="1000" VPOS="1480" WIDTH="50" HEIGHT="31" CONTENT="Sie" WC="0.95" CC="265"/>
						<SP ID="P32_SP00221" HPOS="1050" VPOS="1518" WIDTH="14"/>
						<String ID="P32_ST00249" HPOS="1064" VPOS="1480" WIDTH="103" HEIGHT="31" CONTENT="Sudes" WC="0.96" CC="77507"/>
						<SP ID="P32_SP00222" HPOS="1167" VPOS="1518" WIDTH="17"/>
						<String ID="P32_ST00250" HPOS="1184" VPOS="1482" WIDTH="81" HEIGHT="29" CONTENT="mich" WC="0.95" CC="6509"/>
						<SP ID="P32_SP00223" HPOS="1265" VPOS="1518" WIDTH="17"/>
						<String ID="P32_ST00251" HPOS="1282" VPOS="1482" WIDTH="89" HEIGHT="39" CONTENT="rauh," WC="0.95" CC="69794"/>
						<SP ID="P32_SP00224" HPOS="1371" VPOS="1521" WIDTH="16"/>
						<String ID="P32_ST00252" HPOS="1387" VPOS="1482" WIDTH="93" HEIGHT="31" CONTENT="hart?" WC="0.98" CC="30660"/>
					</TextLine>
					<TextLine ID="P32_TL00029" HPOS="327" VPOS="1524" WIDTH="1152" HEIGHT="34">
						<String ID="P32_ST00253" HPOS="327" VPOS="1524" WIDTH="91" HEIGHT="31" CONTENT="Doch" WC="0.94" CC="6777"/>
						<SP ID="P32_SP00225" HPOS="418" VPOS="1555" WIDTH="24"/>
						<String ID="P32_ST00254" HPOS="442" VPOS="1524" WIDTH="78" HEIGHT="31" CONTENT="liebe" WC="0.97" CC="66172"/>
						<SP ID="P32_SP00226" HPOS="520" VPOS="1555" WIDTH="23"/>
						<String ID="P32_ST00255" HPOS="543" VPOS="1525" WIDTH="48" HEIGHT="30" CONTENT="ich" WC="0.95" CC="607"/>
						<SP ID="P32_SP00227" HPOS="591" VPOS="1555" WIDTH="25"/>
						<String ID="P32_ST00256" HPOS="616" VPOS="1525" WIDTH="58" HEIGHT="30" CONTENT="Sie." WC="0.98" CC="0424"/>
						<SP ID="P32_SP00228" HPOS="674" VPOS="1555" WIDTH="48"/>
						<String ID="P32_ST00257" HPOS="722" VPOS="1525" WIDTH="110" HEIGHT="31" CONTENT="Keiner" WC="0.97" CC="606737"/>
						<SP ID="P32_SP00229" HPOS="832" VPOS="1556" WIDTH="23"/>
						<String ID="P32_ST00258" HPOS="855" VPOS="1535" WIDTH="63" HEIGHT="20" CONTENT="von" WC="0.92" CC="677"/>
						<SP ID="P32_SP00230" HPOS="918" VPOS="1556" WIDTH="26"/>
						<String ID="P32_ST00259" HPOS="944" VPOS="1525" WIDTH="58" HEIGHT="30" CONTENT="den" WC="0.95" CC="607"/>
						<SP ID="P32_SP00231" HPOS="1002" VPOS="1556" WIDTH="25"/>
						<String ID="P32_ST00260" HPOS="1027" VPOS="1525" WIDTH="154" HEIGHT="32" CONTENT="Männern" WC="0.98" CC="0677007"/>
						<SP ID="P32_SP00232" HPOS="1181" VPOS="1557" WIDTH="24"/>
						<String ID="P32_ST00261" HPOS="1205" VPOS="1527" WIDTH="86" HEIGHT="30" CONTENT="Ihrer" WC="0.96" CC="69706"/>
						<SP ID="P32_SP00233" HPOS="1291" VPOS="1557" WIDTH="22"/>
						<String ID="P32_ST00262" HPOS="1313" VPOS="1527" WIDTH="81" HEIGHT="31" CONTENT="Welt" WC="0.96" CC="6056"/>
						<SP ID="P32_SP00234" HPOS="1394" VPOS="1558" WIDTH="22"/>
						<String ID="P32_ST00263" HPOS="1416" VPOS="1538" WIDTH="48" HEIGHT="20" CONTENT="ver" SUBS_TYPE="HypPart1" SUBS_CONTENT="vermöchte" WC="0.95" CC="647"/>
						<HYP HPOS="1464" VPOS="1538" WIDTH="15" CONTENT="-"/>
					</TextLine>
					<TextLine ID="P32_TL00030" HPOS="325" VPOS="1569" WIDTH="1154" HEIGHT="42">
						<String ID="P32_ST00264" HPOS="325" VPOS="1570" WIDTH="122" HEIGHT="30" CONTENT="möchte" SUBS_TYPE="HypPart2" SUBS_CONTENT="vermöchte" WC="0.96" CC="977772"/>
						<SP ID="P32_SP00235" HPOS="447" VPOS="1600" WIDTH="23"/>
						<String ID="P32_ST00265" HPOS="470" VPOS="1569" WIDTH="50" HEIGHT="31" CONTENT="Sie" WC="0.98" CC="050"/>
						<SP ID="P32_SP00236" HPOS="520" VPOS="1600" WIDTH="21"/>
						<String ID="P32_ST00266" HPOS="541" VPOS="1579" WIDTH="38" HEIGHT="21" CONTENT="so" WC="0.56" CC="16"/>
						<SP ID="P32_SP00237" HPOS="579" VPOS="1600" WIDTH="22"/>
						<String ID="P32_ST00267" HPOS="601" VPOS="1580" WIDTH="41" HEIGHT="20" CONTENT="zu" WC="0.41" CC="46"/>
						<SP ID="P32_SP00238" HPOS="642" VPOS="1600" WIDTH="22"/>
						<String ID="P32_ST00268" HPOS="664" VPOS="1570" WIDTH="110" HEIGHT="39" CONTENT="lieben," WC="0.98" CC="0707670"/>
						<SP ID="P32_SP00239" HPOS="774" VPOS="1609" WIDTH="23"/>
						<String ID="P32_ST00269" HPOS="797" VPOS="1571" WIDTH="103" HEIGHT="30" CONTENT="keiner" WC="0.97" CC="609624"/>
						<SP ID="P32_SP00240" HPOS="900" VPOS="1609" WIDTH="20"/>
						<String ID="P32_ST00270" HPOS="920" VPOS="1572" WIDTH="104" HEIGHT="37" CONTENT="wagte" WC="0.97" CC="04770"/>
						<SP ID="P32_SP00241" HPOS="1024" VPOS="1609" WIDTH="23"/>
						<String ID="P32_ST00271" HPOS="1047" VPOS="1581" WIDTH="51" HEIGHT="20" CONTENT="um" WC="0.56" CC="71"/>
						<SP ID="P32_SP00242" HPOS="1098" VPOS="1609" WIDTH="22"/>
						<String ID="P32_ST00272" HPOS="1120" VPOS="1571" WIDTH="195" HEIGHT="40" CONTENT="Ihretwillen," WC="0.99" CC="777092076270"/>
						<SP ID="P32_SP00243" HPOS="1315" VPOS="1611" WIDTH="23"/>
						<String ID="P32_ST00273" HPOS="1338" VPOS="1582" WIDTH="69" HEIGHT="22" CONTENT="was" WC="0.98" CC="006"/>
						<SP ID="P32_SP00244" HPOS="1407" VPOS="1611" WIDTH="23"/>
						<String ID="P32_ST00274" HPOS="1430" VPOS="1574" WIDTH="49" HEIGHT="30" CONTENT="ich" WC="0.95" CC="372"/>
					</TextLine>
					<TextLine ID="P32_TL00031" HPOS="324" VPOS="1616" WIDTH="1155" HEIGHT="39">
						<String ID="P32_ST00275" HPOS="324" VPOS="1618" WIDTH="133" HEIGHT="36" CONTENT="gewagt." WC="0.97" CC="9206974"/>
						<SP ID="P32_SP00245" HPOS="457" VPOS="1654" WIDTH="43"/>
						<String ID="P32_ST00276" HPOS="500" VPOS="1616" WIDTH="56" HEIGHT="38" CONTENT="(Er" WC="0.94" CC="446"/>
						<SP ID="P32_SP00246" HPOS="556" VPOS="1654" WIDTH="18"/>
						<String ID="P32_ST00277" HPOS="574" VPOS="1617" WIDTH="95" HEIGHT="29" CONTENT="starrt" WC="0.97" CC="664365"/>
						<SP ID="P32_SP00247" HPOS="669" VPOS="1654" WIDTH="19"/>
						<String ID="P32_ST00278" HPOS="688" VPOS="1616" WIDTH="46" HEIGHT="30" CONTENT="sie" WC="0.94" CC="167"/>
						<SP ID="P32_SP00248" HPOS="734" VPOS="1654" WIDTH="19"/>
						<String ID="P32_ST00279" HPOS="753" VPOS="1616" WIDTH="63" HEIGHT="39" CONTENT="an.)" WC="0.97" CC="4703"/>
						<SP ID="P32_SP00249" HPOS="816" VPOS="1655" WIDTH="43"/>
						<String ID="P32_ST00280" HPOS="859" VPOS="1616" WIDTH="50" HEIGHT="30" CONTENT="Ich" WC="0.91" CC="669"/>
						<SP ID="P32_SP00250" HPOS="909" VPOS="1655" WIDTH="21"/>
						<String ID="P32_ST00281" HPOS="930" VPOS="1616" WIDTH="81" HEIGHT="31" CONTENT="lasse" WC="0.96" CC="77460"/>
						<SP ID="P32_SP00251" HPOS="1011" VPOS="1655" WIDTH="22"/>
						<String ID="P32_ST00282" HPOS="1033" VPOS="1616" WIDTH="95" HEIGHT="31" CONTENT="Ihnen" WC="0.96" CC="77706"/>
						<SP ID="P32_SP00252" HPOS="1128" VPOS="1655" WIDTH="20"/>
						<String ID="P32_ST00283" HPOS="1148" VPOS="1617" WIDTH="75" HEIGHT="30" CONTENT="Zeit." WC="0.98" CC="10162"/>
						<SP ID="P32_SP00253" HPOS="1223" VPOS="1655" WIDTH="42"/>
						<String ID="P32_ST00284" HPOS="1265" VPOS="1617" WIDTH="86" HEIGHT="31" CONTENT="Aber" WC="0.96" CC="0767"/>
						<SP ID="P32_SP00254" HPOS="1351" VPOS="1655" WIDTH="18"/>
						<String ID="P32_ST00285" HPOS="1369" VPOS="1618" WIDTH="110" HEIGHT="31" CONTENT="wohin" WC="0.97" CC="46707"/>
					</TextLine>
					<TextLine ID="P32_TL00032" HPOS="325" VPOS="1660" WIDTH="1152" HEIGHT="43">
						<String ID="P32_ST00286" HPOS="325" VPOS="1661" WIDTH="78" HEIGHT="30" CONTENT="auch" WC="0.94" CC="7737"/>
						<SP ID="P32_SP00255" HPOS="403" VPOS="1691" WIDTH="18"/>
						<String ID="P32_ST00287" HPOS="421" VPOS="1661" WIDTH="109" HEIGHT="30" CONTENT="immer" WC="0.96" CC="77907"/>
						<SP ID="P32_SP00256" HPOS="530" VPOS="1691" WIDTH="19"/>
						<String ID="P32_ST00288" HPOS="549" VPOS="1661" WIDTH="49" HEIGHT="31" CONTENT="Sie" WC="0.97" CC="053"/>
						<SP ID="P32_SP00257" HPOS="598" VPOS="1692" WIDTH="16"/>
						<String ID="P32_ST00289" HPOS="614" VPOS="1660" WIDTH="111" HEIGHT="39" CONTENT="gehen," WC="0.96" CC="909673"/>
						<SP ID="P32_SP00258" HPOS="725" VPOS="1699" WIDTH="19"/>
						<String ID="P32_ST00290" HPOS="744" VPOS="1660" WIDTH="50" HEIGHT="32" CONTENT="Sie" WC="0.98" CC="040"/>
						<SP ID="P32_SP00259" HPOS="794" VPOS="1699" WIDTH="17"/>
						<String ID="P32_ST00291" HPOS="811" VPOS="1661" WIDTH="73" HEIGHT="31" CONTENT="sind" WC="0.94" CC="6776"/>
						<SP ID="P32_SP00260" HPOS="884" VPOS="1699" WIDTH="17"/>
						<String ID="P32_ST00292" HPOS="901" VPOS="1663" WIDTH="32" HEIGHT="29" CONTENT="in" WC="0.28" CC="67"/>
						<SP ID="P32_SP00261" HPOS="933" VPOS="1699" WIDTH="18"/>
						<String ID="P32_ST00293" HPOS="951" VPOS="1662" WIDTH="115" HEIGHT="30" CONTENT="meiner" WC="0.97" CC="603747"/>
						<SP ID="P32_SP00262" HPOS="1066" VPOS="1699" WIDTH="19"/>
						<String ID="P32_ST00294" HPOS="1085" VPOS="1661" WIDTH="102" HEIGHT="31" CONTENT="Hand." WC="0.95" CC="75794"/>
						<SP ID="P32_SP00263" HPOS="1187" VPOS="1699" WIDTH="42"/>
						<String ID="P32_ST00295" HPOS="1229" VPOS="1661" WIDTH="93" HEIGHT="42" CONTENT="Alles," WC="0.99" CC="160304"/>
						<SP ID="P32_SP00264" HPOS="1322" VPOS="1703" WIDTH="20"/>
						<String ID="P32_ST00296" HPOS="1342" VPOS="1672" WIDTH="67" HEIGHT="22" CONTENT="was" WC="0.98" CC="400"/>
						<SP ID="P32_SP00265" HPOS="1409" VPOS="1703" WIDTH="20"/>
						<String ID="P32_ST00297" HPOS="1429" VPOS="1663" WIDTH="48" HEIGHT="30" CONTENT="ich" WC="0.93" CC="459"/>
					</TextLine>
					<TextLine ID="P32_TL00033" HPOS="325" VPOS="1706" WIDTH="618" HEIGHT="41">
						<String ID="P32_ST00298" HPOS="325" VPOS="1709" WIDTH="58" HEIGHT="38" CONTENT="tue," WC="0.95" CC="7764"/>
						<SP ID="P32_SP00266" HPOS="383" VPOS="1747" WIDTH="20"/>
						<String ID="P32_ST00299" HPOS="403" VPOS="1706" WIDTH="160" HEIGHT="39" CONTENT="geschieht" WC="0.97" CC="756795595"/>
						<SP ID="P32_SP00267" HPOS="563" VPOS="1747" WIDTH="21"/>
						<String ID="P32_ST00300" HPOS="584" VPOS="1716" WIDTH="56" HEIGHT="21" CONTENT="ans" WC="0.95" CC="570"/>
						<SP ID="P32_SP00268" HPOS="640" VPOS="1747" WIDTH="23"/>
						<String ID="P32_ST00301" HPOS="663" VPOS="1706" WIDTH="92" HEIGHT="32" CONTENT="Liebe" WC="0.97" CC="16570"/>
						<SP ID="P32_SP00269" HPOS="755" VPOS="1747" WIDTH="20"/>
						<String ID="P32_ST00302" HPOS="775" VPOS="1716" WIDTH="49" HEIGHT="22" CONTENT="zu." WC="0.94" CC="374"/>
						<SP ID="P32_SP00270" HPOS="824" VPOS="1747" WIDTH="14"/>
						<String ID="P32_ST00303" HPOS="838" VPOS="1706" WIDTH="105" HEIGHT="31" CONTENT="Ihnen." WC="0.97" CC="676074"/>
					</TextLine>
					<TextLine ID="P32_TL00034" HPOS="283" VPOS="1760" WIDTH="839" HEIGHT="31">
						<String ID="P32_ST00304" HPOS="283" VPOS="1760" WIDTH="254" HEIGHT="30" CONTENT="ESTELLE:" WC="0.50" CC="60276654"/>
						<SP ID="P32_SP00271" HPOS="537" VPOS="1790" WIDTH="35"/>
						<String ID="P32_ST00305" HPOS="572" VPOS="1760" WIDTH="49" HEIGHT="30" CONTENT="Ich" WC="0.95" CC="407"/>
						<SP ID="P32_SP00272" HPOS="621" VPOS="1790" WIDTH="26"/>
						<String ID="P32_ST00306" HPOS="647" VPOS="1784" WIDTH="7" HEIGHT="6" CONTENT="." WC="0.79" CC="2"/>
						<SP ID="P32_SP00273" HPOS="654" VPOS="1790" WIDTH="24"/>
						<String ID="P32_ST00307" HPOS="678" VPOS="1785" WIDTH="6" HEIGHT="5" CONTENT="." WC="0.59" CC="4"/>
						<SP ID="P32_SP00274" HPOS="684" VPOS="1790" WIDTH="56"/>
						<String ID="P32_ST00308" HPOS="740" VPOS="1760" WIDTH="50" HEIGHT="30" CONTENT="Sie" WC="0.96" CC="062"/>
						<SP ID="P32_SP00275" HPOS="790" VPOS="1790" WIDTH="22"/>
						<String ID="P32_ST00309" HPOS="812" VPOS="1761" WIDTH="197" HEIGHT="30" CONTENT="erschrecken" WC="0.99" CC="27667500357"/>
						<SP ID="P32_SP00276" HPOS="1009" VPOS="1791" WIDTH="23"/>
						<String ID="P32_ST00310" HPOS="1032" VPOS="1760" WIDTH="90" HEIGHT="31" CONTENT="mich." WC="0.97" CC="50574"/>
					</TextLine>
					<TextLine ID="P32_TL00035" HPOS="281" VPOS="1817" WIDTH="890" HEIGHT="42">
						<String ID="P32_ST00311" HPOS="281" VPOS="1817" WIDTH="291" HEIGHT="31" CONTENT="PLIMPTON" WC="0.60" CC="30463805"/>
						<SP ID="P32_SP00277" HPOS="572" VPOS="1848" WIDTH="30"/>
						<String ID="P32_ST00312" HPOS="602" VPOS="1818" WIDTH="75" HEIGHT="39" CONTENT="(von" WC="0.97" CC="1076"/>
						<SP ID="P32_SP00278" HPOS="677" VPOS="1857" WIDTH="23"/>
						<String ID="P32_ST00313" HPOS="700" VPOS="1819" WIDTH="87" HEIGHT="39" CONTENT="links," WC="0.98" CC="007564"/>
						<SP ID="P32_SP00279" HPOS="787" VPOS="1858" WIDTH="22"/>
						<String ID="P32_ST00314" HPOS="809" VPOS="1820" WIDTH="89" HEIGHT="38" CONTENT="ruft):" WC="0.97" CC="666340"/>
						<SP ID="P32_SP00280" HPOS="898" VPOS="1858" WIDTH="33"/>
						<String ID="P32_ST00315" HPOS="931" VPOS="1820" WIDTH="93" HEIGHT="31" CONTENT="Prinz" WC="0.99" CC="00060"/>
						<SP ID="P32_SP00281" HPOS="1024" VPOS="1858" WIDTH="21"/>
						<String ID="P32_ST00316" HPOS="1045" VPOS="1821" WIDTH="126" HEIGHT="38" CONTENT="Hagen!" WC="0.96" CC="779665"/>
					</TextLine>
					<TextLine ID="P32_TL00036" HPOS="281" VPOS="1870" WIDTH="287" HEIGHT="38">
						<String ID="P32_ST00317" HPOS="281" VPOS="1870" WIDTH="208" HEIGHT="31" CONTENT="HAGEN:" WC="0.97" CC="756610"/>
						<SP ID="P32_SP00282" HPOS="489" VPOS="1901" WIDTH="32"/>
						<String ID="P32_ST00318" HPOS="521" VPOS="1872" WIDTH="47" HEIGHT="36" CONTENT="Ja." WC="0.98" CC="004"/>
					</TextLine>
					<TextLine ID="P32_TL00037" HPOS="282" VPOS="1924" WIDTH="1191" HEIGHT="45">
						<String ID="P32_ST00319" HPOS="282" VPOS="1924" WIDTH="288" HEIGHT="31" CONTENT="PLIMPTON" WC="0.44" CC="75757550"/>
						<SP ID="P32_SP00283" HPOS="570" VPOS="1955" WIDTH="39"/>
						<String ID="P32_ST00320" HPOS="609" VPOS="1925" WIDTH="111" HEIGHT="39" CONTENT="(stürzt" WC="0.99" CC="2000506"/>
						<SP ID="P32_SP00284" HPOS="720" VPOS="1964" WIDTH="36"/>
						<String ID="P32_ST00321" HPOS="756" VPOS="1927" WIDTH="115" HEIGHT="39" CONTENT="herein," WC="0.98" CC="7046374"/>
						<SP ID="P32_SP00285" HPOS="871" VPOS="1966" WIDTH="40"/>
						<String ID="P32_ST00322" HPOS="911" VPOS="1929" WIDTH="48" HEIGHT="30" CONTENT="ein" WC="0.98" CC="023"/>
						<SP ID="P32_SP00286" HPOS="959" VPOS="1966" WIDTH="29"/>
						<String ID="P32_ST00323" HPOS="988" VPOS="1929" WIDTH="192" HEIGHT="40" CONTENT="Telegramm" WC="0.99" CC="102074763"/>
						<SP ID="P32_SP00287" HPOS="1180" VPOS="1969" WIDTH="39"/>
						<String ID="P32_ST00324" HPOS="1219" VPOS="1932" WIDTH="30" HEIGHT="30" CONTENT="in" WC="0.64" CC="07"/>
						<SP ID="P32_SP00288" HPOS="1249" VPOS="1969" WIDTH="40"/>
						<String ID="P32_ST00325" HPOS="1289" VPOS="1931" WIDTH="56" HEIGHT="31" CONTENT="der" WC="0.93" CC="475"/>
						<SP ID="P32_SP00289" HPOS="1345" VPOS="1969" WIDTH="26"/>
						<String ID="P32_ST00326" HPOS="1371" VPOS="1932" WIDTH="102" HEIGHT="32" CONTENT="Hand." WC="0.97" CC="62771"/>
					</TextLine>
					<TextLine ID="P32_TL00038" HPOS="322" VPOS="1969" WIDTH="1152" HEIGHT="40">
						<String ID="P32_ST00327" HPOS="322" VPOS="1969" WIDTH="154" HEIGHT="31" CONTENT="Aeußerst" WC="0.41" CC="07764767"/>
						<SP ID="P32_SP00290" HPOS="476" VPOS="2000" WIDTH="21"/>
						<String ID="P32_ST00328" HPOS="497" VPOS="1971" WIDTH="132" HEIGHT="38" CONTENT="erregt):" WC="0.98" CC="95557006"/>
						<SP ID="P32_SP00291" HPOS="629" VPOS="2009" WIDTH="35"/>
						<String ID="P32_ST00329" HPOS="664" VPOS="1971" WIDTH="169" HEIGHT="33" CONTENT="Nachricht" WC="0.98" CC="076754777"/>
						<SP ID="P32_SP00292" HPOS="833" VPOS="2009" WIDTH="23"/>
						<String ID="P32_ST00330" HPOS="856" VPOS="1982" WIDTH="56" HEIGHT="22" CONTENT="aus" WC="0.95" CC="860"/>
						<SP ID="P32_SP00293" HPOS="912" VPOS="2009" WIDTH="25"/>
						<String ID="P32_ST00331" HPOS="937" VPOS="1974" WIDTH="143" HEIGHT="31" CONTENT="London." WC="0.97" CC="6777774"/>
						<SP ID="P32_SP00294" HPOS="1080" VPOS="2009" WIDTH="47"/>
						<String ID="P32_ST00332" HPOS="1127" VPOS="1976" WIDTH="64" HEIGHT="30" CONTENT="Der" WC="0.96" CC="505"/>
						<SP ID="P32_SP00295" HPOS="1191" VPOS="2009" WIDTH="24"/>
						<String ID="P32_ST00333" HPOS="1215" VPOS="1976" WIDTH="103" HEIGHT="31" CONTENT="Markt" WC="0.98" CC="01617"/>
						<SP ID="P32_SP00296" HPOS="1318" VPOS="2009" WIDTH="32"/>
						<String ID="P32_ST00334" HPOS="1350" VPOS="1978" WIDTH="40" HEIGHT="31" CONTENT="ist" WC="0.97" CC="600"/>
						<SP ID="P32_SP00297" HPOS="1390" VPOS="2009" WIDTH="33"/>
						<String ID="P32_ST00335" HPOS="1423" VPOS="1988" WIDTH="34" HEIGHT="21" CONTENT="zu" SUBS_TYPE="HypPart1" SUBS_CONTENT="zusammengebrochen" WC="0.56" CC="37"/>
						<HYP HPOS="1457" VPOS="1988" WIDTH="17" CONTENT="-"/>
					</TextLine>
					<TextLine ID="P32_TL00039" HPOS="322" VPOS="2015" WIDTH="1151" HEIGHT="39">
						<String ID="P32_ST00336" HPOS="322" VPOS="2015" WIDTH="316" HEIGHT="39" CONTENT="sammengebrochen" SUBS_TYPE="HypPart2" SUBS_CONTENT="zusammengebrochen" WC="0.30" CC="987747949077757"/>
						<SP ID="P32_SP00298" HPOS="638" VPOS="2054" WIDTH="19"/>
						<String ID="P32_ST00337" HPOS="657" VPOS="2040" WIDTH="47" HEIGHT="7" CONTENT="..." WC="0.97" CC="304"/>
						<SP ID="P32_SP00299" HPOS="704" VPOS="2054" WIDTH="29"/>
						<String ID="P32_ST00338" HPOS="733" VPOS="2017" WIDTH="34" HEIGHT="30" CONTENT="In" WC="0.32" CC="76"/>
						<SP ID="P32_SP00300" HPOS="767" VPOS="2054" WIDTH="19"/>
						<String ID="P32_ST00339" HPOS="786" VPOS="2017" WIDTH="55" HEIGHT="31" CONTENT="der" WC="0.93" CC="667"/>
						<SP ID="P32_SP00301" HPOS="841" VPOS="2054" WIDTH="17"/>
						<String ID="P32_ST00340" HPOS="858" VPOS="2021" WIDTH="100" HEIGHT="28" CONTENT="ersten" WC="0.97" CC="076757"/>
						<SP ID="P32_SP00302" HPOS="958" VPOS="2054" WIDTH="19"/>
						<String ID="P32_ST00341" HPOS="977" VPOS="2019" WIDTH="112" HEIGHT="32" CONTENT="halben" WC="0.96" CC="777977"/>
						<SP ID="P32_SP00303" HPOS="1089" VPOS="2054" WIDTH="17"/>
						<String ID="P32_ST00342" HPOS="1106" VPOS="2021" WIDTH="117" HEIGHT="30" CONTENT="Stunde" WC="0.97" CC="047791"/>
						<SP ID="P32_SP00304" HPOS="1223" VPOS="2054" WIDTH="18"/>
						<String ID="P32_ST00343" HPOS="1241" VPOS="2021" WIDTH="48" HEIGHT="30" CONTENT="fiel" WC="0.98" CC="0017"/>
						<SP ID="P32_SP00305" HPOS="1289" VPOS="2054" WIDTH="19"/>
						<String ID="P32_ST00344" HPOS="1308" VPOS="2021" WIDTH="49" HEIGHT="33" CONTENT="die" WC="0.95" CC="660" STYLEREFS="TXT_2"/>
						<SP ID="P32_SP00306" HPOS="1357" VPOS="2054" WIDTH="19"/>
						<String ID="P32_ST00345" HPOS="1376" VPOS="2023" WIDTH="78" HEIGHT="31" CONTENT="Penn" SUBS_TYPE="HypPart1" SUBS_CONTENT="Pennsylvania-Kohle" WC="0.97" CC="0477" STYLEREFS="TXT_2"/>
						<HYP HPOS="1454" VPOS="2023" WIDTH="19" CONTENT="-"/>
					</TextLine>
					<TextLine ID="P32_TL00040" HPOS="321" VPOS="2060" WIDTH="1153" HEIGHT="41">
						<String ID="P32_ST00346" HPOS="321" VPOS="2060" WIDTH="251" HEIGHT="38" CONTENT="sylvania-Kohle" SUBS_TYPE="HypPart2" SUBS_CONTENT="Pennsylvania-Kohle" WC="0.99" CC="46077067063775"/>
						<SP ID="P32_SP00307" HPOS="572" VPOS="2098" WIDTH="19"/>
						<String ID="P32_ST00347" HPOS="591" VPOS="2071" WIDTH="51" HEIGHT="20" CONTENT="um" WC="0.45" CC="73"/>
						<SP ID="P32_SP00308" HPOS="642" VPOS="2098" WIDTH="20"/>
						<String ID="P32_ST00348" HPOS="662" VPOS="2061" WIDTH="288" HEIGHT="40" CONTENT="fünfundzwanzig." WC="0.98" CC="037778697776694"/>
						<SP ID="P32_SP00309" HPOS="950" VPOS="2101" WIDTH="42"/>
						<String ID="P32_ST00349" HPOS="992" VPOS="2065" WIDTH="50" HEIGHT="30" CONTENT="Ich" WC="0.92" CC="777"/>
						<SP ID="P32_SP00310" HPOS="1042" VPOS="2101" WIDTH="19"/>
						<String ID="P32_ST00350" HPOS="1061" VPOS="2066" WIDTH="54" HEIGHT="30" CONTENT="bin" WC="0.92" CC="777"/>
						<SP ID="P32_SP00311" HPOS="1115" VPOS="2101" WIDTH="20"/>
						<String ID="P32_ST00351" HPOS="1135" VPOS="2066" WIDTH="156" HEIGHT="31" CONTENT="verloren!" WC="0.98" CC="207767275"/>
						<SP ID="P32_SP00312" HPOS="1291" VPOS="2101" WIDTH="39"/>
						<String ID="P32_ST00352" HPOS="1330" VPOS="2067" WIDTH="84" HEIGHT="32" CONTENT="Alles" WC="0.97" CC="47760"/>
						<SP ID="P32_SP00313" HPOS="1414" VPOS="2101" WIDTH="21"/>
						<String ID="P32_ST00353" HPOS="1435" VPOS="2070" WIDTH="39" HEIGHT="29" CONTENT="ist" WC="0.93" CC="667"/>
					</TextLine>
					<TextLine ID="P32_TL00041" HPOS="322" VPOS="2105" WIDTH="250" HEIGHT="32">
						<String ID="P32_ST00354" HPOS="322" VPOS="2105" WIDTH="156" HEIGHT="32" CONTENT="verloren!" WC="0.98" CC="657077483" STYLEREFS="TXT_2"/>
						<SP ID="P32_SP00314" HPOS="478" VPOS="2137" WIDTH="26"/>
						<String ID="P32_ST00355" HPOS="504" VPOS="2131" WIDTH="6" HEIGHT="6" CONTENT="." WC="0.63" CC="3" STYLEREFS="TXT_2"/>
						<SP ID="P32_SP00315" HPOS="510" VPOS="2137" WIDTH="26"/>
						<String ID="P32_ST00356" HPOS="536" VPOS="2131" WIDTH="5" HEIGHT="5" CONTENT="." WC="0.60" CC="3" STYLEREFS="TXT_2"/>
						<SP ID="P32_SP00316" HPOS="541" VPOS="2137" WIDTH="24"/>
						<String ID="P32_ST00357" HPOS="565" VPOS="2131" WIDTH="7" HEIGHT="6" CONTENT="." WC="0.57" CC="4" STYLEREFS="TXT_2"/>
					</TextLine>
				</TextBlock>
			</PrintSpace>
		</Page>
	</Layout>
</alto>
