1647 2540
302 2188 55 34 124

313 218 171 41 Manieren,
521 221 148 30 erweisen
694 221 65 30 sich
783 222 152 30 während
970 223 99 31 dieser
1093 223 68 33 Zeit
1196 224 55 32 der
1285 226 126 31 inneren
1437 225 54 32 Auf-

313 264 125 38 lösung,
456 265 31 30 in
505 265 56 30 der
577 265 48 32 die
643 266 206 37 Bourgeoisie
867 268 45 30 als
928 268 109 31 Klasse
1054 268 65 31 sich
1136 269 143 38 befindet,
1298 270 44 31 als
1359 272 66 29 eine
1444 272 63 30 rein

312 310 195 31 accidentelle
524 310 97 37 Folge
638 320 55 23 aus
712 312 54 31 der
783 312 244 33 ökonomischen
1046 313 152 32 Situation
1217 315 53 31 der
1288 316 220 39 Bourgeoisie:

312 355 45 31 als
384 355 231 39 Eigentümerin
644 357 54 31 der
726 358 308 32 Produktionsmittel
1062 360 65 30 und
1154 359 53 32 des
1234 363 157 36 gesamten
1418 364 72 29 mate-

311 400 105 32 riellen
442 401 175 32 Reichtums
645 402 55 31 der
726 402 203 33 Gesellschaft
955 404 63 32 lebt
1044 405 49 31 die
1119 405 206 39 Bourgeoisie
1352 408 31 30 in
1410 407 97 31 einem

311 445 139 32 Stadium
477 447 54 31 der
555 447 96 36 Puhe,
678 448 54 32 der
756 449 229 32 Zufriedenheit
1010 450 65 31 und
1100 452 127 30 inneren
1253 451 178 40 Sicherheit,
1459 452 48 32 die

310 501 31 21 es
363 492 50 32 ihr
437 492 155 36 erlauben,
627 494 66 31 ihre
726 503 39 22 an
788 495 65 31 sich
877 495 275 32 nebensächlichen
1177 496 250 36 Lebensformen,
1450 499 57 30 wie

310 537 148 39 Bildung,
481 541 90 29 guter
593 539 80 38 Ton,
697 539 160 32 Manieren
882 543 64 35 etc.,
970 541 45 31 als
1037 541 204 36 Kulturgüter
1263 552 57 24 par
1343 543 164 31 excellence

310 583 64 31 und
393 593 63 22 von
477 584 263 32 Ewigkeitswerte
760 595 40 22 zu
820 586 235 38 proklamieren.
1101 588 76 31 letzt
1196 588 31 30 in
1249 587 114 32 diesem
1384 586 102 37 Augen-

309 628 97 32 blicke
428 629 55 32 der
503 630 180 40 Auflösung
705 631 54 32 der
780 632 262 33 kapitalistischen
1062 632 189 36 Wirtschaft,
1274 633 39 31 da
1333 634 56 31 mit
1410 633 93 32 ihrem

308 675 186 31 materiellen
514 675 158 32 Reichtum
693 677 78 31 auch
792 677 49 32 die
862 677 346 36 Eigentumssicherheit
1227 679 55 31 der
1301 679 206 36 Bourgeoisie

309 720 180 32 erschüttert
507 722 48 33 ist.
573 722 152 31 offenbart
741 723 65 31 sich
825 723 55 31 der
896 724 199 31 tatsächliche
1111 724 65 31 und
1193 724 81 32 reale
1290 724 117 32 Hinter
1407 724 98 32 Grund

309 766 55 31 der
388 766 81 31 oben
495 767 179 32 erwähnten
698 768 118 39 Dinge;
853 769 100 31 Wenn
978 769 79 31 nach
1084 771 121 31 einigen
1230 769 136 33 hundert
1390 770 115 36 Jahren

308 811 170 32 Menschen
529 813 232 31 rückschauend
812 823 110 23 unsere
973 814 301 35 Geschichtsepoche
1325 815 178 32 betrachten

307 857 127 32 werden
459 858 65 31 und
549 858 97 32 durch
671 860 201 35 irgendeinen
896 860 102 31 Zufall
1088 860 59 32 den
1171 860 84 40 jeder
1278 870 57 23 zur
1359 861 128 31 Verdeut-

307 902 128 32 lichung
454 903 65 31 sich
539 903 149 33 fingieren
708 908 93 32 möge
881 915 60 22 nur
959 906 49 31 die
1027 907 144 33 Formen,
1190 907 32 31 in
1244 906 97 32 denen
1361 907 66 31 sich
1448 907 56 31 das

307 948 204 33 Genußleben
533 950 66 31 und
622 950 49 32 die
691 950 141 32 Freuden
855 951 53 32 der
930 952 145 31 heutigen
1098 951 204 33 Gesellschaft
1324 952 77 35 absp
1404 953 7 20 ;
1416 952 87 35 elten,

306 994 117 32 kennen
443 994 105 32 lernen
568 995 122 35 sollten,
710 1006 37 21 so
766 997 132 31 würden
919 998 44 30 sie
983 997 152 31 trotzdem
1156 997 141 31 mühelos
1318 997 48 31 die
1386 998 98 30 ökono-

305 1040 116 32 mische
444 1040 185 33 Grundlage
651 1042 190 32 erschließen
863 1042 134 37 können,
1020 1043 52 31 auf
1095 1043 54 31 der
1170 1043 66 31 sich
1260 1042 54 33 der
1337 1043 165 39 ~Tempel“

306 1085 100 32 dieser
430 1086 305 33 Bourgeoisfreuden
762 1087 107 33 erhob.
919 1089 64 31 Der
1008 1089 96 31 Preis,
1141 1089 55 31 der
1230 1098 72 22 zum
1339 1088 163 32 absoluten

306 1131 166 32 Maßstabe
500 1132 54 32 des
581 1132 159 32 Genusses
769 1134 168 33 geworden
978 1134 48 35 ist,
1065 1134 68 39 gibt
1171 1134 59 32 den
1269 1134 140 31 Freuden
1448 1134 54 30 des

305 1177 136 31 Bürgers
469 1177 87 32 ihren
585 1178 140 40 „Wert“;
763 1179 65 31 und
856 1179 56 32 das
940 1180 100 31 heißt:
1080 1180 69 31 die
1186 1180 203 31 Freuden
1428 1180 74 31 des

304 1222 200 39 Bürgers
533 1223 101 31 sind
665 1225 70 30 die
766 1225 165 31 Leiden
962 1225 75 32 des
1068 1225 249 33 Arbeiters.

388 1285 40 32 Es
448 1286 40 31 ist
508 1295 66 22 eme
595 1285 185 32 historische
800 1287 159 34 Tatsache,
982 1288 61 31 daß
1066 1288 48 31 die
1135 1288 206 32 herrschende
1361 1289 106 31 Moral

302 1331 109 30 immer
436 1331 151 37 diejenige
611 1341 144 26 gewesen
780 1334 48 35 ist,
856 1333 50 31 die
930 1334 67 30 eine
1020 1334 167 33 möglichst
1211 1334 117 32 sichere
1352 1334 149 32 Garantie

302 1376 50 31 für
372 1376 58 31 den
451 1379 202 29 ungestörten
673 1377 116 32 Ablaw!
808 1378 65 31 und
891 1378 51 32 für
961 1378 50 31 die
1029 1378 173 32 Harmonie
1222 1379 53 31 des
1296 1380 189 31 Gesellschaft-

303 1421 99 31 lichen
434 1421 378 36 Stoffwechselprozesses
841 1423 66 32 bot.
959 1424 141 34 Klassen,
1132 1424 50 32 die
1211 1425 40 30 im
1281 1425 132 31 Zeichen
1443 1425 54 31 des

302 1467 206 31 historischen
536 1467 158 33 Aufstiegs
732 1468 140 37 standen,
910 1468 101 32 haben
1048 1470 74 30 stets
1159 1471 66 30 eine
1262 1470 99 31 starke
1389 1470 96 32 Selbst-

303 1512 157 36 disziplin,
486 1512 45 32 als
557 1512 164 32 Ausdruck
747 1515 83 30 einer
853 1524 92 21 wenn
972 1515 77 30 anch
1075 1524 62 22 von
1164 1515 67 31 Zeit
1255 1525 39 22 zn
1319 1516 68 31 Zeit
1411 1516 70 31 über-

302 1557 229 32 schäumenden
555 1568 37 21 so
616 1558 80 31 doch
721 1560 40 30 im
783 1559 130 32 Ganzen
936 1560 133 37 gesehen
1093 1560 210 37 Gebändigten
1326 1561 97 34 Kraft,
1448 1562 33 30 be-

301 1603 126 31 wiesen.
471 1604 58 31 Die
554 1604 215 38 Bourgeoisie,
792 1604 45 31 als
860 1606 43 31 sie
926 1606 81 30 noch
1030 1607 40 30 im
1093 1606 154 31 Wachsen
1271 1607 65 30 und
1360 1608 41 31 im
1425 1606 55 33 Auf-

302 1649 79 33 stieg
404 1649 149 32 begriffen
576 1660 77 22 war,
679 1650 78 36 ging
780 1652 55 31 mit
858 1651 87 31 ihren
969 1651 125 32 Kräften
1119 1661 141 22 soarsam
1284 1662 63 29 um,
1371 1654 32 29 in
1429 1653 68 31 dem

301 1695 199 31 Bewußtsein
526 1695 55 31 der
604 1696 317 35 Zukunftsaufgaben,
947 1696 48 32 die
1019 1707 32 21 es
1075 1707 39 21 zu
1136 1698 89 31 lösen
1249 1697 74 33 galt.
1369 1698 128 31 Damals

300 1740 91 31 stand
414 1740 49 31 die
487 1740 104 32 Moral
614 1741 54 31 der
691 1742 207 35 Bourgeoisie
919 1745 42 29 im
984 1743 154 35 Einklang
1159 1743 56 32 mit
1238 1743 58 31 den
1321 1742 174 39 Aufgaben,

301 1785 49 31 die
375 1786 50 31 ihr
451 1785 55 32 der
532 1786 331 32 Produktionsorozeß
891 1788 105 31 stellte.
1044 1789 99 31 Heute
1168 1790 40 30 ist
1234 1789 48 31 die
1310 1790 104 32 Moral
1443 1790 52 32 des

300 1832 137 31 Bürgers
454 1832 31 31 in
502 1833 97 30 einem
618 1832 243 32 unauflösbaren
877 1833 223 40 Widerspruch
1117 1844 40 22 zu
1175 1835 59 31 den
1252 1835 242 32 ökonomischen

300 1876 226 41 Bedingungen
552 1879 100 30 seiner
677 1878 143 31 Existenz
844 1880 136 38 geraten.
1029 1880 59 31 Die
1112 1881 172 38 zerrüttete,
1311 1880 97 32 durch
1436 1882 59 31 den

1466 1289 34 38 [*)

365 1991 27 31 *)
418 1991 52 26 Um
494 1992 66 25 al’en
584 1990 275 28 Mißverständnissen
883 2001 53 18 von
959 1995 173 26 vorneherein
1156 1995 194 33 vorzubeugen,
1375 1997 38 26 sei
1437 1997 57 27 hier

299 2024 159 27 angemerkt,
475 2025 51 24 daß
546 2026 76 24 unter
640 2025 90 25 Moral
748 2025 71 26 nicht
838 2026 56 26 eine
915 2026 341 28 überirdisch-himmlische
1275 2030 65 25 oder
1359 2029 120 33 mystisch-

299 2056 177 27 idealistische
500 2057 205 32 Angelegenheit
727 2058 156 26 verstanden
906 2060 106 25 werden
1035 2060 50 26 soll
1117 2060 115 26 sondern
1255 2062 134 33 derjenige
1413 2063 60 26 Kom-

299 2089 58 32 plex
380 2098 52 18 von
458 2090 95 32 Regeln
577 2091 55 25 und
657 2090 153 33 Prinzipien
835 2092 45 25 des
906 2091 117 27 sozialen
1049 2093 108 29 Lebens,
1182 2093 42 26 die
1249 2102 27 18 es
1301 2095 73 26 einer
1399 2095 94 27 Klasse

299 2122 186 33 ermöglichen,
508 2122 54 27 sich
586 2124 37 25 als
646 2123 94 27 Klasse
763 2125 265 32 zusammenzufügen
1050 2126 53 25 und
1126 2133 33 19 zu
1181 2126 153 33 behaupten.
