5115 6662
4673 6428 50 38 35

399 256 210 71 Kampf

405 358 114 54 Der
552 359 166 55 Wind
748 361 148 53 wirft
933 362 205 56 dunkle
1170 363 178 54 Nebel
1382 383 70 33 an
1485 361 98 55 das
1616 362 153 53 Haus

408 446 253 52 zerrißne
702 446 246 55 Wolken
988 453 182 49 reiten
1249 453 181 49 meine
1474 447 228 55 Stimme
1748 447 171 53 durch
1965 447 87 53 die
2093 446 182 53 Nacht

408 531 101 52 tief
541 535 55 49 in
629 530 99 55 der
763 532 181 55 Nacht
980 535 236 55 ertrinkt
1251 535 89 54 die
1380 534 178 53 Seele.

408 701 102 53 Ein
550 702 163 67 Segel
751 705 194 54 braust
988 711 72 48 im
1099 706 320 54 schwarzen
1459 705 213 53 Meere.

408 787 113 53 Das
552 789 157 53 ferne
740 790 165 67 Segel
930 795 74 49 ist
1031 794 147 50 mein
1206 790 93 53 Ich

408 877 72 48 im
513 875 190 53 offnen
729 875 230 54 Rachen
988 875 234 53 dunkler
1253 875 220 54 Wellen
1503 875 284 54 schluchzt
1819 877 87 52 die
1939 875 179 56 Seele.

410 958 160 54 Hoch
607 960 228 55 flattern
878 962 196 52 Sterne
1115 960 108 54 auf.

408 1043 104 54 Die
540 1045 173 54 Arme
743 1048 170 52 beten

410 1131 286 54 aufhinauf

408 1224 204 45 stumm
654 1238 97 32 aus
789 1218 97 51 der
923 1216 156 54 Tiefe
1116 1221 211 50 meiner
1363 1218 494 68 Nachtgedanken.

406 1398 198 53 Schrei

412 1509 105 54 Die
548 1511 216 54 Gassen
791 1512 185 54 haben
1001 1513 106 54 alle
1133 1514 202 68 Augen
1362 1536 69 33 zu

413 1596 129 54 blaß
578 1597 160 55 faltet
772 1597 182 55 Nacht
993 1600 89 54 die
1117 1602 219 53 weißen
1371 1602 215 55 Hände,

412 1681 113 53 Vor
557 1687 220 49 meinen
810 1683 277 55 Träumen
1121 1686 198 54 sinken
1350 1686 108 55 alle
1490 1688 217 54 Wände

411 1767 93 53 auf
538 1767 251 54 fremden
822 1769 216 68 Wegen
1067 1771 224 55 leuchte
1325 1773 91 53 ich
1454 1773 181 55 dahin.

411 1852 61 52 In
508 1852 202 55 Gottes
745 1854 200 55 Höhen
981 1858 122 53 sind
1141 1857 88 53 die
1263 1857 217 55 Nächte
1515 1860 318 66 hingebaut,

411 1957 36 33 t)
479 1942 180 51 meine
691 1938 164 55 Seele
889 1944 56 50 in
975 1941 101 54 der
1104 1942 178 54 Tiefe!

414 2124 243 54 Gedicht

414 2223 94 52 Ich
536 2225 95 52 bin
659 2225 97 53 der
789 2225 164 55 Wille
987 2233 211 48 meiner
1226 2229 163 53 Seele

411 2308 90 53 ich
530 2308 95 55 bin
656 2310 98 53 der
784 2310 194 56 Schrei
1010 2314 144 53 nach
1186 2313 158 56 Gott!

412 2392 153 56 Weit
598 2396 183 52 hinter
814 2401 222 50 meinen
1071 2399 253 55 Stunden
1359 2405 143 64 singt
1537 2407 91 49 ein
1659 2402 144 54 Dom

414 2479 89 52 die
541 2479 257 56 Glocken
839 2487 193 63 singen
1070 2490 140 62 ewig
1246 2485 108 54 den
1392 2486 331 56 Gedanken:

411 2563 145 54 Fern
582 2566 111 54 bist
723 2567 74 53 du
828 2568 84 54 dir

410 2648 146 54 Fern
586 2655 73 50 ist
692 2651 129 54 dein
852 2656 191 65 junger
1075 2655 115 68 Tag
1220 2655 114 56 voll
1368 2657 205 54 Sonne!

410 2733 116 55 Auf
559 2740 223 50 meinen
815 2738 278 55 Träumen
1123 2745 141 50 reite
1299 2743 89 53 ich
1420 2743 192 55 hinauf

408 2821 338 55 erwachend
775 2822 155 55 blute
956 2825 91 54 ich

409 2904 186 56 hinab,

411 2988 140 57 Gott
580 2995 72 51 ist
684 2992 89 54 die
805 2993 257 57 Peitsche
1097 3002 211 50 meiner
1340 2998 163 56 Seele

412 3095 99 35 aus
553 3076 240 56 Sternen
828 3079 157 57 flicht
1022 3082 117 54 sich
1176 3088 140 63 ewig
1356 3084 213 68 gleiche
1610 3086 215 55 Geißel.

408 3273 186 56 Nacht

412 3373 789 73 Blaudunkelnachtgeflügelt
1234 3385 166 63 steigt
1430 3386 91 50 ein
1551 3382 203 55 Traum

419 3459 145 55 reißt
603 3460 146 54 hoch
789 3461 100 56 das
928 3462 148 55 Herz

416 3544 115 54 und
566 3545 219 56 funkelt
827 3547 200 55 Sterne

408 3628 227 56 Sterne!

410 3797 92 56 Ihr
535 3800 200 56 Sterne
767 3807 155 51 einer
954 3804 387 58 Mitternacht!

414 3884 79 54 Im
531 3886 185 55 Schoß
754 3888 100 55 der
889 3890 154 55 Welt
1077 3896 74 49 im
1187 3892 321 55 Zeitenmaß
1546 3894 421 70 verschlungen,

414 4054 107 55 Die
561 4056 186 63 Sonne
783 4063 166 65 steigt

419 4140 90 55 die
540 4141 146 57 Erde
718 4148 152 64 neigt
899 4146 85 55 ihr
1013 4146 148 55 Herz
1192 4152 58 51 in
1281 4150 176 55 Staub

419 4247 33 32 o
486 4227 187 55 Leben
707 4234 213 50 meiner
954 4232 164 55 Seele
1154 4238 55 49 in
1243 4234 99 55 der
1375 4234 200 58 Nacht,

415 4410 348 67 Wiegenlied
790 4417 100 52 der
919 4417 147 54 Erde

419 4510 89 53 Ich
546 4514 132 52 sehe
711 4515 161 53 deine
906 4517 163 54 Seele
1101 4519 202 68 fliegen

418 4595 456 69 hochgipfelüber
911 4604 266 67 schwingt
1215 4607 129 53 dein
1379 4607 218 55 Traum.

420 4686 94 55 Ich
543 4689 95 52 bin
673 4689 97 53 der
798 4689 151 67 Tage
983 4692 218 52 tiefster
1234 4692 261 55 Schmerz

420 4774 112 51 und
560 4773 136 53 aller
725 4775 251 53 Stunden
1001 4776 216 54 Freude
1248 4776 157 55 fließt
1434 4783 55 49 in
1515 4783 180 49 meine
1727 4780 180 54 Brust.

422 4858 93 51 Ich
548 4858 93 53 bin
674 4864 90 48 ein
795 4860 442 56 Menschenherz

422 4944 112 51 tmd
565 4952 153 58 trage
751 4946 375 55 abertausend
1159 4948 530 56 Menschenherzen.

424 5028 92 51 ich
545 5029 92 52 bin
668 5030 88 52 die
785 5031 231 54 höchste
1045 5033 161 54 Blüte
1235 5035 143 52 hoch
1410 5057 86 31 am
1524 5035 437 55 Lebens-Baum,

424 5112 94 53 Ich
553 5114 148 53 fühle
734 5116 160 52 deine
932 5116 161 55 Seele
1127 5119 196 54 sinken

425 5203 71 47 im
534 5201 308 51 atemlosen
876 5201 193 55 Nichts
1106 5206 283 51 ertrinken
1425 5206 200 53 deinen
1664 5206 218 55 Traum.

429 5290 93 50 Ich
554 5290 93 51 bin
682 5289 98 51 der
814 5289 172 51 Vater
1020 5289 134 52 aller
1186 5290 166 63 Welt,

426 5376 87 51 ich
552 5375 147 52 fühle
739 5375 124 52 dich

428 5466 54 46 in
513 5461 200 51 deinen
742 5460 276 51 Träumen
1051 5459 280 54 schluchzt
1363 5461 95 53 das
1487 5462 136 53 Leid
1651 5464 97 51 der
1778 5464 161 53 Erde.

427 5630 136 53 Lied

435 5728 123 56 Viel
591 5730 160 67 glühe
792 5731 189 53 Rosen
1016 5730 226 53 flattern
1282 5731 93 51 auf

436 5814 307 55 Maisterne

433 5899 169 53 Liebe

435 5985 405 66 Nachtigallen!

436 6070 103 53 Ein
576 6069 462 70 Glühwurmpaar
1070 6078 73 50 ist
1177 6072 353 69 aufgeweckt

439 6177 33 30 o
503 6156 180 54 weiße
715 6155 183 56 Nacht

431 6261 100 33 aus
565 6240 380 56 Mondeshaar
980 6243 261 66 gefallen!

2672 269 293 67 Umglänzt

2672 354 250 54 umblüht

2672 444 55 48 in
2755 441 161 52 deine
2945 441 166 52 Brust
3139 441 318 53 versunken

2674 526 381 53 hinströmend
3093 527 94 52 bin
3226 527 90 52 ich
3355 526 286 66 Schöpfer,
3682 526 185 62 Liebe,
3909 525 137 54 Gott

2675 612 299 52 berauscht
3011 632 110 32 von
3160 612 253 62 Sternen,
3453 612 117 52 Mai
3608 612 112 54 und
3756 612 186 52 Liebe.

2670 787 147 66 Jung

2675 872 100 54 Ein
2802 872 195 55 blauer
3025 873 236 54 Himmel
3291 877 71 50 ist
3389 878 180 48 meine
3600 873 219 66 Jugend

2676 963 146 49 mein
2848 959 161 67 Auge
3041 962 72 52 ist
3141 962 125 64 jung

2678 1049 125 63 jung
2832 1049 72 49 ist
2934 1045 99 53 das
3062 1045 223 53 Lachen

2676 1135 127 62 jung
2832 1134 70 50 ist
2932 1131 88 53 die
3053 1131 228 53 Stimme
3313 1130 99 53 der
3438 1131 264 52 Liebsten
3732 1134 72 49 im
3833 1130 131 52 Mai.

2678 1301 174 53 Reich
2888 1307 101 48 mir
3026 1302 89 53 die
3154 1302 197 53 Hände
3386 1302 138 52 über
3564 1302 107 52 den
3705 1300 242 54 Wolken

2679 1386 144 54 hoch
2853 1391 56 49 in
2939 1387 98 53 der
3066 1387 217 53 Freude
3318 1386 138 54 über
3488 1386 107 53 den
3628 1386 257 54 Sternen!

2679 1472 178 67 Trage
2897 1472 88 54 die
3023 1472 186 55 Sonne
3245 1471 112 55 hell
3390 1475 57 49 in
3484 1470 88 54 die
3613 1471 229 63 Stunde,

2678 1558 145 54 hoch
2853 1562 56 50 in
2940 1557 88 55 die
3058 1556 317 56 blühenden
3404 1556 208 68 Wipfel
3643 1556 99 55 der
3771 1556 254 64 Träume,

2679 1644 144 53 hoch
2857 1648 55 48 in
2948 1643 89 53 die
3068 1643 377 54 wandernden
3477 1642 530 68 Morgengedanken

2680 1734 133 49 weit
2843 1733 56 49 in
2929 1728 99 55 das
3058 1728 334 55 leuchtende
3423 1728 160 53 Meer
3616 1728 98 53 der
3746 1727 372 67 Verheißung!

2679 1889 337 53 Erkenntnis

2682 1974 124 54 Geh
2835 1973 153 54 nicht
3017 1973 88 53 die
3136 1972 253 65 Straßen,
3418 1992 88 33 wo
3540 1971 88 54 die
3658 1970 199 53 Hunde
3888 1966 141 56 sind!

2680 2059 219 54 Erhebe
2933 2059 144 54 dich!

2680 2145 220 53 Erhebe
2927 2144 126 54 dich
3081 2148 55 50 in
3162 2144 98 53 Dir
3286 2164 69 33 zu
3379 2142 116 54 Dir!

2679 2230 125 55 Geh
2834 2235 209 49 einsam
3070 2235 99 48 mit
3202 2229 108 53 den
3339 2228 207 68 großen
3576 2227 608 64 Traumentstiegenen,

2682 2316 251 53 entreiße
2972 2315 125 53 dich
3137 2314 100 54 der
3269 2313 141 54 Zeit!

2683 2400 344 55 Umdunkelt
3056 2404 200 51 weinst
3288 2399 73 54 du
3392 2403 56 49 in
3480 2398 88 53 die
3600 2397 166 54 lauen
3799 2396 217 54 Gassen

2683 2486 89 55 die
2804 2486 201 53 trüben
3036 2485 373 54 Gaslaternen
3438 2482 269 55 wandern
3739 2481 173 55 durch
3943 2480 128 54 dein
4100 2479 128 67 Aug

2681 2577 223 62 trägist
2934 2572 128 54 dein
3092 2571 191 68 Haupt

2680 2657 180 68 längst
2890 2658 97 52 hat
3018 2656 89 54 die
3137 2655 314 55 Sehnsucht
3481 2655 125 52 dich
3636 2654 112 53 und
3781 2653 139 53 Gott
3949 2650 305 55 verlassen!

2687 2828 241 66 Ahnung

2688 2912 64 64 0,
2784 2917 211 49 meines
3028 2912 219 53 Lebens
3282 2909 402 65 Sommerwelt,

2686 2998 88 55 ich
2807 2999 96 52 bin
2938 3003 55 49 in
3026 2998 220 54 deinem
3280 2996 101 55 Tal
3416 2999 90 50 ein
3539 2995 490 67 fruchtgebeugter
4064 2989 178 56 Halm,

2684 3087 148 50 mein
2860 3084 227 66 Augist
3115 3083 160 53 wach
3305 3102 99 34 aus
3434 3080 184 55 vielen
3644 3080 258 54 Nächten

2683 3190 89 32 wo
2811 3169 345 53 Einsamkeit
3193 3168 89 53 die
3322 3166 250 54 Stunden
3605 3166 359 66 überspannt,

2686 3255 102 52 tief
2812 3258 153 62 neigt
2992 3257 147 50 mein
3164 3253 190 67 Haupt

2685 3340 126 52 weh
2843 3339 218 53 ahnend
3091 3337 363 54 Wurzeltiefe
3486 3341 139 63 ewig
3655 3335 242 55 fassend.

2689 3509 143 66 Sing'
2867 3509 174 53 Sense
3072 3507 132 56 bald
3238 3507 108 54 den
3374 3507 211 54 letzten
3613 3506 115 67 Tag

2685 3598 57 48 in
2773 3593 243 54 fremder
3053 3594 246 52 Scheuer
3329 3594 145 51 mich
3505 3597 57 48 in
3595 3591 181 67 Segen
3809 3610 67 34 zu
3909 3587 373 57 verwandeln.

2684 3763 152 55 Bitte

2685 3848 96 56 All
2805 3853 182 51 meine
3015 3848 251 55 Stunden
3290 3848 244 54 brausen
3558 3847 265 53 aufwärts
3848 3850 56 48 in
3931 3844 89 54 die
4047 3844 136 62 Zeit,

2685 3934 95 55 All
2807 3939 180 49 meine
3016 3934 222 53 Herzen
3267 3932 279 67 schlagen;

2686 4021 290 67 Ewigkeit.

2684 4107 88 52 Du
2793 4106 166 54 liebst
2985 4106 88 53 die
3098 4105 239 54 Straßen
3359 4107 55 50 in
3437 4103 101 54 der
3560 4103 187 54 Liebe,

2688 4191 80 54 Zu
2794 4191 204 54 Gottes
3027 4190 225 67 Gipfeln
3280 4189 243 68 schlinge
3553 4189 125 53 dich
3705 4189 205 53 hinauf.

2689 4277 50 52 O
2762 4275 243 55 schließe
3031 4276 162 53 deine
3222 4273 163 55 Seele
3413 4275 94 53 auf

2686 4362 215 54 eröffne
2934 4361 239 55 Sternen
3202 4361 162 53 deine
3397 4360 110 53 Tür

2686 4452 227 63 empöre
2944 4447 126 53 dich
3099 4466 70 34 zu
3198 4446 121 53 mir!

2694 4619 189 66 Gipfel

2688 4715 153 55 Welt
2865 4715 157 55 fließt
3048 4737 71 32 an
3141 4720 238 50 meinem
3403 4715 117 54 Fuß
3546 4715 196 54 vorbei

2697 4801 312 53 umwirbelt
3041 4807 223 48 stürzen
3290 4801 185 54 Erden
3502 4801 242 54 trunken
3773 4800 205 53 dunkel
4008 4805 55 48 in
4093 4801 86 52 die
4209 4799 197 53 Kreise

2689 4887 296 53 hochoben
3014 4887 123 54 steh
3164 4887 89 54 ich
3281 4886 250 55 fernsten
3558 4886 222 54 Blickes

2693 4977 211 49 vereist
2929 4976 146 48 mein
3099 4972 309 67 Angesicht

2698 5058 93 52 auf
2826 5058 496 54 nachterstarrtem
3359 5057 188 68 Gipfel
3583 5058 127 54 ruht
3747 5062 147 49 mein
3930 5057 187 66 Haupt
4154 5061 54 48 in
4246 5055 242 54 fremder
4526 5054 176 54 Hand.

2700 5143 107 54 Tot
2836 5143 121 52 sind
2983 5143 89 53 die
3101 5143 323 63 Menschen,
3456 5143 88 53 die
3573 5164 71 32 an
3669 5148 211 49 meiner
3909 5142 161 54 Seele
4099 5143 217 64 hingen,

2700 5235 87 48 tot
2816 5232 72 50 ist
2921 5228 88 54 die
3040 5229 186 62 Liebe,
3263 5229 87 53 die
3386 5234 56 48 in
3475 5228 187 55 hellen
3691 5228 299 54 Kammern
4025 5239 147 55 sang,

2699 5321 86 45 tot
2810 5318 71 49 ist
2908 5313 98 53 der
3032 5313 137 64 Tod,

2698 5399 90 53 ich
2813 5399 142 62 lebe,
2982 5399 126 53 weil
3133 5400 88 53 ich
3248 5403 208 50 einsam
3481 5400 109 54 bin.

2699 5483 337 68 Allmächtig
3062 5486 206 52 breitet
3294 5485 204 53 Willen
3527 5489 117 49 sein
3671 5485 266 53 Gefieder

2700 5568 157 67 fliegt
2886 5569 137 53 über
3053 5570 323 63 Menschen,
3407 5571 210 62 Zeiten,
3649 5570 199 63 Erden,
3877 5569 181 55 Nacht
4087 5571 195 52 hinaus

2705 5654 111 53 still
2847 5654 256 55 lächelnd
3134 5656 173 53 trinkt
3335 5660 146 49 mein
3510 5655 124 67 Aug
3663 5656 87 53 die
3779 5655 185 54 hohen
3991 5654 199 55 Sterne

2704 5740 90 52 die
2823 5740 214 52 Mütter
3062 5746 212 47 meiner
3301 5741 183 53 vielen
3511 5742 421 52 Lebenskreise.

2707 5825 213 53 Stumm
2952 5825 122 53 sind
3108 5826 88 53 die
3229 5826 212 66 Geigen
3473 5830 211 50 meiner
3716 5826 426 54 Erdenstunden

2705 5910 92 53 die
2827 5910 204 53 wilden
3059 5910 418 68 Wipfelstürme
3512 5912 247 54 schlafen
3790 5919 162 46 unter
3981 5917 237 49 meinem
4248 5913 133 53 Fuß,

2709 5995 159 53 Hoch
2903 5995 183 67 glänzt
3119 6000 146 49 mein
3295 5996 307 68 Angesicht

2706 6080 147 54 hoch
2880 6081 139 53 über
3046 6080 272 65 Stürmen,
3348 6082 240 67 Gipfeln,
3616 6084 210 52 bunten
3854 6083 250 54 Städten.

2708 6166 119 53 Nur
2856 6166 310 53 manchmal
3193 6174 202 47 wartet
3426 6173 90 48 ein
3542 6167 273 55 Gedanke

2713 6251 125 54 Still
2880 6255 104 50 wie
3028 6251 318 56 verhaltnes
3390 6254 238 53 Weinen
3671 6254 90 53 auf
3807 6254 98 53 das
3948 6255 243 53 Lächeln
4234 6259 209 48 meiner
4489 6255 224 65 Lippen.
