2690 4008
713 369 451 56 FUTURISMO
1706 371 166 48 AND
1400 371 150 48 THE
1587 371 367 54 THEATRE.

2398 387 90 45 193

188 476 182 51 down,
404 486 121 42 may
559 486 198 34 arouse
793 481 227 51 general
1056 482 245 55 hilarity,
1334 482 121 55 (the
1490 480 262 54 damaged
1789 482 311 44 dress»coat
2146 494 62 32 or
2242 485 246 42 costume

192 564 108 43 will
338 564 284 56 naturally
655 567 64 44 be
754 570 125 52 paid
914 570 89 44 for
1036 585 68 31 on
1140 575 167 52 going
1342 574 139 53 out),
1514 574 70 54 (i)

291 655 111 45 Sell
451 658 97 42 the
601 668 153 34 same
807 661 155 52 place
1015 667 61 40 to
1130 668 95 40 ten
1281 664 266 44 different
1599 663 223 56 people;
1870 664 173 43 hence
2097 664 398 55 obstructions,

191 748 328 52 arguments
553 750 107 41 and
695 749 379 48 altercations,
1100 755 75 54 (a)

195 847 65 35 &
309 835 152 46 Offer
514 837 120 45 free
688 843 151 42 seats
893 846 59 40 to
1008 843 171 46 ladles
1234 847 106 42 and
1396 846 316 53 gentlemen
1770 844 346 56 notoriously
2168 844 323 55 whimsical,

192 927 261 44 Irritable
507 940 64 33 or
624 933 298 52 eccentric,
964 933 303 45 calculated
1302 937 60 41 to
1397 934 241 53 provoke
1692 936 386 43 disturbances
2135 936 68 53 by
2256 936 234 42 obscene

192 1022 277 50 gestures,
505 1022 210 52 nudges
749 1025 59 40 to
841 1025 97 42 the
972 1036 234 39 women,
1235 1028 105 40 and
1376 1027 164 41 other
1571 1026 427 43 eccentricities.

293 1110 259 53 Sprinkle
583 1112 97 43 the
713 1112 157 45 stalls
905 1115 134 42 with
1075 1116 249 50 powders
1358 1116 175 41 which
1561 1116 239 51 produce
1824 1115 234 52 itching,
2081 1116 283 51 sneezing,
2384 1117 108 41 etc.

294 1210 51 42 4.
378 1202 444 55 Systematically
870 1205 304 51 prostitute
1220 1205 99 42 the
1370 1205 175 42 whole
1594 1204 192 43 classic
1831 1208 87 39 art
1972 1215 143 42 upon
2167 1206 97 41 the
2318 1209 174 49 stage,

195 1291 413 54 representing,
639 1290 88 46 for
759 1293 269 52 example,
1060 1295 54 40 in
1150 1305 29 30 a
1213 1293 177 53 single
1424 1295 238 50 evening
1693 1293 73 42 all
1799 1294 96 42 the
1930 1294 196 49 Greek,
2151 1294 210 43 French
2386 1295 104 42 and

196 1380 199 43 Italian
430 1383 297 52 tragedies,
761 1384 309 41 condensed
1105 1383 106 42 and
1246 1382 284 54 comically
1563 1383 175 40 mixed
1775 1393 90 41 up.

299 1472 230 44 Enliven
573 1474 94 41 the
703 1472 181 43 works
917 1470 56 46 of
1008 1473 334 51 Beethoven,
1376 1472 256 52 Wagner,
1684 1472 161 48 Bach,
1899 1470 220 55 Bellini,
2167 1473 226 52 Chopin,
2427 1475 69 51 by

197 1562 358 52 introducing
590 1562 118 42 into
742 1562 151 42 them
930 1561 324 53 Neapolitan
1281 1572 186 41 songs.
1493 1561 106 41 Put
1632 1562 116 40 side
1782 1562 70 52 by
1876 1559 118 43 side
2031 1572 144 41 upon
2209 1563 95 42 the
2341 1564 155 51 stage

200 1651 246 51 Zacconi,
481 1653 143 41 Duse
661 1652 104 42 and
799 1649 200 56 Mayol,
1030 1652 173 42 Sarah
1240 1651 312 43 Bernhardt
1585 1651 107 42 and
1728 1648 237 54 Fregoli.
1998 1651 79 53 (3)

296 1742 238 43 Execute
568 1754 31 30 a
633 1742 316 43 Beethoven
982 1742 306 54 symphony
1323 1741 337 52 backwards,
1707 1741 303 52 beginning
2058 1740 134 43 with
2243 1741 96 43 the
2388 1741 109 44 last

197 1832 155 44 note.
385 1832 76 54 (4)

296 1923 215 45 Reduce
544 1923 95 41 the
675 1921 178 45 whole
888 1921 56 45 of
978 1923 381 52 Shakespeare
1391 1924 57 40 to
1474 1933 29 30 a
1527 1921 178 52 single
1739 1923 108 41 act.
1872 1921 77 54 (5)
1977 1921 76 41 Do
2079 1921 96 42 the
2194 1931 150 33 same
2363 1921 136 43 with

196 2011 95 42 the
326 2011 162 44 other
521 2014 146 41 most
699 2014 302 42 venerated
1037 2014 202 42 actors.
1276 2014 147 41 Have
1457 2013 36 24 44
1518 2011 203 45 Ernani
1828 2009 312 53 performed
2198 2011 67 53 by
2313 2014 182 41 actors

200 2103 114 41 tied
352 2113 71 41 up
458 2103 59 42 to
549 2103 95 42 the
680 2100 141 45 neck
854 2102 56 42 In
943 2113 62 32 so
1042 2113 162 41 many
1249 2100 175 45 sacks.
1443 2102 140 49 Soap
1602 2100 95 42 the
1721 2100 196 42 boards
1968 2098 54 44 of
2069 2100 97 42 the
2215 2103 176 51 stage,
2436 2104 59 41 to

197 2194 242 50 produce
473 2193 256 52 amusing
761 2192 243 44 tumbles
1039 2192 56 42 In
1131 2193 94 41 the
1260 2193 144 41 most
1436 2192 179 51 tragic
1649 2192 262 42 moment.
1945 2189 77 55 (6)

300 2292 50 39 5.
384 2281 318 54 Encourage
737 2283 55 41 in
830 2293 164 41 every
1028 2293 115 41 way
1193 2282 95 42 the
1330 2291 201 44 genre
1580 2278 56 43 of
1684 2281 94 40 the
1825 2279 290 45 American
2166 2281 329 53 Eccentrics,

201 2372 153 43 their
387 2371 198 44 effects
618 2371 56 43 of
707 2371 245 53 exalting
986 2373 316 51 grotesque,
1337 2370 54 43 of
1423 2367 315 55 terryfying
1772 2368 316 55 dinamism,
2121 2371 152 43 their
2292 2371 209 54 clumsy

201 2461 167 52 finds,
402 2464 152 41 their
586 2466 297 39 enorhious
925 2461 338 52 brutalities,
1301 2460 150 43 their
1493 2458 315 44 waistcoats
1845 2458 102 44 full
1992 2458 54 44 of
2086 2461 273 52 surprises
2393 2464 104 40 and

199 2554 151 43 their
383 2552 331 53 pantaloons
747 2552 136 51 deep
917 2563 58 31 as
999 2551 95 42 the
1121 2549 156 43 holds
1315 2547 55 44 of
1403 2547 170 54 ships,
1607 2547 141 44 from
1784 2547 177 44 which
1988 2550 147 42 issue
2158 2549 172 54 forth,
2361 2551 136 42 with

206 2643 310 43 thousands
572 2639 56 46 of
676 2643 163 42 other
884 2641 210 51 things,
1146 2640 95 41 the
1298 2640 159 50 great
1511 2636 251 43 Futurist
1819 2638 239 53 hilarity
2111 2639 179 43 which
2345 2641 46 42 is
2440 2641 60 44 to

200 2733 326 51 rejuvenate
561 2733 96 42 the
690 2730 119 43 face
846 2729 56 43 of
931 2730 96 42 the
1062 2729 191 43 world.

304 2824 263 51 Because,
622 2823 67 42 do
746 2824 98 41 not
895 2819 207 53 forget,
1166 2831 83 31 we
1314 2818 280 43 Futurists
1648 2829 95 32 are
1798 2817 55 44 of
1905 2819 96 42 the
2049 2820 33 22 44
2124 2818 141 56 fiery
2314 2831 188 43 young

207 2913 266 45 warriors
573 2913 76 53 (7)
684 2923 57 32 as
795 2921 83 33 we
912 2908 333 55 proclaimed
1281 2909 53 41 in
1371 2919 103 32 our
1537 2907 314 52 manifesto,
1899 2912 36 23 44
1969 2908 80 43 let
2104 2919 63 32 us
2231 2908 100 43 kill
2402 2911 95 42 the

210 3003 309 51 moonlight

201 3100 51 44 (1)
275 3099 62 34 Yet
359 3099 172 34 somehow
558 3097 11 33 I
596 3097 125 42 hardly
747 3105 57 25 see
829 3096 71 33 this
925 3095 99 40 beiag
1048 3093 87 33 done
1156 3092 98 34 twice
1279 3093 36 33 to
1339 3093 56 33 the
1417 3102 96 26 same
1537 3093 131 42 public.

200 3176 49 43 (2)
282 3173 153 36 Haven't
460 3182 51 25 we
535 3172 149 43 already
707 3180 83 25 once
815 3172 55 32 too
893 3171 93 33 often
1014 3168 117 44 pulled
1157 3170 201 40 grandma's
1381 3170 98 34 chair
1503 3179 99 31 a-way
1626 3170 92 34 from
1754 3170 63 34 her
1847 3170 74 42 just
1954 3177 40 27 as
2031 3168 60 35 she
2116 3176 73 27 was
2212 3168 124 41 sitting
2364 3167 140 36 down?

204 3251 53 44 (3)
281 3251 85 33 Who
392 3250 76 34 will
492 3250 43 31 do
561 3250 57 31 the
643 3247 168 42 putting?
835 3246 148 35 ...Don't
1010 3246 48 33 ail
1085 3243 112 44 speak
1220 3247 38 32 at
1281 3253 82 26 once
1376 3243 10 35 I

199 3318 49 50 (4)
274 3325 72 34 And
374 3325 95 33 then.
489 3323 32 35 .?

193 3401 51 44 (5)
271 3400 72 34 And
370 3400 217 34 Marinetti's
610 3398 114 35 farces
749 3396 142 35 reduced
919 3397 34 33 to
976 3405 19 25 a
1020 3394 116 42 single
1161 3396 181 42 phrase,...
1368 3394 123 36 what?

201 3476 52 42 (6)
280 3476 96 34 More
399 3476 85 34 than
511 3473 149 43 usually
684 3472 216 35 considerate
909 3469 11 35 1

200 3553 51 43 (7j
281 3553 117 33 Uno...
422 3552 109 34 due...
558 3551 113 39 tre,...
696 3549 66 35 fire
776 3548 11 34 I
