2690 4008
934 352 46 47 A
1019 351 345 53 HISTORY
1398 349 102 47 OF
1532 348 376 50 PUPPETS.

207 366 97 37 212

206 462 103 44 full
346 463 54 43 of
432 463 363 46 information
830 462 243 52 relating
1104 461 61 43 to
1200 472 31 31 a
1266 458 126 57 play
1425 459 130 44 that
1588 470 113 31 was
1734 462 298 48 presented
2068 466 58 40 at
2158 467 93 45 the
2300 472 115 47 Fair
2459 485 49 43 of

209 555 80 43 St.
325 555 425 53 Bartholomew,
785 552 173 46 called
1193 552 162 52 Siege
1406 550 56 43 of
1512 550 365 43 NamurA
1920 551 127 56 play
2101 555 112 53 bill,
2261 561 244 56 detached

209 645 142 44 from
386 647 97 44 the
518 646 176 51 walls,
727 647 108 42 and
869 645 296 52 preserved
1202 644 56 41 In
1294 644 97 41 the
1428 641 209 44 British
1673 642 272 51 Museum,
2000 645 192 54 dating
2239 649 132 49 from
2418 661 87 46 the

210 736 152 56 early
396 739 133 52 days
563 736 57 45 of
654 738 186 52 Queen
875 732 207 47 Anne's
1115 736 181 51 reign,
1329 734 176 54 (1703)
1538 734 181 42 draws
1753 732 286 45 attention
2073 738 58 41 to
2157 748 30 31 a
2214 740 159 57 piece,
2394 749 116 47 that

209 839 111 32 was
355 829 102 52 put
490 838 147 41 upon
671 828 98 42 the
803 828 159 52 stage
1054 826 137 44 with
1228 828 160 51 great
1423 835 163 42 pomp
1622 821 56 46 of
1712 826 280 42 customes
2027 828 106 42 and
2161 829 346 65 decorations,

268 918 172 43 called
537 919 96 42 the
670 918 287 44 Universal
993 917 210 54 Deluge
1297 918 56 42 in
1387 915 112 45 five
1533 917 137 48 acts,
1705 915 137 44 with
1879 928 30 31 a
1942 927 164 33 scene
2149 920 243 59 showing
2421 932 86 44 the

267 1009 267 42 entrance
570 1007 55 44 of
662 1009 150 44 Noah
847 1009 108 42 and
992 1009 84 42 his
1110 1007 192 54 family
1339 1008 122 42 into
1494 1008 99 42 the
1627 1007 122 51 ark,
1786 1009 387 51 accompanied
2211 1013 65 52 by
2322 1016 66 43 all
2420 1021 87 45 the

267 1098 258 54 animals,
556 1101 111 42 two
703 1100 107 43 and
845 1101 132 52 two,
1012 1112 31 31 a
1077 1101 192 42 drama
1303 1098 56 45 of
1391 1100 98 41 the
1523 1110 190 42 young
1746 1100 106 43 Mr.
1886 1098 203 45 Powell

305 1188 111 44 The
451 1190 286 53 reception
772 1191 127 43 that
931 1191 114 43 this
1082 1190 220 44 biblical
1338 1190 127 56 play
1501 1192 113 42 met
1647 1191 138 42 with
1820 1187 144 46 from
1999 1191 97 42 the
2130 1192 179 51 public
2331 1207 104 32 was
2455 1210 52 33 so

207 1290 169 32 warm
413 1280 107 43 and
556 1282 392 52 enthusiastic,
983 1284 106 40 and
1127 1282 73 42 its
1237 1293 196 31 course
1468 1293 60 31 so
1565 1280 155 56 truly
1753 1281 373 52 triumphant,
2180 1282 123 45 that
2334 1286 44 42 it
2408 1299 100 34 was

207 1381 292 45 necessary
532 1374 59 40 to
626 1374 198 51 repeat
855 1374 47 42 it
935 1384 71 32 on
1039 1370 130 57 fifty
1204 1375 112 41 two
1352 1374 356 42 consecutive
1746 1371 263 55 night,....
2059 1373 100 41 but
2207 1375 144 43 what
2383 1388 78 33 am
2493 1380 17 43 I

203 1463 195 54 saying
431 1464 172 42 about
637 1463 128 56 fifty
798 1465 112 42 two
946 1464 190 53 nights
1157 1464 87 46 ?...
1278 1465 46 42 it
1358 1465 180 42 would
1576 1467 64 41 be
1680 1465 185 42 better
1899 1465 57 42 to
1992 1463 181 44 affirm
2229 1465 174 57 boldly
2432 1468 78 46 for

206 1554 190 56 nearly
429 1557 111 42 two
576 1557 302 49 centuries,
912 1555 154 45 since
1103 1558 55 41 in
1195 1555 145 56 1879,
1374 1568 30 31 a
1432 1555 252 44 hundred
1711 1557 105 42 and
1843 1557 234 53 seventy
2100 1554 82 45 six
2204 1568 155 42 years
2381 1558 129 44 after

205 1646 75 43 its
313 1644 130 46 first
475 1658 341 43 appearance
852 1660 69 30 on
958 1648 95 42 the
1089 1648 200 42 boards
1325 1649 60 41 at
1416 1646 341 52 Smithfield,
1813 1658 29 32 a
1894 1657 268 44 company
2210 1647 53 43 of
2295 1655 212 48 puppets

764 1707 9 12 ✓

206 1733 57 46 of
294 1738 97 44 the
427 1740 262 43 brothers
724 1738 221 54 Prandi,
981 1737 54 45 of
1070 1740 240 52 Brescia,
1344 1740 330 42 announced
1710 1738 97 44 the
1843 1736 193 44 fourth
2061 1741 446 54 representation,

207 1830 71 52 by
313 1830 227 52 general
574 1832 252 51 request,
859 1832 59 41 at
949 1831 96 42 the
1082 1830 256 43 National
1374 1831 226 42 theatre
1637 1828 55 44 of
1726 1828 287 45 Florence.

305 1919 65 45 Of
402 1921 97 42 the
535 1933 124 31 rare
695 1922 196 53 ability
925 1924 105 40 and
1067 1921 184 43 talent
1285 1920 56 46 of
1376 1921 222 52 Powell,
1632 1921 97 42 the
1764 1921 207 43 author
2004 1919 56 45 of
2093 1922 95 42 the

205 2011 178 52 ample
418 2013 305 54 testimony
758 2014 46 42 is
838 2014 172 43 borne
1047 2015 70 52 by
1150 2014 202 52 Joseph
1388 2013 245 43 Addison
1672 2014 105 41 and
1815 2013 234 48 Richard
2083 2013 182 44 Steele
2299 2015 53 42 in
2375 2015 133 45 their

206 2103 316 43 celebrated
559 2105 255 52 reviews,
845 2105 98 42 the
1423 2107 106 40 and
1566 2105 97 42 the
2053 2105 55 42 In
2144 2105 97 44 the
2262 2118 127 42 year
2413 2117 93 42 1711

207 2207 83 30 we
322 2193 118 44 find
479 2194 202 45 Powell
717 2194 264 45 installed
1016 2196 140 43 with
1191 2196 87 44 his
1312 2198 230 42 wooden
1579 2198 185 42 actors
1821 2197 177 43 under
2050 2197 97 42 the
2199 2196 307 45 colonnades

211 2283 56 46 of
300 2286 211 43 Covent
544 2287 235 49 Garden,
813 2286 251 54 opposite
1099 2288 61 42 to
1195 2288 97 41 the
1325 2287 188 53 parish
1550 2287 208 43 church
1795 2284 56 46 of
1898 2288 83 45 St.
2026 2286 154 52 Paul,
2228 2288 174 42 where
2449 2290 57 41 he

205 2378 308 42 conducted
550 2389 31 31 a
612 2376 333 44 formidable
981 2378 105 42 and
1137 2378 307 42 victorious
1494 2378 387 54 competition,
1940 2380 97 42 not
2092 2377 126 56 only
2249 2378 129 44 with
2423 2378 85 44 the

205 2467 146 55 daily
383 2479 251 33 sermons
668 2469 55 41 in
760 2469 96 41 the
891 2469 187 53 parish
1117 2470 227 52 church,
1379 2470 102 42 but
1531 2480 138 32 even
1720 2470 136 42 with
1908 2470 96 42 the
2054 2470 453 52 representations

203 2557 56 45 of
291 2560 97 43 the
426 2559 193 43 Italian
656 2560 175 52 Opera
865 2561 60 42 at
959 2560 94 43 the
1091 2559 358 54 Haymarket.
1485 2561 236 42 Matters
1748 2560 129 53 had,
1895 2560 219 51 indeed,
2138 2561 226 42 reached
2388 2560 118 43 such

203 2663 31 32 a
267 2650 180 54 point,
479 2651 128 53 (and
644 2650 95 43 the
1180 2650 56 45 of
1269 2653 96 42 the
1402 2651 211 53 i4-i6th
1650 2650 56 45 of
1740 2651 187 44 March
1966 2653 132 42 bore
2133 2653 222 42 witness
2373 2653 53 40 to
2448 2650 60 55 it)

210 2743 126 43 that
367 2743 97 42 the
498 2743 283 43 showmen
817 2744 225 42 became
1077 2742 125 44 bold
1238 2743 223 53 enough
1496 2745 59 41 to
1592 2754 293 32 announce
1919 2743 98 43 the
2054 2743 452 43 commencement

205 2833 56 45 of
283 2834 150 42 their
465 2831 386 55 performance
884 2832 89 44 for
1006 2836 97 42 the
1138 2846 150 32 same
1325 2836 159 44 hour,
1503 2846 59 32 as
1597 2836 96 42 the
1730 2846 243 42 sermon,
2007 2836 108 43 and
2143 2846 133 32 even
2301 2836 56 40 to
2376 2832 127 46 avail

207 2925 334 44 themselves
577 2922 56 47 of
666 2926 95 43 the
795 2927 177 42 sound
1012 2925 58 44 of
1100 2927 98 41 the
1232 2926 207 43 church
1476 2926 109 43 bell
1619 2937 60 32 as
1706 2937 29 32 a
1760 2937 287 32 summons
2083 2930 56 40 to
2164 2926 149 43 their
2334 2926 143 42 enter-

202 3015 300 44 tainment.

310 3107 60 44 In
407 3107 235 42 number
673 3118 99 41 277
828 3105 55 44 of
935 3105 293 46 Addison's
1282 3107 233 45 Journal
1570 3109 240 43 another
1865 3119 133 43 very
2054 3109 220 42 curious
2324 3096 107 52 faci
2460 3104 38 41 is

202 3198 290 50 recorded,
526 3198 104 41 and
667 3198 46 41 it
746 3196 45 45 is
827 3198 146 41 this:
1007 3199 129 42 that
1172 3198 228 53 English
1437 3200 174 42 ladies
1646 3198 55 44 of
1735 3200 126 42 that
1912 3200 134 42 time
2096 3196 208 45 flocked
2338 3191 167 55 wildly

202 3288 61 42 to
292 3286 253 45 Powell's
570 3286 148 46 little
744 3288 221 43 theatre
992 3290 53 41 in
1070 3290 166 42 order
1259 3292 59 41 to
1343 3300 111 44 see,
1480 3302 166 42 every
1668 3292 216 52 month,
1904 3303 29 30 a
1953 3288 197 45 female
2174 3285 331 50 Marionette,

202 3378 125 43 who
365 3389 111 32 was
512 3378 321 55 constantly
879 3379 302 55 travelling
1232 3382 252 42 between
1539 3382 224 43 London
1818 3384 106 41 and
1980 3382 154 42 Paris
2181 3380 57 42 to
2290 3382 213 48 procure

205 3469 96 44 the
341 3468 169 45 latest
544 3468 212 46 French
791 3469 271 47 fashions.
1095 3472 175 43 These
1320 3472 303 54 periodical
1668 3483 369 43 appearances
2088 3471 55 44 of
2191 3471 140 52 Lady
2361 3468 141 46 Jane,

209 3560 224 43 dressed
470 3561 57 42 in
563 3561 96 43 the
697 3565 214 40 newest
944 3563 105 42 and
1087 3565 145 41 most
1266 3565 279 52 approved
1581 3563 195 56 styles,
1801 3576 146 32 were
1973 3563 203 55 always
2197 3553 304 52 announced
