2690 4008
760 345 460 54 FUTURISMO
1460 344 153 48 THE
1649 341 373 56 THEATRE.

227 354 94 56 198

231 472 65 36 £?
331 465 132 43 This
497 463 47 44 Is
578 462 311 43 incorrect:
940 457 131 55 only
1119 456 111 44 last
1279 456 170 52 night
1482 456 19 43 1
1538 466 113 32 was
1702 456 60 40 at
1810 466 32 30 a
1893 454 180 45 circus
2126 461 103 42 and
2281 475 102 38 saw
2429 477 90 50 two

230 556 210 46 clowns
477 553 226 54 making
737 564 96 31 use
868 550 56 44 of
955 550 117 42 this
1105 559 136 44 very
1296 547 236 43 isolated
1584 546 152 44 little
1789 548 129 51 gate
1971 547 183 57 thirty
2203 559 316 58 centimetres

228 650 152 53 high.
418 647 42 44 If
496 650 45 41 it
572 645 166 44 failed
775 646 60 41 to
870 645 230 52 destroy
1134 653 140 34 even
1314 641 97 43 the
1447 640 178 53 slight
1656 641 334 52 conception
2026 653 30 30 a
2081 641 199 48 human
2303 649 119 58 king
2440 660 79 48 has

230 739 56 43 of
319 739 140 43 time
487 738 106 42 and
623 734 56 44 of
712 745 181 42 space,
929 735 48 42 it
1009 733 305 44 succeeded
1350 733 55 41 in
1443 729 384 53 annihilating
1849 730 117 43 this
2003 736 318 50 conception
2364 745 51 42 of
2441 750 76 47 the

231 830 304 44 Futurists.
585 829 77 42 No
698 838 156 32 more
896 824 373 46 unfortunate
1319 823 254 52 example
1625 821 162 45 could
1827 823 138 43 have
2048 824 138 43 been
2239 828 186 51 chosen
2467 842 53 54 by

229 922 209 51 Signor
478 921 314 41 Marlnetti.

233 1020 66 36 &
334 1011 233 56 Finally,
604 1012 17 42 1
657 1012 70 42 do
764 1009 243 56 heartily
1040 1021 243 42 approve
1319 1007 57 46 of
1408 1009 116 44 this
1560 1018 175 43 queer
1771 1008 145 52 grim
1970 1007 323 47 Manifesto:
2328 1015 104 52 just
2472 1034 45 34 as

225 1103 19 42 I
281 1101 188 53 prefer
502 1112 137 33 even
676 1103 97 41 the
1162 1102 119 42 side
1316 1100 57 44 of
1404 1101 99 42 the
1531 1100 227 53 Variety
1791 1097 243 43 Theatre
2055 1098 61 42 to
2142 1100 94 42 the

223 1205 212 33 veneer
469 1192 56 45 of
558 1195 98 42 the
691 1192 318 55 legitimate
1043 1195 179 52 stage.
1259 1191 44 44 If
1336 1204 153 33 mere
1581 1191 286 53 vulgarity
1960 1191 47 43 is
2032 1192 343 57 outrageous,
2396 1211 121 37 mere

225 1285 306 53 politeness
565 1285 47 43 Is
649 1284 275 53 hopeless.

324 1375 322 46 Futurismo
681 1378 55 40 in
773 1376 100 44 the
906 1376 241 45 Theatre
1180 1388 102 32 can
1320 1376 68 42 do
1424 1387 71 33 no
1532 1375 179 43 harm.
1747 1375 156 42 More
1954 1384 155 33 room
2149 1371 88 47 for
2281 1376 61 53 it,
2384 1380 133 49 then.

225 1468 102 43 Let
360 1467 48 43 it
440 1479 70 41 go
545 1478 130 42 0n..,
709 1467 48 43 It
792 1468 152 42 must
978 1479 69 41 go
1082 1478 134 34 0n...
1250 1478 84 32 we
1371 1468 153 43 must
1560 1467 98 52 get
1691 1477 136 33 over
1860 1465 66 45 it.

235 1567 66 36 &
337 1558 119 43 And
492 1558 48 45 It
588 1571 115 32 was
752 1571 31 32 a
831 1569 347 42 courageous
1227 1558 278 52 sacrifice,
1556 1559 107 42 and
1715 1558 292 43 Marinetti
2056 1557 107 43 and
2215 1558 80 45 his
2338 1559 181 52 friends

230 1650 113 43 will
379 1662 105 32 one
519 1652 101 52 day
657 1652 66 42 be
761 1651 126 43 held
922 1651 58 43 In
1007 1653 232 43 esteem.
1275 1650 105 45 For
1415 1651 293 44 Marinetti
1744 1651 46 42 is
1824 1650 58 43 in
1921 1651 139 52 grim
2114 1653 218 42 earnest
2375 1656 142 44 about

239 1741 337 53 something.

224 1841 67 36 &
339 1834 204 52 Signor
606 1832 291 45 Marinetti
966 1832 193 45 knows
1214 1834 155 43 what
1434 1834 69 43 he
1566 1835 212 42 wants:
1844 1834 70 43 he
1968 1834 182 42 wants
2200 1834 58 43 to
2309 1835 98 43 stir
2458 1848 57 42 up

223 1925 351 53 everything,
609 1926 108 42 and
752 1937 83 31 we
869 1925 178 53 ought
1079 1926 61 42 to
1176 1925 143 53 hope
1353 1925 129 43 that
1515 1925 58 43 In
1623 1925 146 52 spite
1819 1924 57 44 of
1923 1924 192 54 giving
2162 1935 58 33 so
2270 1928 147 42 much
2465 1926 49 46 of

240 2017 85 43 his
378 2017 137 41 time
563 2017 61 41 to
672 2015 243 55 politics,
962 2017 261 54 religion,
1273 2018 108 42 and
1433 2018 99 42 the
1584 2018 165 42 other
1802 2018 120 42 arts
1968 2017 68 43 he
2086 2015 110 45 will
2246 2017 108 44 still
2403 2019 113 43 have

237 2119 31 31 a
318 2105 107 46 few
474 2108 173 43 hours
701 2121 31 31 a
784 2111 196 41 month
1039 2112 60 40 to
1150 2119 161 44 spare
1366 2111 61 41 to
1481 2111 97 41 the
1635 2109 169 54 study
1852 2108 57 43 of
1955 2108 115 44 this
2119 2109 68 54 by
2239 2119 68 32 no
2354 2121 162 33 means

231 2208 131 43 easy
397 2199 90 42 art
520 2196 57 45 of
610 2210 132 33 ours
776 2199 108 44 and
920 2211 32 32 a
983 2199 168 45 share
1187 2198 58 46 of
1277 2199 288 45 attention
1599 2197 88 47 for
1720 2199 99 44 the
1870 2199 291 54 questions
2203 2198 226 55 relating
2464 2202 47 42 to

225 2291 74 42 its
334 2291 263 51 practise.

218 2390 64 35 &
318 2381 43 43 If
395 2392 106 32 our
534 2392 357 44 programme
925 2382 110 45 laid
1071 2385 163 42 down
1281 2395 154 33 more
1484 2385 139 43 than
1679 2394 170 34 seven
1899 2395 164 43 years
2111 2394 99 43 ago
2258 2392 166 33 seems
2464 2384 48 41 to

218 2475 140 42 have
394 2472 264 45 excluded
694 2475 98 42 the
826 2476 361 52 suggestions
1221 2474 57 45 of
1308 2476 101 43 the
1446 2476 309 54 Futurists,
1776 2478 48 41 it
1856 2488 113 31 was
1994 2475 130 55 only
2147 2475 124 43 that
2291 2484 78 33 we
2389 2483 123 34 were

218 2565 205 45 unable
459 2568 58 40 to
553 2566 165 44 allow
751 2566 291 45 ourselves
1075 2569 58 42 to
1226 2568 133 44 take
1395 2570 167 42 sides.
1656 2569 173 53 Party
1861 2568 223 54 politics
2117 2579 93 32 are
2236 2574 276 45 necessary,

215 2657 105 43 but
355 2667 83 32 we
475 2658 212 42 needed
726 2659 100 42 not
860 2659 60 42 to
957 2658 162 43 make
1155 2669 99 33 use
1289 2657 58 45 of
1380 2660 180 45 them.

315 2748 317 52 Marinetti,
666 2748 234 57 digging
930 2749 328 57 frantically
1289 2753 99 52 yet
1421 2754 148 42 most
1601 2752 273 54 gallantly
1907 2751 136 44 with
2081 2751 83 44 his
2186 2751 178 52 spade,
2385 2747 127 43 must

212 2838 169 55 impel
418 2841 193 43 others
646 2841 62 42 to
743 2841 101 43 the
879 2852 153 32 same
1066 2839 150 47 task.
1251 2842 78 43 He
1363 2843 169 43 turns
1565 2843 236 54 sapping
1823 2843 123 43 Into
1969 2855 30 31 a
2021 2839 117 47 fine
2170 2842 105 43 art.
2307 2837 205 52 Talking

216 2931 47 43 is
296 2931 226 43 thrown
573 2942 155 44 away
779 2941 70 33 on
886 2942 29 32 a
952 2942 127 33 man
1131 2935 265 52 occupied
1447 2933 141 44 with
1625 2945 31 33 a
1688 2935 169 52 spade
1907 2935 108 42 and
2063 2933 99 44 the
2209 2930 121 45 soil.
2357 2926 152 46 Stand

211 3034 240 41 away,...
485 3033 65 33 or
582 3022 133 45 take
752 3034 73 41 up
859 3035 30 32 a
926 3022 130 53 pick
1087 3026 108 42 and
1232 3024 129 44 lend
1397 3038 30 30 a
1463 3026 169 43 hand.

1065 3152 444 48 EPILOGUE.

221 3279 32 43 I
300 3280 67 42 'm
405 3280 87 42 bit
524 3278 57 45 of
614 3292 29 31 a
680 3279 440 58 Revolutionary
1155 3283 221 54 myself.
1410 3284 108 43 Not
1551 3287 60 41 to
1658 3287 66 41 be
1775 3287 57 41 in
1881 3285 98 43 the
2027 3284 235 50 fashion,
2295 3281 18 44 1
2347 3274 159 48 revolt

263 3372 225 52 against
522 3370 219 50 Revolt.

212 3467 68 37 &
314 3461 19 43 I
370 3462 217 46 believe
623 3464 17 44 1
675 3467 155 42 want
863 3466 194 52 Order,
1091 3468 106 43 and
1235 3468 312 45 Obedience
1580 3471 60 43 to
1677 3471 65 43 be
1777 3482 60 33 as
1872 3468 224 47 natural
2129 3480 58 33 as
2219 3466 154 45 chaos
2412 3457 90 47 and

211 3548 324 59 disloyalty.
