2690 4008
213 372 176 71 ON
427 359 761 86 FUTURISMO
1257 355 263 71 AND
1595 352 238 69 THE
1901 352 586 93 THEATRE.

211 496 244 69 Some
504 491 262 70 Notes

835 488 117 87 by
1015 479 360 72 Gordon
1457 474 290 89 Craig.

211 672 155 64 '"phe
402 670 282 44 Futurists
719 676 127 33 care
874 665 98 42 not
1002 675 32 30 a
1077 662 87 53 jot
1195 661 154 42 what
1382 668 84 32 we
1500 654 168 45 think
1707 652 56 44 of
1795 652 155 43 their
1984 656 281 49 proposals
2297 663 196 51 ....Good

300 764 252 42 then:....
587 759 80 41 let
700 769 65 31 us
798 757 61 42 to
894 756 98 41 the
1027 753 182 53 point.

210 861 66 37 &
309 854 109 42 The
456 849 256 44 Futurist
743 846 259 52 Theatre,
1037 855 61 32 as
1131 841 207 55 proved
1392 841 70 53 by
1509 840 203 51 Signor
1745 834 341 45 Marinetti's
2138 837 293 64 manifesto,
2462 853 10 40 i
2478 865 20 32 s

211 945 95 42 the
341 941 224 53 Variety
599 940 166 52 Stage
800 935 56 46 of
891 936 202 55 Today,
1126 931 235 56 slightly
1395 930 241 44 altered.

309 1030 193 46 Before
538 1033 167 51 going
737 1027 227 45 further
997 1027 80 44 let
1112 1037 85 31 me
1232 1024 221 43 correct
1485 1034 30 31 a
1550 1019 242 55 possible
1828 1019 526 53 misapprehension.

309 1126 88 53 My
430 1124 224 42 readers
689 1123 106 42 and
833 1132 89 42 my
954 1118 287 43 followers
1274 1114 167 54 judge
1479 1123 86 33 me
1598 1114 60 41 to
1693 1113 66 42 be
1796 1122 31 32 a
1860 1109 219 45 serious
2128 1123 120 32 man
2283 1117 124 43 with
2439 1123 59 43 all

212 1226 89 42 my
333 1215 351 43 seriousness
718 1209 300 46 awakened
1054 1207 167 44 when
1255 1204 272 55 speaking
1561 1202 55 43 of
1648 1203 99 43 the
1781 1201 264 53 Theatre,
2078 1212 62 32 or
2173 1206 214 53 writing
2429 1208 73 48 for

214 1317 63 32 or
310 1307 55 41 in
400 1306 99 42 the
534 1302 256 45 Theatre.

212 1409 66 35 &
314 1400 56 41 In
407 1397 125 44 that
564 1397 135 51 they
732 1405 94 33 are
861 1392 173 54 right.
1072 1392 18 42 I
1127 1390 108 44 live
1269 1390 98 43 the
1401 1388 262 51 Theatre,
1697 1386 108 44 and
1844 1386 18 42 I
1896 1386 244 51 worship
2190 1387 63 46 it.
2300 1388 96 46 For
2435 1406 69 33 me

216 1502 70 33 no
319 1489 238 53 religion
593 1485 162 46 could
790 1486 65 42 be
891 1485 200 42 dearer
1124 1484 107 42 and
1268 1482 18 42 1
1322 1494 87 29 am
1446 1480 311 44 concerned
1790 1479 138 43 with
1966 1479 238 52 nothing
2236 1479 121 47 else.

313 1582 19 41 I
367 1579 181 44 would
585 1579 137 43 have
757 1575 73 45 all
865 1576 98 44 the
1000 1575 208 43 Artists
1244 1570 56 47 of
1331 1573 98 43 the
1463 1571 240 44 Theatre
1738 1570 204 52 sitting
1978 1569 186 43 beside
2199 1570 91 43 the
2313 1573 192 58 Saints;

216 1674 102 42 but
350 1684 29 31 a
412 1670 197 53 saving
643 1679 164 33 sense
844 1665 56 45 of
934 1667 244 43 humour
1208 1664 250 43 reminds
1495 1673 85 32 me
1615 1663 128 40 that
1775 1662 186 43 Saints
1997 1672 58 30 as
2089 1672 82 31 we
2206 1662 131 44 have
2363 1664 142 48 heard

216 1763 57 45 of
306 1764 153 44 them
494 1773 94 33 are
623 1762 205 51 beings
853 1759 123 44 who
1000 1757 212 44 seldom
1237 1767 94 32 are
1359 1756 203 41 known
1588 1757 60 40 to
1673 1756 65 40 be
1764 1753 475 53 good=mannered
2262 1759 245 51 enough...

218 1858 205 42 human
459 1865 65 31 or
555 1851 270 44 saintlike
863 1850 283 52 enough...
1179 1850 58 40 to
1272 1848 110 42 rise
1419 1848 104 41 and
1564 1844 161 44 make
1776 1856 122 42 way
1946 1843 88 43 for
2082 1856 67 30 an
2200 1848 307 52 exceptional

216 1950 158 40 actor
407 1956 63 33 or
502 1946 255 43 sinner...
793 1952 90 42 no,
921 1950 103 33 nor
1058 1950 70 32 an
1164 1940 265 52 ordinary
1461 1947 126 35 one.

225 2046 56 36 &
318 2037 75 54 By
427 2048 69 31 an
531 2035 263 53 ordinary
830 2044 105 32 one
963 2034 17 40 1
1007 2041 162 33 mean
1193 2041 30 31 a
1621 2039 166 34 one...
1811 2040 31 30 a
1877 2026 392 44 conventional
2291 2030 218 46 sinner...

216 2142 32 30 a
280 2129 195 43 sinner
508 2126 125 44 who
668 2124 226 53 appeals
929 2124 59 40 to
1024 2133 104 31 our
1164 2119 188 44 native
1387 2120 330 43 sentiment.

216 2231 66 36 &
315 2218 120 44 And
470 2228 60 32 as
564 2215 71 45 all
670 2217 97 41 the
802 2215 153 42 seats
991 2214 56 41 in
1084 2214 97 43 the
1218 2213 155 40 dress
1408 2209 166 44 circle
1608 2220 150 33 seem
1792 2209 231 55 packed,
2048 2210 105 43 and
2197 2222 66 31 no
2299 2211 211 54 opening

215 2313 269 52 promises
516 2308 88 44 for
638 2319 30 32 a
701 2308 219 51 sinner,
953 2307 123 42 how
1112 2305 86 44 far
1232 2305 107 44 less
1374 2303 169 53 likely
1578 2303 47 43 is
1660 2304 45 41 it
1738 2303 129 43 that
1900 2314 69 32 an
2029 2302 276 44 unknown
2359 2302 152 45 Artist

216 2402 56 44 of
306 2403 94 42 the
435 2402 236 42 Theatre
708 2398 161 43 could
905 2408 132 33 ever
1068 2396 121 44 find
1225 2408 30 32 a
1289 2396 155 53 place
1479 2396 163 43 there
1665 2396 13 42 I

314 2493 71 42 So
422 2492 16 42 I
473 2492 101 51 put
609 2491 100 42 out
745 2486 55 45 of
835 2500 89 43 my
959 2487 151 43 mind
1147 2488 95 42 the
1278 2486 112 54 old,
1427 2497 63 32 or
1523 2486 216 51 rather,
1787 2496 191 43 young
2023 2482 182 58 fancy,
2251 2486 127 42 born
2411 2486 49 42 at
2490 2496 24 32 a

218 2585 139 43 time
392 2584 163 41 when
591 2592 105 33 one
732 2582 44 43 is
812 2581 199 55 lightly
1046 2582 236 51 turning
1315 2582 58 40 to
1408 2578 274 53 thoughts
1728 2576 55 46 of
1833 2577 140 51 love,
2025 2577 128 43 that
2200 2589 104 42 any
2350 2576 51 43 of
2444 2587 72 42 my

221 2676 202 54 calling
456 2674 112 44 will
605 2685 132 33 ever
770 2675 164 42 enter
967 2674 99 42 the
1100 2671 206 45 realms
1339 2670 56 44 of
1430 2672 245 42 Heaven.

219 2777 66 36 &
318 2766 74 45 To
427 2768 66 42 be
527 2766 301 54 anywhere
865 2765 103 43 but
1001 2765 57 42 in
1093 2764 96 42 the
1225 2761 156 45 front
1415 2774 117 32 row
1568 2761 55 45 of
1649 2764 223 42 Heaven
1900 2761 47 45 is
1971 2766 99 40 out
2095 2760 54 46 of
2172 2761 93 44 the
2290 2760 226 53 question

216 2871 61 33 so
311 2857 88 45 far
431 2868 60 32 as
526 2869 89 42 my
648 2855 218 44 friends
901 2866 95 33 are
1032 2855 332 44 concerned.
1401 2855 19 41 I
1457 2853 159 44 don't
1653 2853 165 44 know
1855 2867 30 30 a
1922 2864 124 33 man
2088 2853 250 53 amongst
2387 2852 129 43 them

220 2949 125 44 who
378 2946 184 45 would
600 2948 66 42 be
700 2947 238 43 content
973 2946 210 53 merely
1218 2948 59 41 to
1312 2957 162 43 carry
1507 2958 30 31 a
1574 2947 235 43 banner.

322 3041 99 43 No.
456 3037 47 44 If
534 3037 247 44 frescoes
814 3038 154 42 show
1005 3048 63 33 us
1101 3037 98 43 the
1234 3036 144 44 elect
1411 3036 74 44 all
1519 3039 60 41 to
1615 3038 97 42 the
1767 3036 142 52 fore,
1959 3038 106 42 and
2116 3036 114 44 also
2279 3034 142 45 show
2469 3041 50 33 us

225 3132 125 42 that
381 3131 198 49 Dante,
615 3130 265 54 Raphael,
912 3131 323 43 Beethoven
1272 3130 106 42 and
1416 3127 174 56 Virgil
1627 3131 107 41 and
1772 3130 166 43 other
1971 3128 196 45 artists
2211 3139 91 33 are
2349 3123 50 46 of
2440 3123 81 42 the

224 3221 145 45 elect
403 3222 107 42 and
544 3233 96 33 are
673 3222 166 52 given
877 3222 340 52 precedence
1254 3231 133 33 over
1421 3231 166 42 many
1637 3231 70 32 an
1761 3221 284 43 unknown
2081 3221 160 53 great
2271 3217 99 45 and
2403 3211 118 56 good

225 3324 147 38 man,
405 3325 82 32 we
521 3313 56 44 of
610 3315 96 42 the
741 3313 166 55 lowly
941 3313 243 44 Theatre
1240 3315 90 42 art
1380 3314 108 42 and
1541 3313 145 44 craft
1738 3325 146 33 were
1937 3315 123 43 best
2111 3311 99 46 left
2260 3310 94 43 out
2398 3304 48 45 of
2488 3302 36 42 it

223 3401 379 55 altogether...
638 3405 108 43 and
783 3403 89 45 for
910 3404 73 44 all
1019 3405 160 43 time.

224 3501 66 36 &
323 3495 94 42 We
451 3494 112 43 will
600 3498 186 42 create
823 3508 31 31 a
892 3498 220 42 Heaven
1154 3507 148 42 upon
1339 3497 162 44 earth
1537 3497 89 44 for
1662 3498 368 55 ourselves,...
2064 3498 125 43 that
2236 3495 44 44 it
2331 3499 110 43 may
2472 3487 52 41 be

229 3584 293 45 shareable
557 3587 108 43 and
699 3587 207 44 shared
944 3589 69 53 by
1048 3587 71 44 all
1156 3589 254 52 people...
1447 3600 140 33 even
1621 3591 98 44 the
1754 3592 165 43 elect.
