2690 4008
953 341 338 54 LETTERS
1330 341 95 48 TO
1466 342 154 48 THE
1650 343 310 59 EDITOR.

280 338 104 54 258

281 454 318 42 movement
633 464 112 33 was
783 464 70 32 no
888 452 199 54 longer
1123 454 232 53 needed,
1390 454 99 43 the
1523 456 93 41 art
1649 466 63 32 or
1763 456 99 45 the
1909 470 229 37 essence
2187 468 55 44 of
2289 485 284 59 movement

280 541 184 45 would
501 544 65 42 be
601 555 71 32 no
708 544 200 53 longer
944 543 276 48 needed...
1255 545 100 45 the
1390 543 96 45 life
1523 544 56 46 of
1611 548 98 44 the
1744 549 174 44 world
1954 555 181 43 would
2171 564 126 42 end.

381 635 75 54 By
507 637 319 43 Movement
879 637 19 41 I
950 638 188 43 stated
1199 639 126 43 that
1380 640 20 42 I
1447 640 226 43 neither
1731 644 192 41 meant
1980 645 96 42 the
2133 650 167 49 dance
2354 672 94 36 nor
2495 677 77 47 the

277 728 361 52 pantomime,
673 729 102 43 but
807 729 322 55 something
1161 729 88 46 far
1284 742 157 33 more
1485 730 338 56 wonderful,
1871 733 88 44 far
2009 748 152 35 more
2214 751 309 56 mysterious

277 818 56 41 in
367 816 116 45 fact
516 821 320 53 something
872 822 208 56 divine,
1115 823 273 55 loveable,
1421 823 394 54 worshipful...
1849 828 108 42 and
1994 830 518 67 incomprehensible

376 910 21 41 1
433 911 173 52 urged
644 912 94 42 the
775 911 207 56 Family
1016 912 58 45 of
1105 917 188 42 actors
1328 918 59 41 to
1421 917 138 43 turn
1595 917 75 42 its
1706 917 276 55 thoughts
2017 921 57 43 in
2109 925 96 43 the
2241 930 254 58 direction
2525 951 43 45 of

273 1000 339 56 Movement,
643 1002 48 43 it
728 1004 168 53 being
931 1005 151 43 their
1126 1006 377 55 Inheritance,
1556 1010 155 42 their
1761 1010 191 44 lawful
2013 1025 190 36 means
2252 1023 55 41 of
2352 1038 214 58 creating

276 1091 99 42 the
409 1094 146 40 most
591 1092 217 46 blessed
849 1098 91 40 art
974 1096 56 42 in
1066 1096 98 45 the
1198 1098 199 45 world.

378 1183 106 43 But
516 1184 98 43 the
649 1185 209 55 Family
893 1186 57 44 of
982 1188 202 44 Actors
1217 1189 48 43 Is
1302 1203 173 32 never
1519 1193 56 42 in
1612 1204 30 31 a
1678 1194 258 53 hurry....

371 1275 174 45 When
579 1277 47 41 it
658 1279 217 42 started
915 1282 101 39 out
1052 1291 71 33 on
1161 1282 136 44 its...
1331 1284 155 42 what
1521 1283 143 44 shall
1701 1297 84 32 we
1819 1285 110 45 call
1987 1288 152 47 1t?...
2191 1292 78 44 let
2302 1308 61 33 us
2413 1305 89 44 call
2529 1312 33 45 it

272 1365 285 45 Mission...
593 1368 45 42 it
672 1369 306 51 proceeded
1014 1373 60 42 to
1109 1373 184 45 divide
1331 1374 75 44 its
1441 1373 182 46 forces
1659 1377 122 43 into
1818 1379 115 42 two
1970 1391 183 43 camps
2176 1393 14 41 ;
2224 1396 100 34 one
2364 1391 195 54 division

273 1466 113 32 was
419 1457 97 42 the
550 1459 244 45 advance
830 1463 176 51 guard
1044 1465 107 41 and
1188 1476 112 32 was
1333 1468 59 41 to
1427 1466 170 54 laugh
1632 1470 111 42 and
1777 1468 112 54 jest
1924 1471 96 43 the
2055 1473 174 45 world
2265 1479 114 45 into
2401 1494 28 32 a
2449 1495 107 43 good

272 1547 236 52 temper.
543 1547 111 46 The
689 1553 203 42 second
927 1555 240 44 division
1203 1569 114 31 was
1350 1560 60 40 to
1444 1561 221 42 remind
1701 1561 99 45 the
1836 1562 175 45 world
2050 1565 56 43 of
2140 1566 94 43 the
2271 1571 186 57 beauty
2477 1584 77 42 and

270 1636 100 44 the
405 1640 238 54 divinity
677 1641 56 43 of
770 1655 149 34 men.

271 1738 67 36 &
370 1731 150 43 Thus
553 1734 114 43 this
703 1735 210 56 Family
948 1739 98 43 has
1080 1743 220 52 spread,
1334 1744 108 42 and
1477 1754 285 41 possesses
1810 1748 114 43 two
1959 1748 224 57 realms,
2222 1753 92 46 the
2360 1755 192 55 Theatre

271 1823 104 43 and
412 1825 99 42 the
545 1826 175 44 Music
757 1828 52 45 Ha
809 1828 132 45 11...
977 1832 135 43 both
1147 1833 121 43 rich
1305 1837 337 52 properties.

270 1923 67 36 &
371 1915 107 44 But
512 1928 123 33 now
668 1922 242 42 another
944 1920 213 56 Family
1190 1926 298 52 proclaims
1523 1941 117 32 war
1677 1942 148 41 upon
1861 1933 128 45 that
2025 1933 118 46 half
2176 1936 56 45 of
2265 1951 84 43 my
2380 1941 168 62 Family

268 2006 181 44 which
485 2007 191 46 dwells
710 2011 56 42 in
800 2012 100 42 the
934 2013 176 43 Music
1145 2014 141 45 Hall.

271 2106 66 35 &
367 2097 111 43 The
511 2100 174 43 Music
719 2101 121 44 Hall
878 2105 184 43 actors
1096 2116 96 33 are
1227 2108 266 45 attacked
1528 2108 90 46 for
1662 2114 307 55 indecency
2018 2117 72 55 by
2140 2120 97 43 the
2290 2122 191 49 Church
2509 2129 36 44 of

270 2187 301 55 England's
606 2190 210 58 clergy.

265 2288 67 35 &
366 2281 127 43 War
529 2294 99 32 can
667 2285 66 42 be
767 2286 192 52 waged
996 2285 145 47 from
1176 2291 144 51 good
1354 2303 60 33 as
1448 2293 126 44 well
1598 2307 61 33 as
1684 2296 105 45 bad
1825 2300 261 56 motives,
2121 2305 108 42 and
2255 2305 53 43 in
2333 2307 99 45 this
2453 2321 87 33 case

266 2375 96 41 the
399 2376 207 42 motive
640 2376 46 42 is
723 2379 157 51 quite
917 2381 163 50 good.

366 2464 188 43 But-it
587 2467 46 41 is
666 2465 187 57 silly...
889 2472 455 58 unconsciously.

268 2562 65 35 &
365 2554 112 45 The
511 2557 165 53 thing
708 2561 221 52 against
962 2562 180 44 which
1179 2566 98 43 the
1311 2566 190 58 clergy
1533 2582 98 33 are
1667 2573 224 56 waging
1916 2587 116 33 war
2054 2577 48 45 Is
2126 2578 115 45 also
2274 2581 264 54 something

265 2644 184 56 silly...
485 2649 351 56 consciously
872 2663 83 35 so.

364 2738 146 44 Thus
546 2751 79 31 we
662 2741 137 43 have
836 2745 55 40 in
929 2756 29 31 a
992 2756 135 34 sane
1161 2747 128 45 land
1326 2751 57 42 in
1419 2752 98 45 the
1550 2755 305 47 twentieth
1913 2762 237 56 century
2183 2764 94 43 the
2310 2762 223 55 spectacle

262 2827 55 45 of
350 2840 31 33 a
414 2831 215 42 serious
665 2832 105 44 and
806 2836 176 51 grand
1021 2836 207 57 calling
1263 2842 225 55 waging
1521 2856 30 32 a
1585 2845 131 57 silly
1749 2862 118 31 war
1903 2863 147 42 upon
2102 2854 95 43 the
2246 2854 119 56 silly
2407 2854 130 55 phase

266 2919 54 44 of
352 2931 32 33 a
417 2924 161 51 great
611 2925 111 43 art.

361 3011 112 45 The
512 3013 168 44 Actor
713 3015 47 43 Is
797 3018 134 43 both
968 3019 187 46 Priest
1187 3025 106 41 and
1344 3027 166 57 Zany,
1560 3030 98 45 the
1707 3033 115 44 two
1874 3038 282 45 extremes
2205 3038 56 46 of
2307 3034 231 49 mankind.

262 3104 46 41 It
342 3104 44 43 is
418 3104 95 45 the
546 3105 145 55 Zany
727 3109 181 43 whom
945 3112 97 43 the
1076 3112 188 57 clergy
1298 3117 140 46 have
1472 3123 235 54 stooped
1743 3127 61 42 to
1839 3128 220 49 httack.

259 3202 68 37 0
361 3197 131 43 Now
527 3210 105 33 one
666 3199 164 56 thing
863 3202 132 57 only
1029 3206 18 43 1
1082 3207 140 46 have
1255 3211 60 42 to
1349 3222 116 46 say,
1500 3216 108 43 and
1644 3217 137 45 then
1819 3221 19 42 1
1876 3221 128 44 hold
2044 3235 87 42 my
2167 3235 177 43 peace.

361 3287 50 43 It
444 3288 45 43 is
525 3290 136 45 this.

258 3386 67 37 &
364 3380 171 45 When
569 3394 70 31 an
675 3387 89 42 art
802 3387 138 45 born
976 3401 58 33 as
1070 3403 30 31 a
1136 3391 246 60 blessing
1415 3394 111 50 for
1552 3397 104 50 the
1691 3401 238 64 People
1964 3410 153 54 gives
2153 3409 146 44 birth
2322 3410 52 42 to
2394 3418 27 32 a
2440 3410 94 38 race

261 3469 56 44 of
348 3474 195 44 artists
578 3475 226 58 longing
839 3481 61 43 to
935 3481 213 56 delight
1181 3486 100 45 the
1317 3488 201 56 People
1552 3495 107 43 and
1696 3498 59 43 to
1792 3499 164 56 bring
1990 3503 295 55 happiness
2316 3502 54 42 to
2398 3497 135 45 them,

258 3561 106 42 and
400 3564 112 44 this
549 3578 126 34 race
710 3568 56 45 of
799 3571 201 47 artists
1034 3578 259 49 provides
1326 3583 195 44 sacred
1556 3585 194 58 things
1799 3589 91 47 for
1937 3594 99 45 the
2086 3593 195 55 People
2327 3589 93 47 and
2459 3582 72 59 yet
