2690 4008
168 376 1021 81 PLAINSONG:
1268 376 52 84 A
1372 376 206 84 Note

1725 397 116 88 by

859 568 68 43 do
962 572 98 41 not
1092 572 164 43 think
1289 586 105 43 any
1427 580 262 49 reproach
1724 580 45 43 is
1804 592 151 33 more
1991 583 259 45 deserved
2301 586 134 43 than

858 657 125 45 that
1016 660 17 42 I
1069 663 149 42 must
1251 665 160 52 begin
1446 666 154 44 with.

858 756 65 36 &
976 750 131 44 How
1160 754 157 43 could
1371 766 126 42 you,
1552 757 223 54 Artists,
1828 760 145 46 after
2024 764 249 54 creating
2326 768 104 41 and

857 834 283 59 faithfully
1174 845 272 53 guarding
1479 848 151 50 right
1662 850 158 42 down
1868 851 241 55 through
2157 856 97 42 the
2303 867 129 42 ages

856 928 95 40 the
988 931 143 41 most
1164 933 230 43 delicate
1430 934 55 43 of
1519 936 267 45 beautiful
1820 940 246 55 things...
2099 945 121 42 how
2270 947 158 43 could

856 1028 105 42 you
999 1018 154 47 leave
1187 1024 44 41 it
1263 1023 88 44 for
1381 1027 96 42 the
1526 1027 109 44 last
1687 1033 110 39 two
1846 1032 247 44 hundred
2143 1038 103 41 and
2301 1034 128 57 fifty

852 1122 160 43 years
1060 1113 58 41 to
1167 1114 95 42 the
1310 1126 122 30 care
1482 1116 54 41 of
1583 1117 391 51 paterfamilias
1995 1122 28 43 ?
2070 1124 111 42 You
2232 1127 192 43 should

856 1215 167 31 never
1058 1206 66 42 do
1159 1203 131 45 this.
1325 1206 49 39 It
1407 1206 44 42 is
1487 1208 96 42 not
1618 1208 80 42 his
1732 1210 169 50 place,
1934 1213 134 51 good
2105 1225 126 43 easy
2282 1227 142 35 man.

149 1292 74 41 He
257 1290 187 45 knows
478 1292 66 51 it,
579 1296 104 41 and
721 1296 43 42 is
798 1295 210 53 willing
1060 1298 58 40 to
1172 1293 184 45 follow
1388 1307 124 42 you.
1549 1298 107 42 But
1687 1297 219 55 always,
1954 1302 193 43 should
2195 1316 105 41 you
2353 1306 70 43 lie

146 1382 153 41 down
337 1382 68 52 by
435 1382 97 43 the
566 1385 255 53 wayside,
853 1385 128 53 (and
1019 1386 44 42 it
1097 1386 44 42 is
1174 1385 174 53 tiring
1381 1385 173 53 work)
1592 1389 128 40 does
1753 1389 68 41 he
1853 1387 94 45 fall
1982 1403 65 30 an
2085 1404 124 43 easy
2232 1395 187 44 victim

144 1472 56 40 to
232 1469 95 43 the
358 1469 131 44 first
519 1472 122 44 who
678 1475 172 42 meets
882 1475 112 42 him
1028 1474 135 43 with
1200 1475 226 43 obvious
1460 1476 99 41 aad
1595 1475 111 52 glib
1741 1477 204 45 advice.
1981 1481 161 43 What
2176 1484 110 43 else
2321 1498 99 32 can

144 1557 64 42 he
242 1557 87 54 do,
363 1559 164 53 being
560 1561 277 55 naturally
871 1563 263 52 ignorant
1167 1559 56 45 of
1254 1564 348 42 art-matters
1624 1563 27 41 ?

242 1649 43 41 It
318 1649 44 41 is
396 1659 60 33 so
489 1649 129 53 long
652 1663 99 42 ago
786 1653 125 42 that
942 1663 105 42 you
1087 1651 136 44 have
1256 1649 283 55 forgotten
1573 1651 69 44 all
1676 1655 169 42 about
1877 1655 63 45 It.
1976 1659 16 41 I
2029 1660 108 42 will
2171 1663 96 42 tell
2291 1676 125 40 you.

142 1743 61 35 &
237 1735 296 56 Plainsong
563 1739 46 43 is
643 1740 98 42 the
777 1739 184 45 oldest
994 1739 174 43 music
1202 1742 54 39 in
1290 1740 98 42 the
1421 1740 189 45 world.
1646 1743 47 42 It
1724 1743 46 43 is
1803 1744 91 43 the
1931 1748 144 42 basis
2123 1748 56 43 of
2226 1752 70 42 all
2331 1766 57 30 ec-

141 1824 323 46 clesiastical
500 1839 154 44 song.
688 1831 110 41 You
835 1829 111 45 will
981 1833 99 39 not
1115 1831 132 41 hear
1280 1831 44 41 it
1356 1829 206 52 spoken
1596 1831 56 43 of
1684 1836 55 40 at
1771 1836 95 42 the
1902 1837 163 53 Royal
2098 1839 210 55 College
2353 1856 63 30 or

141 1912 268 58 Academy
442 1928 63 32 or
538 1918 276 45 Guildhall
847 1919 193 45 School
1075 1919 54 44 of
1160 1922 190 43 Music.
1402 1919 109 45 The
1560 1921 214 56 College
1823 1923 56 45 of
1925 1927 283 52 Organists
2258 1932 155 43 could

142 2008 96 38 not
271 2006 97 43 tell
397 2020 106 40 you
538 2020 133 33 even
708 2010 96 42 the
839 2012 257 51 meaning
1144 2011 56 43 of
1251 2013 95 42 the
1398 2016 168 41 word.
1615 2013 109 45 The
1776 2017 171 42 bench
2002 2019 55 41 of
2109 2021 224 52 Bishops
2366 2024 45 44 Is

139 2095 263 54 urbanely
435 2096 122 43 deaf
589 2099 58 41 to
679 2099 97 41 the
809 2099 148 43 voice
981 2097 56 45 of
1058 2100 95 42 the
1177 2101 263 43 Church's
1463 2104 142 52 Song
1638 2105 189 52 crying
1859 2107 53 40 in
1947 2107 95 42 the
2075 2109 334 48 wilderness.

138 2181 108 43 The
279 2185 157 49 great
468 2185 254 51 spiritual
757 2186 279 45 nurseries
1080 2186 56 45 of
1183 2187 195 45 Oxford
1413 2192 103 41 and
1550 2192 318 54 Cambridge
1901 2196 171 51 reject
2107 2199 41 40 it
2184 2200 224 55 utterly.

135 2269 111 44 The
282 2273 318 43 Cathedrals
636 2275 134 42 have
802 2273 282 54 forgotten
1120 2278 72 41 its
1225 2278 294 44 existence.
1555 2281 139 41 Born
1731 2284 57 39 at
1821 2283 94 43 the
1940 2283 172 53 Altar,
2136 2288 96 42 the
2256 2288 154 45 Altar

134 2358 191 53 to-day
360 2359 190 43 knows
583 2361 45 42 it
660 2363 114 42 not.

135 2452 65 34 &
233 2446 141 41 John
407 2448 309 53 Marbecke,
750 2452 55 40 in
839 2452 94 43 the
969 2453 199 43 middle
1202 2453 54 43 of
1287 2455 96 41 the
1417 2454 118 45 16th
1572 2458 256 55 Century,
1882 2472 108 32 was
2040 2463 93 42 the
2188 2463 106 44 last
2347 2468 58 42 to

132 2543 252 41 compose
420 2535 62 45 It.

232 2622 108 43 The
373 2626 262 43 essential
669 2629 151 51 parts
853 2627 57 44 of
941 2640 101 33 our
1066 2629 221 54 English
1315 2632 214 44 Church
1554 2636 225 54 Liturgy
1799 2637 159 55 (such
1981 2651 58 32 as
2062 2642 93 42 the
2180 2642 225 56 Psalms,

135 2709 177 55 Kyrie,
349 2713 190 54 Creed,
571 2716 252 52 Sanctus,
858 2717 186 55 Agnus
1078 2721 117 52 Del,
1228 2721 223 54 Gloria,)
1483 2723 190 44 should
1710 2725 198 56 always
1944 2730 65 42 be
2058 2731 233 43 chanted
2344 2736 58 41 to

128 2802 62 51 it,
224 2802 97 42 the
355 2802 128 53 only
515 2805 238 50 possible
786 2807 330 45 alternative
1150 2811 162 51 being
1342 2811 97 42 the
1473 2814 173 43 music
1679 2815 229 54 directly
1941 2819 240 53 inspired
2237 2822 69 54 by
2339 2824 65 52 it,

124 2891 133 43 such
296 2902 58 33 as
386 2892 125 43 that
544 2891 58 44 of
633 2894 183 53 Tallls,
850 2896 159 53 Byrd,
1042 2899 104 40 and
1182 2899 255 45 Gibbons,
1472 2899 71 58 (i)

123 2989 65 35 &
222 2982 237 42 Artists!
494 2984 95 42 the
623 2984 255 52 priceless
911 2986 190 54 things
1134 2988 293 43 enshrined
1463 2991 53 42 in
1552 2991 95 44 the
1681 2993 212 44 Church
1930 3007 93 33 are
2057 3000 189 51 crying
2302 3001 99 41 out

122 3066 87 46 for
242 3071 95 44 the
374 3074 136 41 need
548 3071 55 45 of
633 3085 127 42 you.
793 3074 111 43 The
938 3075 114 43 dull
1087 3076 336 54 complacent
1455 3081 290 44 standards
1779 3081 56 45 of
1866 3084 94 43 the
2009 3087 241 44 well-fed
2301 3090 66 41 bu-

119 3162 178 41 siness
330 3172 146 39 man,
509 3164 104 39 and
650 3163 95 42 the
779 3174 131 32 sour
943 3164 193 43 hatred
1186 3163 56 45 of
1291 3167 94 43 the
1433 3169 301 51 puritan....
1784 3173 99 43 but
1930 3174 324 57 principally
2300 3181 96 41 the

115 3245 268 49 former...
420 3250 136 44 have
590 3249 108 43 laid
734 3263 30 29 a
798 3253 262 52 crushing
1092 3252 120 44 load
1248 3266 69 30 on
1350 3255 95 44 the
1480 3257 235 47 Church.

213 3341 112 41 You
362 3338 160 43 alone
556 3351 98 31 can
688 3339 116 45 free
849 3343 61 42 it.

115 3438 65 36 &
214 3428 207 43 Artists
443 3432 11 39 !
491 3441 151 33 come
678 3431 134 43 back
845 3433 59 41 to
941 3435 94 41 us!
1069 3436 93 42 We
1196 3438 202 41 cannot
1432 3438 66 42 do
1532 3440 235 44 without
1798 3454 127 42 you.
1958 3446 94 42 We
2101 3449 152 40 want
2301 3447 94 45 the

112 3530 47 44 (1)
187 3531 10 33 I
223 3531 116 34 would
369 3533 57 33 not
458 3533 104 42 reject
585 3544 69 31 any
679 3535 110 34 music
813 3536 34 33 of
870 3536 108 43 today
1002 3546 42 24 on
1075 3537 56 34 the
1156 3538 94 42 right
1273 3540 100 42 lines,
1402 3540 61 35 but
1489 3541 11 34 1
1524 3541 107 36 know
1656 3545 35 33 of
1716 3546 126 44 hardly
1867 3556 87 32 any.
