2690 4008
270 357 155 69 ON
465 352 554 84 LEARNING
1052 350 384 71 MAGIC.
1471 352 66 66 A
1575 350 427 89 Dialogue
2035 373 262 76 many
2327 365 224 84 times

265 482 437 89 repeated,
752 477 181 71 and
976 477 213 66 here
1240 474 452 69 recorded

1723 474 118 88 by
1884 475 528 79 Yoo-no-hoo.

256 672 66 34 ug>
359 656 207 61 Pupil.
601 668 64 34 £7
702 662 17 39 I
757 662 150 39 want
941 660 58 40 to
1035 658 115 52 join
1186 668 142 43 your
1363 655 199 43 School
1609 655 105 42 and
1765 656 60 41 to
1877 658 168 52 study
2079 658 95 42 the
2225 659 100 44 Art
2372 665 51 44 of
2466 673 85 44 the

254 753 260 42 Theatre.

273 849 66 37 £7
354 838 253 47 Master.
641 849 65 36 £>
744 843 97 39 Let
877 852 84 32 me
997 842 67 42 do
1101 852 89 42 my
1224 842 126 40 best
1401 842 58 40 to
1510 841 161 50 point
1721 841 101 40 out
1872 841 57 40 to
1980 851 106 42 you
2137 841 96 43 the
2283 844 268 63 hardships

251 933 305 43 connected
593 932 135 42 with
766 932 96 43 the
898 933 167 52 study
1100 931 56 43 of
1189 933 97 40 the
1322 929 124 46 Art.

250 1026 113 42 You
401 1026 136 42 have
571 1025 60 42 to
669 1025 122 51 give
828 1035 70 41 up
933 1035 167 42 every
1134 1023 166 42 other
1333 1023 168 53 study
1535 1023 107 41 and
1680 1020 166 44 think
1881 1022 133 54 only
2047 1021 56 43 of
2135 1023 114 44 this
2282 1037 118 33 one.

250 1117 113 42 You
401 1117 137 42 have
574 1117 56 41 to
668 1126 157 32 serve
861 1126 105 31 one
999 1114 182 54 year's
1215 1115 454 52 apprenticeship
1705 1114 59 40 at
1799 1112 141 44 least

250 1210 113 42 You
402 1210 138 42 have
574 1210 58 41 to
672 1209 161 52 begin
869 1206 142 44 from
1048 1209 96 41 the
1180 1206 327 54 beginning.

249 1302 113 42 You
391 1300 136 42 have
560 1303 60 39 to
655 1310 153 31 come
833 1300 58 41 to
919 1309 87 31 me
1031 1298 266 52 knowing
1322 1297 259 53 nothing,
1624 1297 130 52 and,
1798 1298 153 42 what
1995 1298 46 42 is
2086 1308 172 39 more,
2307 1302 244 59 realizing

248 1394 129 42 that
410 1403 105 45 you
554 1390 163 44 know
754 1392 258 52 nothing.

256 1486 113 40 You
408 1484 135 42 have
579 1484 58 42 to
676 1486 64 40 be
775 1484 270 51 prepared
1082 1484 57 40 to
1176 1481 156 43 work
1366 1483 96 40 ten
1498 1483 59 41 to
1592 1478 202 45 fifteen
1827 1491 164 43 years
2026 1483 58 40 at
2118 1481 95 42 the
2249 1481 117 48 Art.

255 1577 113 41 You
405 1576 137 42 have
576 1577 58 41 to
669 1572 106 46 feel
813 1575 388 42 discontented
1237 1573 136 41 with
1408 1571 254 54 yourself
1695 1573 107 41 and
1840 1575 99 39 not
1972 1572 137 42 with
2147 1584 103 31 me.

254 1669 113 42 You
406 1669 136 40 have
576 1670 60 39 to
672 1667 203 45 realize
912 1667 125 42 that
1073 1664 187 45 before
1293 1678 108 41 you
1440 1676 100 32 can
1596 1667 188 41 create
1819 1676 29 31 a
1886 1665 202 42 Drama
2142 1676 106 41 you
2306 1670 140 41 must
2493 1672 53 45 be

259 1759 121 43 able
415 1760 59 42 to
509 1758 169 52 speak
712 1770 61 31 so
809 1769 57 32 as
902 1760 57 41 to
994 1759 66 42 be
1097 1759 227 42 heard...
1359 1756 147 42 walk
1542 1766 186 33 across
1764 1768 30 30 a
1830 1768 154 30 room
2037 1768 63 30 or
2149 1768 29 30 a
2227 1758 155 52 stage
2428 1760 114 46 with

250 1862 188 33 ease...
475 1850 138 42 have
648 1850 221 42 studied
905 1849 96 42 the
1040 1850 347 41 movements
1421 1846 56 44 of
1512 1848 367 42 marionettes
1902 1844 90 44 for
2018 1858 162 43 many
2212 1858 211 43 years...
2445 1849 97 46 love

254 1943 201 41 nature
490 1943 188 41 better
711 1940 136 42 than
883 1951 143 43 your
1060 1951 122 31 own
1218 1939 162 43 self...
1417 1939 163 42 know
1605 1940 97 41 the
1727 1938 179 44 whole
1932 1938 219 53 history
2177 1937 56 44 of
2254 1939 94 42 the
2373 1940 169 47 Drama

251 2031 144 44 from
432 2033 73 46 its
541 2033 227 42 earliest
804 2034 190 51 days...
1031 2033 202 42 absorb
1284 2032 70 43 all
1406 2033 307 43 theories...
1768 2032 64 42 be
1885 2031 123 43 able
2059 2033 59 42 to
2170 2032 68 43 do
2292 2033 250 45 humblest

248 2125 298 41 services...
583 2123 106 41 and
729 2125 65 40 be
829 2135 70 30 an
937 2123 205 42 honest
1177 2133 146 32 man.

250 2225 65 35 £7
350 2211 210 62 Pupil.
594 2224 64 34 £7
695 2215 99 49 Oh,
830 2216 18 41 I
885 2226 99 31 can
1022 2216 68 41 do
1125 2215 75 42 all
1237 2215 114 42 this
1384 2212 193 55 easily.
1613 2213 18 42 1
1669 2211 123 46 love
1826 2213 99 44 the
1959 2213 129 44 Idea
2121 2225 61 32 so
2235 2215 175 52 much,
2455 2216 85 42 and

631 2279 17 26 /

244 2319 108 42 you
387 2319 94 32 are
517 2307 133 44 such
686 2319 30 30 a
750 2307 310 44 wonderful
1098 2319 149 33 man.

250 2406 65 37 &
349 2396 255 47 Master.
736 2398 141 43 That
912 2400 98 41 has
1045 2399 241 53 nothing
1319 2401 59 42 to
1415 2401 67 41 do
1516 2399 139 43 with
1683 2400 63 50 it,
1772 2400 105 42 and
1905 2399 76 43 all
2006 2400 246 51 depends
2276 2410 138 41 upon
2436 2409 104 43 you.

244 2521 75 16 ....
341 2493 77 42 Do
451 2502 106 43 you
597 2490 162 45 know
794 2492 153 41 what
982 2493 44 42 is
1062 2504 30 29 a
1126 2494 159 50 stage
1319 2494 251 41 rostrum
1592 2492 26 43 ?

260 2592 65 35 £
349 2580 210 60 Pupil.
592 2592 66 34 £7
693 2586 16 39 I
744 2594 239 42 suppose
1018 2586 46 40 it
1097 2584 46 42 is
1178 2597 31 29 a
1243 2586 181 41 raised
1460 2586 185 52 pulpit
1678 2583 55 44 of
1768 2596 152 31 some
1956 2583 156 44 kind.

250 2686 65 34 £7
349 2672 253 47 Master.
639 2683 62 35 £7
736 2677 50 41 It
822 2677 44 41 is
900 2687 30 31 a
965 2677 182 41 raised
1184 2678 158 51 stage
1393 2674 56 46 of
1496 2678 179 50 wood,
1726 2678 293 51 composed
2070 2676 56 44 of
2175 2688 31 32 a
2239 2673 300 55 'collapsible

240 2763 340 46 framework
616 2766 105 43 and
759 2779 31 30 a
825 2766 286 44 moveable
1147 2768 113 51 top.

1043 2856 152 57 (The
1233 2856 240 47 Master
1500 2857 153 46 here
1690 2857 200 47 draws
1924 2870 34 33 a
1989 2856 155 61 plan
2182 2856 75 48 of
2280 2855 160 59 this.)

241 2959 65 36 £7
341 2951 50 42 It
424 2951 46 42 is
507 2951 132 42 used
676 2950 57 43 in
771 2950 230 43 modern
1035 2953 254 42 theatres
1324 2954 59 41 to
1421 2951 151 44 build
1613 2964 68 41 up
1716 2953 96 42 the
1848 2964 165 32 scene
2046 2954 160 42 with.

249 3052 66 35 £7
349 3043 146 43 Thus
529 3045 61 41 at
623 3044 94 42 the
753 3043 85 44 far
872 3045 106 41 end
1013 3043 57 44 of
1102 3057 29 30 a
1166 3043 167 56 flight
1368 3044 56 43 of
1455 3047 154 52 steps
1645 3057 82 30 we
1763 3044 143 44 shall
1953 3044 156 53 place
2145 3057 30 31 a
2210 3047 236 41 rostrum
2492 3050 44 33 so

248 3135 127 42 that
409 3135 44 42 it
489 3147 124 42 may
648 3137 91 42 act
772 3147 58 32 as
866 3148 29 31 a
932 3137 231 53 landing
1196 3137 174 52 place.
1407 3138 77 42 Do
1516 3148 109 45 you
1666 3138 348 43 understand
2036 3137 26 44 ?

1617 3207 69 12 ft

242 3232 65 36 £7
341 3223 210 60 Pupil.
587 3236 66 35 £7
687 3228 100 50 Oh,
819 3238 114 44 yes,
969 3227 56 44 of
1058 3240 218 34 course.

336 3313 253 47 Master.
613 3326 65 36 £7
702 3320 18 40 I
748 3331 85 31 am
862 3318 123 54 glad
1011 3332 106 41 you
1143 3318 118 46 find
1288 3323 127 42 that
1441 3334 130 43 easy
1594 3325 59 40 to
1680 3334 187 42 grasp.
1893 3325 55 42 In
1973 3326 37 24 44
2031 3325 185 44 Julius
2240 3325 177 43 Caesar
2493 3316 44 43 at

249 3410 94 40 His
367 3409 284 55 Majesty's
678 3412 260 54 Theatre,
963 3425 62 32 or
1049 3415 54 42 in
1131 3416 33 23 44
1436 3416 60 42 at
1518 3416 99 45 the
1645 3419 255 52 Lyceum,
1925 3430 64 32 or
2013 3420 56 42 in
2094 3420 34 25 44
2149 3419 341 43 Tannhauser

246 3501 59 40 at
339 3500 279 55 Bayreuth
656 3515 164 43 many
852 3508 133 40 such
1022 3508 280 43 rostrums
1335 3519 149 32 were
1521 3511 157 42 used.

245 3598 66 35 £>
347 3590 209 60 Pupil.
590 3604 65 36 £7
692 3596 107 42 But
832 3599 127 52 why
994 3599 68 42 do
1095 3610 108 41 you
1242 3600 98 43 tell
1377 3612 86 33 me
1497 3602 71 43 all
1604 3603 115 44 this
1740 3604 26 43 ?
