2690 4008
161 392 666 70 PUPPETS
1645 396 152 66 IN
1693 399 253 86 JAPPAN.
1947 402 144 68 Some
2092 402 343 73 Notes

157 513 137 86 by
365 534 45 45 a
454 513 642 86 Japanese.

876 679 180 42 ondon
1095 681 96 44 has
1226 685 249 52 recently
1509 687 134 41 been
1680 685 304 43 interested
2035 685 56 42 in
2143 698 32 30 a
2208 687 232 44 Chinese

876 765 141 52 play.
1067 768 110 43 The
1225 770 201 45 Yellow
1475 773 212 51 Jacket,
1734 777 56 39 in
1840 775 175 42 which
2071 777 94 40 the
2221 774 221 55 leading

875 857 157 42 actor
1062 858 159 44 takes
1271 863 94 41 the
1399 866 123 49 part
1555 862 55 44 of
1641 866 96 42 the
1787 868 261 51 property
2083 877 145 38 man,
2261 866 179 52 places

877 949 317 41 mountains
1227 961 69 30 on
1332 952 95 42 the
1460 953 155 52 stage
1648 953 86 43 for
1767 955 179 43 lovers
1981 957 58 41 to
2073 955 163 43 climb
2290 966 150 41 over,

877 1047 249 33 removes
1163 1038 136 42 dead
1337 1052 120 31 men
1493 1043 56 40 in
1584 1055 31 29 a
1646 1045 158 48 trice,
1855 1043 212 44 follows
2114 1045 96 42 the
2259 1045 180 40 actors

876 1128 105 41 and
1019 1127 233 45 relieves
1274 1130 149 42 them
1450 1131 53 42 of
1526 1132 146 42 their
1696 1136 324 50 properties,
2044 1135 104 40 and
2172 1134 237 52 through-

877 1219 99 42 out
1022 1220 96 42 the
1166 1217 124 54 play
1324 1230 244 33 assumes
1615 1233 68 30 an
1737 1225 82 38 air
1867 1222 54 42 of
1972 1234 312 32 unconcern
2332 1224 107 40 and

875 1308 360 44 indifference
1269 1320 59 31 as
1359 1309 211 53 though
1597 1311 66 42 he
1687 1322 144 31 were
1856 1313 98 42 not
1977 1314 123 48 part
2123 1313 104 43 and
2261 1310 178 52 parcel

159 1394 55 45 of
247 1398 95 41 the
377 1398 379 51 performance
789 1401 104 41 and
930 1401 104 40 had
1070 1409 69 32 no
1174 1399 236 42 interest
1443 1401 55 40 in
1532 1401 94 41 the
1661 1401 301 43 character.

169 1493 65 36 &
257 1486 105 43 But
397 1487 109 43 this
539 1487 225 53 English
800 1491 262 52 property
1095 1500 125 31 man
1254 1489 44 41 is
1333 1488 152 52 quite
1519 1491 259 47 contrary
1811 1493 59 38 to
1903 1491 147 43 ideas
2083 1492 122 42 held
2248 1503 191 42 regar«

157 1575 130 53 ding
322 1576 109 43 him
466 1578 56 41 in
557 1578 171 42 China
762 1590 63 31 or
856 1580 192 50 Japan,
1082 1580 77 40 tie
1194 1578 97 42 has
1327 1580 136 40 been
1496 1580 97 40 the
1627 1578 210 42 central
1871 1577 178 53 figure
2084 1578 55 43 of
2171 1582 95 41 the
2314 1581 123 53 play

158 1666 105 42 and
299 1666 98 43 has
431 1667 154 52 quite
619 1668 236 53 eclipsed
889 1670 97 42 the
1019 1668 114 42 real
1157 1670 182 42 actors
1363 1667 122 42 who
1509 1668 342 50 interpreted
1884 1668 94 42 the
2002 1672 171 50 story.
2197 1670 145 42 Thus
2366 1672 68 41 he

157 1755 97 42 has
287 1757 275 51 produced
597 1770 69 31 an
701 1757 167 45 effect
901 1759 175 43 which
1112 1757 47 44 is
1192 1757 153 54 quite
1380 1757 246 52 opposite
1661 1759 59 40 to
1768 1759 123 40 that
1938 1757 263 45 intended
2237 1771 68 31 on
2341 1760 95 42 the

155 1848 187 50 stages
375 1846 55 43 of
463 1849 92 42 the
591 1849 147 44 East.

861 1905 24 17 •s

252 1936 127 42 Just
412 1939 59 41 at
504 1939 227 50 present
764 1936 182 55 Tokyo
981 1939 47 42 is
1061 1939 160 51 being
1254 1936 198 44 visited
1487 1938 68 51 by
1588 1948 30 30 a
1653 1935 172 43 whole
1860 1948 261 42 company
2155 1936 55 42 of
2258 1935 176 45 Osaka

153 2027 263 52 property
450 2038 145 38 men,
628 2038 106 43 any
767 2038 103 32 one
906 2024 54 45 of
992 2027 178 42 whom
1206 2024 177 45 would
1420 2023 158 43 make
1611 2025 95 41 the
1759 2024 217 52 leading
2025 2027 155 40 actor
2233 2025 56 42 in
2338 2025 97 41 the

155 2114 221 43 London
412 2118 330 48 production
776 2114 56 45 of
864 2117 95 42 the
991 2114 201 45 Yellow
1223 2113 195 44 Jacket
1449 2113 280 53 decidedly
1761 2114 243 52 envious,
2040 2116 230 40 because
2304 2114 130 52 they

1557 2168 16 13 V

157 2216 93 30 are
282 2207 240 49 genuine
557 2207 104 41 and
713 2204 197 54 belong
941 2206 60 40 to
1035 2216 31 30 a
1100 2202 304 53 profession
1458 2203 174 41 which
1687 2203 94 42 has
1832 2206 133 39 been
2016 2203 209 42 handed
2276 2203 158 42 down

158 2292 145 43 from
337 2292 185 45 father
554 2296 58 41 to
645 2305 100 32 son
767 2306 12 41 ;
816 2303 283 34 moreover
1131 2293 128 52 they
1292 2303 150 31 come
1467 2291 55 43 of
1543 2303 30 30 a
1597 2302 123 31 race
1743 2292 125 41 that
1891 2302 98 31 can
2015 2293 63 41 be
2101 2291 335 54 thoroughly

158 2383 106 41 and
300 2382 274 54 sincerely
610 2382 352 52 impersonal.
995 2382 171 42 These
1209 2382 261 52 property
1518 2392 147 40 men,
1710 2391 62 32 or
1805 2380 319 53 'korombo,'
2159 2380 141 43 from
2336 2381 95 42 the

160 2470 470 53 Chikamatsu=za,
662 2471 96 43 the
792 2470 109 43 doll
938 2471 215 42 theatre
1188 2469 53 43 of
1273 2469 195 49 Osaka,
1501 2479 160 31 cause
1694 2469 97 41 the
1825 2470 231 49 puppets
2089 2470 59 40 to
2183 2469 124 53 play
2338 2470 99 43 the

157 2559 146 44 roles
338 2561 56 42 in
431 2557 405 46 Chikamatsu's
858 2559 213 43 famous
1095 2560 178 51 pieces
1297 2560 58 41 at
1374 2559 97 40 the
1493 2556 327 46 Yuraku-za.
1847 2557 161 44 Their
2031 2560 88 41 art
2143 2559 46 42 is
2215 2559 222 52 unique,

154 2650 107 41 and
297 2648 162 43 while
493 2650 132 52 they
658 2648 114 53 pull
807 2649 95 43 the
934 2649 209 53 strings
1175 2648 175 43 which
1387 2645 156 43 make
1576 2646 94 44 the
1706 2646 137 44 dolls
1876 2658 155 33 move
2067 2649 105 41 and
2208 2650 88 41 act
2328 2648 108 44 like

153 2739 285 42 creatures
473 2737 54 43 of
560 2737 113 43 real
710 2737 93 43 life
836 2739 133 52 they
1002 2748 93 32 are
1129 2737 120 43 able
1297 2739 58 41 to
1404 2735 326 56 completely
1777 2737 170 43 efface
1995 2738 333 43 themselves
2376 2749 59 32 so

149 2828 126 42 that
304 2827 152 42 their
488 2825 147 45 faces
670 2838 92 31 are
798 2825 199 44 masks.
1030 2827 76 43 No
1139 2827 238 43 interest
1409 2825 57 42 in
1500 2827 97 42 the
1632 2829 338 41 movements
2004 2825 54 44 of
2091 2828 94 41 the
2222 2825 138 44 dolls
2385 2827 49 42 is

149 2919 228 45 written
413 2917 179 49 there,
628 2927 68 32 no
732 2917 123 42 hint
888 2914 56 45 of
974 2916 121 50 self,
1127 2928 59 31 so
1220 2916 125 42 that
1377 2916 97 43 the
1496 2917 234 51 puppets
1754 2918 220 41 become
1997 2927 59 32 so
2081 2916 351 52 absorbingly

149 3007 335 51 interesting
517 3006 94 44 the
645 3007 266 43 audience
944 3007 46 42 is
1023 3006 109 43 lost
1165 3007 53 42 in
1254 3007 95 42 the
1383 3008 154 51 story
1570 3006 133 53 they
1736 3006 121 44 tell.
1905 3006 110 43 The
2065 3007 259 52 majority
2379 3005 56 44 of

149 3096 418 44 the'korombo'
592 3107 146 32 wear
771 3095 159 44 black
964 3096 200 52 masks,
1189 3099 99 40 but
1311 3097 160 42 those
1504 3099 122 40 who
1658 3109 94 30 are
1786 3096 121 43 able
1941 3099 57 39 to
2034 3096 293 43 obliterate
2363 3096 71 43 all

1033 3143 13 11 0
1150 3137 12 11 W

150 3189 181 39 traces
364 3186 55 42 of
454 3185 338 53 personality
827 3186 66 42 do
949 3187 98 41 not
1095 3189 136 39 need
1283 3198 29 30 a
1362 3187 258 51 covering
1654 3189 104 39 and
1794 3186 149 43 their
1975 3187 380 42 achievement
2387 3186 48 43 is

150 3272 269 54 certainly
456 3274 215 52 worthy
705 3272 55 45 of
790 3275 95 42 the
921 3276 246 50 greatest
1203 3275 351 43 admiration.

250 3363 73 42 As
355 3360 85 45 for
471 3364 96 41 the
601 3361 137 45 dolls
771 3363 351 49 themselves,
1155 3363 131 53 they
1320 3364 90 41 act
1442 3364 219 43 various
1696 3363 162 54 roles,
1905 3366 132 51 they
2086 3374 217 33 assume
2340 3365 94 42 the

151 3453 214 43 heroics
399 3450 55 45 of
488 3453 273 52 warriors,
798 3452 273 44 delineate
1124 3453 94 43 the
1266 3453 289 44 character
1603 3453 53 44 of
1688 3457 173 50 priest
1913 3467 62 30 or
2027 3455 269 52 princess,
2328 3455 107 44 and

154 3554 124 43 may
313 3546 63 40 be
413 3542 85 44 old
535 3542 193 54 people
762 3554 63 32 or
858 3540 227 56 infants,
1118 3540 255 56 youthful
1409 3542 178 45 lovers
1620 3556 62 31 or
1730 3546 271 41 retainers
2051 3544 122 43 who
2215 3556 221 41 express
