2690 4008
814 337 457 55 FUTURISMO
1305 339 170 47 AND
1514 339 151 49 THE
1707 341 370 59 THEATRE.

242 347 105 40 200

244 444 55 44 of
332 446 128 45 that
493 445 182 45 which
713 448 151 43 must
900 449 99 41 not
1034 448 66 42 be
1137 448 198 43 named
1389 460 127 32 now
1566 450 108 51 agd
1729 451 213 55 here,...
2134 464 59 43 to
2241 471 132 58 deny
2421 484 109 50 that

243 548 109 42 you
388 549 112 32 saw
534 539 65 52 it,
633 539 104 42 but
768 537 179 52 fail,...
981 535 96 46 fail
1116 537 41 44 if
1178 549 109 43 you
1325 549 100 32 can
1452 539 59 43 in
1536 552 143 43 your
1714 543 207 47 denial.
1956 545 106 45 For
2093 552 94 44 the
2222 558 81 45 old
2328 567 143 51 truth
2493 581 41 39 is

246 641 59 31 as
337 641 189 43 young
558 642 61 32 as
652 641 154 42 ever,
837 631 107 43 and
980 631 61 43 to
1077 631 173 45 LOVE
1287 631 47 45 is
1372 645 172 31 never
1578 632 114 56 old,
1725 637 107 41 and
1870 648 82 32 we
2005 651 167 37 never
2219 651 88 44 too
2359 661 77 44 oid
2480 672 49 42 to

247 722 160 51 begin
442 723 59 41 to
548 721 192 45 LOVE.

241 1091 68 66 A
401 1089 493 81 TRUTH
965 1096 71 67 &
1104 1096 67 69 A
1252 1096 556 74 RECIPE
1889 1104 69 66 &
2037 1107 66 63 A
2184 1109 333 61 HINT.

953 1255 157 47 How
1160 1256 63 47 to
1273 1256 166 49 form
1490 1272 81 34 an
1630 1259 233 62 Image.

248 1358 77 90 Jn
361 1361 165 43 order
559 1362 126 44 that
719 1363 97 43 the
850 1362 143 46 form
1030 1363 57 45 of
1120 1377 70 32 an
1228 1367 181 53 Image
1445 1381 125 42 may
1604 1371 65 42 be
1729 1371 246 53 brought
2027 1369 141 60 fully
2201 1380 102 42 and
2350 1383 176 60 clearly

291 1452 191 44 before
516 1453 96 45 the
649 1455 170 53 mind,
855 1456 96 43 the
988 1457 214 53 Imager
1233 1458 200 44 should
1470 1461 271 43 meditate
1791 1472 14 40 ;
1840 1465 107 40 and
1984 1463 88 45 his
2103 1476 212 37 success
2346 1475 98 44 will
2474 1481 52 42 be

240 1545 426 52 proportionate
699 1547 59 43 to
795 1547 85 43 his
916 1549 352 44 meditation.
1303 1551 76 43 No
1415 1551 165 45 other
1614 1564 200 44 way....
1863 1556 102 43 not
2013 1556 196 45 indeed
2243 1562 175 56 seeing
2445 1570 79 45 the

240 1635 184 53 object
457 1635 214 48 itself...
706 1637 115 45 will
856 1639 230 45 achieve
1123 1641 85 43 his
1242 1653 263 43 purpose.

1523 1735 354 57 Sukracarya
1912 1739 55 42 in
2004 1742 36 22 *'
2063 1740 395 54 Sukvanitisara

987 1916 157 47 How
1191 1917 63 46 to
1310 1918 180 47 make
1547 1932 34 33 a
1642 1918 181 48 Glue.

242 2004 194 93 '"pake
470 2008 98 45 the
605 2011 133 40 curd
775 2007 57 44 of
865 2010 155 50 milk,
1072 2012 103 50 put
1208 2012 46 43 it
1287 2013 56 41 in
1378 2024 31 31 a
1444 2012 149 45 cloth
1645 2016 108 42 and
1804 2017 180 43 strain
2020 2017 100 45 the
2169 2022 169 43 water
2379 2035 141 46 away.

333 2098 94 45 Tie
464 2111 71 42 up
568 2100 98 43 the
701 2101 135 42 curd
873 2100 57 44 of
963 2101 138 44 milk
1134 2104 56 41 in
1245 2115 30 32 a
1324 2105 148 43 cloth
1525 2104 114 45 like
1694 2117 31 32 a
1779 2107 251 55 pudding
2063 2110 105 42 and
2200 2112 96 51 put
2338 2114 41 42 it
2423 2115 96 44 into

239 2189 213 55 boiling
484 2194 240 43 water...
757 2192 80 44 let
873 2195 45 41 it
954 2194 110 43 boil
1100 2206 31 32 a
1165 2197 141 51 good
1343 2196 188 43 while.

235 2288 66 36 4&
335 2283 50 41 It
421 2284 252 44 becomes
709 2284 137 44 hard
883 2284 113 44 like
1033 2288 387 45 cheese^curd.

849 2341 9 11 C

238 2382 66 35 JZ?
339 2373 154 43 Then
546 2374 110 43 mix
690 2377 46 41 it
770 2377 138 41 with
945 2377 130 43 lime
1110 2380 107 41 and
1255 2391 98 33 use
1377 2380 63 44 it.

784 2467 161 44 From
986 2469 202 45 Knox's
1221 2473 34 24 44
1283 2472 298 44 Historical
1633 2473 242 46 relation
1912 2473 57 46 of
2004 2474 190 46 Ceilon
2304 2487 121 42 page
2453 2477 66 52 96.

981 2653 157 47 How
1185 2655 64 47 to
1305 2656 194 48 avoid
1553 2656 284 49 Conceit.

2406 2730 8 9 /

254 2744 51 54 A
333 2745 69 41 nd
442 2756 123 32 now
602 2746 79 43 Jet
716 2756 63 33 us
814 2749 96 50 get
943 2750 58 41 to
1037 2749 179 54 work,
1249 2751 106 42 and
1393 2751 41 43 if
1465 2764 107 43 you
1600 2752 150 45 can't
1786 2755 289 53 meditate,
2101 2752 153 46 make
2276 2754 132 53 glue.
2428 2751 92 43 The

329 2838 113 41 two
478 2836 218 45 actions
730 2850 102 32 can
869 2840 66 42 be
970 2838 56 45 of
1059 2841 163 54 equal
1259 2844 188 44 value.

235 2937 65 36 <£?
335 2928 166 44 Come
536 2929 267 56 a10ng,....
841 2933 99 44 Let
977 2944 63 33 us
1077 2937 94 48 get
1207 2937 58 40 to
1310 2935 179 46 work.
