3528 4379
1725 125 68 48 95

217 260 180 63 noforte
612 260 220 63 composto
1108 274 24 32 e
1206 255 207 53 dedicato
1659 276 30 32 a

197 335 174 67 cipessa
399 332 301 68 Lichnowshj
736 337 114 47 nata
887 336 211 51 Contessa
1141 336 134 50 Thun
1310 337 62 49 da
1406 336 174 69 Luigi
1611 355 109 33 van

196 411 334 50 Beethoven.
555 411 153 66 Opera
728 412 84 49 24.
835 414 66 47 In
931 411 346 67 Viennapresso
1298 414 184 67 Cappi
1501 419 45 43 &•
1570 415 147 67 Comp.

198 491 74 47 Pr.
304 487 30 50 3
370 490 63 47 FI.
464 487 70 50 36
565 490 80 46 Kr.
690 489 88 64 (56
809 491 153 47 Seiten
992 491 43 46 in
1067 491 318 65 Quer-Folio.)

315 565 129 48 Nach
469 566 53 47 A.
548 565 343 49 Schindler's
921 567 413 64 Begleitschreiben
1355 585 52 29 zu
1433 567 80 49 der
1536 569 153 48 freund-

195 641 146 48 lichen
366 641 362 66 Uebersendung
757 644 141 47 dieses
924 644 407 64 Ciavier-Auszugs
1359 649 201 43 äusserte
1592 646 100 48 Beet-

198 718 144 50 hoven
386 717 70 48 bei
499 718 356 65 Einhändigung
893 718 142 49 dieses
1067 721 268 63 Exemplars
1374 721 42 47 in
1447 722 152 60 Bezug
1642 722 81 47 auf

196 793 72 50 die
299 795 399 64 Vollständigkeit:
739 797 122 52 „Das
889 795 55 47 ist
1279 798 145 55 „Dass
1598 798 122 49 fährt

193 875 55 44 A.
272 872 43 47 S.
341 871 103 57 fort,
484 872 99 56 „bei
607 872 167 47 diesem
799 872 339 62 Arrangement
1162 873 291 65 mitgewirkt,
1485 875 128 48 hörte
1642 876 70 47 ich

195 950 78 48 ihn
296 953 150 61 später
466 966 155 48 sagen.
653 948 192 47 Betreffs
874 947 78 50 des
982 950 202 48 schlecht
1211 952 240 64 stylisirten
1480 952 212 50 Titelblat-

192 1035 67 39 tes
300 1027 144 47 schalt
482 1042 49 31 er
572 1025 91 47 sich
703 1025 149 47 selber
882 1042 104 31 aus:
1028 1026 141 49 Ballo
1186 1044 91 49 per
1306 1027 34 50 il
1367 1026 352 52 Clavicembalo!

193 1103 188 47 Damals
412 1118 95 30 war
535 1117 51 31 er
614 1099 142 49 durch
789 1101 90 47 und
910 1101 142 49 durch
1084 1105 210 47 Italiäner
1325 1105 89 48 und
1444 1105 272 49 radbrechte

193 1179 155 64 häufig
391 1178 70 47 die
502 1177 274 48 italiänische
804 1179 203 64 Sprache
1127 1197 47 32 es
1214 1199 96 30 war
1346 1182 42 47 in
1419 1182 81 47 der
1531 1183 184 64 Epoche

205 1294 16 18 „
309 1253 91 59 „Gi
491 1252 157 51 ulietta
921 1256 155 50 1801.
1184 1259 152 47 Herrn
1367 1259 225 65 Tbayer
1620 1276 72 32 ver-

191 1332 180 48 danken
397 1332 82 46 wir
499 1332 193 47 nämlich
717 1332 71 48 die
812 1333 283 56 Gewissheit,
1126 1336 40 45 in
1200 1336 216 47 weichem
1447 1337 141 47 Jahre
1611 1337 105 63 jene

191 1408 310 65 Katastrophe
524 1409 59 47 im
607 1408 158 48 Leben
791 1411 294 48 Beethoven's
1109 1413 165 64 erfolgt
1296 1413 68 56 ist,
1390 1412 90 48 und
1504 1430 80 31 aus
1609 1414 80 47 wel-

191 1484 131 49 chem
352 1486 94 47 also
474 1486 117 48 auch
614 1484 106 65 jene
750 1486 122 48 drei
903 1488 193 47 Briefe
1132 1505 57 31 an
1218 1489 122 49 seine
1371 1489 205 49 Geliebte
1607 1491 76 47 her-

187 1563 189 56 rühren,
418 1562 71 48 die
532 1580 87 30 nur
661 1562 71 48 die
762 1563 195 65 Angabe
996 1564 76 49 des
1103 1567 166 63 Tages,
1315 1567 113 47 aber
1468 1567 122 47 nicht
1632 1567 78 48 des

183 1640 165 49 Jahres
371 1647 175 57 tragen.
577 1640 183 65 Thayer
789 1642 77 47 hat
894 1642 44 48 in
967 1643 117 48 allen
1110 1643 410 50 Kirchenbüchern
1547 1644 163 50 Wiens

183 1717 114 48 Jahr
327 1717 92 48 und
452 1718 101 63 Tag
582 1715 81 50 der
692 1719 223 64 Trauung
943 1718 81 48 der
1053 1719 216 50 Giulietta
1298 1720 80 49 mit
1406 1720 102 49 dem
1541 1722 169 48 Grafen

187 1794 281 65 Gallenberg
507 1795 271 64 aufgesucht
816 1797 91 47 und
949 1797 248 64 gefunden,
1240 1798 101 49 dass
1381 1797 72 49 die
1489 1800 222 64 Trauung

187 1872 61 47 im
270 1872 142 48 Jahre
441 1870 137 49 1801
607 1872 120 48 Statt
1040 1874 234 48 —Bisher
1302 1882 137 40 setzte
1465 1892 102 32 man
1593 1875 121 49 diese

187 1948 143 48 Liebe
371 1949 300 47 Beethoven's
713 1949 43 47 in
798 1950 81 47 viel
921 1955 178 60 spätere
1139 1953 115 57 Zeit,
1294 1971 36 30 z.
1359 1954 50 46 B.
1446 1952 141 50 1805
1622 1953 89 48 und

191 2024 167 57 1806;
389 2025 117 49 auch
536 2025 239 49 Schindler
804 2043 98 32 war
930 2028 115 48 noch
1077 2029 43 47 in
1145 2028 81 48 der
1253 2038 218 41 neuesten
1496 2030 219 65 Ausgabe

184 2101 83 49 der
295 2101 277 65 Biographie
601 2101 83 49 der
711 2103 237 65 Meinung,
990 2104 101 48 dass
1128 2105 64 47 sie
1228 2105 45 49 in
1310 2105 78 50 das
1416 2107 118 48 Jahr
1569 2107 143 49 1803

188 2179 188 66 gehöre.
407 2179 128 49 Nach
560 2180 219 65 Thayer's
802 2181 133 49 Fund
962 2181 96 49 fällt
1080 2183 63 48 sie
1174 2184 94 48 also
1297 2184 44 48 in
1371 2184 78 48 das
1480 2184 202 48 einund-

191 2255 331 66 dreissigste
563 2256 353 65 Lebensjahr
959 2259 310 51 Beethoven's.
1331 2259 121 67 (Vgl.
1481 2261 145 58 Sch.,
1664 2263 51 56 1.,

188 2333 71 50 93
291 2333 62 66 ff.)

303 2410 160 48 Durch
492 2410 72 50 die
593 2411 295 66 Opuszahl
930 2411 71 49 24
1042 2413 82 49 auf
1147 2413 103 48 dem
1282 2414 115 48 Titel
1428 2414 77 49 des
1536 2415 179 66 Cappi'-

183 2488 139 49 schen
353 2488 411 66 Clavier-Auszugs
793 2488 114 49 wird
945 2490 219 50 ebenfalls
1193 2491 82 49 auf
1297 2491 72 49 die
1399 2493 191 64 richtige
1618 2493 99 48 Zeit

184 2565 83 48 der
291 2565 288 65 Entstehung
601 2566 81 49 der
704 2566 480 51 Prometheus-Musik
1207 2568 306 67 hingewiesen
1543 2569 61 66 (in
1628 2570 88 48 den

183 2642 259 65 Katalogen
473 2642 81 49 der
583 2644 413 48 Beethoven'schen
1030 2645 177 50 Werke
1237 2645 113 48 wird
1378 2646 64 49 sie
1477 2646 233 49 fälschlich

182 2720 81 48 mit
283 2721 89 65 Op.
399 2720 69 49 43
497 2720 292 66 bezeichnet).
813 2721 257 66 Uebrigens
1098 2724 54 47 ist
1180 2723 71 48 die
1279 2725 172 47 Sonate
1480 2725 44 47 in

184 2797 78 47 für
294 2797 176 50 Ciavier
499 2797 92 49 und
623 2799 176 49 Violine
828 2799 116 48 auch
977 2806 133 41 unter
1138 2800 81 47 der
1247 2801 228 49 Nummer
1503 2801 89 65 Op.
1623 2801 91 57 24,

186 2875 92 48 und
306 2893 122 30 zwar
459 2876 115 48 auch
611 2875 139 51 1801
794 2875 131 66 (aber
953 2876 71 50 bei
1054 2879 140 47 Mollo
1225 2879 43 48 in
1299 2879 177 64 Wien),
1510 2880 173 48 erschie-

187 2969 103 33 nen.
333 2954 86 47 Die
451 2952 337 66 Umgebungen
817 2954 98 48 sind
945 2954 224 49 demnach
1202 2956 235 65 folgende:

303 3031 90 65 Op.
418 3030 90 56 20,
539 3032 175 64 Septett
734 3031 44 48 in
800 3031 196 50 Es-dur.
1026 3032 91 65 Op.
1142 3032 89 56 21,
1260 3034 202 48 Sinfonie
1485 3034 43 48 in
1552 3032 162 52 C-dur.

187 3107 90 65 Op.
309 3107 89 55 22,
442 3109 371 48 Clavier-Sonate
852 3109 44 48 in
935 3109 178 49 B-dur.
1167 3111 91 65 Op.
1288 3110 90 56 23,
1421 3112 171 47 Sonate
1640 3112 76 47 für

186 3185 261 48 Pianoforte
478 3185 90 48 und
600 3186 176 48 Violine
805 3187 44 47 in
879 3186 186 50 A-moll.
1095 3187 88 65 Op.
1214 3189 72 48 24
1317 3186 50 67 (s.
1397 3187 197 66 vorher).
1625 3190 90 63 Op.

187 3261 90 57 25,
306 3262 233 49 Serenade
568 3264 77 50 für
670 3265 144 54 Flöte,
846 3265 177 48 Violine
1047 3265 91 48 und
1162 3266 122 48 Alto.
1315 3266 90 65 Op.
1429 3266 91 58 26,
1542 3267 170 47 Sonate

186 3340 43 47 in
258 3337 207 52 As-moll.
512 3340 89 64 Op.
634 3340 90 57 27,
771 3342 71 47 die
880 3342 162 49 beiden
1072 3344 303 48 Phantasieen
1406 3342 98 68 (Nr.
1536 3344 51 58 2,
1619 3342 72 52 Cis-

184 3417 119 61 moll,
346 3417 136 57 „Alla
513 3418 211 50 Contessa
754 3417 223 52 Giulietta

757 3653 98 55 Aus
895 3653 210 56 Aachen.

264 3766 121 35 Wenn
414 3766 62 35 ich
506 3765 119 37 Ihnen
654 3766 113 49 lange
794 3767 106 35 nicht
924 3768 92 35 über
1044 3780 116 24 unser
1187 3769 292 38 musicalisches
1500 3769 128 40 Leben
1652 3781 43 36 ge-

185 3827 196 35 schrieben
408 3827 111 43 habe,
550 3839 41 24 so
619 3828 51 34 ist
698 3827 65 36 der
780 3828 151 47 Mangel
951 3841 47 26 an
1019 3828 208 40 Concerten
1255 3830 183 37 wahrlich
1467 3831 106 36 nicht
1596 3831 120 35 daran

184 3888 148 43 schuld,
371 3888 160 35 sondern
574 3889 88 35 eher
702 3888 59 36 die
802 3890 110 34 Fülle
953 3889 66 36 des
1056 3890 149 44 Stoffes,
1246 3892 60 34 ein
1345 3891 217 36 Embarrcis
1591 3891 45 36 de
1664 3891 34 35 ri-

185 3948 153 37 chesses.
365 3948 83 35 Das
477 3948 101 35 kann
608 3961 88 23 man
725 3950 95 35 doch
851 3950 99 35 wohl
979 3952 67 33 mit
1074 3952 122 35 Recht
1223 3963 129 35 sagen,
1382 3964 107 23 wenn
1515 3954 38 33 in
1582 3954 135 33 einer

186 4009 144 37 Woche
359 4009 80 36 drei
472 4009 183 37 Künstler
691 4023 72 23 von
792 4012 270 46 europäischer
1087 4012 264 36 Berühmtheit
1392 4013 82 35 hier
1511 4013 207 35 concertirt

186 4069 142 36 haben:
359 4069 155 44 Laub,
551 4070 137 35 Jaell
724 4070 78 35 und
839 4072 360 35 Stockhausen.

1868 262 56 34 Im
1966 263 199 34 fünften
2214 263 634 43 Abonnements-Concerte
2900 271 85 45 (den
3033 271 57 38 19.
3140 274 157 48 Januar)

1790 322 129 34 wurde
1947 323 58 34 die
2034 323 255 47 vollständige
2316 327 131 35 Musik
2482 340 74 23 von
2585 329 281 37 Beethoven
2907 345 83 23 zum
3019 333 141 36 Ballet:
3207 337 90 40 „Die

1791 382 214 46 Geschöpfe
2025 383 64 34 des
2107 384 243 37 Prometheus
2361 389 29 41 %
2419 388 77 34 und
2514 388 212 35 Ouvertüre
2749 391 73 33 und
2844 391 46 35 11.
2910 393 73 34 Act
3006 405 67 23 aus
3097 394 171 35 Gluck'
3284 407 15 22 s

2046 443 196 45 gemacht;
2284 445 58 35 die
2370 447 210 36 Alt-Partie
2621 450 37 33 in
2701 449 191 37 letzterem
2932 464 93 34 sang
3064 465 136 23 unsere
3237 465 41 34 ge-

1790 503 170 33 schätzte
1988 503 241 47 Dilettantin,
2258 506 100 33 Frau
2384 507 41 35 P.
2516 510 78 32 Das
2623 508 203 36 sechste
2854 510 159 36 Concert
3040 513 105 44 (zum
3163 514 139 34 Besten

1790 562 63 34 des
1877 561 329 48 Orchesterfond-s)
2234 564 155 35 brachte
2416 567 317 36 Beethoven's
2764 568 213 38 Ouvertüre
3003 572 37 34 in
3071 570 39 46 O,
3133 572 68 46 Op.
3227 570 71 38 115

1865 621 89 33 Arie
1983 621 60 34 für
2067 621 296 47 Mezzo-Sopran
2403 636 68 23 aus
2499 626 231 36 Händel's
2759 628 187 35 Herakles
2997 650 18 4 -
3053 631 158 35 Concert
3239 633 60 33 für

1790 679 66 34 das
1877 680 210 35 Violoncell
2115 692 72 24 von
2216 682 239 46 Molique,
2484 686 157 45 gespielt
2668 699 72 23 von
2768 688 92 34 Hrn.
2877 687 39 37 J.
2933 689 303 45 Wenigmann

1789 740 93 34 zwei
1912 739 134 35 Lieder
2073 753 70 22 von
2173 742 42 34 F.
2245 743 240 35 Schubert
2514 743 200 47 (Mignon's
2736 750 70 40 „So
2837 748 93 34 lasst
2957 748 100 34 mich

1790 811 71 22 von
1890 800 118 43 Liszt,
2037 800 77 35 und
2144 802 219 35 Gretchen's
2396 804 145 41 „Meine
2568 806 94 33 Ruh'
2691 807 51 35 ist
2914 820 72 23 von
3013 809 124 35 Hiller
3164 811 116 33 instru-

1788 859 166 42 mentirt)
2060 861 81 33 eine
2182 861 305 46 Orgel-Toccata
2528 877 72 22 von
2639 866 38 35 J.
2714 867 33 36 S.
2778 868 146 45 Bach,
2968 869 221 34 orchestiirt
3229 880 72 24 von

1788 917 148 36 Esser
2042 920 274 37 Schlussscene
2358 935 68 22 aus
2464 924 198 37 Göthe's
2703 927 130 43 Faust,
2876 927 194 46 ll.The.il,
3116 930 62 34 für
3208 929 90 46 Soli,

1789 977 99 35 Chor
1915 979 77 34 und
2021 980 200 36 Orchester
2249 993 74 23 von
2350 983 47 37 R.
2427 983 292 36 Schumann.
2773 987 83 34 Wie
2885 988 59 33 Sie
2972 989 126 44 sehen,
3128 990 59 33 ein
3216 989 84 35 sehr

1787 1038 268 35 interessantes
2072 1040 232 44 Programm,
2335 1041 66 35 das
2423 1044 148 33 überall
2589 1044 102 34 recht
2709 1044 186 46 gelungen
2918 1049 222 43 ausgeführt
3161 1048 138 36 wurde.

1788 1098 178 34 Fräulein
1995 1101 174 34 Emilie
2198 1101 181 35 Genast
2406 1114 70 23 aus
2505 1104 99 34 Köln
2632 1107 145 32 ärntete
2806 1105 118 37 durch
2954 1106 70 37 den
3049 1108 160 45 Vortrag
3236 1107 64 35 der

1788 1158 89 34 Arie
1905 1169 72 24 von
2004 1158 151 36 Händel
2183 1161 77 36 und
2289 1162 220 45 vorzüglich
2540 1162 64 37 der
2632 1163 132 36 beiden
2790 1164 136 36 Lieder
2954 1165 70 37 den
3050 1166 250 36 lebhaftesten

1787 1216 149 35 Beifall.
2665 1230 13 14 *

1865 1277 73 36 Die
1966 1279 94 35 oben
2087 1286 211 40 genannten
2319 1282 183 37 Künstler
2528 1282 121 45 gaben
2679 1284 221 46 Soireen,
2931 1284 69 45 die,
3027 1296 67 24 zur
3112 1285 96 35 Ehre
3235 1297 44 23 un-

1788 1348 100 24 serer
1917 1338 108 36 Stadt
2053 1341 54 33 sei
2135 1353 38 22 es
2201 1345 149 43 gesagt,
2390 1354 73 24 von
2493 1344 87 34 sehr
2608 1344 233 35 zahlreicher
2869 1345 76 34 und
2968 1345 334 35 enthusiastischer

1788 1398 299 35 Zuhörerschaft
2114 1401 162 35 besucht
2305 1415 134 23 waren.
2495 1404 156 47 Laub,
2691 1406 64 34 der
2777 1405 312 47 ausgezeichnete
3117 1408 187 43 Interpret

1787 1458 226 37 classischer
2032 1461 143 44 Musik,
2202 1463 178 35 eröffnete
2399 1465 101 33 seine
2523 1466 137 42 Soiree,
2688 1468 229 32 unterstützt
2945 1478 72 23 von
3046 1466 82 34 dem
3156 1466 122 34 wacke-

1785 1530 66 23 ren
1893 1519 177 43 Quartett
2108 1520 65 37 der
2213 1521 193 37 Gebrüder
2448 1524 259 45 Wenigmann,
2750 1525 117 35 durch
2911 1526 66 34 das
3013 1526 173 41 Quintett
3226 1536 75 24 von

1786 1580 354 36 Mendelssohn
2167 1583 39 33 in
2237 1581 121 36 C-dur
2359 1609 8 17 ,
2398 1582 84 36 dem
2511 1583 64 35 der
2603 1585 160 45 Vortrag
2791 1585 63 34 der
2881 1585 137 36 Sonate
3046 1586 71 46 Op.
3145 1584 49 37 96
3225 1597 73 23 von

1785 1639 285 36 Beethoven
2113 1641 61 35 für
2200 1642 216 35 Pianoforte
2458 1643 77 36 und
2564 1643 147 35 Violine
2740 1644 118 35 durch
2887 1644 57 35 die
2971 1646 145 34 Herren
3145 1645 124 35 Wüll-

1785 1712 75 24 ner
1886 1701 79 35 und
1994 1701 134 35 Laub
2156 1703 130 45 folgte,
2314 1705 83 33 eine
2415 1704 198 46 Leistung,
2643 1715 41 24 so
2707 1704 201 46 vollendet,
2937 1706 69 34 wie
3033 1717 86 23 man
3147 1707 54 33 sie
3227 1717 74 23 von

1786 1761 94 34 zwei
1907 1773 41 23 so
1976 1762 72 34 tief
2068 1763 40 34 in
2138 1762 59 35 die
2227 1763 260 35 Geheimnisse
2515 1763 63 36 des
2607 1764 175 35 Meisters
2810 1765 270 46 eingeweihten
3098 1765 200 35 Künstlern

1786 1825 185 31 erwarten
1999 1823 151 37 konnte.
2206 1824 193 36 Während
2437 1826 82 34 eine
2546 1826 199 35 Polonaise
2780 1837 73 24 von
2881 1825 108 36 Laub
3015 1825 77 35 und
3119 1825 182 35 Ernst's

1787 1880 376 37 Othello-Phantasie
2192 1884 60 34 die
2281 1884 173 35 Technik
2483 1885 64 35 des
2576 1884 296 47 Concertgebers
2899 1885 227 35 bewundern
3153 1886 149 44 Hessen,

1787 1941 208 35 offenbarte
2026 1941 65 36 der
2112 1943 159 46 Vortrag
2298 1945 101 34 einer
2416 1945 190 35 Romanze
2632 1957 73 23 von
2732 1945 281 35 Beethoven
3040 1945 128 35 seinen
3196 1945 87 35 schö-

1787 2013 73 23 nen
1889 2003 82 34 Ton
1999 2002 78 35 und
2104 2003 260 45 gefühlvollen
2390 2004 206 35 Ausdruck
2627 2006 84 33 aufs
2736 2004 235 40 herrlichste.

1864 2061 79 35 Der
1971 2062 184 36 eminente
2182 2063 148 36 Pianist
2357 2065 171 35 Alfred
2562 2065 133 35 Jaell
2735 2068 146 43 erregte
2907 2066 39 33 in
2973 2065 119 35 einem
3121 2063 181 36 Concerte

1788 2121 66 34 der
1881 2122 262 45 „Liedertafel*
2143 2123 8 17 4
2178 2124 39 33 in
2246 2124 84 35 dem
2358 2125 166 35 schönen
2551 2125 308 36 Bernaert'schen
2884 2124 108 35 Saale
3021 2126 105 33 einen
3153 2126 128 33 stürmi-

1788 2181 115 35 schen
1931 2181 310 40 Enthusiasmus.
2286 2184 119 36 Ihnen
2432 2186 94 34 alles
2556 2185 265 44 aufzuzählen,
2848 2196 76 24 was
2954 2197 40 23 er
3019 2185 143 46 spielte,
3203 2188 98 32 wäre

1787 2242 230 46 unmöglich,
2066 2242 48 35 da
2154 2244 102 35 seine
2297 2245 235 36 freundliche
2571 2245 336 46 Bereitwilligkeit,
2950 2245 60 34 die
3055 2245 250 35 stürmischen

1787 2301 193 35 Wünsche
2018 2301 64 35 des
2114 2302 221 37 Publicums
2376 2316 50 23 zu
2451 2305 245 45 befriedigen,
2740 2305 94 36 eben
2874 2316 42 24 so
2957 2316 108 34 gross
3109 2315 87 34 war,
3236 2305 68 33 wie

1788 2361 103 34 seine
1922 2361 240 36 Virtuosität.

1865 2423 71 34 Am
1966 2422 59 36 16.
2058 2422 33 36 d.
2122 2423 89 37 Mts.
2255 2423 132 36 hörten
2427 2425 68 35 wir
2536 2426 59 35 die
2634 2427 149 43 grÖsste
2811 2423 260 35 Berühmtheit
3098 2427 110 31 unter
3235 2423 70 35 den

1788 2482 182 46 Sängern,
1998 2482 180 36 Julius
2207 2484 369 45 Stockhausen;
2625 2498 38 23 er
2691 2488 185 32 versetzte
2904 2496 112 23 unser
3041 2484 200 36 Publicum
3266 2484 39 35 in

1788 2543 82 35 eine
1898 2554 41 24 so
1968 2543 226 46 begeisterte
2212 2545 234 47 Aufregung,
2476 2546 88 35 dass
2593 2557 39 24 es
2661 2547 58 33 ein
2742 2545 144 35 wahres
2905 2544 288 36 musicalisches
3217 2544 88 35 Fest

1787 2603 142 36 feierte.
1977 2603 133 34 Gleich
2140 2604 120 35 durch
2289 2606 58 34 die
2375 2609 123 32 ersten
2528 2607 118 34 Tacte
2684 2606 65 34 der
2775 2605 88 35 Arie
2892 2616 68 24 aus
2989 2605 148 46 „Julius

1787 2676 73 24 von
1888 2665 195 35 Händel
2110 2665 168 37 eroberte
2306 2679 39 23 er
2373 2667 73 35 alle
2473 2668 159 43 Herzen,
2661 2667 77 36 und
2766 2667 60 35 bei
2854 2666 83 35 dem
2968 2667 185 35 nächsten
3179 2666 99 36 Ruhe-

1785 2725 146 46 punkte
1959 2725 119 36 brach
2107 2727 72 34 auf
2201 2726 63 36 der
2292 2727 116 36 Stelle
2436 2728 64 35 der
2528 2728 165 35 lauteste
2721 2726 137 35 Beifall
2887 2738 80 23 aus.
2996 2728 75 34 Der
3097 2726 206 47 glänzende

1786 2787 89 43 Ruf,
1906 2786 65 36 der
1998 2786 84 36 dem
2109 2787 294 49 Meistersänger
2442 2789 40 34 in
2523 2789 65 35 der
2615 2788 167 35 edelsten
2811 2787 224 45 Bedeutung
3062 2787 63 34 des
3155 2787 145 35 Wortes

1786 2846 79 34 und
1893 2846 66 35 der
1983 2846 129 35 Kunst
2140 2857 335 38 vorausgegangen
2505 2860 89 35 war,
2623 2848 130 35 wurde
2781 2850 86 32 weit
2894 2846 236 46 übertroffen,
3156 2847 78 34 und
3261 2847 40 34 in

1788 2907 64 36 der
1880 2908 103 34 That
2009 2907 129 35 wurde
2168 2908 106 45 alles,
2302 2920 77 23 was
2401 2909 262 34 Stockhausen
2693 2920 104 34 sang,
2827 2920 41 23 so
2895 2906 188 36 vollendet
3111 2910 170 42 vorgetra-

1788 2978 87 35 gen,
1911 2966 108 46 jedes
2047 2967 119 35 Stück
2206 2972 88 43 trug
2335 2970 107 34 einen
2484 2982 40 23 so
2559 2969 272 34 individuellen
2860 2966 210 35 Charakter
3096 2978 74 23 von
3197 2967 83 35 Voll-

1788 3027 257 35 kommenheit
2072 3028 38 34 in
2138 3028 91 44 sich,
2258 3029 87 34 dass
2373 3041 40 22 es
2441 3029 217 46 unmöglich
2688 3030 62 44 ist,
2786 3029 112 34 Eines
2926 3039 68 23 vor
3022 3027 83 34 dem
3131 3027 173 36 Anderen

1789 3087 316 36 hervorzuheben.
2161 3089 76 34 Der
2265 3089 131 45 Erfolg
2437 3100 78 24 war
2552 3089 219 45 ungeheuer
2808 3088 76 35 und
2920 3088 78 35 fast
3025 3087 216 47 beispiellos
3266 3089 38 34 in

1788 3159 162 24 unseren
1979 3147 350 35 Concert-Annalen
2370 3149 71 33 Am
2469 3148 198 46 folgenden
2692 3149 105 45 Tage
2825 3147 240 35 wiederholte
3093 3159 39 23 er
3159 3148 80 34 sich
3265 3149 39 33 in

1788 3210 120 33 einem
1936 3219 162 36 engeren
2123 3208 137 35 Kreise
2301 3210 37 32 in
2380 3209 101 34 einer
2507 3208 165 35 Matinee
2712 3208 62 35 bei
2803 3208 122 35 Herrn
2953 3208 173 34 Director
3152 3208 122 35 Wüll-

1787 3279 105 35 ner,
1938 3279 57 23 wo
2035 3267 66 35 der
2129 3268 146 45 Sänger
2314 3269 68 33 mit
2409 3268 127 34 vollen
2564 3269 162 33 Händen
2756 3279 71 24 aus
2857 3268 81 35 dem
2966 3267 149 36 reichen
3142 3267 158 36 Schatze

1792 3341 71 24 von
1890 3330 122 34 Franz
2041 3328 187 35 Schubert
2255 3328 184 46 schöpfte,
2481 3328 64 35 der
2571 3329 80 34 ihm
2688 3340 67 23 vor
2787 3328 99 35 allen
2916 3328 170 36 Anderen
3117 3340 68 22 zur
3210 3328 92 34 Auf-

3182 3389 42 35 N.

1789 3392 233 45 Bewahrung
2050 3394 217 31 anvertraut
2294 3400 48 23 zu
2371 3390 81 34 sein
2479 3390 156 36 scheint.

2081 3623 183 70 Tages-
2306 3620 698 55 und
3004 3620 1 73 Unterhaltungs-Blatt.

2070 3753 62 39 22.
2162 3755 117 35 März.
2309 3754 84 35 Ole
2422 3753 131 44 Bull,
2584 3752 63 35 der
2676 3752 134 35 bereits
2838 3753 38 33 in
2906 3750 227 36 Düsseldorf
3158 3752 75 34 und
3262 3754 38 34 in

1790 3821 103 34 Bonn
1923 3818 66 35 mit
2016 3827 171 35 grossem
2216 3815 160 35 Beif'ale
2403 3814 161 46 gespielt
2592 3813 113 40 hatte,
2733 3811 73 46 gab
2833 3813 36 32 in
2898 3811 119 34 dieser
3040 3811 140 35 Woche
3210 3815 91 32 zwei

1789 3881 77 35 Mal
1893 3879 159 35 Concert
2078 3878 51 33 im
2155 3877 165 35 Theater
2346 3876 78 34 und
2454 3876 102 34 hatte
2584 3876 103 32 einen
2718 3872 236 45 ungeheuren
2984 3874 140 46 Erfolg.
3165 3875 54 33 Im
3247 3886 36 24 er-

1789 3948 82 30 sten
1900 3939 181 35 Concerte
2116 3938 135 45 spielte
2280 3950 38 22 er
2345 3938 58 33 ein
2433 3936 161 35 Concert
2622 3947 69 22 von
2732 3935 253 43 Paganini,
3031 3935 61 33 ein
3136 3935 142 35 wunder-

1789 4002 160 35 schönes
1977 3997 208 46 Larghetto
2215 4010 72 23 von
2314 3998 185 36 Mozart
2528 3995 282 46 (ursprünglich
2840 3995 61 34 für
2929 3994 59 36 die
3007 3996 206 35 Clarinette
3240 4009 41 34 ge-

1788 4058 211 46 schrieben)
2030 4058 77 36 und
2127 4060 102 34 seine
2250 4058 165 35 Folacca
2439 4053 200 50 guerriera
2642 4080 7 9 .
2678 4055 102 35 Nach
2812 4054 82 36 dem
2925 4055 261 37 wiederholten
3210 4057 69 34 Her-
