2791 3957
1894 213 314 55 TEK
2292 217 51 50 H
2426 218 54 51 N
2564 221 41 49 E

2508 3661 116 73 151

197 2171 71 32 Fig.
300 2171 102 35 XII.
428 2171 25 35 —
479 2171 102 35 Type
613 2172 42 26 de
687 2177 131 28 garage
847 2171 187 28 américain
1067 2172 19 27 à
1116 2172 89 27 deux
1238 2177 138 29 rampes

193 2220 233 30 superposees
451 2219 254 34 (Commodore
724 2219 191 29 Baltimore
938 2219 146 31 Garage,
1102 2219 20 28 à
1140 2220 235 30 New-York).

192 2267 44 33 —
279 2269 71 26 Une
387 2267 140 28 voiture
566 2269 142 31 partant
743 2269 44 27 du
827 2269 317 28 rez-de-chaussée
1178 2269 131 28 aborde
1345 2269 31 28 la

196 2321 119 28 rampe
350 2323 40 21 en
427 2316 36 28 A.
500 2316 72 28 Elle
610 2316 159 31 arrivera
801 2324 42 21 au
882 2317 150 33 premier
1067 2318 101 33 étage
1206 2324 38 22 en
1282 2319 26 27 B
1342 2318 35 25 et

193 2370 156 28 gagnera
376 2365 31 27 le
432 2366 186 27 deuxième
643 2366 102 33 étage
771 2373 40 21 en
841 2368 229 31 empruntant
1096 2373 67 21 une
1189 2373 119 27 rampe
1333 2366 42 28 de

194 2414 140 27 montée
364 2413 121 33 placée
512 2415 19 28 à
564 2415 137 33 gauche
734 2415 156 34 (comme
919 2415 189 33 l'explique
1141 2416 30 28 le
1198 2418 96 27 texte
1322 2417 36 26 ci-

198 2463 186 32 dessous),
426 2464 46 28 La
508 2464 167 27 descente
713 2464 195 28 s'effectue
946 2471 59 26 par
1044 2464 157 29 d'autres
1241 2471 138 29 rampes

193 2511 140 33 placees
360 2514 101 25 entre
488 2513 50 26 les
567 2519 139 27 rampes
732 2514 42 26 de
803 2513 149 28 montée.
985 2514 43 26 En
1057 2514 25 26 C
1108 2516 35 25 et
1174 2514 38 33 D,
1237 2514 140 28 arrivée

194 2566 41 21 au
292 2561 321 27 rez-de-chaussée
665 2561 108 28 d'une
825 2562 139 27 voiture
1015 2563 57 33 qui
1126 2563 149 28 descend
1329 2564 45 27 du

635 2611 151 32 premier
828 2612 112 31 étage.

197 2725 133 48 étage
355 2742 48 25 se
430 2722 96 42 fera
556 2723 260 51 également
842 2744 55 24 en
922 2742 59 26 un
1008 2728 130 47 point
1164 2725 187 52 quelcon-

197 2802 100 33 que,
334 2803 50 26 ce
416 2791 73 45 qui
519 2803 59 23 va
608 2785 201 52 changer
837 2804 166 26 encore
1035 2786 40 42 ïa
1108 2788 270 50 disposition

200 2847 79 43 des
313 2852 216 44 voitures.

266 2908 129 46 Dans
418 2911 40 43 le
479 2911 112 52 plan
619 2911 57 44 de
699 2910 187 52 gauche,
915 2915 63 42 les
1000 2916 213 50 voitures,
1241 2926 139 37 ayant

197 2975 129 47 gravi
358 2990 60 26 un
454 2975 134 49 étage
620 2991 85 34 par
739 2973 42 42 la
814 2991 174 34 rampe,
1027 2984 293 41 empruntent
1354 2977 25 38 à

194 3045 73 32 cet
303 3038 134 49 étage
467 3034 151 44 l'allée
649 3036 34 42 B
715 3053 119 35 pour
863 3036 110 43 aller
1006 3036 231 54 rejoindre
1268 3035 87 43 l'au-

196 3108 67 33 tre
292 3101 241 40 extrémité
560 3098 57 41 de
642 3101 41 42 la
708 3116 163 34 rampe
893 3113 45 31 et
960 3099 228 45 atteindre
1213 3099 165 51 l'étage

195 3160 235 50 supéreiur
470 3160 102 52 (fig.
606 3160 111 52 XI).

266 3222 126 44 C'est
421 3226 53 40 ici
510 3223 108 52 qu'il
651 3223 99 46 faut
776 3224 107 42 bien
914 3226 116 40 tenir
1057 3236 188 40 compte
1301 3223 29 43 d
1352 3241 28 24 u

198 3284 342 43 diamètre
589 3286 77 43 du
712 3289 243 48 virage
986 3287 79 41 des
1089 3290 201 40 voitures
1315 3291 42 39 in-

199 3346 137 52 diqué
366 3348 114 41 dans
507 3352 41 42 le
574 3358 48 36 n°
649 3348 26 42 8
705 3348 58 43 de
788 3348 192 43 Tekhné
1016 3349 68 51 (p.
1123 3349 10 42 1
1157 3348 103 51 16).
1296 3348 84 42 Les

1442 391 203 37 voitures
1667 388 234 47 décrivent
1924 391 108 44 d'un
2053 392 94 42 seul
2171 410 120 34 coup
2314 394 58 42 de
2392 394 160 45 volant
2574 395 42 42 le

1443 449 145 44 cercle
1620 449 185 51 indiqué
1837 470 54 25 en
1923 453 207 50 pointillé
2164 472 73 24 sur
2269 456 41 42 le
2341 455 108 52 plan
2480 458 60 41 de
2572 457 44 43 A

1446 527 54 27 en
1534 510 46 50 B,
1618 512 40 41 la
1693 512 202 45 distance
1927 514 45 41 A
2004 514 32 42 B
2072 526 68 31 est
2173 516 58 43 de
2269 517 10 42 1
2300 517 22 42 7
2358 519 179 43 mètres.
2572 517 45 44 Si

1446 572 148 43 l'allée
1617 575 125 42 avait
1764 576 71 39 été
1859 573 101 52 plus
1986 576 285 51 rapprochée
2294 578 58 42 de
2375 580 42 42 la
2442 596 171 39 rampe,

1446 634 39 42 le
1489 658 20 24 s
1541 651 178 33 grosses
1749 639 201 38 voitures
1981 642 205 40 auraient
2218 642 71 39 été
2325 639 202 52 obligées
2559 640 59 42 de

1447 695 111 44 faire
1580 695 121 43 deux
1720 714 293 27 manœuvres
2032 715 114 35 pour
2166 703 132 39 sortir
2319 701 58 42 de
2398 701 41 42 la
2460 719 158 33 rampe

1446 768 45 32 et
1521 757 250 51 reprendre
1797 758 161 51 l'allée,
1990 778 58 23 ou
2072 759 106 46 bien
2204 764 27 41 il
2264 762 143 43 fallait
2434 764 61 42 les
2522 762 79 44 lais-

1446 835 70 25 ser
1542 836 57 25 au
1628 819 408 47 rez-de-chaussée.

1516 905 101 43 Une
1640 906 105 44 telle
1766 906 199 43 solution
1989 926 55 24 ne
2065 921 110 37 peut
2195 912 93 40 être
2309 909 203 52 adoptée
2535 928 85 33 que

1447 985 73 24 sur
1554 985 59 26 un
1651 971 164 41 terrain
1853 968 57 43 de
1952 969 9 41 1
1982 968 21 42 5
2041 972 168 42 mètres
2243 971 58 43 de
2339 971 177 51 largeur
2549 990 73 25 sur

1449 1028 58 42 45
1550 1032 169 41 mètres
1759 1029 57 45 de
1856 1031 232 50 longueur,
2128 1048 76 25 car
2243 1032 43 42 la
2321 1032 183 51 plupart
2542 1033 80 43 des

1446 1093 203 46 voitures
1688 1102 214 34 tournent
1943 1093 112 44 dans
2102 1093 9 41 1
2131 1093 22 42 5
2196 1096 180 49 mètres.
2418 1095 128 43 Dans
2582 1096 42 41 la

1450 1152 298 56 profondeur,
1786 1171 60 26 on
1878 1165 109 39 peut
2022 1164 163 34 mettre
2216 1159 108 41 trois
2356 1161 178 39 travées
2567 1156 57 43 de

1457 1214 9 41 1
1486 1215 21 43 5
1536 1217 179 48 mètres,
1742 1233 51 26 ce
1817 1221 74 44 qui
1916 1216 81 43 fait
2018 1220 68 38 six
2107 1220 193 48 rangées
2321 1218 61 42 de
2407 1218 213 46 voitures.

1518 1301 61 41 La
1602 1319 161 33 rampe
1784 1314 140 38 ayant
1943 1305 194 41 environ
2160 1303 60 42 29
2244 1307 166 40 mètres
2434 1305 57 43 de
2518 1305 107 53 long

1446 1375 46 30 •et
1521 1364 8 40 1
1549 1362 22 42 5
1597 1381 86 34 p.c.
1715 1364 56 44 de
1791 1374 152 41 pente,
1970 1364 40 42 la
2030 1364 192 43 hauteur
2244 1365 183 53 d'étage
2448 1370 26 39 à
2494 1370 131 46 étage

1449 1437 67 32 est
1543 1425 59 45 de
1634 1425 24 41 3
1688 1446 59 29 m.
1778 1425 63 43 40
1869 1429 203 41 environ.

1518 1508 63 42 La
1615 1510 179 43 surface
1828 1513 324 43 commerciale
2187 1516 202 47 occupée
2423 1530 84 34 par
2538 1531 88 25 une

1454 1574 174 41 toiture
1652 1584 67 31 est
1750 1573 58 42 de
1836 1571 24 43 2
1876 1573 9 40 1
1925 1575 166 43 mètres
2117 1578 149 38 carrés
2382 1592 52 28 ce
2459 1580 74 47 qui
2558 1587 70 33 est

1467 1651 23 23 e
1531 1634 207 43 meilleur
1780 1634 275 43 rendement
2098 1636 82 41 des
2219 1654 191 34 garages
2451 1636 176 44 étudiés

1458 1695 106 48 dans
1596 1707 118 33 cette
1747 1696 151 42 étude.

1520 1780 103 42 Plus
1671 1783 42 40 la
1759 1792 139 40 pente
1951 1782 138 43 d'une
2137 1801 159 34 rampe
2340 1794 66 32 est
2453 1785 171 49 élevée,

1455 1848 144 40 moins
1625 1844 85 43 elle
1742 1844 147 53 prend
1919 1844 59 42 de
2003 1846 130 50 place
2250 1847 95 42 cela
2372 1865 48 25 se
2445 1851 184 49 conçoit

1460 1907 223 41 lisément.
1807 1906 136 43 Aussi
1971 1909 62 42 les
2062 1907 286 47 Américains
2377 1909 151 44 ont-ils
2556 1912 73 39 été

1470 1967 161 50 usqu'à
1667 1967 61 42 20
1761 1986 103 33 p.c.,
1901 1986 87 37 car,
2027 1970 233 51 disent-ils,
2295 1971 28 42 il
2353 1974 144 41 existe
2526 1988 77 25 sou-

1463 2041 96 31 vent
1584 2028 110 43 chez
1720 2047 87 25 eux
1838 2031 82 41 des
1943 2041 155 33 routes
2124 2035 73 48 qui
2225 2043 80 31 ont
2330 2043 119 34 cette
2474 2043 151 41 pente.

1450 2091 127 45 Nous
1615 2109 56 26 ne
1709 2093 61 44 les
1805 2096 210 42 suivrons
2051 2111 82 34 pas
2168 2111 73 27 sur
2276 2112 51 26 ce
2367 2095 264 51 dangereux

1449 2152 182 47 chemin
1667 2166 44 31 et
1748 2173 56 25 ne
1841 2154 304 51 dépasserons
2180 2175 82 33 pas
2298 2157 39 41 le
2371 2157 164 45 chiffre
2572 2156 57 43 de

1460 2216 8 40 î
1489 2214 20 43 5
1544 2233 86 33 p.c.
1669 2216 76 51 (ce
1771 2222 74 47 qui
1870 2229 68 31 est
1964 2217 228 43 d'ailleurs
2220 2219 56 42 de
2302 2217 128 46 l'avis
2457 2220 59 42 de
2538 2236 69 26 cer-

1451 2279 115 45 tains
1599 2278 287 46 Américains
1917 2283 152 41 même
2100 2281 41 41 la
2174 2279 231 46 meilleure
2435 2292 139 41 pente
2603 2283 26 40 à

1454 2339 177 43 donner
1662 2358 90 24 aux
1779 2341 230 51 rampes).

1521 2461 289 52 Rampes
1865 2464 308 49 doubles.
2203 2466 135 42 —Si
2365 2466 62 43 les
2453 2466 149 43 Améri-

1452 2526 125 40 cains
1611 2524 260 45 admettent
1907 2526 41 42 la
1985 2529 220 39 nécessité
2244 2526 108 44 d'un
2390 2543 241 27 ascenseur

1452 2603 117 33 pour
1598 2586 85 42 125
1709 2587 273 47 voitures,ils
2002 2587 294 44 considèrent
2319 2590 167 51 qu'une
2507 2590 125 43 seule

1453 2664 159 35 rampe
1640 2648 128 44 suffit
1791 2667 119 33 pour
1937 2649 93 43 300
2054 2654 213 46 voitures,
2298 2662 44 31 et
2372 2651 233 52 qu'au-des-

1452 2727 74 27 sus
1552 2710 57 43 de
1636 2710 93 41 300
1756 2715 212 46 voitures,
1997 2711 28 42 il
2053 2712 96 44 faut
2174 2713 121 41 deux
2319 2729 193 34 rampes,
2543 2732 89 24 une

1453 2789 118 33 pour
1599 2772 42 42 la
1671 2776 187 41 montée
1887 2786 45 31 et
1967 2791 88 27 une
2085 2791 118 35 pour
2232 2774 42 43 la
2307 2775 228 46 descente.
2569 2775 62 44 Le

1455 2833 128 45 débit
1609 2834 40 42 d'
1658 2851 61 27 un
1740 2836 59 42 tel
1820 2838 199 47 système
2039 2840 127 40 étant
2185 2835 242 45 considéré
2448 2855 183 26 comme

1453 2900 339 47 pratiquement
1815 2897 186 50 illimité.

1523 2981 189 52 Chaque
1746 3000 159 34 rampe
1937 3001 109 25 aura
2079 2983 42 43 la
2154 2984 179 51 largeur
2366 2985 138 44 d'une
2536 2990 72 38 voi-

1455 3055 95 33 ture
1580 3059 45 31 et
1653 3044 162 51 demie,
1847 3048 89 43 soit
1963 3045 24 42 2
2023 3066 59 24 m.
2124 3046 58 43 70
2211 3065 57 24 au
2295 3048 252 53 minimum,
2582 3066 50 25 ce

1456 3112 73 45 qui
1552 3106 42 42 la
1616 3118 147 40 porte,
1789 3125 114 24 avec
1926 3108 63 42 les
2012 3112 216 45 trottoirs,
2255 3113 26 38 à
2307 3109 23 42 3
2356 3130 58 24 m.
2450 3111 68 45 10.
2544 3110 89 45 Ces

1458 3168 120 42 deux
1618 3186 185 34 rampes
1846 3182 204 39 peuvent
2091 3174 94 40 être
2227 3171 284 51 remplacées
2551 3187 82 36 par

1455 3248 88 27 une
1571 3248 160 35 rampe
1761 3231 172 45 double
1962 3236 74 48 qui
2065 3235 145 40 aurait
2238 3234 121 43 alors
2387 3235 42 42 la
2457 3236 176 50 largeur

1458 3292 58 43 de
1551 3293 121 43 deux
1703 3295 202 45 voitures
1940 3308 46 31 et
2024 3295 150 44 demie
2210 3299 27 39 à
2274 3299 108 42 trois
2417 3299 211 46 voitures,

1455 3358 88 41 soit
1575 3368 128 32 entre
1738 3356 27 42 4
1799 3375 57 26 m.
1895 3356 61 44 50
1987 3371 44 32 et
2064 3356 22 44 5
2121 3377 59 26 m.
2217 3358 76 44 40.
2330 3358 61 43 La
2424 3363 207 49 question

197 3532 522 52 SUPPLEMENT
783 3535 112 51 AU
959 3535 334 52 VOLUME
1362 3534 99 52 VL
1664 3536 79 50 N°
1811 3555 28 45 9
1904 3537 101 51 DE
2078 3556 30 32 «
2171 3537 100 52 LA
2337 3538 179 51 CITE
2580 3556 47 33 ».
