2791 3957
1841 248 312 55 TEK
2238 253 51 50 H
2373 255 52 49 N
2510 256 43 49 E

2406 3700 160 72 147

355 1780 72 33 Fig.
456 1780 115 46 VIII.
594 1780 23 46 —
640 1780 93 46 Type
758 1784 41 26 de
826 1791 131 26 garage
980 1784 189 29 américain
1196 1791 85 24 avec
1308 1792 66 23 une
1402 1795 120 26 rampe
1547 1795 89 27 pour
1669 1789 33 29 la
1728 1791 140 28 montée
1893 1794 37 26 et
1957 1799 67 21 une
2050 1798 120 27 rampe
2198 1799 88 27 pour
2319 1793 31 27 la

354 1817 169 28 descente
556 1819 149 33 (garage
736 1820 42 27 de
809 1820 32 29 la
870 1821 199 28 New-York
1101 1821 197 32 Taxi-Cabs
1328 1817 229 45 Company).
1582 1817 26 45 —
1633 1817 51 45 Le
1716 1834 128 26 garage
1870 1831 183 31 comporte
2077 1830 23 26 4
2125 1830 132 32 étages.
2286 1829 63 28 Les

353 1854 91 27 trois
472 1855 173 33 premiers
675 1859 84 25 sont
784 1857 180 28 desservis
992 1865 62 27 par
1084 1860 50 27 les
1163 1865 152 29 rampes,
1342 1860 27 27 le
1390 1862 209 35 quatrième,
1621 1864 142 27 réservé
1782 1864 19 28 à
1823 1866 31 27 la
1874 1864 199 33 réparation
2095 1867 63 26 des
2178 1866 169 33 voitures,

352 1893 55 25 est
436 1892 158 27 desservi
623 1899 60 27 par
708 1893 91 28 deux
825 1899 223 23 ascenseurs.
1075 1895 74 28 Une
1172 1895 134 28 cloison
1334 1898 127 32 sépare
1491 1899 30 27 la
1557 1906 118 26 rampe
1707 1902 181 27 montante
1917 1901 42 27 de
1989 1901 33 29 la
2051 1909 120 28 rampe
2199 1904 129 27 descen-

355 1928 115 30 dante.
503 1930 65 26 Des
600 1929 143 28 rideaux
774 1931 196 33 coupe-feu
1002 1935 36 25 et
1066 1932 63 27 des
1159 1934 122 32 portes
1309 1933 19 28 à
1354 1934 198 28 fermeture
1576 1937 243 34 automatique
1848 1940 82 26 sont
1953 1939 129 33 prévus
2107 1946 88 27 pour
2220 1940 129 28 limiter

1037 1968 49 28 les
1123 1969 125 33 dégâts
1286 1977 39 21 en
1364 1977 59 22 cas
1460 1971 209 29 d'incendie.

131 2078 138 51 qu'au
303 2095 169 35 garage
510 2079 198 45 derrière
739 2098 60 28 un
832 2090 208 40 tracteur,
1077 2081 108 44 elles
1216 2098 75 34 gra-

127 2145 156 41 viront
310 2145 120 39 aussi
456 2141 108 45 bien
594 2142 41 42 la
666 2160 160 34 rampe
858 2144 197 42 derrière
1082 2161 52 26 ce
1164 2147 152 38 même

129 2214 200 33 tracteur
355 2208 87 47 qui,
474 2204 71 51 lui,
574 2218 113 38 peut
712 2203 112 44 aller
847 2224 75 24 sur
948 2215 150 34 toutes
1126 2205 64 43 les
1216 2222 75 24 rou-

129 2278 80 33 tes.
239 2265 68 44 Or
311 2311 8 12 ?
352 2267 42 42 la
417 2284 162 34 rampe
602 2278 66 32 est
689 2284 90 25 une
801 2276 132 35 route
959 2268 240 52 ordinaire,
1227 2285 89 26 une

127 2340 134 33 route
285 2332 75 48 qui
382 2341 173 32 monte.
583 2329 31 43 Il
639 2329 80 51 n'y
738 2347 110 25 aura
874 2330 57 42 de
956 2330 249 44 difficultés
1229 2348 87 34 que

127 2394 35 39 si
203 2392 42 42 la
284 2410 161 33 rampe
486 2405 66 30 est
592 2393 91 42 mal
723 2392 330 44 conditionnée
1093 2405 44 31 et
1176 2399 33 38 si
1253 2392 63 42 les

126 2457 182 49 virages
336 2467 106 32 sont
470 2454 214 45 difficiles
708 2458 26 38 à
759 2454 213 53 prendre,
1001 2473 52 25 ce
1080 2460 74 46 qui
1181 2455 113 42 résul-

127 2528 98 31 tera
257 2517 124 44 alors
416 2516 110 46 d'un
563 2519 100 41 vice
700 2518 57 43 de
792 2521 313 39 construction
1143 2519 62 41 du
1239 2536 51 33 ga-

126 2596 123 34 rage.

199 2689 271 52 Garage
549 2692 224 44 mixte.
925 2692 74 45 Un
1043 2694 59 41 tel
1149 2709 167 34 garage

126 2753 261 51 comprend
411 2759 26 39 à
460 2753 41 41 la
526 2753 87 45 fois
636 2771 161 34 rampe
821 2767 44 31 et
886 2772 278 30 ascenseurs.
1192 2754 124 44 C'est

129 2816 40 43 le
192 2832 77 25 cas
300 2815 60 42 du
384 2833 170 33 garage
578 2815 63 42 La
669 2815 134 49 Salle,
834 2819 26 39 à
885 2815 204 52 Chicago
1124 2816 103 52 (fig.
1255 2815 60 49 V,

126 2874 65 45 VI
218 2887 45 33 et
282 2874 135 54 VII).

197 2963 65 42 Ce
291 2981 169 34 garage
487 2975 245 40 comporte
759 2982 89 27 une
877 2983 162 34 rampe
1065 2967 61 42 de
1159 2966 26 44 2
1201 2967 10 42 1
1252 2984 60 25 m.

131 3026 60 44 de
209 3026 240 50 diamètre,
475 3044 53 27 ce
550 3027 224 45 diamètre
798 3028 58 42 de
875 3031 159 49 virage
1055 3032 128 39 étant
1209 3029 107 46 bien

127 3092 235 49 supérieur
384 3092 27 38 à
433 3089 114 42 celui
573 3089 59 44 de
654 3100 154 33 toutes
834 3091 64 42 les
921 3092 216 48 voitures.
1175 3090 141 51 (Voir

127 3149 206 52 Tekhné,
367 3170 30 33 p
456 3151 138 51 116).
628 3151 120 43 Elles
778 3169 204 34 peuvent
1014 3164 185 32 monter
1225 3155 91 40 très

130 3214 265 45 facilement
416 3217 26 38 à
463 3224 102 34 tous
591 3215 64 42 les
677 3217 244 49 étages;on
942 3219 146 38 aurait
1113 3234 62 34 pu
1197 3219 118 38 aussi

126 3274 111 46 bien
264 3295 58 26 ne
352 3276 181 43 donner
558 3278 26 40 à
611 3285 122 35 cette
760 3294 161 34 rampe
950 3294 90 33 que
1075 3277 56 43 18
1162 3294 60 27 m.
1256 3276 58 42 de

130 3337 238 46 diamètre,
399 3342 118 39 mais
543 3356 88 25 une
663 3341 180 40 voiture
873 3343 74 46 qui
975 3342 147 42 aurait
1152 3360 55 23 eu
1235 3339 52 43 be-

126 3404 101 43 soin
257 3401 62 45 de
349 3412 121 34 cette
501 3401 180 51 largeur
710 3419 119 33 pour
860 3412 185 33 tourner
1076 3405 146 39 aurait
1251 3418 63 34 pu

1392 2086 96 39 être
1517 2085 305 45 immobilisée
1852 2104 75 24 sur
1958 2087 41 41 la
2031 2104 161 34 rampe
2227 2091 25 39 à
2284 2089 41 42 la
2358 2089 212 43 moindre

1392 2144 151 45 fausse
1575 2164 272 27 manœuvre
1879 2159 44 32 et
1952 2152 138 47 gêner
2119 2151 41 41 le
2191 2150 143 47 trafic.

1461 2242 63 43 La
1554 2262 159 34 rampe
1744 2245 56 45 de
1828 2264 53 24 ce
1907 2264 168 35 garage
2103 2259 159 33 monte
2294 2260 126 32 entre
2450 2250 120 43 deux

1390 2323 123 27 murs
1540 2326 53 25 en
1622 2311 294 47 maçonnerie
1942 2314 73 46 qui
2044 2328 58 26 ne
2126 2312 266 49 pourraient
2417 2311 153 45 laisser

1392 2386 158 33 passer
1574 2371 9 41 1
1606 2370 211 45 incendie
1844 2387 86 33 que
1956 2390 83 32 par
2064 2372 63 42 les
2155 2373 119 42 deux
2306 2384 263 38 ouvertures

1394 2430 57 44 de
1485 2434 189 42 montée
1710 2445 43 31 et
1789 2432 57 45 de
1883 2433 214 43 descente
2150 2435 88 42 Ces
2275 2436 117 42 deux
2426 2437 139 48 baies,

1392 2493 135 44 libres
1556 2513 56 27 en
1637 2506 152 40 temps
1815 2495 241 56 ordinaire,
2086 2512 104 30 sont
2221 2497 196 43 fermées
2439 2508 104 32 auto-

1391 2559 335 47 matiquement
1764 2577 56 23 en
1860 2575 77 26 cas
1978 2558 258 45 d'incendie
2274 2576 84 33 par
2398 2559 78 43 des
2516 2564 36 38 ri-

1394 2617 149 43 deaux
1573 2619 247 50 coupe-feu
1852 2638 87 33 que
1971 2620 93 42 l'on
2100 2622 223 51 distingue
2353 2626 90 40 très
2474 2633 72 31 net-

1391 2690 175 34 tement
1598 2699 74 24 sur
1701 2683 41 42 la
1775 2682 143 51 figure
1947 2682 96 43 VII.

1460 2793 44 41 A
1543 2793 246 46 l'intérieur
1830 2794 56 42 de
1926 2794 40 42 la
2006 2812 158 34 rampe
2201 2804 105 33 sont
2345 2796 63 46 les
2448 2795 122 43 deux

1392 2856 383 41 monte-voitures
1811 2873 182 27 comme
2032 2857 218 50 l'indique
2287 2860 40 41 le
2363 2859 108 49 plan
2512 2857 56 42 de

1390 2918 42 42 la
1470 2917 75 51 fig.
1582 2916 77 48 VI.

1460 3028 63 43 Le
1561 3029 131 44 trafic
1730 3049 56 24 ne
1824 3048 47 25 se
1912 3029 80 44 fait
2030 3033 165 48 jamais
2232 3031 107 51 qu'à
2376 3050 59 28 un
2474 3032 94 42 seul

1390 3109 102 26 sens
1524 3109 76 25 sur
1632 3091 41 42 la
1707 3109 171 33 rampe,
1917 3104 45 32 et
1998 3094 64 43 les
2094 3110 265 26 ascenseurs
2394 3094 103 47 font
2530 3095 39 42 le

1389 3153 133 43 trafic
1558 3156 191 49 opposé,
1787 3154 278 43 c'est-à-dire
2099 3173 99 33 que,
2238 3156 40 44 le
2312 3161 155 46 matin,
2508 3156 62 42 les

1387 3220 203 39 voitures
1622 3226 227 35 sortantes
1882 3217 286 44 descendent
2201 3236 86 33 par
2318 3219 41 42 la
2392 3236 173 33 rampe,

1389 3277 152 46 tandis
1583 3295 88 35 que
1713 3280 63 44 les
1818 3281 202 43 voitures
2060 3290 258 32 rentrantes
2358 3290 212 33 montent

1387 3357 85 35 par
1495 3341 43 45 le
1563 3344 393 51 monte-voitures,
1985 3360 77 24 car
2086 3340 111 46 elles
2221 3355 105 31 sont
2352 3343 42 42 la
2424 3344 116 40 mino-

1388 3407 93 38 rité.
1517 3403 61 44 Le
1607 3407 102 52 soir,
1743 3421 185 26 comme
1957 3405 41 43 le
2028 3405 131 44 trafic
2189 3414 213 36 montant
2431 3417 67 32 est
2527 3404 41 43 le

130 3574 523 53 SUPPLEMENT
716 3575 113 52 AU
892 3574 337 54 VOLUME
1296 3574 99 54 VL
1597 3576 81 51 N°
1744 3595 30 45 9
1838 3577 102 51 DE
2013 3596 30 32 «
2106 3577 100 52 LA
2272 3577 181 52 CITE
2518 3595 52 33 ».
