2791 3957
1823 214 315 51 TEK
2221 213 52 51 H
2357 213 53 51 N
2494 214 42 50 E

2441 3665 157 75 155

193 398 63 42 M.
287 396 181 42 Fischer
494 414 25 22 a
544 393 190 52 rappelé
761 393 42 42 la
829 395 220 40 nécessité
1074 391 228 43 d'étudier

125 461 64 47 les
210 476 195 34 moyens
429 457 57 45 de
509 456 111 42 lutte
640 464 160 33 contre
821 454 64 42 les
907 452 149 45 taudis
1082 464 45 32 et
1147 452 130 44 l'amé-

124 523 214 42 lioration
365 519 274 51 hygiénique
666 517 81 43 des
771 515 274 44 immeubles
1071 518 230 39 existants.

195 581 175 45 Toutes
391 598 76 25 ces
492 581 235 50 questions
756 577 153 47 feront
931 575 167 54 l'objet
1122 575 59 44 de
1203 589 77 36 rap-

124 654 134 43 ports
293 640 221 45 détaillés.

195 704 245 52 Signalons
463 705 119 39 aussi
605 720 90 33 que
720 700 41 43 le
786 700 177 42 Bureau
985 699 322 42 international

128 767 65 42 du
219 766 183 43 Travail
429 765 152 42 s'était
608 763 83 42 fait
719 764 288 50 représenter
1032 778 83 34 par
1141 777 60 26 un
1229 759 52 43 dé-

131 831 132 49 légué
291 831 27 38 à
344 838 121 32 cette
492 824 259 44 assemblée
778 826 76 49 qui
885 840 58 27 ne
969 838 101 26 sera
1096 840 84 34 pas
1206 838 104 25 sans

132 889 278 44 lendemain.
485 887 224 41 Plusieurs
779 887 232 49 questions
1082 882 229 43 abordées

131 952 144 49 n'ont,
309 968 55 26 en
393 949 129 49 effet,
556 965 63 35 pu
647 950 95 41 être
769 946 174 51 réglées
974 962 42 26 ».

202 1073 148 44 PRIX
383 1070 314 45 EDOUARD
729 1068 324 54 FRANÇOIS.
1247 1066 67 44 En

134 1139 216 41 souvenir
379 1136 58 43 de
465 1134 94 42 leur
586 1136 122 52 père,
739 1132 63 44 M.
837 1130 219 44 Edouard
1082 1129 228 52 François,

137 1198 116 43 MM.
305 1197 213 46 Célestin,
571 1195 127 50 Jean,
750 1193 208 51 Auguste
1006 1202 45 31 et
1096 1190 219 45 Edouard

136 1260 219 51 François
381 1268 80 32 ont
490 1258 82 42 fait
598 1256 100 43 don
725 1259 26 38 à
778 1255 41 42 la
846 1255 121 43 Ville
993 1254 60 43 de
1084 1252 233 44 Bruxelles

139 1322 112 42 d'un
285 1320 168 52 capital
491 1320 57 43 de
591 1317 208 48 100,000
838 1317 151 43 francs
1020 1316 60 43 de
1115 1314 42 43 la
1193 1314 125 43 dette

140 1383 222 52 publique
400 1382 57 43 de
496 1381 219 50 Belgique
757 1378 24 43 3
821 1397 87 34 p.c.
951 1378 25 42 2
984 1388 15 17 e
1034 1379 126 48 série,
1204 1374 116 44 dont

140 1447 64 43 les
235 1447 188 43 intérêts
451 1446 226 40 serviront
705 1444 26 38 à
757 1444 125 38 créer
909 1458 59 24 un
998 1442 101 49 prix
1127 1436 192 44 triennal

143 1508 58 43 de
237 1506 311 51 composition
589 1503 351 43 d'architecture
974 1499 347 44 monumentale

142 1573 27 38 à
220 1566 294 45 l'Académie
561 1565 180 51 Royale
793 1565 82 41 des
923 1562 286 44 Beaux-Arts
1263 1560 59 40 de

143 1630 247 44 Bruxelles.

213 1692 65 43 Ce
307 1696 102 48 prix
437 1707 100 27 sera
570 1689 196 42 décerné
799 1691 26 39 à
856 1687 42 42 la
928 1690 113 41 suite
1073 1686 29 42 d
1123 1704 60 24 un
1218 1701 80 25 con-

144 1772 133 27 cours
317 1755 210 49 organisé
565 1751 376 43 conformément
976 1766 58 24 au
1073 1746 253 52 règlement

145 1816 255 45 ci-dessous
437 1833 8 23 :

216 1879 115 42 Sont
355 1875 150 47 admis
525 1893 61 24 au
610 1889 236 33 concours,
880 1874 64 45 les
969 1871 268 42 architectes
1261 1871 44 39 ré-

147 1940 217 54 pondant
395 1955 90 25 aux
516 1936 264 43 conditions
813 1938 231 39 suivantes
1086 1951 8 23 :

218 2002 105 44 Etre
357 2000 160 51 Belge;

218 2064 106 44 Etre
355 2066 86 48 âgé
473 2061 58 43 de
562 2064 153 39 moins
749 2060 57 42 de
840 2058 60 42 30
932 2073 82 27 ans
1045 2075 58 24 au
1141 2056 10 42 ler1
1167 2063 33 18 er
1234 2058 72 49 jan-

149 2131 98 38 vier
276 2126 58 45 de
363 2125 183 42 l'année
575 2123 60 42 du
662 2136 244 32 concours;

219 2188 107 44 Etre
352 2187 132 44 élève
513 2202 59 25 ou
598 2188 161 40 ancien
785 2183 128 42 élève
941 2182 80 42 des
1045 2197 132 28 cours
1201 2181 104 49 supé-

152 2253 140 41 rieurs
327 2248 365 48 d'architecture,
726 2244 185 44 Section
941 2244 56 55 A,
1033 2244 58 44 de
1122 2240 186 46 l'Acadé-

155 2317 89 41 mie
280 2313 161 50 royale
481 2310 80 44 des
600 2307 287 45 Beaux-Arts
928 2306 58 44 de
1025 2304 229 45 Bruxelles
1291 2312 46 33 et

155 2379 129 39 avoir
316 2374 176 42 obtenu
520 2390 89 26 une
641 2371 264 42 distinction
938 2368 114 43 dans
1085 2385 77 24 ces
1188 2381 144 26 cours.

223 2437 87 42 Les
354 2433 258 46 demandes
659 2431 303 44 d'admission
1010 2430 190 42 doivent
1244 2430 93 40 être

157 2500 250 48 adressées,
454 2514 84 35 par
578 2498 121 53 écrit,
745 2497 27 39 à
812 2493 62 43 M.
922 2493 40 43 le
1005 2491 237 43 Directeur
1284 2488 55 41 de

157 2561 294 43 l'Académie
478 2558 181 51 Royale
689 2557 80 42 des
798 2554 302 48 Beaux-Arts,
1130 2559 143 36 avant
1298 2550 43 44 le

156 2627 65 40 20
246 2623 128 44 août.

228 2686 63 42 Le
322 2700 226 28 concours
574 2699 111 25 aura
714 2682 87 42 lieu
829 2699 56 25 en
913 2677 276 52 septembre.
1223 2675 120 43 Pour

160 2751 63 43 les
254 2749 165 42 détails
449 2746 376 51 d'organisation,
858 2740 250 43 s'adresser
1135 2743 27 40 à
1190 2738 128 42 l'Aca-

162 2811 152 42 démie
349 2808 181 52 Royale
567 2808 80 43 des
682 2804 302 49 Beaux-Arts,
1029 2802 10 42 1
1057 2801 76 53 44,
1170 2819 81 25 rue
1282 2797 62 43 du

162 2873 128 50 Midi,
324 2876 26 38 à
378 2869 247 45 Bruxelles.

232 3006 295 46 CONGRES
556 3001 519 49 INTERNATIONAL
1102 3000 114 44 DES
1243 2996 72 46 AR-

165 3069 344 45 CHITECTES
547 3067 139 45 1927.
818 3065 66 44 Ce
917 3063 210 51 Congrès
1158 3081 48 24 se
1237 3062 89 40 tien-

167 3135 82 43 dra
270 3138 28 39 à
321 3133 63 43 La
407 3132 147 51 Haye,
581 3128 305 45 Amsterdam
908 3139 45 32 et
974 3123 290 49 Rotterdam,
1289 3121 61 43 du

168 3197 60 43 29
263 3200 110 43 août
403 3213 58 24 au
492 3194 27 43 4
552 3190 278 55 septembre.
865 3190 85 43 Les
985 3189 177 43 thèmes
1195 3185 156 54 portés

168 3264 25 39 à
222 3259 173 45 l'ordre
425 3258 61 42 du
515 3261 104 49 jour
645 3268 107 32 sont
787 3272 8 23 :

237 3322 58 42 A.
343 3321 85 42 Les
470 3334 226 27 concours
742 3316 370 43 internationaux
1161 3309 167 43 d'archi-

169 3395 163 37 tectes;
365 3384 49 42 B.
449 3382 63 42 La
539 3382 264 50 protection
833 3377 147 52 légale
1012 3375 61 42 du
1103 3378 101 39 titre
1235 3373 29 42 d
1286 3388 44 25 ar-

1372 392 214 49 chitecte;
1617 392 50 45 C.
1698 392 63 43 La
1787 396 260 48 protection
2075 391 65 45 du
2168 391 120 42 droit
2317 391 229 45 d'auteur;

1374 454 58 45 D.
1474 454 64 43 La
1575 454 191 44 relation
1802 464 127 33 entre
1965 452 278 45 l'architecte
2262 477 15 8 -
2298 451 171 43 conseil
2504 459 45 35 et

1378 515 278 43 l'architecte
1674 541 15 7 -
1708 525 347 41 entrepreneur;
2091 514 47 48 E.
2176 514 61 44 Le
2268 513 254 49 développe-

1378 590 127 32 ment
1526 581 232 47 artistique
1780 577 60 43 de
1863 576 331 43 l'architecture
2216 576 163 49 depuis
2411 575 9 41 1
2438 572 111 44 900.

1379 638 62 42 La
1458 642 244 38 cotisation
1726 638 80 42 des
1828 637 232 43 membres
2083 635 247 44 adhérents
2348 635 64 43 du
2432 635 90 42 Con-

1373 702 101 49 grès
1493 710 67 31 est
1580 700 57 41 de
1665 700 10 41 1
1692 699 27 41 4
1742 699 159 42 florins
1928 699 240 51 (monnaie
2188 695 364 48 néerlandaise).

1450 772 63 44 La
1540 776 243 40 cotisation
1811 783 68 34 est
1903 772 60 44 de
1992 772 26 40 8
2051 771 157 43 florins
2236 788 118 35 pour
2380 770 63 44 les
2474 771 54 41 da-

1383 852 97 25 mes
1507 844 372 41 accompagnant
1905 833 62 44 les
1992 833 230 43 membres
2249 833 61 42 du
2334 832 219 51 Congrès.

1385 896 132 43 Cette
1540 899 242 39 cotisation
1809 896 94 41 leur
1926 895 158 44 donne
2110 894 41 42 le
2179 894 123 43 droit
2325 893 203 43 d'accom-

1385 975 174 35 pagner
1592 960 63 42 les
1686 960 323 47 congressistes
2044 956 113 43 dans
2189 957 64 41 les
2284 958 271 48 réceptions,

1384 1023 154 43 visites
1559 1031 45 32 et
1625 1022 275 41 excursions.

1456 1092 85 48 Les
1574 1092 231 44 membres
1842 1090 248 42 adhérents
2123 1103 243 31 recevront
2397 1092 141 49 gratui-

1388 1164 174 36 tement
1589 1164 149 34 toutes
1764 1155 64 42 les
1853 1151 308 53 publications
2188 1150 61 43 du
2274 1151 217 50 Congrès.

1458 1228 86 46 Les
1566 1228 233 44 membres
1822 1237 105 33 sont
1954 1229 119 48 priés
2100 1225 252 52 d'envoyer
2377 1226 166 42 directe-

1391 1303 127 31 ment
1564 1293 41 42 le
1651 1299 216 33 montant
1912 1288 114 43 total
2073 1287 60 42 de
2180 1304 75 26 ces
2302 1286 266 44 cotisation*

1401 1353 256 52 (membres
1694 1350 248 43 adhérents
1978 1364 45 32 et
2059 1350 184 50 dames)
2288 1353 27 38 à
2350 1348 218 42 l'adresse

1395 1415 58 42 du
1484 1418 210 40 trésorier
1725 1414 60 41 du
1813 1414 182 49 comité,
2030 1410 50 46 Ir.
2112 1412 57 43 A.
2202 1411 36 51 J.
2270 1428 43 33 v.
2346 1411 44 42 d.
2422 1411 143 45 Steur,

1396 1475 354 49 Harmoniehof,
1802 1474 110 47 341,
1959 1472 311 50 Amsterdam,
2320 1471 247 46 Hollande,

1395 1557 82 33 par
1501 1538 347 51 mandat-poste
1874 1553 59 25 ou
1954 1536 107 43 bien
2084 1552 84 34 par
2189 1538 226 39 virement
2436 1537 28 39 à
2487 1549 84 29 son

1395 1611 188 40 compte
1617 1599 178 50 chèque
1826 1603 152 47 postal
2011 1607 48 33 n°
2095 1595 178 45 44701.

1463 1673 69 45 En
1559 1691 76 26 cas
1663 1671 421 52 d'empêchement,
2114 1688 75 27 ces
2215 1672 265 40 cotisations
2508 1684 44 24 se-

1399 1748 103 31 ront
1537 1738 266 40 retournées
1839 1738 34 38 si
1911 1734 42 42 la
1988 1735 389 39 communication
2415 1749 58 28 en
2508 1738 69 35 est

1399 1814 235 35 parvenue
1663 1814 58 25 au
1748 1796 175 44 bureau
1954 1809 141 31 avant
2123 1795 41 43 le
2195 1793 57 42 22
2289 1797 122 44 août.

1470 1871 61 42 Le
1568 1887 296 35 programme
1903 1868 183 43 détaillé
2124 1868 80 42 des
2240 1871 260 42 excursions
2535 1876 44 32 et

1402 1933 258 51 réceptions
1693 1934 112 39 ainsi
1839 1948 87 34 que
1961 1931 41 41 la
2036 1929 97 46 liste
2168 1929 81 45 des
2283 1932 296 49 participants

1401 2006 154 31 seront
1597 1995 352 49 communiqués
1987 1992 383 50 ultérieurement.

1473 2171 340 45 CONCOURS
1832 2195 16 8 -
1869 2169 369 44 EXPOSITION
2306 2168 80 43 DE
2451 2166 102 45 MAI-

1405 2237 152 44 SONS
1599 2233 474 46 INDIVIDUELLES
2113 2233 78 43 EN
2241 2232 137 44 1927.
2525 2230 65 44 Le

1405 2301 170 42 comité
1606 2299 59 43 de
1695 2308 259 44 patronage
1987 2297 83 44 des
2103 2295 296 45 Habitations
2429 2298 28 39 à
2488 2294 100 42 Bon

1407 2364 191 44 Marché
1628 2371 46 36 et
1705 2364 59 42 de
1792 2362 47 46 la
1868 2362 301 50 Prévoyance
2200 2359 168 43 sociale
2403 2359 60 42 du
2499 2357 60 42 Dé-

1408 2435 262 44 partement
1695 2427 59 44 de
1780 2427 45 43 la
1849 2425 136 43 Seine
2011 2440 143 27 ouvre
2181 2441 58 25 un
2267 2423 238 42 Concours
2530 2420 61 42 de

1409 2495 176 48 projets
1615 2491 59 44 de
1696 2493 207 42 maisons
1927 2493 29 39 à
1980 2488 97 43 bon
2106 2486 185 43 marché
2316 2501 120 37 pour
2460 2482 43 45 le
2528 2481 42 43 lo-

1412 2564 186 43 gement
1630 2552 31 45 d
1682 2569 90 28 une
1801 2552 128 45 seule
1961 2549 187 49 famille.

1481 2634 62 41 Le
1565 2634 103 52 prix
1691 2632 59 43 de
1772 2630 43 44 la
1839 2629 310 45 construction
2173 2634 301 46 proprement
2500 2624 93 43 dite

1414 2714 56 25 ne
1517 2697 144 43 devra
1703 2712 87 36 pas
1830 2693 223 52 dépasser
2102 2689 179 47 38,000
2333 2689 151 42 francs
2524 2684 70 46 sil

1416 2759 132 52 s'agit
1587 2759 138 43 d'une
1762 2759 179 40 maison
1980 2757 59 42 de
2076 2757 111 39 trois
2223 2756 153 48 pièces
2413 2750 103 53 plus
2554 2752 43 41 la

1418 2825 178 47 cuisine,
1628 2833 44 33 et
1695 2819 180 48 45,000
1906 2819 150 41 francs
2078 2816 67 43 s'il
2168 2816 133 50 s'agit
2323 2815 139 41 d'une
2484 2815 83 40 mai-

1416 2905 87 26 son
1534 2888 60 41 de
1626 2893 160 45 quatre
1819 2885 151 51 pièces
1998 2880 104 53 plus
2136 2881 44 43 la
2207 2881 184 41 cuisine.

1486 2963 63 43 Le
1571 2976 227 29 concours
1823 2968 68 33 est
1921 2966 163 35 ouvert
2109 2961 27 38 à
2161 2964 105 34 tous
2289 2953 66 44 les
2381 2953 192 43 architec-

1420 3037 66 31 tes
1528 3027 207 50 français,
1780 3027 128 39 étant
1949 3018 202 47 entendu
2191 3036 93 34 que
2325 3018 175 42 chacun
2541 3032 59 26 ne

1421 3107 167 35 pourra
1613 3090 238 50 présenter
1877 3086 103 53 plus
2011 3085 58 44 de
2096 3086 112 40 trois
2236 3084 214 42 maisons.
2481 3080 90 42 Tou-

1421 3156 148 47 tefois,
1594 3154 181 50 chaque
1792 3157 276 37 concurrent
2093 3163 170 38 pourra
2286 3147 234 50 présenter
2540 3160 63 30 mx

1424 3224 306 45 groupement
1768 3216 60 42 de
1863 3217 215 40 maisons.

1547 3306 51 51 («
1634 3304 87 43 Art
1749 3312 45 35 et
1825 3302 282 44 Décoration
2142 3318 41 34 »,
2215 3314 123 28 mars
2372 3297 166 50 1927.)

172 3565 522 56 SUPPLEMENT
759 3564 112 51 AU
933 3558 337 55 VOLUME
1337 3554 99 53 VI.
1637 3552 80 51 N°
1784 3569 29 46 9
1877 3550 101 51 DE
2051 3566 30 33 «
2143 3546 101 52 LA
2310 3544 179 52 CITE
2552 3559 48 33 ».
