2791 3957
1822 251 314 51 TEK
2220 250 50 50 H
2354 250 54 50 N
2493 251 41 50 E

2435 3702 158 73 149

358 1908 70 33 Fig.
456 1897 50 44 x.
531 1897 25 44 —
581 1897 100 44 Plan
711 1907 42 27 de
780 1911 128 28 garage
934 1905 20 27 à
980 1905 89 27 deux
1099 1909 138 28 rampes
1265 1902 277 32 concentriques
1580 1900 112 34 (Eliot
1725 1899 119 28 Street
1879 1899 146 33 Garage,
2057 1897 20 28 à
2111 1897 166 31 Boston).

359 1946 62 26 Les
448 1945 90 27 deux
567 1949 139 28 rampes
731 1941 273 34 concentriques
1032 1942 82 26 sont
1139 1938 296 29 incombustibles
1471 1946 6 19 :
1510 1938 94 27 l'une
1633 1939 55 25 est
1717 1935 163 28 réservée
1913 1935 19 28 à
1961 1934 33 28 la
2022 1933 137 28 montée
2189 1934 62 26 des
2281 1932 57 28 voi-

1060 1981 112 28 tures,
1206 1977 128 27 l'autre
1365 1975 19 28 à
1417 1975 34 28 la
1482 1975 178 26 descente.

142 2156 142 41 pente
308 2161 84 34 par
418 2142 80 42 des
521 2141 167 52 paliers
719 2140 57 42 de
802 2139 27 42 6
855 2140 178 54 mètres,
1063 2156 51 24 ce
1144 2140 73 49 qui
1244 2136 80 46 fait

143 2206 169 54 perdre
339 2223 91 26 une
458 2205 133 51 place
621 2201 341 48 considérable;
995 2218 59 24 ou
1082 2198 105 43 bien
1217 2215 81 26 con-

145 2273 147 41 tinuer
314 2271 42 42 la
379 2285 173 33 rampe,
580 2284 60 25 on
667 2286 57 25 ne
743 2274 113 42 peut
877 2264 120 42 alors
1019 2260 194 44 accéder
1237 2278 89 25 aux

146 2335 156 48 étages
324 2348 88 34 que
433 2347 82 34 par
539 2328 80 43 des
640 2325 376 44 raccordements
1034 2323 198 52 gauches
1252 2325 75 49 qui

146 2395 228 50 fatiguent
407 2393 64 43 les
503 2393 216 40 voitures.

216 2479 66 43 Ce
316 2477 204 54 procédé
556 2491 67 32 est
661 2474 261 53 également
955 2474 140 42 limité
1129 2476 27 39 à
1190 2472 42 42 la
1266 2471 42 42 di-

146 2546 213 40 mension
381 2541 60 43 du
462 2542 181 41 terrain,.
668 2538 128 42 Dans
816 2540 63 41 les
900 2537 131 52 plans
1053 2535 57 43 de
1136 2533 41 44 la
1197 2533 132 42 Taxi-

148 2605 125 43 Cabs
295 2603 260 54 Company,
583 2601 43 42 la
647 2618 162 34 rampe
832 2600 174 41 dessert
1026 2598 106 42 bien
1154 2601 41 42 le
1223 2596 80 41 deu-

147 2671 154 41 xième
332 2669 145 48 étage,
512 2669 114 39 mais
660 2664 40 43 le
731 2661 199 53 premier
958 2673 44 31 et
1032 2662 41 42 le
1103 2660 228 41 troisième

151 2742 81 32 ont
261 2730 81 44 des
371 2733 161 39 sorties
565 2730 25 38 à
616 2744 90 24 une
734 2727 239 41 extrémité
1004 2721 60 44 du
1091 2722 238 45 bâtiment,

150 2812 52 25 ce
232 2795 75 48 qui
338 2791 83 45 fait
450 2791 112 43 faire
592 2807 89 24 aux
709 2789 202 42 voitures
939 2804 60 25 un
1028 2784 181 43 chemin
1242 2784 70 40 inu-

151 2856 76 42 tile
258 2852 320 52 consdérable.
614 2850 138 44 Etant
783 2850 156 42 donné
971 2866 87 33 que
1087 2852 63 42 les
1179 2854 156 44 postes

153 2918 59 45 de
242 2918 177 50 lavage,
450 2916 63 44 les
539 2913 222 55 escaliers,
795 2913 66 43 les
883 2911 234 43 vestiaires
1141 2925 48 27 se
1214 2917 97 31 trou-

150 2994 113 32 vent
299 2980 290 51 superposés,
632 2987 43 33 et
714 2994 86 33 que
837 2975 64 44 les
937 2975 178 42 entrées
1155 2970 27 42 d
1205 2973 131 46 étage

153 3043 244 54 changent,
435 3046 30 42 il
498 3061 19 24 s
539 3040 147 43 ensuit
719 3055 88 27 une
842 3036 397 51 désorganisation
1274 3032 42 42 fa-

155 3108 90 42 tale
270 3108 26 39 à
322 3105 42 42 la
392 3103 159 45 bonne
576 3101 313 45 surveillance.

190 3180 138 42 Aussi
350 3179 64 43 les
434 3176 271 44 architectes
724 3174 271 43 américains
1016 3191 57 24 en
1097 3168 151 45 ont-ils
1270 3170 71 40 été

155 3245 191 40 amenés
374 3244 26 38 à
427 3238 221 45 chercher
675 3238 80 44 des
783 3236 133 52 plans
945 3235 73 42 d'é
1040 3243 17 32 t
1077 3250 25 24 a
1124 3250 28 33 g
1173 3251 23 24 e
1248 3230 62 42 ab-

155 3305 355 43 solument
553 3301 409 49 identiques
1007 3304 178 37 entre
1226 3309 118 26 eux

158 3378 46 34 et
229 3370 26 39 à
281 3370 130 43 avoir
439 3365 80 45 des
546 3364 223 43 éléments
799 3362 56 43 de
881 3377 162 34 rampe
1070 3357 274 53 superposés

160 3429 263 51 également
465 3424 281 48 semblables
791 3425 29 42 d
843 3426 131 48 étage
1018 3424 26 39 à
1089 3423 144 48 étage.
1282 3417 62 42 La

1398 2140 312 39 construction
1742 2153 49 24 se
1823 2133 301 51 standardise,
2164 2151 44 31 et
2243 2133 336 50 l'exploitation

1399 2200 273 50 également.
1707 2197 297 42 L'économie
2030 2196 187 43 réalisée
2244 2196 114 42 dans
2384 2194 41 42 la
2449 2210 105 26 cons-

1399 2264 196 41 truction
1615 2272 67 32 est
1702 2259 188 52 grande.
1913 2257 122 43 Tout
2056 2258 40 41 le
2117 2256 173 44 monde
2310 2256 84 44 sait
2414 2255 168 51 qu'une

1401 2326 178 40 maison
1612 2323 57 43 de
1703 2332 192 41 rapport
1923 2339 90 23 aux
2044 2325 157 46 étages
2228 2319 256 51 identiques
2514 2327 69 33 est

1404 2385 110 43 d'un
1536 2387 101 49 prix
1658 2384 58 43 de
1738 2386 175 41 revient
1938 2381 214 46 moindre
2172 2380 139 53 qu'un
2333 2380 123 43 hôtel
2479 2396 78 37 par-

1398 2446 184 51 ticulier.
1608 2445 190 42 D'autre
1818 2455 115 42 part,
1958 2446 41 41 la
2018 2443 299 43 surveillance
2338 2442 59 43 du
2417 2457 167 35 garage

1406 2509 186 43 devient
1622 2507 146 44 facile.
1802 2507 86 47 Les
1915 2506 278 54 chauffeurs,
2222 2520 141 36 ayant
2392 2523 61 24 un
2482 2521 75 35 par-

1405 2588 132 29 cours
1561 2573 208 49 toujours
1794 2570 234 50 identique
2055 2575 25 39 à
2107 2569 123 51 faire,
2259 2568 214 42 n'auront
2502 2584 82 33 pas

1409 2632 295 44 d'accidents.
1745 2632 61 44 Le
1841 2634 303 48 numérotage
2183 2631 79 43 des
2296 2631 154 50 places
2486 2645 101 26 sera

1408 2695 163 51 simple
1602 2709 45 32 et
1677 2698 208 48 toujours
1916 2694 40 43 le
1987 2696 151 39 même
2169 2696 26 38 à
2225 2692 176 51 chaque
2437 2694 147 47 étage.

1478 2781 135 42 Aussi
1638 2781 79 42 des
1741 2780 120 42 deux
1886 2779 132 52 plans
2041 2779 57 42 de
2119 2796 160 33 rampe
2304 2779 285 49 représentés

1410 2861 72 25 sur
1513 2847 41 41 la
1587 2843 142 51 figure
1762 2841 62 43 IX
1853 2859 115 25 nous
2003 2841 292 51 préférerons
2327 2840 41 41 la
2402 2838 166 52 disposi-

1412 2909 94 40 tion
1536 2906 59 42 du
1623 2906 108 50 plan
1762 2905 56 43 de
1848 2903 186 52 gauche.

1481 2980 65 44 En
1574 2980 126 49 effet,
1727 2981 40 43 le
1788 2979 227 42 bâtiment
2036 2980 263 49 représenté
2321 2993 73 26 sur
2420 2977 41 42 le
2481 2976 111 52 plan

1416 3043 56 45 de
1501 3043 147 43 droite
1675 3058 177 27 mesure
1881 3040 60 43 30
1973 3043 33 33 X
2041 3040 59 42 30
2130 3042 168 39 mètres
2324 3048 56 40 et,
2410 3054 184 26 comme

1415 3108 26 41 il
1472 3106 96 43 faut
1597 3105 56 44 de
1684 3103 56 43 35
1778 3107 25 38 à
1833 3102 57 44 45
1924 3105 168 39 mètres
2121 3119 117 34 pour
2267 3099 208 54 disposer
2506 3116 88 25 une

1417 3186 158 34 rampe
1606 3167 159 55 droite,
1801 3184 59 24 on
1889 3184 25 23 a
1944 3168 71 43 été
2046 3163 153 52 obligé
2230 3164 57 43 de
2317 3164 41 41 la
2390 3164 110 43 faire
2531 3179 44 24 re-

1418 3241 185 35 tourner
1642 3247 74 26 sur
1754 3247 59 27 un
1852 3230 104 39 côté
2003 3245 8 24 :
2056 3228 11 41 1
2090 3244 165 33 espace
2294 3224 147 52 perdu
2482 3223 115 42 dans

1419 3293 166 53 l'angle
1623 3307 66 30 est
1728 3289 334 52 considérable.
2105 3289 62 42 La
2208 3288 271 52 disposition
2517 3285 81 44 des

1418 3358 201 40 voitures
1654 3367 65 31 est
1752 3353 210 42 vicieuse.
2100 3351 43 43 Si
2178 3352 42 41 la
2252 3367 161 35 rampe
2446 3357 152 43 repart

1418 3438 56 24 en
1515 3421 180 41 suivant
1733 3417 64 42 les
1834 3432 134 32 murs,
2013 3415 209 42 l'arrivée
2262 3431 56 24 au
2357 3411 239 43 deuxième

163 3600 523 54 SUPPLEMENT
749 3598 113 52 AU
924 3593 336 54 VOLUME
1328 3589 100 53 VI.
1629 3589 81 51 N°
1776 3605 31 46 9
1870 3586 103 51 DE
2044 3603 31 33 «
2137 3583 102 52 LA
2305 3581 180 52 CITE
2549 3596 48 33 ».
