2791 3957
1911 236 316 50 TEK
2311 234 52 51 H
2447 233 56 50 N
2588 234 42 49 E

197 3682 167 72 144

829 1379 70 31 Fig.
940 1376 92 36 III.
1055 1376 23 36 —
1101 1376 92 36 Plan
1231 1379 80 26 d'un
1349 1384 129 28 garage
1513 1381 19 24 à
1567 1382 212 23 ascenseurs
1821 1376 188 32 (Portland

831 1416 118 26 Street
981 1416 146 33 Garage,
1159 1416 18 26 à
1211 1412 199 37 Boston).
1435 1412 25 37 —
1485 1412 50 37 Le
1567 1421 129 26 garage
1728 1416 86 31 peut
1849 1412 161 28 contenir

829 1452 73 26 444
939 1450 195 35 voitures.
1156 1450 43 35 II
1221 1450 172 35 comporte
1430 1452 22 26 5
1488 1452 134 32 étages.
1659 1450 102 30 Trois
1800 1454 211 23 ascenseurs

830 1489 117 32 placés
979 1489 81 26 côte
1090 1489 19 26 à
1144 1489 79 26 côte
1256 1490 159 26 montent
1445 1487 50 28 les
1528 1487 159 28 voitures
1717 1494 66 20 aux
1815 1486 196 27 différents

829 1525 132 32 étages.
988 1525 43 26 Le
1057 1525 77 32 plan
1161 1525 182 26 ci-dessus
1369 1527 56 24 est
1448 1524 32 27 le
1504 1523 77 34 plan
1607 1525 45 26 du
1681 1522 330 28 rez-de-chaussée.

1159 1561 103 32 (Voir
1295 1561 32 27 la
1356 1561 125 32 façade
1513 1560 64 34 fig.
1614 1560 58 33 II.)

265 1673 127 42 Dans
422 1676 195 39 certains
647 1672 139 50 Etats,
821 1674 42 41 la
894 1688 231 33 moyenne
1156 1670 82 43 des
1268 1680 110 31 taux

197 1736 291 42 d'assurance
514 1750 67 31 est
608 1735 57 41 de
700 1733 140 43 13.50
870 1733 170 43 dollars
1065 1750 118 34 pour
1217 1731 156 47 1,000.

197 1798 106 41 Ceci
340 1802 123 45 tient,
503 1816 56 26 en
593 1797 103 51 plus
732 1797 60 41 du
826 1800 148 47 risque
1006 1794 174 52 signalé
1213 1794 139 43 ci-des-

193 1878 86 30 sus,
305 1863 26 38 à
348 1877 51 25 ce
420 1877 86 33 que
525 1858 243 50 beaucoup
790 1858 57 42 de
868 1874 191 35 garages
1080 1860 170 38 étaient
1271 1872 79 26 eux-

195 1925 186 51 mêmes,
410 1922 27 42 il
461 1939 30 33 y
513 1939 25 23 a
564 1921 195 50 quelque
784 1932 151 39 temps
961 1936 179 33 encore,
1175 1939 56 24 en
1256 1917 115 44 bois.

196 1984 290 43 Maintenant
517 1985 40 42 le
583 1983 144 43 béton
755 1985 126 39 armé
910 1995 66 32 est
1002 1985 26 39 à
1055 1998 92 34 peu
1172 1984 105 48 près
1303 1997 50 26 ex-

195 2047 301 44 clusivement
520 2046 229 49 employé,
780 2061 184 27 comme
994 2044 111 42 chez
1131 2061 129 27 nous.
1293 2042 85 45 Les

195 2113 299 46 compagnies
550 2107 316 42 d'assurances
919 2110 206 40 tiennent
1173 2114 201 41 compte,

195 2171 105 42 bien
347 2169 215 49 entendu,
613 2169 81 42 des
735 2169 165 42 efforts
945 2168 283 52 particuliers
1274 2166 104 43 faits

195 2250 118 34 pour
337 2235 173 40 écarter
533 2230 64 47 les
621 2234 171 48 risques
822 2230 273 44 d'incendie.
1124 2229 62 45 Le
1209 2246 170 35 garage

197 2293 172 44 d'Eliot
399 2294 161 50 Street,
593 2296 26 39 à
647 2293 174 42 Boston
858 2293 103 52 (fig.
992 2291 90 51 X),
1115 2309 120 34 paye
1271 2290 107 44 1.78

197 2356 149 43 dollar
383 2374 117 34 pour
534 2357 136 48 mille,
710 2368 44 31 et
788 2356 115 44 celui
941 2355 57 43 de
1034 2355 163 50 Noyen
1239 2354 140 42 Buick

196 2418 115 43 dans
353 2418 41 43 la
436 2421 152 41 même
629 2418 107 42 ville
776 2417 255 44 seulement
1075 2416 111 42 0.68
1230 2415 149 42 dollar

193 2499 117 33 pour
341 2481 136 44 mille.

265 2554 120 42 Pour
412 2557 173 40 arriver
613 2557 26 38 à
667 2572 51 26 ce
748 2553 199 55 résultat,
983 2554 63 42 les
1075 2569 192 35 garages
1298 2552 54 42 ob-

191 2628 186 33 servent
410 2619 284 41 strictement
730 2617 63 41 les
828 2618 91 43 très
954 2618 251 39 minutieux
1239 2614 117 51 règle-

193 2692 150 32 ments
373 2679 57 44 de
459 2678 163 52 police.

261 2740 76 44 On
366 2740 204 50 cherche,
606 2740 178 44 d'autre
812 2751 114 40 part,
959 2743 26 39 à
1015 2738 208 51 disposer
1253 2739 56 43 de
1338 2738 40 42 la

195 2814 137 52 façon
357 2815 42 41 la
425 2813 99 52 plus
546 2815 110 43 utile
682 2814 82 41 des
808 2831 172 26 murs
1030 2826 61 31 et
1136 2823 242 41 portes

192 2876 400 51 coupe-feu.
626 2876 74 43 On
731 2893 134 25 verra
894 2894 73 25 sur
996 2877 65 43 les
1087 2876 133 51 plans
1253 2877 55 42 de
1337 2874 41 43 la

193 2937 261 45 Taxi-Cabs
478 2937 69 52 Cy
570 2938 57 44 de
649 2937 266 43 New-York
943 2940 66 42 les
1029 2954 123 26 murs
1173 2940 128 51 épais
1321 2954 57 29 en

194 3006 294 45 maçonnerie
527 3004 74 46 qui
639 3004 215 47 séparent
891 3018 56 25 en
987 3000 108 42 trois
1134 3001 218 49 comparti-

195 3073 149 34 ments
378 3080 57 27 un
472 3065 150 41 même
656 3065 144 51 étage,
842 3063 57 43 de
933 3064 203 41 manière
1171 3079 100 33 que,
1309 3061 69 43 s'il

194 3145 47 24 se
278 3124 186 52 produit
501 3143 60 25 un
595 3138 404 31 commencement
1035 3123 275 52 d'incendie,
1351 3123 27 41 il

194 3191 150 47 puisse
365 3191 94 40 être
479 3187 184 43 localisé
684 3185 398 46 immédiatement
1112 3187 87 51 (fg.
1223 3185 152 51 VIII).

264 3272 69 45 De
355 3276 164 46 même,
546 3272 63 43 les
630 3285 156 39 portes
807 3276 74 48 qui
904 3273 102 42 font
1025 3275 354 50 communiquer

194 3352 75 30 ces
304 3339 382 46 compartiments
722 3352 47 28 se
807 3335 197 44 ferment
1041 3338 309 48 automatique-

196 3408 126 31 ment
346 3415 83 33 par
454 3401 42 42 la
517 3396 183 43 chaleur
721 3398 57 41 de
799 3397 255 52 l'incendie,
1081 3401 87 39 soit
1189 3397 190 52 qu'elles

1451 1673 186 50 glissent
1670 1689 74 25 sur
1779 1672 80 47 des
1893 1671 115 50 rails,
2046 1673 89 42 soit
2169 1687 59 34 qu
2250 1669 109 45 elles
2392 1687 47 25 se
2474 1667 137 42 dérou-

1451 1734 94 42 lent
1584 1750 186 26 comme
1815 1734 65 42 les
1922 1733 190 43 rideaux
2154 1731 252 52 coupe-feu
2453 1731 56 43 de
2553 1745 84 26 nos

1451 1796 171 52 grands
1653 1799 244 49 magasins.

1521 1894 71 45 De
1627 1899 152 37 même
1813 1912 87 33 que
1935 1893 109 43 chez
2078 1910 128 33 nous,
2245 1894 42 41 la
2320 1894 208 48 pression
2562 1891 76 51 qui

1453 1957 82 47 fait
1563 1957 153 44 élever
1743 1974 89 25 aux
1860 1959 168 48 étages,
2061 1973 117 35 pour
2206 1955 94 44 leur
2330 1954 303 53 distribution,

1453 2020 221 44 l'essence
1702 2033 44 30 et
1773 2018 166 50 l'huile,
1970 2018 97 45 doit
2090 2021 94 40 être
2210 2018 214 50 disposée
2450 2016 58 43 de
2530 2014 108 44 telle

1455 2082 137 53 façon
1629 2099 87 34 que
1751 2098 78 25 ces
1863 2080 194 52 liquides
2092 2082 204 50 puissent
2330 2077 308 44 redescendre

1453 2145 449 49 automatiquement
1925 2160 84 34 par
2034 2143 176 50 gravité
2238 2142 115 41 dans
2378 2142 64 42 les
2467 2148 171 42 tuyaux

1453 2206 211 52 jusqu'au
1698 2207 226 41 réservoir
1956 2206 182 49 lorsque
2171 2204 42 42 la
2247 2202 291 43 distribution
2570 2209 68 35 est

1455 2271 233 41 terminée.

1524 2365 87 44 Ces
1641 2365 252 51 dispositifs
1922 2365 57 44 de
2008 2364 292 44 distribution
2330 2363 236 44 d'essence
2594 2376 44 32 et

1458 2427 170 45 d'huile
1669 2427 192 45 doivent
1898 2430 94 40 être
2030 2427 229 43 enfermés
2299 2425 115 45 dans
2453 2425 83 43 des
2573 2440 44 25 ar-

1455 2493 167 38 moires
1643 2489 57 43 de
1720 2493 161 46 sûreté,
1909 2489 59 44 du
1990 2500 116 31 reste
2130 2507 57 24 en
2210 2505 141 34 usage
2372 2508 55 24 en
2450 2486 185 45 France.

1524 2587 448 42 Dimensions
2032 2587 113 45 des
2203 2589 335 41 voitures.

1453 2650 129 43 Nous
1620 2650 216 44 donnons
1870 2649 252 44 ci-dessous
2158 2648 63 43 les
2259 2648 282 43 dimensions
2582 2646 56 42 de

1453 2711 221 52 quelques
1700 2714 203 39 voitures
1929 2713 310 41 américaines.

2020 2820 245 52 Longueur
2388 2821 201 51 Largeur
2635 2820 3 52 •

1453 2894 123 43 Ford
2066 2894 90 43 3m.
2164 2894 64 42 40
2413 2896 9 41 1
2440 2913 58 24 m.
2508 2895 58 42 62

1456 2957 251 43 Chevrolet
2067 2957 24 41 3
2099 2975 58 24 m.
2169 2956 60 43 50
2414 2957 152 42 1m.65

1455 3020 141 42 Buick
2065 3019 91 42 3m.
2170 3018 54 44 75
2413 3019 156 43 1m.68

1455 3081 169 52 Dodge
2064 3081 160 44 4m.05
2413 3081 153 43 1m.62

1455 3144 258 51 Levington
2062 3144 164 43 4m.40
2413 3145 152 42 1m.62

1455 3206 128 42 Nach
2064 3206 163 43 4m.60
2413 3208 153 43 1m.62

1455 3268 207 43 Cadillac
2064 3269 163 42 4m.90
2413 3271 9 41 1
2439 3288 58 24 m.
2512 3269 58 43 70

1455 3331 154 44 Pierce
1641 3330 167 43 Arrow
2065 3330 89 43 sm.
2411 3332 157 43 1m.70

1456 3392 208 42 Packard
2066 3393 90 43 sm.
2166 3393 58 43 05
2412 3396 85 41 Im.
2511 3395 54 42 75

197 3559 521 51 SUPPLEMENT
781 3562 112 51 AU
955 3562 337 52 VOLUME
1362 3562 99 52 VI.
1664 3563 81 51 N°
1811 3584 30 44 9
1905 3565 103 50 DE
2081 3585 29 32 «
2175 3566 99 52 LA
2340 3567 183 53 CITE
2587 3589 49 33 ».
