2791 3957
2426 3719 164 74 139

1824 270 313 54 TEK
2221 274 50 48 H
2355 274 54 50 N
2494 275 40 49 E

141 444 73 41 tée
256 442 115 41 dans
409 441 39 42 le
486 441 401 45 fonctionnement
925 444 58 42 de
1020 444 41 42 la
1099 448 222 48 jonction,

143 502 61 41 du
231 503 82 43 fait
344 520 87 34 que
459 505 62 43 les
548 507 138 41 trains
712 505 218 42 circulant
960 506 114 42 dans
1101 511 41 41 le
1170 509 152 38 même

141 581 103 27 sens
269 581 75 27 sur
370 566 65 42 les
458 568 128 38 voies
614 566 110 44 d'un
752 569 153 39 même
929 571 182 49 pertuis,
1142 570 182 48 agiront

141 628 27 39 à
208 626 41 41 la
291 628 203 42 manière
535 626 109 42 d'un
684 628 152 51 piston
875 628 230 44 refoulant
1145 629 96 42 l'air
1281 639 43 30 et

139 691 206 41 activant
376 692 114 38 ainsi
526 690 40 43 le
601 689 396 47 renouvellement
1031 692 56 43 de
1122 691 177 42 l'atmos-

139 749 157 52 phère.

212 811 63 42 La
316 810 133 53 ligne,
493 812 109 43 d'un
644 813 394 52 développement
1081 816 57 41 de
1180 815 144 51 3,000

142 876 181 47 mètres,
367 893 28 24 n
417 892 25 23 a
481 875 166 50 qu'une
686 892 158 34 rampe
880 877 333 51 longitudinale
1250 895 50 24 ex-

143 938 276 39 trêmement
475 936 157 47 faible,
680 941 89 39 soit
821 942 188 38 environ
1065 938 134 49 0,001
1264 956 58 24 m.

141 1015 45 33 P.
217 1015 60 31 m.

212 1059 63 41 La
301 1077 108 33 gare
439 1060 60 42 du
526 1060 129 42 Nord
684 1073 66 32 est
778 1065 262 40 maintenue
1067 1067 26 38 à
1122 1081 86 26 son
1234 1079 63 26 em-

142 1131 265 42 placement
449 1123 164 48 actuel,
655 1127 115 40 mais
812 1124 41 41 la
893 1124 309 44 surélévation
1246 1124 82 45 des

143 1187 141 46 voies,
326 1201 56 26 en
419 1183 196 44 libérant
652 1196 128 34 toute
816 1186 388 51 l'infrastructure,
1247 1187 82 42 fait

141 1244 135 53 place
324 1248 26 39 à
394 1246 25 42 F
428 1245 369 44 administration
847 1250 79 41 des
971 1252 196 41 services
1211 1250 94 41 affé-

141 1318 138 46 rents,
323 1319 205 39 recettes,
570 1313 390 48 enregistrement,
1002 1321 101 43 etc.,
1144 1323 43 31 et
1227 1329 78 33 sup-

143 1372 148 48 prime
317 1382 103 32 tous
448 1372 63 41 les
537 1389 218 33 passages
782 1375 25 38 à
834 1376 179 41 niveau.

213 1431 63 42 La
322 1432 123 42 halte
487 1434 204 41 centrale
737 1434 148 42 forme
931 1452 87 24 une
1068 1439 190 47 équerre
1303 1439 26 38 à

145 1493 122 42 deux
287 1493 229 42 branches
537 1495 114 45 dont
673 1496 121 44 l'une
815 1511 187 31 servant
1025 1498 57 41 de
1103 1497 226 42 vestibule

146 1554 221 58 d'entrée,
406 1574 271 28 commence
711 1561 27 38 à
772 1558 326 44 l'intersection
1134 1561 59 43 de
1228 1559 81 43 l'ar-

144 1620 95 42 tère
267 1618 173 42 courbe
472 1629 213 35 montant
715 1638 104 26 vers
847 1621 42 42 la
917 1622 132 51 place
1078 1620 179 52 Royale
1286 1632 44 31 et

146 1679 58 44 de
247 1680 182 45 l'artère
471 1684 304 42 transversale
818 1684 309 51 prolongeant
1169 1684 42 42 la
1251 1701 78 24 rue

145 1742 301 55 Duquesnoy,
475 1760 104 26 vers
606 1744 378 50 Sainte-Gudule,
1014 1747 162 42 l'autre
1203 1763 95 25 com-

143 1816 199 40 prenant
368 1805 63 42 les
456 1805 217 52 guichets,
705 1808 62 43 les
793 1807 134 45 salles
954 1808 239 51 d'attente,
1227 1818 100 37 etc.,

144 1878 190 40 passant
364 1867 237 42 au-dessus
626 1882 46 32 et
698 1889 55 24 en
780 1880 174 32 travers
983 1871 80 41 des
1087 1873 129 41 voies
1245 1871 65 41 fer-

145 1932 111 46 rées.

214 1991 416 52 L'aménagement
665 1993 57 45 de
757 1996 43 42 la
833 2012 108 33 gare
978 1994 61 43 du
1073 1994 115 44 Midi
1222 1998 110 40 était

146 2057 147 48 prévu
337 2057 182 42 suivant
562 2055 64 44 les
668 2059 177 43 mêmes
887 2056 228 52 principes
1160 2074 88 33 que
1291 2057 42 41 la

144 2134 110 33 gare
298 2116 60 42 du
397 2116 146 49 Nord,
586 2135 115 26 avec
739 2132 157 38 report
938 2118 59 43 du
1035 2121 175 42 service
1249 2118 83 44 des

145 2178 347 46 marchandises
516 2196 104 28 vers
645 2179 173 53 Forest.

214 2241 131 42 Nous
381 2258 266 35 renvoyons
684 2244 64 44 les
783 2245 253 48 intéressés,
1078 2260 118 33 pour
1233 2242 102 53 plus

145 2304 179 50 amples
357 2307 407 52 renseignements,
797 2308 26 39 à
855 2306 41 41 la
929 2304 169 45 lecture
1133 2307 57 42 de
1222 2306 89 41 l'an-

144 2384 119 27 nexe
294 2366 46 43 A
368 2366 62 43 du
454 2380 197 38 rapport
678 2377 49 35 n°
762 2366 80 44 161
884 2366 60 43 du
974 2367 24 43 2
1008 2368 27 42 8
1064 2372 91 39 mai
1193 2367 138 43 1909.

214 2439 87 48 Les
324 2450 254 42 avantages
604 2441 236 52 pratiques
863 2441 176 44 devant
1061 2441 191 44 résulter
1279 2441 56 45 de

145 2503 43 43 la
220 2506 282 43 conversion,
534 2504 80 47 des
647 2521 132 33 gares
812 2507 25 39 à
871 2504 373 44 rebroussement
1278 2522 57 24 en

146 2583 130 33 gares
312 2565 56 44 de
399 2583 233 34 passages,
669 2577 251 34 ressortent
952 2567 384 43 lumineusement

147 2627 58 42 de
251 2627 407 52 l'argumentation
711 2628 60 43 du
817 2640 193 41 rapport
1055 2633 186 48 précité,
1291 2640 45 33 et

146 2690 216 44 tombent
397 2690 61 42 du
489 2701 118 34 reste
639 2708 107 26 sous
778 2693 40 43 le
849 2711 104 28 sens
988 2692 56 43 de
1076 2692 43 42 la
1151 2690 185 52 logique

145 2752 312 44 élémentaire.

216 2814 346 46 Résumons-les
602 2833 9 24 :

214 2877 58 44 A.
308 2876 212 46 Soudure
555 2889 44 32 et
632 2878 201 43 solution
872 2878 57 45 de
962 2879 253 42 continuité
1255 2878 81 42 des

146 2943 192 39 réseaux
381 2939 129 43 Nord
557 2953 43 31 et
645 2939 95 44 Sud
787 2941 81 42 des
912 2940 205 45 chemins
1164 2942 58 43 de
1268 2942 69 42 fer

145 3002 172 52 belges.

218 3066 47 43 B.
305 3065 305 51 Suppression
649 3066 79 47 des
763 3083 297 26 manœuvres
1094 3069 243 40 coûteuses

148 3128 81 46 des
254 3146 131 34 gares
409 3140 46 32 et
477 3134 236 45 impasses.

218 3190 48 46 C.
303 3191 375 42 Accroissement
710 3190 174 43 illimité
922 3191 57 42 de
1012 3192 41 42 la
1087 3191 249 52 fréquence

150 3253 80 45 des
271 3257 151 51 trains,
463 3263 284 43 permettant
781 3272 89 26 une
907 3254 88 42 fois
1030 3270 120 34 pour
1185 3264 152 33 toutes

150 3316 57 46 de
250 3316 112 46 faire
405 3316 100 44 face
545 3334 89 24 aux
673 3318 245 42 nécessités
957 3317 275 41 croissantes
1275 3315 59 43 du

146 3382 173 46 réseau,
354 3379 114 45 dans
498 3377 204 44 l'avenir.

216 3442 55 47 D.
301 3441 277 45 Economies
603 3440 359 50 considérables,
988 3452 46 33 et
1058 3443 130 49 gains
1212 3457 99 26 assu-

1395 451 69 41 rés
1497 467 82 33 par
1608 449 334 51 l'exploitation
1973 453 267 42 rationnelle
2272 454 79 42 des
2380 457 188 39 réseaux

1397 510 233 42 fusionnés

1466 571 125 43 C'est
1640 590 75 26 sur
1764 591 73 25 ces
1888 575 287 43 conclusions
2222 578 345 49 péremptoires,

1397 634 278 42 confirmées
1715 653 82 33 par
1838 637 64 44 les
1943 639 323 47 compétences
2309 638 262 50 techniques

1399 705 97 33 tant
1530 695 255 45 nationales
1819 714 58 33 qu
1899 701 273 48 étrangères,
2210 700 139 50 qu'on
2388 718 25 23 a
2450 717 92 24 com-

1399 761 161 38 mencé
1611 759 63 41 les
1722 769 193 32 travaux
1963 762 306 48 interrompus
2318 762 165 41 durant
2532 762 40 40 la

1400 835 172 35 guerre,
1606 823 113 39 mais
1749 825 140 46 repris
1921 824 26 38 à
1981 822 271 42 l'armistice.

1470 890 65 44 Ce
1575 892 251 50 précédent
1869 897 228 38 raccourci
2135 898 113 40 situe
2286 894 262 51 chronologi-

1401 964 218 39 quement
1640 955 39 41 le
1702 954 393 50 développement
2117 956 60 40 du
2197 972 237 34 processus
2455 957 57 43 de
2535 957 40 41 la

1401 1015 208 51 jonction
1648 1015 279 50 Nord-Midi,
1972 1016 113 43 dont
2126 1015 204 52 l'origine
2369 1027 208 33 remonte

1402 1093 56 24 au
1498 1076 261 45 lendemain
1801 1077 56 42 de
1895 1080 41 41 la
1973 1079 336 50 proclamation
2350 1080 56 44 de
2448 1089 129 33 notre

1402 1138 367 51 indépendance.

1473 1211 54 41 IL
1585 1211 275 43 RESSORT
1918 1211 174 44 DONC
2149 1213 186 51 QU'EN
2400 1213 179 44 MEME

1403 1272 203 43 TEMPS
1649 1273 260 51 QU'ELLE
1954 1274 345 43 CONSTITUE
2343 1276 84 42 UN
2474 1276 70 41 ME-

1404 1335 305 42 MORABLE
1738 1335 352 43 FRAGMENT
2119 1337 82 42 DE
2228 1337 209 42 NOTRE
2467 1338 87 42 HIS-

1404 1396 186 43 TOIRE
1618 1396 380 50 NATIONALE,
2026 1398 198 43 CETTE
2248 1398 333 45 PUISSANTE

1404 1458 358 44 TENTATIVE
1841 1459 481 45 D'ADAPTATION
2398 1460 147 44 FONC-

1405 1519 347 44 TIONNELLE
1802 1521 258 43 REALISE
2110 1521 72 43 LE
2232 1522 141 42 FAIT
2424 1522 128 43 CAPI-

1403 1582 137 51 TAL,
1578 1584 371 51 MARQUANT
1980 1585 85 42 UN
2098 1584 205 43 SIECLE
2336 1585 211 43 D'ADMI-

1403 1645 376 44 NISTRATION
1802 1645 479 45 CONSTRUCTIVE
2302 1646 76 44 ET
2400 1646 148 44 CREA-

1403 1707 196 43 TRICE.

1475 1880 348 55 Brusquement,
1849 1881 80 44 dès
1949 1883 41 42 le
2013 1881 263 42 lendemain
2298 1881 58 42 de
2378 1880 209 43 l'arrivée

1407 1961 57 23 au
1503 1947 197 47 pouvoir
1743 1942 60 42 du
1844 1943 233 43 Ministère
2117 1943 221 51 Neujean,
2387 1943 39 42 le
2466 1943 121 42 bruit

1407 2025 47 24 se
1477 2005 214 51 répandit
1714 2022 88 34 que
1824 2006 41 42 le
1892 2005 382 43 Gouvernement
2302 2009 236 50 renonçait
2561 2008 26 38 à

1409 2068 40 41 la
1481 2071 255 47 jonction...

1479 2141 71 43 De
1573 2141 94 51 fait,
1693 2143 28 42 il
1745 2142 178 50 déposa
1944 2142 43 43 le
2015 2142 10 42 1
2045 2141 23 41 3
2091 2142 146 50 juillet
2271 2142 9 41 1
2299 2142 92 42 922
2422 2143 40 41 le
2484 2158 78 36 pro-

1409 2208 65 48 jet
1505 2204 59 43 de
1594 2204 59 41 loi
1683 2205 326 43 actuellement
2037 2224 57 24 en
2126 2204 263 44 discussion.

1479 2277 64 44 Ce
1573 2278 244 41 manifeste
1844 2280 187 49 étrange
2058 2289 45 31 et
2133 2277 256 52 paradoxal
2422 2293 140 37 provo-

1412 2358 88 33 qua
1533 2358 56 26 en
1623 2342 185 49 général
1841 2358 88 26 une
1960 2339 310 52 stupéfaction
2304 2340 281 51 profonde...

1410 2402 162 43 Citons
1594 2403 64 42 les
1678 2414 167 31 termes
1869 2402 59 42 du
1951 2413 191 40 rapport
2163 2411 48 33 n°
2234 2402 95 42 266
2354 2402 56 41 de
2445 2403 8 41 1
2472 2401 116 43 923-

1418 2464 124 43 1924
1583 2483 9 24 :

1484 2556 22 26 «
1542 2539 127 45 Nous
1700 2559 56 24 ne
1792 2557 202 34 pensons
2024 2557 83 34 pas
2140 2557 85 33 que
2258 2539 40 42 le
2331 2539 258 42 Parlement

1410 2602 136 52 be!ge
1568 2607 44 39 ni
1634 2605 224 49 peut-être
1881 2619 146 26 aucun
2052 2600 258 43 Parlement
2332 2601 62 42 du
2415 2600 174 45 monde

1411 2685 48 26 se
1484 2667 87 43 soit
1597 2667 164 49 jamais
1786 2667 162 39 trouvé
1978 2664 118 42 dans
2117 2680 89 25 une
2232 2666 214 40 situation
2471 2667 120 40 aussi

1412 2729 238 41 anormale
1675 2744 87 34 que
1789 2727 112 43 celle
1925 2744 86 33 que
2034 2730 102 39 crée
2159 2728 40 42 le
2222 2729 151 48 projet
2398 2725 164 43 d'aban-

1411 2789 97 44 don
1538 2789 57 45 de
1622 2791 41 42 la
1689 2793 208 48 jonction
1924 2787 312 44 Nord-Midi.è

1481 2864 175 51 Depuis
1692 2866 108 42 trois
1834 2875 153 38 quarts
2022 2863 57 44 de
2110 2862 147 50 siècle,
2296 2864 41 42 la
2371 2863 220 41 nécessité

1414 2927 57 41 de
1503 2928 129 41 relier
1663 2927 63 45 les
1755 2929 191 40 réseaux
1978 2925 118 43 nord
2128 2936 43 33 et
2199 2925 86 42 sud
2319 2925 61 41 du
2409 2923 182 43 chemin

1415 2989 57 42 de
1494 2989 68 42 fer
1579 2989 135 51 belge
1735 3001 67 32 est
1821 3005 228 25 reconnue
2070 3003 82 36 par
2173 2998 102 32 tous
2297 2988 65 41 les
2380 2986 213 42 hommes

1411 3054 306 48 compétents.

1482 3126 86 43 Les
1599 3129 97 45 avis
1725 3137 80 31 ont
1836 3124 165 43 différé
2030 3141 73 25 sur
2133 3124 41 42 la
2205 3125 203 41 manière
2439 3123 58 44 de
2528 3125 44 38 ré-

1413 3188 168 43 soudre
1616 3190 41 43 le
1694 3188 254 54 problème,
1989 3189 40 41 le
2065 3188 205 50 principe
2306 3185 105 44 n'en
2448 3203 26 23 a
2511 3202 83 33 pas

1413 3255 71 43 été
1508 3254 220 39 contesté.

1481 3314 152 50 Après
1862 3311 165 44 durant
2067 3329 60 26 un
2173 3323 131 39 quart
2347 3309 57 44 de
2444 3308 147 47 siècle,

1412 3375 184 43 affirmé
1626 3376 41 41 la
1696 3377 220 40 nécessité
1943 3374 60 43 de
2030 3391 52 26 ce
2110 3371 176 51 travail,
2316 3374 41 43 le
2387 3373 177 42 Gouver-

1413 3450 186 33 nement
1626 3438 181 44 déclare
1832 3436 107 52 qu'il
1969 3450 67 32 est
2060 3436 169 47 inutile,
2255 3438 141 40 invite
2419 3436 40 42 le
2490 3435 78 41 Par-

150 3601 523 53 SUPPLEMENT
736 3601 113 52 AU
912 3598 339 55 VOLUME
1317 3598 101 54 VI.
1620 3598 82 51 N°
1768 3616 30 46 9
1862 3597 102 52 DE
2037 3616 29 33 «
2130 3596 101 52 LA
2297 3596 181 52 CITE
2542 3614 50 33 ».
