2291 3815
745 236 146 28 COURS
926 238 59 27 DU
1021 231 197 36 COLLÈGE
1254 242 54 25 DE
1342 242 172 27 FRANCE

2064 231 76 51 187

133 336 101 34 trois
264 327 175 52 Maries,
463 329 36 39 le
524 328 217 54 Sépulcre,
767 329 35 40 le
845 329 112 50 Jour
995 333 49 38 de
1084 332 39 40 la
1156 333 317 42 Résurrection.
1520 334 125 42 Cette
1685 335 99 39 liste
1820 335 240 51 comprend
2084 350 59 25 un

136 397 156 52 simple
311 395 142 50 choix,
477 398 74 46 dù,
574 411 53 26 en
661 400 157 50 partie,
845 413 54 26 au
924 400 165 40 hasard
1114 402 77 40 des
1213 404 326 40 circonstances
1576 406 76 50 qui
1685 416 114 28 nous
1822 412 77 32 ont
1933 408 210 35 conservé

135 466 187 41 certains
346 474 300 32 monuments.
690 466 32 40 Il
758 475 65 32 est
865 466 103 42 bien
1001 471 196 40 entendu
1232 474 120 38 aussi
1390 486 85 39 que
1518 473 39 40 la
1595 473 352 51 représentation
1976 472 53 40 de
2062 472 81 40 tels

135 536 174 39 drames
342 547 44 27 se
410 534 197 41 rattache
628 539 20 35 à
674 535 77 40 des
772 549 163 38 usages
973 541 249 39 antérieurs
1247 555 82 26 aux
1362 543 149 50 copies
1534 543 75 50 qui
1646 555 55 27 en
1735 549 75 32 ont
1839 545 67 36 été
1933 539 144 51 faites,
2103 549 40 32 et

134 616 83 40 que
240 602 37 40 la
303 602 100 40 date
428 603 24 39 d
473 616 85 27 une
576 605 120 51 pièce
721 618 55 26 ne
802 607 170 39 saurait
998 609 91 38 être
1112 607 225 42 identifiée
1359 624 101 27 avec
1481 608 111 52 l'âge
1630 610 59 41 du
1713 611 244 40 manuscrit
1994 611 74 52 qui
2101 609 39 40 la

135 672 211 40 contient.
2049 689 9 11 '

186 740 120 40 Dans
341 753 71 27 ces
451 743 323 50 compositions
798 755 113 28 nous
943 757 139 28 avons
1127 750 172 47 trouvé,
1326 750 20 37 à
1382 747 77 40 des
1501 748 159 51 degrés
1693 747 243 49 différents,
1969 756 94 32 tout
2094 761 47 27 ce

136 810 71 51 qui
232 817 64 31 est
331 811 250 38 nécessaire
620 814 20 35 à
678 810 40 40 la
762 814 290 39 constitution
1098 813 104 42 d'un
1244 815 153 41 drame
1427 816 187 53 lyrique.
1653 816 67 41 En
1754 817 231 52 rappelant
2024 817 117 40 leurs

135 882 240 35 caractères
398 879 249 47 essentiels,
674 879 37 51 je
730 879 62 40 les
814 882 315 51 rapprocherai
1155 883 57 41 du
1246 883 170 42 théâtre
1438 899 103 36 grec
1560 894 41 32 et
1626 885 59 41 du
1719 886 170 40 théâtre
1930 886 212 40 moderne

135 944 126 53 (celui
283 945 53 40 de
361 945 39 40 la
424 945 320 50 Renaissance,
772 952 21 35 à
819 948 37 40 la
883 947 61 42 fin
962 950 57 41 du
1042 966 69 25 xvi
1116 956 15 17 e
1162 960 40 32 et
1244 966 55 26 au
1341 962 378 32 commencement
1752 954 59 40 du
1846 969 86 25 xvn
1938 959 14 17 e
1974 953 164 53 siècle).

136 1014 132 41 Entre
293 1013 62 40 les
371 1015 129 48 deux,
527 1024 126 32 notre
673 1030 164 38 moyen
859 1021 82 47 âge
962 1034 19 24 a
1011 1023 67 37 été
1097 1035 56 25 un
1174 1034 86 38 peu
1279 1021 180 50 négligé
1477 1037 9 33 ;
1512 1022 27 40 il
1560 1023 206 40 convient
1788 1023 52 40 de
1861 1037 211 37 marquer
2094 1037 45 26 sa

135 1082 121 51 place
275 1090 41 32 et
340 1096 44 26 sa
410 1084 154 40 valeur
595 1093 189 33 exactes.

1134 1282 14 42 I

188 1425 62 41 Le
272 1425 171 42 théâtre
464 1426 173 52 lyrique
657 1427 58 40 du
734 1439 161 40 moyen
918 1430 82 48 âge
1024 1437 81 39 est,
1132 1433 21 36 à
1179 1430 189 39 certains
1388 1429 176 51 égards,
1593 1429 230 53 beaucoup
1841 1432 99 52 plus
1961 1437 98 47 près
2082 1433 58 41 du

134 1496 167 39 théâtre
331 1509 102 36 grec
467 1509 86 38 que
582 1495 58 40 du
668 1495 170 41 théâtre
861 1497 229 40 moderne.

188 1563 62 41 Le
274 1565 192 51 premier
488 1573 41 31 et
549 1564 39 40 le
609 1564 161 40 second
790 1573 76 32 ont
889 1565 77 40 des
988 1567 197 49 origines
1209 1575 144 32 toutes
1371 1567 276 50 religieuses.
1667 1567 67 42 En
1757 1582 46 27 ce
1828 1571 73 51 qui
1926 1583 215 27 concerne

137 1633 60 39 les
217 1630 155 48 Grecs,
400 1646 113 27 nous
531 1632 184 40 n'avons
739 1633 99 52 plus
858 1633 62 40 les
936 1635 145 51 pièces
1098 1634 53 40 de
1176 1634 230 52 lapériode
1420 1636 187 48 initiale,
1630 1643 56 34 où
1711 1639 149 51 poésie
1876 1646 41 31 et
1935 1639 206 51 musique

133 1702 161 39 étaient
315 1702 127 40 unies
461 1705 22 36 à
499 1702 38 38 la
560 1702 191 49 religion
766 1715 89 27 non
880 1703 100 51 plus
1005 1717 80 37 par
1107 1703 78 40 des
1200 1705 252 47 souvenirs,
1475 1704 77 40 des
1566 1718 163 38 usages
1745 1714 40 33 et
1807 1706 78 41 des
1902 1707 239 40 tendances

130 1770 232 50 générales
396 1771 197 39 (comme
616 1784 55 26 au
692 1779 145 43 temps
870 1770 236 53 d'Eschyle
1130 1780 39 31 et
1209 1771 54 40 de
1303 1770 260 54 Sophocle),
1586 1777 118 37 mais
1736 1789 80 38 par
1840 1788 87 27 une
1964 1776 174 41 attache

133 1839 165 51 précise
329 1851 102 27 avec
463 1837 38 40 le
532 1838 130 40 culte.
697 1837 122 41 Pour
852 1839 39 39 le
929 1852 160 39 moyen
1114 1843 99 48 âge,
1239 1853 113 28 nous
1395 1853 196 28 sommes
1624 1842 102 52 plus
1762 1843 196 41 heureux
1983 1855 8 27 :
2027 1857 113 27 nous

132 1908 294 39 connaissons
453 1906 86 41 fort
570 1906 103 41 bien
697 1907 39 40 la
767 1907 182 52 période
990 1908 170 40 initiale
1183 1922 9 35 ;
1229 1921 114 28 nous
1376 1922 206 38 pouvons
1616 1912 147 39 suivre
1786 1910 258 42 l'évolution
2082 1912 59 41 du

133 1975 150 40 drame
310 1975 173 52 lyrique
506 1975 157 52 depuis
702 1975 39 40 le
780 1984 199 32 moment
1019 1982 55 34 où
1116 1977 29 39 il
1185 1976 236 41 s'ébauche
1456 1978 112 40 dans
1604 1978 62 41 les
1707 1981 102 39 rites
1845 1980 52 40 de
1936 1970 202 61 l'Église,

132 2043 204 54 jusqu'au
360 2052 200 32 moment
584 2050 57 34 où
662 2044 28 39 il
714 2043 92 41 s'en
831 2044 183 40 détache
1038 2058 113 39 pour
1172 2048 91 37 être
1286 2060 60 25 un
1369 2058 19 25 «
1414 2047 69 51 jeu
1507 2058 20 25 »
1554 2045 175 55 (Indus).
1765 2048 289 52 Rapprocher
2077 2050 62 40 les

132 2113 110 40 deux
271 2113 211 48 théâtres,
504 2126 102 37 grec
624 2121 41 31 et
688 2113 234 48 médiéval,
950 2110 102 43 c'est
1075 2128 59 25 un
1157 2126 85 40 peu
1266 2127 232 39 comparer
1523 2130 59 26 un
1606 2116 149 41 adulte
1779 2130 55 28 ou
1859 2131 59 27 un
1957 2117 181 42 homme

136 2180 76 44 fait
235 2195 104 27 avec
358 2196 60 26 un
443 2181 176 47 enfant;
645 2181 54 40 ils
722 2194 54 28 ne
800 2189 101 33 sont
923 2194 79 39 pas
1016 2182 54 40 de
1092 2185 145 37 même
1260 2182 119 41 taille
1404 2198 9 33 ;
1440 2184 39 39 la
1505 2186 327 50 comparaison,
1854 2188 282 46 néanmoins,

141 2258 101 44 peut
263 2254 90 36 être
376 2249 119 51 faite,
523 2264 73 26 car
619 2257 99 33 tous
739 2250 111 40 deux
869 2258 76 32 ont
961 2251 160 49 grandi
1142 2251 177 40 suivant
1341 2251 63 40 les
1427 2256 167 36 mêmes
1616 2253 82 40 lois
1722 2262 41 31 et
1800 2258 132 48 passé
1962 2269 81 38 par
2077 2256 61 40 les

136 2323 166 36 mêmes
325 2319 164 52 phases
512 2318 265 41 d'existence
796 2330 8 37 ;
830 2318 63 41 les
917 2324 244 35 caractères
1185 2320 233 40 essentiels
1445 2330 100 31 sont
1567 2321 63 40 les
1661 2325 183 37 mêmes.

185 2386 193 42 Réserve
409 2386 106 41 faite
537 2387 53 40 de
612 2389 216 38 certaines
850 2385 259 42 différences
1132 2386 256 53 profondes,
1407 2402 85 38 que
1514 2389 38 52 je
1576 2390 85 40 n'ai
1682 2403 78 38 pas
1776 2389 157 42 besoin
1952 2392 52 40 de
2030 2406 76 39 rap-

130 2456 132 51 peler,
290 2457 61 39 les
376 2456 230 49 analogies
630 2464 101 32 sont
751 2455 62 40 les
834 2457 227 39 suivantes
1085 2466 8 27 :

188 2536 38 27 io
250 2524 62 40 La
336 2525 197 49 tragédie
552 2537 194 39 grecque
769 2538 22 25 a
814 2537 110 40 pour
948 2525 173 49 origine
1146 2539 58 26 un
1233 2525 114 40 culte
1379 2528 223 47 organisé,
1644 2526 111 41 celui
1798 2527 53 40 de
1890 2527 241 54 Dionysos.

129 2591 94 41 Elle
243 2591 100 42 s'est
365 2591 182 42 d'abord
570 2597 237 35 consacrée
831 2597 21 35 à
880 2606 19 24 «
932 2594 146 38 imiter
1117 2605 19 24 »
1179 2593 62 39 les
1277 2593 210 50 légendes
1517 2594 53 40 de
1612 2603 110 32 cette
1760 2596 185 41 divinité
1966 2611 9 35 ;
2015 2599 116 51 puis,

129 2661 80 39 elle
242 2661 102 41 s'est
365 2661 199 41 attachée
586 2666 20 34 à
633 2666 275 46 représenter
931 2660 194 42 d'autres
1147 2661 128 40 dieux
1298 2676 9 33 ;
1343 2660 136 52 enfin,
1521 2663 111 39 dans
1656 2677 85 26 une
1766 2666 179 50 période
1968 2667 76 50 qui
2068 2675 65 31 est

129 2729 95 52 déjà
250 2744 19 23 «
294 2730 212 40 moderne
531 2742 36 38 »,
594 2730 83 40 elle
696 2738 64 32 est
789 2742 19 25 «
830 2730 250 40 descendue
1103 2730 59 39 du
1182 2729 80 40 ciel
1281 2742 75 27 sur
1375 2730 38 39 la
1440 2739 112 31 terre
1577 2744 37 35 »,
1641 2745 173 27 comme
1838 2746 56 26 on
1915 2731 52 42 l'a
1989 2734 64 41 dit
2075 2747 54 27 en

130 2799 173 51 parlant
326 2798 51 40 de
405 2796 224 54 Sophocle
650 2809 7 28 :
681 2798 83 40 elle
785 2812 22 25 a
831 2812 52 26 eu
913 2796 126 42 l'idée
1072 2798 169 40 tardive
1264 2798 53 40 de
1349 2799 183 51 peindre
1554 2799 78 40 des
1654 2799 225 42 hommes.

184 2866 228 53 Identique
447 2882 20 25 a
494 2871 66 36 été
590 2866 257 41 l'évolution
870 2867 53 39 de
946 2875 125 32 notre
1094 2866 184 41 théâtre.
1315 2866 30 40 Il
1372 2876 65 31 est
1458 2869 106 38 sorti
1595 2868 78 40 des
1712 2871 275 38 cérémonies
2026 2885 76 38 pra-

129 2936 167 50 tiquées
316 2936 111 39 dans
450 2926 185 60 l'Église
656 2944 41 31 et
717 2935 68 40 n'a
808 2939 67 36 été
897 2933 183 42 d'abord
1104 2933 162 54 qu'une
1282 2938 229 38 extension
1534 2937 76 40 des
1632 2939 102 39 rites
1759 2944 56 34 où
1846 2951 45 28 se
1921 2941 182 39 matéria-

129 3004 114 40 lisait
266 3004 38 39 la
330 3003 58 42 foi
414 3005 111 40 dans
543 3004 236 39 ladivinité
792 3003 57 40 du
873 3002 167 41 Christ.
1056 3002 120 41 C'est
1199 3003 38 40 là
1259 3004 105 51 qu'il
1381 3003 92 42 faut
1489 3006 96 39 voir
1601 3019 69 26 ses
1682 3008 144 39 vraies
1839 3008 213 49 origines.
2067 3007 59 42 Sa

130 3075 214 48 première
375 3072 198 41 fonction
598 3087 20 25 a
644 3076 67 36 été
731 3073 52 38 de
804 3076 323 35 commémorer
1150 3071 247 49 l'annonce,
1423 3073 40 40 la
1486 3075 69 39 vie
1578 3076 312 47 miraculeuse,
1913 3076 39 40 la
1980 3081 122 36 résur-

129 3142 162 39 rection
315 3141 57 40 du
398 3141 150 40 Christ
571 3149 40 31 et
652 3139 40 41 d'
722 3153 19 24 «
767 3142 146 37 imiter
938 3152 18 25 »
990 3148 99 32 tous
1130 3153 70 27 ces
1244 3140 186 51 dogmes
1452 3156 7 32 ;
1506 3144 99 50 puis
1638 3143 28 39 il
1696 3140 101 44 s'est
1834 3144 173 41 attaché
2044 3160 82 26 aux

129 3211 135 39 saints
285 3224 9 34 ;
320 3208 137 46 enfin,
477 3218 39 32 et
541 3215 86 35 très
652 3209 113 47 tard,
865 3214 129 46 après
1019 3206 126 43 s'être
1164 3214 177 45 engagé
1364 3210 110 40 dans
1508 3212 122 40 mille
1655 3214 123 38 voies
1802 3226 322 40 romanesques

198 3278 28 39 il
250 3278 188 52 prendra
473 3286 174 32 contact
684 3290 102 28 avec
809 3278 38 39 la
871 3278 70 38 vie
965 3277 147 40 réelle.

184 3344 123 42 Cette
329 3346 164 41 double
525 3347 189 49 origine,
736 3346 229 52 identique
999 3346 53 40 de
1077 3354 170 42 nature,
1270 3355 65 32 est
1354 3346 135 51 digne
1520 3349 54 40 de
1610 3349 222 40 réflexion.
1856 3347 58 43 Ni
1952 3349 90 42 l'un
2080 3353 44 38 ni

130 3411 151 43 l'autre
305 3424 65 31 art
392 3415 282 51 dramatique
694 3428 52 26 ne
768 3414 163 40 débute
954 3428 78 38 par
1054 3412 316 43 l'observation
1393 3415 53 40 de
1469 3415 39 40 la
1532 3417 68 39 vie
1624 3417 149 47 réelle,
1816 3419 113 38 mais
1962 3433 79 37 par
2082 3419 39 40 la

132 3480 183 51 légende
344 3497 56 26 ou
421 3497 79 38 par
522 3483 38 40 le
583 3483 179 50 dogme.
790 3482 31 40 Il
845 3496 53 27 en
919 3490 65 33 est
1004 3482 52 41 de
1094 3486 142 37 même
1274 3497 55 26 en
1375 3484 238 51 sculpture.
1651 3483 71 42 On
1755 3499 255 28 commence
2046 3501 79 38 par

132 3556 274 45 représenter
443 3551 347 41 exclusivement
812 3551 77 40 des
915 3551 129 41 dieux
1063 3561 9 39 ;
1112 3551 101 41 bien
1235 3552 253 52 longtemps
1527 3558 145 46 après,
1698 3567 57 28 on
1779 3568 141 36 songe
1954 3558 22 37 à
2016 3555 107 40 faire
