<?xml version="1.0" encoding="UTF-8"?>
<alto xmlns:xsi="http://www.w3.org/2001/XMLSchema-instance" xmlns="http://www.loc.gov/standards/alto/ns-v2#" xsi:schemaLocation="http://www.loc.gov/standards/alto/ns-v2# http://www.loc.gov/standards/alto/alto-v2.0.xsd" xmlns:xlink="http://www.w3.org/1999/xlink">
	<Description>
		<MeasurementUnit>mm10</MeasurementUnit>
		<sourceImageInformation>
			<fileName>//fileserver7/IN2-2/Princeton/bmtnabj/1903/10/01_03/00000830.tif</fileName>
		</sourceImageInformation>
		<OCRProcessing ID="OCRPROCESSING_1">
			<preProcessingStep>
				<processingSoftware>
					<softwareCreator>CCS Content Conversion Specialists GmbH, Germany</softwareCreator>
					<softwareName>CCS docWorks</softwareName>
					<softwareVersion>6.7-1.20</softwareVersion>
				</processingSoftware>
			</preProcessingStep>
			<ocrProcessingStep>
				<processingSoftware>
					<softwareCreator>ABBYY (BIT Software), Russia</softwareCreator>
					<softwareName>FineReader</softwareName>
					<softwareVersion>10.0</softwareVersion>
				</processingSoftware>
			</ocrProcessingStep>
		</OCRProcessing>
		<OCRProcessing ID="OCRPROCESSING_2">
			<preProcessingStep>
				<processingSoftware>
					<softwareCreator>CCS Content Conversion Specialists GmbH, Germany</softwareCreator>
					<softwareName>CCS docWorks</softwareName>
					<softwareVersion>6.7-1.20</softwareVersion>
				</processingSoftware>
			</preProcessingStep>
			<ocrProcessingStep>
				<processingSoftware>
					<softwareCreator>ABBYY (BIT Software), Russia</softwareCreator>
					<softwareName>NA</softwareName>
				</processingSoftware>
			</ocrProcessingStep>
		</OCRProcessing>
	</Description>
	<Styles>
		<TextStyle ID="TXT_0" FONTSIZE="14" FONTFAMILY="Times New Roman"/>
		<TextStyle ID="TXT_1" FONTSIZE="12" FONTFAMILY="Times New Roman"/>
		<TextStyle ID="TXT_2" FONTSIZE="25" FONTFAMILY="Times New Roman"/>
		<TextStyle ID="TXT_3" FONTSIZE="34" FONTFAMILY="Arial"/>
		<ParagraphStyle ID="PAR_CENTER" ALIGN="Center"/>
		<ParagraphStyle ID="PAR_LEFT" ALIGN="Left"/>
		<ParagraphStyle ID="PAR_BLOCK" ALIGN="Block"/>
	</Styles>
	<Layout>
		<Page ID="P6" PHYSICAL_IMG_NR="6" HEIGHT="4226" WIDTH="2674" PRINTED_IMG_NR="78" PC="0.887">
			<TopMargin ID="P6_TM00001" HPOS="0" VPOS="0" WIDTH="2674" HEIGHT="84"/>
			<LeftMargin ID="P6_LM00001" HPOS="0" VPOS="84" WIDTH="14" HEIGHT="4021"/>
			<RightMargin ID="P6_RM00001" HPOS="2566" VPOS="84" WIDTH="108" HEIGHT="4021"/>
			<BottomMargin ID="P6_BM00001" HPOS="0" VPOS="4105" WIDTH="2674" HEIGHT="121">
				<TextBlock ID="P6_TB00001" HPOS="1294" VPOS="4108" WIDTH="67" HEIGHT="55" STYLEREFS="TXT_0 PAR_CENTER">
					<TextLine ID="P6_TL00001" HPOS="1294" VPOS="4108" WIDTH="67" HEIGHT="55">
						<String ID="P6_ST00001" HPOS="1294" VPOS="4108" WIDTH="67" HEIGHT="55" CONTENT="78" WC="1.00" CC="00"/>
					</TextLine>
				</TextBlock>
			</BottomMargin>
			<PrintSpace ID="P6_PS00001" HPOS="14" VPOS="84" WIDTH="2552" HEIGHT="4021">
				<TextBlock ID="P6_TB00002" HPOS="702" VPOS="84" WIDTH="1300" HEIGHT="196" STYLEREFS="TXT_1 PAR_LEFT">
					<TextLine ID="P6_TL00002" HPOS="1094" VPOS="84" WIDTH="521" HEIGHT="94">
						<String ID="P6_ST00002" HPOS="1094" VPOS="84" WIDTH="235" HEIGHT="69" CONTENT="Petite" WC="0.99" CC="000760" STYLEREFS="TXT_2"/>
						<SP ID="P6_SP00001" HPOS="1329" VPOS="153" WIDTH="57"/>
						<String ID="P6_ST00003" HPOS="1386" VPOS="85" WIDTH="229" HEIGHT="93" CONTENT="fugue" WC="0.97" CC="66660" STYLEREFS="TXT_2"/>
					</TextLine>
					<TextLine ID="P6_TL00003" HPOS="703" VPOS="237" WIDTH="1299" HEIGHT="43">
						<String ID="P6_ST00004" HPOS="703" VPOS="239" WIDTH="80" HEIGHT="39" CONTENT="Sur" WC="1.00" CC="001" STYLEREFS="TXT_0"/>
						<SP ID="P6_SP00002" HPOS="783" VPOS="278" WIDTH="36"/>
						<String ID="P6_ST00005" HPOS="819" VPOS="237" WIDTH="38" HEIGHT="40" CONTENT="le" WC="0.61" CC="70" STYLEREFS="TXT_0"/>
						<SP ID="P6_SP00003" HPOS="857" VPOS="278" WIDTH="33"/>
						<String ID="P6_ST00006" HPOS="890" VPOS="238" WIDTH="154" HEIGHT="40" CONTENT="choral" WC="0.98" CC="040387" STYLEREFS="TXT_0"/>
						<SP ID="P6_SP00004" HPOS="1044" VPOS="278" WIDTH="36"/>
						<String ID="P6_ST00007" HPOS="1080" VPOS="251" WIDTH="8" HEIGHT="26" CONTENT=":" WC="0.35" CC="6"/>
						<SP ID="P6_SP00005" HPOS="1088" VPOS="278" WIDTH="34"/>
						<String ID="P6_ST00008" HPOS="1122" VPOS="249" WIDTH="174" HEIGHT="29" CONTENT="«VOICI" WC="1.00" CC="501607"/>
						<SP ID="P6_SP00006" HPOS="1296" VPOS="278" WIDTH="33"/>
						<String ID="P6_ST00009" HPOS="1329" VPOS="249" WIDTH="73" HEIGHT="29" CONTENT="LES" WC="0.97" CC="600"/>
						<SP ID="P6_SP00007" HPOS="1402" VPOS="278" WIDTH="33"/>
						<String ID="P6_ST00010" HPOS="1435" VPOS="251" WIDTH="73" HEIGHT="27" CONTENT="DIX" WC="0.96" CC="560"/>
						<SP ID="P6_SP00008" HPOS="1508" VPOS="278" WIDTH="31"/>
						<String ID="P6_ST00011" HPOS="1539" VPOS="251" WIDTH="463" HEIGHT="29" CONTENT="COMMANDEMENTS»." WC="1.00" CC="000055600041064"/>
					</TextLine>
				</TextBlock>
				<TextBlock ID="P6_TB00003" HPOS="1980" VPOS="352" WIDTH="343" HEIGHT="128" STYLEREFS="TXT_1 PAR_LEFT">
					<TextLine ID="P6_TL00004" HPOS="1981" VPOS="352" WIDTH="340" HEIGHT="45">
						<String ID="P6_ST00012" HPOS="1981" VPOS="352" WIDTH="115" HEIGHT="45" CONTENT="J.-S." WC="0.75" CC="23303" STYLEREFS="TXT_0"/>
						<SP ID="P6_SP00009" HPOS="2096" VPOS="397" WIDTH="50"/>
						<String ID="P6_ST00013" HPOS="2146" VPOS="352" WIDTH="175" HEIGHT="41" CONTENT="BACH" WC="0.96" CC="3186" STYLEREFS="TXT_0"/>
					</TextLine>
					<TextLine ID="P6_TL00005" HPOS="2019" VPOS="423" WIDTH="273" HEIGHT="57">
						<String ID="P6_ST00014" HPOS="2019" VPOS="423" WIDTH="273" HEIGHT="57" CONTENT="(1685-1750)" WC="0.65" CC="26464060402"/>
					</TextLine>
				</TextBlock>
				<TextBlock ID="P6_TB00004" HPOS="230" VPOS="555" WIDTH="2236" HEIGHT="589" STYLEREFS="TXT_0 PAR_BLOCK">
					<TextLine ID="P6_TL00006" HPOS="290" VPOS="555" WIDTH="2171" HEIGHT="55">
						<String ID="P6_ST00015" HPOS="290" VPOS="558" WIDTH="129" HEIGHT="40" CONTENT="Cette" WC="1.00" CC="10000"/>
						<SP ID="P6_SP00010" HPOS="419" VPOS="598" WIDTH="22"/>
						<String ID="P6_ST00016" HPOS="441" VPOS="557" WIDTH="140" HEIGHT="53" CONTENT="petite" WC="0.98" CC="006761"/>
						<SP ID="P6_SP00011" HPOS="581" VPOS="610" WIDTH="24"/>
						<String ID="P6_ST00017" HPOS="605" VPOS="558" WIDTH="134" HEIGHT="52" CONTENT="fugue" WC="0.98" CC="07270"/>
						<SP ID="P6_SP00012" HPOS="739" VPOS="610" WIDTH="26"/>
						<String ID="P6_ST00018" HPOS="765" VPOS="562" WIDTH="64" HEIGHT="35" CONTENT="est" WC="1.00" CC="000"/>
						<SP ID="P6_SP00013" HPOS="829" VPOS="610" WIDTH="26"/>
						<String ID="P6_ST00019" HPOS="855" VPOS="557" WIDTH="197" HEIGHT="53" CONTENT="inspirée" WC="0.99" CC="67000800"/>
						<SP ID="P6_SP00014" HPOS="1052" VPOS="610" WIDTH="32"/>
						<String ID="P6_ST00020" HPOS="1084" VPOS="570" WIDTH="77" HEIGHT="40" CONTENT="par" WC="0.94" CC="068"/>
						<SP ID="P6_SP00015" HPOS="1161" VPOS="610" WIDTH="28"/>
						<String ID="P6_ST00021" HPOS="1189" VPOS="557" WIDTH="40" HEIGHT="40" CONTENT="la" WC="0.33" CC="67"/>
						<SP ID="P6_SP00016" HPOS="1229" VPOS="610" WIDTH="31"/>
						<String ID="P6_ST00022" HPOS="1260" VPOS="557" WIDTH="199" HEIGHT="40" CONTENT="mélodie" WC="0.99" CC="0750200"/>
						<SP ID="P6_SP00017" HPOS="1459" VPOS="610" WIDTH="26"/>
						<String ID="P6_ST00023" HPOS="1485" VPOS="557" WIDTH="107" HEIGHT="40" CONTENT="d'un" WC="0.98" CC="0407"/>
						<SP ID="P6_SP00018" HPOS="1592" VPOS="610" WIDTH="25"/>
						<String ID="P6_ST00024" HPOS="1617" VPOS="558" WIDTH="155" HEIGHT="39" CONTENT="choral" WC="0.98" CC="570038"/>
						<SP ID="P6_SP00019" HPOS="1772" VPOS="610" WIDTH="31"/>
						<String ID="P6_ST00025" HPOS="1803" VPOS="555" WIDTH="165" HEIGHT="55" CONTENT="auquel" WC="0.97" CC="970801"/>
						<SP ID="P6_SP00020" HPOS="1968" VPOS="610" WIDTH="25"/>
						<String ID="P6_ST00026" HPOS="1993" VPOS="555" WIDTH="86" HEIGHT="40" CONTENT="elle" WC="0.99" CC="0400"/>
						<SP ID="P6_SP00021" HPOS="2079" VPOS="610" WIDTH="27"/>
						<String ID="P6_ST00027" HPOS="2106" VPOS="561" WIDTH="107" HEIGHT="48" CONTENT="peut" WC="1.00" CC="0000"/>
						<SP ID="P6_SP00022" HPOS="2213" VPOS="610" WIDTH="36"/>
						<String ID="P6_ST00028" HPOS="2249" VPOS="557" WIDTH="139" HEIGHT="40" CONTENT="servir" WC="0.99" CC="100630"/>
						<SP ID="P6_SP00023" HPOS="2388" VPOS="610" WIDTH="21"/>
						<String ID="P6_ST00029" HPOS="2409" VPOS="559" WIDTH="52" HEIGHT="39" CONTENT="de" WC="1.00" CC="00"/>
					</TextLine>
					<TextLine ID="P6_TL00007" HPOS="235" VPOS="623" WIDTH="2230" HEIGHT="56">
						<String ID="P6_ST00030" HPOS="235" VPOS="625" WIDTH="188" HEIGHT="52" CONTENT="prélude" WC="0.99" CC="0004004"/>
						<SP ID="P6_SP00024" HPOS="423" VPOS="677" WIDTH="20"/>
						<String ID="P6_ST00031" HPOS="443" VPOS="637" WIDTH="9" HEIGHT="27" CONTENT=":" WC="0.87" CC="1"/>
						<SP ID="P6_SP00025" HPOS="452" VPOS="677" WIDTH="28"/>
						<String ID="P6_ST00032" HPOS="480" VPOS="625" WIDTH="113" HEIGHT="40" CONTENT="aussi" WC="0.99" CC="80002"/>
						<SP ID="P6_SP00026" HPOS="593" VPOS="677" WIDTH="19"/>
						<String ID="P6_ST00033" HPOS="612" VPOS="625" WIDTH="287" HEIGHT="53" CONTENT="fîgure-t-elle" WC="0.69" CC="7700404040730"/>
						<SP ID="P6_SP00027" HPOS="899" VPOS="678" WIDTH="24"/>
						<String ID="P6_ST00034" HPOS="923" VPOS="625" WIDTH="141" HEIGHT="54" CONTENT="parmi" WC="0.98" CC="07006"/>
						<SP ID="P6_SP00028" HPOS="1064" VPOS="679" WIDTH="21"/>
						<String ID="P6_ST00035" HPOS="1085" VPOS="625" WIDTH="62" HEIGHT="40" CONTENT="les" WC="1.00" CC="000"/>
						<SP ID="P6_SP00029" HPOS="1147" VPOS="679" WIDTH="25"/>
						<String ID="P6_ST00036" HPOS="1172" VPOS="625" WIDTH="176" HEIGHT="40" CONTENT="chorals" WC="0.99" CC="0310720"/>
						<SP ID="P6_SP00030" HPOS="1348" VPOS="679" WIDTH="16"/>
						<String ID="P6_ST00037" HPOS="1364" VPOS="626" WIDTH="143" HEIGHT="39" CONTENT="variés" WC="0.99" CC="006100"/>
						<SP ID="P6_SP00031" HPOS="1507" VPOS="679" WIDTH="20"/>
						<String ID="P6_ST00038" HPOS="1527" VPOS="625" WIDTH="141" HEIGHT="54" CONTENT="(tome" WC="0.98" CC="47005"/>
						<SP ID="P6_SP00032" HPOS="1668" VPOS="679" WIDTH="19"/>
						<String ID="P6_ST00039" HPOS="1687" VPOS="625" WIDTH="61" HEIGHT="40" CONTENT="VI" WC="0.86" CC="02"/>
						<SP ID="P6_SP00033" HPOS="1748" VPOS="679" WIDTH="20"/>
						<String ID="P6_ST00040" HPOS="1768" VPOS="631" WIDTH="42" HEIGHT="33" CONTENT="et" WC="1.00" CC="00"/>
						<SP ID="P6_SP00034" HPOS="1810" VPOS="679" WIDTH="18"/>
						<String ID="P6_ST00041" HPOS="1828" VPOS="625" WIDTH="83" HEIGHT="40" CONTENT="VII" WC="0.86" CC="040"/>
						<SP ID="P6_SP00035" HPOS="1911" VPOS="679" WIDTH="27"/>
						<String ID="P6_ST00042" HPOS="1938" VPOS="623" WIDTH="54" HEIGHT="41" CONTENT="de" WC="0.70" CC="05"/>
						<SP ID="P6_SP00036" HPOS="1992" VPOS="679" WIDTH="22"/>
						<String ID="P6_ST00043" HPOS="2014" VPOS="623" WIDTH="206" HEIGHT="41" CONTENT="l'édition" WC="0.99" CC="440015407"/>
						<SP ID="P6_SP00037" HPOS="2220" VPOS="679" WIDTH="20"/>
						<String ID="P6_ST00044" HPOS="2240" VPOS="624" WIDTH="197" HEIGHT="53" CONTENT="Griepen" SUBS_TYPE="HypPart1" SUBS_CONTENT="Griepenkerl)." WC="0.83" CC="0000008"/>
						<HYP HPOS="2437" VPOS="624" WIDTH="28" CONTENT="-"/>
					</TextLine>
					<TextLine ID="P6_TL00008" HPOS="231" VPOS="692" WIDTH="2229" HEIGHT="55">
						<String ID="P6_ST00045" HPOS="231" VPOS="692" WIDTH="129" HEIGHT="54" CONTENT="kerl)." SUBS_TYPE="HypPart2" SUBS_CONTENT="Griepenkerl)." WC="0.75" CC="400044"/>
						<SP ID="P6_SP00038" HPOS="360" VPOS="746" WIDTH="29"/>
						<String ID="P6_ST00046" HPOS="389" VPOS="692" WIDTH="92" HEIGHT="40" CONTENT="Elle" WC="0.96" CC="5580"/>
						<SP ID="P6_SP00039" HPOS="481" VPOS="746" WIDTH="26"/>
						<String ID="P6_ST00047" HPOS="507" VPOS="698" WIDTH="65" HEIGHT="34" CONTENT="est" WC="1.00" CC="000"/>
						<SP ID="P6_SP00040" HPOS="572" VPOS="746" WIDTH="30"/>
						<String ID="P6_ST00048" HPOS="602" VPOS="695" WIDTH="20" HEIGHT="38" CONTENT="à" WC="0.31" CC="6"/>
						<SP ID="P6_SP00041" HPOS="622" VPOS="746" WIDTH="26"/>
						<String ID="P6_ST00049" HPOS="648" VPOS="698" WIDTH="157" HEIGHT="49" CONTENT="quatre" WC="1.00" CC="050000"/>
						<SP ID="P6_SP00042" HPOS="805" VPOS="747" WIDTH="25"/>
						<String ID="P6_ST00050" HPOS="830" VPOS="693" WIDTH="182" HEIGHT="54" CONTENT="parties;" WC="0.99" CC="00005105"/>
						<SP ID="P6_SP00043" HPOS="1012" VPOS="747" WIDTH="33"/>
						<String ID="P6_ST00051" HPOS="1045" VPOS="692" WIDTH="39" HEIGHT="40" CONTENT="le" WC="0.61" CC="70"/>
						<SP ID="P6_SP00044" HPOS="1084" VPOS="747" WIDTH="29"/>
						<String ID="P6_ST00052" HPOS="1113" VPOS="692" WIDTH="301" HEIGHT="54" CONTENT="contre-sujet" WC="0.99" CC="607000207400"/>
						<SP ID="P6_SP00045" HPOS="1414" VPOS="747" WIDTH="30"/>
						<String ID="P6_ST00053" HPOS="1444" VPOS="699" WIDTH="65" HEIGHT="34" CONTENT="est" WC="1.00" CC="000"/>
						<SP ID="P6_SP00046" HPOS="1509" VPOS="747" WIDTH="27"/>
						<String ID="P6_ST00054" HPOS="1536" VPOS="693" WIDTH="111" HEIGHT="40" CONTENT="libre" WC="1.00" CC="30000"/>
						<SP ID="P6_SP00047" HPOS="1647" VPOS="747" WIDTH="28"/>
						<String ID="P6_ST00055" HPOS="1675" VPOS="706" WIDTH="8" HEIGHT="27" CONTENT=":" WC="0.57" CC="4"/>
						<SP ID="P6_SP00048" HPOS="1683" VPOS="747" WIDTH="34"/>
						<String ID="P6_ST00056" HPOS="1717" VPOS="692" WIDTH="122" HEIGHT="52" CONTENT="c'est," WC="0.99" CC="340007"/>
						<SP ID="P6_SP00049" HPOS="1839" VPOS="747" WIDTH="35"/>
						<String ID="P6_ST00057" HPOS="1874" VPOS="706" WIDTH="178" HEIGHT="26" CONTENT="comme" WC="0.97" CC="60590"/>
						<SP ID="P6_SP00050" HPOS="2052" VPOS="747" WIDTH="29"/>
						<String ID="P6_ST00058" HPOS="2081" VPOS="706" WIDTH="59" HEIGHT="25" CONTENT="on" WC="1.00" CC="00"/>
						<SP ID="P6_SP00051" HPOS="2140" VPOS="747" WIDTH="30"/>
						<String ID="P6_ST00059" HPOS="2170" VPOS="692" WIDTH="131" HEIGHT="39" CONTENT="disait" WC="0.99" CC="030910"/>
						<SP ID="P6_SP00052" HPOS="2301" VPOS="747" WIDTH="28"/>
						<String ID="P6_ST00060" HPOS="2329" VPOS="692" WIDTH="131" HEIGHT="49" CONTENT="alors," WC="0.98" CC="930014"/>
					</TextLine>
					<TextLine ID="P6_TL00009" HPOS="231" VPOS="760" WIDTH="2235" HEIGHT="54">
						<String ID="P6_ST00061" HPOS="231" VPOS="774" WIDTH="87" HEIGHT="26" CONTENT="une" WC="0.97" CC="600"/>
						<SP ID="P6_SP00053" HPOS="318" VPOS="800" WIDTH="31"/>
						<String ID="P6_ST00062" HPOS="349" VPOS="761" WIDTH="136" HEIGHT="52" CONTENT="fugue" WC="0.98" CC="37070"/>
						<SP ID="P6_SP00054" HPOS="485" VPOS="813" WIDTH="28"/>
						<String ID="P6_ST00063" HPOS="513" VPOS="760" WIDTH="176" HEIGHT="54" CONTENT="simple." WC="1.00" CC="0000204"/>
						<SP ID="P6_SP00055" HPOS="689" VPOS="814" WIDTH="41"/>
						<String ID="P6_ST00064" HPOS="730" VPOS="760" WIDTH="146" HEIGHT="54" CONTENT="Après" WC="0.99" CC="00600"/>
						<SP ID="P6_SP00056" HPOS="876" VPOS="814" WIDTH="31"/>
						<String ID="P6_ST00065" HPOS="907" VPOS="760" WIDTH="309" HEIGHT="54" CONTENT="l'exposition," WC="0.99" CC="0250040005084"/>
						<SP ID="P6_SP00057" HPOS="1216" VPOS="814" WIDTH="27"/>
						<String ID="P6_ST00066" HPOS="1243" VPOS="775" WIDTH="89" HEIGHT="27" CONTENT="une" WC="0.93" CC="674"/>
						<SP ID="P6_SP00058" HPOS="1332" VPOS="814" WIDTH="30"/>
						<String ID="P6_ST00067" HPOS="1362" VPOS="774" WIDTH="176" HEIGHT="28" CONTENT="mesure" WC="0.99" CC="000502"/>
						<SP ID="P6_SP00059" HPOS="1538" VPOS="814" WIDTH="32"/>
						<String ID="P6_ST00068" HPOS="1570" VPOS="761" WIDTH="54" HEIGHT="40" CONTENT="de" WC="1.00" CC="00"/>
						<SP ID="P6_SP00060" HPOS="1624" VPOS="814" WIDTH="31"/>
						<String ID="P6_ST00069" HPOS="1655" VPOS="760" WIDTH="239" HEIGHT="41" CONTENT="transition" WC="0.99" CC="0098007301"/>
						<SP ID="P6_SP00061" HPOS="1894" VPOS="814" WIDTH="32"/>
						<String ID="P6_ST00070" HPOS="1926" VPOS="760" WIDTH="189" HEIGHT="40" CONTENT="conduit" WC="0.99" CC="2400620"/>
						<SP ID="P6_SP00062" HPOS="2115" VPOS="814" WIDTH="22"/>
						<String ID="P6_ST00071" HPOS="2137" VPOS="774" WIDTH="53" HEIGHT="26" CONTENT="au" WC="0.36" CC="66"/>
						<SP ID="P6_SP00063" HPOS="2190" VPOS="814" WIDTH="23"/>
						<String ID="P6_ST00072" HPOS="2213" VPOS="760" WIDTH="230" HEIGHT="40" CONTENT="divertisse" SUBS_TYPE="HypPart1" SUBS_CONTENT="divertissement," WC="1.00" CC="0301020303"/>
						<HYP HPOS="2443" VPOS="760" WIDTH="23" CONTENT="-"/>
					</TextLine>
					<TextLine ID="P6_TL00010" HPOS="232" VPOS="828" WIDTH="2232" HEIGHT="56">
						<String ID="P6_ST00073" HPOS="232" VPOS="833" WIDTH="140" HEIGHT="47" CONTENT="ment," SUBS_TYPE="HypPart2" SUBS_CONTENT="divertissement," WC="0.99" CC="00304"/>
						<SP ID="P6_SP00064" HPOS="372" VPOS="880" WIDTH="25"/>
						<String ID="P6_ST00074" HPOS="397" VPOS="828" WIDTH="220" HEIGHT="41" CONTENT="construit" WC="0.99" CC="050050540"/>
						<SP ID="P6_SP00065" HPOS="617" VPOS="880" WIDTH="23"/>
						<String ID="P6_ST00075" HPOS="640" VPOS="828" WIDTH="186" HEIGHT="42" CONTENT="d'abord" WC="0.99" CC="0490000"/>
						<SP ID="P6_SP00066" HPOS="826" VPOS="880" WIDTH="20"/>
						<String ID="P6_ST00076" HPOS="846" VPOS="842" WIDTH="73" HEIGHT="26" CONTENT="sur" WC="1.00" CC="000"/>
						<SP ID="P6_SP00067" HPOS="919" VPOS="880" WIDTH="21"/>
						<String ID="P6_ST00077" HPOS="940" VPOS="828" WIDTH="40" HEIGHT="40" CONTENT="le" WC="0.58" CC="34"/>
						<SP ID="P6_SP00068" HPOS="980" VPOS="880" WIDTH="25"/>
						<String ID="P6_ST00078" HPOS="1005" VPOS="829" WIDTH="139" HEIGHT="41" CONTENT="début" WC="1.00" CC="00000"/>
						<SP ID="P6_SP00069" HPOS="1144" VPOS="880" WIDTH="26"/>
						<String ID="P6_ST00079" HPOS="1170" VPOS="828" WIDTH="57" HEIGHT="42" CONTENT="du" WC="0.57" CC="08"/>
						<SP ID="P6_SP00070" HPOS="1227" VPOS="880" WIDTH="21"/>
						<String ID="P6_ST00080" HPOS="1248" VPOS="828" WIDTH="116" HEIGHT="55" CONTENT="sujet" WC="1.00" CC="00400"/>
						<SP ID="P6_SP00071" HPOS="1364" VPOS="883" WIDTH="21"/>
						<String ID="P6_ST00081" HPOS="1385" VPOS="831" WIDTH="213" HEIGHT="39" CONTENT="renversé" WC="1.00" CC="50500000"/>
						<SP ID="P6_SP00072" HPOS="1598" VPOS="883" WIDTH="25"/>
						<String ID="P6_ST00082" HPOS="1623" VPOS="828" WIDTH="90" HEIGHT="56" CONTENT="(A)," WC="0.96" CC="5234"/>
						<SP ID="P6_SP00073" HPOS="1713" VPOS="884" WIDTH="24"/>
						<String ID="P6_ST00083" HPOS="1737" VPOS="829" WIDTH="99" HEIGHT="53" CONTENT="puis" WC="0.98" CC="0520"/>
						<SP ID="P6_SP00074" HPOS="1836" VPOS="884" WIDTH="23"/>
						<String ID="P6_ST00084" HPOS="1859" VPOS="842" WIDTH="73" HEIGHT="27" CONTENT="sur" WC="1.00" CC="000"/>
						<SP ID="P6_SP00075" HPOS="1932" VPOS="884" WIDTH="22"/>
						<String ID="P6_ST00085" HPOS="1954" VPOS="828" WIDTH="38" HEIGHT="40" CONTENT="la" WC="1.00" CC="00"/>
						<SP ID="P6_SP00076" HPOS="1992" VPOS="884" WIDTH="22"/>
						<String ID="P6_ST00086" HPOS="2014" VPOS="828" WIDTH="199" HEIGHT="40" CONTENT="seconde" WC="0.99" CC="0040601"/>
						<SP ID="P6_SP00077" HPOS="2213" VPOS="884" WIDTH="26"/>
						<String ID="P6_ST00087" HPOS="2239" VPOS="828" WIDTH="141" HEIGHT="52" CONTENT="partie" WC="0.98" CC="090750"/>
						<SP ID="P6_SP00078" HPOS="2380" VPOS="884" WIDTH="26"/>
						<String ID="P6_ST00088" HPOS="2406" VPOS="829" WIDTH="58" HEIGHT="40" CONTENT="du" WC="0.82" CC="03"/>
					</TextLine>
					<TextLine ID="P6_TL00011" HPOS="230" VPOS="895" WIDTH="2236" HEIGHT="57">
						<String ID="P6_ST00089" HPOS="230" VPOS="895" WIDTH="118" HEIGHT="54" CONTENT="sujet" WC="1.00" CC="10000"/>
						<SP ID="P6_SP00079" HPOS="348" VPOS="949" WIDTH="34"/>
						<String ID="P6_ST00090" HPOS="382" VPOS="897" WIDTH="258" HEIGHT="53" CONTENT="également" WC="0.99" CC="009200050"/>
						<SP ID="P6_SP00080" HPOS="640" VPOS="950" WIDTH="39"/>
						<String ID="P6_ST00091" HPOS="679" VPOS="898" WIDTH="239" HEIGHT="40" CONTENT="renversée" WC="1.00" CC="430010000"/>
						<SP ID="P6_SP00081" HPOS="918" VPOS="950" WIDTH="35"/>
						<String ID="P6_ST00092" HPOS="953" VPOS="896" WIDTH="86" HEIGHT="56" CONTENT="(B)," WC="0.66" CC="1334"/>
						<SP ID="P6_SP00082" HPOS="1039" VPOS="952" WIDTH="45"/>
						<String ID="P6_ST00093" HPOS="1084" VPOS="902" WIDTH="43" HEIGHT="36" CONTENT="et" WC="1.00" CC="00"/>
						<SP ID="P6_SP00083" HPOS="1127" VPOS="952" WIDTH="31"/>
						<String ID="P6_ST00094" HPOS="1158" VPOS="898" WIDTH="122" HEIGHT="40" CONTENT="enfin" WC="1.00" CC="00000"/>
						<SP ID="P6_SP00084" HPOS="1280" VPOS="952" WIDTH="35"/>
						<String ID="P6_ST00095" HPOS="1315" VPOS="912" WIDTH="73" HEIGHT="26" CONTENT="sur" WC="0.98" CC="050"/>
						<SP ID="P6_SP00085" HPOS="1388" VPOS="952" WIDTH="34"/>
						<String ID="P6_ST00096" HPOS="1422" VPOS="903" WIDTH="118" HEIGHT="35" CONTENT="cette" WC="0.98" CC="44120"/>
						<SP ID="P6_SP00086" HPOS="1540" VPOS="952" WIDTH="33"/>
						<String ID="P6_ST00097" HPOS="1573" VPOS="900" WIDTH="145" HEIGHT="38" CONTENT="même" WC="0.98" CC="0090"/>
						<SP ID="P6_SP00087" HPOS="1718" VPOS="952" WIDTH="29"/>
						<String ID="P6_ST00098" HPOS="1747" VPOS="898" WIDTH="143" HEIGHT="53" CONTENT="partie" WC="0.99" CC="093000"/>
						<SP ID="P6_SP00088" HPOS="1890" VPOS="952" WIDTH="32"/>
						<String ID="P6_ST00099" HPOS="1922" VPOS="903" WIDTH="104" HEIGHT="34" CONTENT="tour" WC="0.98" CC="0270"/>
						<SP ID="P6_SP00089" HPOS="2026" VPOS="952" WIDTH="36"/>
						<String ID="P6_ST00100" HPOS="2062" VPOS="899" WIDTH="20" HEIGHT="37" CONTENT="à" WC="0.29" CC="7"/>
						<SP ID="P6_SP00090" HPOS="2082" VPOS="952" WIDTH="31"/>
						<String ID="P6_ST00101" HPOS="2113" VPOS="901" WIDTH="105" HEIGHT="35" CONTENT="tour" WC="0.97" CC="6005"/>
						<SP ID="P6_SP00091" HPOS="2218" VPOS="952" WIDTH="28"/>
						<String ID="P6_ST00102" HPOS="2246" VPOS="896" WIDTH="146" HEIGHT="40" CONTENT="droite" WC="1.00" CC="000500"/>
						<SP ID="P6_SP00092" HPOS="2392" VPOS="952" WIDTH="31"/>
						<String ID="P6_ST00103" HPOS="2423" VPOS="904" WIDTH="43" HEIGHT="34" CONTENT="et" WC="0.55" CC="26"/>
					</TextLine>
					<TextLine ID="P6_TL00012" HPOS="231" VPOS="964" WIDTH="2235" HEIGHT="56">
						<String ID="P6_ST00104" HPOS="231" VPOS="966" WIDTH="239" HEIGHT="40" CONTENT="renversée" WC="1.00" CC="001000000"/>
						<SP ID="P6_SP00093" HPOS="470" VPOS="1006" WIDTH="25"/>
						<String ID="P6_ST00105" HPOS="495" VPOS="964" WIDTH="91" HEIGHT="55" CONTENT="(C)," WC="0.48" CC="7084"/>
						<SP ID="P6_SP00094" HPOS="586" VPOS="1019" WIDTH="47"/>
						<String ID="P6_ST00106" HPOS="633" VPOS="965" WIDTH="40" HEIGHT="40" CONTENT="le" WC="1.00" CC="00"/>
						<SP ID="P6_SP00095" HPOS="673" VPOS="1019" WIDTH="35"/>
						<String ID="P6_ST00107" HPOS="708" VPOS="969" WIDTH="100" HEIGHT="37" CONTENT="tout" WC="0.99" CC="0060"/>
						<SP ID="P6_SP00096" HPOS="808" VPOS="1019" WIDTH="35"/>
						<String ID="P6_ST00108" HPOS="843" VPOS="979" WIDTH="56" HEIGHT="26" CONTENT="en" WC="0.70" CC="05"/>
						<SP ID="P6_SP00097" HPOS="899" VPOS="1019" WIDTH="34"/>
						<String ID="P6_ST00109" HPOS="933" VPOS="966" WIDTH="114" HEIGHT="54" CONTENT="style" WC="0.98" CC="00607"/>
						<SP ID="P6_SP00098" HPOS="1047" VPOS="1020" WIDTH="32"/>
						<String ID="P6_ST00110" HPOS="1079" VPOS="967" WIDTH="135" HEIGHT="53" CONTENT="fugué" WC="0.99" CC="00070"/>
						<SP ID="P6_SP00099" HPOS="1214" VPOS="1020" WIDTH="35"/>
						<String ID="P6_ST00111" HPOS="1249" VPOS="969" WIDTH="21" HEIGHT="37" CONTENT="à" WC="0.26" CC="7"/>
						<SP ID="P6_SP00100" HPOS="1270" VPOS="1020" WIDTH="34"/>
						<String ID="P6_ST00112" HPOS="1304" VPOS="980" WIDTH="25" HEIGHT="36" CONTENT="4" WC="0.17" CC="8"/>
						<SP ID="P6_SP00101" HPOS="1329" VPOS="1020" WIDTH="31"/>
						<String ID="P6_ST00113" HPOS="1360" VPOS="971" WIDTH="42" HEIGHT="35" CONTENT="et" WC="1.00" CC="00"/>
						<SP ID="P6_SP00102" HPOS="1402" VPOS="1020" WIDTH="28"/>
						<String ID="P6_ST00114" HPOS="1430" VPOS="979" WIDTH="14" HEIGHT="39" CONTENT="3" WC="0.15" CC="8"/>
						<SP ID="P6_SP00103" HPOS="1444" VPOS="1020" WIDTH="32"/>
						<String ID="P6_ST00115" HPOS="1476" VPOS="967" WIDTH="181" HEIGHT="53" CONTENT="parties." WC="0.99" CC="07072003"/>
						<SP ID="P6_SP00104" HPOS="1657" VPOS="1020" WIDTH="27"/>
						<String ID="P6_ST00116" HPOS="1684" VPOS="967" WIDTH="99" HEIGHT="40" CONTENT="Une" WC="0.96" CC="082"/>
						<SP ID="P6_SP00105" HPOS="1783" VPOS="1020" WIDTH="28"/>
						<String ID="P6_ST00117" HPOS="1811" VPOS="970" WIDTH="156" HEIGHT="36" CONTENT="courte" WC="0.98" CC="630500"/>
						<SP ID="P6_SP00106" HPOS="1967" VPOS="1020" WIDTH="32"/>
						<String ID="P6_ST00118" HPOS="1999" VPOS="964" WIDTH="170" HEIGHT="53" CONTENT="reprise" WC="0.99" CC="4500002"/>
						<SP ID="P6_SP00107" HPOS="2169" VPOS="1020" WIDTH="30"/>
						<String ID="P6_ST00119" HPOS="2199" VPOS="964" WIDTH="54" HEIGHT="40" CONTENT="de" WC="1.00" CC="00"/>
						<SP ID="P6_SP00108" HPOS="2253" VPOS="1020" WIDTH="33"/>
						<String ID="P6_ST00120" HPOS="2286" VPOS="964" WIDTH="155" HEIGHT="54" CONTENT="l'expo" SUBS_TYPE="HypPart1" SUBS_CONTENT="l'exposition" WC="0.98" CC="440905"/>
						<HYP HPOS="2441" VPOS="964" WIDTH="25" CONTENT="-"/>
					</TextLine>
					<TextLine ID="P6_TL00013" HPOS="230" VPOS="1032" WIDTH="2235" HEIGHT="57">
						<String ID="P6_ST00121" HPOS="230" VPOS="1035" WIDTH="135" HEIGHT="40" CONTENT="sition" SUBS_TYPE="HypPart2" SUBS_CONTENT="l'exposition" WC="0.98" CC="038524"/>
						<SP ID="P6_SP00109" HPOS="365" VPOS="1075" WIDTH="35"/>
						<String ID="P6_ST00122" HPOS="400" VPOS="1033" WIDTH="73" HEIGHT="55" CONTENT="(D)" WC="0.76" CC="700"/>
						<SP ID="P6_SP00110" HPOS="473" VPOS="1088" WIDTH="37"/>
						<String ID="P6_ST00123" HPOS="510" VPOS="1039" WIDTH="87" HEIGHT="34" CONTENT="met" WC="0.96" CC="900"/>
						<SP ID="P6_SP00111" HPOS="597" VPOS="1088" WIDTH="31"/>
						<String ID="P6_ST00124" HPOS="628" VPOS="1033" WIDTH="61" HEIGHT="40" CONTENT="fin" WC="0.96" CC="441"/>
						<SP ID="P6_SP00112" HPOS="689" VPOS="1088" WIDTH="31"/>
						<String ID="P6_ST00125" HPOS="720" VPOS="1036" WIDTH="21" HEIGHT="37" CONTENT="à" WC="0.17" CC="8"/>
						<SP ID="P6_SP00113" HPOS="741" VPOS="1088" WIDTH="33"/>
						<String ID="P6_ST00126" HPOS="774" VPOS="1047" WIDTH="49" HEIGHT="26" CONTENT="ce" WC="1.00" CC="00"/>
						<SP ID="P6_SP00114" HPOS="823" VPOS="1088" WIDTH="39"/>
						<String ID="P6_ST00127" HPOS="862" VPOS="1034" WIDTH="157" HEIGHT="40" CONTENT="conflit" WC="0.98" CC="0087840"/>
						<SP ID="P6_SP00115" HPOS="1019" VPOS="1088" WIDTH="28"/>
						<String ID="P6_ST00128" HPOS="1047" VPOS="1034" WIDTH="137" HEIGHT="41" CONTENT="badin" WC="0.98" CC="07040"/>
						<SP ID="P6_SP00116" HPOS="1184" VPOS="1088" WIDTH="33"/>
						<String ID="P6_ST00129" HPOS="1217" VPOS="1047" WIDTH="86" HEIGHT="42" CONTENT="que" WC="0.96" CC="064"/>
						<SP ID="P6_SP00117" HPOS="1303" VPOS="1089" WIDTH="36"/>
						<String ID="P6_ST00130" HPOS="1339" VPOS="1035" WIDTH="41" HEIGHT="40" CONTENT="le" WC="1.00" CC="00"/>
						<SP ID="P6_SP00118" HPOS="1380" VPOS="1089" WIDTH="46"/>
						<String ID="P6_ST00131" HPOS="1426" VPOS="1035" WIDTH="172" HEIGHT="50" CONTENT="maître," WC="0.99" CC="0750004"/>
						<SP ID="P6_SP00119" HPOS="1598" VPOS="1089" WIDTH="34"/>
						<String ID="P6_ST00132" HPOS="1632" VPOS="1040" WIDTH="101" HEIGHT="35" CONTENT="tout" WC="0.97" CC="6450"/>
						<SP ID="P6_SP00120" HPOS="1733" VPOS="1089" WIDTH="38"/>
						<String ID="P6_ST00133" HPOS="1771" VPOS="1048" WIDTH="55" HEIGHT="26" CONTENT="en" WC="0.64" CC="07"/>
						<SP ID="P6_SP00121" HPOS="1826" VPOS="1089" WIDTH="36"/>
						<String ID="P6_ST00134" HPOS="1862" VPOS="1033" WIDTH="243" HEIGHT="54" CONTENT="s'égayant," WC="0.56" CC="0300979084"/>
						<SP ID="P6_SP00122" HPOS="2105" VPOS="1089" WIDTH="40"/>
						<String ID="P6_ST00135" HPOS="2145" VPOS="1032" WIDTH="68" HEIGHT="41" CONTENT="n'a" WC="0.96" CC="640"/>
						<SP ID="P6_SP00123" HPOS="2213" VPOS="1089" WIDTH="38"/>
						<String ID="P6_ST00136" HPOS="2251" VPOS="1034" WIDTH="122" HEIGHT="39" CONTENT="cessé" WC="1.00" CC="10010"/>
						<SP ID="P6_SP00124" HPOS="2373" VPOS="1089" WIDTH="40"/>
						<String ID="P6_ST00137" HPOS="2413" VPOS="1033" WIDTH="52" HEIGHT="42" CONTENT="de" WC="1.00" CC="00"/>
					</TextLine>
					<TextLine ID="P6_TL00014" HPOS="230" VPOS="1101" WIDTH="838" HEIGHT="42">
						<String ID="P6_ST00138" HPOS="230" VPOS="1101" WIDTH="218" HEIGHT="42" CONTENT="conduire" WC="0.98" CC="73706500"/>
						<SP ID="P6_SP00125" HPOS="448" VPOS="1143" WIDTH="25"/>
						<String ID="P6_ST00139" HPOS="473" VPOS="1115" WIDTH="111" HEIGHT="27" CONTENT="avec" WC="0.97" CC="8003"/>
						<SP ID="P6_SP00126" HPOS="584" VPOS="1143" WIDTH="25"/>
						<String ID="P6_ST00140" HPOS="609" VPOS="1116" WIDTH="59" HEIGHT="27" CONTENT="un" WC="0.35" CC="48"/>
						<SP ID="P6_SP00127" HPOS="668" VPOS="1143" WIDTH="31"/>
						<String ID="P6_ST00141" HPOS="699" VPOS="1107" WIDTH="64" HEIGHT="35" CONTENT="art" WC="0.98" CC="040"/>
						<SP ID="P6_SP00128" HPOS="763" VPOS="1143" WIDTH="24"/>
						<String ID="P6_ST00142" HPOS="787" VPOS="1103" WIDTH="281" HEIGHT="39" CONTENT="consommé." WC="1.00" CC="100000004"/>
					</TextLine>
				</TextBlock>
				<ComposedBlock ID="P6_CB00001" HPOS="14" VPOS="1361" WIDTH="2552" HEIGHT="2572" STYLEREFS="TXT_3 PAR_LEFT" TYPE="Music">
					<GraphicalElement ID="P6_CB00001_SUB" HPOS="14" VPOS="1361" WIDTH="2552" HEIGHT="2572"/>
				</ComposedBlock>
			</PrintSpace>
		</Page>
	</Layout>
</alto>
