3505 4452
1676 147 110 53 355

341 296 84 52 Bei
456 296 159 52 diesen
645 296 199 50 frischen
876 294 227 66 Wangen

339 376 127 52 Hab'
498 376 119 51 doch
648 374 179 53 Mitleid
857 372 83 51 mit
970 372 100 50 mir.

231 459 83 49 Z.:
343 459 164 49 Nichts
535 475 87 33 von
653 454 195 58 Mitleid,
879 452 63 50 du
973 452 237 51 Schurke!

340 538 117 50 Wie
486 538 103 49 eine
625 535 181 67 Tig'rin
836 532 146 50 wüth'
1013 532 89 61 ich,

340 618 117 52 Wie
488 618 102 49 eine
620 615 219 66 Schlang'
871 612 95 51 und
993 614 188 59 Löwin,

340 698 164 50 Nichts
535 715 87 32 von
650 694 182 52 Mitleid
862 694 83 49 mit
973 692 95 51 dir!

234 779 80 51 L.:
345 779 116 49 Wie
491 778 151 49 mach'
673 776 74 50 ich
778 774 122 51 mich
930 792 83 33 aus
1043 774 106 51 dem
1182 774 181 53 Staube

231 860 83 50 Z.:
341 860 97 47 Des
470 858 157 57 Tod's,
658 873 139 34 wenn
827 855 62 50 du
919 855 104 50 dich
1054 856 180 50 rührst!

231 939 90 49 L.t
345 939 43 49 0
422 938 72 49 ihr
523 952 286 52 grausamen
841 935 186 51 Götter!

339 1018 124 50 Wer
493 1016 81 50 hat
602 1016 44 49 in
677 1015 100 51 ihre
806 1015 170 51 Hände

338 1096 127 51 Mich
495 1098 179 48 Armen
705 1114 90 32 nur
820 1095 252 69 gebracht!

232 1179 78 49 Z.:
341 1176 411 51 Verrätherischer
780 1176 156 50 Bube!

339 1258 131 48 Hätt'
499 1256 74 50 ich
602 1274 89 32 nur
720 1274 49 32 so
800 1256 90 50 wie
919 1255 106 50 dich

339 1336 136 50 Auch
507 1335 165 52 deinen
706 1338 155 48 Herrn
891 1336 46 49 in
966 1334 139 51 Haft!

232 1418 82 49 L.:
344 1416 119 59 Ach,
494 1418 201 48 schnüre
724 1416 128 51 nicht
880 1433 50 32 so
961 1415 130 57 feste,

338 1498 99 48 Der
465 1496 174 51 Athem
669 1496 113 66 geht
810 1496 89 50 mir
930 1495 105 51 aus!

231 1579 80 48 Z.:
341 1578 112 66 Mag
482 1594 51 32 er
564 1576 71 50 dir
664 1594 90 34 nur
781 1575 254 67 vergehen,

341 1659 79 47 Du
451 1658 203 48 kommst
682 1674 87 32 von
801 1656 101 49 hier
931 1655 127 50 nicht
1088 1653 112 50 fort!

235 1739 76 49 L.:
343 1738 43 49 0
420 1739 183 57 Götter,
634 1736 176 51 welche
839 1735 157 51 Püffe!

340 1819 65 48 Ist
433 1834 47 33 es
510 1819 105 65 Tag
644 1816 114 50 oder
786 1816 187 50 Nacht?

340 1898 175 51 Welch
547 1898 192 48 Rütteln
771 1895 96 51 und
899 1895 146 51 welch
1077 1895 207 59 Stossen,

340 1976 309 54 Verdammte
679 1975 305 51 Finsterniss!

235 2058 80 49 Z.:
345 2058 115 51 Wie
490 2056 174 67 glühen
695 2055 172 51 Freud'
899 2055 98 50 und
1025 2055 117 50 Lust

341 2138 102 47 Der
470 2135 147 50 Räch'
649 2135 44 50 in
725 2135 177 50 meiner
932 2135 161 48 Brust!

344 2218 62 48 So
438 2233 126 32 muss
594 2233 109 32 man
734 2215 84 50 mit
846 2214 89 49 den
965 2215 230 48 Männern

345 2295 281 57 Verfahren,
655 2312 69 40 so,
753 2312 91 31 nur
872 2294 73 49 so!

235 2375 167 50 Dieser
425 2377 122 48 Text
574 2375 57 48 ist
659 2374 268 51 wörtlich
957 2389 83 34 aus
1063 2371 108 52 dem
1194 2371 327 52 Italiänischen
1547 2371 114 51 über-

114 2462 130 52 setzt,
283 2455 97 50 und
418 2473 110 48 mag
557 2454 121 51 auch
707 2454 210 67 zugleich
947 2453 74 49 ein
1051 2453 199 67 Beispiel
1279 2453 155 66 geben
1463 2470 88 32 von
1581 2450 107 52 dem

127 2535 217 59 „Humor
373 2535 79 51 des
808 2534 90 50 den
921 2534 127 50 Herr
1070 2534 106 50 Viol
1205 2533 46 49 in
1281 2534 121 48 allen
1432 2533 257 51 deutschen

117 2615 181 51 Texten
329 2615 79 50 des
438 2617 108 48 Don
574 2617 126 48 Juan
728 2613 233 51 vermisst!
1017 2613 113 49 Man
1172 2611 121 51 sieht
1332 2613 98 49 ihm
1474 2613 85 51 auf
1598 2611 90 51 den

985 2671 12 12 /

117 2702 153 43 ersten
301 2695 131 50 Blick
461 2712 75 40 an,
580 2694 106 51 dass
729 2711 52 31 er
818 2693 85 51 auf
926 2693 75 49 die
1040 2691 349 51 erhabenste
1421 2693 157 51 Glasse
1609 2691 80 51 des

115 2775 506 51 Theater-Publicums
651 2774 257 51 berechnet
935 2774 71 50 ist.

235 2855 134 51 Nach
400 2855 108 50 dem
536 2857 150 48 Duett
714 2854 114 50 läuft
855 2853 185 49 Zerline
1069 2853 107 58 fort,
1213 2871 81 31 um
1324 2854 174 50 Donna
1534 2853 159 49 Elvira

114 2953 57 33 zu
212 2935 154 51 holen.
422 2935 269 68 Leporello,
735 2951 60 33 an
837 2933 91 51 den
970 2933 137 51 Stuhl
1149 2933 360 67 festgebunden,
1561 2931 133 51 bittet

117 3015 137 50 einen
293 3013 459 68 vorübergehenden
781 3014 157 48 Bauer
980 3012 116 50 oder
1125 3014 188 66 Bürger
1344 3010 78 69 (im
1451 3013 239 48 Zimmer?

118 3094 85 51 auf
226 3093 84 51 der
339 3092 234 67 Strasse?)
606 3111 81 31 um
717 3093 135 49 einen
884 3093 165 49 Trunk
1078 3092 217 59 Wasser,
1337 3093 231 57 versucht,
1609 3092 85 49 mit

119 3173 92 51 den
239 3174 191 50 Zähnen
460 3174 125 48 seine
615 3172 162 50 Bande
805 3191 57 30 zu
889 3189 259 50 zernagen;
1192 3191 49 31 es
1277 3173 195 67 gelingt,
1512 3170 97 51 und
1639 3188 51 33 er

119 3254 116 50 läuft
263 3254 105 50 fort.
397 3253 186 49 Zerline
613 3252 182 49 kommt
824 3250 84 50 mit
935 3252 158 49 Elvira
1121 3253 193 58 zurück,
1345 3252 115 49 aber
1490 3252 83 49 der
1598 3252 62 49 Vo-

122 3334 73 66 gel
239 3334 57 48 ist
336 3332 320 66 ausgeflogen.
706 3329 77 51 Sie
813 3329 329 58 beschliessen,
1185 3329 108 51 dem
1337 3330 187 50 Ottavio
1567 3329 125 51 diese

119 3413 172 51 Flucht
330 3431 58 31 zu
430 3410 229 51 melden!!
794 3410 115 50 Das
951 3409 56 50 ist
1044 3409 81 51 das
1157 3409 151 60 Glied,
1350 3410 202 50 welches
1582 3409 108 51 dem

119 3492 316 52 Kunstwerke
466 3489 343 58 abzunehmen,
838 3488 117 51 oder
983 3489 249 67 richtiger:
1262 3489 129 51 nicht
1420 3489 240 51 aufzudrin-

119 3589 109 51 gen,
259 3572 80 49 für
367 3572 137 49 einen
533 3569 164 50 Frevel
728 3568 156 67 gelten
913 3569 99 50 soll.

235 3652 136 50 Aber
392 3649 229 52 vielleicht
642 3649 56 50 ist
721 3648 74 49 die
820 3649 319 66 Composition
1162 3648 154 51 dieser
1346 3649 180 50 flachen
1552 3650 140 49 Posse

118 3751 50 34 so
201 3730 304 59 wundervoll,
549 3729 105 50 dass
697 3746 48 33 es
773 3729 214 48 Jammer
1015 3727 96 50 und
1142 3727 184 52 Schade
1355 3729 72 58 ist,
1472 3728 104 49 dass
1606 3728 87 49 wir

118 3813 65 49 sie
211 3812 127 50 nicht
366 3810 134 50 mehr
531 3808 84 49 auf
637 3808 85 49 der
752 3807 166 49 Bühne
947 3807 182 49 hören?
1177 3808 127 58 Nun,
1335 3808 181 49 Mozart
1545 3807 147 49 bleibt

118 3893 177 51 freilich
324 3892 167 48 immer
521 3889 195 56 Mozart,
761 3887 95 49 und
898 3885 301 52 bekanntlich
1228 3887 129 49 hatte
1387 3904 67 41 er,
1493 3887 88 49 wie
1609 3888 54 48 Jo-

117 3973 115 67 seph
261 3970 190 69 Haydn,
494 3968 74 51 die
611 3968 178 58 Macht,
830 3965 75 51 die
941 3967 156 49 Musik
1143 3984 57 32 zu

117 4052 90 50 wie
236 4068 50 33 es
317 4050 195 52 Göthe's
542 4045 450 52 Theater-Directör
1020 4045 64 51 im
1112 4047 148 48 Faust
1288 4063 90 33 von
1407 4044 108 51 dem
1544 4045 119 50 Dich-

114 4141 75 43 ter
232 4132 84 50 mit
358 4130 85 51 der
471 4129 165 51 Poesie
670 4128 242 66 verlangt;
963 4125 135 52 beide
1128 4125 190 51 Meister
1361 4125 325 68 componirten

114 4212 215 50 bestellte
371 4210 185 51 Sachen
598 4208 89 51 fast
738 4207 84 53 mit
871 4205 248 54 derselben
1162 4205 265 60 Genialität,
1484 4204 89 52 wie
1618 4205 74 51 die

1769 295 173 60 Musik,
1991 313 57 32 zu
2092 295 201 50 welcher
2330 296 84 51 der
2442 299 168 65 Drang
2640 296 79 51 des
2749 298 174 50 Innern
2953 298 66 50 sie
3049 294 301 70 begeisterte.

1769 378 62 48 So
1862 378 57 49 ist
1956 375 125 51 denn
2121 375 122 51 auch
2286 376 124 51 diese
2440 379 199 66 Einlage
2681 379 250 51 immerhin
2960 380 221 50 Mozart's
3223 378 128 50 nicht

1769 456 269 68 unwürdig,
2070 456 117 51 aber
2211 473 136 33 wenn
2370 458 63 49 sie
2456 475 88 33 von
2569 459 122 49 allen
2714 460 265 50 Nummern
3002 460 64 50 im
3090 461 110 49 Don
3221 460 127 50 Juan

1766 539 121 48 auch
1918 538 128 49 nicht
2076 538 74 50 die
2180 536 287 52 schwächste
2497 540 71 59 ist,
2597 557 50 31 so
2677 539 57 49 ist
2762 540 64 50 sie
2857 540 120 51 doch
3001 540 248 50 sicherlich
3271 540 77 51 die

1766 616 140 51 dritte
1935 618 61 49 im
2027 618 167 49 Bunde
2225 618 85 48 der
2338 616 297 60 schwachen,
2678 619 89 49 den
2798 620 81 51 das
2909 621 149 49 Duett
3085 637 90 33 von
3204 621 144 49 Anna

1766 696 96 50 und
1892 699 189 49 Ottavio
2114 696 14 69 (
2133 695 181 70 G-dur)
2347 696 61 50 im
2441 698 162 50 Finale
2647 698 94 49 und
2782 699 75 51 die
2885 701 115 50 Arie
3042 700 85 51 der
3155 701 189 50 Elvira:

1778 778 140 58 „Deh
2137 779 226 65 (D-dur),
2389 779 44 49 in
2459 778 85 52 der
2559 778 207 52 Partitur
2790 781 390 51 überschrieben:
3218 780 132 60 „Nel

1773 855 104 53 stilo
2034 856 55 52 dl
2250 897 59 20 ,
2310 858 152 50 bilden.
2513 859 93 49 Die
2636 858 470 68 Opern-Regisseure
3149 878 194 33 unseres

1764 939 349 49 Jahrhunderts
2156 939 158 51 haben
2365 939 219 51 desshalb
2616 938 84 50 mit
2743 939 109 49 sehr
2888 941 242 66 richtigem
3163 943 177 49 Gefühl

1765 1018 127 50 diese
1921 1019 99 49 drei
2051 1020 265 50 Nummern
2347 1021 335 68 weggelassen.

1885 1117 127 49 Herr
2053 1117 105 49 Viol
2202 1117 215 50 erwähnt
2459 1117 83 49 der
2586 1118 143 49 Arie:
2793 1157 17 19 „
2822 1117 112 50 Deh
2963 1117 148 71 fuggi
3176 1138 92 32 nur
3296 1122 45 49 in

1765 1195 128 50 einer
1909 1197 329 67 Anmerkung,
2262 1197 231 49 bedauert
2522 1198 231 49 natürlich
2780 1198 122 49 auch
2927 1198 101 49 ihre
3050 1200 293 69 Auslassung

1765 1275 95 50 und
1900 1283 145 43 nennt
2084 1277 65 49 sie
2189 1278 71 49 ein
2306 1278 488 57 „charakteristisches
3228 1282 115 51 Wir

1764 1355 103 50 sind
1896 1357 84 49 der
2008 1364 470 63 entgegengesetzten
2500 1359 199 50 Ansicht
2728 1358 94 49 und
2847 1361 205 58 meinen,
3082 1359 126 51 diese
3229 1362 115 49 Arie

1765 1437 106 49 falle
1900 1454 117 51 ganz
2048 1437 96 49 und
2174 1456 86 49 gar
2290 1454 82 34 aus
2400 1438 107 51 dem
2532 1439 266 51 Charakter
2821 1439 189 60 heraus,
3043 1439 90 51 den
3156 1442 181 51 Mozart

1763 1517 151 49 seiner
1930 1518 156 48 Elvira
2116 1517 148 51 durch
2296 1519 126 57 alles,
2454 1536 96 33 was
2578 1521 63 48 sie
2671 1527 127 43 sonst
2826 1521 138 66 singt,
2996 1519 217 68 gegeben
3240 1522 92 49 hat.

1768 1597 110 49 Wie
1909 1615 50 31 er
1989 1597 118 49 dazu
2128 1597 303 67 gekommen,
2462 1599 102 50 eine
2588 1599 112 50 Arie
2724 1598 146 50 dieses
2895 1601 107 48 Stils
3025 1601 46 48 in
3095 1601 104 49 eine
3221 1602 89 49 Par-

1761 1677 112 49 titur
1904 1678 87 48 wie
2019 1677 74 49 die
2122 1677 80 51 des
2233 1679 107 49 Don
2370 1681 123 48 Juan
2523 1678 372 60 einzuschieben,
2927 1698 74 32 wo
3031 1679 74 50 die
3134 1682 174 49 musica-

1764 1757 138 49 lische
1935 1757 371 51 Charakteristik
2356 1759 114 49 aller
2511 1759 165 50 Rollen
2716 1767 127 42 sonst
2885 1776 50 33 so
2981 1759 86 50 fest
3102 1759 206 70 durchge-

1764 1837 133 49 führt
1926 1838 70 58 ist,
2028 1837 81 49 das
2140 1838 56 48 ist
2224 1838 181 51 schwer
2433 1857 55 31 zu
2512 1838 236 52 errathen.
2780 1841 112 48 Man
2922 1839 186 51 möchte
3139 1841 89 50 fast
3256 1842 85 49 mit

1763 1915 280 51 UlibischefT
2065 1917 85 49 auf
2173 1917 72 49 die
2277 1918 334 66 Vermuthung
2640 1919 130 49 einer
2798 1919 153 50 Ironie
2984 1919 239 60 kommen,
3255 1921 55 50 de-

1763 2013 83 33 ren
1876 1997 233 49 Schlüssel
2139 1997 83 49 der
2252 1997 227 51 Gedanke
2508 1998 79 50 des
2614 1999 331 66 Componisten
2975 2003 158 46 wäre:
3176 2001 161 59 „Seht,

1763 2076 158 49 diesen
1953 2077 81 49 Stil
2081 2077 115 49 habt
2234 2077 72 49 ihr
2351 2078 67 50 bis
2460 2078 112 66 jetzt
2611 2078 282 51 bewundert
2931 2078 97 51 und
3058 2078 285 53 bewundert

1765 2157 78 48 ihn
1874 2157 143 48 noch!
2074 2158 109 48 Nun
2212 2157 108 51 hört
2351 2158 186 57 einmal,
2589 2159 89 49 wie
2727 2176 52 32 er
2827 2159 98 50 sich
2965 2159 233 50 zwischen
3243 2159 93 51 den

1764 2238 264 48 Nummern
2060 2237 174 49 meines
2264 2238 107 48 Stils

1886 2345 113 51 Wir
2028 2345 220 49 kommen
2278 2345 115 66 jetzt
2432 2364 57 32 zu
2517 2373 6 12 -
2539 2345 82 52 der
2654 2349 324 67 Weglassung
3019 2349 83 50 der
3132 2350 185 51 Schluss-

1763 2423 162 51 stücke
1956 2423 80 51 des
2060 2425 164 49 letzten
2246 2425 216 51 Finale's.

1882 2525 64 48 Es
1976 2524 56 48 ist
2060 2521 278 60 sonderbar,
2371 2521 104 51 dass
2506 2524 128 48 Herr
2669 2525 85 48 Dr.
2788 2525 104 48 Viol
2923 2525 80 50 für
3033 2525 89 50 den
3152 2528 191 49 Schluss

1764 2601 84 51 der
1878 2603 132 66 Oper
2032 2601 416 66 Schwierigkeiten
2481 2601 158 50 findet.
2669 2604 134 48 Nach
2833 2604 159 49 seinen
3017 2605 326 52 Grundsätzen

1763 2683 132 49 sollte
1926 2699 108 32 man
2065 2689 251 49 erwarten,
2348 2680 106 51 dass
2483 2699 52 32 er
2564 2681 81 50 das
2676 2683 183 49 Sextett
2887 2684 119 49 nach
3038 2684 106 51 dem
3176 2686 167 51 Sturze

1764 2764 109 48 Don
1901 2763 164 48 Juan's
2094 2761 46 50 in
2170 2760 74 50 die
2274 2761 140 50 Hölle
2445 2761 83 50 mit
2558 2763 122 48 allen
2711 2763 245 59 Gründen,
2995 2764 74 49 die
3099 2765 144 51 schon
3275 2768 68 48 oft

1766 2843 144 49 dafür
1938 2841 260 68 angeführt
2226 2841 193 51 worden
2450 2841 117 60 sind,
2607 2843 66 49 als
2704 2841 59 51 da
2791 2843 183 52 heissen
3003 2845 337 69 Versöhnung,

1766 2921 313 68 Beruhigung
2121 2939 45 32 u.
2197 2938 33 33 s.
2263 2939 76 41 w.,
2381 2921 47 50 in
2466 2921 169 51 Schutz
2677 2923 206 49 nehmen
2926 2924 179 51 würde.
3162 2928 55 47 In
3259 2926 85 51 der

1769 3003 140 58 That,
1951 3003 175 48 seinem
2158 3001 355 51 musicalischen
2544 3001 205 51 Werthe
2777 3004 120 48 nach
2927 3004 208 51 verdient
3165 3023 64 42 es,
3260 3008 84 49 mit

1766 3081 277 50 Ausnahme
2073 3080 80 50 des
2183 3080 290 50 Stückchens
2504 3081 162 58 Duett,
2710 3081 201 50 welches
2958 3083 89 49 den
3086 3084 254 51 trivialsten

1765 3159 318 51 italiänischen
2127 3159 210 49 Phrasen
2380 3159 100 51 aufs
2525 3160 132 48 Haar
2697 3160 190 67 gleicht,
2931 3163 109 49 weit
3081 3164 137 49 mehr
3259 3164 84 51 das

1766 3240 216 50 Prädicat
2004 3240 126 48 eines
2153 3239 349 66 integrirenden
2525 3239 186 51 Theiles
2734 3240 84 51 der
2842 3243 149 66 Oper,
3022 3244 67 49 als
3111 3244 74 49 die
3209 3246 99 49 Hän-

1766 3319 200 51 del'sche
1995 3319 113 49 Arie
2140 3318 95 49 und
2264 3318 83 50 das
2376 3320 150 48 Duett
2564 3319 230 51 zwischen
2823 3323 249 66 Leporello
3104 3324 95 49 und
3226 3326 86 49 Zer-

1765 3400 108 59 line,
1901 3399 152 49 zumal
2083 3398 61 50 da
2172 3399 196 48 Dichter
2399 3398 95 50 und
2520 3399 274 68 Componist
2822 3400 156 51 diesen
3001 3403 189 49 Schluss
3218 3405 123 50 nach

1766 3478 106 49 dem
1896 3476 358 68 gewöhnlichen
2273 3478 433 67 Opern-Zuschnitt
2729 3480 79 48 für
2829 3481 305 68 nothwendig
3151 3483 189 52 hielten.

1768 3558 111 50 Wir
1909 3558 221 49 erfahren
2160 3558 202 49 nämlich
2393 3575 83 32 aus
2507 3558 107 50 dem
2643 3560 198 59 Sextett,
2883 3578 98 32 was
3024 3578 84 33 aus
3138 3563 90 50 den
3259 3582 54 31 an-

1765 3638 145 49 deren
1939 3638 184 48 Leuten
2153 3636 80 50 des
2263 3638 295 66 Schauspiels
2596 3638 134 59 wird,
2774 3638 74 52 die
2888 3639 85 51 der
3003 3641 166 51 Teufel
3213 3644 131 49 nicht

1766 3718 162 67 geholt
1957 3718 98 58 hat,
2100 3716 96 50 und
2238 3716 82 51 das
2357 3718 93 49 will
2488 3716 118 51 doch
2636 3719 169 49 immer
2835 3719 73 51 die
2940 3721 188 53 Galerie
3160 3725 185 57 wissen,

1766 3815 80 32 um
1877 3796 223 68 beruhigt
2128 3796 118 50 nach
2277 3798 161 48 Hause
2476 3815 54 31 zu
2577 3798 167 66 gehen.
2801 3799 115 51 Also
2945 3801 160 53 Elvira
3137 3805 112 65 geht
3278 3805 67 49 ins

1766 3878 206 58 Kloster,
2019 3876 184 50 Zerline
2253 3875 96 50 und
2386 3876 202 51 Masetto
2629 3878 223 67 „kriegen
3095 3884 248 66 Leporello

1768 3955 119 51 wird
1918 3956 186 56 fromm,
2147 3955 89 48 wie
2273 3955 74 50 ein
2385 3956 117 49 alter
2531 3955 203 61 Sünder,
2777 3960 177 51 Donna
2982 3961 141 50 Anna
3152 3961 193 68 bedingt

1768 4038 96 49 sich
1893 4034 238 53 Anstands
2160 4052 167 49 wegen
2365 4036 119 49 noch
2527 4036 74 50 ein
2631 4039 296 67 Trauerjahr
2968 4058 100 43 aus,
3111 4040 96 52 und
3250 4041 89 50 alle

1766 4133 272 35 zusammen
2066 4114 274 52 verkünden
2368 4116 281 51 schliesslich
2680 4118 74 50 die
2784 4121 183 49 Moral:

2041 4203 142 59 „Wie
2213 4219 111 36 man
2352 4204 114 61 lebt,
2497 4222 49 34 so
2578 4208 137 51 stirbt
2746 4224 109 35 man
