3505 4452
1754 167 110 51 356

311 312 138 48 Trotz
479 309 198 51 alledem
708 309 57 50 ist
794 308 118 52 auch
946 311 127 48 Herr
1099 311 103 51 Viol
1228 312 79 50 für
1331 312 89 51 den
1446 312 210 69 Wegfall
1687 309 81 51 des

192 393 211 62 grössten
421 389 185 50 Theiles
630 388 79 50 des
728 391 203 48 Sextetts
955 389 96 50 und
1082 391 92 49 will
1199 410 92 32 nur
1320 392 81 50 das
1432 392 130 50 letzte
1585 392 182 57 Presto,

190 469 73 50 die
308 469 167 59 Moral,
529 469 299 51 beibehalten
877 471 185 51 wissen.
1119 472 134 60 Wie,
1297 472 80 51 das
1434 471 192 51 werden
1682 472 86 48 wir

191 549 150 51 sleich
371 549 159 50 sehen.

310 631 109 48 Man
451 629 81 50 hat
562 629 120 50 auch
714 629 102 51 hier
845 629 178 53 wieder
1053 632 246 66 allgemein
1344 631 109 49 sehr
1489 631 167 67 richtig
1686 649 54 49 ge-

188 708 140 57 fühlt,
360 708 105 50 dass
496 709 85 51 auf
605 708 84 51 der
717 711 170 49 Bühne
926 711 81 51 das
1030 713 182 47 Drama
1242 711 83 48 mit
1353 711 107 49 dem
1491 711 165 49 Sturze
1686 711 81 49 des

182 789 112 49 Don
323 789 124 49 Juan
478 788 200 69 endigen
710 793 175 56 müsse,
917 791 122 49 denn
1070 789 72 50 die
1165 789 270 68 Erzählung
1466 791 128 49 einer
1620 791 117 49 Kata-

183 870 210 66 strophe,
435 868 73 51 die
540 887 111 33 man
682 872 87 48 auf
791 871 86 51 der
906 873 146 47 Scene
1082 871 83 48 mit
1195 870 168 68 Augen
1395 871 285 67 angesehen,
1711 872 57 48 ist

187 950 338 66 unerträglich.
555 950 136 50 Aber
722 951 116 49 auch
872 951 96 48 rein
999 948 290 51 musicalisch
1321 967 300 50 genommen,
1653 970 35 30 z.
1712 952 52 48 B.

190 1027 77 51 bei
292 1030 378 67 Aufführungen
701 1031 79 49 des
804 1046 174 51 ganzen
995 1030 200 49 Finale's
1218 1030 62 49 im
1307 1031 347 59 Concertsaale,
1678 1031 89 49 wie

192 1108 189 51 neulich
408 1108 123 51 beim
560 1111 268 49 Musikfeste
851 1111 43 47 in
921 1108 220 56 Coblenz,
1174 1110 100 49 fällt
1297 1110 81 50 das
1404 1112 181 48 Sextett
1613 1129 154 49 gegen

187 1188 75 50 die
291 1187 405 71 überwältigende
722 1188 364 68 Grossartigkeit
1109 1188 80 51 des
1213 1190 438 68 Vorhergehenden
1682 1209 85 50 gar

187 1267 113 51 sehr
329 1267 61 51 ab
421 1268 95 50 und
550 1268 229 51 erscheint
809 1275 116 43 matt
954 1267 95 50 und
1082 1268 190 51 farblos.

310 1350 109 48 Nun
452 1348 183 50 können
667 1347 117 51 aber
812 1348 169 68 Einige
1011 1348 83 50 mit
1136 1348 106 50 dem
1275 1348 185 51 blossen
1493 1351 273 67 Wegfallen

190 1427 81 50 des
301 1428 202 50 Sextetts
531 1428 94 50 sich
659 1428 125 50 nicht
811 1427 238 51 zufrieden
1090 1428 171 68 geben,
1305 1430 63 48 sie
1411 1431 169 48 wollen
1620 1438 146 42 etwas

188 1506 216 52 Anderes
454 1525 57 32 an
560 1507 163 51 dessen
764 1508 141 50 Stelle
948 1517 170 48 setzen,
1170 1508 132 50 einen
1366 1510 398 57 „künstlerischen

591 1587 89 50 wie
706 1588 186 50 Franz
925 1590 220 66 Kugler
1172 1596 119 60 sagt,
1315 1588 84 50 der
1420 1590 45 49 in
1490 1590 105 49 dem
1622 1590 120 49 belle-

187 1667 262 50 tristischen
477 1667 278 51 Jahrbuche
785 1670 132 66 Argo
949 1670 79 48 für
1066 1668 145 51 1854
1242 1670 365 67 Bemerkungen
1646 1671 120 49 über

184 1746 112 49 Dr»n
324 1747 123 48 Juan
482 1747 94 48 und
606 1747 177 67 Figaro
814 1747 80 51 hat
924 1747 208 50 drucken
1164 1748 165 50 lassen.

306 1826 132 49 Nach
471 1827 97 50 ihm
592 1828 84 50 soll
709 1828 215 50 Hector
952 1830 236 49 Berlioz
1221 1828 250 68 folgenden
1503 1830 263 68 Vorschlag

188 1906 220 67 gemacht
440 1906 181 51 haben:
652 1908 90 49 Die
767 1908 149 50 Scene
939 1908 289 51 verwandelt
1251 1910 94 49 sich
1371 1910 44 48 in
1440 1910 103 49 eine
1566 1911 197 57 Kirche;

188 1987 45 48 in
277 1986 73 48 ihr
393 1987 122 48 steht
558 1987 84 50 der
672 1988 220 50 Katafalk
936 1987 80 51 des
1061 1990 106 48 Don
1197 1991 143 57 Juan,
1383 1986 96 53 und
1522 1990 84 50 der
1637 1991 129 49 Chor

187 2066 108 49 lässt
323 2065 81 50 das
435 2063 123 54 Dies
586 2065 103 53 irae
727 2085 85 33 aus
841 2068 218 50 Mozart's
1090 2067 230 69 Requiem
1348 2073 214 54 ertönen,
1604 2071 163 49 womit

188 2145 73 50 die
295 2146 132 67 Oper
465 2147 220 50 schliesst.
822 2148 118 50 Eine
983 2148 341 59 Leichenfeier,
1373 2150 74 48 ein
1493 2150 143 49 Stück
1680 2169 84 31 aus

186 2226 129 49 einer
344 2226 337 51 Todtenmesse
713 2228 78 47 für
822 2230 108 47 Don
959 2228 142 58 Juan,
1143 2228 83 50 der
1269 2246 51 32 so
1362 2228 120 50 eben
1512 2247 82 32 zur
1623 2231 140 49 Hölle

188 2305 229 67 gefahren
445 2306 108 48 ist!!
597 2307 269 48 Kolossaler
896 2306 204 51 Unsinn!

310 2386 98 48 Das
437 2385 118 49 sieht
586 2386 120 49 denn
738 2388 52 49 F.
818 2387 182 66 Kugler
1030 2386 118 51 doch
1180 2387 119 50 auch
1333 2388 73 49 ein
1437 2388 94 50 und
1561 2390 207 49 verwirft

191 2463 159 51 diesen
380 2465 188 49 Schluss
615 2465 94 49 und
753 2465 83 49 das
865 2463 123 52 Dies
1015 2463 103 52 irae
1160 2466 124 49 dann
1327 2467 121 50 noch
1494 2467 272 60 besonders,

190 2543 105 51 weil
324 2561 47 32 es
413 2545 154 57 „nicht
597 2545 81 50 das
709 2546 116 66 gibt,
856 2564 96 31 was
982 2546 85 48 wir
1098 2547 100 48 hier
1226 2547 340 67 vorzugsweise
1590 2548 145 50 bedür-

190 2623 73 50 fen
388 2622 89 51 den
510 2623 372 51 künstlerischen

309 2703 105 50 Von
445 2703 173 51 diesem
648 2705 478 68 selbstgeschaffenen
1150 2706 271 49 Bedürfniss
1446 2707 124 50 kann
1594 2725 52 33 er
1668 2708 96 50 sich

188 2782 127 50 nicht
346 2785 268 49 losmachen
657 2785 98 49 und
790 2786 101 66 gibt
934 2785 105 50 dem
1072 2786 257 49 Gedanken
1360 2804 87 33 von
1480 2788 179 49 Berlioz
1691 2788 73 50 die

187 2862 284 67 Wendung,
524 2863 102 50 dass
671 2865 101 48 eine
812 2865 324 49 Leichenfeier
1180 2866 80 48 für
1301 2865 89 49 den
1424 2867 231 48 Comthur
1693 2867 74 50 die

191 2942 133 66 Oper
353 2942 247 51 schliessen
631 2945 126 48 solle.
789 2943 234 50 Desshalb
1054 2948 155 45 müsse
1241 2945 116 49 aber
1386 2945 74 49 die
1485 2946 206 66 Capelle,
1721 2947 46 48 in

190 3021 207 49 Welcher
424 3022 65 50 sie
520 3023 122 49 Statt
671 3022 161 60 findet,
864 3023 143 50 schon
1040 3023 163 50 früher
1232 3023 104 50 dem
1362 3025 273 49 Zuschauer
1661 3042 79 33 vor-

190 3101 195 66 geführt
416 3102 204 51 werden.
653 3105 69 47 Er
755 3103 125 50 fährt
910 3103 123 51 dann
1065 3105 96 49 also
1193 3105 114 49 fort:

322 3181 88 57 „lii
417 3199 108 33 erzu
553 3182 152 51 wähle
734 3183 70 49 ich
837 3183 74 49 die
941 3185 164 57 Scene,
1137 3185 44 48 in
1206 3183 204 51 welcher
1432 3183 81 51 das
1537 3185 229 51 Steinbild

191 3258 81 51 des
304 3260 254 50 Comthurs
587 3280 103 32 zum
722 3263 242 50 Gastmahl
1005 3263 275 66 eingeladen
1311 3265 131 49 wird.
1487 3266 122 48 Statt
1632 3265 132 67 jenes

188 3341 170 49 Locals
386 3341 64 49 im
479 3342 188 59 Freien,
710 3342 46 50 in
794 3343 226 50 welchem
1052 3343 80 50 das
1162 3345 435 49 Reiter-Standbild
1626 3346 138 60 steht,

188 3420 172 50 nehme
390 3420 73 49 ich
496 3421 80 48 für
604 3421 125 48 diese
761 3422 149 48 Scene
939 3421 81 51 das
1044 3423 168 49 Innere
1241 3425 128 48 einer
1395 3425 192 66 Capelle
1612 3443 76 40 an,
1717 3426 46 50 in

190 3501 179 49 welche
400 3500 84 50 der
512 3501 464 49 Mondenschimmer
1014 3501 275 52 hineinfällt.
1349 3505 193 58 Hieher,
1587 3507 88 47 wie
1719 3506 44 50 in

192 3580 72 48 ein
297 3580 275 66 gewohntes
601 3581 130 67 Asyl,
783 3581 122 48 kann
949 3580 94 49 sich
1076 3581 107 48 Don
1212 3582 124 48 Juan
1381 3582 94 50 und
1514 3583 123 50 kann
1668 3585 95 49 sich

193 3658 207 50 hernach
430 3661 251 66 Leporello
710 3660 120 49 eben
861 3677 50 32 so
943 3667 83 59 gut
1057 3660 221 58 flüchten,
1311 3662 65 48 als
1405 3662 44 48 in
1475 3664 141 64 jenen
1647 3665 92 49 offe-

192 3754 111 42 nen,
346 3755 89 33 von
477 3740 128 48 einer
634 3738 119 51 doch
785 3740 128 48 nicht
955 3756 87 48 gar
1085 3740 156 49 hohen
1270 3741 167 50 Mauer
1467 3744 297 64 umgebenen

192 3818 174 47 Raum.
397 3817 118 48 Hier
536 3818 122 49 steht
680 3817 84 50 das
786 3817 234 50 Denkmal
1045 3817 81 50 des
1146 3818 270 60 Comthurs,
1442 3820 172 51 freilich
1640 3824 126 49 nicht

191 3897 67 50 als
291 3897 349 66 Reiter-Figur,
671 3897 202 51 sondern
905 3898 64 49 als
999 3898 209 51 einfache
1226 3900 164 49 Statue
1420 3918 55 31 zu
1501 3902 135 57 Fuss,
1668 3920 96 33 was

188 3976 87 51 der
299 3976 189 51 Galerie
520 3976 256 49 wiederum
802 3976 226 49 vielleicht
1049 3977 210 69 weniger
1278 3996 221 50 zusagen,
1531 3996 96 32 was
1653 3981 113 51 aber

186 4057 147 50 schon
365 4074 59 33 an
455 4056 95 49 sich
590 4055 294 67 gescheidter
925 4056 95 49 sein
1065 4056 134 61 wird,
1244 4057 156 51 indem
1440 4058 102 49 eine
1583 4060 183 49 Reiter-

187 4138 151 68 Figur
386 4155 85 33 aus
515 4137 130 50 Stein
691 4135 127 68 (statt
847 4144 120 43 etwa
999 4154 82 31 aus
1112 4137 199 52 Bronze)
1358 4138 44 49 in
1448 4138 316 53 technischem

184 4218 210 68 Belange
424 4217 73 51 ein
530 4215 269 52 bedeutend
845 4215 249 50 missliches
1127 4217 126 66 Ding
1296 4217 73 61 ist,
1414 4234 96 33 was
1552 4217 210 66 zugleich

1844 311 308 52 künstlerisch
2185 315 119 49 noch
2335 316 154 51 reiner
2520 316 179 51 wirken
2730 315 171 59 dürfte,
2947 313 95 52 und
3081 332 96 35 was
3225 317 119 51 eben
3377 320 45 49 in

1843 391 175 51 diesem
2050 392 371 55 künstlerischen
2450 400 187 66 Bezüge
2661 397 189 69 doppelt
2881 396 434 52 wünschenswerth
3349 401 73 58 ist,

1842 489 81 31 um
1954 471 74 51 die
2060 472 181 51 Gestalt
2267 475 145 50 schon
2445 478 102 50 hier
2583 477 139 67 völlig
2761 477 45 50 in
2846 476 247 51 derselben
3123 478 215 68 Haltung
3366 497 56 32 zu

1841 551 179 67 zeigen,
2070 552 89 50 wie
2202 553 65 50 sie
2312 553 208 54 hernach
2564 558 45 50 in
2653 557 83 51 das
2768 557 243 51 Gastmahl
3048 556 82 51 des
3159 558 108 50 Don
3297 561 125 48 Juan

1842 631 188 49 eintritt.
2060 632 52 48 In
2144 632 84 50 der
2251 633 190 69 Capelle
2470 637 102 50 sind
2601 638 74 50 die
2700 637 412 67 Vorbereitungen
3144 656 55 31 zu
3230 638 85 50 der
3340 638 56 51 be
3413 669 9 9 -

1839 711 344 51 vorstehenden
2213 713 139 51 Feier
2396 715 171 52 bereits
2608 736 57 32 zu
2707 718 256 59 erkennen,
3008 717 95 50 und
3141 718 112 50 Don
3295 720 127 50 Juan

1841 792 200 67 kündigt
2069 791 74 52 die
2173 793 205 60 letztere,
2408 796 97 51 dies
2524 797 306 61 bemerkend,
2854 798 84 50 mit
2961 798 71 50 ein
3057 816 117 50 paar
3196 801 199 66 spötteln-

1841 871 88 49 den
1948 873 60 50 W
2022 880 135 42 orten
2180 890 73 33 an.
2285 875 64 48 Es
2371 875 118 49 wird
2514 885 85 58 gut
2625 878 116 60 sein,
2771 896 139 32 wenn
2940 878 118 50 auch
3085 880 173 49 Donna
3281 880 139 50 Anna

1841 952 44 50 in
1917 952 84 50 der
2031 953 249 66 lolgenden
2310 956 166 58 Scene,
2519 957 45 48 in
2609 957 89 51 den
2731 960 206 49 Worten
2981 958 80 50 des
3103 958 311 52 einleitenden

1841 1032 248 51 Recitativs
2120 1033 65 50 als
2216 1033 167 51 Grund
2415 1036 78 48 für
2523 1036 73 49 ihr
2625 1037 322 51 ablehnendes
2977 1038 258 50 Verhalten
3265 1056 154 51 gegen

1842 1111 82 51 das
1955 1112 108 67 eilig
2091 1112 271 69 drängende
2396 1115 218 50 Werben
2652 1117 229 51 Ottavio's
2911 1136 116 50 ganz
3058 1118 113 50 kurz
3202 1120 213 58 anführt,

1841 1192 105 50 dass
1970 1192 74 50 die
2068 1192 253 51 kirchliche
2345 1196 302 51 Trauerfeier
2679 1197 78 48 für
2788 1197 89 51 den
2901 1201 146 48 Vater
3070 1200 51 67 ja
3149 1200 120 49 noch
3293 1200 129 49 nicht

1841 1272 171 50 einmal
2042 1272 286 69 abgehalten
2357 1276 80 49 sei.
2470 1277 139 48 Dann
2641 1276 182 51 kommt
2850 1277 83 51 das
2962 1280 164 49 Finale
3156 1280 84 49 mit
3267 1280 153 51 seiner

1841 1351 325 51 rauschenden
2196 1355 131 57 Lust,
2359 1355 83 49 mit
2470 1356 177 49 seinem
2677 1356 332 51 dämonischen
3034 1358 264 51 Entsetzen.
3328 1360 90 49 Die

1841 1432 167 50 Bühne
2040 1432 80 50 hat
2150 1433 101 49 hier
2274 1433 236 51 durchaus
2535 1435 134 49 keine
2694 1436 154 57 Tiefe;
2881 1454 45 31 es
2958 1437 119 60 darf,
3108 1437 105 51 dem
3238 1440 181 49 Inhalte

1842 1512 357 67 entsprechend,
2229 1513 236 51 durchaus
2498 1515 106 49 kein
2634 1516 126 58 Saal,
2790 1516 202 49 sondern
3023 1535 90 30 nur
3144 1518 73 49 ein
3249 1520 169 67 mässig

1842 1609 199 48 grosses,
2074 1591 301 70 behagliches
2407 1595 208 50 Gemach
2647 1596 110 49 sein.
2796 1596 87 49 Mit
2910 1596 107 49 dem
3047 1597 370 52 Verschwinden

1841 1672 80 50 des
1950 1672 265 51 steinernen
2246 1675 166 49 Gastes
2441 1675 207 50 brechen
2680 1675 75 50 die
2783 1677 250 50 Dämonen
3064 1677 161 51 herein
3326 1680 61 49 Ge-

1839 1753 186 56 stalten,
2054 1753 44 49 in
2130 1752 150 51 denen
2310 1755 83 49 das
2417 1756 386 58 Entsetzenvolle,
2827 1756 84 49 der
2934 1774 204 49 grausen
3161 1757 258 51 Schönheit

1841 1832 182 50 antiker
2054 1833 174 50 Furien
2258 1833 204 61 ähnlich,
2505 1836 186 66 geadelt
2719 1836 93 50 und
2848 1836 306 51 künstlerisch
3187 1839 202 49 anschau-

1841 1912 87 50 bar
1956 1913 245 50 erscheint.
2252 1915 65 48 Es
2347 1915 120 49 wird
2497 1916 177 58 finster,
2705 1917 247 50 Flammen
2982 1917 176 50 zucken
3189 1917 102 50 hier
3321 1917 96 51 und

1839 1992 108 50 dort
1975 2010 182 49 empor,
2200 1995 57 48 W
2258 1995 11 15 T
2275 1993 260 53 olkenflöre
2566 1996 172 50 senken
2770 1996 95 50 sich
2897 1996 120 50 über
3046 1997 128 59 alles,
3217 2014 95 33 was
3343 1997 74 50 die

1839 2072 229 50 Localität
2091 2071 288 62 bezeichnet,
2403 2073 173 53 nieder.
2600 2076 211 66 Wenige
2834 2075 345 51 schmetternde
3202 2076 215 51 Accorde

1841 2151 138 49 leiten
2022 2169 76 33 am
2136 2152 188 50 Schluss
2368 2153 83 50 der
2493 2156 149 48 Scene
2681 2155 120 51 nach
2840 2155 174 49 B-dur
3061 2155 217 51 hinüber.
3329 2156 89 50 Die

1842 2232 336 51 WTolkenflöre
2210 2233 170 51 theilen
2413 2233 94 51 und
2548 2235 155 51 heben
2745 2235 113 59 sich,
2901 2236 89 50 wie
3033 2236 46 50 in
3124 2236 102 50 eine
3257 2236 160 50 Vision

1842 2312 118 48 sieht
1992 2329 105 33 man
2129 2312 46 48 in
2199 2312 109 68 jene
2341 2315 189 67 Capelle
2559 2315 174 58 hinein,
2773 2315 45 49 in
2848 2315 205 49 welcher
3090 2315 81 51 das
3202 2315 104 49 Bild
3337 2315 80 51 des

1844 2391 254 49 Comthurs
2138 2392 137 59 steht,
2314 2394 97 48 und
2440 2392 149 51 durch
2619 2394 144 50 deren
2794 2395 203 66 gemalte
3028 2396 212 57 Fenster,
3283 2395 135 49 mehr

1843 2471 95 50 und
1964 2472 134 49 mehr
2120 2474 436 64 emporleuchtend,
2586 2474 85 50 der
2688 2475 147 67 junge
2859 2476 199 65 Morgen
3083 2474 332 50 hereinbricht.

1841 2550 127 49 Alles
1997 2551 56 48 ist
2081 2569 54 30 zu
2167 2551 85 50 der
2281 2552 201 68 heiligen
2515 2554 137 49 Feier
2680 2555 314 58 versammelt,
3023 2571 81 32 vor
3135 2554 89 49 den
3249 2554 140 49 Uebri-

1841 2648 90 49 gen
1962 2632 173 50 Donna
2167 2632 137 50 Anna
2333 2634 94 48 und
2462 2634 188 50 Ottavio
2696 2632 124 69 (dem
2850 2635 74 48 ich
2957 2635 100 48 hier
3086 2635 126 48 seine
3244 2632 137 51 Anwe-

1841 2711 180 50 senheit
2050 2729 51 32 so
2133 2712 153 68 wenig
2315 2714 205 48 erlassen
2549 2714 142 59 kann,
2721 2715 90 48 wie
2840 2714 46 49 in
2916 2714 84 49 der
3028 2715 166 48 letzten
3225 2730 192 51 grossen

1842 2790 113 49 Arie
1984 2791 193 57 Anna's,
2230 2790 72 52 bei
2346 2792 207 50 welcher
2589 2794 80 48 ihn
2713 2810 169 32 unsere
2912 2794 167 49 Bühne
3118 2792 297 68 gewöhnlich

1843 2870 408 51 undramatischer
2274 2872 166 50 Weise
2463 2872 150 50 durch
2637 2874 136 49 einen
2802 2890 89 32 von
2921 2874 97 48 ihm
3048 2872 369 66 geschriebenen

1842 2950 133 48 Brief
1999 2951 200 65 ersetzt).
2232 2950 50 67 [!]
2329 2951 126 50 Alles
2496 2951 147 50 bleibt
2685 2952 117 50 aber
2844 2951 235 50 durchaus
3123 2952 62 49 im
3225 2951 165 51 Hinter-

1842 3027 156 68 grund
2028 3027 83 50 der
2140 3030 186 57 Bühne,
2370 3030 229 49 vielleicht
2627 3048 142 49 sogar
2797 3030 148 49 durch
2977 3030 135 51 einen
3142 3030 244 49 durchsich-

1841 3109 127 66 tigen
1998 3109 113 49 Flor
2152 3125 87 33 von
2281 3109 107 49 dem
2421 3110 268 49 Vorräume
2718 3110 293 67 geschieden.
3066 3110 93 49 Ein
3188 3109 230 52 ebendort

1841 3187 307 51 befindliches
2190 3190 259 49 Orchester
2492 3190 290 51 übernimmt
2837 3190 75 49 die
2967 3191 298 67 Begleitung,
3324 3190 95 49 und

1841 3269 138 49 Anna
2003 3269 208 57 intonirt,
2242 3269 44 49 in
2313 3269 279 50 kirchlicher
2614 3271 259 66 Heiligung
2904 3269 72 50 die
2999 3271 138 48 Ruhe
3166 3270 121 49 nach
3311 3270 104 49 dem

1839 3350 306 66 Untergange
2176 3349 79 49 des
2285 3349 201 50 Feindes
2517 3349 207 59 findend,
2769 3350 81 49 das
2881 3351 222 48 fromme:
3146 3350 139 57 „Lux
3307 3365 89 53 per
3400 3379 17 6 -

1827 3429 156 67 petita
2215 3427 156 50 luceat
2596 3426 59 64 ei,
2813 3426 224 62 Domine,
3343 3446 79 33 cum

1857 3506 113 67 quia
1988 3506 117 70 pius
2407 3524 47 34 es
2205 3507 102 69 (aus
2335 3510 83 48 Nr.
2459 3510 65 49 12
2557 3509 80 49 des
2985 3511 101 48 Der
3130 3509 129 49 ferne
3291 3510 128 48 Chor

1841 3587 134 50 führt
2003 3587 83 50 das
2110 3587 150 50 kleine
2285 3589 145 48 Stück
2454 3589 162 49 weiter
2647 3589 91 50 fort
2765 3589 97 50 und
2890 3590 209 48 schliesst
3127 3587 288 60 demselben,

1839 3667 66 49 als
1948 3666 309 67 eigentlichen
2302 3667 175 50 kurzen
2509 3669 388 66 Schlussgesang,
2939 3669 128 49 nicht
3108 3667 182 50 sowohl
3334 3666 84 51 der

1841 3746 175 51 Worte
2053 3746 66 50 als
2148 3746 84 50 der
2262 3747 356 50 musicalischen
2646 3747 318 68 Behandlung
3005 3764 188 49 wegen,
3236 3746 178 50 welche

1838 3843 104 31 zum
1975 3825 243 49 einfachen
2247 3826 259 50 Ahschluss
2545 3827 82 50 des
2657 3829 192 48 Ganzen
2891 3845 51 33 so
2970 3826 339 66 vorzugsweise
3338 3843 54 49 ge-

1839 3906 158 66 eignet
2031 3906 74 58 ist,
2149 3905 81 51 das
2925 3907 227 59 „Osanna
2710 3906 214 52 excelsis-
2989 3907 100 66 (aus
3118 3906 83 48 Nr.
3239 3905 68 49 10
3339 3905 80 49 des

1839 3982 247 69 Requiem)
2117 4003 74 31 an.
2252 3986 250 51 Während
2547 3986 80 50 des
2658 3987 197 51 Osanna
2900 3987 103 49 fällt
3047 4003 117 49 ganz
3207 3985 211 67 langsam

1842 4064 82 49 der
1955 4064 244 67 Vorhang.

1970 4142 107 59 „Ich
2119 4142 151 51 denke
2302 4145 88 48 mir
2426 4144 126 49 diese
2582 4146 328 48 Schlussscene
2939 4142 128 50 nicht
3095 4144 186 49 sowohl
3312 4142 81 52 dra-

1841 4222 195 50 matisch
2060 4224 239 64 gehalten,
2324 4225 65 48 als
2407 4225 223 48 vielmehr
2653 4243 90 31 nur
2766 4224 89 50 wie
2879 4224 73 49 ein
2968 4222 104 50 Bild
3097 4224 323 59 erscheinend,
