3505 4452
1740 148 112 52 358

177 294 123 49 Text
328 294 127 49 nicht
483 292 82 50 mit
593 290 84 51 der
704 291 157 51 Musik
889 291 46 50 in
964 291 238 70 Einklang
1232 294 140 61 steht,
1401 294 62 52 da
1493 311 124 34 muss
1642 310 111 33 man

177 372 80 51 ihn
286 371 199 59 ändern;
517 370 123 51 denn
668 369 99 52 das
799 370 178 51 fordert
1004 370 74 52 die
1108 374 164 51 wahre
1296 375 150 50 Pietät
1472 390 153 51 gegen
1647 374 69 49 Mo-

174 459 101 44 zart
303 452 109 50 weit
440 452 151 59 mehr,
621 452 66 49 als
715 450 75 51 die
813 451 348 73 Beibehaltung
1186 455 130 51 einer
1336 455 141 67 jeden
1505 455 247 50 Nummer.

174 532 134 51 Aber
351 532 61 50 im
443 532 188 50 Ganzen
682 531 118 50 wird
845 531 84 51 der
967 532 150 53 Tadel
1158 535 82 51 des
1282 534 257 51 deutschen
1580 535 173 48 Textes

176 612 120 50 auch
329 611 178 51 wieder
537 611 321 52 übertrieben.
902 614 93 49 Um
1025 633 90 32 nur
1145 616 88 50 Ein
1263 615 198 66 Beispiel
1490 633 61 30 zu
1580 614 173 67 geben,

174 710 50 32 so
254 692 57 50 ist
339 691 74 51 die
442 692 154 68 Klage
628 691 119 51 über
777 692 93 51 den
899 694 193 51 Verlust
1123 695 79 50 des
1557 694 82 51 des
1663 695 60 48 Le-

176 772 196 68 porello,
427 789 113 42 „aus
583 771 109 51 dem
732 772 73 51 die
850 774 277 67 gangbaren
1155 774 419 67 Uebersetzungen
1617 774 135 49 einen

174 851 167 60 rohen,
374 850 242 61 dummen,
648 854 225 67 plumpen
897 855 161 66 Tölpel
1089 854 265 67 gemacht
1607 854 146 51 sollen

177 934 68 57 (F.
271 931 221 69 Kugler),
523 933 291 68 keineswegs
846 934 287 67 begründet;
1167 933 122 50 denn
1315 934 311 67 seineSpässe
1650 934 102 49 sind

176 1013 62 49 im
268 1013 322 50 italienischen
612 1014 215 68 Original
859 1013 222 50 ebenfalls
1113 1014 66 49 oft
1208 1014 204 67 läppisch
1444 1014 95 49 und
1570 1015 180 48 scurril.

177 1093 113 52 Wir
318 1093 157 49 haben
498 1093 125 50 oben
645 1094 46 49 in
714 1094 103 49 dem
838 1095 121 47 Text
982 1093 81 50 des
1086 1095 170 48 Duetts
1287 1094 82 49 mit
1391 1094 184 49 Zerline
1606 1094 146 49 schon

174 1173 74 50 ein
278 1173 252 50 Pröbchen
560 1174 148 51 davon
738 1173 226 67 gegeben.
996 1175 112 48 Man
1138 1190 127 33 muss
1296 1174 73 49 die
1393 1174 359 67 jämmerlichen

172 1255 195 59 Possen,
412 1254 75 49 die
529 1272 85 33 von
658 1253 88 50 den
784 1255 294 48 Darstellern
1123 1254 81 51 des
1247 1255 252 66 Leporello
1543 1255 207 67 gerissen

174 1333 211 59 werden,
409 1334 125 49 nicht
558 1334 82 48 auf
659 1333 261 67 Rechnung
943 1333 80 50 des
1053 1333 326 52 deutschen
1405 1335 171 48 Textes
1600 1335 125 50 schie-

176 1413 119 58 ben;
337 1414 119 49 auch
493 1413 71 49 die
595 1413 218 49 Italiäner
850 1413 101 50 sind
982 1414 151 51 davon
1162 1415 127 50 nicht
1329 1414 99 49 frei.
1479 1414 271 51 Verhunzte

176 1493 121 50 doch
327 1493 83 50 der
440 1493 249 49 berühmte
718 1493 240 50 Lablache
998 1494 74 49 die
1113 1494 123 51 oben
1285 1494 291 67 angeführte
1607 1495 142 48 Stelle

177 1574 46 49 in
264 1573 84 50 der
386 1573 430 50 Kirchhofs-Scene
855 1592 51 33 so
945 1593 103 48 arg,
1099 1574 105 51 dass
1250 1593 52 30 er
1346 1581 111 42 Statt
1499 1574 81 49 des
1677 1575 73 48 ein

173 1651 339 52 schnarrendes
543 1654 163 49 Brrrr!
738 1655 217 50 ausstiess
986 1655 96 50 und
1113 1672 75 33 am
1214 1672 182 49 ganzen
1419 1654 167 51 dicken
1604 1655 148 50 Leibe

173 1731 135 51 dabei
338 1733 202 49 zitterte!

291 1814 118 49 Will
441 1830 108 32 man
579 1813 248 50 verdeckte
856 1815 149 48 Zoten
1030 1815 187 48 Humor
1246 1832 202 40 nennen,
1479 1832 50 31 so
1562 1814 113 49 fehlt
1703 1832 47 31 es

173 1891 107 51 dem
309 1891 319 51 italiänischen
659 1894 249 66 Leporello
941 1893 174 49 freilich
1147 1893 126 49 nicht
1303 1893 173 57 daran;
1509 1893 118 50 oder
1658 1894 91 48 will

174 1989 107 33 man
313 1979 122 43 etwa
460 1971 287 69 behaupten,
777 1973 105 49 dass
912 1971 74 51 die
1014 1974 256 49 trockenen
1293 1973 456 67 Moral-Predigten,

174 2051 74 51 die
278 2069 52 33 er
358 2053 174 49 seinem
564 2054 160 48 Herrn
756 2053 112 59 hält,
911 2054 44 48 in
992 2054 174 48 seinem
1200 2053 177 49 Munde
1406 2055 191 48 Humor
1628 2070 90 33 wer-

173 2131 121 51 den?
329 2134 113 48 Man
470 2133 196 67 vergisst
695 2134 119 49 auch
845 2134 103 49 hier
977 2134 193 58 wieder,
1200 2134 106 49 dass
1336 2150 47 33 es
1415 2135 197 57 Mozart,
1644 2134 105 51 dass

174 2229 49 33 es
250 2211 74 50 die
346 2213 156 49 Musik
530 2214 72 58 ist,
634 2214 177 49 welche
841 2213 75 50 die
944 2214 87 49 roh
1062 2214 208 49 skizzirte
1293 2214 187 67 Anlage
1509 2232 56 31 zu
1595 2214 153 49 einem

174 2291 391 51 humoristischen
596 2293 392 49 Charakterbilde
1019 2293 220 67 gemacht
1266 2293 96 49 hat.

297 2371 124 51 Was
449 2389 97 32 nun
588 2373 75 49 die
704 2389 122 33 neue
856 2373 523 67 Textes-Bearbeitung
1409 2373 148 49 durch
1589 2374 159 48 Herrn

176 2451 83 50 Dr.
292 2451 104 50 Viol
428 2451 192 60 betrifft,
663 2469 50 33 so
744 2458 197 44 räumen
972 2454 85 48 wir
1086 2454 97 48 ihm
1213 2470 117 50 gern
1360 2453 73 49 die
1465 2453 255 67 Schwierig-

174 2530 95 51 keit
297 2531 130 50 einer
455 2531 188 51 solchen
667 2533 169 49 Arbeit
859 2534 90 57 ein,
979 2531 97 51 und
1099 2533 153 67 geben
1283 2550 71 40 zu,
1385 2533 105 49 dass
1514 2533 94 49 ihm
1633 2533 87 49 Ein-

172 2610 166 60 zelnes,
370 2611 280 68 wenigstens
681 2613 177 57 relativ,
888 2629 117 50 ganz
1037 2619 83 60 gut
1151 2613 236 66 gelungen
1416 2611 71 50 ist.
1517 2613 69 48 Im
1620 2613 96 49 Gan-

172 2707 81 31 zen
282 2690 117 50 aber
427 2691 179 50 scheint
635 2708 47 33 es
711 2691 120 51 doch
861 2693 144 56 nicht,
1045 2693 67 48 als
1152 2691 61 51 ob
1246 2693 100 48 hier
1377 2691 102 50 eine
1510 2691 237 68 geistvolle

170 2769 98 49 und
296 2771 437 68 sprachgewandte,
784 2771 107 50 dem
921 2771 216 68 Original
1181 2771 96 50 und
1320 2771 85 50 der
1448 2771 155 50 Musik
1647 2771 97 50 sich

173 2850 85 50 auf
281 2850 180 68 gleiche
492 2853 165 49 Weise
695 2853 237 66 geschickt
968 2851 394 68 anschmiegende
1392 2851 357 67 Uebersetzung

177 2929 272 69 hergestellt
477 2930 194 51 worden
700 2931 79 50 sei.
819 2933 154 48 Vieles
1004 2931 55 49 ist
1089 2948 83 33 aus
1202 2931 92 49 den
1325 2930 268 50 bekannten
1625 2931 93 47 Tex-

176 3017 78 41 ten
283 3010 384 66 aufgenommen,
696 3010 97 51 und
816 3012 66 49 oft
904 3012 127 48 nicht
1054 3010 83 50 das
1160 3012 153 55 Beste,
1344 3009 203 51 sondern
1573 3009 175 69 gerade

176 3088 96 59 das,
324 3107 95 33 was
465 3108 109 33 man
605 3108 75 33 am
713 3092 194 49 liebsten
938 3090 168 50 anders
1142 3090 259 59 wünschte,
1446 3109 35 31 z.
1515 3090 50 49 B.
1597 3089 151 67 gleich

174 3168 229 67 Anfangs.
451 3172 205 49 Donna
690 3172 184 49 Anna:
926 3172 142 57 „Wie
1100 3170 72 50 ein
1203 3169 229 51 wüthend
1459 3170 293 66 Ungeheuer

174 3246 121 53 Will
333 3248 72 49 ich
450 3248 71 49 dir
563 3268 80 31 zur
673 3252 125 48 Seite
1020 3249 14 66 (
1040 3249 134 52 Come
1204 3246 150 69 furia
1395 3246 246 72 disperatci
1691 3245 63 54 Ti

184 3335 143 61 saprö
521 3326 305 72 perseguitar).
827 3332 32 48 Eine
884 3330 141 50 Furie
1068 3330 56 50 ist
1170 3330 126 50 wohl
1340 3329 74 50 ein
1443 3329 306 67 Ungeheuer,

176 3406 115 51 aber
320 3409 74 50 ein
424 3410 290 66 Ungeheuer
757 3409 57 50 ist
849 3409 127 50 nicht
1004 3410 167 49 immer
1202 3409 101 50 eine
1331 3409 145 50 Furie
1602 3408 117 68 abge-

176 3486 142 50 sehen
346 3506 89 31 von
466 3488 85 49 der
581 3489 205 50 falschen
818 3488 343 49 Accentuation
1192 3489 83 48 auf
1533 3488 59 49 da
1623 3488 126 49 diese

176 3565 140 68 Sylbe
344 3568 129 49 nicht
501 3568 91 49 den
612 3570 248 66 Hauptton
893 3568 97 58 hat,
1014 3566 203 50 sondern
1444 3568 117 48 Hier
1590 3568 57 48 ist
1675 3566 75 51 die

178 3645 173 51 andere
372 3648 225 51 Version:
640 3650 106 57 „Bis
770 3648 74 49 die
866 3648 163 51 Bache
1053 3647 105 50 dich
1184 3647 176 58 ereilet,
1390 3648 138 48 Sollst
1557 3647 63 49 du
1649 3648 101 49 hier

179 3723 104 52 dich
314 3727 126 49 nicht
469 3727 220 52 befrei'n"
710 3728 299 67 —obgleich
1033 3728 291 66 keineswegs
1346 3727 267 66 genügend,
1637 3727 84 49 den-

177 3803 123 51 noch
332 3804 169 52 besser.
557 3808 137 51 Eben
732 3826 51 31 so
814 3808 154 66 wenig
1004 3808 55 48 ist
1087 3808 111 48 Don
1230 3807 163 48 Juan's
1432 3805 318 68 gleichzeitige

176 3881 156 53 Rede:
376 3884 173 63 Questa
573 3887 149 64 furia
761 3885 245 71 disperata
1042 3884 70 52 mi
1136 3884 109 52 vuol
1266 3887 100 64 far
1383 3881 271 73 preeipitar

176 3963 176 52 durch:
405 3964 144 58 „Wie
586 3983 87 33 von
715 3968 150 49 einem
894 3967 290 67 Ungeheuer
1219 3967 130 48 Muss
1386 3964 75 51 ich
1499 3964 123 50 mich
1663 3982 87 32 von

176 4044 74 50 ihr
280 4044 227 52 befrei'n"
643 4047 249 66 genügend
921 4045 409 69 wiedergegeben.
1360 4047 52 47 In
1443 4044 130 50 einer
1602 4043 118 49 hand-

176 4125 314 50 schriftlichen
522 4124 372 67 Uebersetzung,
934 4125 73 51 die
1044 4127 89 49 mir
1174 4125 213 68 vorliegt,
1435 4124 150 50 lautet
1627 4121 123 51 diese

176 4203 142 52 Stelle
347 4222 79 33 so:

2056 298 190 52 Anna:
2276 299 146 51 Einer
2450 298 145 52 Furie
2623 298 159 52 Wulh
2812 299 62 49 im
2905 300 204 58 Herzen,

2277 380 130 50 Lass'
2437 380 75 50 ich
2542 380 201 51 nimmer
2773 379 103 49 dich
2907 380 262 51 entilieh'n!

2075 456 174 51 Juan:
2281 459 169 49 Dieser
2479 461 145 50 Furie
2655 459 226 51 wüthend
2910 460 185 58 Toben,

2277 539 146 49 Wird
2453 540 122 50 mich
2606 543 69 47 ins
2703 539 280 51 Verderben
3011 540 166 51 zieh'n.

1908 615 340 67 Leporello:
2280 618 118 49 Hier
2427 619 57 49 ist
2512 620 228 50 wahrlich
2769 620 129 51 nicht
2923 638 57 32 zu
3009 620 239 60 scherzen,

2277 698 68 48 Er
2374 698 119 50 wird
2522 700 125 50 mich
2679 700 67 50 ins
2774 700 220 67 Unglück
3023 700 164 50 zieh'n.

1947 806 137 50 Doch
2126 823 47 33 es
2210 807 166 51 würde
2412 827 55 31 zu
2506 811 110 48 weit
2660 811 190 59 führen,
2895 811 218 49 mehrere
3144 812 182 48 Scenen
3354 828 51 33 so

1828 884 68 51 bis
1926 886 68 50 ins
2025 887 221 51 Einzelne
2276 888 188 66 gehend
2500 907 54 31 zu
2600 889 291 52 betrachten.
2948 892 105 49 Nur
3097 889 82 52 das
3217 894 189 47 müssen

1828 966 86 49 wir
1943 967 120 49 noch
2096 967 274 59 bemerken,
2401 967 105 52 dass
2535 969 153 68 einige
2717 972 242 49 Verstösse
2990 988 151 51 gegen
3171 971 91 50 den
3293 972 115 49 Sinn

1827 1044 81 52 des
1937 1047 239 67 Originals
2206 1047 95 51 und
2332 1066 154 49 gegen
2516 1048 74 51 die
2614 1051 232 50 Situation
2877 1051 128 50 nicht
3034 1052 217 66 beseitigt
3281 1068 93 33 wor-

1827 1124 90 52 den
1947 1127 118 60 sind,
2105 1128 90 50 wie
2225 1145 49 33 es
2301 1146 56 32 zu
2389 1129 254 66 verlangen
2675 1147 115 32 war.
2849 1133 61 47 So
2940 1151 36 32 z.
3006 1133 54 50 B.
3090 1132 97 49 ruft
3215 1132 191 49 Ottavio

1825 1207 121 49 auch
1979 1208 100 48 hier
2110 1208 118 50 noch
2274 1207 90 51 den
2394 1209 207 50 Dienern
2646 1209 45 49 in
2735 1209 83 50 der
2849 1212 147 49 Scene
3042 1230 75 33 am
3146 1212 259 51 Leichnam

1827 1286 80 50 des
1938 1288 254 50 Comthurs
2221 1307 80 32 zu:
2345 1289 237 58 „Verlasst
2610 1289 65 50 sie
2923 1298 196 45 anstatt:
3159 1292 249 52 Cercate

1824 1364 77 52 mi
1927 1367 192 67 qucdche
2147 1368 128 62 odor,
2305 1385 90 33 non
2426 1368 221 51 tardaie!
2676 1368 42 51 d.
2745 1368 71 51 h.:
2850 1371 114 49 Holt
2992 1372 228 51 schnell
3262 1380 146 43 etwas

1827 1448 284 50 Stärkendes
2247 1449 96 50 also
2375 1448 175 69 gerade
2581 1449 81 50 das
2695 1451 295 66 Gegentheil.

1945 1560 92 49 Um
2068 1559 84 49 auf
2176 1559 89 49 den
2294 1559 190 49 Schluss
2515 1557 84 51 der
2627 1560 133 66 Oper
2787 1560 175 51 zurück
2992 1579 56 30 zu
3080 1560 239 62 kommen,
3352 1579 51 33 so

1825 1637 109 51 darf
1952 1655 47 32 es
2022 1639 125 49 wohl
2169 1637 129 51 nicht
2322 1639 133 48 mehr
2484 1639 45 48 in
2562 1640 155 65 Frage
2747 1640 183 66 gestellt
2953 1639 211 59 werden,
3188 1640 62 49 ob
3281 1641 120 50 nach

1827 1717 83 50 der
1952 1720 149 48 Scene
2144 1719 44 48 in
2453 1717 198 51 D-moll
2652 1717 141 51 zwischen
2794 1717 47 51 dem
2882 1720 230 66 Gespenst
3159 1720 98 49 und
3292 1721 112 50 Don

1824 1800 124 47 Juan
1973 1799 120 49 noch
2119 1805 144 43 etwas
2295 1799 154 66 folgen
2483 1799 137 57 solle;
2652 1797 74 51 die
2754 1799 303 67 vollständige
3081 1800 323 67 Katastrophe

1825 1877 83 50 der
1938 1879 276 66 Handlung,
2257 1877 84 50 der
2369 1877 301 68 vollständige
2702 1879 320 49 musicalische
3052 1880 206 58 Schluss,
3288 1880 87 49 end-

1824 1959 89 49 lich
1943 1959 84 49 der
2055 1959 280 49 moralische
2359 1957 241 51 Eindruck
2633 1959 188 49 fordern
2845 1959 309 68 gebieterisch
3187 1960 101 49 hier
3319 1960 82 51 das

1823 2037 136 50 Ende
1989 2037 80 51 des
2100 2040 235 48 Drama's.
2392 2037 133 50 Aber
2562 2037 194 59 freilich,
2801 2037 73 51 die
2905 2040 148 66 Regie
3095 2056 125 32 muss
3259 2039 146 50 dafür

1823 2135 189 50 sorgen,
2054 2119 105 49 dass
2199 2117 73 51 die
2310 2117 357 51 erschütternde
2702 2120 242 66 Wirkung
2975 2119 82 50 der
3086 2120 155 48 Musik
3272 2120 131 49 nicht

1824 2197 147 50 durch
1997 2197 310 68 Teufelsspuk
2337 2197 95 50 und
2455 2197 291 50 Feuerwerk
2776 2199 258 49 vernichtet
3063 2197 174 53 werde.
3265 2199 135 51 Nach

1825 2276 106 51 dem
1965 2276 368 51 Verschwinden
2364 2277 78 50 des
2468 2277 179 50 Geistes
2676 2277 142 50 treibt
2848 2277 88 51 den
2968 2279 191 48 Frevler
3188 2277 74 51 die
3290 2279 83 49 Fol-

1824 2359 184 66 terqual
2039 2357 80 49 des
2152 2357 261 50 Gewissens
2451 2357 46 49 in
2529 2357 270 50 Wahnsinn
2845 2359 196 57 umher;
3086 2357 102 50 hier
3217 2357 95 50 und
3343 2357 60 51 da

1825 2455 109 50 mag
1965 2439 102 48 eine
2089 2437 216 50 Flamme
2328 2454 83 33 aus
2435 2436 107 50 dem
2567 2436 164 51 Boden
2755 2437 396 59 hervorbrechen,
3183 2437 117 51 aber
3329 2437 74 50 die

1824 2520 265 56 Dämonen,
2131 2516 85 51 der
2681 2516 115 52 Coro
2961 2514 56 53 di
3119 2515 201 70 Spettri,
2714 2516 187 51 bleiben
2945 2517 154 50 hinter
3141 2516 84 51 der
3253 2519 150 48 Scene

1824 2597 95 50 und
1948 2597 153 50 lassen
2131 2596 107 51 dort
2267 2597 73 50 ihr
2371 2596 296 51 furchtbares
2690 2597 208 51 Unisono
2930 2599 87 48 auf
3038 2614 31 33 a
3098 2597 96 50 und
3224 2597 24 50 b
3278 2601 99 47 ertö-

1821 2695 108 41 nen,
1974 2695 87 33 von
2092 2677 105 50 dem
2230 2677 319 50 Männerchor
2590 2695 51 32 so
2680 2677 126 50 stark
2839 2679 89 48 wie
2966 2677 203 68 möglich
3215 2677 185 51 besetzt.

1821 2758 112 48 Erst
1964 2756 71 50 bei
2068 2756 87 50 den
2187 2756 112 50 zwei
2332 2758 166 48 letzten
2531 2758 176 48 Tactcn
2738 2756 82 50 des
2853 2758 172 48 Chors:

2304 3061 55 36 vie
2378 3060 79 36 -ni
2484 3072 54 23 ce
2568 3072 50 22 im
2662 3059 78 36 mal
2774 3072 70 37 peg
2861 3080 20 5 -
2898 3060 95 46 gior.

2302 3142 100 36 Dein
2425 3139 132 37 harret
2651 3139 188 47 gröss'-re
2897 3139 122 45 Qual!

1824 3281 151 42 freien
2018 3272 74 51 die
2121 3272 351 67 Höllengeister
2515 3271 44 49 in
2604 3285 321 53 gemessenem
2957 3269 192 60 Schritt,
3198 3268 116 51 aber
3348 3287 52 32 so

1824 3353 216 67 gruppirt
2070 3353 186 57 hervor,
2309 3352 106 49 dass
2444 3353 108 47 Don
2582 3352 125 48 Juan
2745 3368 84 32 vor
2868 3351 149 48 ihrem
3047 3349 203 50 Anblick
3281 3349 119 51 nach

1824 3433 105 50 dem
1962 3431 328 68 Hintergrund
2324 3432 145 58 Hiebt,
2501 3448 75 32 wo
2608 3431 43 48 in
2682 3429 274 51 demselben
2985 3428 327 69 Augenblicke

1824 3513 116 50 aber
1973 3512 50 67 ja
2065 3512 126 49 nicht
2235 3512 185 48 früher!
2557 3511 95 48 sich
2698 3509 82 50 der
2825 3508 371 52 Höllenschlund
3240 3509 160 50 öffnet.

1823 3594 141 47 Dann
1997 3592 122 49 kann
2143 3608 141 49 sogar
2309 3591 118 49 auch
2454 3591 85 48 der
2562 3592 303 65 Feuerregen
2896 3591 98 48 mit
3024 3588 126 51 dem

1824 3672 229 49 Accord
2100 3673 251 66 losplatzen
2397 3669 95 51 und
2536 3669 227 51 während
2793 3669 83 51 der
2905 3671 166 48 letzten
3102 3685 123 33 neun
3258 3669 142 49 Tacte

1824 3751 80 50 des
1934 3751 277 49 Orchesters
2248 3751 159 48 seinen
2446 3749 402 50 Funkenschleier
2890 3766 81 33 vor
3013 3747 75 51 die
3131 3746 242 68 handgreif-

1824 3832 118 49 liche
1973 3829 240 69 Spedition
2244 3831 80 49 des
2355 3829 214 50 Frevlers
2600 3829 44 49 in
2675 3829 74 50 die
2779 3829 140 50 Hölle
2949 3828 175 50 ziehen.

3141 3908 40 46 L
3230 3906 47 48 B.
