3467 4391
1676 89 108 49 414

177 228 77 49 des
283 228 246 64 Gesanges,
567 225 79 51 das
674 225 238 51 Publicum
942 225 144 50 durch
1113 226 87 50 den
1229 228 315 64 ergreifenden
1573 229 88 48 Vor-

176 313 101 56 trag
322 304 79 48 der
445 304 133 48 Arie:
628 304 158 55 „Doch
828 303 205 58 weichet,
1074 304 71 48 ihr
1441 304 249 49 entzückte.

175 380 274 50 Ausserdem
480 379 89 65 gab
597 395 50 32 er
675 395 82 32 uns
786 379 142 48 durch
959 379 86 49 den
1069 380 201 66 Vortrag
1296 381 82 49 der
1407 381 283 49 Seneschall-

172 458 112 48 Arie
325 474 82 31 von
452 456 232 49 Boieldieu
727 455 93 50 und
857 459 162 47 zweier
1059 458 165 48 Lieder
1267 475 84 32 von
1384 460 50 48 F.
1464 458 227 49 Schubert

174 534 86 48 den
288 533 192 57 Beweis,
508 533 100 48 dass
638 549 49 32 er
715 533 85 48 alle
830 534 261 63 Gattungen
1121 536 80 46 mit
1228 535 199 64 gleicher
1455 534 205 49 Vollkom-

174 609 203 49 menheit
405 607 80 50 der
510 609 356 48 Charakteristik
894 610 92 48 und
1017 610 76 48 des
1117 611 263 49 Ausdrucks
1409 611 281 50 beherrscht.

175 687 122 47 Herr
338 686 410 50 Fleischhauer
790 686 89 65 gab
918 704 84 32 uns
1041 687 141 50 durch
1213 687 87 50 den
1331 689 198 66 Vortrag
1571 690 120 48 eines

171 761 239 51 reizenden
440 762 417 50 Violin-Concertes
898 780 83 32 von
1023 765 177 48 Mozart
1239 765 99 48 eine
1380 783 117 31 neue
1540 765 151 48 Probe

172 840 144 48 seines
340 840 226 56 Talentes,
595 839 192 49 welches
810 841 283 64 vorzügliche
1116 842 199 47 Technik
1347 844 80 47 mit
1449 841 241 50 Ausdruck

174 917 230 64 vereinigt.

289 995 94 46 Das
423 994 156 48 zweite
616 995 194 48 Concert
849 995 173 63 glänzte
1064 995 140 49 durch
1247 996 183 48 Einheit
1470 996 78 47 des
1578 997 85 47 Pro-

172 1086 216 48 gramms,
428 1070 148 48 indem
618 1087 45 31 es
705 1071 255 50 HändeTs
1322 1074 205 57 brachte,
1568 1074 121 47 eines

171 1146 80 48 der
279 1154 146 40 ersten
456 1147 242 48 Oratorien
730 1147 76 48 des
834 1148 220 59 Meisters,
1089 1150 42 47 in
1163 1150 217 48 welchem
1411 1148 110 50 aber
1549 1150 139 48 schon

172 1223 85 49 alle
278 1223 193 49 Zeichen
495 1225 141 47 seines
659 1225 260 48 erhabenen
945 1226 162 48 Genies
1135 1227 224 48 leuchten.
1400 1227 61 47 Es
1484 1226 55 48 ist
1562 1227 119 47 reich

172 1316 55 33 an
260 1301 285 57 Contrasten,
575 1302 90 47 und
696 1302 119 48 diese
846 1303 147 49 bieten
1022 1305 173 47 sowohl
1221 1303 101 49 dem
1347 1305 184 48 Meister
1555 1305 105 48 Gele-

175 1376 197 65 genheit,
419 1378 143 47 davon
602 1378 113 49 nach
758 1380 146 48 seiner
945 1381 207 63 genialen
1185 1381 157 49 Weise
1387 1381 201 48 Vortheil
1633 1399 52 30 zu

169 1453 172 56 ziehen,
383 1456 62 46 als
486 1456 62 47 sie
592 1456 113 47 auch
746 1455 79 49 das
854 1457 237 48 Publicum
1125 1458 67 49 bei
1225 1475 134 47 reger
1387 1458 301 49 Theilnahme

174 1531 216 48 erhalten.
423 1532 82 48 Die
529 1532 167 57 Chöre,
726 1533 137 49 deren
887 1535 305 64 Ausführung
1221 1535 122 48 nicht
1370 1552 50 32 so
1447 1536 242 63 schwierig

170 1609 71 56 ist,
257 1608 86 48 wie
362 1607 67 49 bei
454 1608 169 50 andern
644 1611 456 59 Händel'schen,sind
1120 1613 119 47 reich
1265 1629 54 33 an
1340 1613 322 50 Charakteristi-

169 1684 169 58 schem,
381 1686 91 47 und
513 1702 104 32 man
660 1687 127 48 weiss
824 1688 138 57 nicht,
1004 1689 202 49 welchen
1251 1706 103 32 man
1385 1689 85 49 den
1505 1691 180 65 Vorzug

170 1762 146 66 geben
358 1764 98 56 soll,
496 1763 85 50 den
623 1766 192 57 sanften,
844 1766 304 49 melodischen
1192 1767 89 48 und
1322 1767 364 66 salbungsvollen

167 1838 82 50 der
268 1839 302 65 Jungfrauen,
599 1841 81 48 der
701 1843 184 47 Leviten
909 1843 90 48 und
1023 1844 249 58 Israeliten,
1295 1844 112 49 oder
1428 1844 87 49 den
1538 1852 123 41 stren-

167 1933 87 50 gen
277 1917 90 48 und
392 1918 219 65 kräftigen
635 1918 80 50 der
739 1921 225 64 Begleiter
986 1921 80 49 der
1091 1923 198 65 Königin
1313 1922 91 49 und
1428 1922 80 49 der
1531 1923 128 48 Baals-

167 1993 205 65 priester.
426 1996 148 48 Unser
603 1996 307 50 Concertchor
939 2015 97 31 war
1065 1998 130 50 dabei
1227 2001 41 47 in
1298 1999 167 49 seinem
1498 1999 186 49 wahren

165 2072 237 47 Elemente
431 2072 89 48 und
551 2072 234 49 bewährte
812 2074 152 49 seinen
994 2076 118 48 alten
1144 2077 102 48 Ruf.
1276 2078 85 46 Die
1390 2093 155 47 grosse
1572 2078 113 47 Zahl

166 2148 80 48 der
274 2149 343 48 Solo-Partieen
736 2167 46 32 es
824 2152 96 48 sind
962 2152 138 49 deren
1141 2154 129 47 sechs
1389 2154 53 49 ist
1465 2154 221 49 vielleicht

165 2224 141 50 daran
329 2225 185 58 Schuld,
543 2225 101 50 dass
674 2227 128 49 keine
825 2228 236 49 derselben
1092 2229 98 50 eine
1220 2230 367 67 hervorragende
1616 2232 68 49 ist.

164 2303 74 48 Sie
269 2319 152 32 waren
465 2304 41 48 in
546 2305 104 47 sehr
679 2313 137 57 guten
848 2307 210 59 Händen,
1101 2308 92 48 und
1235 2326 46 31 es
1323 2313 188 61 genügt,
1552 2326 130 33 wenn

165 2380 67 47 ich
264 2380 140 49 Ihnen
434 2398 85 31 nur
541 2383 176 47 Namen
746 2401 148 31 nenne
917 2384 82 48 wie
1027 2385 207 49 Fräulein
1266 2387 275 57 Schreck,
1564 2387 121 48 diese

165 2457 386 64 ausgezeichnete,
594 2459 71 48 bei
699 2459 133 66 jeder
861 2462 301 64 Aufführung
1205 2463 328 48 Händel'scher
1561 2464 90 48 Ora-

166 2535 142 49 torien
365 2537 343 49 unentbehrlich
772 2539 277 64 gewordene
1103 2542 245 63 Sängerin;
1418 2540 84 50 wie
1558 2543 123 47 Frau

162 2614 427 57 Neuss-Deutz,
618 2617 99 48 eine
745 2617 81 48 der
852 2618 241 48 schönsten
1117 2619 192 48 Zierden
1341 2636 188 31 unserer
1561 2619 89 50 Con-

161 2698 136 49 certe,
349 2690 138 51 deren
528 2709 155 49 grosse
725 2695 293 65 Gefälligkeit
1058 2695 142 50 ihrem
1244 2698 198 47 schönen
1488 2698 191 48 Talente

158 2768 327 64 gleichkommt
522 2769 92 48 und
641 2770 137 49 deren
815 2773 140 57 reine,
983 2774 334 65 sympathische
1346 2774 192 48 Stimme
1566 2792 113 47 ganz

162 2846 76 46 für
279 2846 70 47 die
379 2848 150 48 Partie
570 2848 82 48 der
688 2849 173 50 sanften
895 2852 217 47 Josabelh
1157 2853 209 65 geeignet
1399 2869 121 40 war;
1563 2853 112 48 dazu

161 2924 119 47 Frau
313 2924 266 66 Wickop,
609 2926 172 49 welche
802 2926 71 49 die
896 2928 230 49 Titelrolle
1157 2930 78 47 mit
1258 2930 221 49 Geschick
1508 2929 139 50 durch-

162 3000 170 59 führte,
374 3003 212 48 Fräulein
619 3004 398 65 Wenigmann,
1054 3006 258 50 Schwester
1338 3024 187 32 unserer
1553 3009 103 48 treff-

157 3078 145 48 lichen
326 3079 347 60 Quartettisten,
701 3080 71 50 die
799 3081 92 49 sich
920 3083 64 48 als
1013 3084 107 48 Joas
1148 3083 142 49 durch
1320 3085 253 56 einfachen,
1597 3085 53 50 be-

158 3154 268 51 scheidenen
458 3156 198 66 Vortrag
696 3160 297 65 allgemeinen
1032 3161 155 49 Beifall
1232 3161 199 59 erwarb,
1473 3161 93 50 und
1608 3163 71 48 die

160 3233 174 64 Sänger
363 3234 178 49 Herren
570 3235 217 50 Ackens
826 3238 91 48 und
948 3238 261 50 Göbbels.
1267 3240 87 48 Die
1395 3240 282 65 ergänzende

158 3311 413 68 Instrumentirung
612 3313 77 49 des
724 3315 151 48 Herrn
912 3316 227 57 Grimm,,
1182 3318 410 49 Musik-Directors
1634 3319 42 48 in

160 3389 218 56 Münster,
421 3390 78 48 hat
538 3408 165 32 unsere
727 3393 215 66 Achtung
981 3394 75 48 für
1084 3395 70 48 die
1186 3395 310 50 musicalische
1525 3396 120 49 Tüch-

158 3464 173 66 tigkeit,
372 3466 71 50 die
480 3467 146 50 dieser
664 3470 218 48 Künstler
923 3471 81 49 auf
1042 3471 102 50 dem
1183 3473 190 49 Gebiete
1416 3474 263 49 classischer

160 3544 146 47 Musik
338 3544 162 49 bereits
529 3546 174 65 gezeigt
732 3547 93 56 hat,
854 3549 116 48 noch
1002 3549 144 48 höher
1174 3551 257 65 gesteigert.

273 3621 98 48 Auf
411 3621 100 50 dem
561 3625 271 63 Programm
881 3625 78 48 des
1006 3625 163 49 dritten
1219 3627 242 50 Concertes
1514 3636 161 58 ragten

158 3699 364 49 Beethoven's
550 3701 199 50 Sinfonie
777 3704 42 47 in
1032 3705 135 57 VIII.,
1201 3706 128 64 jenes
1360 3708 75 46 für
1463 3706 71 50 die
1566 3709 72 47 Em-

160 3776 324 65 pfänglichkeit
510 3779 78 49 des
616 3796 183 49 grossen
823 3781 261 50 Publicums
1112 3800 52 31 zu
1188 3784 282 64 geistreiche,
1498 3803 52 30 zu
1574 3801 73 49 spe-

161 3852 193 59 cifische,
382 3873 52 30 zu
465 3857 243 64 poetische,
738 3857 111 50 aber
876 3875 84 33 von
992 3860 115 48 allen
1131 3861 217 48 Kennern
1371 3878 75 31 um
1470 3878 50 33 so
1544 3862 131 49 mehr

161 3928 249 65 geschätzte
453 3934 165 58 Werk,
668 3935 91 49 und
801 3935 254 51 Weber's
1103 3937 308 50 hinreissende
1459 3939 213 49 Oberon-

160 4008 259 51 Ouverture
454 4012 174 50 hervor.
684 4015 132 48 Dann
854 4014 160 50 hörten
1046 4015 83 49 wir
1167 4017 114 50 auch
1313 4016 71 51 die
1413 4017 261 50 Ouvertüre

1762 244 54 31 zu
1845 227 164 49 Medea
2037 243 84 33 von
2145 227 245 65 Bargiel,
2420 227 172 49 welche
2613 227 82 49 der
2719 228 266 67 Componist
3012 230 140 52 selbst
3178 233 87 49 diri-

1762 304 131 65 girte.
1922 305 74 48 Sie
2027 304 102 49 fand
2160 305 99 48 eine
2281 304 407 49 ausserordentlich
2715 323 173 33 warme
2911 309 262 50 Aufnahme
3195 310 93 50 und

1762 380 125 48 hatte
1916 380 128 50 einen
2075 381 178 64 Erfolg,
2279 380 88 50 den
2395 380 63 48 sie
2486 381 44 47 in
2559 381 158 49 vollem
2749 384 178 49 Maasse
2955 384 216 51 verdient.
3213 388 75 48 Sie

1761 458 202 48 zeichnet
2001 459 92 48 sich
2137 458 246 49 besonders
2423 458 143 48 durch
2596 459 209 49 Klarheit
2843 477 97 40 aus,
2978 463 99 48 eine
3107 464 179 65 Haupt-

1762 534 295 63 Eigenschaft
2077 534 129 66 jedes
2234 535 188 48 wahren
2451 535 344 58 Kunstwerkes,
2825 536 70 50 die
2927 538 278 66 Conception
3236 541 52 47 ist

1765 611 206 64 originel,
2002 613 70 47 ein
2103 613 279 63 gelungenes
2404 611 218 50 Gemälde
2651 613 78 48 des
2758 614 293 49 furchtbaren
3077 618 211 48 Drama's

1765 687 90 50 und
1897 689 145 48 seines
2082 689 257 64 tragischen
2370 689 191 56 Pathos;
2603 687 70 50 die
2702 690 167 50 Motive
2895 691 99 49 sind
3025 693 263 58 melodisch,

1765 765 98 48 klar
1905 765 91 48 und
2039 773 82 57 gut
2162 765 289 57 verarbeitet,
2493 764 71 49 die
2590 766 417 66 Instrumentirung
3044 770 117 63 zeigt
3189 771 99 49 eine

1762 841 268 65 gründliche
2060 844 241 47 Kenntniss
2343 842 79 49 des
2450 842 284 59 Orchesters,
2773 844 80 48 das
2883 846 152 47 Ganze
3072 846 79 48 hat
3178 849 81 47 Ein-

1764 919 92 48 heit
1886 919 90 48 und
2006 920 287 63 Steigerung.
2348 920 115 47 Eine
2491 920 232 48 Serenade
2756 938 82 30 von
2879 922 291 50 Schubert
3212 925 76 47 für

1765 996 411 57 Frauenstimmen,
2226 996 71 47 ein
2344 996 191 48 schönes
2583 997 164 47 Motett
2792 1014 83 32 von
2930 999 224 64 Haydn,
3203 1016 83 33 von

1765 1074 180 47 Hiller
1987 1074 346 57 instrumentirt,
2377 1072 90 49 und
2510 1072 94 50 drei
2637 1075 207 48 Psalmen
2889 1091 82 32 von
3016 1079 272 47 Marcello

1762 1148 195 50 bildeten
2000 1148 71 49 die
2113 1148 215 65 Aufgabe
2371 1151 76 46 für
2479 1148 86 49 den
2611 1151 138 56 Chor,
2792 1151 80 48 der
2913 1151 151 48 indess
3114 1154 42 47 in
3199 1154 86 48 den

1760 1227 208 48 Psalmen
1999 1227 123 47 nicht
2150 1227 68 48 ein
2248 1244 49 31 so
2326 1227 131 48 festes
2498 1226 90 49 und
2616 1227 197 48 sicheres
2843 1230 245 48 Ensemble
3126 1231 160 65 zeigte,

1761 1303 85 49 wie
1875 1303 44 47 in
1950 1302 87 50 den
2067 1303 200 49 anderen
2298 1303 214 49 Stücken.

1875 1381 87 48 Ein
1999 1381 397 65 ausgezeichneter
2424 1381 184 56 Pianist,
2654 1382 121 46 Herr
2819 1382 217 50 Robert
3079 1385 170 64 Pflug-

1761 1458 197 65 haupt,
1989 1458 99 47 liess
2116 1458 90 49 sich
2239 1475 54 32 an
2324 1458 261 49 demselben
2616 1458 192 49 Abende
2841 1460 156 48 hören.
3044 1462 90 46 Das
3163 1462 121 65 Spiel

1759 1535 143 48 dieses
1934 1535 240 48 Virtuosen
2218 1543 103 56 ragt
2361 1536 161 47 hervor
2564 1535 142 48 durch
2738 1536 316 57 Reinlichkeit,
3088 1538 196 65 Eleganz

1761 1611 90 48 und
1893 1611 250 49 vollendete
2187 1613 228 56 Technik;
2467 1613 79 47 mit
2593 1613 123 47 einer
2766 1612 515 51 bewundernswerlhen

1760 1689 197 65 Egalität
1997 1689 82 49 der
2121 1689 304 65 gebundenen
2456 1689 260 49 Tonleitern
2762 1689 90 49 und
2895 1692 145 47 einem
3083 1692 200 50 schönen

1757 1767 209 48 Staccato
1996 1767 235 48 verbindet
2267 1785 49 30 er
2344 1767 85 48 den
2467 1766 334 49 schätzbarsten
2837 1768 180 64 Vorzug
3049 1769 75 47 für
3147 1771 138 63 jeden

1756 1843 462 50 Instrumentalisten:
2249 1846 99 47 Ton
2380 1844 90 49 und
2495 1843 242 50 Ausdruck
2768 1843 143 50 durch
2945 1846 114 48 feine
3088 1847 172 48 Schatti-

1757 1938 146 47 rung;
1943 1921 160 49 Beides
2132 1922 79 48 hat
2241 1922 70 48 bei
2340 1923 93 48 ihm
2463 1921 72 49 die
2565 1922 188 48 höchste
2781 1923 127 47 Stufe
2938 1922 82 48 der
3053 1924 203 49 Vollkom-

1759 1998 199 50 menheit
1999 1999 212 58 erreicht,
2254 2001 84 47 wie
2381 2008 46 41 eS
2467 1999 90 49 sich
2604 1998 246 50 besonders
2893 2001 58 47 im
2983 1999 180 68 Adagio
3206 2002 79 48 des

1756 2076 199 49 D-moll-
1964 2077 243 48 Concertes
2246 2093 84 32 von
2361 2077 318 48 Mendelssohn
2724 2077 90 47 und
2846 2077 57 48 im
2936 2079 229 47 Notturno
3196 2081 88 63 Op.

1762 2153 66 48 10
1859 2154 80 49 Nr.
1977 2154 19 49 1
2034 2171 83 32 von
2150 2154 174 66 Chopin
2354 2156 158 63 zeigte.
2537 2154 127 49 Aber
2692 2154 114 49 auch
2838 2156 42 45 in
2912 2154 86 49 den
3029 2157 229 65 complicir-

1756 2237 142 42 testen
1948 2232 444 63 Allegro-Passagen
2437 2232 348 63 beeinträchtigt
2825 2230 72 49 die
2938 2233 348 66 Schwierigkeit

1755 2308 122 49 nicht
1916 2308 59 48 im
2008 2311 269 63 Geringsten
2307 2311 71 46 die
2410 2309 297 55 Correctheit,
2739 2311 307 48 Deutlichkeit
3076 2312 90 48 und
3196 2313 89 47 den

1757 2384 257 50 Ausdruck.
2056 2387 65 47 Er
2149 2387 154 64 spielte
2335 2387 150 48 ferner
2514 2387 115 47 noch
2663 2387 293 47 Variationen
2987 2403 82 31 von
3101 2389 184 62 eigener

1757 2463 327 66 Composition,
2114 2465 69 46 ein
2212 2463 166 56 Werk,
2410 2463 192 49 welches
2632 2463 119 47 wohl
2781 2481 51 30 zu
2865 2463 104 48 sehr
2999 2464 70 48 die
3100 2465 151 49 Bekun-

1752 2539 125 65 dung
1921 2540 339 49 musicalischen
2296 2540 206 50 Wissens
2543 2539 221 56 anstrebt,
2809 2557 74 30 um
2927 2540 354 52 unmittelbaren

1756 2617 233 48 Eindruck
2019 2636 52 29 zu
2104 2618 208 54 machen,
2354 2618 92 48 und
2491 2619 99 48 eine
2621 2618 243 48 Phantasie
2907 2634 84 32 von
3020 2619 119 50 Liszt
3168 2620 115 49 über

1751 2697 166 48 Motive
1959 2712 80 32 aus
2081 2695 102 50 dem
2216 2698 264 47 Trovatore.
2538 2695 256 65 Uebrigens
2837 2697 53 48 ist
2932 2697 153 49 Herrn
3124 2698 131 66 Pflug-

1751 2773 179 66 haupt's
1977 2773 377 49 Bescheidenheit
2401 2773 116 49 eben
2566 2789 50 32 so
2670 2772 327 59 lobenswerth,
3053 2774 86 51 wie
3189 2777 94 48 sein

1752 2852 177 48 Talent.

1865 2929 174 50 Unsere
2069 2928 367 51 Liedertafel
2467 2929 157 50 feierte
2653 2946 71 33 am
2751 2929 86 50 22.
2861 2929 263 51 November
3153 2932 130 49 ihren

1750 3005 611 66 achtundzwanzigjährigen
2391 3008 304 65 Stiftungstag
2743 3008 58 47 im
2847 3008 135 48 Saale
3026 3009 255 50 Bernaerts.

1750 3084 48 47 In
1830 3084 80 48 der
1953 3084 284 49 zahlreichen
2270 3085 298 48 Gesellschaft
2608 3085 233 48 herrschte
2883 3085 72 48 die
3002 3103 250 48 ungezwun-

1750 3169 156 56 genste
1931 3161 386 50 Gemüthlichkeit
2347 3161 91 50 und
2470 3161 128 50 frohe
2620 3163 177 54 Laune,
2827 3163 167 48 erhöht
3016 3163 143 49 durch
3184 3165 100 48 eine

1747 3239 106 48 sehr
1882 3240 256 65 gelungene
2168 3240 304 66 Aufführung
2502 3240 81 48 der
2620 3240 247 48 köstlichen
2899 3241 222 65 Operette
3161 3244 123 53 „Da
3286 3239 2 67 9

2052 3334 83 32 von
2166 3318 151 48 Ihrem
2349 3319 287 47 talentvollen
2668 3318 259 66 Mitbürger
2959 3320 150 47 Herrn
3142 3320 106 66 Kip-

1750 3410 114 49 per;
1907 3394 103 49 dem
2056 3394 330 49 bescheidenen
2419 3395 324 65 Componisten
2782 3395 160 48 wurde
2982 3398 86 45 wie
3110 3396 169 50 seinem

1751 3471 178 50 Werke
1958 3473 98 48 eine
2086 3489 190 41 warme,
2306 3473 224 48 herzliche
2560 3473 263 48 Aufnahme
2851 3490 52 31 zu
2935 3474 144 48 Theil.
3190 3478 88 47 Am

1748 3549 241 66 folgenden
2018 3550 194 50 Abende
2250 3551 90 65 gab
2381 3550 81 50 der
2491 3551 557 65 Männer-Gesangverein
3088 3553 153 55 „Con-

2041 3627 80 50 der
2141 3629 119 48 nahe
2283 3629 144 48 daran
2450 3629 69 56 ist,
2549 3629 92 48 sein
2673 3627 602 69 fünfundzwanzigjähriges

1747 3705 222 48 Bestehen
1999 3723 52 31 zu
2084 3705 157 57 feiern,
2281 3706 100 48 eine
2416 3705 169 49 schöne
2615 3706 158 48 Soiree
2800 3723 55 31 zu
2885 3706 156 50 Ehren
3072 3706 81 50 der
3182 3708 72 50 hei-

1746 3782 118 65 ligen
1891 3782 181 59 Cäcilia,
2103 3784 171 48 welche
2298 3782 153 50 diesen
2475 3782 168 50 Verein
2673 3791 135 41 unter
2833 3784 130 48 ihren
2994 3784 284 52 besonderen

1746 3861 166 48 Schutz
1940 3878 273 48 genommen
2243 3879 53 32 zu
2326 3861 150 50 haben
2505 3861 186 50 scheint.
2726 3861 87 48 Die
2843 3861 322 51 Vocal-Partie
3195 3864 52 49 be-

1745 3936 129 51 stand
1903 3954 80 33 aus
2013 3939 125 48 einer
2166 3946 140 59 guten
2335 3939 222 49 Auswahl
2587 3955 83 33 von
2702 3937 374 68 Chorgesängen,
3106 3940 142 51 darun-

1745 4024 68 43 ter
1842 4016 70 50 ein
1944 4016 226 51 hübsches
2193 4017 260 50 Ständchen
2483 4034 85 33 von
2599 4019 152 48 Herrn
2782 4017 250 59 Ackens,
3062 4017 103 51 dem
3198 4020 54 48 Di-
