3101 4364
608 264 326 94 THE
1051 264 503 89 MASK.
1658 261 430 92 JULY
2179 287 297 86 1912.

590 443 828 77 LITERARY
1578 442 896 66 CONTENTS.

269 615 354 46 PROLOGUE.
760 642 14 14 .
894 642 15 14 .
1816 614 48 41 J.
1895 614 52 41 S.
2084 641 15 14 .
2218 641 14 14 .
2350 638 14 14 .
2484 638 15 14 .
2620 637 14 15 .
2787 618 40 32 I.

266 702 41 39 A
346 701 187 45 WORD
566 702 80 40 ON
680 699 126 43 THE
840 701 287 41 POLLOCK
1157 699 348 45 THEATRES.
1562 727 14 14 .
1698 729 11 11 .
1827 699 148 43 Ellen
2005 698 179 51 Terry.
2352 726 15 14 .
2485 725 15 14 .
2618 723 16 16 .
2780 704 48 40 3-

264 786 336 43 SOCIALISM
722 787 421 43 SYNDICALISM
1281 786 295 48 REALISM.
1691 815 16 14 .
1826 788 151 41 Louis
2009 787 218 41 Madrid.
2348 809 281 17 ...
2778 791 47 39 4.

265 872 128 44 ART
425 872 131 42 AND
588 872 124 43 THE
744 872 232 42 NATION
2347 897 14 13 .
2480 896 14 13 .
2613 895 14 14 .
2778 866 47 59 6.

266 961 82 41 ON
465 958 454 47 FORERUNNERS
1159 988 14 12 .
1816 958 270 44 Nietzsche
2757 963 71 39 15.

264 1045 126 42 THE
421 1043 275 47 ACTRESS
1811 1046 156 41 Oscar
1997 1043 185 44 Wilde.
2215 1071 12 14 .
2348 1070 15 14 .
2481 1069 16 14 .
2615 1066 15 14 .
2757 1047 70 40 17.

266 1132 232 45 SIGNOR
537 1132 376 45 BRIGHELLA.
1030 1160 673 19 ......
1821 1134 70 39 Dr
1921 1132 187 41 Cesare
2151 1131 140 43 Levi.
2353 1159 14 13 .
2485 1157 15 13 .
2621 1154 16 15 .
2744 1136 84 32 20.

266 1217 129 47 OUR
426 1219 190 42 DAILY
647 1217 201 44 NEEDS
1812 1220 57 39 V.
1898 1220 204 47 Surgen
2747 1212 83 41 28.

268 1306 284 51 JACQUES
585 1305 325 46 DALCROZE
941 1306 128 41 AND
1103 1308 99 39 HIS
1232 1308 261 42 SCHOOL.
1554 1336 14 12 .
1684 1331 14 17 .
1815 1306 137 41 John
1986 1304 239 42 Balance.
2344 1328 282 15 ...
2745 1310 79 40 3a.

268 1391 129 42 THE
430 1391 275 46 PAINTER
735 1393 62 40 IN
829 1391 126 44 THE
994 1390 310 47 THEATRE.
1421 1419 14 14 .
1553 1419 13 13 .
1685 1418 13 13 .
1815 1390 208 41 Gordon
2057 1389 170 49 Craig.
2347 1413 280 15 ...
2748 1394 79 39 37.

268 1477 273 43 CAPTAIN
571 1479 177 42 JACK.
781 1479 54 39 B.
865 1478 198 43 YEATS
1817 1475 150 42 Allen
2000 1474 196 43 Carrie.
2347 1499 282 16 ...
2749 1480 81 41 44.

271 1564 149 41 HOW
452 1563 159 42 JACK
642 1564 55 41 B.
731 1563 200 42 YEATS
980 1564 335 48 PRODUCED
1364 1565 100 40 HIS
1510 1562 195 43 PLAYS

440 1648 124 47 FOR
594 1651 125 40 THE
750 1649 353 47 MINIATURE
1131 1649 221 43 STAGE.
1428 1678 13 13 .
1559 1678 14 13 .
1817 1645 130 45 Jack
1980 1648 56 41 B.
2067 1647 176 40 Yeats.
2347 1672 283 14 ...
2751 1652 78 40 49-

269 1736 128 42 THE
430 1736 158 42 BEST
619 1736 294 45 THEATRE
945 1738 58 40 IN
1042 1737 270 43 LONDON.
1428 1764 14 12 .
1559 1764 14 12 .
1690 1762 14 13 .
1822 1733 216 43 Edward
2076 1731 418 44 Edwardovitch.
2613 1758 16 14 .
2749 1738 80 40 54.

270 1822 126 42 THE
428 1822 164 42 BLUE
622 1822 272 42 JACKETS
2748 1814 81 42 60.

275 1910 56 44 R.
367 1911 51 41 L.
451 1911 50 39 S.
536 1910 127 39 AND
697 1908 124 44 THE
854 1908 223 46 DRAMA
1110 1908 77 41 OF
1218 1908 212 42 SKELT.
1563 1936 13 12 .
1695 1935 14 13 .
1830 1906 231 51 Dorothy
2093 1903 177 43 Nevile
2303 1905 148 41 Lees.
2481 1930 14 14 .
2615 1931 15 13 .
2747 1912 83 38 72.

2218 1957 6 9 V

273 1995 166 40 BOOK
473 1995 303 45 REVIEWS.
903 1993 268 46 FOREIGN
1204 1993 217 42 NOTES.
2644 2001 62 33 &
1545 1992 334 46 EDITORIAL
1910 1991 198 42 NOTES
2748 1997 80 40 77-

271 2082 161 40 Short
465 2082 238 42 Extracts
734 2080 136 42 from
903 2081 91 39 the
1030 2081 184 41 Words
1248 2090 60 29 or
1337 2080 253 48 Writings
1623 2077 52 42 of
1705 2079 157 39 Oscar
1893 2076 186 44 Wilde.
2113 2086 86 40 19;
2232 2076 219 47 Goethe,
2497 2084 47 40 3;
2575 2072 80 51 36,

615 2225 1821 76 ILLUSTRATIONS.

273 2396 183 44 TITLE
508 2396 226 42 DESIGN
781 2395 129 40 AND
959 2393 207 46 THREE
1214 2393 264 44 FIGURES
1543 2393 172 45 FROM

609 2482 163 41 BLUE
1182 2480 405 49 Frontispiece..
1704 2505 14 15 .
1837 2484 146 35 Anon
2531 2477 128 43 Face
2791 2490 38 30 1.

277 2571 228 42 DESIGN
539 2569 124 44 FOR
749 2566 222 41 MONNA
1003 2565 213 42 VANNA
1439 2592 274 16 ...
1832 2566 226 48 Georges
2091 2565 191 43 Banks.
2350 2593 14 13 .
2486 2593 13 13 .
2617 2594 14 14 .
2751 2575 80 39 39.

275 2658 41 40 A
348 2655 199 43 SCENE
580 2654 122 46 FOR
731 2654 41 39 A
805 2653 160 41 PLAY
1830 2651 129 42 Jack
1991 2653 55 40 B.
2077 2653 174 40 Yeats.
2350 2681 282 13 ...
2751 2661 80 40 44.

277 2743 41 42 A
350 2741 202 42 SCENE
585 2741 122 45 FOR
931 2738 287 45 SCOURGE
1249 2738 78 42 OF
1364 2738 123 43 THE
1892 2768 32 19 „
2005 2768 32 19 „
2353 2766 281 15 ...
2754 2749 80 39 47.

279 2828 127 43 THE
438 2827 352 44 MINIATURE
819 2824 201 43 STAGE
2154 2851 30 21 „
2353 2852 279 13 ...
2761 2834 70 37 51.

282 2912 417 48 REDINGTON'S
731 2912 165 40 SHOP
928 2910 278 41 WINDOW
1837 2908 149 40 Anon
2752 2921 81 39 54.

279 2999 166 43 BLUE
476 2997 270 43 JACKETS
781 2998 128 39 AND
940 2997 195 40 JACKO
2749 2997 85 40 60.

282 3087 198 42 BETSY
513 3084 253 47 BODKIN,
2756 3082 78 48 65.

282 3173 163 42 BLUE
476 3172 270 42 JACKETS
779 3171 295 40 FAINTING
2757 3171 78 39 68.

280 3262 171 43 HEAD
487 3261 126 41 AND
645 3257 164 43 TALE
840 3257 215 42 PIECES
1087 3255 128 41 AND
1249 3253 229 43 INITIAL
1510 3252 273 48 LETTERS
1816 3255 65 49 by
1914 3255 208 40 Gordon
2169 3255 170 50 Craig,
2383 3255 130 41 Jack
2561 3257 57 42 B.
2665 3257 170 47 Yeats,

279 3349 177 41 Oliver
487 3347 99 40 and
619 3346 201 39 others.

279 3482 79 41 HP
371 3484 63 40 he
467 3483 180 42 Editor
680 3481 108 40 will
821 3483 63 38 be
932 3479 117 50 glad
1082 3482 56 38 to
1185 3479 238 41 consider
1473 3479 119 40 MSS
1637 3477 218 42 relative
1887 3479 55 37 to
1986 3477 91 40 the
2109 3476 98 41 Art
2236 3478 101 39 and
2386 3478 215 50 History
2648 3478 54 41 of
2745 3481 93 38 the

369 3571 244 44 Theatre,
647 3570 94 39 but
772 3567 170 41 would
990 3567 149 48 point
1171 3567 94 38 out
1298 3566 119 39 that
1463 3564 65 40 he
1559 3575 93 29 can
1686 3562 122 52 only
1850 3562 150 42 make
2033 3573 90 31 use
2155 3562 53 42 of
2253 3562 211 42 articles
2509 3566 216 39 written
2776 3567 66 51 by

280 3657 129 41 such
444 3666 55 29 as
533 3656 131 39 have
697 3665 28 29 a
757 3653 108 42 real
899 3651 310 51 knowledge
1242 3651 53 40 of
1327 3651 90 39 the
1448 3648 231 50 subjects
1707 3651 227 39 treated.

280 3754 63 34 &
381 3744 81 41 All
496 3742 224 51 possible
753 3751 117 31 care
904 3740 105 40 will
1064 3741 61 39 be
1158 3738 176 47 taken,
1369 3738 95 40 but
1510 3738 65 41 he
1606 3737 193 41 cannot
1829 3735 119 40 hold
1996 3735 210 40 himself
2250 3737 327 48 responsible
2624 3737 83 42 for
2747 3741 95 38 the

282 3830 296 43 accidental
602 3829 105 40 loss
739 3827 53 41 of
814 3829 138 39 MSS.
985 3826 165 42 These
1188 3827 141 40 must
1361 3826 53 39 in
1453 3835 157 41 every
1641 3834 114 30 case
1797 3825 62 39 be
1889 3822 365 50 accompanied
2297 3825 66 51 by
2392 3835 31 30 a
2465 3826 239 50 stamped
2739 3829 103 38 and

282 3916 284 42 addressed
603 3914 250 49 envelope
886 3924 56 29 as
976 3911 286 42 otherwise
1295 3911 126 50 they
1459 3911 192 40 cannot
1682 3910 63 41 be
1775 3910 276 41 returned.

284 4011 61 35 &
378 4000 480 44 Communications
919 3998 186 44 should
1149 4001 61 38 be
1254 3999 277 40 addressed
1581 3999 57 38 to
1688 3998 91 39 the
1830 3995 172 42 Arena
2053 3994 238 44 Goldoni.
2353 3996 264 43 Florence.
2693 3998 152 52 Italy.
