2649 3797
237 314 307 82 OUR
636 320 500 68 DAILY
1215 320 531 86 NEEDS,

1802 327 114 84 by
1972 327 79 66 V.
2107 330 345 85 Surgen.

227 469 311 47 ITEM.
624 473 207 50 FOR
922 475 403 50 BREAD:
1377 478 90 44 20
1505 480 342 55 pounds
1913 492 159 45 per
2138 480 314 47 Annum

901 561 214 46 MUS
1162 563 149 45 /C:
1361 566 34 42 2
1418 566 33 43 0
1491 567 338 55 pounds
1965 572 34 22 44
2285 575 32 21 44

662 686 112 40 usic
807 686 195 53 having
1034 692 186 47 passed
1270 693 94 39 out
1399 690 53 42 of
1485 692 109 43 Life
1642 703 79 31 we
1753 703 66 41 go
1852 692 55 42 in
1962 693 185 42 search
2181 693 55 43 of
2265 695 73 42 its
2370 707 56 30 re-

659 773 172 44 mains
864 773 55 42 in
954 777 161 51 dusty
1147 777 142 44 little
1321 791 236 31 corners.
1592 782 44 39 It
1668 781 46 41 is
1748 792 29 30 a
1810 781 117 50 pity
1947 782 46 42 it
2016 795 108 30 was
2147 783 224 43 allowed
2396 786 57 40 to

658 873 98 41 go:
789 864 44 42 it
863 866 190 42 should
1089 867 62 41 be
1185 867 169 43 called
1394 868 133 42 back
1710 869 45 41 it
1787 869 175 42 would
2007 871 108 43 like
2148 872 212 43 that....;

656 953 103 41 and
793 955 44 40 it
868 955 176 43 would
1080 957 63 41 be
1178 956 104 43 less
1314 957 246 53 angular,
1594 957 106 45 less
1734 960 52 40 in
1822 960 92 42 the
1949 971 281 38 corner,....
2257 962 104 41 and
2396 972 57 31 so

656 1042 105 43 less
811 1045 181 51 dusty.
1423 1054 65 34 £*
1669 1055 59 34 g?
1905 1056 64 34 jg?

323 1143 93 40 We
449 1140 161 43 think
639 1140 123 41 that
792 1148 80 31 we
903 1135 134 42 have
1068 1134 93 42 the
1195 1135 121 41 best
1349 1136 168 40 music
1568 1135 55 41 In
1659 1135 240 53 London,
1936 1136 166 51 Paris,
2135 1135 178 42 Berlin
2347 1137 102 41 and

220 1230 97 41 the
355 1230 157 41 other
545 1228 234 42 centres.

322 1317 45 40 it
399 1317 45 40 is
479 1315 154 41 these
663 1317 215 38 centres
908 1311 124 41 that
1065 1322 91 30 are
1189 1310 93 41 the
1306 1320 237 32 corners.

220 1413 64 36 &
323 1405 75 41 Do
430 1414 102 42 you
568 1402 166 53 really
765 1402 148 40 want
944 1403 57 38 to
1035 1399 158 42 know
1240 1399 180 42 where
1467 1399 94 41 the
1594 1400 120 41 best
1761 1402 170 39 music
1961 1402 45 39 is
2039 1402 57 40 to
2130 1402 64 40 be
2242 1402 208 42 heard?

219 1492 113 42 this
367 1491 176 53 day....
578 1488 283 43 sometime
990 1497 117 32 now
1239 1496 200 33 never.,
1472 1485 169 42 that's
1672 1485 94 42 the
1799 1488 208 41 time....
2039 1488 117 50 Yes,

1241 1574 99 41 but
1369 1574 181 41 where
1581 1573 93 42 the
1719 1573 147 52 place

1183 1673 142 41 upon
1358 1663 94 41 the
1486 1662 163 42 heath

1181 1752 157 41 there
1369 1752 59 41 to
1463 1752 144 41 meet
1639 1751 132 41 with
1936 1752 268 42 Macbeth.

320 1842 121 49 Yes,
475 1852 140 40 upon
648 1840 95 42 the
778 1840 170 42 Heath
982 1840 156 40 when
1173 1840 44 39 it
1247 1840 268 40 thunders
1547 1840 102 39 and
1673 1838 155 42 when
1862 1838 45 41 it
1938 1837 204 45 rains...
2175 1838 155 42 when
2354 1838 94 42 the

220 1930 137 42 Gods
390 1927 122 54 play
548 1939 139 40 upon
720 1927 92 42 the
845 1927 283 52 rotundity
1160 1925 56 43 of
1246 1927 93 41 the
1386 1927 166 41 world
1716 1927 155 41 when
1905 1929 45 39 it
1980 1927 150 42 wails
2178 1929 55 39 in
2267 1939 31 29 a
2330 1926 118 52 gale

218 2029 60 30 or
311 2018 155 40 when
493 2018 47 39 it
562 2016 156 42 hums
750 2016 103 41 and
887 2016 151 51 zings
1071 2026 67 31 on
1170 2016 93 41 the
1296 2015 192 52 golden
1523 2016 202 51 strings
1749 2016 182 41 drawn
1964 2016 125 40 taut
2117 2014 139 43 from
2293 2016 153 41 earth

215 2106 60 41 to
310 2115 120 32 sun.
465 2104 145 42 Then
646 2117 120 29 man
799 2103 141 53 joins
974 2104 54 41 in
1063 2103 186 53 lustily
1281 2114 60 31 or
1363 2101 348 55 drowsily,....
1740 2103 134 42 then
1907 2104 102 41 and
2032 2104 157 41 there
2211 2114 80 31 we
2317 2103 131 42 have

216 2193 94 42 the
346 2192 126 52 only
506 2194 167 41 music
705 2192 112 43 still
851 2192 99 43 left
977 2194 58 41 to
1070 2192 202 43 relieve
1306 2190 91 43 life
1439 2192 137 40 from
1611 2178 109 54 the'
1752 2192 303 40 deadliness
2087 2189 55 43 of
2172 2190 72 42 its
2276 2193 169 39 storm

216 2282 104 40 and
357 2280 154 44 calm.
546 2282 103 40 But
682 2282 54 40 in
769 2283 95 39 the
898 2280 94 42 life
1025 2279 55 43 of
1109 2282 95 40 the
1240 2282 152 40 cities
1425 2280 158 42 there
1617 2280 45 41 is
1696 2291 68 30 no
1789 2278 186 43 music.
1998 2279 254 43 Whereas
2275 2280 55 40 in
2352 2278 94 43 the

216 2369 315 42 mountains
581 2381 61 30 or
686 2368 159 42 fields
892 2369 43 41 it
983 2378 200 33 comes
1227 2369 57 40 to
1335 2380 83 39 us,
1449 2368 55 41 In
1538 2369 92 41 the
1664 2367 154 42 cities
1865 2380 81 29 we
1980 2368 101 41 had
2116 2367 179 43 learnt
2326 2369 122 42 that

215 2471 80 30 we
333 2460 98 40 had
466 2461 58 39 to
557 2460 180 40 create
790 2460 75 47 it;
1120 2457 86 43 for
1258 2471 29 29 a
1339 2457 196 52 special
1588 2457 127 43 kind
1771 2457 53 43 of
1877 2460 168 40 music
2077 2461 43 40 is
2156 2461 199 39 needed
2390 2460 54 41 in

215 2546 96 42 the
347 2547 172 50 cities,
573 2547 53 40 in
676 2557 100 31 our
821 2546 110 52 city
978 2545 170 43 work.
1197 2547 91 42 We
1339 2546 100 41 had
1484 2545 179 43 learnt
1708 2546 125 42 that
1879 2546 101 42 and
2018 2557 134 38 now,
2186 2546 131 53 alas,
2366 2559 79 30 we

219 2636 137 41 have
379 2632 278 54 forgotten
690 2636 61 39 it.

215 2731 63 35 &
317 2722 108 42 The
458 2724 190 40 artists
682 2722 129 42 used
845 2724 56 40 to
935 2722 64 42 be
1032 2721 146 52 plain
1213 2722 255 52 ordinary
1503 2734 120 30 men
1656 2724 113 50 just
1816 2721 108 43 like
1959 2722 293 52 ourselves,
2286 2721 166 46 their

215 2811 145 51 daily
394 2810 154 42 work
579 2810 160 52 being
767 2813 59 39 to
860 2809 121 54 play
1011 2810 85 42 for
1131 2821 80 32 us.
1256 2813 93 40 We
1382 2811 119 51 paid
1551 2814 147 39 them
1745 2810 87 42 for
1877 2813 146 40 their
2070 2813 201 50 piping.
2316 2813 128 41 How

215 2899 179 42 clever
426 2910 79 31 we
538 2910 139 31 were
712 2910 148 31 once.
896 2900 127 41 How
1056 2899 330 51 thoroughly
1418 2899 254 51 practical
1707 2901 103 40 and
1844 2901 157 51 witty
2034 2898 54 43 of
2121 2910 60 32 us
2203 2901 58 41 to
2286 2899 158 43 know

211 2988 142 40 then
385 2988 125 40 that
543 2999 78 29 we
656 2985 233 46 needed
917 2990 186 47 music,
1137 3001 105 31 ....a
1274 2988 295 52 particular
1601 2988 127 42 kind
1762 2987 54 43 of
1849 2988 246 43 music....
2128 2989 114 51 just
2274 2999 57 31 as
2363 2999 80 31 we

215 3077 210 40 needed
460 3077 255 51 bread,..:,
748 3089 30 28 a
809 3077 295 49 particular
1152 3078 126 41 kind
1329 3077 53 42 of
1430 3077 181 43 bread.
1644 3077 158 42 Town
1852 3078 182 50 bread,
2077 3078 145 41 town
2257 3078 186 41 music.

216 3164 187 50 Rough
440 3163 213 42 natural
687 3166 160 39 bread
882 3176 78 30 we
1010 3163 157 45 knew
1214 3164 265 42 wouldn't
1510 3166 85 40 do.
1631 3166 127 40 How
1811 3164 177 44 clever
2021 3168 56 38 to
2111 3164 159 42 know
2302 3164 141 42 that,

212 3252 116 41 And
364 3262 58 32 so
459 3263 81 30 we
573 3252 99 41 had
705 3251 173 43 softer
912 3263 148 31 more
1091 3252 229 43 delicate
1354 3255 160 39 bread
1551 3255 170 48 made,
1755 3255 102 39 and
1907 3252 94 43 the
2034 3265 144 29 same
2228 3252 127 42 kind
2389 3251 55 43 of

215 3341 169 41 music
418 3343 165 40 t00....
615 3340 84 43 for
732 3352 99 31 our
864 3341 184 42 health
1082 3343 103 40 and
1221 3352 100 31 our
1352 3340 233 53 family's
1631 3341 202 44 health.

310 3426 116 43 And
461 3427 45 41 It
538 3427 67 42 all
637 3430 210 40 seemed
883 3440 57 30 so
977 3430 231 42 natural.
1245 3429 113 41 And
1392 3429 132 41 then
1559 3440 100 30 one
1693 3430 101 52 day
1827 3440 99 32 our
1969 3429 122 40 wife
2124 3430 112 40 said
2271 3431 56 39 to
2361 3439 79 38 us,
