2593 3798
889 277 155 56 OUR
1076 280 240 49 DAILY
1340 284 268 49 NEEDS.

2377 311 58 43 31

148 366 254 50 Futurist
442 376 65 43 he
557 379 106 44 lets
729 393 61 33 us
826 385 157 43 down
1052 389 359 55 middling,....
1447 395 99 41 but
1596 395 82 43 his
1731 408 130 43 rage
1895 400 47 42 is
1994 403 233 44 terrible
2293 418 141 32 none

143 458 95 43 the
274 459 127 45 less.
826 475 66 35 &
1074 478 64 35 &
1321 484 65 34 &
2374 506 60 35 &

144 557 65 35 &
301 554 17 41 I
356 553 156 45 don't
545 557 210 55 forgive
790 563 148 43 them
1175 571 131 52 they
1339 572 138 43 shall
1513 573 155 46 learn
1693 579 150 41 what
1878 581 133 53 they
2036 583 136 43 have
2208 586 142 43 done

240 643 107 42 Not
379 645 124 45 that
538 649 16 41 I
592 651 176 41 would
802 658 227 48 suggest
1061 656 88 43 for
1182 671 30 29 a
1249 666 244 39 moment
1523 666 128 42 that
1683 668 95 44 the
1820 671 179 51 genial
2059 675 206 43 Doctor
2298 677 43 42 is
2375 680 59 40 at

144 731 69 43 al!
249 738 290 42 conscious
573 738 56 43 of
662 741 84 43 his
779 743 276 45 Jove-like
1089 751 178 41 mood.
1305 751 245 56 Looking
1582 756 55 42 in
1674 758 84 45 his
1791 760 146 53 glass
1970 762 57 43 In
2055 765 94 42 the
2176 769 258 53 morning

138 821 95 43 the
267 825 205 44 Doctor
505 828 130 54 only
668 842 119 32 sees
821 835 94 40 the
952 836 155 43 mask
1141 839 198 50 which,
1373 840 111 45 like
1518 845 71 42 all
1625 847 274 52 profound
1955 852 372 59 Englishmen,
2361 860 68 43 he

138 916 296 52 purposely
465 930 177 30 wears
677 921 69 52 by
789 924 271 43 accident.
1123 935 66 33 uS>
2407 940 27 34 &

134 1005 165 41 &So
326 1006 157 43 when
510 1009 16 39 I
553 1010 151 42 went
727 1012 57 41 to
811 1012 95 42 the
929 1014 145 43 Salle
1098 1016 214 45 Gaveau
1339 1021 60 42 to
1424 1021 136 44 hear
1583 1026 95 42 the
1704 1028 248 47 Doctor's
2039 1034 225 46 Poemes
2286 1048 141 41 pour

135 1091 185 55 chant,
354 1096 163 51 piano
553 1100 57 39 et
643 1101 243 49 quatuor
978 1105 18 40 I
1032 1117 113 31 was
1180 1110 332 45 enchanted.

232 1183 109 43 The
367 1198 84 28 ma
458 1186 169 55 jority
652 1189 55 42 of
728 1190 97 43 the
850 1193 193 52 people
1069 1195 104 44 had
1201 1209 139 41 gone
1366 1202 158 43 there
1549 1207 58 39 to
1634 1206 133 44 hear
1789 1209 293 56 tinklings,
2106 1216 319 54 twiddlings

136 1273 106 39 and
277 1273 248 54 trillings
561 1278 68 52 by
662 1282 356 56 exceedingly
1049 1288 220 52 worthy
1302 1293 106 40 and
1460 1293 301 54 high-class
1809 1300 220 45 theatre
2064 1306 104 41 and
2205 1308 186 42 restau-

129 1362 131 40 rant
293 1364 321 55 musicians,
646 1371 105 39 and
790 1371 193 43 looked
1022 1386 29 29 a
1086 1374 146 46 little
1269 1380 235 53 helpless
1537 1385 240 44 without
1808 1390 96 42 the
1930 1392 312 56 gap-filling
2274 1395 145 47 food.

130 1448 118 43 And
284 1452 160 42 when
479 1454 95 44 the
610 1457 291 56 twiddling
935 1463 108 44 bits
1077 1476 146 32 were
1259 1479 130 34 over
1432 1471 132 53 they
1598 1485 104 33 one
1737 1480 105 39 and
1891 1479 72 41 all
1997 1484 156 40 made
2203 1484 87 44 for
2322 1489 95 42 the

126 1541 193 42 doors:
371 1542 102 43 but
507 1546 189 53 nearly
731 1548 71 42 all
837 1562 145 33 were
1032 1560 249 39 arrested
1317 1561 59 40 at
1406 1561 127 43 that
1582 1565 214 43 instant
1832 1569 67 52 by
1932 1581 28 30 a
1993 1573 229 53 strange
2256 1575 156 46 cloud

127 1628 178 45 which
341 1634 173 52 began
550 1637 60 41 to
646 1641 99 48 put
779 1641 95 42 the
909 1642 151 52 place
1095 1646 55 42 in
1187 1649 240 44 shadow.
1611 1661 65 36 &
1857 1667 65 33 &

224 1720 47 41 It
304 1733 109 31 was
449 1725 94 41 the
577 1728 265 45 entrance
878 1731 55 42 of
966 1735 73 41 Dr
1072 1736 261 54 Vaughan
1361 1740 265 47 Williams
1651 1747 105 40 and
1794 1747 84 43 his
1917 1761 308 43 managers.

221 1808 111 43 The
365 1813 138 42 solid
538 1816 235 49 phalanx
806 1825 343 47 approached
1185 1828 54 42 in
1278 1830 252 44 dreadful
1564 1833 207 44 silence
1808 1848 143 41 upon
1988 1841 97 41 the
2118 1839 133 47 field
2288 1857 123 31 now

121 1899 207 42 strewn
362 1901 135 44 with
530 1907 98 40 the
661 1913 170 38 sweet
865 1914 106 41 and
1009 1914 183 55 sticky
1240 1931 131 40 gore
1420 1924 107 41 and
1564 1926 140 49 gush
1738 1928 179 42 which
1956 1931 103 42 had
2098 1935 100 40 but
2239 1935 173 57 lately

121 1990 179 41 issued
334 1989 141 45 from
511 1994 159 43 those
703 1999 122 42 who
862 2002 101 43 had
997 2003 172 45 taken
1218 2011 127 48 part
1394 2012 54 41 in
1484 2013 96 42 the
1634 2026 202 44 sugary
1869 2018 127 42 duel
2031 2020 56 43 of
2118 2025 292 54 twiddling

120 2082 105 38 and
261 2083 324 53 twaddling.
605 2096 65 33 &

213 2172 58 41 In
307 2185 66 29 an
412 2175 215 41 instant
649 2181 331 53 everything
1001 2196 112 31 was
1136 2186 396 50 transformed.
1556 2192 111 44 The
1691 2197 133 50 gods
1850 2208 121 33 rose
1997 2211 70 41 up
2092 2213 135 34 once
2252 2216 150 32 more

119 2262 102 41 and
258 2262 122 42 held
418 2266 97 42 the
550 2265 190 52 people
775 2271 234 52 captive.

115 2354 176 40 &No
326 2365 102 32 one
465 2363 191 39 moved
679 2374 14 30 :
728 2363 121 41 how
883 2364 159 43 could
1079 2366 133 54 they
1232 2369 26 42 ?
1290 2369 109 44 The
1429 2375 263 43 sentence
1726 2389 113 32 was
1874 2380 170 43 about
2078 2385 60 40 to
2175 2385 63 41 be
2275 2397 93 40 pro-

119 2444 247 39 nounced
389 2455 14 38 ;
439 2445 149 53 they,
621 2450 214 42 doom'd
870 2453 303 52 prisoners,
1211 2459 357 47 understood.
1618 2464 111 43 The
1763 2468 203 43 Doctor
2016 2472 104 42 had
2177 2473 216 43 donned

116 2529 97 42 the
249 2530 158 43 black
442 2544 117 42 cap.

213 2619 149 43 Then
497 2624 95 42 the
648 2638 263 42 message.
2328 2665 66 34 &

112 2718 64 34 J3
207 2713 159 41 Some
401 2712 54 43 of
489 2726 63 30 us
585 2717 301 52 applauded
922 2721 110 42 like
1067 2726 282 44 cannibals
1383 2730 186 43 whilst
1602 2733 96 42 the
1734 2738 114 40 rest
1881 2740 159 40 stood
2074 2742 159 43 stock
2255 2746 136 43 still.

108 2801 60 40 In
205 2812 102 32 our
342 2813 128 42 rage
505 2816 81 30 we
621 2810 155 40 made
809 2812 216 52 enough
1061 2816 154 42 noise
1262 2813 87 46 for
1380 2816 148 57 forty
1574 2822 297 56 thousand,
1904 2830 107 41 and
2057 2841 80 32 we
2170 2836 218 41 seemed

108 2890 59 40 to
204 2890 62 40 be
303 2893 283 47 possessed
624 2896 67 52 by
724 2898 97 41 the
853 2898 149 45 souls
1037 2902 85 52 (or
1155 2904 197 54 hands)
1400 2906 56 43 of
1488 2909 160 44 those
1693 2914 135 42 dead
1879 2919 296 44 musicians
2208 2923 178 44 whom

111 2978 126 41 that
268 2978 140 44 Wife
444 2981 104 43 had
585 2984 227 43 claimed
846 2986 59 42 in
938 2989 96 43 the
1067 2991 228 55 thirtys.
1331 3003 65 35 &
1579 3008 61 35 &

207 3065 331 54 Altogether
571 3074 44 40 it
676 3086 113 32 was
853 3079 224 54 bracing
1279 3084 167 44 Blake
1510 3090 244 51 explains
1805 3095 149 43 what
2001 3099 125 43 that
2177 3113 210 36 means.

204 3158 50 40 11
286 3169 111 32 was
491 3161 186 46 DAMN
771 3168 343 54 unadorned,
1145 3173 96 42 the
1277 3173 230 45 horrific
1540 3182 157 40 mood
1731 3182 58 43 of
1820 3184 85 43 old
1958 3187 181 45 Blake.
2192 3192 49 42 It
2272 3205 111 30 was

122 3243 111 47 not
408 3246 100 45 Father
540 3249 214 55 forgive
787 3257 151 41 them

202 3334 118 46 And
357 3340 220 44 music?
761 3345 151 44 what
945 3347 55 44 of
1032 3351 97 40 the
1174 3353 220 43 music?

100 3436 64 34 &
199 3425 110 45 The
345 3439 243 44 message
623 3443 110 33 was
766 3437 191 52 music,
992 3450 88 43 my
1110 3438 233 57 friends,
1375 3446 102 42 and
1513 3447 160 46 there
1707 3464 111 31 was
1852 3465 70 32 no
1969 3459 173 41 music
2175 3461 136 42 with
2347 3474 31 30 a
