2649 3797
960 272 349 54 FOREIGN
1338 274 270 48 NOTES.

2394 278 65 53 85

164 392 76 42 up
274 393 70 32 on
380 383 96 45 the
525 384 153 51 stage
714 384 67 53 by
817 383 364 51 Hungarians.
1233 392 65 37 0

169 477 66 37 &
271 472 49 42 It
352 483 112 32 was
497 485 30 30 a
575 472 291 52 happiness
915 473 105 41 and
1053 473 154 50 pride
1240 475 57 40 to

174 557 165 46 know
371 562 127 43 that
530 574 81 31 we
645 572 148 32 were
827 561 55 42 in
916 561 95 43 the
1045 562 251 42 National

175 650 238 46 Theatre
479 654 107 42 and
639 652 126 44 that
815 664 82 30 we
950 663 147 31 were
1147 654 114 42 Hun-

173 741 245 52 garians.
493 751 66 36 J0

191 837 64 35 &
272 829 84 44 All
390 833 215 42 honour
638 833 44 42 is
716 833 106 42 due
855 833 60 40 to
965 831 115 44 this
1136 830 158 45 noble

172 920 224 45 theatre
432 924 105 41 and
573 924 57 41 to
654 923 95 42 the
786 920 179 45 talent
1003 920 55 45 of
1090 924 84 41 Mr
1198 923 64 42 He-

178 1013 136 53 vesi,
349 1013 69 53 by
434 1013 186 43 whose
644 1014 90 41 art
756 1023 59 32 as
838 1025 30 29 a
888 1012 279 43 Producer
1180 1014 114 42 this

168 1102 169 52 thing
380 1112 112 32 was
539 1103 217 42 created
812 1103 106 42 and
972 1103 122 42 who
1156 1113 136 32 even

175 1190 149 43 after
372 1191 130 53 long
554 1192 260 51 applause
868 1192 88 43 did
1015 1196 98 41 not
1143 1195 151 42 show

175 1279 220 43 himself
455 1279 185 44 before
694 1282 97 41 the
840 1282 238 42 curtain.

168 1376 67 37 &
283 1366 268 61 Magyar
621 1369 257 47 Nemzei
949 1372 343 54 (Hungarian

173 1459 222 54 Nation)
1227 1473 63 34 j0

269 1552 146 43 ....So
450 1553 160 42 much
643 1553 136 53 real,
810 1554 106 42 and
949 1553 174 56 really
1174 1553 119 52 felt,

170 1642 112 53 joy,
302 1652 59 32 so
386 1643 160 42 much
588 1643 376 44 cheerfulness
1002 1646 45 40 is
1085 1643 205 44 seldom

172 1731 61 42 to
268 1732 66 42 be
381 1731 169 44 found
575 1734 55 41 in
655 1746 31 30 a
718 1733 203 52 public.
954 1734 75 42 No
1054 1736 173 42 doubt
1261 1747 32 31 a

178 1822 164 51 great
386 1822 118 42 deal
554 1822 54 43 of
640 1823 113 44 this
786 1823 346 45 remarkable
1170 1836 92 32 suc-

170 1920 118 33 cess
321 1922 111 32 was
465 1912 105 42 due
602 1914 60 41 to
695 1914 95 40 the
840 1916 180 39 actors
1185 1916 104 41 and

177 2010 103 33 one
315 2013 99 30 can
466 2002 99 42 but
612 2005 179 49 praise
841 2004 150 43 their
1042 2002 251 55 original,

175 2090 187 56 lively,
381 2093 170 50 fresh,
572 2094 105 42 and
701 2094 367 52 sympathetic
1090 2095 203 51 acting.

274 2181 384 45 Nevertheless
705 2183 97 42 the
851 2184 147 41 main
1067 2185 126 50 part
1240 2181 54 45 of

168 2272 99 43 the
300 2273 165 41 merit
493 2273 104 41 and
633 2273 95 42 the
762 2270 147 54 chief
949 2273 341 52 recognition

175 2361 47 41 is
257 2361 114 43 still
405 2363 104 42 due
542 2364 60 41 to
625 2363 97 42 the
746 2362 546 52 producer-in-chief,

173 2452 85 42 Mr
291 2453 213 51 Hevesi,
537 2453 125 43 who
694 2452 308 43 translated
1094 2449 198 46 Maitre

546 2543 56 42 in
687 2541 285 53 sparkling
1053 2541 239 53 rhymes,

172 2634 123 42 who
320 2634 268 50 arranged
620 2632 99 42 the
752 2630 329 53 production
1106 2627 55 45 of

506 2721 135 43 with
691 2721 97 41 the
851 2717 231 44 keenest
1132 2730 158 32 sense

167 2810 57 45 of
285 2810 143 55 style
462 2813 106 42 and
602 2809 116 44 also
751 2820 58 32 as
842 2808 227 52 prelude
1101 2810 59 41 to
1194 2808 96 43 the

168 2902 330 50 production
534 2910 133 41 gave
692 2909 63 31 us
777 2908 69 32 an
871 2896 270 44 excellent
1162 2908 98 32 con-

172 2988 219 43 ference
409 2989 201 51 which,
628 2998 58 32 as
699 2985 122 45 well
845 2985 86 45 for
948 2987 73 42 its
1035 2988 257 42 contents

169 3088 61 32 as
262 3076 87 44 for
382 3078 72 42 its
485 3076 164 49 form,
683 3087 121 42 may
836 3077 66 42 be
925 3077 117 43 said
1071 3078 58 41 to
1155 3076 137 43 have

164 3170 141 41 been
335 3166 232 54 perfect.

267 3253 388 60 Budapester
681 3253 239 47 Presse.
981 3264 66 36 0
1227 3264 66 36 0

267 3351 86 42 Mr
384 3347 256 54 Mohacsy
672 3347 222 44 writes:

172 3448 67 38 a?
271 3438 227 51 Though
522 3438 97 41 the
658 3435 249 46 National
930 3435 236 46 Theatre
1185 3436 108 45 last

1350 386 161 51 night
1548 387 102 51 put
1671 383 78 43 off
1772 383 75 45 its
1881 384 342 42 seriousness
2257 383 85 45 for
2365 395 103 33 one

1348 475 241 52 evening
1622 476 44 42 it
1715 473 47 44 is
1811 475 98 42 not
1956 472 283 45 therefore
2289 475 58 42 to
2404 475 64 44 be

1345 561 168 44 taken
1543 562 109 46 less
1687 564 294 55 earnestly.

1348 661 64 36 j£f
1450 655 49 42 It
1517 655 260 53 indulged
1798 656 55 42 in
1877 668 28 30 a
1931 656 149 51 piece
2099 654 54 44 of
2171 654 293 44 theatrical

1344 743 230 54 history,
1640 746 99 41 but
1801 746 237 42 without
2099 757 108 43 any
2239 744 220 44 learned

1341 831 511 55 high-browedness
1871 847 14 39 ;
1908 847 104 31 one
2030 847 110 31 was
2162 835 298 54 permitted

1341 923 57 42 to
1433 924 183 52 forget
1668 925 210 55 history
1929 927 106 42 and
2073 927 58 42 to
2183 924 160 56 enjoy
2392 936 69 33 an

1344 1013 340 55 enchanting
1717 1016 292 53 spectacle.

1355 1105 197 43 *&Last
1557 1105 160 53 night
1735 1117 160 45 many
1920 1107 248 43 hitherto
2185 1105 278 44 unknown

1341 1191 210 46 talents
1584 1206 142 32 were
1760 1196 317 43 discovered
2112 1197 55 41 in
2215 1196 99 42 the
2364 1196 68 42 Na-

1341 1281 174 45 tional
1550 1284 254 45 Theatre.

1442 1372 147 55 They
1618 1374 130 43 first
1778 1375 191 55 played
2003 1376 98 42 the
2134 1375 86 43 old
2256 1374 209 44 French

1340 1461 150 45 farce
1534 1463 56 43 of
1946 1465 256 43 Patheiin
2336 1464 127 46 This

1341 1564 111 32 was
1485 1552 253 47 followed
1773 1558 69 51 by
1875 1568 31 31 a
1938 1555 205 54 sample
2177 1555 55 44 of
2252 1558 96 41 the
2373 1557 88 44 old

1341 1644 315 43 Commedia
1706 1644 125 45 dell'
1852 1646 155 44 Arte.
2054 1646 110 44 The
2212 1648 251 42 scenario

1337 1731 54 43 of
1424 1743 30 32 a
1489 1733 241 43 hundred
1764 1733 140 45 lines
1939 1737 220 41 became
2207 1734 56 44 In
2313 1736 148 43 their

1337 1822 173 42 hands
1542 1835 30 30 a
1605 1823 290 54 delightful
1950 1827 223 51 comedy
2226 1827 56 41 in
2345 1827 113 42 two

1341 1915 172 48 parts.
1654 1922 64 35 0

1437 2001 127 43 This
1599 2004 290 42 theatrical
1937 2004 269 52 occasion,
2246 2005 187 43 artisti-

1340 2090 136 55 cally
1500 2093 93 40 the
1627 2094 122 40 best
1771 2104 80 32 we
1872 2094 136 42 have
2027 2104 130 32 seen
2179 2093 88 43 for
2282 2105 31 31 a
2331 2094 130 53 long

1339 2181 134 42 time
1508 2183 56 40 in
1598 2181 96 42 the
1743 2183 251 42 National
2041 2181 255 55 Theatre,
2347 2195 112 33 was

1344 2273 180 41 under
1556 2272 95 42 the
1685 2272 120 42 rule
1839 2272 55 43 of
1915 2274 85 42 Mr
2019 2274 215 43 Hevesi.
2253 2275 76 42 He
2347 2286 112 33 was

1341 2361 98 41 the
1459 2361 304 43 translator
1786 2359 54 45 of
1910 2359 198 46 Maitre
2134 2363 251 45 Patheiin

1348 2449 229 51 adapter
1608 2448 55 43 of
1750 2452 68 42 Le
1852 2451 223 43 Defiant
2192 2455 269 50 producer

1341 2540 104 39 and
1480 2537 260 46 lecturer.
1769 2540 93 43 His
1895 2542 279 42 discourse
2216 2554 111 31 was
2383 2543 57 42 in-

1341 2627 270 45 structive
1654 2630 105 42 and
1796 2631 269 52 amusing,
2103 2632 216 44 artistic
2351 2632 107 44 and

1337 2714 101 45 full
1473 2716 55 43 of
1551 2719 227 52 delight.

1440 2808 84 42 Mr
1547 2809 193 42 Hevesi
1763 2820 110 32 was
1898 2808 149 45 often
2074 2809 172 44 called
2272 2809 187 47 before

1337 2899 94 43 the
1467 2898 216 43 curtain
1717 2896 145 46 after
1895 2899 85 43 his
2003 2899 325 46 conference
2352 2912 15 33 :
2392 2903 68 43 he

1340 2999 112 32 was
1515 2987 115 43 also
1694 2987 172 44 called
1919 2988 89 44 for
2060 2989 145 45 later
2256 2992 56 42 in
2365 2992 95 43 the

1341 3078 235 52 evening
1623 3088 59 33 as
1729 3079 73 42 its
1851 3079 152 45 hero.
2052 3082 60 42 In
2165 3081 86 43 his
2282 3083 183 54 stead,

1343 3168 100 43 but
1511 3167 378 46 nevertheless
1942 3171 56 42 in
2049 3171 381 53 acknowledge-

1339 3260 155 42 ment
1525 3257 56 45 of
1611 3260 149 42 their
1782 3271 121 32 own
1929 3262 214 52 merits,
2165 3262 96 43 the
2284 3261 148 44 excel-

1337 3347 121 45 lent
1520 3351 183 41 actors
1764 3361 146 32 were
1974 3351 283 45 honoured
2322 3351 136 45 with

1339 3439 368 44 enthusiastic
1724 3439 182 54 proofs
1927 3439 54 46 of
1999 3441 229 52 popular
2243 3440 216 46 favour.
