<?xml version="1.0" encoding="UTF-8"?>
<alto xmlns:xsi="http://www.w3.org/2001/XMLSchema-instance" xmlns="http://www.loc.gov/standards/alto/ns-v2#" xsi:schemaLocation="http://www.loc.gov/standards/alto/ns-v2# http://www.loc.gov/standards/alto/alto-v2.0.xsd" xmlns:xlink="http://www.w3.org/1999/xlink">
	<Description>
		<MeasurementUnit>mm10</MeasurementUnit>
		<sourceImageInformation>
			<fileName>//fileserver7/IN2-2/Princeton/bmtnaau/1912/07_01/00000037.tif</fileName>
		</sourceImageInformation>
		<OCRProcessing ID="OCRPROCESSING_1">
			<preProcessingStep>
				<processingSoftware>
					<softwareCreator>CCS Content Conversion Specialists GmbH, Germany</softwareCreator>
					<softwareName>CCS docWorks</softwareName>
					<softwareVersion>6.7-1.24</softwareVersion>
				</processingSoftware>
			</preProcessingStep>
			<ocrProcessingStep>
				<processingSoftware>
					<softwareCreator>ABBYY (BIT Software), Russia</softwareCreator>
					<softwareName>FineReader</softwareName>
					<softwareVersion>10.0</softwareVersion>
				</processingSoftware>
			</ocrProcessingStep>
		</OCRProcessing>
	</Description>
	<Styles>
		<TextStyle ID="TXT_0" FONTSIZE="18" FONTFAMILY="Times New Roman" FONTSTYLE="bold italics"/>
		<TextStyle ID="TXT_1" FONTSIZE="16" FONTFAMILY="Times New Roman"/>
		<TextStyle ID="TXT_2" FONTSIZE="18" FONTFAMILY="Times New Roman" FONTSTYLE="bold"/>
		<TextStyle ID="TXT_3" FONTSIZE="14" FONTFAMILY="Times New Roman" FONTSTYLE="bold italics"/>
		<TextStyle ID="TXT_4" FONTSIZE="19" FONTFAMILY="Times New Roman" FONTSTYLE="italics"/>
		<TextStyle ID="TXT_5" FONTSIZE="32" FONTFAMILY="Times New Roman"/>
		<ParagraphStyle ID="PAR_CENTER" ALIGN="Center"/>
		<ParagraphStyle ID="PAR_RIGHT" ALIGN="Right"/>
		<ParagraphStyle ID="PAR_BLOCK" ALIGN="Block"/>
		<ParagraphStyle ID="PAR_LEFT" ALIGN="Left"/>
	</Styles>
	<Layout>
		<Page ID="P23" PHYSICAL_IMG_NR="23" HEIGHT="3797" WIDTH="2649" PRINTED_IMG_NR="19" PC="0.860">
			<TopMargin ID="P23_TM00001" HPOS="0" VPOS="0" WIDTH="2649" HEIGHT="366">
				<TextBlock ID="P23_TB00001" HPOS="937" VPOS="309" WIDTH="731" HEIGHT="55" STYLEREFS="TXT_0 PAR_CENTER">
					<TextLine ID="P23_TL00001" HPOS="937" VPOS="309" WIDTH="731" HEIGHT="55">
						<String ID="P23_ST00001" HPOS="937" VPOS="323" WIDTH="65" HEIGHT="37" CONTENT="&amp;" WC="0.14" CC="8"/>
						<SP ID="P23_SP00001" HPOS="1002" VPOS="360" WIDTH="39"/>
						<String ID="P23_ST00002" HPOS="1041" VPOS="310" WIDTH="149" HEIGHT="47" CONTENT="THE" WC="0.98" CC="060"/>
						<SP ID="P23_SP00002" HPOS="1190" VPOS="360" WIDTH="30"/>
						<String ID="P23_ST00003" HPOS="1220" VPOS="309" WIDTH="352" HEIGHT="55" CONTENT="ACTRESS." WC="0.99" CC="05062004"/>
						<SP ID="P23_SP00003" HPOS="1572" VPOS="364" WIDTH="32"/>
						<String ID="P23_ST00004" HPOS="1604" VPOS="319" WIDTH="64" HEIGHT="36" CONTENT="&amp;" WC="0.15" CC="8"/>
						<SP ID="P23_SP00004" HPOS="1668" VPOS="364" WIDTH="0"/>
					</TextLine>
				</TextBlock>
				<TextBlock ID="P23_TB00002" HPOS="2407" VPOS="320" WIDTH="58" HEIGHT="44" STYLEREFS="TXT_1 PAR_RIGHT">
					<TextLine ID="P23_TL00002" HPOS="2407" VPOS="320" WIDTH="58" HEIGHT="44">
						<String ID="P23_ST00005" HPOS="2407" VPOS="320" WIDTH="58" HEIGHT="44" CONTENT="19" WC="1.00" CC="00"/>
					</TextLine>
				</TextBlock>
			</TopMargin>
			<LeftMargin ID="P23_LM00001" HPOS="0" VPOS="366" WIDTH="170" HEIGHT="3164"/>
			<RightMargin ID="P23_RM00001" HPOS="2477" VPOS="366" WIDTH="172" HEIGHT="3164"/>
			<BottomMargin ID="P23_BM00001" HPOS="0" VPOS="3530" WIDTH="2649" HEIGHT="267"/>
			<PrintSpace ID="P23_PS00001" HPOS="170" VPOS="366" WIDTH="2307" HEIGHT="3164">
				<TextBlock ID="P23_TB00003" HPOS="177" VPOS="415" WIDTH="2300" HEIGHT="774" STYLEREFS="TXT_2 PAR_BLOCK">
					<TextLine ID="P23_TL00003" HPOS="185" VPOS="416" WIDTH="2282" HEIGHT="56">
						<String ID="P23_ST00006" HPOS="185" VPOS="419" WIDTH="163" HEIGHT="52" CONTENT="given" WC="0.98" CC="07033"/>
						<SP ID="P23_SP00005" HPOS="348" VPOS="471" WIDTH="33"/>
						<String ID="P23_ST00007" HPOS="381" VPOS="420" WIDTH="153" HEIGHT="43" CONTENT="them" WC="0.99" CC="0310"/>
						<SP ID="P23_SP00006" HPOS="534" VPOS="471" WIDTH="38"/>
						<String ID="P23_ST00008" HPOS="572" VPOS="420" WIDTH="97" HEIGHT="43" CONTENT="her" WC="0.98" CC="050"/>
						<SP ID="P23_SP00007" HPOS="669" VPOS="471" WIDTH="33"/>
						<String ID="P23_ST00009" HPOS="702" VPOS="421" WIDTH="140" HEIGHT="51" CONTENT="best," WC="0.99" CC="50003"/>
						<SP ID="P23_SP00008" HPOS="842" VPOS="472" WIDTH="34"/>
						<String ID="P23_ST00010" HPOS="876" VPOS="421" WIDTH="104" HEIGHT="41" CONTENT="had" WC="0.95" CC="490"/>
						<SP ID="P23_SP00009" HPOS="980" VPOS="472" WIDTH="34"/>
						<String ID="P23_ST00011" HPOS="1014" VPOS="421" WIDTH="205" HEIGHT="51" CONTENT="poured" WC="0.97" CC="064677"/>
						<SP ID="P23_SP00010" HPOS="1219" VPOS="472" WIDTH="37"/>
						<String ID="P23_ST00012" HPOS="1256" VPOS="421" WIDTH="96" HEIGHT="42" CONTENT="the" WC="0.97" CC="602"/>
						<SP ID="P23_SP00011" HPOS="1352" VPOS="472" WIDTH="36"/>
						<String ID="P23_ST00013" HPOS="1388" VPOS="431" WIDTH="184" HEIGHT="41" CONTENT="power" WC="0.97" CC="05913"/>
						<SP ID="P23_SP00012" HPOS="1572" VPOS="472" WIDTH="29"/>
						<String ID="P23_ST00014" HPOS="1601" VPOS="419" WIDTH="104" HEIGHT="42" CONTENT="and" WC="0.93" CC="378"/>
						<SP ID="P23_SP00013" HPOS="1705" VPOS="472" WIDTH="36"/>
						<String ID="P23_ST00015" HPOS="1741" VPOS="419" WIDTH="225" HEIGHT="42" CONTENT="wonder" WC="0.98" CC="046053"/>
						<SP ID="P23_SP00014" HPOS="1966" VPOS="472" WIDTH="33"/>
						<String ID="P23_ST00016" HPOS="1999" VPOS="416" WIDTH="56" HEIGHT="43" CONTENT="of" WC="0.41" CC="47"/>
						<SP ID="P23_SP00015" HPOS="2055" VPOS="472" WIDTH="48"/>
						<String ID="P23_ST00017" HPOS="2103" VPOS="419" WIDTH="100" HEIGHT="42" CONTENT="her" WC="0.95" CC="066"/>
						<SP ID="P23_SP00016" HPOS="2203" VPOS="472" WIDTH="54"/>
						<String ID="P23_ST00018" HPOS="2257" VPOS="419" WIDTH="119" HEIGHT="43" CONTENT="soul" WC="0.96" CC="0487"/>
						<SP ID="P23_SP00017" HPOS="2376" VPOS="472" WIDTH="35"/>
						<String ID="P23_ST00019" HPOS="2411" VPOS="423" WIDTH="56" HEIGHT="39" CONTENT="at" WC="0.95" CC="00"/>
					</TextLine>
					<TextLine ID="P23_TL00004" HPOS="181" VPOS="508" WIDTH="2290" HEIGHT="53">
						<String ID="P23_ST00020" HPOS="181" VPOS="510" WIDTH="155" HEIGHT="43" CONTENT="their" WC="0.97" CC="60366"/>
						<SP ID="P23_SP00018" HPOS="336" VPOS="553" WIDTH="32"/>
						<String ID="P23_ST00021" HPOS="368" VPOS="509" WIDTH="136" HEIGHT="46" CONTENT="feet." WC="0.98" CC="73024"/>
						<SP ID="P23_SP00019" HPOS="504" VPOS="555" WIDTH="34"/>
						<String ID="P23_ST00022" HPOS="538" VPOS="509" WIDTH="84" HEIGHT="44" CONTENT="All" WC="0.93" CC="683"/>
						<SP ID="P23_SP00020" HPOS="622" VPOS="555" WIDTH="33"/>
						<String ID="P23_ST00023" HPOS="655" VPOS="511" WIDTH="126" HEIGHT="42" CONTENT="that" WC="1.00" CC="0000"/>
						<SP ID="P23_SP00021" HPOS="781" VPOS="555" WIDTH="30"/>
						<String ID="P23_ST00024" HPOS="811" VPOS="522" WIDTH="112" HEIGHT="31" CONTENT="was" WC="1.00" CC="000"/>
						<SP ID="P23_SP00022" HPOS="923" VPOS="555" WIDTH="34"/>
						<String ID="P23_ST00025" HPOS="957" VPOS="509" WIDTH="102" HEIGHT="44" CONTENT="left" WC="0.98" CC="8000"/>
						<SP ID="P23_SP00023" HPOS="1059" VPOS="555" WIDTH="33"/>
						<String ID="P23_ST00026" HPOS="1092" VPOS="513" WIDTH="60" HEIGHT="42" CONTENT="to" WC="0.68" CC="06"/>
						<SP ID="P23_SP00024" HPOS="1152" VPOS="555" WIDTH="35"/>
						<String ID="P23_ST00027" HPOS="1187" VPOS="511" WIDTH="98" HEIGHT="42" CONTENT="her" WC="0.98" CC="006"/>
						<SP ID="P23_SP00025" HPOS="1285" VPOS="555" WIDTH="33"/>
						<String ID="P23_ST00028" HPOS="1318" VPOS="523" WIDTH="122" HEIGHT="30" CONTENT="now" WC="0.97" CC="700"/>
						<SP ID="P23_SP00026" HPOS="1440" VPOS="555" WIDTH="52"/>
						<String ID="P23_ST00029" HPOS="1492" VPOS="522" WIDTH="112" HEIGHT="33" CONTENT="was" WC="0.99" CC="020"/>
						<SP ID="P23_SP00027" HPOS="1604" VPOS="555" WIDTH="49"/>
						<String ID="P23_ST00030" HPOS="1653" VPOS="522" WIDTH="29" HEIGHT="30" CONTENT="a" WC="1.00" CC="0"/>
						<SP ID="P23_SP00028" HPOS="1682" VPOS="555" WIDTH="51"/>
						<String ID="P23_ST00031" HPOS="1733" VPOS="520" WIDTH="159" HEIGHT="32" CONTENT="sense" WC="0.98" CC="01704"/>
						<SP ID="P23_SP00029" HPOS="1892" VPOS="555" WIDTH="51"/>
						<String ID="P23_ST00032" HPOS="1943" VPOS="508" WIDTH="57" HEIGHT="44" CONTENT="of" WC="0.36" CC="56"/>
						<SP ID="P23_SP00030" HPOS="2000" VPOS="555" WIDTH="46"/>
						<String ID="P23_ST00033" HPOS="2046" VPOS="509" WIDTH="425" HEIGHT="52" CONTENT="powerlessness" WC="0.76" CC="0005506007500"/>
					</TextLine>
					<TextLine ID="P23_TL00005" HPOS="180" VPOS="599" WIDTH="2295" HEIGHT="56">
						<String ID="P23_ST00034" HPOS="180" VPOS="602" WIDTH="108" HEIGHT="40" CONTENT="and" WC="0.96" CC="009"/>
						<SP ID="P23_SP00031" HPOS="288" VPOS="642" WIDTH="24"/>
						<String ID="P23_ST00035" HPOS="312" VPOS="600" WIDTH="306" HEIGHT="45" CONTENT="weakness." WC="1.00" CC="032002004"/>
						<SP ID="P23_SP00032" HPOS="618" VPOS="645" WIDTH="33"/>
						<String ID="P23_ST00036" HPOS="651" VPOS="600" WIDTH="107" HEIGHT="43" CONTENT="She" WC="0.96" CC="045"/>
						<SP ID="P23_SP00033" HPOS="758" VPOS="645" WIDTH="37"/>
						<String ID="P23_ST00037" HPOS="795" VPOS="602" WIDTH="216" HEIGHT="41" CONTENT="arrived" WC="0.98" CC="6573060"/>
						<SP ID="P23_SP00034" HPOS="1011" VPOS="645" WIDTH="26"/>
						<String ID="P23_ST00038" HPOS="1037" VPOS="603" WIDTH="59" HEIGHT="40" CONTENT="at" WC="1.00" CC="00"/>
						<SP ID="P23_SP00035" HPOS="1096" VPOS="645" WIDTH="24"/>
						<String ID="P23_ST00039" HPOS="1120" VPOS="602" WIDTH="99" HEIGHT="41" CONTENT="her" WC="0.98" CC="004"/>
						<SP ID="P23_SP00036" HPOS="1219" VPOS="645" WIDTH="23"/>
						<String ID="P23_ST00040" HPOS="1242" VPOS="602" WIDTH="169" HEIGHT="43" CONTENT="house" WC="0.97" CC="61704"/>
						<SP ID="P23_SP00037" HPOS="1411" VPOS="645" WIDTH="24"/>
						<String ID="P23_ST00041" HPOS="1435" VPOS="612" WIDTH="183" HEIGHT="43" CONTENT="weary" WC="1.00" CC="00000"/>
						<SP ID="P23_SP00038" HPOS="1618" VPOS="655" WIDTH="19"/>
						<String ID="P23_ST00042" HPOS="1637" VPOS="603" WIDTH="103" HEIGHT="40" CONTENT="and" WC="0.94" CC="663"/>
						<SP ID="P23_SP00039" HPOS="1740" VPOS="655" WIDTH="25"/>
						<String ID="P23_ST00043" HPOS="1765" VPOS="599" WIDTH="408" HEIGHT="44" CONTENT="flower-laden." WC="0.99" CC="7750074800554"/>
						<SP ID="P23_SP00040" HPOS="2173" VPOS="655" WIDTH="23"/>
						<String ID="P23_ST00044" HPOS="2196" VPOS="599" WIDTH="279" HEIGHT="53" CONTENT="Suddenly" WC="0.99" CC="26401060"/>
					</TextLine>
					<TextLine ID="P23_TL00006" HPOS="180" VPOS="689" WIDTH="2291" HEIGHT="55">
						<String ID="P23_ST00045" HPOS="180" VPOS="690" WIDTH="99" HEIGHT="44" CONTENT="she" WC="0.98" CC="004"/>
						<SP ID="P23_SP00041" HPOS="279" VPOS="734" WIDTH="43"/>
						<String ID="P23_ST00046" HPOS="322" VPOS="693" WIDTH="221" HEIGHT="42" CONTENT="noticed" WC="0.99" CC="3006400"/>
						<SP ID="P23_SP00042" HPOS="543" VPOS="735" WIDTH="32"/>
						<String ID="P23_ST00047" HPOS="575" VPOS="692" WIDTH="98" HEIGHT="42" CONTENT="the" WC="0.99" CC="002"/>
						<SP ID="P23_SP00043" HPOS="673" VPOS="735" WIDTH="34"/>
						<String ID="P23_ST00048" HPOS="707" VPOS="693" WIDTH="113" HEIGHT="41" CONTENT="two" WC="0.99" CC="003"/>
						<SP ID="P23_SP00044" HPOS="820" VPOS="735" WIDTH="33"/>
						<String ID="P23_ST00049" HPOS="853" VPOS="689" WIDTH="184" HEIGHT="55" CONTENT="places" WC="0.98" CC="046500"/>
						<SP ID="P23_SP00045" HPOS="1037" VPOS="744" WIDTH="32"/>
						<String ID="P23_ST00050" HPOS="1069" VPOS="690" WIDTH="126" HEIGHT="42" CONTENT="that" WC="0.99" CC="0030"/>
						<SP ID="P23_SP00046" HPOS="1195" VPOS="744" WIDTH="32"/>
						<String ID="P23_ST00051" HPOS="1227" VPOS="702" WIDTH="147" HEIGHT="32" CONTENT="were" WC="0.96" CC="9062"/>
						<SP ID="P23_SP00047" HPOS="1374" VPOS="744" WIDTH="34"/>
						<String ID="P23_ST00052" HPOS="1408" VPOS="693" WIDTH="266" HEIGHT="50" CONTENT="prepared" WC="1.00" CC="00002000"/>
						<SP ID="P23_SP00048" HPOS="1674" VPOS="744" WIDTH="35"/>
						<String ID="P23_ST00053" HPOS="1709" VPOS="693" WIDTH="60" HEIGHT="41" CONTENT="at" WC="1.00" CC="00"/>
						<SP ID="P23_SP00049" HPOS="1769" VPOS="744" WIDTH="32"/>
						<String ID="P23_ST00054" HPOS="1801" VPOS="692" WIDTH="96" HEIGHT="42" CONTENT="the" WC="1.00" CC="000"/>
						<SP ID="P23_SP00050" HPOS="1897" VPOS="744" WIDTH="31"/>
						<String ID="P23_ST00055" HPOS="1928" VPOS="701" WIDTH="203" HEIGHT="42" CONTENT="supper" WC="0.99" CC="060010"/>
						<SP ID="P23_SP00051" HPOS="2131" VPOS="744" WIDTH="32"/>
						<String ID="P23_ST00056" HPOS="2163" VPOS="689" WIDTH="171" HEIGHT="52" CONTENT="table," WC="0.98" CC="016454"/>
						<SP ID="P23_SP00052" HPOS="2334" VPOS="744" WIDTH="33"/>
						<String ID="P23_ST00057" HPOS="2367" VPOS="692" WIDTH="104" HEIGHT="39" CONTENT="and" WC="0.96" CC="460"/>
					</TextLine>
					<TextLine ID="P23_TL00007" HPOS="180" VPOS="778" WIDTH="2294" HEIGHT="53">
						<String ID="P23_ST00058" HPOS="180" VPOS="781" WIDTH="137" HEIGHT="42" CONTENT="then" WC="1.00" CC="0000"/>
						<SP ID="P23_SP00053" HPOS="317" VPOS="823" WIDTH="36"/>
						<String ID="P23_ST00059" HPOS="353" VPOS="781" WIDTH="377" HEIGHT="43" CONTENT="remembered" WC="0.99" CC="0300061907"/>
						<SP ID="P23_SP00054" HPOS="730" VPOS="824" WIDTH="39"/>
						<String ID="P23_ST00060" HPOS="769" VPOS="781" WIDTH="129" HEIGHT="42" CONTENT="that" WC="0.98" CC="0602"/>
						<SP ID="P23_SP00055" HPOS="898" VPOS="824" WIDTH="30"/>
						<String ID="P23_ST00061" HPOS="928" VPOS="779" WIDTH="253" HEIGHT="52" CONTENT="to-night" WC="1.00" CC="03205000"/>
						<SP ID="P23_SP00056" HPOS="1181" VPOS="831" WIDTH="32"/>
						<String ID="P23_ST00062" HPOS="1213" VPOS="791" WIDTH="109" HEIGHT="30" CONTENT="was" WC="1.00" CC="000"/>
						<SP ID="P23_SP00057" HPOS="1322" VPOS="831" WIDTH="34"/>
						<String ID="P23_ST00063" HPOS="1356" VPOS="783" WIDTH="58" HEIGHT="38" CONTENT="to" WC="0.88" CC="02"/>
						<SP ID="P23_SP00058" HPOS="1414" VPOS="831" WIDTH="26"/>
						<String ID="P23_ST00064" HPOS="1440" VPOS="781" WIDTH="188" HEIGHT="43" CONTENT="decide" WC="0.99" CC="640300"/>
						<SP ID="P23_SP00059" HPOS="1628" VPOS="831" WIDTH="25"/>
						<String ID="P23_ST00065" HPOS="1653" VPOS="782" WIDTH="98" HEIGHT="42" CONTENT="her" WC="0.98" CC="003"/>
						<SP ID="P23_SP00060" HPOS="1751" VPOS="831" WIDTH="19"/>
						<String ID="P23_ST00066" HPOS="1770" VPOS="779" WIDTH="136" HEIGHT="46" CONTENT="fate." WC="0.98" CC="70052"/>
						<SP ID="P23_SP00061" HPOS="1906" VPOS="831" WIDTH="18"/>
						<String ID="P23_ST00067" HPOS="1924" VPOS="782" WIDTH="106" HEIGHT="42" CONTENT="She" WC="0.99" CC="003"/>
						<SP ID="P23_SP00062" HPOS="2030" VPOS="831" WIDTH="27"/>
						<String ID="P23_ST00068" HPOS="2057" VPOS="781" WIDTH="102" HEIGHT="42" CONTENT="had" WC="1.00" CC="000"/>
						<SP ID="P23_SP00063" HPOS="2159" VPOS="831" WIDTH="26"/>
						<String ID="P23_ST00069" HPOS="2185" VPOS="778" WIDTH="289" HEIGHT="53" CONTENT="forgotten" WC="0.98" CC="705650055"/>
					</TextLine>
					<TextLine ID="P23_TL00008" HPOS="181" VPOS="870" WIDTH="2295" HEIGHT="52">
						<String ID="P23_ST00070" HPOS="181" VPOS="871" WIDTH="46" HEIGHT="42" CONTENT="it" WC="1.00" CC="00"/>
						<SP ID="P23_SP00064" HPOS="227" VPOS="913" WIDTH="32"/>
						<String ID="P23_ST00071" HPOS="259" VPOS="870" WIDTH="99" HEIGHT="43" CONTENT="till" WC="0.96" CC="0558"/>
						<SP ID="P23_SP00065" HPOS="358" VPOS="913" WIDTH="34"/>
						<String ID="P23_ST00072" HPOS="392" VPOS="872" WIDTH="158" HEIGHT="42" CONTENT="then." WC="0.98" CC="00443"/>
						<SP ID="P23_SP00066" HPOS="550" VPOS="914" WIDTH="34"/>
						<String ID="P23_ST00073" HPOS="584" VPOS="870" WIDTH="71" HEIGHT="43" CONTENT="At" WC="1.00" CC="00"/>
						<SP ID="P23_SP00067" HPOS="655" VPOS="914" WIDTH="32"/>
						<String ID="P23_ST00074" HPOS="687" VPOS="871" WIDTH="128" HEIGHT="42" CONTENT="that" WC="0.97" CC="0670"/>
						<SP ID="P23_SP00068" HPOS="815" VPOS="914" WIDTH="32"/>
						<String ID="P23_ST00075" HPOS="847" VPOS="872" WIDTH="244" HEIGHT="41" CONTENT="moment" WC="0.98" CC="029040"/>
						<SP ID="P23_SP00069" HPOS="1091" VPOS="914" WIDTH="31"/>
						<String ID="P23_ST00076" HPOS="1122" VPOS="870" WIDTH="98" HEIGHT="43" CONTENT="the" WC="1.00" CC="000"/>
						<SP ID="P23_SP00070" HPOS="1220" VPOS="914" WIDTH="34"/>
						<String ID="P23_ST00077" HPOS="1254" VPOS="881" WIDTH="125" HEIGHT="32" CONTENT="man" WC="0.96" CC="900"/>
						<SP ID="P23_SP00071" HPOS="1379" VPOS="914" WIDTH="37"/>
						<String ID="P23_ST00078" HPOS="1416" VPOS="871" WIDTH="96" HEIGHT="43" CONTENT="she" WC="1.00" CC="000"/>
						<SP ID="P23_SP00072" HPOS="1512" VPOS="914" WIDTH="35"/>
						<String ID="P23_ST00079" HPOS="1547" VPOS="872" WIDTH="102" HEIGHT="42" CONTENT="had" WC="0.94" CC="609"/>
						<SP ID="P23_SP00073" HPOS="1649" VPOS="914" WIDTH="51"/>
						<String ID="P23_ST00080" HPOS="1700" VPOS="871" WIDTH="158" HEIGHT="46" CONTENT="loved" WC="0.98" CC="50060"/>
						<SP ID="P23_SP00074" HPOS="1858" VPOS="917" WIDTH="57"/>
						<String ID="P23_ST00081" HPOS="1915" VPOS="884" WIDTH="152" HEIGHT="30" CONTENT="came" WC="0.98" CC="0601"/>
						<SP ID="P23_SP00075" HPOS="2067" VPOS="917" WIDTH="52"/>
						<String ID="P23_ST00082" HPOS="2119" VPOS="872" WIDTH="80" HEIGHT="50" CONTENT="in," WC="0.96" CC="604"/>
						<SP ID="P23_SP00076" HPOS="2199" VPOS="922" WIDTH="52"/>
						<String ID="P23_ST00083" HPOS="2251" VPOS="873" WIDTH="106" HEIGHT="40" CONTENT="and" WC="0.97" CC="033"/>
						<SP ID="P23_SP00077" HPOS="2357" VPOS="922" WIDTH="53"/>
						<String ID="P23_ST00084" HPOS="2410" VPOS="872" WIDTH="66" HEIGHT="41" CONTENT="he" WC="1.00" CC="00"/>
					</TextLine>
					<TextLine ID="P23_TL00009" HPOS="183" VPOS="958" WIDTH="776" HEIGHT="51">
						<String ID="P23_ST00085" HPOS="183" VPOS="960" WIDTH="138" HEIGHT="49" CONTENT="said," WC="0.98" CC="06055"/>
						<SP ID="P23_SP00078" HPOS="321" VPOS="1009" WIDTH="31"/>
						<String ID="P23_ST00086" HPOS="352" VPOS="961" WIDTH="35" HEIGHT="22" CONTENT='"' WC="0.24" CC="7"/>
						<SP ID="P23_SP00079" HPOS="387" VPOS="1009" WIDTH="27"/>
						<String ID="P23_ST00087" HPOS="414" VPOS="960" WIDTH="96" HEIGHT="42" CONTENT="Am" WC="0.68" CC="42"/>
						<SP ID="P23_SP00080" HPOS="510" VPOS="1009" WIDTH="51"/>
						<String ID="P23_ST00088" HPOS="561" VPOS="961" WIDTH="19" HEIGHT="39" CONTENT="I" WC="0.49" CC="5"/>
						<SP ID="P23_SP00081" HPOS="580" VPOS="1009" WIDTH="51"/>
						<String ID="P23_ST00089" HPOS="631" VPOS="960" WIDTH="56" HEIGHT="42" CONTENT="in" WC="0.41" CC="64"/>
						<SP ID="P23_SP00082" HPOS="687" VPOS="1009" WIDTH="35"/>
						<String ID="P23_ST00090" HPOS="722" VPOS="958" WIDTH="237" HEIGHT="44" CONTENT='time?"' WC="0.99" CC="030040"/>
					</TextLine>
					<TextLine ID="P23_TL00010" HPOS="280" VPOS="1047" WIDTH="2192" HEIGHT="58">
						<String ID="P23_ST00091" HPOS="280" VPOS="1050" WIDTH="107" HEIGHT="42" CONTENT="She" WC="1.00" CC="000"/>
						<SP ID="P23_SP00083" HPOS="387" VPOS="1092" WIDTH="36"/>
						<String ID="P23_ST00092" HPOS="423" VPOS="1047" WIDTH="196" HEIGHT="45" CONTENT="looked" WC="0.97" CC="634590"/>
						<SP ID="P23_SP00084" HPOS="619" VPOS="1092" WIDTH="36"/>
						<String ID="P23_ST00093" HPOS="655" VPOS="1050" WIDTH="57" HEIGHT="41" CONTENT="at" WC="0.69" CC="60"/>
						<SP ID="P23_SP00085" HPOS="712" VPOS="1092" WIDTH="32"/>
						<String ID="P23_ST00094" HPOS="744" VPOS="1049" WIDTH="98" HEIGHT="43" CONTENT="the" WC="1.00" CC="000"/>
						<SP ID="P23_SP00086" HPOS="842" VPOS="1092" WIDTH="34"/>
						<String ID="P23_ST00095" HPOS="876" VPOS="1047" WIDTH="154" HEIGHT="45" CONTENT="clock" WC="0.97" CC="36630"/>
						<SP ID="P23_SP00087" HPOS="1030" VPOS="1092" WIDTH="34"/>
						<String ID="P23_ST00096" HPOS="1064" VPOS="1049" WIDTH="105" HEIGHT="42" CONTENT="and" WC="0.97" CC="060"/>
						<SP ID="P23_SP00088" HPOS="1169" VPOS="1092" WIDTH="36"/>
						<String ID="P23_ST00097" HPOS="1205" VPOS="1050" WIDTH="138" HEIGHT="52" CONTENT="said," WC="1.00" CC="00002"/>
						<SP ID="P23_SP00089" HPOS="1343" VPOS="1102" WIDTH="46"/>
						<String ID="P23_ST00098" HPOS="1389" VPOS="1051" WIDTH="164" HEIGHT="41" CONTENT='"You' WC="0.97" CC="6004"/>
						<SP ID="P23_SP00090" HPOS="1553" VPOS="1102" WIDTH="38"/>
						<String ID="P23_ST00099" HPOS="1591" VPOS="1061" WIDTH="93" HEIGHT="32" CONTENT="are" WC="1.00" CC="000"/>
						<SP ID="P23_SP00091" HPOS="1684" VPOS="1102" WIDTH="52"/>
						<String ID="P23_ST00100" HPOS="1736" VPOS="1052" WIDTH="54" HEIGHT="41" CONTENT="in" WC="0.31" CC="66"/>
						<SP ID="P23_SP00092" HPOS="1790" VPOS="1102" WIDTH="55"/>
						<String ID="P23_ST00101" HPOS="1845" VPOS="1052" WIDTH="170" HEIGHT="50" CONTENT="time;" WC="0.99" CC="05002"/>
						<SP ID="P23_SP00093" HPOS="2015" VPOS="1102" WIDTH="54"/>
						<String ID="P23_ST00102" HPOS="2069" VPOS="1054" WIDTH="100" HEIGHT="40" CONTENT="but" WC="0.97" CC="620"/>
						<SP ID="P23_SP00094" HPOS="2169" VPOS="1102" WIDTH="47"/>
						<String ID="P23_ST00103" HPOS="2216" VPOS="1063" WIDTH="107" HEIGHT="42" CONTENT="you" WC="0.97" CC="044"/>
						<SP ID="P23_SP00095" HPOS="2323" VPOS="1105" WIDTH="53"/>
						<String ID="P23_ST00104" HPOS="2376" VPOS="1061" WIDTH="96" HEIGHT="32" CONTENT="are" WC="0.94" CC="752"/>
					</TextLine>
					<TextLine ID="P23_TL00011" HPOS="179" VPOS="1139" WIDTH="2290" HEIGHT="50">
						<String ID="P23_ST00105" HPOS="179" VPOS="1140" WIDTH="114" HEIGHT="49" CONTENT="just" WC="0.98" CC="7000"/>
						<SP ID="P23_SP00096" HPOS="293" VPOS="1189" WIDTH="33"/>
						<String ID="P23_ST00106" HPOS="326" VPOS="1141" WIDTH="93" HEIGHT="41" CONTENT="too" WC="0.94" CC="637"/>
						<SP ID="P23_SP00097" HPOS="419" VPOS="1189" WIDTH="35"/>
						<String ID="P23_ST00107" HPOS="454" VPOS="1139" WIDTH="187" HEIGHT="43" CONTENT='late."' WC="0.98" CC="820032"/>
						<SP ID="P23_SP00098" HPOS="641" VPOS="1189" WIDTH="779"/>
						<String ID="P23_ST00108" HPOS="1420" VPOS="1150" WIDTH="63" HEIGHT="33" CONTENT="JZ?" WC="0.30" CC="776" STYLEREFS="TXT_3"/>
						<SP ID="P23_SP00099" HPOS="1483" VPOS="1189" WIDTH="428"/>
						<String ID="P23_ST00109" HPOS="1911" VPOS="1150" WIDTH="64" HEIGHT="35" CONTENT="&amp;" WC="0.14" CC="8"/>
						<SP ID="P23_SP00100" HPOS="1975" VPOS="1189" WIDTH="184"/>
						<String ID="P23_ST00110" HPOS="2159" VPOS="1150" WIDTH="63" HEIGHT="35" CONTENT="£?" WC="0.24" CC="68"/>
						<SP ID="P23_SP00101" HPOS="2222" VPOS="1189" WIDTH="183"/>
						<String ID="P23_ST00111" HPOS="2405" VPOS="1149" WIDTH="64" HEIGHT="36" CONTENT="&amp;" WC="0.14" CC="8"/>
					</TextLine>
				</TextBlock>
				<TextBlock ID="P23_TB00004" HPOS="414" VPOS="1622" WIDTH="826" HEIGHT="52" STYLEREFS="TXT_4 PAR_LEFT">
					<TextLine ID="P23_TL00012" HPOS="418" VPOS="1623" WIDTH="819" HEIGHT="49">
						<String ID="P23_ST00112" HPOS="418" VPOS="1623" WIDTH="236" HEIGHT="49" CONTENT="TWO" WC="0.97" CC="600"/>
						<SP ID="P23_SP00102" HPOS="654" VPOS="1672" WIDTH="72"/>
						<String ID="P23_ST00113" HPOS="726" VPOS="1623" WIDTH="511" HEIGHT="47" CONTENT="SAYINGS" WC="1.00" CC="0060000"/>
					</TextLine>
				</TextBlock>
				<TextBlock ID="P23_TB00005" HPOS="1310" VPOS="1622" WIDTH="959" HEIGHT="61" STYLEREFS="TXT_4 PAR_RIGHT">
					<TextLine ID="P23_TL00013" HPOS="1322" VPOS="1623" WIDTH="922" HEIGHT="60">
						<String ID="P23_ST00114" HPOS="1322" VPOS="1626" WIDTH="112" HEIGHT="57" CONTENT="by" WC="0.07" CC="89"/>
						<SP ID="P23_SP00103" HPOS="1434" VPOS="1683" WIDTH="71"/>
						<String ID="P23_ST00115" HPOS="1505" VPOS="1625" WIDTH="314" HEIGHT="45" CONTENT="Oscar" WC="0.98" CC="60054"/>
						<SP ID="P23_SP00104" HPOS="1819" VPOS="1683" WIDTH="85"/>
						<String ID="P23_ST00116" HPOS="1904" VPOS="1623" WIDTH="340" HEIGHT="46" CONTENT="Wilde." WC="0.97" CC="433167"/>
					</TextLine>
				</TextBlock>
				<TextBlock ID="P23_TB00006" HPOS="183" VPOS="1765" WIDTH="2275" HEIGHT="143" STYLEREFS="TXT_2 PAR_LEFT">
					<TextLine ID="P23_TL00014" HPOS="184" VPOS="1766" WIDTH="2274" HEIGHT="91">
						<String ID="P23_ST00117" HPOS="184" VPOS="1766" WIDTH="259" HEIGHT="91" CONTENT="geauty" WC="0.81" CC="400600"/>
						<SP ID="P23_SP00105" HPOS="443" VPOS="1857" WIDTH="32"/>
						<String ID="P23_ST00118" HPOS="475" VPOS="1770" WIDTH="45" HEIGHT="40" CONTENT="is" WC="0.89" CC="20"/>
						<SP ID="P23_SP00106" HPOS="520" VPOS="1857" WIDTH="33"/>
						<String ID="P23_ST00119" HPOS="553" VPOS="1779" WIDTH="28" HEIGHT="30" CONTENT="a" WC="1.00" CC="0"/>
						<SP ID="P23_SP00107" HPOS="581" VPOS="1857" WIDTH="32"/>
						<String ID="P23_ST00120" HPOS="613" VPOS="1766" WIDTH="144" HEIGHT="44" CONTENT="form" WC="0.97" CC="7400"/>
						<SP ID="P23_SP00108" HPOS="757" VPOS="1857" WIDTH="35"/>
						<String ID="P23_ST00121" HPOS="792" VPOS="1767" WIDTH="55" HEIGHT="45" CONTENT="of" WC="0.70" CC="50"/>
						<SP ID="P23_SP00109" HPOS="847" VPOS="1857" WIDTH="33"/>
						<String ID="P23_ST00122" HPOS="880" VPOS="1768" WIDTH="261" HEIGHT="45" CONTENT="Genius..." WC="0.99" CC="850030433"/>
						<SP ID="P23_SP00110" HPOS="1141" VPOS="1857" WIDTH="36"/>
						<String ID="P23_ST00123" HPOS="1177" VPOS="1771" WIDTH="43" HEIGHT="41" CONTENT="is" WC="1.00" CC="00"/>
						<SP ID="P23_SP00111" HPOS="1220" VPOS="1857" WIDTH="37"/>
						<String ID="P23_ST00124" HPOS="1257" VPOS="1770" WIDTH="213" HEIGHT="52" CONTENT="higher," WC="0.98" CC="4791053"/>
						<SP ID="P23_SP00112" HPOS="1470" VPOS="1857" WIDTH="26"/>
						<String ID="P23_ST00125" HPOS="1496" VPOS="1768" WIDTH="213" HEIGHT="52" CONTENT="indeed," WC="0.98" CC="4501090"/>
						<SP ID="P23_SP00113" HPOS="1709" VPOS="1857" WIDTH="26"/>
						<String ID="P23_ST00126" HPOS="1735" VPOS="1768" WIDTH="134" HEIGHT="42" CONTENT="than" WC="0.97" CC="2370"/>
						<SP ID="P23_SP00114" HPOS="1869" VPOS="1857" WIDTH="26"/>
						<String ID="P23_ST00127" HPOS="1895" VPOS="1768" WIDTH="223" HEIGHT="50" CONTENT="Genius," WC="0.97" CC="6667504"/>
						<SP ID="P23_SP00115" HPOS="2118" VPOS="1857" WIDTH="24"/>
						<String ID="P23_ST00128" HPOS="2142" VPOS="1779" WIDTH="59" HEIGHT="31" CONTENT="as" WC="1.00" CC="00"/>
						<SP ID="P23_SP00116" HPOS="2201" VPOS="1857" WIDTH="24"/>
						<String ID="P23_ST00129" HPOS="2225" VPOS="1768" WIDTH="44" HEIGHT="41" CONTENT="it" WC="1.00" CC="00"/>
						<SP ID="P23_SP00117" HPOS="2269" VPOS="1857" WIDTH="24"/>
						<String ID="P23_ST00130" HPOS="2293" VPOS="1768" WIDTH="165" HEIGHT="44" CONTENT="needs" WC="0.98" CC="23050"/>
					</TextLine>
					<TextLine ID="P23_TL00015" HPOS="275" VPOS="1856" WIDTH="2183" HEIGHT="52">
						<String ID="P23_ST00131" HPOS="275" VPOS="1869" WIDTH="69" HEIGHT="30" CONTENT="no" WC="0.63" CC="70"/>
						<SP ID="P23_SP00118" HPOS="344" VPOS="1899" WIDTH="34"/>
						<String ID="P23_ST00132" HPOS="378" VPOS="1856" WIDTH="374" HEIGHT="52" CONTENT="explanation." WC="0.99" CC="150590000033"/>
						<SP ID="P23_SP00119" HPOS="752" VPOS="1908" WIDTH="162"/>
						<String ID="P23_ST00133" HPOS="914" VPOS="1865" WIDTH="65" HEIGHT="35" CONTENT="zg?" WC="0.13" CC="798"/>
						<SP ID="P23_SP00120" HPOS="979" VPOS="1908" WIDTH="427"/>
						<String ID="P23_ST00134" HPOS="1406" VPOS="1867" WIDTH="63" HEIGHT="35" CONTENT="zz?" WC="0.26" CC="777"/>
						<SP ID="P23_SP00121" HPOS="1469" VPOS="1908" WIDTH="187"/>
						<String ID="P23_ST00135" HPOS="1656" VPOS="1866" WIDTH="65" HEIGHT="34" CONTENT="jg?" WC="0.12" CC="898"/>
						<SP ID="P23_SP00122" HPOS="1721" VPOS="1908" WIDTH="180"/>
						<String ID="P23_ST00136" HPOS="1901" VPOS="1865" WIDTH="65" HEIGHT="35" CONTENT="&amp;" WC="0.14" CC="8"/>
						<SP ID="P23_SP00123" HPOS="1966" VPOS="1908" WIDTH="181"/>
						<String ID="P23_ST00137" HPOS="2147" VPOS="1866" WIDTH="65" HEIGHT="36" CONTENT="zgr" WC="0.47" CC="708"/>
						<SP ID="P23_SP00124" HPOS="2212" VPOS="1908" WIDTH="182"/>
						<String ID="P23_ST00138" HPOS="2394" VPOS="1865" WIDTH="64" HEIGHT="35" CONTENT="/zr" WC="0.10" CC="898"/>
					</TextLine>
				</TextBlock>
				<TextBlock ID="P23_TB00007" HPOS="170" VPOS="2122" WIDTH="2289" HEIGHT="326" STYLEREFS="TXT_2 PAR_RIGHT">
					<TextLine ID="P23_TL00016" HPOS="198" VPOS="2124" WIDTH="2261" HEIGHT="55">
						<String ID="P23_ST00139" HPOS="198" VPOS="2124" WIDTH="107" HEIGHT="43" CONTENT="An" WC="0.58" CC="71"/>
						<SP ID="P23_SP00125" HPOS="305" VPOS="2167" WIDTH="22"/>
						<String ID="P23_ST00140" HPOS="327" VPOS="2126" WIDTH="167" HEIGHT="41" CONTENT="artist" WC="0.98" CC="236600"/>
						<SP ID="P23_SP00126" HPOS="494" VPOS="2167" WIDTH="31"/>
						<String ID="P23_ST00141" HPOS="525" VPOS="2124" WIDTH="196" HEIGHT="45" CONTENT="should" WC="0.99" CC="000075"/>
						<SP ID="P23_SP00127" HPOS="721" VPOS="2169" WIDTH="37"/>
						<String ID="P23_ST00142" HPOS="758" VPOS="2128" WIDTH="184" HEIGHT="41" CONTENT="create" WC="0.98" CC="662306"/>
						<SP ID="P23_SP00128" HPOS="942" VPOS="2169" WIDTH="36"/>
						<String ID="P23_ST00143" HPOS="978" VPOS="2124" WIDTH="269" HEIGHT="46" CONTENT="beautiful" WC="0.98" CC="610244746"/>
						<SP ID="P23_SP00129" HPOS="1247" VPOS="2170" WIDTH="34"/>
						<String ID="P23_ST00144" HPOS="1281" VPOS="2127" WIDTH="207" HEIGHT="52" CONTENT="things," WC="0.99" CC="0001672"/>
						<SP ID="P23_SP00130" HPOS="1488" VPOS="2179" WIDTH="34"/>
						<String ID="P23_ST00145" HPOS="1522" VPOS="2128" WIDTH="102" HEIGHT="41" CONTENT="but" WC="0.97" CC="620"/>
						<SP ID="P23_SP00131" HPOS="1624" VPOS="2179" WIDTH="32"/>
						<String ID="P23_ST00146" HPOS="1656" VPOS="2126" WIDTH="194" HEIGHT="43" CONTENT="should" WC="0.98" CC="041064"/>
						<SP ID="P23_SP00132" HPOS="1850" VPOS="2179" WIDTH="36"/>
						<String ID="P23_ST00147" HPOS="1886" VPOS="2128" WIDTH="101" HEIGHT="51" CONTENT="put" WC="0.98" CC="500"/>
						<SP ID="P23_SP00133" HPOS="1987" VPOS="2179" WIDTH="33"/>
						<String ID="P23_ST00148" HPOS="2020" VPOS="2127" WIDTH="235" HEIGHT="52" CONTENT="nothing" WC="0.98" CC="1050059"/>
						<SP ID="P23_SP00134" HPOS="2255" VPOS="2179" WIDTH="33"/>
						<String ID="P23_ST00149" HPOS="2288" VPOS="2124" WIDTH="56" HEIGHT="45" CONTENT="of" WC="0.64" CC="07"/>
						<SP ID="P23_SP00135" HPOS="2344" VPOS="2179" WIDTH="33"/>
						<String ID="P23_ST00150" HPOS="2377" VPOS="2127" WIDTH="82" HEIGHT="42" CONTENT="his" WC="0.99" CC="030"/>
					</TextLine>
					<TextLine ID="P23_TL00017" HPOS="268" VPOS="2212" WIDTH="2191" HEIGHT="56">
						<String ID="P23_ST00151" HPOS="268" VPOS="2225" WIDTH="123" HEIGHT="31" CONTENT="own" WC="0.94" CC="553"/>
						<SP ID="P23_SP00136" HPOS="391" VPOS="2256" WIDTH="37"/>
						<String ID="P23_ST00152" HPOS="428" VPOS="2212" WIDTH="94" HEIGHT="44" CONTENT="life" WC="0.96" CC="7670"/>
						<SP ID="P23_SP00137" HPOS="522" VPOS="2256" WIDTH="34"/>
						<String ID="P23_ST00153" HPOS="556" VPOS="2214" WIDTH="121" HEIGHT="42" CONTENT="into" WC="0.98" CC="8000"/>
						<SP ID="P23_SP00138" HPOS="677" VPOS="2256" WIDTH="33"/>
						<String ID="P23_ST00154" HPOS="710" VPOS="2216" WIDTH="174" HEIGHT="43" CONTENT="them." WC="1.00" CC="00003"/>
						<SP ID="P23_SP00139" HPOS="884" VPOS="2259" WIDTH="31"/>
						<String ID="P23_ST00155" HPOS="915" VPOS="2217" WIDTH="94" HEIGHT="42" CONTENT="We" WC="0.87" CC="20"/>
						<SP ID="P23_SP00140" HPOS="1009" VPOS="2259" WIDTH="35"/>
						<String ID="P23_ST00156" HPOS="1044" VPOS="2214" WIDTH="105" HEIGHT="44" CONTENT="live" WC="0.97" CC="8700"/>
						<SP ID="P23_SP00141" HPOS="1149" VPOS="2259" WIDTH="36"/>
						<String ID="P23_ST00157" HPOS="1185" VPOS="2216" WIDTH="54" HEIGHT="42" CONTENT="in" WC="0.35" CC="75"/>
						<SP ID="P23_SP00142" HPOS="1239" VPOS="2259" WIDTH="36"/>
						<String ID="P23_ST00158" HPOS="1275" VPOS="2227" WIDTH="67" HEIGHT="31" CONTENT="an" WC="0.17" CC="97"/>
						<SP ID="P23_SP00143" HPOS="1342" VPOS="2259" WIDTH="36"/>
						<String ID="P23_ST00159" HPOS="1378" VPOS="2227" WIDTH="97" HEIGHT="41" CONTENT="age" WC="1.00" CC="000"/>
						<SP ID="P23_SP00144" HPOS="1475" VPOS="2268" WIDTH="35"/>
						<String ID="P23_ST00160" HPOS="1510" VPOS="2216" WIDTH="157" HEIGHT="42" CONTENT="when" WC="0.95" CC="9706"/>
						<SP ID="P23_SP00145" HPOS="1667" VPOS="2268" WIDTH="38"/>
						<String ID="P23_ST00161" HPOS="1705" VPOS="2226" WIDTH="124" HEIGHT="32" CONTENT="men" WC="0.96" CC="442"/>
						<SP ID="P23_SP00146" HPOS="1829" VPOS="2268" WIDTH="33"/>
						<String ID="P23_ST00162" HPOS="1862" VPOS="2217" WIDTH="152" HEIGHT="41" CONTENT="treat" WC="1.00" CC="01000"/>
						<SP ID="P23_SP00147" HPOS="2014" VPOS="2268" WIDTH="52"/>
						<String ID="P23_ST00163" HPOS="2066" VPOS="2218" WIDTH="90" HEIGHT="40" CONTENT="art" WC="0.97" CC="080"/>
						<SP ID="P23_SP00148" HPOS="2156" VPOS="2268" WIDTH="52"/>
						<String ID="P23_ST00164" HPOS="2208" VPOS="2226" WIDTH="59" HEIGHT="32" CONTENT="as" WC="0.94" CC="00"/>
						<SP ID="P23_SP00149" HPOS="2267" VPOS="2268" WIDTH="54"/>
						<String ID="P23_ST00165" HPOS="2321" VPOS="2214" WIDTH="41" HEIGHT="42" CONTENT="if" WC="0.34" CC="66"/>
						<SP ID="P23_SP00150" HPOS="2362" VPOS="2268" WIDTH="53"/>
						<String ID="P23_ST00166" HPOS="2415" VPOS="2214" WIDTH="44" HEIGHT="44" CONTENT="It" WC="0.35" CC="84"/>
					</TextLine>
					<TextLine ID="P23_TL00018" HPOS="174" VPOS="2303" WIDTH="2285" HEIGHT="56">
						<String ID="P23_ST00167" HPOS="174" VPOS="2315" WIDTH="144" HEIGHT="32" CONTENT="were" WC="0.96" CC="9505"/>
						<SP ID="P23_SP00151" HPOS="318" VPOS="2347" WIDTH="36"/>
						<String ID="P23_ST00168" HPOS="354" VPOS="2308" WIDTH="189" HEIGHT="39" CONTENT="meant" WC="0.98" CC="00470"/>
						<SP ID="P23_SP00152" HPOS="543" VPOS="2347" WIDTH="31"/>
						<String ID="P23_ST00169" HPOS="574" VPOS="2306" WIDTH="59" HEIGHT="42" CONTENT="to" WC="0.77" CC="04"/>
						<SP ID="P23_SP00153" HPOS="633" VPOS="2348" WIDTH="36"/>
						<String ID="P23_ST00170" HPOS="669" VPOS="2306" WIDTH="66" HEIGHT="42" CONTENT="be" WC="0.38" CC="65"/>
						<SP ID="P23_SP00154" HPOS="735" VPOS="2348" WIDTH="33"/>
						<String ID="P23_ST00171" HPOS="768" VPOS="2317" WIDTH="31" HEIGHT="31" CONTENT="a" WC="1.00" CC="0"/>
						<SP ID="P23_SP00155" HPOS="799" VPOS="2348" WIDTH="33"/>
						<String ID="P23_ST00172" HPOS="832" VPOS="2305" WIDTH="141" HEIGHT="43" CONTENT="form" WC="0.96" CC="6460"/>
						<SP ID="P23_SP00156" HPOS="973" VPOS="2348" WIDTH="35"/>
						<String ID="P23_ST00173" HPOS="1008" VPOS="2303" WIDTH="56" HEIGHT="45" CONTENT="of" WC="0.37" CC="57"/>
						<SP ID="P23_SP00157" HPOS="1064" VPOS="2348" WIDTH="30"/>
						<String ID="P23_ST00174" HPOS="1094" VPOS="2306" WIDTH="453" HEIGHT="53" CONTENT="autobiography." WC="0.99" CC="45056840505632"/>
						<SP ID="P23_SP00158" HPOS="1547" VPOS="2359" WIDTH="34"/>
						<String ID="P23_ST00175" HPOS="1581" VPOS="2306" WIDTH="94" HEIGHT="43" CONTENT="We" WC="0.91" CC="10"/>
						<SP ID="P23_SP00159" HPOS="1675" VPOS="2359" WIDTH="51"/>
						<String ID="P23_ST00176" HPOS="1726" VPOS="2306" WIDTH="136" HEIGHT="43" CONTENT="have" WC="0.99" CC="0032"/>
						<SP ID="P23_SP00160" HPOS="1862" VPOS="2359" WIDTH="50"/>
						<String ID="P23_ST00177" HPOS="1912" VPOS="2305" WIDTH="110" HEIGHT="43" CONTENT="lost" WC="0.98" CC="7000"/>
						<SP ID="P23_SP00161" HPOS="2022" VPOS="2359" WIDTH="45"/>
						<String ID="P23_ST00178" HPOS="2067" VPOS="2306" WIDTH="97" HEIGHT="42" CONTENT="the" WC="1.00" CC="000"/>
						<SP ID="P23_SP00162" HPOS="2164" VPOS="2359" WIDTH="49"/>
						<String ID="P23_ST00179" HPOS="2213" VPOS="2306" WIDTH="246" HEIGHT="41" CONTENT="abstract" WC="0.99" CC="04002600"/>
					</TextLine>
					<TextLine ID="P23_TL00019" HPOS="175" VPOS="2394" WIDTH="495" HEIGHT="54">
						<String ID="P23_ST00180" HPOS="175" VPOS="2405" WIDTH="161" HEIGHT="32" CONTENT="sense" WC="0.97" CC="30760"/>
						<SP ID="P23_SP00163" HPOS="336" VPOS="2437" WIDTH="35"/>
						<String ID="P23_ST00181" HPOS="371" VPOS="2394" WIDTH="54" HEIGHT="43" CONTENT="of" WC="0.38" CC="65"/>
						<SP ID="P23_SP00164" HPOS="425" VPOS="2437" WIDTH="27"/>
						<String ID="P23_ST00182" HPOS="452" VPOS="2396" WIDTH="218" HEIGHT="52" CONTENT="beauty;" WC="0.99" CC="0021126"/>
					</TextLine>
				</TextBlock>
				<ComposedBlock ID="P23_CB00001" HPOS="1273" VPOS="1358" WIDTH="102" HEIGHT="96" STYLEREFS="TXT_5 PAR_LEFT" TYPE="Illustration">
					<GraphicalElement ID="P23_CB00001_SUB" HPOS="1273" VPOS="1358" WIDTH="102" HEIGHT="96"/>
				</ComposedBlock>
				<ComposedBlock ID="P23_CB00002" HPOS="1144" VPOS="2762" WIDTH="344" HEIGHT="306" STYLEREFS="TXT_5 PAR_LEFT" TYPE="Illustration">
					<GraphicalElement ID="P23_CB00002_SUB" HPOS="1144" VPOS="2762" WIDTH="344" HEIGHT="306"/>
				</ComposedBlock>
			</PrintSpace>
		</Page>
	</Layout>
</alto>
