2649 3797
601 287 66 55 R.
701 290 60 46 L.
793 289 57 47 S.
884 290 167 48 AND
1085 291 150 48 THE
1265 294 271 54 DRAMA
1581 295 99 47 OF

2396 314 72 44 75

171 390 190 46 drama
385 394 225 46 marked
637 398 69 52 by
739 400 33 21 44
798 399 95 43 the
926 412 263 40 presence
1216 402 56 44 of
1294 416 30 30 a
1348 407 159 49 great
1529 404 159 55 unity
1712 404 55 43 of
1788 408 164 49 gusto
1974 416 14 33 :
2025 405 56 44 of
2101 408 160 43 those
2285 409 183 43 direct

164 479 33 20 44
229 479 273 57 eiap-trap
535 485 241 54 appeals,
808 488 178 43 which
1021 501 31 30 a
1087 502 124 30 man
1245 492 46 43 is
1325 493 133 43 dead
1494 496 104 40 and
1653 494 247 45 buriable
1951 497 159 43 when
2147 498 67 42 he
2247 497 124 44 fails
2407 501 60 40 to

229 579 248 44 answer;
512 574 53 42 of
599 577 95 40 the
726 574 262 55 footlight
1035 578 270 55 glamour,
1354 582 98 42 the
1496 584 380 58 ready-made,
1931 586 335 52 bare-faced,
2302 591 127 40 tran-

233 663 259 50 spontine
525 666 369 54 picturesque,
929 680 30 30 a
991 670 160 52 thing
1185 672 97 41 not
1316 682 104 32 one
1453 675 135 42 with
1623 675 117 43 cold
1776 677 216 54 reality,
2027 680 101 42 but
2162 680 121 42 how
2307 680 160 43 much

470 755 57 42 to
560 755 96 42 the
1171 767 1296 46 &&&&&&

276 844 121 49 Yes,
428 845 127 42 that
586 856 110 31 was
731 856 104 32 one
898 845 56 43 of
991 849 95 40 the
1142 847 216 45 noblest
1411 851 258 52 qualities
1722 854 56 44 of
1825 858 33 24 44
1880 858 256 54 Skeltery
2266 860 46 42 it
2363 859 104 43 had

179 932 235 54 nothing
446 934 55 42 in
538 945 246 31 common
818 935 134 42 with
988 938 33 22 44
1046 935 115 43 cold
1198 939 201 53 reality
1692 945 199 55 reality
1914 948 175 43 which
2117 949 96 43 has
2238 949 230 52 nothing

177 1024 60 41 to
271 1024 67 41 do
374 1024 133 41 with
543 1025 108 41 art.

275 1113 203 42 Skelt's
510 1112 167 43 world
705 1124 109 32 was
837 1125 29 31 a
893 1125 120 32 new
1037 1118 277 49 creation;
1339 1118 91 44 it's
1453 1123 319 49 vegetation
1797 1138 111 31 was
1933 1128 243 50 peculiar
2199 1131 57 39 to
2283 1127 151 44 itself
2455 1137 13 39 ;

179 1200 92 44 it's
304 1200 241 54 physical
581 1203 287 42 structure
903 1204 204 51 unique
1128 1216 14 39 ;
1176 1207 96 42 the
1306 1207 142 52 light
1480 1211 178 44 which
1692 1212 283 47 illumined
2009 1217 49 42 it
2088 1230 115 30 was
2236 1218 133 42 such
2403 1228 59 32 as

181 1299 166 34 never
378 1292 172 41 shone
586 1302 68 32 on
690 1292 126 42 land
853 1303 62 32 or
948 1305 113 39 sea;
1095 1294 74 44 its
1203 1297 304 43 occidental
1542 1312 246 45 scenery,
1837 1306 53 40 in
1942 1307 177 42 which
2168 1306 174 53 Skelt,
2375 1305 90 44 for

179 1379 72 42 all
276 1379 81 44 his
383 1381 235 43 oriental
642 1385 146 50 vein,
809 1396 112 30 was
946 1387 144 41 most
1112 1387 237 51 himself,
1371 1391 33 19 44
1425 1391 104 42 had
1555 1404 30 30 a
1606 1395 195 52 strong
1824 1393 215 46 flavour
2062 1396 54 43 of
2139 1396 246 53 England

181 1480 110 30 was
325 1472 31 22 44
381 1482 30 31 a
442 1473 120 40 sort
595 1471 54 43 of
681 1472 337 55 indigestion
1054 1473 55 45 of
1142 1476 244 53 England
1421 1481 106 42 and
1564 1482 353 54 drop-scenes
2034 1487 97 41 but
2180 1486 284 52 charming

183 1559 214 43 withal.

182 1655 65 36 4&
281 1650 32 20 44
341 1650 128 42 How
581 1653 188 41 writes
800 1654 326 49 Stevenson,
1164 1656 34 23 44
1221 1656 96 42 the
1350 1659 163 42 roads
1568 1661 252 49 wander;
1857 1663 121 40 how
2009 1664 98 42 the
2164 1663 167 43 castle
2365 1664 102 42 sits

182 1739 33 20 44
242 1749 144 41 upon
422 1740 95 42 the
554 1740 116 52 hill,
705 1743 121 42 how
859 1744 95 41 the
987 1754 104 32 sun
1128 1747 273 41 eradiates
1433 1745 141 45 from
1613 1750 198 42 behind
1844 1753 96 41 the
1975 1752 179 53 cloud,
2190 1755 104 40 and
2346 1755 122 41 how

181 1828 29 24 44
239 1828 97 42 the
355 1832 363 49 congregated
743 1830 187 45 clouds
954 1833 329 44 themselves
1307 1837 225 52 up-roll,
1554 1849 57 32 as
1635 1838 120 43 stiff
1778 1852 57 32 as
1861 1842 253 43 bolstersl
2142 1844 138 41 Here
2305 1844 44 41 is
2373 1844 95 42 the

179 1907 13 20 '
202 1918 14 20 4
240 1919 220 52 cottage
498 1922 253 52 interior,
781 1922 98 43 the
915 1923 156 42 usual
1108 1922 128 46 first
1269 1923 121 56 flat,
1423 1927 134 43 with
1593 1929 95 42 the
1711 1929 155 44 cloak
1899 1943 142 40 upon
2076 1934 95 41 the
2206 1933 131 52 nail,
2370 1934 95 42 the

179 2007 30 21 44
239 2008 238 43 rosaries
511 2009 54 42 of
599 2009 217 54 onions,
847 2011 96 43 the
977 2023 110 41 gun
1122 2016 104 39 and
1253 2017 386 48 powder-horn
1665 2021 104 40 and
1795 2031 197 32 corner
2016 2023 293 51 cupboard;
2333 2025 131 42 here

179 2097 35 24 44
247 2098 47 42 is
325 2098 96 42 the
454 2100 117 52 inn,
602 2101 137 53 (this
774 2102 190 42 drama
999 2105 148 40 must
1181 2106 64 41 be
1282 2107 261 52 nautical,
1578 2110 17 40 1
1630 2108 209 45 foresee
1876 2111 122 44 Luff
2031 2114 103 40 and
2173 2114 130 41 Bold
2355 2115 110 42 Bob

181 2188 34 23 44
249 2188 295 54 Bowsprit)
574 2190 135 43 with
743 2192 96 41 the
874 2194 94 40 red
1006 2194 238 49 curtain,
1275 2195 173 53 pipes,
1482 2197 294 54 spittoons,
1810 2201 104 41 and
1954 2202 284 54 eight-day
2293 2202 171 54 clock;

182 2281 32 21 44
243 2281 103 41 and
379 2280 160 42 there
573 2282 160 50 again
769 2282 45 42 is
847 2282 126 42 that
1005 2282 324 53 impressive
1364 2288 253 52 dungeon
1653 2290 132 42 with
1819 2291 94 42 the
1946 2293 189 43 chains
2158 2294 174 43 which
2357 2305 111 33 was

183 2370 32 20 44
239 2379 60 33 so
332 2368 114 43 dull
479 2370 59 41 to
572 2370 207 43 colour.
816 2371 265 52 England,
1114 2375 97 41 the
1246 2376 294 51 hedgerow
1575 2379 158 52 elms,
1766 2380 95 42 the
1893 2382 122 41 thin
2053 2382 153 44 brick
2243 2385 219 50 houses,

183 2460 33 23 44
242 2458 316 54 windmills,
590 2462 259 50 glimpses
883 2462 56 43 of
973 2465 95 42 the
1105 2464 283 53 navigable
1421 2464 286 56 Thames,..
1743 2469 265 52 England,
2042 2473 158 42 when
2250 2477 58 39 at
2360 2474 108 45 last

183 2552 33 21 44
242 2549 17 41 I
295 2559 151 32 came
480 2550 59 41 to
572 2552 132 40 visit
737 2552 62 49 it,
849 2564 111 31 was
1018 2554 128 52 only
1176 2553 158 43 Skelt
1366 2556 156 41 made
1557 2557 238 43 evident:
1828 2561 60 40 to
1937 2571 149 33 cross
2117 2562 97 42 the
2269 2564 199 42 border

182 2641 33 22 44
242 2651 129 40 was,
404 2638 85 43 for
522 2641 94 42 the
668 2642 310 53 Scotsman,
1011 2644 55 41 to
1101 2655 152 31 come
1287 2644 159 42 home
1477 2647 60 39 to
1570 2644 173 45 Skelt:
1777 2648 160 43 there
1970 2662 111 32 was
2101 2652 96 42 the
2218 2653 247 54 inn-sign

181 2731 35 20 44
242 2730 104 41 and
380 2730 158 41 there
572 2730 95 43 the
703 2731 160 43 horse
896 2732 222 52 trough,
1152 2731 70 43 all
1256 2731 412 47 foreshadowed
1721 2737 55 41 in
1828 2737 94 43 the
1973 2736 223 47 faithful
2251 2742 156 46 Skelt

278 2820 36 21 44
350 2820 165 42 What
546 2831 86 31 am
808 2821 67 42 he
931 2821 144 42 cries
1108 2821 56 42 in
1221 2820 340 54 conclusion,
1594 2825 33 23 44
1648 2825 151 43 what
1830 2837 94 32 are
1959 2826 113 55 life,
2105 2832 108 51 art,
2246 2831 222 57 letters,

179 2910 35 21 44
244 2909 94 43 the
371 2909 193 53 world,
597 2911 101 41 but
728 2912 151 41 what
911 2924 89 40 my
1030 2910 158 43 Skelt
1241 2911 97 42 has
1373 2914 155 40 made
1561 2914 153 42 them
1735 2914 27 43 ?
1815 2916 76 42 He
1943 2919 249 52 stamped
2248 2921 219 45 himself

183 3000 33 23 44
243 3008 143 40 upon
423 3010 88 40 my
544 3000 366 53 immaturity.
943 3001 109 42 The
1086 3003 169 40 world
1289 3013 111 30 was
1433 3001 147 52 plain
1616 3003 185 44 before
1835 3006 21 41 I
1890 3005 160 46 knew
2100 3009 132 53 him,
2267 3023 31 30 a
2331 3024 136 41 poor

182 3090 34 22 44
240 3098 182 43 penny
452 3088 171 44 world
644 3102 14 38 ;
692 3091 100 44 but
823 3103 132 32 soon
992 3093 43 40 it
1067 3102 112 31 was
1212 3090 71 42 all
1315 3090 255 43 coloured
1606 3094 132 42 with
1775 3105 275 37 romance.
2084 3099 46 43 If
2152 3102 19 40 I
2199 3112 64 40 go
2285 3103 60 42 to
2366 3103 97 43 the

182 3178 33 23 44
240 3178 220 43 theatre
496 3180 57 42 to
587 3191 92 33 see
712 3192 29 32 a
775 3182 138 52 good
948 3180 87 44 old
1072 3180 349 51 melodrama,
1457 3184 90 41 'tis
1581 3184 101 42 but
1712 3184 159 43 Skelt
1907 3197 30 32 a
1971 3185 146 46 little
2150 3189 181 46 faded.
2366 3192 45 43 If
2443 3193 19 42 I

179 3268 35 24 44
238 3268 133 42 visit
402 3279 31 31 a
466 3268 122 43 bold
624 3281 161 31 scene
821 3272 53 39 in
912 3272 219 49 nature,
1164 3269 153 43 Skelt
1350 3271 178 43 would
1566 3273 136 43 have
1736 3276 138 42 been
1908 3277 222 43 bolder:
2163 3281 159 42 there
2357 3282 103 44 had

179 3359 33 22 44
239 3358 136 42 been
409 3358 268 52 certainly
712 3371 30 29 a
775 3359 171 42 castle
981 3370 68 31 on
1084 3358 124 43 that
1242 3362 305 49 mountain,
1581 3363 105 42 and
1720 3365 95 43 the
1851 3366 197 43 hollow
2096 3370 197 44 tree....
2341 3372 123 43 that

179 3450 33 19 44
237 3448 87 41 set
356 3448 208 51 piece...
571 3448 38 44 .1
643 3458 147 34 seem
823 3450 60 40 to
919 3450 129 43 miss
1081 3450 45 42 it
1157 3451 56 43 in
1246 3451 94 43 the
1373 3451 353 54 foreground.
1750 3456 216 52 Indeed,
1990 3460 99 40 out
2123 3458 54 44 of
2209 3460 112 43 this
2342 3462 120 42 cut-
