2649 3797
1044 324 345 53 FOREIGN
1415 324 264 47 NOTES.

215 323 64 45 86

214 427 111 43 The
358 430 256 42 audience
649 430 87 40 did
773 432 95 40 not
899 431 122 50 stop
1055 430 259 51 laughing

212 515 70 42 all
313 516 93 42 the
438 516 231 52 evening
701 517 254 50 through.
1249 525 64 34 &

305 600 369 60 Alkotmany
701 600 475 57 (Constitution).

306 691 72 40 Dr
414 689 427 53 Sztrakoniczky
871 693 264 42 writes....

303 778 125 43 Last
461 779 153 49 night
645 778 96 42 the
766 778 155 44 fool's
943 790 94 40 cap
1061 780 248 42 crowned

208 863 93 43 the
369 864 248 42 National
680 864 253 46 Theatre.
994 867 320 52 Chuckling,

208 950 221 55 healthy
520 955 371 41 unrestricted
984 958 320 39 merriment

211 1039 171 42 which
418 1042 156 40 burst
620 1041 138 43 from
806 1042 94 43 the
946 1043 188 52 people
1178 1044 131 42 with

208 1128 326 43 irrisistable
585 1129 165 53 force,
799 1143 130 31 over
975 1132 192 52 spread
1216 1132 94 41 the

211 1218 257 41 audience
532 1220 104 40 and
698 1221 97 39 the
857 1221 150 49 stage
1060 1231 57 31 as
1169 1217 143 51 well,

211 1307 237 50 brought
477 1307 96 41 the
604 1307 182 51 public
832 1307 102 41 and
988 1307 94 41 the
1135 1309 177 39 actors

211 1394 139 43 close
382 1395 272 51 together,
688 1395 123 51 and,
844 1394 56 42 in
940 1394 94 42 the
1068 1404 156 32 name
1258 1392 55 44 of

211 1485 236 50 comedy,
495 1484 154 40 made
702 1480 86 44 for
820 1494 29 29 a
881 1481 104 43 few
1023 1483 167 41 hours
1242 1493 67 29 an

208 1570 329 52 assemblage
560 1569 54 43 of
637 1569 249 43 mirthful
926 1568 384 44 merrimakers

209 1658 55 44 of
294 1659 94 42 the
421 1660 200 42 actors.

208 1754 64 36 £>
306 1748 18 41 I
354 1758 165 31 never
555 1745 184 44 before
771 1758 109 31 saw
933 1757 122 29 men
1089 1743 55 44 of
1176 1747 131 40 such

209 1836 259 42 different
501 1837 186 41 orders
739 1834 103 42 and
893 1833 180 50 ranks,
1122 1836 185 40 drawn

206 1924 254 53 together
491 1922 85 43 for
609 1933 102 32 one
747 1924 231 51 evening
1002 1924 66 51 by
1100 1921 179 52 profes-

207 2012 139 52 sion,
380 2012 67 51 by
480 2012 202 42 chance
731 2022 61 31 or
830 2013 66 51 by
943 2013 229 49 custom,
1209 2022 67 32 un-

208 2098 258 42 derstand
501 2098 129 42 each
665 2098 159 42 other
854 2109 60 31 so
937 2097 141 50 well,
1111 2109 61 31 or
1202 2097 105 43 feel

208 2198 58 33 so
301 2185 199 53 closely
531 2186 208 42 related
764 2189 103 39 and
890 2196 58 33 so
993 2186 316 55 essentially

206 2286 101 32 one
340 2286 56 31 as
429 2275 105 43 last
565 2276 174 51 night.
766 2284 61 34 &
1003 2284 65 35 £/
1243 2284 66 35 £?

207 2373 65 37 &
303 2364 110 42 The
448 2363 246 43 National
748 2363 231 43 Theatre
1026 2364 216 43 revived
1276 2375 31 31 a

207 2450 129 43 kind
386 2450 53 43 of
486 2454 88 41 art
604 2453 195 51 which,
830 2453 45 40 it
926 2454 214 41 became
1195 2463 76 32 ma-

207 2538 166 44 nifest
424 2539 197 52 during
674 2539 97 42 the
821 2539 394 54 performance,
1263 2542 46 42 it

206 2627 175 43 would
416 2628 135 41 have
599 2629 135 41 been
782 2640 31 30 a
854 2628 232 43 mistake
1121 2631 95 40 not
1247 2631 60 39 to

207 2716 200 42 revive.
424 2714 109 44 The
551 2716 392 43 circumstance
962 2717 155 43 alone
1131 2718 176 42 shows

203 2805 124 42 that
362 2803 92 42 the
487 2803 249 44 National
785 2803 231 45 Theatre
1067 2806 86 41 did
1208 2807 96 41 the

204 2890 151 44 work
387 2891 55 42 of
472 2890 203 44 revival
710 2892 113 52 just
868 2892 55 42 In
974 2894 94 41 the
1117 2905 116 42 way
1266 2895 43 40 it

204 2979 189 43 should
428 2981 63 41 be
526 2981 154 42 done.
762 2989 63 35 &
1009 2990 58 33 £?
1246 2990 62 36 £?

212 3075 65 36 &
299 3066 138 42 That
486 3066 247 43 skeleton
786 3067 55 44 of
895 3080 103 31 one
1061 3069 247 43 hundred

202 3154 156 52 lines,
406 3165 131 32 once
585 3156 221 41 written
862 3158 66 50 by
976 3156 195 54 Coypel
1204 3160 103 41 and

202 3244 285 50 preserved
543 3244 66 51 by
644 3243 311 53 Riccoboni,
999 3255 108 32 was
1161 3244 149 44 filled

202 3332 97 40 out
331 3332 104 40 and
471 3333 222 41 covered
729 3332 132 42 with
884 3330 218 45 flowers
1126 3334 68 52 by
1215 3334 94 43 the

200 3419 197 42 actors.
430 3417 122 44 Two
587 3421 111 40 acts
731 3417 98 45 full
863 3419 55 43 of
966 3423 344 41 merriment*

1360 429 175 52 frolic,
1569 431 248 52 dancing,
1850 432 187 54 joking
2069 435 102 42 and
2207 435 260 52 laughing

1359 529 142 30 were
1524 517 189 54 played
1752 521 134 40 with
1923 522 179 50 much,
2140 524 105 39 and
2292 521 145 43 excel-

1359 602 134 54 lent,
1542 606 288 45 humour...
1863 609 48 40 It
1943 619 109 32 was
2086 620 68 32 an
2194 609 270 53 agreable,

1359 691 302 54 enjoyable,
1693 705 132 31 even
1865 707 30 29 a
1919 695 261 53 glorious,
2212 699 254 51 evening.

1357 789 64 34 &
1454 781 108 42 The
1624 784 249 42 National
1935 784 233 43 Theatre
2245 788 217 40 showed

1357 868 150 43 itself
1536 872 59 40 to
1620 872 132 42 have
1775 873 229 42 reached
2028 886 29 28 a
2075 874 188 51 height
2286 873 178 43 which

1357 968 80 31 we
1462 968 141 32 were
1627 958 199 55 always
1845 961 231 50 wishing
2093 959 99 45 for.
2215 963 47 39 It
2279 959 183 45 solved

1357 1057 31 29 a
1432 1046 209 43 serious
1674 1048 212 43 artistic
1931 1048 240 52 problem
2222 1049 103 42 and
2375 1049 87 41 did

1359 1135 97 39 not
1510 1135 126 53 only
1698 1138 256 41 convince
2009 1138 99 41 but
2160 1136 302 43 fascinated

1360 1221 94 42 the
1486 1222 203 52 public.
1722 1226 49 41 It
1801 1226 217 42 revived
2084 1237 67 31 an
2204 1225 87 43 old
2343 1236 91 41 spe-

1359 1309 106 40 cies
1533 1309 54 43 of
1641 1314 119 45 art;
1813 1312 254 52 bringing
2117 1314 46 40 it
2224 1311 237 45 forward

1356 1397 432 55 triumphantly;
1821 1403 93 39 the
1947 1404 179 40 actors
2159 1414 145 30 won.

1355 1489 65 34 uSf
1451 1484 75 42 No
1575 1485 168 41 doubt
1794 1488 96 40 the
1938 1488 263 52 principle
2243 1491 122 49 part
2401 1489 56 43 of

1355 1570 110 42 this
1528 1573 210 53 victory
1801 1574 223 53 belongs
2080 1578 57 40 to
2191 1578 71 40 Dr
2309 1577 124 43 Alex-

1355 1662 170 40 ander
1558 1662 212 50 Hevesi,
1803 1663 94 42 the
1935 1663 527 52 producer-in-chief

1355 1748 54 42 of
1440 1749 94 42 the
1567 1751 249 41 National
1864 1752 250 43 Theatre.
2149 1753 47 41 It
2229 1764 109 31 was
2392 1753 66 42 he

1354 1837 133 43 with
1521 1839 175 42 whom
1749 1839 95 44 the
1881 1842 122 41 idea
2048 1839 54 44 of
2145 1842 94 41 the
2281 1841 179 43 whole

1362 1900 14 10 m

1355 1924 392 56 comedy-cycle
1812 1928 306 50 originated
2142 1938 14 39 ;
2218 1928 67 42 he
2337 1930 121 41 who

1355 2015 237 50 brought
1624 2016 94 41 the
1754 2015 308 43 Commedia
2095 2015 258 44 dell'Arte
2387 2027 70 32 on

1354 2102 57 41 to
1442 2101 111 43 this
1583 2104 174 49 stage,
1790 2104 67 40 he
1890 2104 120 40 who
2046 2105 264 40 rendered
2348 2106 113 42 this

1355 2187 392 54 performance,
1796 2191 240 50 through
2089 2192 93 41 the
2230 2191 124 42 skill
2405 2190 56 44 of

1355 2279 82 42 his
1472 2279 237 49 method,
1741 2292 30 29 a
1794 2279 266 52 complete
2081 2292 233 40 success,
2335 2281 130 52 and,

1354 2366 67 53 by
1453 2366 82 41 his
1569 2366 270 42 excellent
1870 2369 215 41 artistic
2107 2379 175 38 sense,
2306 2370 155 42 made

1355 2453 54 43 of
1426 2457 44 39 it
1491 2467 29 29 a
1538 2455 239 52 glorious
1793 2454 212 45 feature
2024 2467 14 39 ;
2058 2458 64 41 he
2141 2458 46 41 it
2208 2469 107 31 was
2339 2459 119 41 who

1352 2540 77 47 (in
1464 2542 349 53 introducing
1854 2544 93 41 the
1990 2543 371 52 performance
2405 2543 61 43 of

1354 2631 92 40 the
1474 2632 108 39 two
1599 2631 307 53 comedies),
1923 2642 130 42 gave
2070 2643 29 31 a
2116 2631 344 54 fascinating,

1355 2720 131 50 deep
1554 2720 104 40 and
1722 2721 227 51 spirited
2011 2720 210 43 lecture
2288 2723 170 41 about

1356 2806 172 43 them.

1450 2895 94 40 We
1577 2894 65 41 do
1676 2895 97 40 not
1803 2894 170 53 really
2008 2895 157 43 know
2197 2896 173 41 which
2405 2894 55 44 of

1356 2981 84 43 Ills
1474 2981 254 45 manifold
1764 2985 190 41 merits
1986 2984 189 42 should
2213 2986 64 40 be
2309 2984 144 53 first,

1355 3071 103 41 and
1493 3080 148 32 more
1674 3071 303 52 especially,
2020 3070 446 53 acknowledged,,

1356 3160 98 41 but
1514 3159 158 42 there
1724 3159 47 42 is
1825 3170 68 31 no
1948 3160 173 41 doubt
2180 3159 121 42 that
2362 3160 95 42 the

1356 3245 243 52 splendid
1632 3257 211 33 success
1877 3244 54 44 of
1961 3245 111 43 this
2095 3248 231 49 evening
2351 3257 107 31 was

1357 3335 103 44 his.
1667 3343 64 36 £/

1356 3431 65 35 &
1454 3423 220 52 Indeed,
1704 3421 142 45 after
1881 3423 97 42 the
2011 3423 454 50 demonstrative.
