2649 3797
232 284 635 71 SOCIALISM....
974 287 1480 81 SYNDICALISM...REALISM,....

239 416 113 87 by
429 419 247 65 Louis
741 416 393 87 Madrid

259 568 32 45 I
306 573 88 40 ust
421 573 94 41 the
546 572 189 42 fewest
781 573 176 41 words
1003 575 230 49 possible
1364 577 400 50 remembering
1796 577 124 41 that
1952 577 93 41 the
2078 577 174 41 whole
2283 576 172 42 world

302 660 43 39 is
376 656 264 53 suffering
669 660 112 49 just
813 667 120 33 now
965 661 224 41 because
1222 658 54 44 of
1305 671 145 32 some
1484 661 127 51 split
1642 662 352 51 somewhere,
2025 674 148 30 some
2206 672 129 42 very
2366 674 61 29 na-

231 743 143 42 tural
409 743 547 54 misunderstanding.
988 747 67 41 So
1088 746 75 42 let
1196 757 61 32 us
1290 759 147 30 come
1470 750 59 39 to
1563 749 286 41 essentials
2076 751 150 50 right
2272 751 58 39 to
2363 749 93 41 the

236 832 156 40 heart
424 830 55 43 of
507 834 92 39 the
632 834 267 49 question.
1910 845 63 34 JZ?
2151 845 64 36 JG?
2393 844 63 35 £?

330 920 47 39 It
408 919 44 42 Is
485 922 96 39 not
612 919 251 45 difficult.
898 922 166 42 When
1100 924 227 40 masters
1360 925 133 39 have
1543 924 152 40 made
1749 922 275 53 mistakes,
2075 925 133 41 have
2258 925 135 39 been
2427 934 30 30 a

235 1005 142 43 little
411 1006 177 42 unfair
618 1010 102 39 and
753 1009 155 42 when
940 1013 250 39 servants
1222 1010 191 51 revolt,
1446 1010 130 43 both
1611 1011 204 50 parties
1851 1010 110 43 lose
1994 1013 145 39 their
2169 1011 288 51 privileges

347 1095 92 41 the
474 1098 226 39 masters
728 1096 92 42 the
852 1098 147 51 right
1030 1100 56 41 to
1120 1100 276 41 command
1431 1100 104 40 and
1570 1099 94 41 the
1698 1109 124 31 men
1857 1099 92 41 the
1992 1099 148 51 right
2160 1099 125 52 (and
2310 1098 147 42 what

235 1193 29 28 a
296 1182 203 52 right!)
528 1184 57 39 to
616 1193 173 32 serve.

235 1277 65 34 &
329 1267 169 43 There
529 1281 96 30 can
660 1272 61 39 be
754 1282 68 30 no
855 1273 247 50 question
1136 1283 103 40 any
1272 1272 186 52 longer
1491 1272 53 43 of
1577 1272 234 52 keeping
1841 1283 69 40 up
1942 1273 94 41 the
2085 1272 266 40 attitudes
2404 1270 53 44 of

232 1356 276 48 protector
540 1358 101 39 and
673 1361 236 38 servant.
959 1359 133 41 Both
1135 1371 92 30 are
1279 1358 209 43 forfeit.
2151 1368 62 32 JST
2393 1366 63 34 &

327 1443 315 52 Something
674 1444 108 44 like
815 1458 29 30 a
875 1448 190 40 return
1097 1448 57 40 to
1189 1448 92 41 the
1314 1447 276 51 primitive
1620 1450 144 39 state
1803 1447 51 42 of
1886 1448 92 41 the
2028 1457 127 41 year
2205 1457 101 31 one
2361 1448 94 40 has

244 1530 133 40 been
410 1532 262 51 suddenly
696 1533 235 51 brought
962 1536 185 41 about.
1178 1536 47 39 It
1261 1535 170 40 won't
1472 1536 66 41 do
1570 1535 86 40 for
1691 1535 180 42 either
1905 1536 156 49 party
2108 1537 56 38 to
2212 1533 229 50 pretend

234 1626 105 42 any
368 1616 187 53 longer
584 1622 58 38 to
675 1631 133 31 even
839 1621 94 41 the
971 1620 238 52 clothing
1241 1620 53 42 of
1326 1632 29 30 a
1389 1620 170 43 mask.
1592 1621 115 42 The
1741 1620 151 43 mask
1923 1621 44 41 is
2000 1618 97 45 off.
2131 1620 105 40 The
2283 1620 167 40 world

235 1704 44 41 is
333 1704 172 41 naked
552 1709 176 48 again.
1665 1716 63 36 &
1905 1716 63 35 &

333 1792 158 41 What
522 1804 66 30 an
621 1796 377 52 opportunity!
1036 1796 214 41 Instead
1286 1794 55 44 of
1371 1798 73 40 its
1479 1798 163 49 being
1675 1808 29 29 a
1737 1794 254 52 calamity
2024 1796 45 40 it
2100 1796 45 40 is
2184 1808 29 28 a
2253 1795 199 41 chance

232 1889 156 30 ...one
409 1890 145 31 more
574 1879 202 44 blessed
795 1881 195 42 chance
1007 1880 85 43 for
1114 1883 91 40 the
1224 1881 174 42 whole
1421 1883 342 42 disobedient
1784 1893 140 30 crew
1948 1880 53 43 of
2025 1883 61 40 11.
2105 1883 69 39 M.
2192 1881 53 41 S.
2269 1880 186 51 Earth,

326 1966 139 42 Such
499 1979 66 31 an
599 1970 351 51 opportunity
989 1969 46 42 is
1068 1969 110 42 also
1209 1970 94 41 the
1337 1972 142 40 most
1511 1970 250 50 scathing
1792 1972 113 39 test
1937 1979 127 32 ever
2095 1968 256 42 invented
2387 1968 70 51 by

231 2054 95 41 the
358 2054 137 42 Gods
526 2057 57 39 to
616 2060 176 39 create
825 2057 270 42 diversion
1129 2068 61 31 or
1222 2058 160 41 dread
1417 2058 250 49 amongst
1697 2057 94 40 the
1815 2054 207 52 angels.
2046 2054 101 42 For
2170 2065 125 31 man
2321 2064 132 32 once

234 2153 146 31 more
410 2143 243 42 denuded
687 2143 53 42 of
771 2142 67 42 all
872 2146 253 46 pretence
1159 2146 243 39 becomes
1434 2156 30 29 a
1497 2153 147 32 more
1693 2153 156 42 sorry
1898 2142 177 50 object
2118 2143 132 41 than
2295 2143 156 39 when

228 2231 243 40 covered.
702 2239 64 37 JZ*
941 2238 63 35 JZ?
2140 2239 63 34 JGR
1422 2241 61 33 .ZZ?
1662 2238 61 33 JS?

322 2316 106 42 The
461 2317 350 52 opportunity
843 2316 97 44 lies
973 2319 52 39 in
1065 2319 160 50 being
1257 2328 131 31 once
1422 2328 146 31 more
1604 2318 156 50 given
1784 2328 31 31 a
1846 2317 240 42 moment
2108 2316 239 42 wherein
2373 2325 79 31 we

230 2415 120 40 may
381 2405 146 41 show
559 2416 146 30 some
736 2405 108 41 real
877 2403 256 43 affection
1166 2406 104 42 and
1309 2416 146 30 some
1487 2405 112 41 real
1634 2407 239 48 mastery
1906 2405 103 40 and
2064 2405 64 40 do
2163 2413 146 31 some
2340 2401 112 43 real

231 2492 225 43 service.
707 2501 59 34 &
943 2501 64 34 &

235 2587 62 35 &
327 2581 227 41 Masters
585 2580 107 43 like
722 2581 159 51 being
916 2584 226 38 masters
1288 2580 119 42 well
1440 2581 154 42 then.
1627 2581 114 41 And
1773 2581 261 41 Servants
2066 2579 135 43 wish
2232 2579 87 40 for
2356 2589 68 30 no-

234 2670 156 50 thing
423 2671 179 40 better
632 2670 132 39 than
797 2671 58 40 to
885 2680 171 41 serve,
1203 2669 121 42 well
1375 2670 153 42 then.

234 2765 63 35 &
329 2758 157 42 What
517 2759 252 41 maddens
801 2759 92 39 the
926 2760 245 40 servants
1204 2759 115 39 into
1351 2759 156 41 these
1540 2759 191 48 phases
1763 2756 54 42 of
1849 2755 256 43 so-called
2152 2754 303 49 Socialism,

231 2844 350 52 Syndicalism
615 2845 102 41 and
749 2857 59 29 so
841 2855 86 41 on,
960 2845 63 51 is,
1054 2847 123 39 that
1205 2845 130 51 they
1368 2845 133 42 have
1534 2847 113 50 just
1679 2845 241 51 weighed
1968 2841 329 44 themselves
2347 2844 104 39 and

232 2930 165 45 found
428 2933 324 42 themselves
782 2934 258 51 wanting.
1072 2933 180 42 That's
1286 2934 93 41 the
1413 2944 191 31 source
1637 2932 54 43 of
1722 2944 126 41 rage
1882 2932 53 42 of
1966 2933 112 41 this
2112 2930 151 44 kind.

326 3022 115 42 And
471 3022 445 53 simultaneously
947 3024 228 41 masters
1205 3024 93 50 get
1331 3032 153 42 crazy
1515 3021 85 43 for
1633 3021 212 53 exactly
1873 3022 95 40 the
2003 3032 146 32 same
2182 3032 269 32 reason....

235 3111 96 40 not
362 3111 223 40 because
617 3109 130 53 they
778 3121 91 30 are
899 3108 165 43 found
1098 3112 97 39 out
1228 3112 98 38 but
1359 3112 223 41 because
1615 3111 132 52 they
1779 3111 133 40 have
1947 3121 125 30 seen
2122 3107 330 44 themselves

234 3200 100 38 and
367 3196 166 43 found
566 3197 319 43 themselves
922 3197 140 52 ugly.

329 3287 47 41 Is
406 3287 155 41 there
593 3286 260 53 anything
882 3287 172 41 which
1088 3285 182 43 makes
1302 3297 29 31 a
1364 3287 452 42 once-handsome
1849 3297 210 32 woman
2093 3296 148 32 more
2292 3286 128 42 mise-

234 3372 165 52 rable,
434 3375 102 41 and
566 3372 107 54 (for
702 3374 94 42 the
829 3374 260 52 moment)
1121 3384 148 32 more
1302 3372 207 54 utterly
1540 3374 230 43 careless
1817 3374 55 43 of
1920 3372 202 45 herself
2166 3375 135 39 than
2351 3372 99 44 the
