2649 3797
595 301 66 54 R.
684 302 61 47 L.
821 302 204 46 S.
875 302 167 46 AND
1078 301 150 48 THE
1258 301 275 54 DRAMA
1577 301 100 48 OF

2388 315 67 46 73

175 409 283 50 possessed
481 410 13 42 !
529 408 42 43 A
625 414 33 22 44
683 409 104 43 roll
824 409 100 45 call
978 409 56 43 of
1091 409 233 54 stirring
1359 422 189 32 names
1667 410 96 42 the
1798 421 147 31 mere
1981 409 385 43 enumeration
2403 408 56 46 of

169 498 178 43 which
383 498 207 45 affords
625 499 144 44 clear
802 502 35 24 44
861 502 287 41 evidences
1201 499 55 45 of
1309 513 31 30 a
1393 502 178 53 happy
1604 499 288 44 childhood
2145 508 63 35 JZ?
2391 511 66 35 JZ/

173 590 44 40 &
217 590 89 40 44
330 587 231 44 Aladdin
703 591 33 24 44
762 590 110 41 The
937 591 107 45 Red
1111 591 174 47 Rover
1423 592 33 20 44
1481 590 113 43 The
1656 591 165 43 Wood
1886 591 239 42 Daemon
2264 592 34 24 •'
2321 591 136 44 Jack

170 677 300 53 Sheppard,
561 682 34 23 44
620 680 95 42 the
748 678 308 54 Smuggler,
1145 681 35 24 44
1209 678 108 44 The
1352 678 190 44 Forest
1591 681 55 42 of
1699 682 203 51 Bondy,
2013 681 40 24 44
2074 682 89 52 My
2198 680 116 43 Poll
2348 681 105 42 and

167 779 89 42 my
291 770 236 42 Partner
559 771 97 42 Joe
677 781 14 40 ;
781 772 35 23 44
839 770 173 42 Three
1048 770 264 52 Fingered
1346 770 151 51 Jack,
1529 772 96 41 the
1650 771 198 43 Terror
1871 771 53 43 of
1945 772 239 44 Jamaica
2283 772 173 55 (what

170 868 30 30 a
235 857 362 54 magnificent
628 857 127 42 title
777 860 11 41 !
824 860 141 52 why,
998 870 83 31 we
1114 870 144 31 seem
1294 861 58 41 to
1389 861 92 50 get
1512 861 94 42 the
1639 861 174 42 whole
1845 861 163 54 thing
2031 864 53 39 in
2108 863 157 43 those
2290 873 162 33 seven

173 949 234 52 stirring
439 951 179 40 words
639 950 38 50 I)
708 951 36 21 44
764 949 110 43 The
899 949 98 43 Old
1023 949 113 43 Oak
1159 949 197 49 Chest;
1449 951 33 23 44
1501 949 109 44 The
1634 950 179 43 Miller
1837 954 102 39 and
1964 954 83 41 his
2071 954 123 41 Men

174 1039 145 41 Maid
354 1038 56 43 of
442 1040 95 41 the
573 1040 96 41 Inn
777 1039 108 42 The
919 1040 182 41 Battle
1136 1039 55 42 of
1225 1039 277 45 Waterloo
1752 1042 96 40 the
1873 1040 94 44 list
1991 1053 178 41 grows
2192 1044 94 41 too
2310 1042 146 53 long.

174 1128 98 42 Let
306 1139 62 32 us
402 1141 66 39 go
505 1128 137 42 back
677 1131 103 39 and
816 1141 135 40 peep
985 1131 55 39 in
1088 1132 134 40 with
1272 1132 94 40 the
1416 1129 156 45 small
1623 1131 202 47 Robert
1858 1133 159 42 Louis
2069 1132 240 52 through
2358 1132 97 42 the

174 1218 232 41 window
442 1218 54 42 of
529 1219 122 41 that
684 1219 33 22 44
743 1219 320 44 stationer's
1098 1221 135 50 shop
1267 1222 59 39 at
1359 1232 29 29 a
1423 1232 195 31 corner
1642 1218 55 45 of
1721 1222 92 41 the
1835 1222 140 42 wide
1998 1219 397 54 thoroughfare

174 1307 176 42 which
386 1308 183 52 joined
608 1311 94 42 the
739 1311 110 53 city
882 1310 56 43 of
973 1311 82 42 his
1105 1310 285 43 childhood
1440 1318 57 35 to
1547 1311 96 42 the
1677 1322 124 32 sea:
1851 1313 122 41 that
2006 1313 232 41 window
2271 1312 185 42 where

171 1398 38 25 44
233 1397 72 43 all
339 1400 96 42 the
467 1411 134 42 year
634 1402 200 50 round,
870 1401 160 42 there
1067 1402 155 41 stood
1277 1400 275 54 displayed
1587 1414 30 29 a
1648 1402 220 42 theatre
1902 1402 56 41 in
1992 1400 251 54 working
2276 1402 180 51 order,

170 1490 36 23 44
231 1489 135 42 with
402 1501 31 30 a
466 1490 33 24 44
522 1489 176 44 forest
733 1494 86 39 set
929 1504 30 29 a
993 1494 32 19 44
1051 1492 216 41 combat
1378 1494 103 39 and
1517 1504 30 29 a
1578 1490 106 43 few
1717 1494 30 20 44
1777 1492 226 41 robbers
2027 1492 291 51 carousing
2398 1491 55 42 in

179 1580 33 20 44
237 1580 96 42 the
366 1579 185 51 slides;
584 1583 105 40 and
725 1583 182 42 where
933 1586 35 21 44
993 1581 171 44 below
1199 1583 104 40 and
1340 1583 186 50 about,
1550 1584 194 39 dearer
1765 1580 210 43 tenfold
2069 1583 57 40 to
2149 1583 95 40 the
2265 1580 190 43 future

173 1669 34 23 44
231 1669 193 42 writer
477 1669 55 43 of
585 1673 96 39 the
745 1673 35 21 44
805 1672 265 41 Treasure
1129 1672 171 41 Island
1421 1674 103 39 and
1591 1673 37 23 44
1653 1672 309 50 Kidnapped
2094 1672 34 21 44
2154 1672 95 40 the
2304 1669 153 53 plays

167 1777 16 23 «
188 1759 14 22 4
233 1760 351 54 themselves,
618 1763 158 42 those
810 1764 235 50 budgets
1079 1763 54 42 of
1166 1774 274 41 romance,
1474 1762 85 54 lay
1585 1762 244 43 tumbled
1864 1773 103 31 one
1994 1772 142 42 upon

183 1862 66 34 JZ?
280 1853 163 43 What
476 1865 28 29 a
538 1853 210 51 delight
778 1854 59 41 to
872 1853 178 52 linger
1082 1854 176 51 there,
1290 1853 277 52 fingering
1597 1853 96 42 the
1726 1853 98 42 hot
1876 1862 180 43 penny
2088 1853 103 40 and
2246 1851 211 53 tasting

178 1942 96 42 the
306 1942 281 51 pleasures
621 1942 54 43 of
708 1945 384 50 anticipation,
1124 1943 259 52 knowing
1412 1943 128 42 that
1572 1953 103 32 one
1726 1941 155 43 could
1919 1945 57 39 at
2023 1941 110 43 will
2179 1941 277 51 exchange

175 2030 160 43 these
368 2031 88 43 for
487 2033 94 41 the
614 2032 282 52 pleasures
931 2031 56 44 of
1017 2033 318 42 realisation
1371 2033 103 41 and
1509 2032 306 51 possession
1836 2031 12 42 !
2146 2039 64 33 JZ?

192 2130 63 36 jZ?
289 2124 31 21 44
348 2122 112 42 One
495 2122 202 52 figure,
731 2135 82 31 we
847 2124 140 42 shall
1022 2135 112 41 say,
1168 2134 109 32 was
1312 2120 194 44 visible
1531 2124 54 38 in
1609 2122 96 40 the
1728 2119 127 44 first
1878 2119 147 52 plate
2050 2119 54 43 of
2128 2120 329 51 characters,

166 2211 34 21 44
230 2211 256 50 bearded,
522 2214 164 49 pistol
728 2215 53 41 in
819 2214 161 49 hand,
1016 2225 61 31 or
1110 2214 245 49 drawing
1384 2213 60 40 to
1479 2213 83 40 his
1597 2221 93 31 ear
1723 2210 94 42 the
1872 2209 280 53 clothyard
2189 2220 178 31 arrow

166 2303 37 23 44
232 2314 112 31 was
378 2303 47 42 it
458 2305 236 41 Macaire
730 2315 62 31 or
828 2305 147 51 Long
1008 2304 131 42 Tom
1176 2301 197 50 Coffin,
1408 2313 61 30 or
1502 2298 271 50 Grindoff,
1816 2301 198 41 second
2051 2300 151 42 dress
2222 2299 26 42 ?
2352 2299 107 42 But

167 2393 244 51 perhaps
446 2406 137 30 even
618 2395 98 41 the
752 2406 158 30 name
945 2406 109 30 was
1089 2393 219 53 hidden,
1342 2393 103 41 and
1479 2392 99 42 the
1614 2389 155 43 small
1794 2392 331 50 shop=gazer
2149 2388 155 43 could
2332 2388 128 53 only

171 2482 38 24 44
235 2483 225 42 wonder
493 2484 54 41 in
583 2484 148 41 what
764 2483 125 53 play
923 2483 65 42 he
1021 2482 240 52 figured,
1296 2483 105 39 and
1435 2481 150 41 what
1630 2479 279 42 immortai
1964 2478 194 53 legend
2210 2477 246 54 justified

174 2572 33 22 44
233 2572 86 42 his
352 2575 241 41 attitude
628 2575 105 40 and
769 2576 224 48 strange
1027 2571 220 53 apparel
1402 2578 66 36 JZ/

275 2661 117 43 And
427 2663 134 42 then
595 2663 152 42 what
777 2661 107 54 joy,
919 2662 68 52 by
1018 2661 182 42 virtue
1236 2658 54 42 of
1322 2660 94 42 the
1450 2670 197 40 copper
1679 2660 141 48 coin,
1851 2660 59 40 to
1943 2668 123 42 pass
2100 2657 193 43 within
2315 2667 14 40 ;
2362 2661 33 21 44
2400 2658 57 41 t0

173 2755 36 23 44
233 2764 290 33 announce
556 2750 248 54 yourself
835 2762 58 31 as
927 2761 68 31 an
1031 2751 290 50 intending
1352 2749 320 53 purchaser,
1704 2750 123 51 and,
1862 2749 199 53 closely
2094 2749 268 49 watched,
2394 2749 65 41 be

175 2845 36 22 44
233 2844 242 42 suffered
513 2846 57 40 to
613 2844 146 40 undo
794 2844 157 39 those
988 2839 234 43 bundles
1255 2840 104 42 and
1394 2839 366 53 breathlessly
1789 2840 207 42 devour
2027 2839 158 42 those
2220 2849 162 42 pages
2406 2836 55 45 of

173 2935 36 22 44
235 2933 396 53 gesticulating
683 2930 241 52 villains,
983 2929 259 53 epileptic
1294 2931 264 50 combats,
1613 2929 170 53 bosky
1834 2929 222 51 forests,
2104 2926 216 55 palaces
2354 2928 105 41 and

175 3024 34 23 44
233 3023 287 51 warships,
554 3020 276 51 frowning
862 3018 295 43 fortresses
1190 3019 105 41 and
1329 3020 188 50 prison
1550 3018 331 44 vaults.....it
1911 3029 111 31 was
2055 3028 29 32 a
2117 3016 164 55 giddy
2298 3018 89 53 joy

181 3112 78 42 No
293 3112 225 40 wonder
550 3110 123 42 that
703 3109 97 42 the
833 3109 133 52 shop
999 3119 112 31 was
1144 3109 33 23 44
1196 3119 31 30 a
1258 3105 120 45 load
1412 3108 159 42 stone
1604 3107 131 43 rock
1765 3107 86 43 for
1883 3105 71 45 all
2003 3107 127 43 that
2178 3108 129 41 bore
2362 3104 98 43 the

179 3212 159 32 name
372 3201 56 43 of
461 3202 101 52 boy
655 3201 103 40 and
791 3199 128 42 that
965 3199 95 42 the
1112 3197 254 43 exultant
1416 3197 256 53 laughter
1722 3197 53 43 of
1826 3198 95 42 the
1976 3198 310 42 homeward
2319 3207 142 42 race,

175 3293 138 44 with
348 3292 96 42 the
857 3300 62 31 or
950 3290 94 43 the
1089 3290 37 24 44
1150 3290 176 47 Rover
1345 3290 12 21 4
1368 3287 12 20 '
1417 3287 253 44 clutched
1697 3287 143 44 close
1874 3288 216 54 against
2123 3288 84 41 his
2259 3286 202 53 jacket*

174 3384 202 44 echoed
413 3380 114 45 still
562 3380 129 53 long
722 3391 159 43 years
915 3377 144 46 after
1091 3378 56 44 in
1182 3380 94 42 the
1312 3378 161 42 heart
1506 3376 55 44 of
1591 3378 95 42 the
1721 3377 147 43 little
1904 3380 102 52 boy
2061 3378 157 42 when
2272 3387 189 42 grown

176 3475 61 41 to
272 3470 175 46 man's
480 3471 197 43 estate.
