<?xml version="1.0" encoding="UTF-8"?>
<alto xmlns:xsi="http://www.w3.org/2001/XMLSchema-instance" xmlns="http://www.loc.gov/standards/alto/ns-v2#" xsi:schemaLocation="http://www.loc.gov/standards/alto/ns-v2# http://www.loc.gov/standards/alto/alto-v2.0.xsd" xmlns:xlink="http://www.w3.org/1999/xlink">
	<Description>
		<MeasurementUnit>mm10</MeasurementUnit>
		<sourceImageInformation>
			<fileName>//fileserver7/IN2-2/Princeton/bmtnaau/1912/07_01/100000039.tif</fileName>
		</sourceImageInformation>
		<OCRProcessing ID="OCRPROCESSING_1">
			<preProcessingStep>
				<processingSoftware>
					<softwareCreator>CCS Content Conversion Specialists GmbH, Germany</softwareCreator>
					<softwareName>CCS docWorks</softwareName>
					<softwareVersion>6.7-1.24</softwareVersion>
				</processingSoftware>
			</preProcessingStep>
			<ocrProcessingStep>
				<processingSoftware>
					<softwareCreator>ABBYY (BIT Software), Russia</softwareCreator>
					<softwareName>FineReader</softwareName>
					<softwareVersion>10.0</softwareVersion>
				</processingSoftware>
			</ocrProcessingStep>
		</OCRProcessing>
	</Description>
	<Styles>
		<TextStyle ID="TXT_0" FONTSIZE="18" FONTFAMILY="Times New Roman" FONTSTYLE="bold"/>
		<TextStyle ID="TXT_1" FONTSIZE="7" FONTFAMILY="Times New Roman"/>
		<TextStyle ID="TXT_2" FONTSIZE="7" FONTFAMILY="Times New Roman" FONTSTYLE="underline"/>
		<TextStyle ID="TXT_3" FONTSIZE="27" FONTFAMILY="Times New Roman" FONTSTYLE="bold italics"/>
		<TextStyle ID="TXT_4" FONTSIZE="22" FONTFAMILY="Unknown"/>
		<TextStyle ID="TXT_5" FONTSIZE="4" FONTFAMILY="Times New Roman" FONTSTYLE="italics"/>
		<TextStyle ID="TXT_6" FONTSIZE="9" FONTFAMILY="Times New Roman" FONTSTYLE="bold italics"/>
		<ParagraphStyle ID="PAR_LEFT" ALIGN="Left"/>
	</Styles>
	<Layout>
		<Page ID="P99" PHYSICAL_IMG_NR="99" HEIGHT="4393" WIDTH="3175" PC="0.763">
			<TopMargin ID="P99_TM00001" HPOS="0" VPOS="0" WIDTH="3175" HEIGHT="288"/>
			<LeftMargin ID="P99_LM00001" HPOS="0" VPOS="288" WIDTH="348" HEIGHT="3221"/>
			<RightMargin ID="P99_RM00001" HPOS="2682" VPOS="288" WIDTH="493" HEIGHT="3221"/>
			<BottomMargin ID="P99_BM00001" HPOS="0" VPOS="3509" WIDTH="3175" HEIGHT="884"/>
			<PrintSpace ID="P99_PS00001" HPOS="348" VPOS="288" WIDTH="2657" HEIGHT="3829">
				<TextBlock ID="P99_TB00001" HPOS="95" VPOS="42" WIDTH="2910" HEIGHT="4075" STYLEREFS="TXT_0 PAR_LEFT">
					<TextLine ID="P99_TL00001" HPOS="522" VPOS="42" WIDTH="2457" HEIGHT="18">
						<String ID="P99_ST00001" HPOS="522" VPOS="42" WIDTH="731" HEIGHT="18" CONTENT="IMR-*^-N«-" WC="0.25" CC="8878787972" STYLEREFS="TXT_1"/>
						<String ID="P99_ST00002" HPOS="1253" VPOS="43" WIDTH="7" HEIGHT="7" CONTENT="3:" STYLE="superscript" WC="0.45" CC="73" STYLEREFS="TXT_2"/>
						<String ID="P99_ST00003" HPOS="1260" VPOS="42" WIDTH="33" HEIGHT="8" CONTENT="'^-" WC="0.40" CC="386" STYLEREFS="TXT_2"/>
						<String ID="P99_ST00004" HPOS="1294" VPOS="42" WIDTH="4" HEIGHT="18" CONTENT="&lt;" STYLE="superscript" WC="0.60" CC="3" STYLEREFS="TXT_2"/>
						<String ID="P99_ST00005" HPOS="1298" VPOS="42" WIDTH="18" HEIGHT="8" CONTENT="**" WC="0.23" CC="59" STYLEREFS="TXT_2"/>
						<String ID="P99_ST00006" HPOS="1316" VPOS="42" WIDTH="7" HEIGHT="8" CONTENT=",," STYLE="superscript" WC="0.92" CC="10" STYLEREFS="TXT_2"/>
						<String ID="P99_ST00007" HPOS="1323" VPOS="42" WIDTH="80" HEIGHT="15" CONTENT="'*IOTII»T" WC="0.29" CC="068778868" STYLEREFS="TXT_2"/>
						<String ID="P99_ST00008" HPOS="1403" VPOS="42" WIDTH="8" HEIGHT="7" CONTENT=",," STYLE="superscript" WC="0.58" CC="44" STYLEREFS="TXT_1"/>
						<String ID="P99_ST00009" HPOS="1411" VPOS="42" WIDTH="49" HEIGHT="14" CONTENT="IRE'&#34;" WC="0.20" CC="89937" STYLEREFS="TXT_1"/>
						<String ID="P99_ST00010" HPOS="1460" VPOS="42" WIDTH="8" HEIGHT="7" CONTENT="N" STYLE="superscript" WC="0.29" CC="7" STYLEREFS="TXT_1"/>
						<String ID="P99_ST00011" HPOS="1468" VPOS="42" WIDTH="53" HEIGHT="13" CONTENT="TTR«'" WC="0.24" CC="98873" STYLEREFS="TXT_1"/>
						<String ID="P99_ST00012" HPOS="1521" VPOS="42" WIDTH="63" HEIGHT="7" CONTENT=",^MI" STYLE="superscript" WC="0.46" CC="2873" STYLEREFS="TXT_1"/>
						<SP ID="P99_SP00001" HPOS="1584" VPOS="60" WIDTH="209"/>
						<String ID="P99_ST00013" HPOS="1793" VPOS="42" WIDTH="53" HEIGHT="12" CONTENT="-T*R" WC="0.32" CC="3877" STYLEREFS="TXT_1"/>
						<SP ID="P99_SP00002" HPOS="1846" VPOS="60" WIDTH="4"/>
						<String ID="P99_ST00014" HPOS="1850" VPOS="42" WIDTH="246" HEIGHT="11" CONTENT="IRLOITIFCIFWNMNYRI^TRMRR" WC="0.28" CC="785977744777377477868887" STYLEREFS="TXT_1"/>
						<SP ID="P99_SP00003" HPOS="2096" VPOS="60" WIDTH="3"/>
						<String ID="P99_ST00015" HPOS="2099" VPOS="42" WIDTH="11" HEIGHT="18" CONTENT="I-" WC="0.25" CC="78" STYLEREFS="TXT_1"/>
						<String ID="P99_ST00016" HPOS="2112" VPOS="42" WIDTH="823" HEIGHT="18" CONTENT="——»^—^—." WC="0.97" CC="88788883" STYLEREFS="TXT_1"/>
						<String ID="P99_ST00017" HPOS="2935" VPOS="42" WIDTH="27" HEIGHT="1" CONTENT="~" WC="0.52" CC="4" STYLEREFS="TXT_1"/>
						<SP ID="P99_SP00004" HPOS="2962" VPOS="60" WIDTH="16"/>
						<String ID="P99_ST00018" HPOS="2978" VPOS="42" WIDTH="1" HEIGHT="18" CONTENT="(" STYLE="subscript" WC="0.27" CC="7" STYLEREFS="TXT_1"/>
					</TextLine>
					<TextLine ID="P99_TL00002" HPOS="462" VPOS="858" WIDTH="1717" HEIGHT="165">
						<String ID="P99_ST00019" HPOS="462" VPOS="858" WIDTH="485" HEIGHT="149" CONTENT="BMTA" WC="0.17" CC="8888" STYLEREFS="TXT_3"/>
						<SP ID="P99_SP00005" HPOS="947" VPOS="1007" WIDTH="112"/>
						<String ID="P99_ST00020" HPOS="1059" VPOS="944" WIDTH="419" HEIGHT="66" CONTENT="SECOND" WC="0.99" CC="060033" STYLEREFS="TXT_3"/>
						<SP ID="P99_SP00006" HPOS="1478" VPOS="1010" WIDTH="107"/>
						<String ID="P99_ST00021" HPOS="1585" VPOS="944" WIDTH="594" HEIGHT="79" CONTENT="PORTFOLIO" WC="0.98" CC="245760365" STYLEREFS="TXT_3"/>
						<SP ID="P99_SP00007" HPOS="2179" VPOS="1023" WIDTH="0"/>
					</TextLine>
					<TextLine ID="P99_TL00003" HPOS="1689" VPOS="1045" WIDTH="1316" HEIGHT="72">
						<String ID="P99_ST00022" HPOS="1689" VPOS="1045" WIDTH="208" HEIGHT="72" CONTENT="OF" WC="0.51" CC="09" STYLEREFS="TXT_3"/>
						<SP ID="P99_SP00008" HPOS="1897" VPOS="1117" WIDTH="433"/>
						<String ID="P99_ST00023" HPOS="2330" VPOS="1048" WIDTH="64" HEIGHT="64" CONTENT="E" WC="0.29" CC="7" STYLEREFS="TXT_3"/>
						<SP ID="P99_SP00009" HPOS="2394" VPOS="1117" WIDTH="82"/>
						<String ID="P99_ST00024" HPOS="2476" VPOS="1048" WIDTH="53" HEIGHT="65" CONTENT="T" WC="0.28" CC="7" STYLEREFS="TXT_3"/>
						<SP ID="P99_SP00010" HPOS="2529" VPOS="1117" WIDTH="74"/>
						<String ID="P99_ST00025" HPOS="2603" VPOS="1049" WIDTH="66" HEIGHT="65" CONTENT="C" WC="0.42" CC="5" STYLEREFS="TXT_3"/>
						<SP ID="P99_SP00011" HPOS="2669" VPOS="1117" WIDTH="71"/>
						<String ID="P99_ST00026" HPOS="2740" VPOS="1051" WIDTH="80" HEIGHT="62" CONTENT="1/" WC="0.22" CC="87" STYLEREFS="TXT_3"/>
						<SP ID="P99_SP00012" HPOS="2820" VPOS="1117" WIDTH="59"/>
						<String ID="P99_ST00027" HPOS="2879" VPOS="1052" WIDTH="31" HEIGHT="61" CONTENT="I" WC="0.25" CC="7" STYLEREFS="TXT_3"/>
						<SP ID="P99_SP00013" HPOS="2910" VPOS="1117" WIDTH="61"/>
						<String ID="P99_ST00028" HPOS="2971" VPOS="1065" WIDTH="34" HEIGHT="50" CONTENT="/\" WC="0.23" CC="77" STYLEREFS="TXT_3"/>
						<SP ID="P99_SP00014" HPOS="3005" VPOS="1117" WIDTH="0"/>
					</TextLine>
					<TextLine ID="P99_TL00004" HPOS="820" VPOS="1128" WIDTH="1375" HEIGHT="113">
						<String ID="P99_ST00029" HPOS="820" VPOS="1128" WIDTH="17" HEIGHT="113" CONTENT="j" WC="0.13" CC="8" STYLEREFS="TXT_4"/>
						<SP ID="P99_SP00015" HPOS="837" VPOS="1241" WIDTH="44"/>
						<String ID="P99_ST00030" HPOS="881" VPOS="1150" WIDTH="132" HEIGHT="80" CONTENT="by" WC="0.72" CC="40" STYLEREFS="TXT_3"/>
						<SP ID="P99_SP00016" HPOS="1013" VPOS="1241" WIDTH="1099"/>
						<String ID="P99_ST00031" HPOS="2112" VPOS="1150" WIDTH="83" HEIGHT="66" CONTENT="E." WC="0.19" CC="87" STYLEREFS="TXT_3"/>
						<SP ID="P99_SP00017" HPOS="2195" VPOS="1241" WIDTH="-911"/>
						<String ID="P99_ST00032" HPOS="1284" VPOS="1148" WIDTH="450" HEIGHT="69" CONTENT="Gordon" WC="0.98" CC="151365" STYLEREFS="TXT_3"/>
						<SP ID="P99_SP00018" HPOS="2195" VPOS="1241" WIDTH="-374"/>
						<String ID="P99_ST00033" HPOS="1821" VPOS="1155" WIDTH="354" HEIGHT="75" CONTENT="Craig," WC="0.97" CC="727077" STYLEREFS="TXT_3"/>
					</TextLine>
					<TextLine ID="P99_TL00005" HPOS="528" VPOS="1231" WIDTH="1640" HEIGHT="31">
						<String ID="P99_ST00034" HPOS="528" VPOS="1231" WIDTH="80" HEIGHT="31" CONTENT="V.-FIVI-'" WC="0.46" CC="933887600" STYLEREFS="TXT_1"/>
						<SP ID="P99_SP00019" HPOS="608" VPOS="1262" WIDTH="99"/>
						<String ID="P99_ST00035" HPOS="707" VPOS="1231" WIDTH="52" HEIGHT="31" CONTENT="I" WC="0.99" CC="0" STYLEREFS="TXT_1"/>
						<SP ID="P99_SP00020" HPOS="759" VPOS="1262" WIDTH="52"/>
						<String ID="P99_ST00036" HPOS="811" VPOS="1231" WIDTH="24" HEIGHT="14" CONTENT="£W" WC="0.12" CC="79" STYLEREFS="TXT_1"/>
						<SP ID="P99_SP00021" HPOS="835" VPOS="1262" WIDTH="172"/>
						<String ID="P99_ST00037" HPOS="1007" VPOS="1242" WIDTH="71" HEIGHT="7" CONTENT="»■■»■■" WC="0.64" CC="621611" STYLEREFS="TXT_1"/>
						<SP ID="P99_SP00022" HPOS="1078" VPOS="1262" WIDTH="136"/>
						<String ID="P99_ST00038" HPOS="1214" VPOS="1231" WIDTH="4" HEIGHT="31" CONTENT="■" WC="0.77" CC="2" STYLEREFS="TXT_1"/>
						<SP ID="P99_SP00023" HPOS="1218" VPOS="1262" WIDTH="265"/>
						<String ID="P99_ST00039" HPOS="1483" VPOS="1244" WIDTH="22" HEIGHT="6" CONTENT="mm" WC="0.17" CC="96" STYLEREFS="TXT_5"/>
						<String ID="P99_ST00040" HPOS="1551" VPOS="1231" WIDTH="33" HEIGHT="31" CONTENT="R^—■" WC="0.35" CC="8882" STYLEREFS="TXT_1"/>
						<SP ID="P99_SP00024" HPOS="1584" VPOS="1262" WIDTH="17"/>
						<String ID="P99_ST00041" HPOS="1601" VPOS="1244" WIDTH="54" HEIGHT="7" CONTENT="..IN—" WC="0.96" CC="66088" STYLEREFS="TXT_1"/>
						<SP ID="P99_SP00025" HPOS="1655" VPOS="1262" WIDTH="37"/>
						<String ID="P99_ST00042" HPOS="1692" VPOS="1245" WIDTH="476" HEIGHT="17" CONTENT="TTRFNMN——M—WMHIKMCIJ]—.MT" WC="0.21" CC="8888888887877877767978387" STYLEREFS="TXT_1"/>
					</TextLine>
					<TextLine ID="P99_TL00006" HPOS="555" VPOS="1322" WIDTH="2085" HEIGHT="59">
						<String ID="P99_ST00043" HPOS="555" VPOS="1326" WIDTH="194" HEIGHT="41" CONTENT="second" WC="0.99" CC="000007"/>
						<SP ID="P99_SP00026" HPOS="749" VPOS="1367" WIDTH="53"/>
						<String ID="P99_ST00044" HPOS="802" VPOS="1325" WIDTH="167" HEIGHT="42" CONTENT="series" WC="0.98" CC="055323"/>
						<SP ID="P99_SP00027" HPOS="969" VPOS="1367" WIDTH="52"/>
						<String ID="P99_ST00045" HPOS="1021" VPOS="1322" WIDTH="53" HEIGHT="44" CONTENT="of" WC="0.43" CC="65"/>
						<SP ID="P99_SP00028" HPOS="1074" VPOS="1367" WIDTH="51"/>
						<String ID="P99_ST00046" HPOS="1125" VPOS="1324" WIDTH="254" HEIGHT="52" CONTENT="Etchings" WC="0.98" CC="64066450"/>
						<SP ID="P99_SP00029" HPOS="1379" VPOS="1376" WIDTH="34"/>
						<String ID="P99_ST00047" HPOS="1413" VPOS="1326" WIDTH="66" HEIGHT="50" CONTENT="by" WC="0.65" CC="33"/>
						<SP ID="P99_SP00030" HPOS="1479" VPOS="1376" WIDTH="33"/>
						<String ID="P99_ST00048" HPOS="1512" VPOS="1326" WIDTH="83" HEIGHT="40" CONTENT="Mr" WC="0.42" CC="55"/>
						<SP ID="P99_SP00031" HPOS="1595" VPOS="1376" WIDTH="52"/>
						<String ID="P99_ST00049" HPOS="1647" VPOS="1325" WIDTH="209" HEIGHT="42" CONTENT="Gordon" WC="0.99" CC="700002"/>
						<SP ID="P99_SP00032" HPOS="1856" VPOS="1376" WIDTH="37"/>
						<String ID="P99_ST00050" HPOS="1893" VPOS="1326" WIDTH="155" HEIGHT="52" CONTENT="Craig" WC="0.97" CC="80509"/>
						<SP ID="P99_SP00033" HPOS="2048" VPOS="1378" WIDTH="32"/>
						<String ID="P99_ST00051" HPOS="2080" VPOS="1327" WIDTH="93" HEIGHT="42" CONTENT="has" WC="0.96" CC="560"/>
						<SP ID="P99_SP00034" HPOS="2173" VPOS="1378" WIDTH="47"/>
						<String ID="P99_ST00052" HPOS="2220" VPOS="1327" WIDTH="241" HEIGHT="54" CONTENT="recently" WC="1.00" CC="00000063"/>
						<SP ID="P99_SP00035" HPOS="2461" VPOS="1381" WIDTH="46"/>
						<String ID="P99_ST00053" HPOS="2507" VPOS="1330" WIDTH="133" HEIGHT="39" CONTENT="been" WC="0.98" CC="7002"/>
					</TextLine>
					<TextLine ID="P99_TL00007" HPOS="517" VPOS="1406" WIDTH="1887" HEIGHT="60">
						<String ID="P99_ST00054" HPOS="517" VPOS="1415" WIDTH="199" HEIGHT="50" CONTENT="issued," WC="0.98" CC="0190994"/>
						<SP ID="P99_SP00036" HPOS="716" VPOS="1465" WIDTH="33"/>
						<String ID="P99_ST00055" HPOS="749" VPOS="1412" WIDTH="236" HEIGHT="53" CONTENT="forming" WC="0.99" CC="7000640"/>
						<SP ID="P99_SP00037" HPOS="985" VPOS="1465" WIDTH="32"/>
						<String ID="P99_ST00056" HPOS="1017" VPOS="1425" WIDTH="29" HEIGHT="29" CONTENT="a" WC="1.00" CC="0"/>
						<SP ID="P99_SP00038" HPOS="1046" VPOS="1465" WIDTH="33"/>
						<String ID="P99_ST00057" HPOS="1079" VPOS="1412" WIDTH="314" HEIGHT="51" CONTENT="companion" WC="0.99" CC="009500571"/>
						<SP ID="P99_SP00039" HPOS="1393" VPOS="1465" WIDTH="35"/>
						<String ID="P99_ST00058" HPOS="1428" VPOS="1410" WIDTH="263" HEIGHT="43" CONTENT="Portfolio" WC="0.99" CC="514506050"/>
						<SP ID="P99_SP00040" HPOS="1691" VPOS="1465" WIDTH="32"/>
						<String ID="P99_ST00059" HPOS="1723" VPOS="1415" WIDTH="57" HEIGHT="38" CONTENT="to" WC="0.76" CC="40"/>
						<SP ID="P99_SP00041" HPOS="1780" VPOS="1465" WIDTH="33"/>
						<String ID="P99_ST00060" HPOS="1813" VPOS="1412" WIDTH="122" HEIGHT="42" CONTENT="that" WC="1.00" CC="0200"/>
						<SP ID="P99_SP00042" HPOS="1935" VPOS="1465" WIDTH="32"/>
						<String ID="P99_ST00061" HPOS="1967" VPOS="1406" WIDTH="264" HEIGHT="50" CONTENT="issued'in" WC="0.79" CC="500010145"/>
						<SP ID="P99_SP00043" HPOS="2231" VPOS="1465" WIDTH="36"/>
						<String ID="P99_ST00062" HPOS="2267" VPOS="1415" WIDTH="137" HEIGHT="51" CONTENT="1908." WC="0.69" CC="07024"/>
					</TextLine>
					<TextLine ID="P99_TL00008" HPOS="426" VPOS="1500" WIDTH="2217" HEIGHT="53">
						<String ID="P99_ST00063" HPOS="426" VPOS="1512" WIDTH="64" HEIGHT="34" CONTENT="j&amp;" WC="0.30" CC="85"/>
						<SP ID="P99_SP00044" HPOS="490" VPOS="1546" WIDTH="33"/>
						<String ID="P99_ST00064" HPOS="523" VPOS="1501" WIDTH="168" HEIGHT="42" CONTENT="These" WC="0.98" CC="46000"/>
						<SP ID="P99_SP00045" HPOS="691" VPOS="1546" WIDTH="31"/>
						<String ID="P99_ST00065" HPOS="722" VPOS="1503" WIDTH="266" HEIGHT="50" CONTENT="etchings," WC="1.00" CC="100000073"/>
						<SP ID="P99_SP00046" HPOS="988" VPOS="1553" WIDTH="31"/>
						<String ID="P99_ST00066" HPOS="1019" VPOS="1513" WIDTH="58" HEIGHT="30" CONTENT="as" WC="1.00" CC="00"/>
						<SP ID="P99_SP00047" HPOS="1077" VPOS="1553" WIDTH="31"/>
						<String ID="P99_ST00067" HPOS="1108" VPOS="1501" WIDTH="154" HEIGHT="41" CONTENT="those" WC="1.00" CC="00000"/>
						<SP ID="P99_SP00048" HPOS="1262" VPOS="1553" WIDTH="32"/>
						<String ID="P99_ST00068" HPOS="1294" VPOS="1500" WIDTH="286" HEIGHT="42" CONTENT="contained" WC="1.00" CC="010015000"/>
						<SP ID="P99_SP00049" HPOS="1580" VPOS="1553" WIDTH="55"/>
						<String ID="P99_ST00069" HPOS="1635" VPOS="1500" WIDTH="55" HEIGHT="41" CONTENT="In" WC="0.89" CC="20"/>
						<SP ID="P99_SP00050" HPOS="1690" VPOS="1553" WIDTH="53"/>
						<String ID="P99_ST00070" HPOS="1743" VPOS="1500" WIDTH="94" HEIGHT="42" CONTENT="the" WC="0.98" CC="040"/>
						<SP ID="P99_SP00051" HPOS="1837" VPOS="1553" WIDTH="52"/>
						<String ID="P99_ST00071" HPOS="1889" VPOS="1503" WIDTH="248" HEIGHT="48" CONTENT="previous" WC="0.99" CC="53350300"/>
						<SP ID="P99_SP00052" HPOS="2137" VPOS="1553" WIDTH="53"/>
						<String ID="P99_ST00072" HPOS="2190" VPOS="1501" WIDTH="279" HEIGHT="50" CONTENT="Portfolio," WC="0.99" CC="2000901353"/>
						<SP ID="P99_SP00053" HPOS="2469" VPOS="1553" WIDTH="33"/>
						<String ID="P99_ST00073" HPOS="2502" VPOS="1512" WIDTH="141" HEIGHT="33" CONTENT="were" WC="0.97" CC="5233"/>
					</TextLine>
					<TextLine ID="P99_TL00009" HPOS="428" VPOS="1588" WIDTH="2216" HEIGHT="54">
						<String ID="P99_ST00074" HPOS="428" VPOS="1593" WIDTH="151" HEIGHT="39" CONTENT="made" WC="1.00" CC="0002"/>
						<SP ID="P99_SP00054" HPOS="579" VPOS="1632" WIDTH="34"/>
						<String ID="P99_ST00075" HPOS="613" VPOS="1593" WIDTH="66" HEIGHT="49" CONTENT="by" WC="0.69" CC="60"/>
						<SP ID="P99_SP00055" HPOS="679" VPOS="1642" WIDTH="31"/>
						<String ID="P99_ST00076" HPOS="710" VPOS="1592" WIDTH="95" HEIGHT="40" CONTENT="the" WC="0.98" CC="031"/>
						<SP ID="P99_SP00056" HPOS="805" VPOS="1642" WIDTH="33"/>
						<String ID="P99_ST00077" HPOS="838" VPOS="1590" WIDTH="160" HEIGHT="42" CONTENT="artist" WC="0.99" CC="120200"/>
						<SP ID="P99_SP00057" HPOS="998" VPOS="1642" WIDTH="32"/>
						<String ID="P99_ST00078" HPOS="1030" VPOS="1592" WIDTH="58" HEIGHT="40" CONTENT="at" WC="1.00" CC="00"/>
						<SP ID="P99_SP00058" HPOS="1088" VPOS="1642" WIDTH="31"/>
						<String ID="P99_ST00079" HPOS="1119" VPOS="1589" WIDTH="271" HEIGHT="52" CONTENT="Florence," WC="0.99" CC="773001401"/>
						<SP ID="P99_SP00059" HPOS="1390" VPOS="1642" WIDTH="41"/>
						<String ID="P99_ST00080" HPOS="1431" VPOS="1590" WIDTH="102" HEIGHT="41" CONTENT="and" WC="0.96" CC="900"/>
						<SP ID="P99_SP00060" HPOS="1533" VPOS="1642" WIDTH="34"/>
						<String ID="P99_ST00081" HPOS="1567" VPOS="1600" WIDTH="29" HEIGHT="30" CONTENT="a" WC="0.90" CC="0"/>
						<SP ID="P99_SP00061" HPOS="1596" VPOS="1642" WIDTH="32"/>
						<String ID="P99_ST00082" HPOS="1628" VPOS="1589" WIDTH="103" HEIGHT="42" CONTENT="few" WC="0.94" CC="906"/>
						<SP ID="P99_SP00062" HPOS="1731" VPOS="1642" WIDTH="33"/>
						<String ID="P99_ST00083" HPOS="1764" VPOS="1588" WIDTH="53" HEIGHT="43" CONTENT="of" WC="1.00" CC="00"/>
						<SP ID="P99_SP00063" HPOS="1817" VPOS="1642" WIDTH="29"/>
						<String ID="P99_ST00084" HPOS="1846" VPOS="1590" WIDTH="94" HEIGHT="41" CONTENT="the" WC="1.00" CC="000"/>
						<SP ID="P99_SP00064" HPOS="1940" VPOS="1642" WIDTH="33"/>
						<String ID="P99_ST00085" HPOS="1973" VPOS="1590" WIDTH="170" HEIGHT="50" CONTENT="plates" WC="1.00" CC="020030"/>
						<SP ID="P99_SP00065" HPOS="2143" VPOS="1642" WIDTH="35"/>
						<String ID="P99_ST00086" HPOS="2178" VPOS="1602" WIDTH="90" HEIGHT="29" CONTENT="are" WC="0.98" CC="014"/>
						<SP ID="P99_SP00066" HPOS="2268" VPOS="1642" WIDTH="33"/>
						<String ID="P99_ST00087" HPOS="2301" VPOS="1603" WIDTH="30" HEIGHT="29" CONTENT="a" WC="1.00" CC="0"/>
						<SP ID="P99_SP00067" HPOS="2331" VPOS="1642" WIDTH="31"/>
						<String ID="P99_ST00088" HPOS="2362" VPOS="1592" WIDTH="251" HEIGHT="40" CONTENT="continua" SUBS_TYPE="HypPart1" SUBS_CONTENT="continuation" WC="1.00" CC="02000000"/>
						<HYP HPOS="2613" VPOS="1592" WIDTH="31" CONTENT="-"/>
					</TextLine>
					<TextLine ID="P99_TL00010" HPOS="426" VPOS="1678" WIDTH="1740" HEIGHT="44">
						<String ID="P99_ST00089" HPOS="426" VPOS="1679" WIDTH="118" HEIGHT="42" CONTENT="tion" SUBS_TYPE="HypPart2" SUBS_CONTENT="continuation" WC="0.97" CC="0354"/>
						<SP ID="P99_SP00068" HPOS="544" VPOS="1721" WIDTH="33"/>
						<String ID="P99_ST00090" HPOS="577" VPOS="1679" WIDTH="55" HEIGHT="42" CONTENT="of" WC="1.00" CC="00"/>
						<SP ID="P99_SP00069" HPOS="632" VPOS="1721" WIDTH="31"/>
						<String ID="P99_ST00091" HPOS="663" VPOS="1680" WIDTH="92" HEIGHT="41" CONTENT="the" WC="0.99" CC="030"/>
						<SP ID="P99_SP00070" HPOS="755" VPOS="1721" WIDTH="33"/>
						<String ID="P99_ST00092" HPOS="788" VPOS="1678" WIDTH="126" HEIGHT="43" CONTENT="first" WC="0.98" CC="61230"/>
						<SP ID="P99_SP00071" HPOS="914" VPOS="1721" WIDTH="469"/>
						<String ID="P99_ST00093" HPOS="1383" VPOS="1687" WIDTH="63" HEIGHT="35" CONTENT="j&amp;" WC="0.17" CC="96" STYLEREFS="TXT_6"/>
						<SP ID="P99_SP00072" HPOS="1446" VPOS="1722" WIDTH="178"/>
						<String ID="P99_ST00094" HPOS="1624" VPOS="1687" WIDTH="65" HEIGHT="33" CONTENT="j&amp;" WC="0.16" CC="96" STYLEREFS="TXT_6"/>
						<SP ID="P99_SP00073" HPOS="1689" VPOS="1722" WIDTH="175"/>
						<String ID="P99_ST00095" HPOS="1864" VPOS="1686" WIDTH="64" HEIGHT="34" CONTENT="j&amp;" WC="0.12" CC="97" STYLEREFS="TXT_6"/>
						<SP ID="P99_SP00074" HPOS="1928" VPOS="1722" WIDTH="175"/>
						<String ID="P99_ST00096" HPOS="2103" VPOS="1686" WIDTH="63" HEIGHT="34" CONTENT="u&amp;" WC="0.21" CC="78" STYLEREFS="TXT_6"/>
					</TextLine>
					<TextLine ID="P99_TL00011" HPOS="430" VPOS="1763" WIDTH="2214" HEIGHT="56">
						<String ID="P99_ST00097" HPOS="430" VPOS="1777" WIDTH="65" HEIGHT="34" CONTENT="&amp;" WC="0.15" CC="8"/>
						<SP ID="P99_SP00075" HPOS="495" VPOS="1811" WIDTH="32"/>
						<String ID="P99_ST00098" HPOS="527" VPOS="1768" WIDTH="325" HEIGHT="48" CONTENT="Connected," WC="1.00" CC="7100000004"/>
						<SP ID="P99_SP00076" HPOS="852" VPOS="1816" WIDTH="30"/>
						<String ID="P99_ST00099" HPOS="882" VPOS="1778" WIDTH="56" HEIGHT="29" CONTENT="as" WC="0.92" CC="01"/>
						<SP ID="P99_SP00077" HPOS="938" VPOS="1816" WIDTH="32"/>
						<String ID="P99_ST00100" HPOS="970" VPOS="1777" WIDTH="108" HEIGHT="32" CONTENT="was" WC="1.00" CC="000"/>
						<SP ID="P99_SP00078" HPOS="1078" VPOS="1816" WIDTH="33"/>
						<String ID="P99_ST00101" HPOS="1111" VPOS="1767" WIDTH="140" HEIGHT="49" CONTENT="that," WC="0.99" CC="00800"/>
						<SP ID="P99_SP00079" HPOS="1251" VPOS="1816" WIDTH="30"/>
						<String ID="P99_ST00102" HPOS="1281" VPOS="1767" WIDTH="131" HEIGHT="39" CONTENT="with" WC="0.99" CC="0006"/>
						<SP ID="P99_SP00080" HPOS="1412" VPOS="1816" WIDTH="35"/>
						<String ID="P99_ST00103" HPOS="1447" VPOS="1766" WIDTH="83" HEIGHT="41" CONTENT="his" WC="1.00" CC="000"/>
						<SP ID="P99_SP00081" HPOS="1530" VPOS="1816" WIDTH="33"/>
						<String ID="P99_ST00104" HPOS="1563" VPOS="1766" WIDTH="180" HEIGHT="40" CONTENT="dream" WC="1.00" CC="00100"/>
						<SP ID="P99_SP00082" HPOS="1743" VPOS="1816" WIDTH="36"/>
						<String ID="P99_ST00105" HPOS="1779" VPOS="1763" WIDTH="55" HEIGHT="43" CONTENT="of" WC="1.00" CC="00"/>
						<SP ID="P99_SP00083" HPOS="1834" VPOS="1816" WIDTH="20"/>
						<String ID="P99_ST00106" HPOS="1854" VPOS="1776" WIDTH="67" HEIGHT="30" CONTENT="an" WC="1.00" CC="00"/>
						<SP ID="P99_SP00084" HPOS="1921" VPOS="1816" WIDTH="24"/>
						<String ID="P99_ST00107" HPOS="1945" VPOS="1764" WIDTH="137" HEIGHT="42" CONTENT="Ideal" WC="0.98" CC="60403"/>
						<SP ID="P99_SP00085" HPOS="2082" VPOS="1816" WIDTH="26"/>
						<String ID="P99_ST00108" HPOS="2108" VPOS="1764" WIDTH="228" HEIGHT="43" CONTENT="Theatre" WC="0.99" CC="4001600"/>
						<SP ID="P99_SP00086" HPOS="2336" VPOS="1816" WIDTH="22"/>
						<String ID="P99_ST00109" HPOS="2358" VPOS="1767" WIDTH="130" HEIGHT="52" CONTENT="they" WC="0.97" CC="6240"/>
						<SP ID="P99_SP00087" HPOS="2488" VPOS="1819" WIDTH="22"/>
						<String ID="P99_ST00110" HPOS="2510" VPOS="1767" WIDTH="134" HEIGHT="40" CONTENT="have" WC="0.99" CC="0030"/>
					</TextLine>
					<TextLine ID="P99_TL00012" HPOS="426" VPOS="1852" WIDTH="2219" HEIGHT="55">
						<String ID="P99_ST00111" HPOS="426" VPOS="1856" WIDTH="58" HEIGHT="42" CONTENT="In" WC="0.67" CC="60"/>
						<SP ID="P99_SP00088" HPOS="484" VPOS="1898" WIDTH="34"/>
						<String ID="P99_ST00112" HPOS="518" VPOS="1866" WIDTH="68" HEIGHT="30" CONTENT="no" WC="1.00" CC="00"/>
						<SP ID="P99_SP00089" HPOS="586" VPOS="1898" WIDTH="32"/>
						<String ID="P99_ST00113" HPOS="618" VPOS="1866" WIDTH="116" HEIGHT="41" CONTENT="way" WC="1.00" CC="000"/>
						<SP ID="P99_SP00090" HPOS="734" VPOS="1907" WIDTH="30"/>
						<String ID="P99_ST00114" HPOS="764" VPOS="1854" WIDTH="263" HEIGHT="53" CONTENT="anything" WC="1.00" CC="00001000"/>
						<SP ID="P99_SP00091" HPOS="1027" VPOS="1907" WIDTH="52"/>
						<String ID="P99_ST00115" HPOS="1079" VPOS="1854" WIDTH="53" HEIGHT="40" CONTENT="in" WC="0.71" CC="05"/>
						<SP ID="P99_SP00092" HPOS="1132" VPOS="1907" WIDTH="54"/>
						<String ID="P99_ST00116" HPOS="1186" VPOS="1865" WIDTH="242" HEIGHT="29" CONTENT="common" WC="0.99" CC="008000"/>
						<SP ID="P99_SP00093" HPOS="1428" VPOS="1907" WIDTH="47"/>
						<String ID="P99_ST00117" HPOS="1475" VPOS="1852" WIDTH="131" HEIGHT="42" CONTENT="with" WC="0.99" CC="0003"/>
						<SP ID="P99_SP00094" HPOS="1606" VPOS="1907" WIDTH="36"/>
						<String ID="P99_ST00118" HPOS="1642" VPOS="1853" WIDTH="91" HEIGHT="41" CONTENT="the" WC="0.98" CC="004"/>
						<SP ID="P99_SP00095" HPOS="1733" VPOS="1907" WIDTH="36"/>
						<String ID="P99_ST00119" HPOS="1769" VPOS="1853" WIDTH="219" HEIGHT="41" CONTENT="modern" WC="1.00" CC="030000"/>
						<SP ID="P99_SP00096" HPOS="1988" VPOS="1907" WIDTH="33"/>
						<String ID="P99_ST00120" HPOS="2021" VPOS="1854" WIDTH="173" HEIGHT="50" CONTENT="stage," WC="0.99" CC="000043"/>
						<SP ID="P99_SP00097" HPOS="2194" VPOS="1907" WIDTH="36"/>
						<String ID="P99_ST00121" HPOS="2230" VPOS="1854" WIDTH="96" HEIGHT="41" CONTENT="but" WC="0.97" CC="340"/>
						<SP ID="P99_SP00098" HPOS="2326" VPOS="1907" WIDTH="32"/>
						<String ID="P99_ST00122" HPOS="2358" VPOS="1853" WIDTH="131" HEIGHT="42" CONTENT="with" WC="0.98" CC="0604"/>
						<SP ID="P99_SP00099" HPOS="2489" VPOS="1907" WIDTH="34"/>
						<String ID="P99_ST00123" HPOS="2523" VPOS="1853" WIDTH="122" HEIGHT="43" CONTENT="that" WC="0.96" CC="6606"/>
					</TextLine>
					<TextLine ID="P99_TL00013" HPOS="426" VPOS="1940" WIDTH="2219" HEIGHT="52">
						<String ID="P99_ST00124" HPOS="426" VPOS="1943" WIDTH="320" HEIGHT="47" CONTENT="Movement," WC="0.99" CC="900300504"/>
						<SP ID="P99_SP00100" HPOS="746" VPOS="1990" WIDTH="35"/>
						<String ID="P99_ST00125" HPOS="781" VPOS="1942" WIDTH="190" HEIGHT="50" CONTENT="which," WC="0.99" CC="000052"/>
						<SP ID="P99_SP00101" HPOS="971" VPOS="1992" WIDTH="33"/>
						<String ID="P99_ST00126" HPOS="1004" VPOS="1942" WIDTH="181" HEIGHT="41" CONTENT="writes" WC="1.00" CC="000200"/>
						<SP ID="P99_SP00102" HPOS="1185" VPOS="1992" WIDTH="33"/>
						<String ID="P99_ST00127" HPOS="1218" VPOS="1942" WIDTH="81" HEIGHT="39" CONTENT="Mr" WC="1.00" CC="00"/>
						<SP ID="P99_SP00103" HPOS="1299" VPOS="1992" WIDTH="30"/>
						<String ID="P99_ST00128" HPOS="1329" VPOS="1942" WIDTH="174" HEIGHT="50" CONTENT="Craig," WC="0.98" CC="000494"/>
						<SP ID="P99_SP00104" HPOS="1503" VPOS="1992" WIDTH="32"/>
						<String ID="P99_ST00129" HPOS="1535" VPOS="1941" WIDTH="34" HEIGHT="20" CONTENT='"' WC="1.00" CC="0"/>
						<SP ID="P99_SP00105" HPOS="1569" VPOS="1992" WIDTH="33"/>
						<String ID="P99_ST00130" HPOS="1602" VPOS="1951" WIDTH="110" HEIGHT="32" CONTENT="was" WC="1.00" CC="000"/>
						<SP ID="P99_SP00106" HPOS="1712" VPOS="1992" WIDTH="31"/>
						<String ID="P99_ST00131" HPOS="1743" VPOS="1942" WIDTH="59" HEIGHT="39" CONTENT="at" WC="0.73" CC="05"/>
						<SP ID="P99_SP00107" HPOS="1802" VPOS="1992" WIDTH="37"/>
						<String ID="P99_ST00132" HPOS="1839" VPOS="1941" WIDTH="91" HEIGHT="40" CONTENT="the" WC="0.97" CC="070"/>
						<SP ID="P99_SP00108" HPOS="1930" VPOS="1992" WIDTH="47"/>
						<String ID="P99_ST00133" HPOS="1977" VPOS="1943" WIDTH="150" HEIGHT="40" CONTENT="roots" WC="1.00" CC="00000"/>
						<SP ID="P99_SP00109" HPOS="2127" VPOS="1992" WIDTH="51"/>
						<String ID="P99_ST00134" HPOS="2178" VPOS="1941" WIDTH="54" HEIGHT="42" CONTENT="of" WC="0.78" CC="04"/>
						<SP ID="P99_SP00110" HPOS="2232" VPOS="1992" WIDTH="43"/>
						<String ID="P99_ST00135" HPOS="2275" VPOS="1942" WIDTH="94" HEIGHT="41" CONTENT="the" WC="0.98" CC="050"/>
						<SP ID="P99_SP00111" HPOS="2369" VPOS="1992" WIDTH="49"/>
						<String ID="P99_ST00136" HPOS="2418" VPOS="1940" WIDTH="227" HEIGHT="43" CONTENT="Ancient" WC="1.00" CC="5000000"/>
					</TextLine>
					<TextLine ID="P99_TL00014" HPOS="425" VPOS="2028" WIDTH="2218" HEIGHT="54">
						<String ID="P99_ST00137" HPOS="425" VPOS="2032" WIDTH="36" HEIGHT="22" CONTENT='"' WC="0.66" CC="3"/>
						<SP ID="P99_SP00112" HPOS="461" VPOS="2054" WIDTH="33"/>
						<String ID="P99_ST00138" HPOS="494" VPOS="2030" WIDTH="230" HEIGHT="42" CONTENT="Theatre" WC="0.99" CC="0040042"/>
						<SP ID="P99_SP00113" HPOS="724" VPOS="2072" WIDTH="33"/>
						<String ID="P99_ST00139" HPOS="757" VPOS="2031" WIDTH="102" HEIGHT="41" CONTENT="and" WC="1.00" CC="010"/>
						<SP ID="P99_SP00114" HPOS="859" VPOS="2072" WIDTH="33"/>
						<String ID="P99_ST00140" HPOS="892" VPOS="2030" WIDTH="110" HEIGHT="42" CONTENT="will" WC="0.96" CC="0277"/>
						<SP ID="P99_SP00115" HPOS="1002" VPOS="2072" WIDTH="34"/>
						<String ID="P99_ST00141" HPOS="1036" VPOS="2041" WIDTH="126" HEIGHT="32" CONTENT="ever" WC="1.00" CC="0000"/>
						<SP ID="P99_SP00116" HPOS="1162" VPOS="2073" WIDTH="34"/>
						<String ID="P99_ST00142" HPOS="1196" VPOS="2031" WIDTH="203" HEIGHT="41" CONTENT="remain" WC="0.99" CC="080004"/>
						<SP ID="P99_SP00117" HPOS="1399" VPOS="2073" WIDTH="33"/>
						<String ID="P99_ST00143" HPOS="1432" VPOS="2030" WIDTH="93" HEIGHT="40" CONTENT="the" WC="0.98" CC="004"/>
						<SP ID="P99_SP00118" HPOS="1525" VPOS="2073" WIDTH="33"/>
						<String ID="P99_ST00144" HPOS="1558" VPOS="2040" WIDTH="131" HEIGHT="42" CONTENT="very" WC="1.00" CC="0000"/>
						<SP ID="P99_SP00119" HPOS="1689" VPOS="2082" WIDTH="31"/>
						<String ID="P99_ST00145" HPOS="1720" VPOS="2028" WIDTH="227" HEIGHT="45" CONTENT="Essence" WC="0.99" CC="6000414"/>
						<SP ID="P99_SP00120" HPOS="1947" VPOS="2082" WIDTH="33"/>
						<String ID="P99_ST00146" HPOS="1980" VPOS="2030" WIDTH="54" HEIGHT="40" CONTENT="of" WC="0.66" CC="06"/>
						<SP ID="P99_SP00121" HPOS="2034" VPOS="2082" WIDTH="29"/>
						<String ID="P99_ST00147" HPOS="2063" VPOS="2031" WIDTH="94" HEIGHT="39" CONTENT="the" WC="0.99" CC="002"/>
						<SP ID="P99_SP00122" HPOS="2157" VPOS="2082" WIDTH="33"/>
						<String ID="P99_ST00148" HPOS="2190" VPOS="2028" WIDTH="172" HEIGHT="45" CONTENT='Art".' WC="0.98" CC="60032"/>
						<SP ID="P99_SP00123" HPOS="2362" VPOS="2082" WIDTH="218"/>
						<String ID="P99_ST00149" HPOS="2580" VPOS="2039" WIDTH="63" HEIGHT="34" CONTENT="j&amp;" WC="0.20" CC="87" STYLEREFS="TXT_6"/>
					</TextLine>
					<TextLine ID="P99_TL00015" HPOS="525" VPOS="2206" WIDTH="2118" HEIGHT="54">
						<String ID="P99_ST00150" HPOS="525" VPOS="2206" WIDTH="135" HEIGHT="54" CONTENT="Only" WC="0.98" CC="3060"/>
						<SP ID="P99_SP00124" HPOS="660" VPOS="2260" WIDTH="29"/>
						<String ID="P99_ST00151" HPOS="689" VPOS="2208" WIDTH="176" HEIGHT="50" CONTENT="thirty" WC="0.99" CC="035000"/>
						<SP ID="P99_SP00125" HPOS="865" VPOS="2260" WIDTH="31"/>
						<String ID="P99_ST00152" HPOS="896" VPOS="2206" WIDTH="281" HEIGHT="54" CONTENT="portfolios" WC="1.00" CC="0000600600"/>
						<SP ID="P99_SP00126" HPOS="1177" VPOS="2260" WIDTH="52"/>
						<String ID="P99_ST00153" HPOS="1229" VPOS="2219" WIDTH="90" HEIGHT="32" CONTENT="are" WC="1.00" CC="000"/>
						<SP ID="P99_SP00127" HPOS="1319" VPOS="2260" WIDTH="48"/>
						<String ID="P99_ST00154" HPOS="1367" VPOS="2209" WIDTH="159" HEIGHT="51" CONTENT="being" WC="0.99" CC="40000"/>
						<SP ID="P99_SP00128" HPOS="1526" VPOS="2260" WIDTH="51"/>
						<String ID="P99_ST00155" HPOS="1577" VPOS="2209" WIDTH="198" HEIGHT="49" CONTENT="issued," WC="0.99" CC="4006004"/>
						<SP ID="P99_SP00129" HPOS="1775" VPOS="2260" WIDTH="47"/>
						<String ID="P99_ST00156" HPOS="1822" VPOS="2206" WIDTH="259" HEIGHT="52" CONTENT="although" WC="0.99" CC="06640007"/>
						<SP ID="P99_SP00130" HPOS="2081" VPOS="2260" WIDTH="51"/>
						<String ID="P99_ST00157" HPOS="2132" VPOS="2220" WIDTH="30" HEIGHT="29" CONTENT="a" WC="0.31" CC="6"/>
						<SP ID="P99_SP00131" HPOS="2162" VPOS="2260" WIDTH="41"/>
						<String ID="P99_ST00158" HPOS="2203" VPOS="2206" WIDTH="104" HEIGHT="43" CONTENT="few" WC="1.00" CC="000"/>
						<SP ID="P99_SP00132" HPOS="2307" VPOS="2260" WIDTH="42"/>
						<String ID="P99_ST00159" HPOS="2349" VPOS="2208" WIDTH="294" HEIGHT="41" CONTENT="additional" WC="0.99" CC="2001030074"/>
					</TextLine>
					<TextLine ID="P99_TL00016" HPOS="430" VPOS="2293" WIDTH="2211" HEIGHT="54">
						<String ID="P99_ST00160" HPOS="430" VPOS="2295" WIDTH="175" HEIGHT="50" CONTENT="copies" WC="0.99" CC="100600"/>
						<SP ID="P99_SP00133" HPOS="605" VPOS="2345" WIDTH="32"/>
						<String ID="P99_ST00161" HPOS="637" VPOS="2293" WIDTH="55" HEIGHT="44" CONTENT="of" WC="0.82" CC="30"/>
						<SP ID="P99_SP00134" HPOS="692" VPOS="2345" WIDTH="29"/>
						<String ID="P99_ST00162" HPOS="721" VPOS="2305" WIDTH="145" HEIGHT="32" CONTENT="some" WC="1.00" CC="0002"/>
						<SP ID="P99_SP00135" HPOS="866" VPOS="2345" WIDTH="33"/>
						<String ID="P99_ST00163" HPOS="899" VPOS="2293" WIDTH="54" HEIGHT="44" CONTENT="of" WC="1.00" CC="00"/>
						<SP ID="P99_SP00136" HPOS="953" VPOS="2345" WIDTH="30"/>
						<String ID="P99_ST00164" HPOS="983" VPOS="2295" WIDTH="94" HEIGHT="42" CONTENT="the" WC="0.97" CC="402"/>
						<SP ID="P99_SP00137" HPOS="1077" VPOS="2345" WIDTH="30"/>
						<String ID="P99_ST00165" HPOS="1107" VPOS="2295" WIDTH="173" HEIGHT="52" CONTENT="plates" WC="0.99" CC="050050"/>
						<SP ID="P99_SP00138" HPOS="1280" VPOS="2347" WIDTH="32"/>
						<String ID="P99_ST00166" HPOS="1312" VPOS="2294" WIDTH="108" HEIGHT="42" CONTENT="will" WC="0.97" CC="0365"/>
						<SP ID="P99_SP00139" HPOS="1420" VPOS="2347" WIDTH="35"/>
						<String ID="P99_ST00167" HPOS="1455" VPOS="2296" WIDTH="62" HEIGHT="41" CONTENT="be" WC="0.77" CC="21"/>
						<SP ID="P99_SP00140" HPOS="1517" VPOS="2347" WIDTH="33"/>
						<String ID="P99_ST00168" HPOS="1550" VPOS="2295" WIDTH="216" HEIGHT="51" CONTENT="printed" WC="1.00" CC="0001000"/>
						<SP ID="P99_SP00141" HPOS="1766" VPOS="2347" WIDTH="32"/>
						<String ID="P99_ST00169" HPOS="1798" VPOS="2296" WIDTH="286" HEIGHT="50" CONTENT="according" WC="0.99" CC="933000430"/>
						<SP ID="P99_SP00142" HPOS="2084" VPOS="2347" WIDTH="52"/>
						<String ID="P99_ST00170" HPOS="2136" VPOS="2298" WIDTH="56" HEIGHT="39" CONTENT="to" WC="0.81" CC="30"/>
						<SP ID="P99_SP00143" HPOS="2192" VPOS="2347" WIDTH="48"/>
						<String ID="P99_ST00171" HPOS="2240" VPOS="2298" WIDTH="94" HEIGHT="39" CONTENT="the" WC="0.98" CC="030"/>
						<SP ID="P99_SP00144" HPOS="2334" VPOS="2347" WIDTH="33"/>
						<String ID="P99_ST00172" HPOS="2367" VPOS="2295" WIDTH="274" HEIGHT="43" CONTENT="condition" WC="1.00" CC="000000640"/>
					</TextLine>
					<TextLine ID="P99_TL00017" HPOS="429" VPOS="2383" WIDTH="1453" HEIGHT="53">
						<String ID="P99_ST00173" HPOS="429" VPOS="2383" WIDTH="53" HEIGHT="43" CONTENT="of" WC="0.77" CC="04"/>
						<SP ID="P99_SP00145" HPOS="482" VPOS="2426" WIDTH="31"/>
						<String ID="P99_ST00174" HPOS="513" VPOS="2385" WIDTH="92" HEIGHT="41" CONTENT="the" WC="0.96" CC="530"/>
						<SP ID="P99_SP00146" HPOS="605" VPOS="2426" WIDTH="31"/>
						<String ID="P99_ST00175" HPOS="636" VPOS="2383" WIDTH="161" HEIGHT="52" CONTENT="plate." WC="1.00" CC="010001"/>
						<SP ID="P99_SP00147" HPOS="797" VPOS="2435" WIDTH="32"/>
						<String ID="P99_ST00176" HPOS="829" VPOS="2383" WIDTH="107" HEIGHT="43" CONTENT="The" WC="0.99" CC="030"/>
						<SP ID="P99_SP00148" HPOS="936" VPOS="2435" WIDTH="31"/>
						<String ID="P99_ST00177" HPOS="967" VPOS="2383" WIDTH="174" HEIGHT="52" CONTENT="plates" WC="0.99" CC="920000"/>
						<SP ID="P99_SP00149" HPOS="1141" VPOS="2435" WIDTH="32"/>
						<String ID="P99_ST00178" HPOS="1173" VPOS="2383" WIDTH="107" HEIGHT="42" CONTENT="will" WC="0.99" CC="0003"/>
						<SP ID="P99_SP00150" HPOS="1280" VPOS="2435" WIDTH="32"/>
						<String ID="P99_ST00179" HPOS="1312" VPOS="2384" WIDTH="132" HEIGHT="42" CONTENT="then" WC="0.96" CC="3535"/>
						<SP ID="P99_SP00151" HPOS="1444" VPOS="2435" WIDTH="34"/>
						<String ID="P99_ST00180" HPOS="1478" VPOS="2384" WIDTH="63" HEIGHT="41" CONTENT="be" WC="0.75" CC="40"/>
						<SP ID="P99_SP00152" HPOS="1541" VPOS="2435" WIDTH="39"/>
						<String ID="P99_ST00181" HPOS="1580" VPOS="2384" WIDTH="302" HEIGHT="52" CONTENT="destroyed." WC="1.00" CC="0000000303"/>
						<SP ID="P99_SP00153" HPOS="1882" VPOS="2436" WIDTH="0"/>
					</TextLine>
					<TextLine ID="P99_TL00018" HPOS="425" VPOS="2559" WIDTH="2218" HEIGHT="54">
						<String ID="P99_ST00182" HPOS="425" VPOS="2569" WIDTH="65" HEIGHT="36" CONTENT="&amp;" WC="0.14" CC="8"/>
						<SP ID="P99_SP00154" HPOS="490" VPOS="2605" WIDTH="33"/>
						<String ID="P99_ST00183" HPOS="523" VPOS="2561" WIDTH="137" HEIGHT="44" CONTENT="Each" WC="0.99" CC="0024"/>
						<SP ID="P99_SP00155" HPOS="660" VPOS="2605" WIDTH="31"/>
						<String ID="P99_ST00184" HPOS="691" VPOS="2562" WIDTH="85" HEIGHT="42" CONTENT="set" WC="0.98" CC="040"/>
						<SP ID="P99_SP00156" HPOS="776" VPOS="2605" WIDTH="29"/>
						<String ID="P99_ST00185" HPOS="805" VPOS="2562" WIDTH="228" HEIGHT="40" CONTENT="consists" WC="1.00" CC="21200000"/>
						<SP ID="P99_SP00157" HPOS="1033" VPOS="2605" WIDTH="32"/>
						<String ID="P99_ST00186" HPOS="1065" VPOS="2561" WIDTH="54" HEIGHT="41" CONTENT="of" WC="0.65" CC="07"/>
						<SP ID="P99_SP00158" HPOS="1119" VPOS="2605" WIDTH="30"/>
						<String ID="P99_ST00187" HPOS="1149" VPOS="2559" WIDTH="190" HEIGHT="45" CONTENT="twelve" WC="0.99" CC="300700"/>
						<SP ID="P99_SP00159" HPOS="1339" VPOS="2605" WIDTH="34"/>
						<String ID="P99_ST00188" HPOS="1373" VPOS="2563" WIDTH="214" HEIGHT="50" CONTENT="designs" WC="1.00" CC="0004000"/>
						<SP ID="P99_SP00160" HPOS="1587" VPOS="2613" WIDTH="32"/>
						<String ID="P99_ST00189" HPOS="1619" VPOS="2561" WIDTH="204" HEIGHT="52" CONTENT="loosely" WC="0.99" CC="0000440"/>
						<SP ID="P99_SP00161" HPOS="1823" VPOS="2613" WIDTH="46"/>
						<String ID="P99_ST00190" HPOS="1869" VPOS="2564" WIDTH="255" HEIGHT="41" CONTENT="mounted" WC="0.98" CC="9900060"/>
						<SP ID="P99_SP00162" HPOS="2124" VPOS="2613" WIDTH="52"/>
						<String ID="P99_ST00191" HPOS="2176" VPOS="2573" WIDTH="69" HEIGHT="31" CONTENT="on" WC="0.91" CC="01"/>
						<SP ID="P99_SP00163" HPOS="2245" VPOS="2613" WIDTH="51"/>
						<String ID="P99_ST00192" HPOS="2296" VPOS="2563" WIDTH="192" HEIGHT="42" CONTENT="boards" WC="1.00" CC="110100"/>
						<SP ID="P99_SP00164" HPOS="2488" VPOS="2613" WIDTH="52"/>
						<String ID="P99_ST00193" HPOS="2540" VPOS="2563" WIDTH="103" HEIGHT="42" CONTENT="and" WC="0.95" CC="038"/>
					</TextLine>
					<TextLine ID="P99_TL00019" HPOS="429" VPOS="2649" WIDTH="2215" HEIGHT="54">
						<String ID="P99_ST00194" HPOS="429" VPOS="2651" WIDTH="348" HEIGHT="51" CONTENT="untrimmed," WC="0.86" CC="0000600203"/>
						<SP ID="P99_SP00165" HPOS="777" VPOS="2702" WIDTH="30"/>
						<String ID="P99_ST00195" HPOS="807" VPOS="2651" WIDTH="103" HEIGHT="40" CONTENT="and" WC="1.00" CC="010"/>
						<SP ID="P99_SP00166" HPOS="910" VPOS="2702" WIDTH="33"/>
						<String ID="P99_ST00196" HPOS="943" VPOS="2649" WIDTH="47" HEIGHT="42" CONTENT="Is" WC="0.69" CC="60"/>
						<SP ID="P99_SP00167" HPOS="990" VPOS="2702" WIDTH="31"/>
						<String ID="P99_ST00197" HPOS="1021" VPOS="2649" WIDTH="283" HEIGHT="42" CONTENT="contained" WC="0.99" CC="104006030"/>
						<SP ID="P99_SP00168" HPOS="1304" VPOS="2702" WIDTH="53"/>
						<String ID="P99_ST00198" HPOS="1357" VPOS="2651" WIDTH="56" HEIGHT="40" CONTENT="in" WC="0.88" CC="20"/>
						<SP ID="P99_SP00169" HPOS="1413" VPOS="2702" WIDTH="51"/>
						<String ID="P99_ST00199" HPOS="1464" VPOS="2662" WIDTH="30" HEIGHT="29" CONTENT="a" WC="1.00" CC="0"/>
						<SP ID="P99_SP00170" HPOS="1494" VPOS="2702" WIDTH="51"/>
						<String ID="P99_ST00200" HPOS="1545" VPOS="2661" WIDTH="130" HEIGHT="42" CONTENT="grey" WC="0.99" CC="0040"/>
						<SP ID="P99_SP00171" HPOS="1675" VPOS="2703" WIDTH="47"/>
						<String ID="P99_ST00201" HPOS="1722" VPOS="2653" WIDTH="100" HEIGHT="40" CONTENT="box" WC="0.96" CC="019"/>
						<SP ID="P99_SP00172" HPOS="1822" VPOS="2703" WIDTH="50"/>
						<String ID="P99_ST00202" HPOS="1872" VPOS="2651" WIDTH="252" HEIGHT="51" CONTENT="portfolio" WC="0.99" CC="005060700"/>
						<SP ID="P99_SP00173" HPOS="2124" VPOS="2703" WIDTH="38"/>
						<String ID="P99_ST00203" HPOS="2162" VPOS="2653" WIDTH="131" HEIGHT="41" CONTENT="with" WC="0.99" CC="0006"/>
						<SP ID="P99_SP00174" HPOS="2293" VPOS="2703" WIDTH="32"/>
						<String ID="P99_ST00204" HPOS="2325" VPOS="2649" WIDTH="319" HEIGHT="54" CONTENT="fastenings." WC="1.00" CC="00001050001"/>
					</TextLine>
					<TextLine ID="P99_TL00020" HPOS="2697" VPOS="2704" WIDTH="7" HEIGHT="9">
						<String ID="P99_ST00205" HPOS="2697" VPOS="2704" WIDTH="7" HEIGHT="9" CONTENT="4" WC="0.39" CC="6" STYLEREFS="TXT_1"/>
					</TextLine>
					<TextLine ID="P99_TL00021" HPOS="426" VPOS="2736" WIDTH="2219" HEIGHT="53">
						<String ID="P99_ST00206" HPOS="426" VPOS="2747" WIDTH="64" HEIGHT="33" CONTENT="s&amp;" WC="0.18" CC="96"/>
						<SP ID="P99_SP00175" HPOS="490" VPOS="2780" WIDTH="33"/>
						<String ID="P99_ST00207" HPOS="523" VPOS="2738" WIDTH="136" HEIGHT="45" CONTENT="Each" WC="0.98" CC="0800"/>
						<SP ID="P99_SP00176" HPOS="659" VPOS="2783" WIDTH="32"/>
						<String ID="P99_ST00208" HPOS="691" VPOS="2737" WIDTH="143" HEIGHT="51" CONTENT="plate" WC="0.97" CC="08805"/>
						<SP ID="P99_SP00177" HPOS="834" VPOS="2788" WIDTH="32"/>
						<String ID="P99_ST00209" HPOS="866" VPOS="2738" WIDTH="46" HEIGHT="41" CONTENT="is" WC="0.90" CC="10"/>
						<SP ID="P99_SP00178" HPOS="912" VPOS="2788" WIDTH="29"/>
						<String ID="P99_ST00210" HPOS="941" VPOS="2736" WIDTH="188" HEIGHT="52" CONTENT="signed" WC="0.98" CC="059300"/>
						<SP ID="P99_SP00179" HPOS="1129" VPOS="2788" WIDTH="34"/>
						<String ID="P99_ST00211" HPOS="1163" VPOS="2737" WIDTH="66" HEIGHT="51" CONTENT="by" WC="0.65" CC="60"/>
						<SP ID="P99_SP00180" HPOS="1229" VPOS="2788" WIDTH="30"/>
						<String ID="P99_ST00212" HPOS="1259" VPOS="2737" WIDTH="93" HEIGHT="41" CONTENT="the" WC="0.96" CC="450"/>
						<SP ID="P99_SP00181" HPOS="1352" VPOS="2788" WIDTH="33"/>
						<String ID="P99_ST00213" HPOS="1385" VPOS="2737" WIDTH="163" HEIGHT="42" CONTENT="artist" WC="0.99" CC="000600"/>
						<SP ID="P99_SP00182" HPOS="1548" VPOS="2788" WIDTH="32"/>
						<String ID="P99_ST00214" HPOS="1580" VPOS="2738" WIDTH="102" HEIGHT="41" CONTENT="and" WC="1.00" CC="000"/>
						<SP ID="P99_SP00183" HPOS="1682" VPOS="2788" WIDTH="36"/>
						<String ID="P99_ST00215" HPOS="1718" VPOS="2738" WIDTH="127" HEIGHT="41" CONTENT="each" WC="1.00" CC="0000"/>
						<SP ID="P99_SP00184" HPOS="1845" VPOS="2788" WIDTH="23"/>
						<String ID="P99_ST00216" HPOS="1868" VPOS="2738" WIDTH="254" HEIGHT="51" CONTENT="portfolio" WC="1.00" CC="001050010"/>
						<SP ID="P99_SP00185" HPOS="2122" VPOS="2789" WIDTH="38"/>
						<String ID="P99_ST00217" HPOS="2160" VPOS="2740" WIDTH="44" HEIGHT="40" CONTENT="is" WC="0.94" CC="10"/>
						<SP ID="P99_SP00186" HPOS="2204" VPOS="2789" WIDTH="33"/>
						<String ID="P99_ST00218" HPOS="2237" VPOS="2740" WIDTH="314" HEIGHT="40" CONTENT="numbered." WC="0.99" CC="500420003"/>
						<SP ID="P99_SP00187" HPOS="2551" VPOS="2789" WIDTH="31"/>
						<String ID="P99_ST00219" HPOS="2582" VPOS="2746" WIDTH="63" HEIGHT="36" CONTENT="&amp;" WC="0.15" CC="8"/>
					</TextLine>
					<TextLine ID="P99_TL00022" HPOS="429" VPOS="2823" WIDTH="2216" HEIGHT="54">
						<String ID="P99_ST00220" HPOS="429" VPOS="2835" WIDTH="66" HEIGHT="35" CONTENT="£/" WC="0.15" CC="69"/>
						<SP ID="P99_SP00188" HPOS="495" VPOS="2870" WIDTH="175"/>
						<String ID="P99_ST00221" HPOS="670" VPOS="2832" WIDTH="65" HEIGHT="36" CONTENT="£/" WC="0.16" CC="69"/>
						<SP ID="P99_SP00189" HPOS="735" VPOS="2870" WIDTH="175"/>
						<String ID="P99_ST00222" HPOS="910" VPOS="2834" WIDTH="56" HEIGHT="34" CONTENT="&amp;" WC="0.24" CC="7"/>
						<SP ID="P99_SP00190" HPOS="966" VPOS="2870" WIDTH="107"/>
						<String ID="P99_ST00223" HPOS="1073" VPOS="2825" WIDTH="117" HEIGHT="43" CONTENT="Size" WC="0.99" CC="2040"/>
						<SP ID="P99_SP00191" HPOS="1190" VPOS="2870" WIDTH="33"/>
						<String ID="P99_ST00224" HPOS="1223" VPOS="2823" WIDTH="54" HEIGHT="44" CONTENT="of" WC="0.69" CC="06"/>
						<SP ID="P99_SP00192" HPOS="1277" VPOS="2870" WIDTH="29"/>
						<String ID="P99_ST00225" HPOS="1306" VPOS="2825" WIDTH="253" HEIGHT="52" CONTENT="portfolio" WC="1.00" CC="000600020"/>
						<SP ID="P99_SP00193" HPOS="1559" VPOS="2877" WIDTH="33"/>
						<String ID="P99_ST00226" HPOS="1592" VPOS="2825" WIDTH="62" HEIGHT="51" CONTENT="48" WC="0.63" CC="70"/>
						<SP ID="P99_SP00194" HPOS="1654" VPOS="2877" WIDTH="31"/>
						<String ID="P99_ST00227" HPOS="1685" VPOS="2837" WIDTH="33" HEIGHT="30" CONTENT="x" WC="1.00" CC="0"/>
						<SP ID="P99_SP00195" HPOS="1718" VPOS="2877" WIDTH="33"/>
						<String ID="P99_ST00228" HPOS="1751" VPOS="2836" WIDTH="62" HEIGHT="40" CONTENT="30" WC="0.81" CC="30"/>
						<SP ID="P99_SP00196" HPOS="1813" VPOS="2877" WIDTH="32"/>
						<String ID="P99_ST00229" HPOS="1845" VPOS="2827" WIDTH="154" HEIGHT="41" CONTENT="ctms." WC="0.81" CC="01052"/>
						<SP ID="P99_SP00197" HPOS="1999" VPOS="2877" WIDTH="105"/>
						<String ID="P99_ST00230" HPOS="2104" VPOS="2834" WIDTH="64" HEIGHT="35" CONTENT="£?" WC="0.27" CC="67"/>
						<SP ID="P99_SP00198" HPOS="2168" VPOS="2877" WIDTH="414"/>
						<String ID="P99_ST00231" HPOS="2582" VPOS="2834" WIDTH="63" HEIGHT="35" CONTENT="j&amp;" WC="0.40" CC="65"/>
					</TextLine>
					<TextLine ID="P99_TL00023" HPOS="429" VPOS="2911" WIDTH="1979" HEIGHT="56">
						<String ID="P99_ST00232" HPOS="429" VPOS="2921" WIDTH="65" HEIGHT="36" CONTENT="&amp;" WC="0.15" CC="8"/>
						<SP ID="P99_SP00199" HPOS="494" VPOS="2957" WIDTH="175"/>
						<String ID="P99_ST00233" HPOS="669" VPOS="2920" WIDTH="65" HEIGHT="36" CONTENT="j&amp;" WC="0.25" CC="86"/>
						<SP ID="P99_SP00200" HPOS="734" VPOS="2957" WIDTH="146"/>
						<String ID="P99_ST00234" HPOS="880" VPOS="2912" WIDTH="239" HEIGHT="52" CONTENT="Average" WC="0.99" CC="0001085"/>
						<SP ID="P99_SP00201" HPOS="1119" VPOS="2964" WIDTH="48"/>
						<String ID="P99_ST00235" HPOS="1167" VPOS="2914" WIDTH="106" HEIGHT="43" CONTENT="size" WC="0.97" CC="0272"/>
						<SP ID="P99_SP00202" HPOS="1273" VPOS="2964" WIDTH="33"/>
						<String ID="P99_ST00236" HPOS="1306" VPOS="2911" WIDTH="54" HEIGHT="43" CONTENT="of" WC="1.00" CC="00"/>
						<SP ID="P99_SP00203" HPOS="1360" VPOS="2964" WIDTH="33"/>
						<String ID="P99_ST00237" HPOS="1393" VPOS="2911" WIDTH="161" HEIGHT="51" CONTENT="plate," WC="0.97" CC="009754"/>
						<SP ID="P99_SP00204" HPOS="1554" VPOS="2964" WIDTH="33"/>
						<String ID="P99_ST00238" HPOS="1587" VPOS="2915" WIDTH="51" HEIGHT="48" CONTENT="14" WC="0.22" CC="59"/>
						<SP ID="P99_SP00205" HPOS="1638" VPOS="2964" WIDTH="32"/>
						<String ID="P99_ST00239" HPOS="1670" VPOS="2923" WIDTH="82" HEIGHT="43" CONTENT="213" WC="0.29" CC="686"/>
						<SP ID="P99_SP00206" HPOS="1752" VPOS="2966" WIDTH="32"/>
						<String ID="P99_ST00240" HPOS="1784" VPOS="2925" WIDTH="32" HEIGHT="29" CONTENT="x" WC="1.00" CC="0"/>
						<SP ID="P99_SP00207" HPOS="1816" VPOS="2966" WIDTH="33"/>
						<String ID="P99_ST00241" HPOS="1849" VPOS="2915" WIDTH="52" HEIGHT="46" CONTENT="I5" WC="0.67" CC="32"/>
						<SP ID="P99_SP00208" HPOS="1901" VPOS="2966" WIDTH="32"/>
						<String ID="P99_ST00242" HPOS="1933" VPOS="2923" WIDTH="83" HEIGHT="44" CONTENT="2(3" WC="0.56" CC="750"/>
						<SP ID="P99_SP00209" HPOS="2016" VPOS="2967" WIDTH="35"/>
						<String ID="P99_ST00243" HPOS="2051" VPOS="2915" WIDTH="155" HEIGHT="42" CONTENT="ctms." WC="0.97" CC="00001"/>
						<SP ID="P99_SP00210" HPOS="2206" VPOS="2967" WIDTH="137"/>
						<String ID="P99_ST00244" HPOS="2343" VPOS="2921" WIDTH="65" HEIGHT="35" CONTENT="&amp;" WC="0.15" CC="8"/>
					</TextLine>
					<TextLine ID="P99_TL00024" HPOS="428" VPOS="3088" WIDTH="2217" HEIGHT="56">
						<String ID="P99_ST00245" HPOS="428" VPOS="3097" WIDTH="64" HEIGHT="34" CONTENT="&amp;" WC="0.15" CC="8"/>
						<SP ID="P99_SP00211" HPOS="492" VPOS="3131" WIDTH="32"/>
						<String ID="P99_ST00246" HPOS="524" VPOS="3088" WIDTH="107" HEIGHT="42" CONTENT="The" WC="0.97" CC="025"/>
						<SP ID="P99_SP00212" HPOS="631" VPOS="3131" WIDTH="33"/>
						<String ID="P99_ST00247" HPOS="664" VPOS="3090" WIDTH="142" HEIGHT="50" CONTENT="price" WC="1.00" CC="00300"/>
						<SP ID="P99_SP00213" HPOS="806" VPOS="3140" WIDTH="29"/>
						<String ID="P99_ST00248" HPOS="835" VPOS="3088" WIDTH="87" HEIGHT="43" CONTENT="for" WC="1.00" CC="000"/>
						<SP ID="P99_SP00214" HPOS="922" VPOS="3140" WIDTH="29"/>
						<String ID="P99_ST00249" HPOS="951" VPOS="3102" WIDTH="30" HEIGHT="30" CONTENT="a" WC="1.00" CC="0"/>
						<SP ID="P99_SP00215" HPOS="981" VPOS="3140" WIDTH="33"/>
						<String ID="P99_ST00250" HPOS="1014" VPOS="3088" WIDTH="254" HEIGHT="52" CONTENT="portfolio" WC="1.00" CC="001060300"/>
						<SP ID="P99_SP00216" HPOS="1268" VPOS="3140" WIDTH="33"/>
						<String ID="P99_ST00251" HPOS="1301" VPOS="3090" WIDTH="44" HEIGHT="41" CONTENT="is" WC="0.72" CC="50"/>
						<SP ID="P99_SP00217" HPOS="1345" VPOS="3140" WIDTH="33"/>
						<String ID="P99_ST00252" HPOS="1378" VPOS="3100" WIDTH="62" HEIGHT="38" CONTENT="25" WC="0.34" CC="93"/>
						<SP ID="P99_SP00218" HPOS="1440" VPOS="3140" WIDTH="48"/>
						<String ID="P99_ST00253" HPOS="1488" VPOS="3090" WIDTH="244" HEIGHT="51" CONTENT="guineas," WC="0.99" CC="00034003"/>
						<SP ID="P99_SP00219" HPOS="1732" VPOS="3141" WIDTH="44"/>
						<String ID="P99_ST00254" HPOS="1776" VPOS="3089" WIDTH="120" HEIGHT="53" CONTENT="(650" WC="0.45" CC="2576"/>
						<SP ID="P99_SP00220" HPOS="1896" VPOS="3142" WIDTH="52"/>
						<String ID="P99_ST00255" HPOS="1948" VPOS="3089" WIDTH="195" HEIGHT="43" CONTENT="Francs" WC="1.00" CC="300000"/>
						<SP ID="P99_SP00221" HPOS="2143" VPOS="3142" WIDTH="54"/>
						<String ID="P99_ST00256" HPOS="2197" VPOS="3100" WIDTH="61" HEIGHT="32" CONTENT="or" WC="0.89" CC="20"/>
						<SP ID="P99_SP00222" HPOS="2258" VPOS="3142" WIDTH="51"/>
						<String ID="P99_ST00257" HPOS="2309" VPOS="3100" WIDTH="92" HEIGHT="38" CONTENT="525" WC="0.69" CC="603"/>
						<SP ID="P99_SP00223" HPOS="2401" VPOS="3142" WIDTH="43"/>
						<String ID="P99_ST00258" HPOS="2444" VPOS="3089" WIDTH="201" HEIGHT="55" CONTENT="Marks)" WC="0.99" CC="000306"/>
					</TextLine>
					<TextLine ID="P99_TL00025" HPOS="429" VPOS="3177" WIDTH="2215" HEIGHT="53">
						<String ID="P99_ST00259" HPOS="429" VPOS="3184" WIDTH="66" HEIGHT="36" CONTENT="&amp;" WC="1.00" CC="9"/>
						<SP ID="P99_SP00224" HPOS="495" VPOS="3220" WIDTH="174"/>
						<String ID="P99_ST00260" HPOS="669" VPOS="3184" WIDTH="65" HEIGHT="36" CONTENT="&amp;" WC="0.16" CC="8"/>
						<SP ID="P99_SP00225" HPOS="734" VPOS="3220" WIDTH="117"/>
						<String ID="P99_ST00261" HPOS="851" VPOS="3177" WIDTH="248" HEIGHT="53" CONTENT="Carriage" WC="0.99" CC="00006080"/>
						<SP ID="P99_SP00226" HPOS="1099" VPOS="3230" WIDTH="33"/>
						<String ID="P99_ST00262" HPOS="1132" VPOS="3180" WIDTH="168" HEIGHT="40" CONTENT="extra." WC="0.99" CC="000303"/>
						<SP ID="P99_SP00227" HPOS="1300" VPOS="3230" WIDTH="33"/>
						<String ID="P99_ST00263" HPOS="1333" VPOS="3178" WIDTH="81" HEIGHT="42" CONTENT="All" WC="0.98" CC="040"/>
						<SP ID="P99_SP00228" HPOS="1414" VPOS="3230" WIDTH="32"/>
						<String ID="P99_ST00264" HPOS="1446" VPOS="3178" WIDTH="186" HEIGHT="42" CONTENT="orders" WC="1.00" CC="000000"/>
						<SP ID="P99_SP00229" HPOS="1632" VPOS="3230" WIDTH="31"/>
						<String ID="P99_ST00265" HPOS="1663" VPOS="3179" WIDTH="59" HEIGHT="41" CONTENT="to" WC="1.00" CC="00"/>
						<SP ID="P99_SP00230" HPOS="1722" VPOS="3230" WIDTH="33"/>
						<String ID="P99_ST00266" HPOS="1755" VPOS="3179" WIDTH="63" HEIGHT="41" CONTENT="be" WC="0.66" CC="42"/>
						<SP ID="P99_SP00231" HPOS="1818" VPOS="3230" WIDTH="33"/>
						<String ID="P99_ST00267" HPOS="1851" VPOS="3178" WIDTH="285" HEIGHT="42" CONTENT="addressed" WC="0.99" CC="000009040"/>
						<SP ID="P99_SP00232" HPOS="2136" VPOS="3230" WIDTH="34"/>
						<String ID="P99_ST00268" HPOS="2170" VPOS="3180" WIDTH="57" HEIGHT="40" CONTENT="to" WC="0.56" CC="35"/>
						<SP ID="P99_SP00233" HPOS="2227" VPOS="3230" WIDTH="113"/>
						<String ID="P99_ST00269" HPOS="2340" VPOS="3187" WIDTH="64" HEIGHT="38" CONTENT="4R" WC="0.51" CC="72" STYLEREFS="TXT_3"/>
						<SP ID="P99_SP00234" HPOS="2404" VPOS="3230" WIDTH="176"/>
						<String ID="P99_ST00270" HPOS="2580" VPOS="3185" WIDTH="64" HEIGHT="36" CONTENT="&amp;" WC="0.16" CC="8"/>
					</TextLine>
					<TextLine ID="P99_TL00026" HPOS="429" VPOS="3306" WIDTH="2215" HEIGHT="84">
						<String ID="P99_ST00271" HPOS="429" VPOS="3331" WIDTH="61" HEIGHT="39" CONTENT="*" WC="1.00" CC="9" STYLEREFS="TXT_3"/>
						<SP ID="P99_SP00235" HPOS="490" VPOS="3370" WIDTH="63"/>
						<String ID="P99_ST00272" HPOS="553" VPOS="3309" WIDTH="61" HEIGHT="66" CONTENT="T" WC="1.00" CC="0" STYLEREFS="TXT_3"/>
						<SP ID="P99_SP00236" HPOS="614" VPOS="3375" WIDTH="82"/>
						<String ID="P99_ST00273" HPOS="696" VPOS="3306" WIDTH="83" HEIGHT="66" CONTENT="H" WC="0.74" CC="2" STYLEREFS="TXT_3"/>
						<SP ID="P99_SP00237" HPOS="779" VPOS="3375" WIDTH="84"/>
						<String ID="P99_ST00274" HPOS="863" VPOS="3309" WIDTH="64" HEIGHT="63" CONTENT="E" WC="0.51" CC="4" STYLEREFS="TXT_3"/>
						<SP ID="P99_SP00238" HPOS="927" VPOS="3375" WIDTH="160"/>
						<String ID="P99_ST00275" HPOS="1087" VPOS="3311" WIDTH="566" HEIGHT="79" CONTENT="MASK" WC="0.97" CC="2048" STYLEREFS="TXT_3"/>
						<SP ID="P99_SP00239" HPOS="1653" VPOS="3390" WIDTH="153"/>
						<String ID="P99_ST00276" HPOS="1806" VPOS="3311" WIDTH="71" HEIGHT="66" CONTENT="P" WC="0.55" CC="4" STYLEREFS="TXT_3"/>
						<SP ID="P99_SP00240" HPOS="1877" VPOS="3390" WIDTH="86"/>
						<String ID="P99_ST00277" HPOS="1963" VPOS="3309" WIDTH="76" HEIGHT="81" CONTENT="R" WC="1.00" CC="9" STYLEREFS="TXT_3"/>
						<SP ID="P99_SP00241" HPOS="2039" VPOS="3390" WIDTH="92"/>
						<String ID="P99_ST00278" HPOS="2131" VPOS="3311" WIDTH="63" HEIGHT="66" CONTENT="E" WC="1.00" CC="0" STYLEREFS="TXT_3"/>
						<SP ID="P99_SP00242" HPOS="2194" VPOS="3390" WIDTH="87"/>
						<String ID="P99_ST00279" HPOS="2281" VPOS="3311" WIDTH="55" HEIGHT="66" CONTENT="S" WC="1.00" CC="0" STYLEREFS="TXT_3"/>
						<SP ID="P99_SP00243" HPOS="2336" VPOS="3390" WIDTH="87"/>
						<String ID="P99_ST00280" HPOS="2423" VPOS="3311" WIDTH="53" HEIGHT="66" CONTENT="S" WC="1.00" CC="0" STYLEREFS="TXT_3"/>
						<SP ID="P99_SP00244" HPOS="2476" VPOS="3390" WIDTH="41"/>
						<String ID="P99_ST00281" HPOS="2517" VPOS="3357" WIDTH="15" HEIGHT="20" CONTENT="." WC="0.43" CC="5" STYLEREFS="TXT_3"/>
						<SP ID="P99_SP00245" HPOS="2532" VPOS="3390" WIDTH="48"/>
						<String ID="P99_ST00282" HPOS="2580" VPOS="3334" WIDTH="64" HEIGHT="36" CONTENT="-0" WC="0.43" CC="83" STYLEREFS="TXT_3"/>
					</TextLine>
					<TextLine ID="P99_TL00027" HPOS="426" VPOS="3425" WIDTH="2215" HEIGHT="82">
						<String ID="P99_ST00283" HPOS="426" VPOS="3425" WIDTH="412" HEIGHT="82" CONTENT="ARENA" WC="0.99" CC="00400" STYLEREFS="TXT_3"/>
						<SP ID="P99_SP00246" HPOS="838" VPOS="3507" WIDTH="66"/>
						<String ID="P99_ST00284" HPOS="904" VPOS="3428" WIDTH="579" HEIGHT="79" CONTENT="GOLDONI," WC="0.79" CC="00305060" STYLEREFS="TXT_3"/>
						<SP ID="P99_SP00247" HPOS="1483" VPOS="3507" WIDTH="61"/>
						<String ID="P99_ST00285" HPOS="1544" VPOS="3428" WIDTH="678" HEIGHT="79" CONTENT="FLORENCE," WC="0.99" CC="343000030" STYLEREFS="TXT_3"/>
						<SP ID="P99_SP00248" HPOS="2222" VPOS="3507" WIDTH="53"/>
						<String ID="P99_ST00286" HPOS="2275" VPOS="3425" WIDTH="366" HEIGHT="72" CONTENT="ITALY." WC="0.98" CC="407114" STYLEREFS="TXT_3"/>
					</TextLine>
					<TextLine ID="P99_TL00028" HPOS="2960" VPOS="3805" WIDTH="15" HEIGHT="27">
						<String ID="P99_ST00287" HPOS="2960" VPOS="3805" WIDTH="15" HEIGHT="27" CONTENT="I" WC="0.14" CC="8"/>
					</TextLine>
					<TextLine ID="P99_TL00029" HPOS="2698" VPOS="3948" WIDTH="12" HEIGHT="10">
						<String ID="P99_ST00288" HPOS="2698" VPOS="3948" WIDTH="12" HEIGHT="10" CONTENT="m" WC="0.32" CC="6" STYLEREFS="TXT_5"/>
					</TextLine>
				</TextBlock>
			</PrintSpace>
		</Page>
	</Layout>
</alto>
