3098 4221
135 4035 31 23 32

2062 1361 36 28 Es
2130 1364 112 24 werden
2277 1371 49 18 nur
2361 1364 137 29 Anzeigen
2531 1365 195 26 tatsächlichen
2761 1364 99 28 Inhalts
2895 1366 76 26 lort--

2061 1404 109 26 laufend
2201 1408 107 26 gesetzt
2341 1405 216 30 aufgenommen.
2622 1406 252 31 Hervorhebungen
2908 1414 53 20 vos

2064 1445 114 28 Worten
2197 1447 35 27 ist
2251 1455 49 19 nur
2317 1448 82 26 durch
2420 1448 180 31 Sperrdruck,
2618 1457 55 18 von
2692 1449 103 27 Namen
2813 1458 51 18 nur
2881 1450 83 26 (hfifcifc

2061 1488 131 27 halbfette
2227 1489 108 30 Schrift,
2370 1493 140 26 gestattet.
2561 1491 50 27 Die
2645 1493 220 29 dreigespaltene:
2890 1493 73 28 Zell*

2062 1531 31 24 60
2109 1529 123 32 Pfennig.
2266 1532 139 26 Annahme
2422 1540 54 19 von
2495 1534 138 29 Anzeigen
2652 1535 83 26 durch
2754 1535 50 26 den
2821 1535 142 30 Verla®

2067 1573 67 26 der
2156 1573 125 28 Sturm
2307 1575 136 26 Berlin
2467 1575 34 26 W
2523 1576 16 26 9

2062 1615 50 29 Die
2135 1615 232 31 Zurückweisung
2390 1625 55 18 von
2469 1617 139 31 Anzeigen
2632 1618 91 27 behält
2747 1620 57 25 sich
2825 1620 46 25 dep
2897 1620 64 26 V«r.

2062 1658 45 28 lag
2127 1657 55 26 Der
2202 1658 92 26 Sturm
2316 1659 70 26 ohne
2406 1659 115 29 Angabc
2542 1660 48 26 der
2612 1660 112 28 Grfinde
2744 1669 53 19 tot

2072 3897 228 27 Verantwortlich
2321 3896 42 26 für
2386 3897 53 25 den
2462 3898 144 29 gesamten
2627 3895 86 27 Inhalt
2735 3895 55 27 und
2811 3895 114 29 Verla«:

2065 3939 28 27 F.
2113 3939 133 27 Harnisch
2264 3938 9 30 /
2289 3938 93 26 Berlin
2405 3938 34 26 W
2462 3939 32 26 35

2067 3981 92 26 Druck
2178 3981 64 26 Carl
2258 3980 92 27 Hanse
2369 3981 9 26 t
2395 3981 93 26 Berlin
2506 3979 46 28 SO
2570 3981 31 26 26

128 157 141 56 Der
312 152 227 57 Sturm

132 241 302 74 Standige
466 235 508 68 Ausstellungen

130 338 51 44 in
217 338 169 44 Berlin
423 335 104 46 unci
562 333 140 45 Genf

133 418 139 35 Berlin
299 418 52 34 W
369 426 12 34 /
412 416 182 30 Potsdamer
617 413 111 31 StraBe
753 413 79 29 lMi

129 482 450 55 Funfundzwanzigste
612 480 279 54 Ausstellung

132 570 259 58 Otakar
434 566 224 59 Kubin

129 669 191 56 Marc
368 665 278 71 Chagall

128 776 142 29 Geoffnet
296 774 110 33 taglich
433 781 62 21 von
524 774 90 28 10—6
641 772 64 29 Uhr
732 769 11 38 /
769 771 155 31 Sonntags
953 777 61 20 von

130 827 88 27 11—2
246 825 62 28 Uhr

129 883 119 29 Eintritt
273 884 12 26 1
308 882 92 28 Mark
430 879 10 38 /
471 881 198 29 Jahreskarte
694 878 17 29 6
734 877 91 30 Mark

130 932 198 30 Monatlicher
350 931 143 30 Wechsel

128 991 166 32 Eroffnung
318 992 28 27 in
372 990 91 28 Genf:
504 991 40 26 15.
569 988 118 32 August

127 1049 330 32 Sturmausstellungen
484 1048 29 27 in
541 1045 207 29 Deutschland
778 1044 60 28 und
868 1044 38 28 im
937 1042 75 30 Aus-

127 1100 70 29 land
231 1096 10 39 I
273 1099 62 28 Mai
364 1098 68 28 1914

126 1166 165 33 Stuttgart:
310 1164 177 32 Kandinsky

127 1216 156 31 Goteborg
317 1211 9 38 /
359 1213 187 29 Schweden:
583 1212 61 29 Der
672 1211 94 30 Blaue
792 1210 103 34 Reiter

129 1264 168 32 Hamburg:
336 1263 116 28 Jacoba
478 1270 61 21 van
567 1261 210 29 Heemskerck

125 1314 91 34 Jena:
234 1314 117 32 August
370 1312 111 30 Macke

125 1363 189 34 Naumburg:
339 1362 263 34 Expressionisten

123 1413 122 35 Tokyo:
275 1414 134 32 Graphik

125 1465 138 30 London:
289 1465 134 32 Graphik

127 1516 162 31 Frankfurt
310 1524 28 21 a.
358 1515 56 30 M.:
437 1514 181 32 Jawlensky

127 1706 241 71 Verlag
414 1706 134 56 Der
593 1703 222 59 Sturm

127 1798 102 30 Berlin
254 1798 39 28 W
304 1800 17 27 9
345 1797 181 29 Potsdamer
553 1796 109 30 StraBe
691 1796 50 28 134
752 1803 19 20 a

128 1846 128 32 Fernruf
281 1848 71 29 Amt
374 1848 131 28 Liitzow
530 1847 72 28 4443

134 1910 434 37 Halbmonatsschrift
597 1910 82 34 Der
705 1909 148 34 Sturm

127 1964 159 33 Urschelnt
305 1972 48 22 am
372 1967 103 27 ersten
494 1963 60 29 und
572 1962 197 29 funfzehnten
788 1961 85 33 Jedes
893 1959 124 31 Monats

129 2020 275 45 Dauerbezug

129 2091 218 30 GewohraHche
391 2091 158 33 Ausgabe:
598 2091 77 28 Fur
716 2086 302 32 Deutschland

129 2142 78 28 und
244 2142 25 28 O
284 2140 468 32 esterreich-Ungarn:
799 2138 54 30 Ein
888 2137 74 30 Jahr
1000 2136 18 29 6

127 2189 90 31 Mark
251 2189 10 38 /
294 2190 54 29 Ein
374 2190 144 32 Halbjahr
545 2191 16 27 3
586 2189 91 29 Mark
712 2186 9 39 /
755 2189 55 28 Ein
835 2187 181 32 Vierteljahr

131 2241 11 29 1
165 2240 91 30 Mark
281 2241 35 28 50
338 2237 10 40 /
373 2238 168 31 Einzelheft
563 2239 36 29 40
623 2238 129 33 Pfennig
776 2234 36 36 X
837 2236 78 31 Fur
941 2236 75 30 das

128 2288 189 32 Ausland
375 2289 69 30 bei
501 2288 198 30 direkter
759 2286 259 33 Zustellung

126 2339 132 31 durch
277 2340 67 29 die
361 2338 117 30 Post:
499 2338 55 30 Ein
571 2338 74 30 Jahr
664 2338 18 29 9
699 2337 103 30 francs
822 2333 10 40 /
848 2336 55 30 Ein
922 2335 94 30 Halb-

126 2389 65 33 iahr
207 2389 17 29 4
240 2389 105 29 francs
362 2389 35 29 50
415 2389 147 29 centimes
579 2385 11 40 /
606 2387 54 30 Ein
678 2386 182 33 Vierteljahr
878 2387 18 28 3
912 2385 104 30 francs

127 2437 167 32 Einzelheft
324 2439 36 28 50
388 2438 148 30 centimes
564 2434 10 40 /
602 2436 244 31 Probenummer
877 2437 141 29 umsonst

134 2500 269 33 Sonderausgafee:
472 2499 342 32 Ungebrocfeene
872 2497 148 31 Exem-

129 2548 94 35 plar
234 2558 17 21 e
286 2549 67 29 auf
390 2548 264 30 holzfreiem
690 2547 172 36 Papier,
917 2547 26 30 V
952 2555 18 21 e
982 2554 13 21 r
1007 2563 13 6 -

131 2599 191 33 sendung
350 2601 39 27 in
417 2598 95 33 Roll
524 2607 47 22 en
612 2599 144 29 direkt
794 2598 129 29 durch
955 2597 64 29 die

131 2646 104 33 Post
284 2649 64 30 fflr
380 2648 301 31 Deutschland
720 2648 82 30 und
840 2646 179 32 Qester-

131 2696 316 37 reich-Ungarn
474 2707 6 21 :
535 2698 53 30 Ein
645 2698 72 30 Jahr
774 2699 33 28 12
864 2697 89 31 Mark
1010 2691 9 42 /

131 2747 52 31 E&i
211 2749 144 32 Halbjahr
380 2750 18 28 6
428 2749 87 29 Mark
542 2745 37 35 X
605 2748 77 30 Fflr
712 2748 72 29 das
811 2747 206 30 Ausland:

129 2798 54 31 Sin
203 2799 72 30 Jahr
298 2801 32 27 18
348 2800 102 31 francs
477 2796 10 38 /
514 2799 53 30 Ein
585 2799 146 32 Halbjahr
750 2800 17 29 9
785 2799 103 30 francs
915 2794 9 39 /
951 2798 67 29 Von

130 2849 99 30 s&eser
248 2850 143 33 Ausgabe
412 2851 125 29 werden
557 2850 326 34 Vierteljahrsbezflge,
905 2848 115 31 Einzel-

130 2906 155 22 aummern
316 2900 57 28 umi
402 2899 260 31 Probenummern
693 2909 17 20 n
722 2901 9 28 i
741 2908 17 20 c
767 2899 19 29 h
800 2902 11 28 t
840 2899 178 35 abg^geben

131 2954 60 34 Der
226 2958 118 29 Sturm:
391 2958 104 30 Erster
532 2958 163 34 Jahrgang,
731 2957 144 30 Nummer
915 2956 103 31 I—56:

130 3008 35 28 S?5
191 3006 89 31 Mark
314 3003 10 37 /
359 3006 131 31 Zweiter
517 3007 162 36 Jahrgang,
705 3007 144 31 Nummer
875 3006 143 30 57—104:

137 3055 30 30 10
183 3054 88 31 Mark
286 3052 10 41 /
311 3055 115 31 Dritter
444 3054 165 37 Jahrgang,
626 3054 145 32 Nummer
792 3052 226 36 105—152/153?

127 3107 36 30 20
181 3105 90 32 Mark
290 3103 11 41 /
316 3106 119 32 Vierter
456 3107 157 34 Jahrgang
635 3108 157 29 154—203:
814 3106 18 31 6
849 3105 92 31 Mark

133 3158 53 31 Die
203 3158 169 31 Zeitschrift
393 3159 61 30 Der
473 3159 102 30 Sturm
594 3161 39 28 ist
654 3160 92 29 durch
767 3159 56 30 alle
842 3159 99 30 Buch-
959 3159 60 30 und

131 3208 295 36 Kunsthandlungen,
461 3210 94 29 durch
589 3210 46 29 die
667 3208 86 35 Post,
788 3210 97 29 sowie
922 3208 98 30 direkt

134 3258 91 29 starch
249 3259 56 28 den
329 3259 111 34 Verlag
463 3259 61 29 Der
547 3259 112 33 Sturm,
684 3259 101 29 Berlin
809 3258 38 29 W
858 3260 28 33 9,
908 3267 38 21 zu
967 3258 53 30 be-

133 3307 102 30 dehen
249 3303 10 39 /
275 3307 74 30 Zum
364 3307 232 31 Einzelverkauf
612 3310 70 32 liegt
701 3308 61 30 Der
777 3308 102 30 Sturm
898 3311 28 27 in
943 3307 75 30 alien

132 3357 352 35 Bahnhofshandlungen,
514 3359 133 32 Kiosken
658 3368 26 20 u.
697 3359 260 30 StraBenstSnden
968 3359 52 28 auf

133 3406 78 30 Falls
263 3408 113 30 direkte
429 3408 171 35 Zustellung
655 3409 91 29 durch
802 3410 55 28 den
909 3408 111 34 Verlag

134 3455 60 31 Der
221 3455 103 31 Sturm
357 3461 85 26 unter
475 3458 174 30 Streifband
682 3459 74 29 oder
788 3460 28 28 in
849 3458 86 33 Rolle
967 3466 52 26 ge-

133 3506 138 30 wflnscht
297 3508 86 32 wird,
410 3509 94 28 bitten
531 3509 57 29 wir
616 3509 56 30 den
701 3508 25 29 B
738 3517 15 21 e
764 3514 13 25 t
788 3517 14 21 r
815 3518 17 20 a
842 3516 19 27 g
887 3509 47 29 fflr
962 3509 57 29 den

136 3554 199 35 Dauerbezug
362 3557 67 30 bei
459 3558 73 29 der
561 3558 258 35 Bestellung
858 3559 74 29 oder
973 3554 47 33 b&l

136 3603 160 35 Beginn
327 3607 72 29 des
427 3615 137 21 neuen
593 3607 330 33 Vierteljahres
953 3608 66 30 bis

134 3658 86 23 mm
237 3652 260 31 fiSnftecdes
517 3657 149 28 ersten
684 3655 169 32 Monats
872 3656 148 31 elnzu-

135 3709 14 23 s
162 3710 16 22 e
188 3711 17 21 n
218 3704 17 28 d
246 3713 17 20 e
272 3713 20 21 n
312 3700 10 39 /
343 3705 191 31 Andernfalls
553 3707 127 30 nehmen
698 3710 57 28 wir
778 3718 45 25 an,
845 3709 55 30 da$
922 3707 22 30 E
958 3710 8 27 i
976 3717 18 20 n
1008 3726 11 6 -

134 3761 16 21 f
160 3753 66 29 ieh
240 3763 77 26 ung
352 3756 54 30 des
433 3755 149 35 Betrages
623 3758 90 30 durch
751 3758 269 31 Nachnahme

136 3805 86 28 anter
268 3804 200 35 Berechnung
517 3807 54 28 des
619 3806 303 35 Nachnahmeportos
970 3817 49 26 ge-

137 3853 138 30 wfinscht
293 3855 78 29 wird

136 3906 309 38 Owieralvertretung
470 3912 55 29 des
548 3911 129 34 Verlags
699 3913 125 34 Eug&ne
847 3915 141 33 Flgutert
1011 3913 9 38 /

135 3955 89 33 Parte

1095 134 481 44 Originalholzschnitte
1591 141 15 36 /
1625 131 292 36 Handdrucke

1091 195 49 26 Die
1169 193 223 29 Gesamtauflage
1420 194 33 25 ist
1482 193 25 26 in
1534 191 155 27 Klammern
1717 190 140 31 beigefflgrt
1886 188 12 35 /
1925 188 60 28 Aile

1091 237 162 30 Exemplare
1276 237 60 24 sind
1359 242 64 18 vom
1447 234 127 27 Kunstler
1597 233 176 26 nummeriert
1795 233 53 25 und
1872 231 113 30 signiert

1091 296 99 29 Franz
1250 294 102 30 Marc:
1423 291 287 32 Versohnung
1781 287 9 37 /
1861 289 124 29 Tier-

1090 346 183 32 legende
1313 340 9 38 /
1360 342 159 30 Pferde
1560 338 9 31 /
1606 340 128 33 Tiger
1776 337 8 38 /
1823 337 160 32 Pferde

1093 393 198 31 Hochformat
1326 386 454 42 /DieHlrtin/Der
1825 388 118 31 StUr
1978 383 9 38 /

1090 442 268 32 Schlafende
1406 441 142 29 Hirtin
1602 437 10 39 /
1663 437 275 35 WUdpferde
1978 433 8 35 I

1092 492 202 34 Ruhende
1333 491 159 29 Pferde
1533 485 302 37 (handaquarelliert)
1876 484 8 40 /
1921 485 66 30 Dm

1093 543 160 32 Exemplar
1277 543 36 28 40
1338 541 89 30 Mark
1456 538 39 35 (je
1526 538 45 34 10)

1092 601 192 32 Kandinsky:
1305 600 139 32 Sonntag
1462 596 10 37 /
1489 599 85 29 Zwei
1592 597 98 33 Vogel
1708 594 11 36 /
1738 597 63 30 Das
1820 595 163 33 Exemplar

1089 652 36 28 30
1143 651 33 29 M
1195 648 9 39 I
1221 651 216 33 Radierimgen
1456 649 33 30 M
1508 649 35 29 60
1564 649 60 29 und
1644 647 32 30 M
1694 649 36 28 40

1091 712 72 28 Max
1186 711 176 29 Pecbstein:
1397 710 73 29 Die
1504 710 216 33 Erlegung
1755 710 72 28 des
1863 708 123 28 Pest-

1091 759 73 29 bra
1178 761 10 27 t
1200 767 16 20 e
1228 767 17 20 n
1258 767 14 21 s
1303 755 10 38 I
1345 758 57 28 Auf
1424 757 145 29 Nummer
1592 758 34 27 94
1649 757 54 28 der
1728 755 172 31 Zeitschrift
1922 755 61 29 Der

1090 807 104 31 Sturm
1216 816 73 21 vom
1312 807 142 31 Kiinstler
1477 808 54 28 mit
1555 807 53 28 der
1633 806 88 29 Hand
1746 806 196 33 aquarelliert
1974 801 11 34 /

1090 858 63 29 Das
1178 858 162 32 Exemplar
1365 859 16 26 5
1404 857 89 29 Mark
1518 853 77 34 (100)

1088 916 119 31 Otakar
1225 917 113 31 Kubin:
1357 916 208 29 Handdrucke

1089 974 144 32 Gabriele
1254 974 136 30 Miinter:
1423 973 282 33 Neujahrswunsch
1728 971 9 39 /
1759 974 193 29 Holzschnitt
1973 973 11 28 I

1092 1025 44 29 bis
1157 1024 38 29 IV
1223 1021 10 39 I
1259 1024 63 29 Das
1343 1023 164 32 Exemplar
1527 1024 36 28 30
1583 1023 91 29 Mark
1698 1020 41 36 (5)

1092 1082 118 30 Walter
1249 1081 122 34 Helbig:
1421 1080 188 30 Landschaft
1659 1079 9 30 /
1717 1080 64 31 Das
1822 1080 162 32 Exemplar

1089 1133 36 28 30
1145 1131 89 30 Mark
1256 1128 42 36 (5)

1092 1190 296 33 Schmidt-Rottluff:
1427 1190 94 30 Mann
1558 1191 60 29 und
1658 1190 90 30 Weib
1795 1187 10 38 /
1851 1189 136 34 Sonnige

1093 1242 110 30 StraBe
1224 1239 9 39 /
1256 1241 186 31 Nordischer
1467 1241 99 30 Hafen
1590 1239 11 35 /
1623 1241 155 29 Madchen
1802 1241 52 29 auf
1877 1239 75 31 Sofa
1975 1236 12 35 J

1093 1293 144 29 Sitzende
1255 1293 80 29 Frau
1353 1291 10 39 /
1382 1291 85 31 Zwei
1484 1292 121 29 Frauen
1622 1293 42 28 im
1684 1291 99 33 Raum
1803 1287 10 41 /
1831 1290 126 31 Portrat
1976 1288 11 34 I

1089 1340 9 39 I
1125 1343 232 30 StraBenkurve
1383 1338 14 36 ./
1423 1341 85 31 Zwei
1560 1342 79 30 Akte
1666 1341 10 40 /
1702 1341 64 30 Das
1821 1341 164 33 Exemplar

1088 1394 36 28 30
1152 1392 90 30 Mark
1273 1389 60 36 (12)
1364 1389 9 39 /
1401 1392 187 33 Liebespaar
1616 1391 11 39 /
1654 1392 125 33 MiiBige
1808 1391 137 30 Hetaren
1973 1388 13 35 /

1091 1442 184 31 Schlafende
1294 1443 115 30 Iletare
1430 1439 10 32 I
1460 1442 36 32 Je
1517 1444 35 28 40
1571 1442 91 30 Mark
1683 1439 60 36 (12)

1089 1503 37 30 H.
1143 1503 236 34 Campendonk:
1399 1503 339 35 Originalholzschnitte
1757 1498 157 38 [Nummer
1928 1505 60 33 131,

1090 1548 127 39 134/135,
1251 1547 130 40 140/141]
1410 1551 11 40 /
1448 1552 64 30 Das
1541 1552 164 33 Exemplar
1736 1554 35 28 30
1802 1552 91 30 Mark
1924 1549 59 35 (12)

1093 1611 102 30 Oskar
1228 1613 199 31 Kokoschka:
1469 1613 44 29 PI
1526 1622 16 20 a
1555 1614 18 28 k
1585 1616 39 26 at
1656 1615 47 28 fiir
1738 1615 46 28 die
1816 1614 171 29 Zeitschrift

1093 1662 62 29 Der
1182 1662 104 30 Sturm
1322 1660 9 36 /
1368 1662 337 35 Originallithographie
1743 1659 10 38 /
1790 1663 64 32 Das
1881 1663 109 30 Exem-

1094 1714 64 32 plar
1176 1715 17 28 3
1211 1712 91 30 Mark

1089 1768 103 30 Oskar
1237 1769 198 32 Kokoschka:
1484 1769 238 31 Sonderdrucke
1769 1769 55 30 der
1872 1769 116 30 Men-

1091 1820 273 33 schenkopfe
1405 1820 51 29 auf
1496 1820 114 33 Japan-
1650 1820 62 29 und
1750 1820 235 33 Biittenpapier:

1093 1871 11 27 1
1122 1866 11 40 I
1148 1870 91 30 Adolf
1254 1870 82 30 Loos
1351 1867 10 40 I
1376 1872 17 28 2
1410 1870 166 30 Herwarth
1593 1871 131 29 Walden
1740 1870 11 40 /
1766 1872 17 28 3
1800 1870 73 33 Karl
1888 1870 99 33 Kraus

1088 1919 11 39 I
1115 1921 18 28 4
1150 1920 133 34 Richard
1301 1921 129 30 Dehmel
1447 1918 10 39 /
1475 1923 17 27 5
1511 1921 78 30 Paul
1605 1921 189 31 Scheerbart
1812 1919 11 39 /
1841 1921 17 30 6
1875 1921 113 29 Yvette

1092 1971 138 30 Quilbert
1249 1968 10 40 /
1278 1971 63 30 Das
1361 1971 163 33 Exemplar
1544 1974 17 27 5
1581 1972 91 30 Mark

1093 2069 143 36 Musik

1094 2132 165 31 Herwarth
1287 2132 145 31 Walden:
1472 2134 304 30 Dafnislieder
1813 2129 8 39 /
1861 2133 41 31 Zu
1932 2134 58 30 Ge~

1096 2182 118 31 dichten
1234 2192 62 21 von
1317 2184 108 29 Arno
1444 2183 105 30 Hoiz
1579 2179 8 38 /
1620 2184 55 30 Pur
1698 2184 124 35 Qesang
1844 2187 59 28 urid
1923 2185 67 32 Kla-

1094 2231 66 29 vier
1190 2227 10 38 I
1230 2232 17 27 3
1268 2230 91 30 Mark
1389 2228 10 38 /
1430 2232 35 28 50
1487 2230 105 31 Seiten

1094 2328 465 45 Kiinstierpostkarten

1094 2389 65 30 Das
1178 2389 163 33 Exemplar
1362 2390 35 28 20
1418 2389 130 34 Pfennig

1091 2448 188 30 Futuristen:
1353 2448 205 30 Umberto
1625 2448 225 31 Boccioni:
1926 2448 64 30 Das

1094 2500 122 31 Lachen
1252 2497 9 40 /
1298 2501 124 34 Luigi
1449 2501 203 32 Russolo:
1692 2500 189 35 Erinnerung
1910 2502 83 28 einer

1094 2551 98 30 Nacht
1227 2546 10 40 I
1274 2551 64 36 Zug
1363 2552 28 30 in
1419 2552 98 30 voller
1544 2551 92 31 Fahrt
1672 2546 9 41 /
1721 2551 106 29 Gino
1856 2551 136 29 Seve-

1094 2602 98 29 ring
1222 2601 57 30 Die
1296 2601 146 31 Modistin
1475 2596 9 40 /
1516 2601 152 33 Ruhelose
1689 2601 151 31 TSnzerin
1872 2596 9 40 /
1910 2601 81 30 Pan-

1094 2648 65 30 Pan
1179 2648 84 31 Tanz
1284 2649 10 41 /
1314 2649 67 30 Um
1393 2649 19 30 b
1424 2658 17 21 e
1452 2658 15 21 r
1479 2651 11 28 t
1501 2658 18 21 o
1550 2649 234 31 Boccioni:
1816 2645 174 40 Abschied/

1093 2707 193 35 Kandinsky:
1308 2707 211 35 Komposition
1538 2709 18 29 6

1094 2767 100 30 Franz
1218 2767 102 30 Marc:
1365 2767 164 31 Affenfries
1554 2763 10 41 /
1589 2765 245 32 Tierschicksale

1095 2825 104 32 Oskar
1225 2827 199 30 Kokoschka:
1463 2826 123 31 Utinam
1616 2825 132 32 delectet

1093 2885 116 33 Robert
1228 2886 176 33 Delaunay:
1422 2886 46 30 La
1485 2885 82 32 Tour

1093 2944 161 33 Karten
1275 2953 82 21 von
1377 2944 112 31 Macke
1510 2944 11 38 /
1542 2944 123 31 Miinter
1688 2941 10 39 /
1719 2944 89 30 Marc
1828 2943 130 34 Chagall
1981 2939 9 39 /

1095 2995 74 33 Klee
1185 2992 12 35 /
1211 2996 99 33 Leger
1328 2993 10 39 /
1353 2995 183 34 Jawlensky
1551 2994 11 41 /
1577 2994 159 31 Werefkin
1753 2991 11 40 /
1779 2993 122 31 Gleizes
1912 3001 69 23 usw

1094 3097 186 42 Mappen
1309 3095 87 35 und
1423 3093 134 37 Alben

1094 3154 103 32 Oskar
1221 3155 200 32 Kokoschka:
1460 3154 146 33 Zwanzig
1633 3152 82 32 Blatt
1740 3152 217 34 Zeichnungen
1982 3149 8 35 /

1095 3205 217 34 Strichatzung
1349 3203 9 36 /
1394 3205 59 30 Auf
1488 3203 170 33 Kaiserlich
1694 3202 228 34 Japan-Papier
1960 3203 30 30 ia

1095 3255 235 33 Luxus-Mappe
1349 3257 35 28 25
1405 3255 91 30 Mark
1517 3253 9 40 /
1547 3253 60 31 Auf
1624 3252 231 33 Costa-Karton
1875 3253 30 29 in
1927 3253 63 30 ein-

1095 3305 141 30 facherer
1257 3305 114 34 Mappe
1393 3306 33 28 12
1446 3304 92 30 Mark

1092 3364 180 34 Kandinsky
1295 3365 182 29 1901—1913
1505 3362 11 41 /
1545 3363 223 33 Monographic
1788 3363 55 30 mit
1863 3361 125 30 sech-

1093 3415 67 33 zig
1201 3415 313 33 ganzseitigen
1557 3413 307 33 Abbildungen
1908 3411 80 31 und

1095 3465 104 30 Text
1223 3473 81 21 von
1327 3464 256 33 Kandinsky
1617 3460 11 39 /
1663 3464 33 28 10
1722 3464 91 29 Mark

1096 3562 254 36 Illustrierte
1376 3560 506 45 Ausstellungskataloge

1096 3622 61 31 Der
1174 3622 96 31 Blaue
1285 3622 104 35 Reiter
1404 3622 12 41 /
1430 3622 143 32 Severini
1587 3619 10 40 /
1614 3621 194 34 Archipenko
1825 3619 10 40 /
1851 3621 137 34 Skupina

1094 3671 8 39 /
1122 3674 36 29 Je
1178 3675 36 28 50
1231 3674 129 33 Pfennig
1380 3671 10 39 /
1409 3674 57 29 Die
1486 3673 175 29 Futuristen
1681 3673 34 29 60
1734 3673 131 33 Pfennig
1884 3670 11 40 /
1911 3673 77 29 Ota-

1095 3724 54 29 kar
1173 3723 99 32 Kubin
1294 3725 36 28 30
1353 3723 129 33 Pfennig

1095 3781 105 31 Erster
1226 3781 172 31 Deutscher
1424 3781 204 30 Herbstsalon
1661 3777 10 40 /
1705 3780 57 31 Mit
1787 3780 115 34 funfzig
1928 3779 61 31 Ab-

1095 3831 164 33 bildungen
1282 3833 31 28 in
1339 3829 268 35 Kupfertiefdruck
1644 3827 10 41 /
1687 3832 18 28 2
1730 3830 91 30 Mark

2059 131 445 59 Zeitschriften

2059 221 45 31 La
2133 221 103 30 Cerba
2274 217 11 40 /
2319 219 313 33 Halbmonatsschrift
2661 220 10 39 /
2700 223 129 30 Florenz
2859 221 9 30 /
2897 223 59 30 Via

2060 270 165 31 Nazionale
2246 271 36 28 25

2062 319 42 31 La
2125 321 100 30 Route
2244 320 9 36 /
2275 320 107 32 Revue
2403 322 38 28 de
2461 321 116 30 I'Effort
2598 322 101 30 Social
2722 319 9 31 /
2751 322 87 30 Parrs
2860 320 10 37 /
2891 322 69 33 Rue

2062 370 37 30 de
2122 370 173 33 Vaugirard
2322 371 49 27 120

2061 421 131 30 LTfiort
2213 423 88 29 Libre
2332 420 8 34 I
2371 424 101 28 frOher
2491 423 133 31 L'Eftort
2650 419 10 40 /
2688 425 230 29 Monatsschrift
2948 421 10 33 /

2062 468 43 30 La
2121 468 210 32 Renaissance
2348 469 260 35 Contemporaine
2624 470 8 36 /
2648 472 312 30 Halbmonatsschrift

2061 517 88 31 Paris
2169 517 11 34 /
2199 522 29 26 41
2254 520 64 32 Rue
2340 519 113 34 Monge

2062 571 42 29 La
2128 571 148 31 Nouveile
2305 572 105 31 Revue
2436 572 164 33 Francaise
2638 569 8 30 /
2682 574 230 30 Monatsscimh
2950 572 8 36 (

2060 619 89 31 Paris
2171 620 57 31 Vie
2250 621 82 36 35/37
2354 621 64 32 Rue
2439 620 146 31 Madame
2608 618 9 38 /
2639 622 141 32 Nummer
2808 628 9 26 I
2843 625 116 28 Francs

2062 670 35 28 50
2119 671 147 31 centimes

2061 716 84 30 Haro
2168 716 9 36 /
2200 719 231 31 Monatsschrift
2453 718 11 38 /
2486 719 126 31 Brflssel
2956 726 7 27 ;

2063 770 58 29 Les
2145 769 127 31 CahJers
2297 774 38 27 du
2359 771 114 32 Centre
2508 767 8 32 f
2550 771 130 31 Moulins
2707 767 116 39 [Ailier]

2062 816 61 31 Les
2144 818 125 30 Soirees
2292 821 39 28 de
2353 820 88 31 Paris
2463 819 11 40 /
2494 820 124 33 Recueil
2644 820 140 31 Mensuel
2808 823 113 29 illustre
2946 821 17 28 /

2064 868 193 30 Directeurs:
2299 870 170 31 Guillaume
2501 872 185 32 Apollinaire
2726 875 30 26 et
2788 871 76 30 Jean
2896 872 60 29 Ce-

2064 927 88 21 russe
2182 919 10 36 I
2222 917 88 32 Paris
2340 922 54 28 278
2424 920 177 32 Boulevard
2632 921 125 34 Raspail
2788 919 11 34 /
2831 922 125 31 Jahres-

2063 969 100 33 bezug
2187 972 32 27 12
2241 971 103 30 francs

2060 1019 170 35 Umelecky
2255 1021 149 30 Mesicnik
2428 1020 10 37 /
2462 1023 231 30 Monatsschrift
2719 1023 47 30 fOr
2793 1032 77 21 neue
2897 1025 62 28 und

2060 1069 62 31 alte
2139 1069 98 32 Kunst
2255 1067 10 40 /
2281 1070 252 32 Administration
2552 1072 83 35 Prag
2654 1073 10 29 I
2682 1075 16 27 5
2718 1072 240 31 Veleslavinova

2063 1273 344 73 Anzeigen

2061 1744 58 29 Am
2146 1744 197 31 fuofzehnten
2369 1744 63 31 Mai
2461 1745 167 30 erscheint:
2655 1745 77 31 Paul
2759 1746 202 30 Scheerbart:

2065 1794 395 30 Qlasarchitektur
2481 1799 8 32 /
2513 1796 32 27 In
2565 1796 288 29 einhundertundelf
2872 1796 104 32 Kapi-

2063 1844 61 30 teln
2139 1841 10 39 I
2164 1844 83 30 Zwei
2262 1844 91 30 Mark
2368 1842 9 39 /
2391 1845 247 34 Luxusausgabe
2653 1847 31 28 in
2700 1847 142 32 zwanzig
2857 1855 107 21 nume-

2063 1895 114 28 rierten
2195 1895 61 28 und
2277 1896 166 32 signierten
2463 1895 205 34 Exemplaren
2689 1896 53 29 auf
2760 1895 67 30 Van
2849 1896 114 30 Gelder

2063 1943 122 36 Biitten,
2200 1944 105 32 Decke
2321 1945 60 29 und
2395 1945 240 33 Vorsatzpapier
2651 1954 63 21 von
2728 1945 88 31 Anna
2830 1945 134 31 Scheer-

2063 1994 70 29 bart
2152 1991 11 39 I
2183 1994 147 34 Zwanzig
2350 1994 91 30 Mark
2463 1996 49 28 bei
2533 1995 237 34 Vorbestellung
2790 1993 10 39 /
2821 1996 143 29 funfund-

2063 2045 143 32 zwanzig
2220 2044 90 30 Mark
2327 2046 79 28 nach
2420 2044 188 31 Erscheinen
2623 2044 12 40 /
2648 2044 114 35 Verlag
2778 2044 64 32 Der
2859 2044 105 32 Stcrm

2062 2091 10 39 I
2088 2094 103 29 Berlin
2209 2094 40 29 W
2267 2096 17 28 9

2065 2161 113 30 Verein
2197 2162 47 28 fur
2264 2161 98 32 Kunst
2372 2159 9 39 j
2393 2163 129 32 Leitung
2543 2161 424 31 fierwarthWaidea

2065 2208 10 39 I
2092 2210 188 31 Zehntes
2299 2211 103 30 Jahr
2421 2210 11 38 /
2451 2211 234 35 Jahresbeitrag
2703 2213 36 28 20
2756 2211 42 30 M.
2819 2208 11 40 /
2848 2211 118 34 Rechte

2063 2262 54 29 der
2142 2261 189 34 Mitglieder:
2357 2262 105 30 Freier
2488 2262 108 34 Bezug
2622 2263 53 29 der
2702 2262 177 31 Zeitschrift
2902 2262 66 29 Der

2063 2312 104 30 Sturm
2190 2310 10 39 I
2223 2313 104 29 Freier
2352 2312 123 31 Besuch
2500 2314 72 29 aller
2596 2313 339 33 Sturmausstellungen
2956 2312 13 38 /

2063 2363 94 30 Jedes
2186 2363 74 29 Jahr
2290 2364 57 29 frei
2374 2364 68 30 eine
2479 2363 309 34 Sturmpublikation:
2832 2360 131 33 19i3/I4:

2062 2413 299 34 Kokoschkamappe
2382 2414 12 39 /
2415 2414 155 33 Prospekt
2592 2417 141 27 umsonst

2064 2481 176 31 Poet-Lore
2293 2481 179 33 Begriindet
2508 2483 70 28 1890
2602 2477 9 32 /
2634 2481 74 30 Eine
2743 2481 223 31 Zweiuio*ais-

2063 2531 117 35 schrift,
2206 2533 168 32 gewidmet
2400 2533 54 29 der
2479 2532 154 34 Dichtung
2661 2532 60 29 und
2749 2533 71 30 dem
2848 2531 118 30 Drama

2068 2583 54 29 der
2154 2583 192 33 Gegenwart
2376 2584 28 27 in
2435 2583 79 29 alien
2542 2582 146 30 Landern
2717 2579 11 39 /
2757 2582 209 30 Literariscfae

2066 2632 145 34 Beitrage
2239 2641 62 21 von
2327 2632 204 31 Maeterlinck
2557 2629 13 36 /
2598 2632 128 31 Claudel
2754 2632 10 41 /
2791 2632 138 30 Jammes
2957 2629 9 39 /

2065 2684 152 30 Duhamel
2251 2681 10 40 /
2297 2683 198 30 D'Annunzio
2531 2682 10 39 /
2577 2683 107 35 Synge
2721 2680 12 35 f
2769 2683 159 29 Whltmas
2957 2684 9 33 /

2070 2733 183 34 Fchee:aray
2282 2731 11 39 /
2319 2734 154 32 Bjornson
2503 2731 10 40 /
2541 2735 137 30 Hervieu
2708 2731 11 40 /
2747 2733 180 30 Tchechow
2956 2731 11 40 /

2065 2785 243 32 Pszybiszevski
2333 2782 10 39 /
2369 2785 96 29 Gorki
2489 2782 11 39 /
2525 2784 140 33 Noguchi
2689 2782 11 39 /
2727 2784 104 30 Ghose
2852 2796 17 26 >
2891 2783 87 30 Mac;

2067 2834 192 30 Gathmhacil
2297 2834 11 38 /
2346 2833 169 32 Probeheft
2545 2843 100 24 gegen
2675 2833 199 34 Einsendung
2903 2842 61 20 von

2065 2885 18 29 6
2101 2885 91 29 Mark
2214 2886 35 28 50
2270 2885 132 33 Pfennig
2421 2882 10 39 /
2452 2885 215 33 Jahresbezug
2686 2885 33 28 21
2745 2884 91 30 Mark
2858 2883 9 43 (
2888 2883 77 30 Ver-

2063 2937 51 31 lag
2136 2935 189 34 Richard
2347 2935 35 30 G.
2404 2935 170 33 Badger
2599 2931 9 31 I
2630 2934 165 31 Boston
2818 2932 10 38 /
2849 2934 115 29 Mass

2063 2983 10 39 I
2094 2985 77 30 USA
2197 2987 51 28 194
2270 2985 151 34 Boylston
2444 2985 104 31 Street

2061 3061 150 31 Umberto
2240 3062 160 30 Boccioni:
2441 3061 120 31 Pittura
2601 3061 144 31 Scultura
2783 3060 142 31 futuriste
2955 3056 9 38 /

2065 3112 189 30 Dinamismo
2273 3113 128 33 plastico
2418 3110 9 39 /
2442 3113 54 29 500
2514 3114 110 32 pagine
2641 3109 9 40 /
2666 3111 208 34 riproduzioni
2889 3119 75 25 qua-

2066 3163 46 30 dri
2128 3172 17 21 e
2160 3163 135 30 sculture
2311 3163 11 39 /
2336 3163 138 30 Edizioni
2489 3163 143 30 futuriste
2650 3163 29 29 di
2695 3161 111 30 Poesia
2823 3158 10 41 /
2849 3159 128 32 Milano-

2064 3210 9 40 /
2095 3213 68 30 Con
2184 3215 121 28 ritratto
2329 3213 178 30 dell'autore
2530 3211 10 38 /
2561 3212 88 31 Preis
2672 3211 33 30 M
2726 3212 64 34 3,50
2813 3208 10 39 /
2844 3211 44 29 Zu
2910 3211 52 30 be-

2062 3264 108 30 ziehen
2191 3264 96 29 durch
2308 3264 60 30 den
2387 3263 114 34 Verlag
2521 3264 63 29 Der
2606 3263 104 30 Sturm
2729 3261 11 39 /
2759 3261 104 31 Berlin
2883 3261 42 29 W
2945 3262 32 29 9'

2065 3314 146 33 Wiecker
2247 3314 79 30 Bote
2363 3311 10 39 /
2408 3314 226 31 Akademische
2672 3311 235 32 Monatsschrift
2953 3311 9 38 /

2066 3365 218 33 Herausgeber
2303 3365 61 29 und
2383 3365 216 29 Schriftleiter:
2622 3363 52 30 Dr.
2693 3362 104 31 Oskar
2816 3363 117 31 Kanehl
2952 3360 10 39 /

2065 3418 35 27 25
2119 3415 131 33 Pfennig
2269 3413 10 39 /
2299 3415 18 29 6
2336 3415 92 30 Hefte
2448 3415 42 30 M.
2505 3417 60 31 1,25
2584 3412 10 38 /
2614 3413 72 30 Heft
2708 3410 47 38 8/9
2776 3414 117 29 soebes
2914 3422 64 20 er--

2062 3466 145 30 schienen

2063 3542 207 29 Alleissandre
2292 3542 139 32 Peyron:
2463 3540 66 28 Lou
2550 3539 138 29 Pouemo
2714 3539 30 29 di
2767 3538 161 30 Souiitudo
2952 3535 9 39 /

2064 3591 86 30 Avec
2176 3591 174 30 traduction
2375 3589 153 33 frangaise
2555 3589 38 29 de
2620 3588 129 31 l'auteur
2786 3586 10 39 /
2829 3587 130 30 Preface

2065 3641 38 29 de
2127 3641 146 30 Frederic
2297 3640 120 29 Mistral
2449 3635 11 39 /
2492 3640 17 27 3
2533 3638 106 31 francs
2672 3636 10 38 /
2717 3637 149 31 Nouvefle
2890 3635 71 31 Edi-

2064 3692 63 28 tion
2155 3690 16 29 J
2203 3690 24 29 A
2255 3690 158 31 Coulange
2443 3690 29 27 et
2501 3687 56 31 Cie
2584 3687 159 31 Marseille
2771 3688 37 28 24
2836 3695 55 21 rue
2922 3687 37 27 de

2065 3740 123 30 l'Etrieu
