3487 4384
1628 131 102 50 221

122 277 221 64 Sängerin
386 273 204 69 Signora
630 273 295 69 Margherita
964 273 217 60 Salicob,
1226 272 221 50 nachdem
1490 273 62 47 sie
1592 290 55 32 an

122 357 102 46 letzt
263 369 313 48 vergangener
616 352 287 48 Ostermesse
948 352 128 47 ihren
1117 351 260 63 verlangten
1420 348 227 49 Abschied

123 431 224 54 erhalten,
379 428 66 49 bis
475 428 182 49 hierher
686 428 130 57 aber,
846 428 99 49 weil
976 427 62 48 sie
1068 427 70 48 die
1164 426 486 65 Abfertigungsgelder

125 507 122 48 nicht
277 507 276 47 bekommen
586 506 198 56 können,
816 505 208 48 dennoch
1056 505 247 63 verpfleget
1331 503 206 55 worden,
1566 519 83 31 von

126 583 206 49 Dresden
363 583 115 49 nach
506 583 138 49 Wien
986 582 73 47 Sie
1090 582 124 46 hatte
1245 579 146 50 4062
1423 579 124 49 Thlr.
1585 579 62 47 12

125 662 77 47 Gr.
238 659 401 64 Besoldungsreste
671 659 75 46 für
767 658 93 47 sich
892 657 89 48 und
1011 658 98 47 ihre
1133 657 318 48 Dienerschaft
1477 673 51 30 zu
1562 656 66 47 for-

127 738 130 55 dern,
286 755 48 30 so
365 738 85 46 wie
482 736 108 49 800
621 736 127 48 Thlr.
779 734 230 49 Schulden
1047 734 226 64 gemacht,
1317 733 70 48 die
1425 750 79 30 aus
1545 733 78 55 „be-

127 813 219 48 sonderer
619 812 114 48 auch
779 811 179 48 bezahlt
1002 811 205 48 wurden.
1263 809 390 49 Demunerachtet

126 889 163 50 fanden
319 889 90 49 sich
442 889 113 49 nach
587 888 122 48 ihrer
737 887 194 49 Abreise
960 888 117 48 noch
1110 886 139 49 1147
1278 887 124 48 Thlr.
1423 884 224 50 Schulden

129 983 95 40 vor,
254 967 172 48 welche
456 966 194 64 gedeckt
678 964 185 50 werden
893 964 268 64 mussten*).

538 1199 95 54 Das
675 1197 289 72 Sängerfest
1002 1216 61 35 zu
1103 1196 138 55 Lille.

593 1339 101 34 Den
731 1335 60 38 29.
830 1337 94 34 und
962 1334 60 38 30.
1061 1336 133 36 Juni.

254 1439 85 49 Die
385 1437 330 49 französischen
744 1435 288 65 Sängerfeste
1076 1432 346 50 unterscheiden
1453 1432 91 48 sich
1575 1448 83 31 von

133 1518 88 48 den
251 1515 248 50 deutschen
527 1514 140 48 schon
703 1513 44 48 in
786 1514 80 47 der
915 1518 213 43 äusseren
1158 1510 290 64 Anordnung
1490 1517 168 40 erstens

133 1593 224 57 dadurch,
386 1593 100 47 dass
515 1592 45 48 in
589 1590 80 50 der
700 1592 141 62 Regel
872 1589 80 50 der
987 1589 259 50 Wettstreit
1281 1588 89 48 und
1403 1587 79 48 das
1512 1587 122 47 Preis-

133 1673 159 62 singen
315 1670 71 49 die
411 1669 295 65 Hauptsache
735 1668 70 57 ist,
834 1684 93 32 was
957 1667 70 48 bei
1058 1667 158 56 Ihnen,
1247 1665 272 63 wenigstens
1542 1663 113 48 nach

133 1749 88 47 den
253 1748 234 55 Gesetzen,
529 1745 72 49 die
632 1745 71 49 bei
733 1744 101 50 dem
876 1759 184 50 grossen
1093 1742 248 48 deutschen
1370 1740 288 64 Sängerfeste

134 1828 44 46 in
208 1824 250 64 Nürnberg
503 1823 274 48 beobachtet
805 1822 207 55 wurden,
1058 1819 278 65 glücklicher
1368 1816 157 50 Weise
1567 1816 93 47 sein

137 1903 130 48 Ende
296 1902 195 48 erreicht
518 1918 51 31 zu
602 1900 150 49 haben
791 1899 185 48 scheint.
1031 1898 224 47 Zweitens
1296 1895 112 48 aber
1450 1893 97 48 sind
1590 1893 70 48 die

136 1979 330 50 französischen
509 1977 288 64 Sängerfeste
838 1974 306 49 sonderbarer
1173 1973 160 49 Weise
1376 1971 83 49 fast
1500 1971 161 47 immer

137 2058 81 48 mit
246 2057 145 48 einem
424 2054 260 51 Wettstreit
711 2054 80 48 der
816 2053 193 48 Vereine
1036 2053 75 47 für
1134 2048 408 50 Harmoniemusik
1563 2064 74 32 ver-

140 2133 199 51 bunden.
372 2133 107 47 Dies
507 2133 55 47 ist
583 2131 112 49 aber
717 2131 70 47 ein
813 2130 252 48 nationaler
1089 2128 345 62 Charakterzug
1459 2126 71 47 bei
1556 2142 104 38 uns;

136 2211 139 47 schon
319 2210 43 47 in
392 2208 187 63 Belgien
621 2206 90 50 und
752 2206 198 49 vollends
992 2205 58 47 im
1082 2204 264 49 nördlichen
1376 2201 281 49 Frankreich

138 2288 80 48 hat
239 2285 128 66 jedes
396 2284 263 57 Städtchen,
683 2284 65 65 ja,
776 2283 129 66 jedes
935 2281 172 65 einiger
1136 2281 210 49 Maassen
1376 2277 286 50 bedeutende

138 2364 122 49 Dorf
294 2363 122 48 seine
447 2360 297 51 Gesellschaft
783 2377 83 31 von
907 2358 454 55 Instrumentalisten,
1404 2356 69 48 bei
1517 2355 147 49 denen

138 2443 121 48 ohne
283 2441 171 64 Geigen
480 2439 71 49 die
573 2439 257 48 schärferen
853 2438 576 48 Holz-Blas-Instrumente
1458 2434 79 48 mit
1559 2432 102 55 dem

141 2516 411 52 unvermeidlichen
578 2518 209 63 Serpenl,
813 2514 246 49 besonders
1082 2514 112 48 aber
1218 2512 184 55 Cornet,
1418 2511 246 64 Trompete

141 2595 92 51 und
261 2594 427 51 Militär-Trommel
716 2592 71 49 die
815 2591 305 65 Hauptrollen
1148 2590 184 65 spielen.
1361 2587 85 49 Die
1470 2587 168 65 Mitglie-

140 2674 82 49 der
251 2672 146 50 dieser
428 2672 145 65 Corps
612 2670 96 49 sind
747 2670 121 49 nicht
896 2670 120 48 bloss
1045 2669 203 48 Musiker
1275 2684 85 32 von
1392 2665 272 54 Profession,

140 2749 199 50 sondern
368 2765 107 33 man
504 2749 117 48 zählt
648 2746 116 51 auch
794 2747 110 49 viele
933 2746 281 48 Dilettanten
1244 2744 235 54 darunter,
1516 2741 148 50 zumal

142 2829 60 48 da
235 2844 47 32 es
316 2826 100 48 eine
446 2825 294 48 Ehrensache
778 2825 70 57 ist,
890 2824 117 49 auch
1048 2822 45 49 in
1135 2821 81 50 der
1244 2820 171 48 Kirche
1457 2820 92 48 und
1591 2819 73 48 bei

140 2906 326 48 Processionen
508 2902 331 56 mitzuwirken,
881 2900 225 51 wesshalb
1147 2900 102 48 dem
1296 2897 244 59 Fremden,
1584 2896 81 48 der

141 2982 95 50 sich
263 2982 139 49 schon
432 2998 83 31 von
540 2980 102 48 dem
667 2979 254 49 weltlichen
946 2977 258 66 Orgelspiel
1228 2973 322 51 französischer
1573 2975 60 48 Or-

142 3060 207 67 ganisten
380 3059 81 49 mit
485 3059 226 48 Unwillen
741 3056 260 57 abwendet,
1042 3055 116 48 noch
1203 3057 133 63 ärger
1375 3052 62 48 im
1478 3051 187 49 wahren

143 3139 140 48 Sinne
305 3136 78 50 des
409 3135 190 51 Wortes
630 3133 343 67 mitgespielt
1001 3131 130 58 wird,
1163 3147 132 32 wenn
1319 3130 71 48 die
1415 3128 252 50 Harmonie

241 3216 61 47 im
331 3213 256 50 unwahren
616 3212 138 50 Sinne
782 3211 78 48 des
891 3211 188 51 Wortes
1197 3210 82 48 auf
1313 3208 164 49 einmal
1506 3207 44 48 in
1581 3206 85 48 den

146 3293 197 64 heiligen
373 3293 210 47 Räumen
612 3288 241 51 loskracht.

260 3370 183 47 Diesem
475 3367 392 50 Nationalbrauch
900 3370 177 61 gemäss
1114 3381 155 32 waren
1299 3363 119 49 denn
1448 3361 114 49 auch
1595 3376 74 33 am

147 3446 85 49 29.
263 3446 92 48 und
387 3445 87 49 30.
501 3445 106 48 Juni
639 3445 97 47 hier
764 3443 42 49 in
837 3443 112 49 Lille
978 3459 57 33 an
1067 3441 147 51 3000
1246 3442 175 64 Sänger
1451 3437 91 50 und
1568 3438 75 47 Blä-

146 3541 72 32 ser
249 3523 302 58 versammelt,
592 3522 73 48 die
701 3521 82 49 auf
814 3521 80 48 das
922 3514 339 55 Ausschreiben
1290 3520 80 47 der
1398 3516 272 49 städtischen

215 3658 37 48 *)
280 3660 74 34 Die
381 3660 101 34 Data
508 3669 49 23 zu
585 3656 149 47 obigem
762 3655 180 35 Aufsatze
971 3654 86 36 sind
1084 3655 111 35 meist
1223 3666 66 23 aus
1319 3653 84 35 dem
1432 3652 54 34 oft
1512 3661 138 36 angezo-

273 3730 126 35 genen
426 3717 131 36 Buche
584 3728 76 23 von
688 3716 274 34 Fürstenau
990 3714 91 47 (vgl.
1111 3716 63 37 Nr.
1197 3712 48 37 27
1275 3714 34 34 d.
1330 3711 74 47 Bl.)
1433 3720 239 38 genommen,

277 3789 149 24 woraus
468 3779 84 34 eine
594 3777 151 35 weitere
771 3774 258 48 Empfehlung
1070 3775 122 36 dieses
1232 3775 277 33 interessanten
1537 3769 109 36 Werk-

276 3838 116 35 chens
420 3838 261 45 hervorgehen
710 3836 134 36 dürfte.
898 3836 52 34 Es
990 3835 112 34 sollte
1138 3847 71 22 uns
1239 3833 191 42 wundern,
1475 3842 110 24 wenn
1615 3829 59 35 die

278 3897 230 36 Geschichte
537 3897 65 34 der
628 3894 304 48 Margherita
961 3894 229 35 Salicola
1219 3892 74 47 (die
1321 3892 62 36 bei
1405 3891 46 34 K.
1474 3902 36 23 v.
1535 3888 140 36 Weber

278 3968 34 26 a.
341 3968 32 27 a.
403 3956 44 37 0.
477 3954 277 37 ausführlicher
781 3967 48 22 zu
855 3954 105 36 lesen
987 3953 64 47 ist)
1093 3953 106 35 nicht
1241 3953 122 35 einem
1400 3961 76 23 von
1505 3949 72 35 den
1606 3949 46 34 Jä-

276 4029 93 37 gern
398 4017 68 34 auf
488 4015 227 36 historische
743 4014 259 36 Romanstoffe
1043 4013 89 36 oder
1161 4013 99 39 auch
1289 4013 102 34 einer
1420 4010 160 46 Jägerin
1610 4019 66 24 zur

277 4079 121 33 Beute
426 4077 151 35 werden
605 4075 130 35 sollte!

1724 272 209 48 Behörde
1956 289 80 31 aus
2057 272 386 50 Nordfrankreich
2469 275 89 47 und
2577 275 181 64 Belgien
2784 276 447 63 herbeigekommen,

1723 366 74 29 um
1827 350 91 45 sich
1949 348 215 49 einander
2192 367 51 30 zu
2277 350 259 63 begrüssen.
2566 352 125 47 Nach
2724 352 77 48 der
2828 355 405 64 Preisverteilung

1721 426 172 62 zeigten
1926 426 167 48 freilich
2125 426 68 48 die
2219 428 165 47 Grüsse
2413 444 82 47 gar
2523 428 317 49 verschiedene
2864 431 371 63 Schattirungen,

1722 502 147 47 indem
1902 503 108 46 viele
2034 503 231 47 Gesichter
2288 511 111 41 trotz
2428 503 301 49 erkünstelter
2749 506 366 48 Freundlichkeit
3142 508 91 47 sich

1722 580 142 45 schief
1897 596 156 46 zogen,
2098 580 183 53 andere,
2325 581 118 45 ohne
2485 580 79 46 der
2605 580 276 49 Convenienz
2920 583 80 47 der
3027 585 111 45 Sitte
3179 601 52 29 zu

1723 656 178 53 achten,
1940 656 223 62 geradezu
2196 656 127 48 einen
2354 656 320 48 fratzenhaften
2706 658 239 49 Ausdruck
2978 661 253 47 annahmen

1730 731 158 48 -—das
1919 732 143 63 ewige
2095 732 139 48 Uebel
2264 732 144 48 dieser
2439 734 130 46 Feste
2598 732 79 48 der
2707 734 271 47 Harmonie!

1839 809 203 63 Sonntag
2072 808 86 47 den
2189 809 85 49 29.
2304 811 102 45 Juni
2448 826 211 47 ergossen
2701 809 71 50 die
2808 812 425 63 Eisenbahnwagen

1723 884 98 49 ihre
1865 886 180 47 reichen
2078 886 441 62 Künstlerladungen
2561 887 113 48 über
2702 887 79 48 das
2810 888 309 64 Stadtgebiet;
3162 889 69 47 die

1727 962 339 48 Concurreriten
2098 962 187 48 wurden
2325 963 192 47 feierlich
2556 963 228 64 eingeholt
2814 982 41 31 u.
2885 982 31 31 s.
2947 982 55 31 w.
3059 966 176 48 Ehren-

1727 1038 91 47 und
1848 1039 302 47 lobenswerlh
2182 1039 52 47 ist
2264 1039 111 47 aber
2412 1039 94 46 hier
2544 1057 49 28 zu
2625 1039 156 49 Lande
2822 1041 67 47 bei
2927 1042 181 47 solchen
3144 1042 91 48 und

1726 1115 235 49 ähnlichen
1987 1117 351 63 Gelegenheiten
2362 1117 79 47 das
2465 1117 259 47 Benehmen
2748 1117 79 47 der
2855 1118 265 47 städtischen
3147 1119 89 47 und

1728 1192 80 47 der
1836 1193 451 52 Militär-Behörden,
2318 1194 167 46 welche
2508 1193 90 47 sich
2622 1202 106 38 stets
2751 1194 63 47 als
2838 1194 149 47 Leiter
3011 1195 74 46 des
3116 1197 90 45 Gan-

1730 1287 76 29 zen
1839 1287 53 30 an
1924 1269 68 47 die
2023 1270 146 64 Spitze
2198 1270 169 46 stellen.
2403 1272 90 44 Der
2521 1270 212 64 gewaltig
2765 1273 130 61 lange
2922 1273 100 63 Zug
3053 1270 185 50 dauerte

1732 1345 112 49 über
1873 1345 93 49 drei
1996 1345 217 49 Stunden.
2246 1347 98 47 Von
2371 1345 123 49 Paris
2523 1362 153 32 waren
2705 1348 107 46 zwei
2838 1348 189 47 Vereine
3058 1349 72 55 da,
3160 1348 80 48 der

1751 1423 158 49 Odeon
1919 1424 89 47 und
2038 1424 70 47 die
2560 1423 211 63 EnJ'ants
3035 1423 55 48 de
3199 1420 67 51 St.
2751 1441 78 30 aus
2852 1424 99 47 dem
2977 1425 259 49 nördlichen

1732 1500 277 49 Frankreich
2028 1500 70 47 die
2117 1500 190 46 Vereine
2330 1517 79 30 aus
2431 1500 337 55 Valenciennes,
2787 1502 199 53 Amiens,
3003 1502 235 53 St.Omer,

1732 1576 213 49 Cambrai
1991 1576 88 47 und
2111 1576 110 47 zehn
2253 1576 165 47 andere
2448 1592 79 30 aus
2556 1576 99 47 dem
2687 1576 307 64 Maasgebiete
3034 1578 89 45 und
3162 1578 80 48 der

1735 1654 303 55 Normandie;
2071 1669 78 32 aus
2182 1654 181 63 Belgien
2395 1669 152 32 waren
2577 1654 69 46 die
3055 1654 88 48 und
3168 1655 70 47 die

1749 1729 175 51 Societe
2175 1730 78 48 des
2404 1730 194 50 Choeurs
2297 1730 87 47 und
2427 1730 114 47 noch
2586 1729 92 47 drei
2721 1730 166 48 andere
2931 1731 190 47 Vereine
3162 1748 80 30 aus

1735 1809 118 47 Gent
1893 1809 259 53 anwesend,
2196 1808 147 47 ferner
2373 1808 69 45 die
3228 1808 38 48 R
2923 1824 82 32 von
3045 1810 195 52 Brüssel,

1733 1885 69 47 die
1948 1883 116 68 Legia
2065 1902 34 30 von
2144 1885 195 56 Lüttich,
2381 1884 69 48 die
3242 1883 24 50 S
2785 1900 81 31 von
2900 1885 219 56 Verviers,
3161 1885 81 48 der

1736 1963 162 47 Verein
1929 1978 81 32 von
2041 1961 161 49 Ixelles
2239 1960 89 48 und
2358 1960 117 48 noch
2503 1960 126 47 sechs
2660 1959 65 49 bis
2752 1960 151 48 sieben
2935 1977 79 31 aus
3044 1961 197 49 anderen

1735 2039 256 66 belgischen
2033 2039 199 48 Städten.
2290 2037 177 49 Weder
2516 2037 302 49 holländische
2866 2039 113 47 noch
3029 2037 214 50 deutsche

1736 2116 192 47 Vereine
1952 2115 152 48 hatten
2130 2115 80 47 der
2234 2114 256 64 Einladung
2514 2114 314 63 entsprochen,
2859 2114 87 47 und
2972 2131 47 31 so
3043 2131 95 31 war
3161 2131 81 31 von

1732 2192 268 65 denjenigen
2014 2192 254 54 Zuhörern,
2286 2192 169 47 welche
2471 2191 79 47 das
2565 2192 188 47 Terrain
2772 2191 212 56 kannten,
3002 2208 213 31 vorauszu-

1732 2271 156 55 sehen,
1918 2270 100 47 dass
2048 2270 70 47 die
2150 2269 256 64 belgischen
2433 2269 192 47 Vereine
2648 2269 71 47 die
2740 2269 158 63 Sieger
2926 2270 91 46 sein
3043 2269 200 48 würden.

1850 2346 294 47 Preisrichter
2168 2361 152 32 waren
2344 2345 69 47 die
2437 2346 176 46 Herren
2644 2344 243 48 Ambroise
2917 2345 213 56 Thomas,
3154 2346 59 48 Ge-

1733 2432 141 49 vaert,
1905 2424 131 48 Bazin
2076 2422 90 49 und
2193 2424 203 47 Laurent
2426 2422 53 47 de
2511 2422 123 47 Rill<s.
2693 2424 102 45 Man
2829 2420 245 51 bedauerte
3104 2424 115 63 allge-

1736 2502 135 56 mein,
1891 2500 100 48 dass
2014 2500 213 48 deutsche
2253 2500 319 54 Celebritäten,
2594 2498 83 47 wie
2701 2500 102 45 Ihre
2826 2498 254 64 Mitbürger
3102 2500 143 48 Hiller

1736 2578 89 47 und
1858 2577 194 55 Weber,
2083 2576 259 48 verhindert
2371 2591 225 48 gewesen,
2638 2575 78 48 das
2758 2575 134 48 ihnen
2935 2584 306 55 angetragene

1736 2656 282 47 Richteramt
2053 2671 52 31 zu
2145 2653 326 49 übernehmen.
2528 2653 84 46 Die
2641 2652 381 48 wettstreitenden
3057 2652 190 48 Vereine

1736 2732 80 48 der
1846 2732 215 48 höchsten
2094 2732 151 47 Classe
2286 2737 195 41 mussten
2523 2730 69 48 ein
2621 2728 140 49 Stück
2803 2728 113 49 nach
2954 2728 119 49 ihrer
3105 2730 141 48 Wahl

1738 2810 89 48 und
1871 2810 128 48 einen
2042 2808 145 49 Chor:
2739 2807 93 56 „Le
2572 2822 85 32 von
2696 2805 160 49 Ambr.
2894 2806 200 48 Thomas
3135 2806 87 63 (Ma-

1737 2887 215 65 nuscript)
1982 2893 264 56 vortragen;
2290 2885 69 47 die
2390 2885 193 47 Vereine
2624 2882 81 48 der
2746 2891 144 39 ersten
2939 2883 87 47 und
3063 2885 185 45 zweiten

1738 2966 150 48 Classe
1912 2965 45 63 je
1986 2965 107 47 zwei
2126 2965 207 62 Gesänge
2363 2962 113 48 nach
2507 2962 122 47 ihrer
2662 2961 155 48 Wahl.

1854 3042 84 47 Die
1980 3039 153 50 Preise
2175 3039 154 49 hatten
2380 3039 127 47 einen
2553 3037 166 49 Werth
2763 3053 82 31 von
2888 3043 118 42 etwa
3048 3036 202 57 20,000

1741 3121 182 45 Francs.
1977 3120 95 45 Der
2102 3117 275 63 Ehrenpreis
2419 3116 80 47 der
2541 3114 215 49 höchsten
2789 3114 151 49 Classe
2978 3114 187 47 bestand
3209 3116 42 45 in

1740 3198 124 47 einer
1886 3212 184 47 grossen
2094 3194 240 65 goldenen,
2358 3210 98 30 vom
2476 3192 160 48 Kaiser
2659 3191 253 64 gestifteten
2932 3191 206 48 Medaille
3162 3192 89 46 und

1747 3273 143 50 1500
1923 3274 167 46 Francs
2122 3271 384 63 Entschädigung.
2535 3269 86 47 Die
2649 3268 156 48 zweite
2834 3285 100 31 vom
2968 3268 157 48 Kaiser
3156 3283 72 32 ver-

1741 3351 175 48 liehene
1945 3349 209 50 Medaille
2194 3348 164 48 bildete
2401 3347 85 48 den
2517 3346 277 64 Ehrenpreis
2824 3346 75 47 für
2941 3344 71 50 die
3044 3344 208 55 Vereine,

1744 3428 170 48 welche
1956 3429 42 46 in
2041 3427 81 47 der
2159 3434 147 40 ersten
2338 3426 151 48 Classe
2518 3424 82 49 der
2630 3423 224 48 Fremden
2885 3422 88 48 und
3003 3423 221 48 Einheimi-

1742 3507 136 48 schen
1907 3506 159 63 Sieger
2095 3520 211 48 gewesen
2337 3518 169 32 waren.

1858 3583 86 47 Die
1967 3581 309 66 Composition
2299 3596 85 32 von
2406 3579 55 49 A.
2485 3578 201 50 Thomas
2709 3578 77 47 hat
2810 3575 127 50 mehr
2960 3574 297 56 Blendendes,

1744 3661 64 48 als
1838 3659 261 49 wirklichen
2132 3657 341 49 musicalischen
2502 3655 178 50 Gehalt.
2709 3654 101 48 Von
2840 3653 257 65 belgischen
3124 3654 99 47 Com-

1746 3738 203 65 ponisten
1978 3753 154 32 waren
2161 3734 75 50 La
2263 3733 222 51 Branche
2511 3733 208 49 d'amour
2760 3748 83 32 von
2887 3729 240 57 Soubre,
3168 3729 89 50 Les

1778 3812 377 53 Contrebandiers
2163 3829 83 32 von
2283 3810 370 56 Limnander,

1744 3889 121 52 Said
1902 3907 85 33 von
2028 3892 246 47 Gevaert
2315 3887 373 55 auszuzeichnen;
2732 3902 82 33 von
2857 3884 244 48 deutschen
3146 3885 90 46 Ton-

1745 3977 173 40 setzern
1967 3967 188 48 wurden
2199 3965 265 49 Becker's
2859 3962 88 48 und
2986 3962 229 47 Kücken
3245 3978 19 31 s

1757 4047 176 63 „Junge
2311 4043 80 48 mit
2422 4040 340 51 französischem
2795 4042 114 47 Text
2939 4054 245 50 gesungen.
