<?xml version="1.0" encoding="UTF-8"?>
<alto xmlns:xsi="http://www.w3.org/2001/XMLSchema-instance" xmlns="http://www.loc.gov/standards/alto/ns-v2#" xsi:schemaLocation="http://www.loc.gov/standards/alto/ns-v2# http://www.loc.gov/standards/alto/alto-v2.0.xsd" xmlns:xlink="http://www.w3.org/1999/xlink">
	<Description>
		<MeasurementUnit>mm10</MeasurementUnit>
		<sourceImageInformation>
			<fileName>//fileserver7/IN2/Princeton/Batch3/bmtnaac/1930/07_01/00000005.tif</fileName>
		</sourceImageInformation>
		<OCRProcessing ID="OCRPROCESSING_1">
			<preProcessingStep>
				<processingSoftware>
					<softwareCreator>CCS Content Conversion Specialists GmbH, Germany</softwareCreator>
					<softwareName>CCS docWORKS</softwareName>
					<softwareVersion>6.6-1.18</softwareVersion>
				</processingSoftware>
			</preProcessingStep>
			<ocrProcessingStep>
				<processingSoftware>
					<softwareCreator>ABBYY (BIT Software), Russia</softwareCreator>
					<softwareName>FineReader</softwareName>
					<softwareVersion>10.0</softwareVersion>
				</processingSoftware>
			</ocrProcessingStep>
		</OCRProcessing>
	</Description>
	<Styles>
		<TextStyle ID="TXT_0" FONTSIZE="22" FONTFAMILY="Times New Roman" FONTSTYLE="bold"/>
		<TextStyle ID="TXT_1" FONTSIZE="45" FONTFAMILY="Times New Roman"/>
		<TextStyle ID="TXT_2" FONTSIZE="15" FONTFAMILY="Times New Roman"/>
		<TextStyle ID="TXT_3" FONTSIZE="16" FONTFAMILY="Times New Roman"/>
		<TextStyle ID="TXT_4" FONTSIZE="15" FONTFAMILY="Times New Roman" FONTSTYLE="italics"/>
		<TextStyle ID="TXT_5" FONTSIZE="36" FONTFAMILY="Times New Roman"/>
		<TextStyle ID="TXT_6" FONTSIZE="28" FONTFAMILY="Courier New" FONTSTYLE="bold"/>
		<TextStyle ID="TXT_7" FONTSIZE="21" FONTFAMILY="Courier New" FONTSTYLE="bold"/>
		<TextStyle ID="TXT_8" FONTSIZE="15" FONTFAMILY="Times New Roman" FONTSTYLE="bold"/>
		<ParagraphStyle ID="PAR_LEFT" ALIGN="Left"/>
		<ParagraphStyle ID="PAR_RIGHT" ALIGN="Right"/>
		<ParagraphStyle ID="PAR_BLOCK" ALIGN="Block"/>
	</Styles>
	<Layout>
		<Page ID="P5" PHYSICAL_IMG_NR="5" HEIGHT="4318" WIDTH="3091" PRINTED_IMG_NR="3" PC="0.923">
			<TopMargin ID="P5_TM00001" HPOS="0" VPOS="0" WIDTH="3091" HEIGHT="403">
				<TextBlock ID="P5_TB00001" HPOS="241" VPOS="330" WIDTH="713" HEIGHT="71" STYLEREFS="TXT_0 PAR_LEFT">
					<TextLine ID="P5_TL00001" HPOS="242" VPOS="331" WIDTH="712" HEIGHT="70">
						<String ID="P5_ST00001" HPOS="242" VPOS="341" WIDTH="310" HEIGHT="60" CONTENT="TEK" WC="0.67" CC="344"/>
						<SP ID="P5_SP00001" HPOS="552" VPOS="401" WIDTH="77"/>
						<String ID="P5_ST00002" HPOS="629" VPOS="341" WIDTH="60" HEIGHT="57" CONTENT="H" WC="0.59" CC="4"/>
						<SP ID="P5_SP00002" HPOS="689" VPOS="401" WIDTH="79"/>
						<String ID="P5_ST00003" HPOS="768" VPOS="341" WIDTH="61" HEIGHT="56" CONTENT="N" WC="0.60" CC="3"/>
						<SP ID="P5_SP00003" HPOS="829" VPOS="401" WIDTH="80"/>
						<String ID="P5_ST00004" HPOS="909" VPOS="331" WIDTH="45" HEIGHT="65" CONTENT="É" WC="0.58" CC="4"/>
					</TextLine>
				</TextBlock>
			</TopMargin>
			<LeftMargin ID="P5_LM00001" HPOS="0" VPOS="403" WIDTH="234" HEIGHT="3368"/>
			<RightMargin ID="P5_RM00001" HPOS="2730" VPOS="403" WIDTH="361" HEIGHT="3368"/>
			<BottomMargin ID="P5_BM00001" HPOS="0" VPOS="3771" WIDTH="3091" HEIGHT="547">
				<TextBlock ID="P5_TB00002" HPOS="2677" VPOS="3774" WIDTH="50" HEIGHT="58" STYLEREFS="TXT_1 PAR_RIGHT">
					<TextLine ID="P5_TL00002" HPOS="2677" VPOS="3774" WIDTH="50" HEIGHT="58">
						<String ID="P5_ST00005" HPOS="2677" VPOS="3774" WIDTH="50" HEIGHT="58" CONTENT="3" WC="1.00" CC="0"/>
					</TextLine>
				</TextBlock>
			</BottomMargin>
			<PrintSpace ID="P5_PS00001" HPOS="234" VPOS="403" WIDTH="2496" HEIGHT="3368">
				<TextBlock ID="P5_TB00003" HPOS="234" VPOS="478" WIDTH="1173" HEIGHT="2042" STYLEREFS="TXT_2 PAR_BLOCK">
					<TextLine ID="P5_TL00003" HPOS="309" VPOS="479" WIDTH="1098" HEIGHT="57">
						<String ID="P5_ST00006" HPOS="309" VPOS="486" WIDTH="120" HEIGHT="42" CONTENT="Pour" WC="0.98" CC="0207"/>
						<SP ID="P5_SP00004" HPOS="429" VPOS="528" WIDTH="36"/>
						<String ID="P5_ST00007" HPOS="465" VPOS="484" WIDTH="203" HEIGHT="43" CONTENT="résoudre" WC="0.99" CC="07210070"/>
						<SP ID="P5_SP00005" HPOS="668" VPOS="528" WIDTH="35"/>
						<String ID="P5_ST00008" HPOS="703" VPOS="492" WIDTH="105" HEIGHT="32" CONTENT="cette" WC="1.00" CC="00200"/>
						<SP ID="P5_SP00006" HPOS="808" VPOS="528" WIDTH="34"/>
						<String ID="P5_ST00009" HPOS="842" VPOS="479" WIDTH="207" HEIGHT="57" CONTENT="question" WC="0.99" CC="60400610"/>
						<SP ID="P5_SP00007" HPOS="1049" VPOS="536" WIDTH="37"/>
						<String ID="P5_ST00010" HPOS="1086" VPOS="479" WIDTH="59" HEIGHT="43" CONTENT="du" WC="1.00" CC="00"/>
						<SP ID="P5_SP00008" HPOS="1145" VPOS="536" WIDTH="37"/>
						<String ID="P5_ST00011" HPOS="1182" VPOS="480" WIDTH="225" HEIGHT="54" CONTENT="logement" WC="0.99" CC="50700040"/>
					</TextLine>
					<TextLine ID="P5_TL00004" HPOS="242" VPOS="540" WIDTH="1162" HEIGHT="62">
						<String ID="P5_ST00012" HPOS="242" VPOS="548" WIDTH="244" HEIGHT="54" CONTENT="populaire," WC="0.99" CC="0000205604"/>
						<SP ID="P5_SP00009" HPOS="486" VPOS="602" WIDTH="30"/>
						<String ID="P5_ST00013" HPOS="516" VPOS="547" WIDTH="204" HEIGHT="41" CONTENT="hommes" WC="0.99" CC="330080"/>
						<SP ID="P5_SP00010" HPOS="720" VPOS="602" WIDTH="28"/>
						<String ID="P5_ST00014" HPOS="748" VPOS="542" WIDTH="256" HEIGHT="55" CONTENT="politiques," WC="1.00" CC="00010200000"/>
						<SP ID="P5_SP00011" HPOS="1004" VPOS="602" WIDTH="31"/>
						<String ID="P5_ST00015" HPOS="1035" VPOS="540" WIDTH="369" HEIGHT="47" CONTENT="fonctionnaires," WC="1.00" CC="600003300045004"/>
					</TextLine>
					<TextLine ID="P5_TL00005" HPOS="242" VPOS="602" WIDTH="1164" HEIGHT="54">
						<String ID="P5_ST00016" HPOS="242" VPOS="612" WIDTH="203" HEIGHT="40" CONTENT="hommes" WC="0.99" CC="040001"/>
						<SP ID="P5_SP00012" HPOS="445" VPOS="652" WIDTH="38"/>
						<String ID="P5_ST00017" HPOS="483" VPOS="609" WIDTH="228" HEIGHT="45" CONTENT="d'œuvres," WC="0.68" CC="094005017"/>
						<SP ID="P5_SP00013" HPOS="711" VPOS="654" WIDTH="42"/>
						<String ID="P5_ST00018" HPOS="753" VPOS="614" WIDTH="191" HEIGHT="35" CONTENT="savants," WC="1.00" CC="00080000"/>
						<SP ID="P5_SP00014" HPOS="944" VPOS="654" WIDTH="40"/>
						<String ID="P5_ST00019" HPOS="984" VPOS="603" WIDTH="263" HEIGHT="46" CONTENT="architectes," WC="0.99" CC="070416302004"/>
						<SP ID="P5_SP00015" HPOS="1247" VPOS="654" WIDTH="41"/>
						<String ID="P5_ST00020" HPOS="1288" VPOS="602" WIDTH="95" HEIGHT="54" CONTENT="ingé" SUBS_TYPE="HypPart1" SUBS_CONTENT="ingénieurs," WC="0.97" CC="5057"/>
						<HYP HPOS="1383" VPOS="602" WIDTH="23" CONTENT="-"/>
					</TextLine>
					<TextLine ID="P5_TL00006" HPOS="242" VPOS="663" WIDTH="1165" HEIGHT="55">
						<String ID="P5_ST00021" HPOS="242" VPOS="672" WIDTH="157" HEIGHT="44" CONTENT="nieurs," SUBS_TYPE="HypPart2" SUBS_CONTENT="ingénieurs," WC="0.99" CC="0300604"/>
						<SP ID="P5_SP00016" HPOS="399" VPOS="716" WIDTH="25"/>
						<String ID="P5_ST00022" HPOS="424" VPOS="668" WIDTH="268" HEIGHT="46" CONTENT="industriels," WC="1.00" CC="200000650004"/>
						<SP ID="P5_SP00017" HPOS="692" VPOS="716" WIDTH="28"/>
						<String ID="P5_ST00023" HPOS="720" VPOS="675" WIDTH="320" HEIGHT="43" CONTENT="commerçants" WC="1.00" CC="00000770000"/>
						<SP ID="P5_SP00018" HPOS="1040" VPOS="718" WIDTH="21"/>
						<String ID="P5_ST00024" HPOS="1061" VPOS="665" WIDTH="185" HEIGHT="43" CONTENT="doivent" WC="1.00" CC="0320000"/>
						<SP ID="P5_SP00019" HPOS="1246" VPOS="718" WIDTH="20"/>
						<String ID="P5_ST00025" HPOS="1266" VPOS="663" WIDTH="141" HEIGHT="44" CONTENT="s'unir" WC="0.98" CC="240036"/>
					</TextLine>
					<TextLine ID="P5_TL00007" HPOS="242" VPOS="732" WIDTH="280" HEIGHT="44">
						<String ID="P5_ST00026" HPOS="242" VPOS="748" WIDTH="98" HEIGHT="28" CONTENT="sans" WC="0.99" CC="3000"/>
						<SP ID="P5_SP00020" HPOS="340" VPOS="776" WIDTH="25"/>
						<String ID="P5_ST00027" HPOS="365" VPOS="732" WIDTH="157" HEIGHT="42" CONTENT="tarder," WC="1.00" CC="0000004"/>
					</TextLine>
					<TextLine ID="P5_TL00008" HPOS="308" VPOS="787" WIDTH="1097" HEIGHT="59">
						<String ID="P5_ST00028" HPOS="308" VPOS="793" WIDTH="68" HEIGHT="42" CONTENT="M," WC="0.77" CC="04"/>
						<SP ID="P5_SP00021" HPOS="376" VPOS="835" WIDTH="34"/>
						<String ID="P5_ST00029" HPOS="410" VPOS="793" WIDTH="222" HEIGHT="53" CONTENT="Heyman," WC="0.76" CC="6050004"/>
						<SP ID="P5_SP00022" HPOS="632" VPOS="846" WIDTH="32"/>
						<String ID="P5_ST00030" HPOS="664" VPOS="789" WIDTH="211" HEIGHT="43" CONTENT="Ministre" WC="1.00" CC="03030000"/>
						<SP ID="P5_SP00023" HPOS="875" VPOS="846" WIDTH="31"/>
						<String ID="P5_ST00031" HPOS="906" VPOS="789" WIDTH="51" HEIGHT="41" CONTENT="de" WC="1.00" CC="00"/>
						<SP ID="P5_SP00024" HPOS="957" VPOS="846" WIDTH="30"/>
						<String ID="P5_ST00032" HPOS="987" VPOS="788" WIDTH="260" HEIGHT="44" CONTENT="l'lndustrie" WC="0.99" CC="54000001730"/>
						<SP ID="P5_SP00025" HPOS="1247" VPOS="846" WIDTH="28"/>
						<String ID="P5_ST00033" HPOS="1275" VPOS="799" WIDTH="40" HEIGHT="32" CONTENT="et" WC="1.00" CC="00"/>
						<SP ID="P5_SP00026" HPOS="1315" VPOS="846" WIDTH="30"/>
						<String ID="P5_ST00034" HPOS="1345" VPOS="787" WIDTH="60" HEIGHT="41" CONTENT="du" WC="0.65" CC="06"/>
					</TextLine>
					<TextLine ID="P5_TL00009" HPOS="242" VPOS="848" WIDTH="1164" HEIGHT="53">
						<String ID="P5_ST00035" HPOS="242" VPOS="855" WIDTH="208" HEIGHT="46" CONTENT="Travail;" WC="1.00" CC="00009000"/>
						<SP ID="P5_SP00027" HPOS="450" VPOS="901" WIDTH="36"/>
						<String ID="P5_ST00036" HPOS="486" VPOS="853" WIDTH="69" HEIGHT="42" CONTENT="M," WC="0.77" CC="04"/>
						<SP ID="P5_SP00028" HPOS="555" VPOS="901" WIDTH="36"/>
						<String ID="P5_ST00037" HPOS="591" VPOS="851" WIDTH="237" HEIGHT="45" CONTENT="Vauthier," WC="0.78" CC="000052074"/>
						<SP ID="P5_SP00029" HPOS="828" VPOS="901" WIDTH="37"/>
						<String ID="P5_ST00038" HPOS="865" VPOS="849" WIDTH="211" HEIGHT="43" CONTENT="Ministre" WC="0.99" CC="05040070"/>
						<SP ID="P5_SP00030" HPOS="1076" VPOS="901" WIDTH="33"/>
						<String ID="P5_ST00039" HPOS="1109" VPOS="849" WIDTH="72" HEIGHT="44" CONTENT="des" WC="1.00" CC="000"/>
						<SP ID="P5_SP00031" HPOS="1181" VPOS="901" WIDTH="35"/>
						<String ID="P5_ST00040" HPOS="1216" VPOS="848" WIDTH="190" HEIGHT="44" CONTENT="Sciences" WC="1.00" CC="00000000"/>
					</TextLine>
					<TextLine ID="P5_TL00010" HPOS="240" VPOS="910" WIDTH="1165" HEIGHT="51">
						<String ID="P5_ST00041" HPOS="240" VPOS="929" WIDTH="40" HEIGHT="31" CONTENT="et" WC="1.00" CC="00"/>
						<SP ID="P5_SP00032" HPOS="280" VPOS="960" WIDTH="35"/>
						<String ID="P5_ST00042" HPOS="315" VPOS="917" WIDTH="71" HEIGHT="42" CONTENT="des" WC="1.00" CC="000"/>
						<SP ID="P5_SP00033" HPOS="386" VPOS="960" WIDTH="31"/>
						<String ID="P5_ST00043" HPOS="417" VPOS="917" WIDTH="126" HEIGHT="44" CONTENT="Arts;" WC="1.00" CC="00000"/>
						<SP ID="P5_SP00034" HPOS="543" VPOS="961" WIDTH="34"/>
						<String ID="P5_ST00044" HPOS="577" VPOS="914" WIDTH="69" HEIGHT="42" CONTENT="M," WC="0.77" CC="04"/>
						<SP ID="P5_SP00035" HPOS="646" VPOS="961" WIDTH="34"/>
						<String ID="P5_ST00045" HPOS="680" VPOS="913" WIDTH="191" HEIGHT="46" CONTENT="Destrée," WC="0.81" CC="00300704"/>
						<SP ID="P5_SP00036" HPOS="871" VPOS="961" WIDTH="37"/>
						<String ID="P5_ST00046" HPOS="908" VPOS="910" WIDTH="151" HEIGHT="44" CONTENT="ancien" WC="1.00" CC="000000"/>
						<SP ID="P5_SP00037" HPOS="1059" VPOS="961" WIDTH="32"/>
						<String ID="P5_ST00047" HPOS="1091" VPOS="910" WIDTH="210" HEIGHT="44" CONTENT="Ministre" WC="0.99" CC="03040076"/>
						<SP ID="P5_SP00038" HPOS="1301" VPOS="961" WIDTH="32"/>
						<String ID="P5_ST00048" HPOS="1333" VPOS="910" WIDTH="72" HEIGHT="42" CONTENT="des" WC="0.98" CC="005"/>
					</TextLine>
					<TextLine ID="P5_TL00011" HPOS="243" VPOS="973" WIDTH="1162" HEIGHT="48">
						<String ID="P5_ST00049" HPOS="243" VPOS="979" WIDTH="188" HEIGHT="42" CONTENT="Sciences" WC="1.00" CC="00200010"/>
						<SP ID="P5_SP00039" HPOS="431" VPOS="1021" WIDTH="43"/>
						<String ID="P5_ST00050" HPOS="474" VPOS="989" WIDTH="39" HEIGHT="30" CONTENT="et" WC="0.92" CC="01"/>
						<SP ID="P5_SP00040" HPOS="513" VPOS="1021" WIDTH="43"/>
						<String ID="P5_ST00051" HPOS="556" VPOS="977" WIDTH="72" HEIGHT="41" CONTENT="des" WC="1.00" CC="000"/>
						<SP ID="P5_SP00041" HPOS="628" VPOS="1021" WIDTH="42"/>
						<String ID="P5_ST00052" HPOS="670" VPOS="975" WIDTH="121" HEIGHT="45" CONTENT="Arts," WC="0.98" CC="07004"/>
						<SP ID="P5_SP00042" HPOS="791" VPOS="1021" WIDTH="46"/>
						<String ID="P5_ST00053" HPOS="837" VPOS="985" WIDTH="82" HEIGHT="31" CONTENT="ont" WC="1.00" CC="000"/>
						<SP ID="P5_SP00043" HPOS="919" VPOS="1021" WIDTH="41"/>
						<String ID="P5_ST00054" HPOS="960" VPOS="973" WIDTH="103" HEIGHT="42" CONTENT="bien" WC="0.99" CC="2300"/>
						<SP ID="P5_SP00044" HPOS="1063" VPOS="1021" WIDTH="41"/>
						<String ID="P5_ST00055" HPOS="1104" VPOS="973" WIDTH="143" HEIGHT="43" CONTENT="voulu" WC="1.00" CC="00020"/>
						<SP ID="P5_SP00045" HPOS="1247" VPOS="1021" WIDTH="44"/>
						<String ID="P5_ST00056" HPOS="1291" VPOS="987" WIDTH="114" HEIGHT="27" CONTENT="nous" WC="0.98" CC="5500"/>
					</TextLine>
					<TextLine ID="P5_TL00012" HPOS="241" VPOS="1035" WIDTH="1164" HEIGHT="55">
						<String ID="P5_ST00057" HPOS="241" VPOS="1040" WIDTH="197" HEIGHT="44" CONTENT="accorder" WC="0.99" CC="00047000"/>
						<SP ID="P5_SP00046" HPOS="438" VPOS="1084" WIDTH="26"/>
						<String ID="P5_ST00058" HPOS="464" VPOS="1039" WIDTH="91" HEIGHT="42" CONTENT="leur" WC="1.00" CC="1000"/>
						<SP ID="P5_SP00047" HPOS="555" VPOS="1084" WIDTH="26"/>
						<String ID="P5_ST00059" HPOS="581" VPOS="1036" WIDTH="129" HEIGHT="54" CONTENT="triple" WC="0.99" CC="074000"/>
						<SP ID="P5_SP00048" HPOS="710" VPOS="1090" WIDTH="26"/>
						<String ID="P5_ST00060" HPOS="736" VPOS="1046" WIDTH="244" HEIGHT="43" CONTENT="patronage" WC="1.00" CC="000600000"/>
						<SP ID="P5_SP00049" HPOS="980" VPOS="1090" WIDTH="25"/>
						<String ID="P5_ST00061" HPOS="1005" VPOS="1035" WIDTH="79" HEIGHT="54" CONTENT="qui" WC="0.99" CC="003"/>
						<SP ID="P5_SP00050" HPOS="1084" VPOS="1090" WIDTH="25"/>
						<String ID="P5_ST00062" HPOS="1109" VPOS="1046" WIDTH="62" HEIGHT="31" CONTENT="est" WC="0.96" CC="900"/>
						<SP ID="P5_SP00051" HPOS="1171" VPOS="1090" WIDTH="24"/>
						<String ID="P5_ST00063" HPOS="1195" VPOS="1050" WIDTH="62" HEIGHT="27" CONTENT="un" WC="1.00" CC="00"/>
						<SP ID="P5_SP00052" HPOS="1257" VPOS="1090" WIDTH="26"/>
						<String ID="P5_ST00064" HPOS="1283" VPOS="1049" WIDTH="92" HEIGHT="40" CONTENT="sym" SUBS_TYPE="HypPart1" SUBS_CONTENT="symbole" WC="0.97" CC="250"/>
						<HYP HPOS="1375" VPOS="1049" WIDTH="30" CONTENT="-"/>
					</TextLine>
					<TextLine ID="P5_TL00013" HPOS="240" VPOS="1096" WIDTH="1165" HEIGHT="55">
						<String ID="P5_ST00065" HPOS="240" VPOS="1101" WIDTH="100" HEIGHT="42" CONTENT="bole" SUBS_TYPE="HypPart2" SUBS_CONTENT="symbole" WC="0.99" CC="0130"/>
						<SP ID="P5_SP00053" HPOS="340" VPOS="1143" WIDTH="37"/>
						<String ID="P5_ST00066" HPOS="377" VPOS="1101" WIDTH="158" HEIGHT="42" CONTENT="vivant" WC="1.00" CC="000000"/>
						<SP ID="P5_SP00054" HPOS="535" VPOS="1143" WIDTH="36"/>
						<String ID="P5_ST00067" HPOS="571" VPOS="1100" WIDTH="50" HEIGHT="40" CONTENT="de" WC="1.00" CC="00"/>
						<SP ID="P5_SP00055" HPOS="621" VPOS="1143" WIDTH="39"/>
						<String ID="P5_ST00068" HPOS="660" VPOS="1100" WIDTH="38" HEIGHT="40" CONTENT="la" WC="1.00" CC="00"/>
						<SP ID="P5_SP00056" HPOS="698" VPOS="1143" WIDTH="38"/>
						<String ID="P5_ST00069" HPOS="736" VPOS="1097" WIDTH="297" HEIGHT="53" CONTENT="conjugaison" WC="1.00" CC="00000804040"/>
						<SP ID="P5_SP00057" HPOS="1033" VPOS="1150" WIDTH="41"/>
						<String ID="P5_ST00070" HPOS="1074" VPOS="1096" WIDTH="209" HEIGHT="43" CONTENT="d'efforts" WC="0.99" CC="006200500"/>
						<SP ID="P5_SP00058" HPOS="1283" VPOS="1150" WIDTH="38"/>
						<String ID="P5_ST00071" HPOS="1321" VPOS="1110" WIDTH="84" HEIGHT="41" CONTENT="que" WC="0.97" CC="106"/>
					</TextLine>
					<TextLine ID="P5_TL00014" HPOS="242" VPOS="1158" WIDTH="1160" HEIGHT="47">
						<String ID="P5_ST00072" HPOS="242" VPOS="1178" WIDTH="112" HEIGHT="26" CONTENT="nous" WC="0.99" CC="0600"/>
						<SP ID="P5_SP00059" HPOS="354" VPOS="1204" WIDTH="40"/>
						<String ID="P5_ST00073" HPOS="394" VPOS="1161" WIDTH="265" HEIGHT="43" CONTENT="souhaitons" WC="1.00" CC="2005040000"/>
						<SP ID="P5_SP00060" HPOS="659" VPOS="1204" WIDTH="47"/>
						<String ID="P5_ST00074" HPOS="706" VPOS="1175" WIDTH="9" HEIGHT="26" CONTENT=":" WC="0.80" CC="1"/>
						<SP ID="P5_SP00061" HPOS="715" VPOS="1204" WIDTH="45"/>
						<String ID="P5_ST00075" HPOS="760" VPOS="1159" WIDTH="333" HEIGHT="46" CONTENT="l'architecture," WC="1.00" CC="310405200000004"/>
						<SP ID="P5_SP00062" HPOS="1093" VPOS="1205" WIDTH="44"/>
						<String ID="P5_ST00076" HPOS="1137" VPOS="1158" WIDTH="265" HEIGHT="46" CONTENT="l'industrie," WC="0.99" CC="004090007264"/>
					</TextLine>
					<TextLine ID="P5_TL00015" HPOS="242" VPOS="1218" WIDTH="1163" HEIGHT="55">
						<String ID="P5_ST00077" HPOS="242" VPOS="1222" WIDTH="399" HEIGHT="45" CONTENT="l'administration" WC="0.99" CC="0490070304700430"/>
						<SP ID="P5_SP00063" HPOS="641" VPOS="1267" WIDTH="40"/>
						<String ID="P5_ST00078" HPOS="681" VPOS="1235" WIDTH="41" HEIGHT="30" CONTENT="et" WC="0.52" CC="90"/>
						<SP ID="P5_SP00064" HPOS="722" VPOS="1267" WIDTH="40"/>
						<String ID="P5_ST00079" HPOS="762" VPOS="1218" WIDTH="258" HEIGHT="55" CONTENT="l'apostolat" WC="1.00" CC="00000500000"/>
						<SP ID="P5_SP00065" HPOS="1020" VPOS="1273" WIDTH="39"/>
						<String ID="P5_ST00080" HPOS="1059" VPOS="1220" WIDTH="132" HEIGHT="42" CONTENT="social" WC="0.99" CC="020500"/>
						<SP ID="P5_SP00066" HPOS="1191" VPOS="1273" WIDTH="39"/>
						<String ID="P5_ST00081" HPOS="1230" VPOS="1235" WIDTH="54" HEIGHT="27" CONTENT="au" WC="0.56" CC="80"/>
						<SP ID="P5_SP00067" HPOS="1284" VPOS="1273" WIDTH="39"/>
						<String ID="P5_ST00082" HPOS="1323" VPOS="1234" WIDTH="62" HEIGHT="27" CONTENT="ser" SUBS_TYPE="HypPart1" SUBS_CONTENT="service" WC="0.99" CC="200"/>
						<HYP HPOS="1385" VPOS="1234" WIDTH="20" CONTENT="-"/>
					</TextLine>
					<TextLine ID="P5_TL00016" HPOS="240" VPOS="1281" WIDTH="1160" HEIGHT="55">
						<String ID="P5_ST00083" HPOS="240" VPOS="1286" WIDTH="88" HEIGHT="42" CONTENT="vice" SUBS_TYPE="HypPart2" SUBS_CONTENT="service" WC="0.98" CC="0700"/>
						<SP ID="P5_SP00068" HPOS="328" VPOS="1328" WIDTH="23"/>
						<String ID="P5_ST00084" HPOS="351" VPOS="1286" WIDTH="50" HEIGHT="40" CONTENT="de" WC="1.00" CC="00"/>
						<SP ID="P5_SP00069" HPOS="401" VPOS="1328" WIDTH="24"/>
						<String ID="P5_ST00085" HPOS="425" VPOS="1282" WIDTH="345" HEIGHT="44" CONTENT="l'amélioration" WC="0.99" CC="34008630700220"/>
						<SP ID="P5_SP00070" HPOS="770" VPOS="1328" WIDTH="24"/>
						<String ID="P5_ST00086" HPOS="794" VPOS="1282" WIDTH="59" HEIGHT="42" CONTENT="du" WC="1.00" CC="00"/>
						<SP ID="P5_SP00071" HPOS="853" VPOS="1328" WIDTH="24"/>
						<String ID="P5_ST00087" HPOS="877" VPOS="1281" WIDTH="112" HEIGHT="55" CONTENT="logis" WC="0.99" CC="31030"/>
						<SP ID="P5_SP00072" HPOS="989" VPOS="1336" WIDTH="23"/>
						<String ID="P5_ST00088" HPOS="1012" VPOS="1282" WIDTH="72" HEIGHT="42" CONTENT="des" WC="1.00" CC="000"/>
						<SP ID="P5_SP00073" HPOS="1084" VPOS="1336" WIDTH="24"/>
						<String ID="P5_ST00089" HPOS="1108" VPOS="1281" WIDTH="155" HEIGHT="54" CONTENT="petites" WC="1.00" CC="0003001"/>
						<SP ID="P5_SP00074" HPOS="1263" VPOS="1336" WIDTH="21"/>
						<String ID="P5_ST00090" HPOS="1284" VPOS="1295" WIDTH="116" HEIGHT="41" CONTENT="gens." WC="0.99" CC="00004"/>
					</TextLine>
					<TextLine ID="P5_TL00017" HPOS="307" VPOS="1343" WIDTH="1096" HEIGHT="55">
						<String ID="P5_ST00091" HPOS="307" VPOS="1347" WIDTH="114" HEIGHT="41" CONTENT="Afin" WC="0.98" CC="0350"/>
						<SP ID="P5_SP00075" HPOS="421" VPOS="1388" WIDTH="36"/>
						<String ID="P5_ST00092" HPOS="457" VPOS="1347" WIDTH="51" HEIGHT="40" CONTENT="de" WC="1.00" CC="00"/>
						<SP ID="P5_SP00076" HPOS="508" VPOS="1388" WIDTH="34"/>
						<String ID="P5_ST00093" HPOS="542" VPOS="1355" WIDTH="235" HEIGHT="43" CONTENT="permettre" WC="1.00" CC="000000070"/>
						<SP ID="P5_SP00077" HPOS="777" VPOS="1398" WIDTH="37"/>
						<String ID="P5_ST00094" HPOS="814" VPOS="1359" WIDTH="85" HEIGHT="26" CONTENT="une" WC="0.96" CC="090"/>
						<SP ID="P5_SP00078" HPOS="899" VPOS="1398" WIDTH="35"/>
						<String ID="P5_ST00095" HPOS="934" VPOS="1345" WIDTH="116" HEIGHT="52" CONTENT="large" WC="0.99" CC="00600"/>
						<SP ID="P5_SP00079" HPOS="1050" VPOS="1398" WIDTH="35"/>
						<String ID="P5_ST00096" HPOS="1085" VPOS="1343" WIDTH="318" HEIGHT="55" CONTENT="participation" WC="1.00" CC="0000303000440"/>
					</TextLine>
					<TextLine ID="P5_TL00018" HPOS="240" VPOS="1404" WIDTH="1164" HEIGHT="56">
						<String ID="P5_ST00097" HPOS="240" VPOS="1409" WIDTH="21" HEIGHT="41" CONTENT="à" WC="0.38" CC="6"/>
						<SP ID="P5_SP00080" HPOS="261" VPOS="1450" WIDTH="33"/>
						<String ID="P5_ST00098" HPOS="294" VPOS="1423" WIDTH="62" HEIGHT="27" CONTENT="ces" WC="1.00" CC="000"/>
						<SP ID="P5_SP00081" HPOS="356" VPOS="1450" WIDTH="30"/>
						<String ID="P5_ST00099" HPOS="386" VPOS="1407" WIDTH="218" HEIGHT="53" CONTENT="journées," WC="0.99" CC="000700008"/>
						<SP ID="P5_SP00082" HPOS="604" VPOS="1460" WIDTH="37"/>
						<String ID="P5_ST00100" HPOS="641" VPOS="1421" WIDTH="114" HEIGHT="27" CONTENT="nous" WC="0.99" CC="2300"/>
						<SP ID="P5_SP00083" HPOS="755" VPOS="1460" WIDTH="32"/>
						<String ID="P5_ST00101" HPOS="787" VPOS="1420" WIDTH="140" HEIGHT="28" CONTENT="avons" WC="1.00" CC="00010"/>
						<SP ID="P5_SP00084" HPOS="927" VPOS="1460" WIDTH="33"/>
						<String ID="P5_ST00102" HPOS="960" VPOS="1404" WIDTH="145" HEIGHT="43" CONTENT="décidé" WC="0.99" CC="000507"/>
						<SP ID="P5_SP00085" HPOS="1105" VPOS="1460" WIDTH="32"/>
						<String ID="P5_ST00103" HPOS="1137" VPOS="1406" WIDTH="51" HEIGHT="42" CONTENT="de" WC="0.51" CC="09"/>
						<SP ID="P5_SP00086" HPOS="1188" VPOS="1460" WIDTH="31"/>
						<String ID="P5_ST00104" HPOS="1219" VPOS="1404" WIDTH="116" HEIGHT="44" CONTENT="fixer" WC="0.99" CC="62100"/>
						<SP ID="P5_SP00087" HPOS="1335" VPOS="1460" WIDTH="32"/>
						<String ID="P5_ST00105" HPOS="1367" VPOS="1404" WIDTH="37" HEIGHT="43" CONTENT="le" WC="0.67" CC="60"/>
					</TextLine>
					<TextLine ID="P5_TL00019" HPOS="238" VPOS="1467" WIDTH="1166" HEIGHT="56">
						<String ID="P5_ST00106" HPOS="238" VPOS="1470" WIDTH="101" HEIGHT="53" CONTENT="prix" WC="0.98" CC="0700"/>
						<SP ID="P5_SP00088" HPOS="339" VPOS="1523" WIDTH="35"/>
						<String ID="P5_ST00107" HPOS="374" VPOS="1469" WIDTH="50" HEIGHT="43" CONTENT="de" WC="1.00" CC="00"/>
						<SP ID="P5_SP00089" HPOS="424" VPOS="1523" WIDTH="33"/>
						<String ID="P5_ST00108" HPOS="457" VPOS="1470" WIDTH="40" HEIGHT="41" CONTENT="la" WC="1.00" CC="00"/>
						<SP ID="P5_SP00090" HPOS="497" VPOS="1523" WIDTH="31"/>
						<String ID="P5_ST00109" HPOS="528" VPOS="1479" WIDTH="112" HEIGHT="31" CONTENT="carte" WC="1.00" CC="00000"/>
						<SP ID="P5_SP00091" HPOS="640" VPOS="1523" WIDTH="32"/>
						<String ID="P5_ST00110" HPOS="672" VPOS="1468" WIDTH="50" HEIGHT="41" CONTENT="de" WC="1.00" CC="00"/>
						<SP ID="P5_SP00092" HPOS="722" VPOS="1523" WIDTH="32"/>
						<String ID="P5_ST00111" HPOS="754" VPOS="1467" WIDTH="318" HEIGHT="54" CONTENT="participation" WC="1.00" CC="0060504000010"/>
						<SP ID="P5_SP00093" HPOS="1072" VPOS="1523" WIDTH="33"/>
						<String ID="P5_ST00112" HPOS="1105" VPOS="1467" WIDTH="23" HEIGHT="41" CONTENT="à" WC="0.35" CC="6"/>
						<SP ID="P5_SP00094" HPOS="1128" VPOS="1523" WIDTH="35"/>
						<String ID="P5_ST00113" HPOS="1163" VPOS="1467" WIDTH="39" HEIGHT="42" CONTENT="la" WC="1.00" CC="00"/>
						<SP ID="P5_SP00095" HPOS="1202" VPOS="1523" WIDTH="31"/>
						<String ID="P5_ST00114" HPOS="1233" VPOS="1480" WIDTH="171" HEIGHT="29" CONTENT="somme" WC="0.99" CC="14020"/>
					</TextLine>
					<TextLine ID="P5_TL00020" HPOS="240" VPOS="1529" WIDTH="1165" HEIGHT="55">
						<String ID="P5_ST00115" HPOS="240" VPOS="1531" WIDTH="194" HEIGHT="42" CONTENT="modeste" WC="1.00" CC="0000000"/>
						<SP ID="P5_SP00096" HPOS="434" VPOS="1573" WIDTH="52"/>
						<String ID="P5_ST00116" HPOS="486" VPOS="1530" WIDTH="50" HEIGHT="41" CONTENT="de" WC="1.00" CC="00"/>
						<SP ID="P5_SP00097" HPOS="536" VPOS="1573" WIDTH="58"/>
						<String ID="P5_ST00117" HPOS="594" VPOS="1545" WIDTH="88" HEIGHT="39" CONTENT="150" WC="0.77" CC="240"/>
						<SP ID="P5_SP00098" HPOS="682" VPOS="1584" WIDTH="50"/>
						<String ID="P5_ST00118" HPOS="732" VPOS="1529" WIDTH="161" HEIGHT="42" CONTENT="francs." WC="0.99" CC="6500000"/>
						<SP ID="P5_SP00099" HPOS="893" VPOS="1584" WIDTH="53"/>
						<String ID="P5_ST00119" HPOS="946" VPOS="1529" WIDTH="127" HEIGHT="42" CONTENT="Cette" WC="0.98" CC="30253"/>
						<SP ID="P5_SP00100" HPOS="1073" VPOS="1584" WIDTH="49"/>
						<String ID="P5_ST00120" HPOS="1122" VPOS="1542" WIDTH="172" HEIGHT="29" CONTENT="somme" WC="0.99" CC="40003"/>
						<SP ID="P5_SP00101" HPOS="1294" VPOS="1584" WIDTH="50"/>
						<String ID="P5_ST00121" HPOS="1344" VPOS="1536" WIDTH="61" HEIGHT="33" CONTENT="est" WC="0.98" CC="600"/>
					</TextLine>
					<TextLine ID="P5_TL00021" HPOS="239" VPOS="1590" WIDTH="913" HEIGHT="54">
						<String ID="P5_ST00122" HPOS="239" VPOS="1592" WIDTH="166" HEIGHT="42" CONTENT="réduite" WC="0.99" CC="0700600"/>
						<SP ID="P5_SP00102" HPOS="405" VPOS="1634" WIDTH="26"/>
						<String ID="P5_ST00123" HPOS="431" VPOS="1592" WIDTH="51" HEIGHT="42" CONTENT="de" WC="1.00" CC="00"/>
						<SP ID="P5_SP00103" HPOS="482" VPOS="1634" WIDTH="26"/>
						<String ID="P5_ST00124" HPOS="508" VPOS="1590" WIDTH="153" HEIGHT="44" CONTENT="moitié" WC="0.99" CC="031040"/>
						<SP ID="P5_SP00104" HPOS="661" VPOS="1634" WIDTH="24"/>
						<String ID="P5_ST00125" HPOS="685" VPOS="1606" WIDTH="118" HEIGHT="38" CONTENT="pour" WC="0.98" CC="0007"/>
						<SP ID="P5_SP00105" HPOS="803" VPOS="1644" WIDTH="27"/>
						<String ID="P5_ST00126" HPOS="830" VPOS="1590" WIDTH="56" HEIGHT="42" CONTENT="les" WC="0.98" CC="400"/>
						<SP ID="P5_SP00106" HPOS="886" VPOS="1644" WIDTH="26"/>
						<String ID="P5_ST00127" HPOS="912" VPOS="1590" WIDTH="240" HEIGHT="44" CONTENT="étudiants." WC="1.00" CC="7000400004"/>
					</TextLine>
					<TextLine ID="P5_TL00022" HPOS="304" VPOS="1653" WIDTH="1099" HEIGHT="54">
						<String ID="P5_ST00128" HPOS="304" VPOS="1654" WIDTH="129" HEIGHT="42" CONTENT="Nous" WC="1.00" CC="0200"/>
						<SP ID="P5_SP00107" HPOS="433" VPOS="1696" WIDTH="42"/>
						<String ID="P5_ST00129" HPOS="475" VPOS="1669" WIDTH="51" HEIGHT="26" CONTENT="ne" WC="1.00" CC="00"/>
						<SP ID="P5_SP00108" HPOS="526" VPOS="1696" WIDTH="41"/>
						<String ID="P5_ST00130" HPOS="567" VPOS="1653" WIDTH="198" HEIGHT="42" CONTENT="doutons" WC="0.99" CC="0600500"/>
						<SP ID="P5_SP00109" HPOS="765" VPOS="1696" WIDTH="38"/>
						<String ID="P5_ST00131" HPOS="803" VPOS="1668" WIDTH="77" HEIGHT="39" CONTENT="pas" WC="0.96" CC="090"/>
						<SP ID="P5_SP00110" HPOS="880" VPOS="1707" WIDTH="39"/>
						<String ID="P5_ST00132" HPOS="919" VPOS="1667" WIDTH="85" HEIGHT="39" CONTENT="que" WC="1.00" CC="000"/>
						<SP ID="P5_SP00111" HPOS="1004" VPOS="1707" WIDTH="38"/>
						<String ID="P5_ST00133" HPOS="1042" VPOS="1665" WIDTH="114" HEIGHT="30" CONTENT="vous" WC="1.00" CC="0200"/>
						<SP ID="P5_SP00112" HPOS="1156" VPOS="1707" WIDTH="40"/>
						<String ID="P5_ST00134" HPOS="1196" VPOS="1667" WIDTH="53" HEIGHT="26" CONTENT="ne" WC="1.00" CC="00"/>
						<SP ID="P5_SP00113" HPOS="1249" VPOS="1707" WIDTH="40"/>
						<String ID="P5_ST00135" HPOS="1289" VPOS="1666" WIDTH="114" HEIGHT="27" CONTENT="nous" WC="0.99" CC="0300"/>
					</TextLine>
					<TextLine ID="P5_TL00023" HPOS="238" VPOS="1714" WIDTH="1162" HEIGHT="54">
						<String ID="P5_ST00136" HPOS="238" VPOS="1716" WIDTH="155" HEIGHT="41" CONTENT="fassiez" WC="1.00" CC="0000000"/>
						<SP ID="P5_SP00114" HPOS="393" VPOS="1757" WIDTH="30"/>
						<String ID="P5_ST00137" HPOS="423" VPOS="1716" WIDTH="241" HEIGHT="41" CONTENT="l'honneur" WC="1.00" CC="005300000"/>
						<SP ID="P5_SP00115" HPOS="664" VPOS="1757" WIDTH="29"/>
						<String ID="P5_ST00138" HPOS="693" VPOS="1714" WIDTH="50" HEIGHT="42" CONTENT="de" WC="1.00" CC="00"/>
						<SP ID="P5_SP00116" HPOS="743" VPOS="1757" WIDTH="26"/>
						<String ID="P5_ST00139" HPOS="769" VPOS="1714" WIDTH="235" HEIGHT="54" CONTENT="participer" WC="1.00" CC="0060303000"/>
						<SP ID="P5_SP00117" HPOS="1004" VPOS="1768" WIDTH="27"/>
						<String ID="P5_ST00140" HPOS="1031" VPOS="1714" WIDTH="23" HEIGHT="42" CONTENT="à" WC="0.33" CC="6"/>
						<SP ID="P5_SP00118" HPOS="1054" VPOS="1768" WIDTH="30"/>
						<String ID="P5_ST00141" HPOS="1084" VPOS="1729" WIDTH="82" HEIGHT="27" CONTENT="nos" WC="0.97" CC="800"/>
						<SP ID="P5_SP00119" HPOS="1166" VPOS="1768" WIDTH="29"/>
						<String ID="P5_ST00142" HPOS="1195" VPOS="1723" WIDTH="205" HEIGHT="38" CONTENT="travaux," WC="0.99" CC="06009004"/>
					</TextLine>
					<TextLine ID="P5_TL00024" HPOS="238" VPOS="1774" WIDTH="1165" HEIGHT="46">
						<String ID="P5_ST00143" HPOS="238" VPOS="1789" WIDTH="38" HEIGHT="31" CONTENT="et" WC="1.00" CC="00"/>
						<SP ID="P5_SP00120" HPOS="276" VPOS="1820" WIDTH="25"/>
						<String ID="P5_ST00144" HPOS="301" VPOS="1792" WIDTH="113" HEIGHT="27" CONTENT="nous" WC="0.97" CC="0804"/>
						<SP ID="P5_SP00121" HPOS="414" VPOS="1820" WIDTH="25"/>
						<String ID="P5_ST00145" HPOS="439" VPOS="1776" WIDTH="164" HEIGHT="42" CONTENT="serions" WC="0.99" CC="0007191"/>
						<SP ID="P5_SP00122" HPOS="603" VPOS="1820" WIDTH="25"/>
						<String ID="P5_ST00146" HPOS="628" VPOS="1776" WIDTH="196" HEIGHT="41" CONTENT="heureux" WC="0.99" CC="6006000"/>
						<SP ID="P5_SP00123" HPOS="824" VPOS="1820" WIDTH="28"/>
						<String ID="P5_ST00147" HPOS="852" VPOS="1776" WIDTH="49" HEIGHT="41" CONTENT="de" WC="1.00" CC="00"/>
						<SP ID="P5_SP00124" HPOS="901" VPOS="1820" WIDTH="25"/>
						<String ID="P5_ST00148" HPOS="926" VPOS="1775" WIDTH="187" HEIGHT="42" CONTENT="recevoir" WC="0.99" CC="50000036"/>
						<SP ID="P5_SP00125" HPOS="1113" VPOS="1820" WIDTH="26"/>
						<String ID="P5_ST00149" HPOS="1139" VPOS="1774" WIDTH="240" HEIGHT="42" CONTENT="éventuelle" SUBS_TYPE="HypPart1" SUBS_CONTENT="éventuellement," WC="0.99" CC="7000004410"/>
						<HYP HPOS="1379" VPOS="1774" WIDTH="24" CONTENT="-"/>
					</TextLine>
					<TextLine ID="P5_TL00025" HPOS="239" VPOS="1836" WIDTH="1164" HEIGHT="55">
						<String ID="P5_ST00150" HPOS="239" VPOS="1850" WIDTH="135" HEIGHT="33" CONTENT="ment," SUBS_TYPE="HypPart2" SUBS_CONTENT="éventuellement," WC="0.99" CC="00004"/>
						<SP ID="P5_SP00126" HPOS="374" VPOS="1883" WIDTH="44"/>
						<String ID="P5_ST00151" HPOS="418" VPOS="1853" WIDTH="79" HEIGHT="38" CONTENT="par" WC="1.00" CC="000"/>
						<SP ID="P5_SP00127" HPOS="497" VPOS="1891" WIDTH="44"/>
						<String ID="P5_ST00152" HPOS="541" VPOS="1849" WIDTH="160" HEIGHT="34" CONTENT="retour," WC="1.00" CC="7000000"/>
						<SP ID="P5_SP00128" HPOS="701" VPOS="1891" WIDTH="47"/>
						<String ID="P5_ST00153" HPOS="748" VPOS="1836" WIDTH="55" HEIGHT="43" CONTENT="les" WC="0.95" CC="551"/>
						<SP ID="P5_SP00129" HPOS="803" VPOS="1891" WIDTH="42"/>
						<String ID="P5_ST00154" HPOS="845" VPOS="1837" WIDTH="278" HEIGHT="54" CONTENT="suggestions" WC="1.00" CC="40000404500"/>
						<SP ID="P5_SP00130" HPOS="1123" VPOS="1891" WIDTH="41"/>
						<String ID="P5_ST00155" HPOS="1164" VPOS="1851" WIDTH="85" HEIGHT="39" CONTENT="que" WC="0.99" CC="001"/>
						<SP ID="P5_SP00131" HPOS="1249" VPOS="1891" WIDTH="43"/>
						<String ID="P5_ST00156" HPOS="1292" VPOS="1848" WIDTH="111" HEIGHT="30" CONTENT="vous" WC="0.97" CC="9300"/>
					</TextLine>
					<TextLine ID="P5_TL00026" HPOS="237" VPOS="1899" WIDTH="508" HEIGHT="55">
						<String ID="P5_ST00157" HPOS="237" VPOS="1901" WIDTH="206" HEIGHT="53" CONTENT="pourriez" WC="1.00" CC="00035100"/>
						<SP ID="P5_SP00132" HPOS="443" VPOS="1954" WIDTH="33"/>
						<String ID="P5_ST00158" HPOS="476" VPOS="1915" WIDTH="114" HEIGHT="26" CONTENT="nous" WC="0.97" CC="9200"/>
						<SP ID="P5_SP00133" HPOS="590" VPOS="1954" WIDTH="33"/>
						<String ID="P5_ST00159" HPOS="623" VPOS="1899" WIDTH="122" HEIGHT="43" CONTENT="faire." WC="0.98" CC="604004"/>
					</TextLine>
					<TextLine ID="P5_TL00027" HPOS="304" VPOS="1959" WIDTH="1099" HEIGHT="56">
						<String ID="P5_ST00160" HPOS="304" VPOS="1962" WIDTH="129" HEIGHT="42" CONTENT="Nous" WC="1.00" CC="0000"/>
						<SP ID="P5_SP00134" HPOS="433" VPOS="2004" WIDTH="40"/>
						<String ID="P5_ST00161" HPOS="473" VPOS="1976" WIDTH="112" HEIGHT="27" CONTENT="vous" WC="0.98" CC="0204"/>
						<SP ID="P5_SP00135" HPOS="585" VPOS="2004" WIDTH="39"/>
						<String ID="P5_ST00162" HPOS="624" VPOS="1961" WIDTH="155" HEIGHT="54" CONTENT="prions" WC="0.99" CC="062100"/>
						<SP ID="P5_SP00136" HPOS="779" VPOS="2015" WIDTH="40"/>
						<String ID="P5_ST00163" HPOS="819" VPOS="1960" WIDTH="193" HEIGHT="54" CONTENT="d'agréer" WC="0.99" CC="90007006"/>
						<SP ID="P5_SP00137" HPOS="1012" VPOS="2015" WIDTH="39"/>
						<String ID="P5_ST00164" HPOS="1051" VPOS="1959" WIDTH="261" HEIGHT="44" CONTENT="l'assurance" WC="0.99" CC="07000059000"/>
						<SP ID="P5_SP00138" HPOS="1312" VPOS="2015" WIDTH="39"/>
						<String ID="P5_ST00165" HPOS="1351" VPOS="1959" WIDTH="52" HEIGHT="41" CONTENT="de" WC="1.00" CC="00"/>
					</TextLine>
					<TextLine ID="P5_TL00028" HPOS="237" VPOS="2021" WIDTH="790" HEIGHT="55">
						<String ID="P5_ST00166" HPOS="237" VPOS="2034" WIDTH="126" HEIGHT="31" CONTENT="notre" WC="0.99" CC="03070"/>
						<SP ID="P5_SP00139" HPOS="363" VPOS="2065" WIDTH="37"/>
						<String ID="P5_ST00167" HPOS="400" VPOS="2022" WIDTH="329" HEIGHT="42" CONTENT="considération" WC="1.00" CC="0300107000400"/>
						<SP ID="P5_SP00140" HPOS="729" VPOS="2065" WIDTH="40"/>
						<String ID="P5_ST00168" HPOS="769" VPOS="2021" WIDTH="258" HEIGHT="55" CONTENT="distinguée." WC="0.99" CC="07104090704"/>
					</TextLine>
					<TextLine ID="P5_TL00029" HPOS="239" VPOS="2132" WIDTH="331" HEIGHT="43">
						<String ID="P5_ST00169" HPOS="239" VPOS="2133" WIDTH="67" HEIGHT="41" CONTENT="LE" WC="0.93" CC="01" STYLEREFS="TXT_3"/>
						<SP ID="P5_SP00141" HPOS="306" VPOS="2174" WIDTH="26"/>
						<String ID="P5_ST00170" HPOS="332" VPOS="2132" WIDTH="198" HEIGHT="43" CONTENT="COMITÉ" WC="0.99" CC="203015" STYLEREFS="TXT_3"/>
						<SP ID="P5_SP00142" HPOS="530" VPOS="2175" WIDTH="32"/>
						<String ID="P5_ST00171" HPOS="562" VPOS="2149" WIDTH="8" HEIGHT="25" CONTENT=":" WC="0.87" CC="1" STYLEREFS="TXT_3"/>
					</TextLine>
					<TextLine ID="P5_TL00030" HPOS="235" VPOS="2217" WIDTH="1167" HEIGHT="55">
						<String ID="P5_ST00172" HPOS="235" VPOS="2218" WIDTH="225" HEIGHT="43" CONTENT="Président" WC="1.00" CC="060130000"/>
						<SP ID="P5_SP00143" HPOS="460" VPOS="2261" WIDTH="27"/>
						<String ID="P5_ST00173" HPOS="487" VPOS="2234" WIDTH="9" HEIGHT="26" CONTENT=":" WC="0.37" CC="6"/>
						<SP ID="P5_SP00144" HPOS="496" VPOS="2261" WIDTH="24"/>
						<String ID="P5_ST00174" HPOS="520" VPOS="2218" WIDTH="67" HEIGHT="42" CONTENT="M." WC="0.79" CC="04"/>
						<SP ID="P5_SP00145" HPOS="587" VPOS="2261" WIDTH="25"/>
						<String ID="P5_ST00175" HPOS="612" VPOS="2219" WIDTH="56" HEIGHT="42" CONTENT="A," WC="0.77" CC="04"/>
						<SP ID="P5_SP00146" HPOS="668" VPOS="2261" WIDTH="24"/>
						<String ID="P5_ST00176" HPOS="692" VPOS="2218" WIDTH="332" HEIGHT="54" CONTENT="FRANÇOIS," WC="1.00" CC="200000004"/>
						<SP ID="P5_SP00147" HPOS="1024" VPOS="2272" WIDTH="26"/>
						<String ID="P5_ST00177" HPOS="1050" VPOS="2218" WIDTH="223" HEIGHT="48" CONTENT="Sénateur," WC="1.00" CC="070000000"/>
						<SP ID="P5_SP00148" HPOS="1273" VPOS="2272" WIDTH="26"/>
						<String ID="P5_ST00178" HPOS="1299" VPOS="2217" WIDTH="78" HEIGHT="43" CONTENT="Pré" SUBS_TYPE="HypPart1" SUBS_CONTENT="Président" WC="0.96" CC="077"/>
						<HYP HPOS="1377" VPOS="2217" WIDTH="25" CONTENT="-"/>
					</TextLine>
					<TextLine ID="P5_TL00031" HPOS="405" VPOS="2280" WIDTH="997" HEIGHT="54">
						<String ID="P5_ST00179" HPOS="405" VPOS="2281" WIDTH="143" HEIGHT="42" CONTENT="sident" SUBS_TYPE="HypPart2" SUBS_CONTENT="Président" WC="1.00" CC="040000"/>
						<SP ID="P5_SP00149" HPOS="548" VPOS="2323" WIDTH="49"/>
						<String ID="P5_ST00180" HPOS="597" VPOS="2281" WIDTH="50" HEIGHT="41" CONTENT="de" WC="1.00" CC="00"/>
						<SP ID="P5_SP00150" HPOS="647" VPOS="2323" WIDTH="50"/>
						<String ID="P5_ST00181" HPOS="697" VPOS="2281" WIDTH="39" HEIGHT="42" CONTENT="la" WC="0.90" CC="20"/>
						<SP ID="P5_SP00151" HPOS="736" VPOS="2323" WIDTH="51"/>
						<String ID="P5_ST00182" HPOS="787" VPOS="2280" WIDTH="165" HEIGHT="43" CONTENT="Société" WC="0.99" CC="0300700"/>
						<SP ID="P5_SP00152" HPOS="952" VPOS="2323" WIDTH="51"/>
						<String ID="P5_ST00183" HPOS="1003" VPOS="2280" WIDTH="296" HEIGHT="54" CONTENT="Coopérative" WC="1.00" CC="01000700600"/>
						<SP ID="P5_SP00153" HPOS="1299" VPOS="2334" WIDTH="51"/>
						<String ID="P5_ST00184" HPOS="1350" VPOS="2281" WIDTH="52" HEIGHT="41" CONTENT="de" WC="1.00" CC="00"/>
					</TextLine>
					<TextLine ID="P5_TL00032" HPOS="405" VPOS="2342" WIDTH="597" HEIGHT="43">
						<String ID="P5_ST00185" HPOS="405" VPOS="2342" WIDTH="248" HEIGHT="42" CONTENT="Locataires" WC="1.00" CC="0000001700"/>
						<SP ID="P5_SP00154" HPOS="653" VPOS="2384" WIDTH="42"/>
						<String ID="P5_ST00186" HPOS="695" VPOS="2358" WIDTH="21" HEIGHT="26" CONTENT="«" WC="1.00" CC="0"/>
						<SP ID="P5_SP00155" HPOS="716" VPOS="2384" WIDTH="36"/>
						<String ID="P5_ST00187" HPOS="752" VPOS="2342" WIDTH="173" HEIGHT="43" CONTENT="Floréal" WC="0.98" CC="1345706"/>
						<SP ID="P5_SP00156" HPOS="925" VPOS="2385" WIDTH="38"/>
						<String ID="P5_ST00188" HPOS="963" VPOS="2357" WIDTH="39" HEIGHT="28" CONTENT="»," WC="0.51" CC="54"/>
					</TextLine>
					<TextLine ID="P5_TL00033" HPOS="236" VPOS="2415" WIDTH="1166" HEIGHT="47">
						<String ID="P5_ST00189" HPOS="236" VPOS="2415" WIDTH="378" HEIGHT="43" CONTENT="Vice-Présidents" WC="1.00" CC="000040070300000"/>
						<SP ID="P5_SP00157" HPOS="614" VPOS="2458" WIDTH="29"/>
						<String ID="P5_ST00190" HPOS="643" VPOS="2431" WIDTH="9" HEIGHT="27" CONTENT=":" WC="0.94" CC="0"/>
						<SP ID="P5_SP00158" HPOS="652" VPOS="2458" WIDTH="25"/>
						<String ID="P5_ST00191" HPOS="677" VPOS="2415" WIDTH="113" HEIGHT="43" CONTENT="Mlle" WC="1.00" CC="0010"/>
						<SP ID="P5_SP00159" HPOS="790" VPOS="2458" WIDTH="21"/>
						<String ID="P5_ST00192" HPOS="811" VPOS="2415" WIDTH="335" HEIGHT="47" CONTENT="JAPSENNE," WC="0.92" CC="200050000"/>
						<SP ID="P5_SP00160" HPOS="1146" VPOS="2462" WIDTH="28"/>
						<String ID="P5_ST00193" HPOS="1174" VPOS="2415" WIDTH="228" HEIGHT="42" CONTENT="Secrétaire" WC="0.99" CC="0007700070"/>
					</TextLine>
					<TextLine ID="P5_TL00034" HPOS="405" VPOS="2478" WIDTH="901" HEIGHT="42">
						<String ID="P5_ST00194" HPOS="405" VPOS="2478" WIDTH="71" HEIGHT="41" CONTENT="des" WC="1.00" CC="000"/>
						<SP ID="P5_SP00161" HPOS="476" VPOS="2519" WIDTH="26"/>
						<String ID="P5_ST00195" HPOS="502" VPOS="2478" WIDTH="194" HEIGHT="41" CONTENT="Œuvres" WC="1.00" CC="000000"/>
						<SP ID="P5_SP00162" HPOS="696" VPOS="2519" WIDTH="27"/>
						<String ID="P5_ST00196" HPOS="723" VPOS="2478" WIDTH="251" HEIGHT="42" CONTENT="Féminines" WC="1.00" CC="370100000"/>
						<SP ID="P5_SP00163" HPOS="974" VPOS="2520" WIDTH="28"/>
						<String ID="P5_ST00197" HPOS="1002" VPOS="2478" WIDTH="304" HEIGHT="42" CONTENT="Chrétiennes," WC="1.00" CC="404702000004"/>
						<SP ID="P5_SP00164" HPOS="1306" VPOS="2520" WIDTH="0"/>
					</TextLine>
				</TextBlock>
				<TextBlock ID="P5_TB00004" HPOS="1553" VPOS="478" WIDTH="1168" HEIGHT="2041" STYLEREFS="TXT_2 PAR_LEFT">
					<TextLine ID="P5_TL00035" HPOS="1726" VPOS="479" WIDTH="995" HEIGHT="55">
						<String ID="P5_ST00198" HPOS="1726" VPOS="479" WIDTH="64" HEIGHT="43" CONTENT="M»" WC="0.62" CC="07"/>
						<SP ID="P5_SP00165" HPOS="1790" VPOS="522" WIDTH="29"/>
						<String ID="P5_ST00199" HPOS="1819" VPOS="479" WIDTH="321" HEIGHT="55" CONTENT="MARIQUE," WC="1.00" CC="00000000"/>
						<SP ID="P5_SP00166" HPOS="2140" VPOS="534" WIDTH="33"/>
						<String ID="P5_ST00200" HPOS="2173" VPOS="480" WIDTH="118" HEIGHT="42" CONTENT="Chef" WC="0.97" CC="1153"/>
						<SP ID="P5_SP00167" HPOS="2291" VPOS="534" WIDTH="31"/>
						<String ID="P5_ST00201" HPOS="2322" VPOS="480" WIDTH="59" HEIGHT="42" CONTENT="du" WC="0.45" CC="55"/>
						<SP ID="P5_SP00168" HPOS="2381" VPOS="534" WIDTH="31"/>
						<String ID="P5_ST00202" HPOS="2412" VPOS="481" WIDTH="166" HEIGHT="42" CONTENT="Service" WC="0.98" CC="0672676"/>
						<SP ID="P5_SP00169" HPOS="2578" VPOS="534" WIDTH="29"/>
						<String ID="P5_ST00203" HPOS="2607" VPOS="480" WIDTH="92" HEIGHT="42" CONTENT="tech" SUBS_TYPE="HypPart1" SUBS_CONTENT="technique" WC="0.99" CC="1002"/>
						<HYP HPOS="2699" VPOS="480" WIDTH="22" CONTENT="-"/>
					</TextLine>
					<TextLine ID="P5_TL00036" HPOS="1726" VPOS="541" WIDTH="995" HEIGHT="54">
						<String ID="P5_ST00204" HPOS="1726" VPOS="541" WIDTH="132" HEIGHT="54" CONTENT="nique" SUBS_TYPE="HypPart2" SUBS_CONTENT="technique" WC="0.97" CC="63068"/>
						<SP ID="P5_SP00170" HPOS="1858" VPOS="595" WIDTH="24"/>
						<String ID="P5_ST00205" HPOS="1882" VPOS="541" WIDTH="51" HEIGHT="42" CONTENT="de" WC="0.90" CC="20"/>
						<SP ID="P5_SP00171" HPOS="1933" VPOS="595" WIDTH="24"/>
						<String ID="P5_ST00206" HPOS="1957" VPOS="543" WIDTH="39" HEIGHT="41" CONTENT="la" WC="0.32" CC="67"/>
						<SP ID="P5_SP00172" HPOS="1996" VPOS="595" WIDTH="28"/>
						<String ID="P5_ST00207" HPOS="2024" VPOS="541" WIDTH="166" HEIGHT="42" CONTENT="Société" WC="0.98" CC="0004727"/>
						<SP ID="P5_SP00173" HPOS="2190" VPOS="595" WIDTH="23"/>
						<String ID="P5_ST00208" HPOS="2213" VPOS="541" WIDTH="242" HEIGHT="44" CONTENT="Nationale" WC="0.99" CC="070243600"/>
						<SP ID="P5_SP00174" HPOS="2455" VPOS="595" WIDTH="26"/>
						<String ID="P5_ST00209" HPOS="2481" VPOS="543" WIDTH="71" HEIGHT="42" CONTENT="des" WC="0.99" CC="003"/>
						<SP ID="P5_SP00175" HPOS="2552" VPOS="595" WIDTH="27"/>
						<String ID="P5_ST00210" HPOS="2579" VPOS="542" WIDTH="114" HEIGHT="43" CONTENT="Habi" SUBS_TYPE="HypPart1" SUBS_CONTENT="Habitations" WC="0.98" CC="0006"/>
						<HYP HPOS="2693" VPOS="542" WIDTH="28" CONTENT="-"/>
					</TextLine>
					<TextLine ID="P5_TL00037" HPOS="1726" VPOS="603" WIDTH="592" HEIGHT="43">
						<String ID="P5_ST00211" HPOS="1726" VPOS="604" WIDTH="165" HEIGHT="41" CONTENT="tations" SUBS_TYPE="HypPart2" SUBS_CONTENT="Habitations" WC="0.99" CC="0901100"/>
						<SP ID="P5_SP00176" HPOS="1891" VPOS="645" WIDTH="35"/>
						<String ID="P5_ST00212" HPOS="1926" VPOS="604" WIDTH="23" HEIGHT="41" CONTENT="à" WC="0.29" CC="7"/>
						<SP ID="P5_SP00177" HPOS="1949" VPOS="645" WIDTH="35"/>
						<String ID="P5_ST00213" HPOS="1984" VPOS="604" WIDTH="102" HEIGHT="41" CONTENT="Bon" WC="0.97" CC="430"/>
						<SP ID="P5_SP00178" HPOS="2086" VPOS="645" WIDTH="34"/>
						<String ID="P5_ST00214" HPOS="2120" VPOS="603" WIDTH="198" HEIGHT="43" CONTENT="Marché," WC="0.99" CC="1080004"/>
					</TextLine>
					<TextLine ID="P5_TL00038" HPOS="1556" VPOS="677" WIDTH="1162" HEIGHT="51">
						<String ID="P5_ST00215" HPOS="1556" VPOS="677" WIDTH="227" HEIGHT="42" CONTENT="Secrétaire" WC="1.00" CC="0006000300"/>
						<SP ID="P5_SP00179" HPOS="1783" VPOS="719" WIDTH="35"/>
						<String ID="P5_ST00216" HPOS="1818" VPOS="693" WIDTH="9" HEIGHT="26" CONTENT=":" WC="1.00" CC="0"/>
						<SP ID="P5_SP00180" HPOS="1827" VPOS="719" WIDTH="30"/>
						<String ID="P5_ST00217" HPOS="1857" VPOS="677" WIDTH="68" HEIGHT="42" CONTENT="M," WC="0.63" CC="07"/>
						<SP ID="P5_SP00181" HPOS="1925" VPOS="719" WIDTH="30"/>
						<String ID="P5_ST00218" HPOS="1955" VPOS="678" WIDTH="59" HEIGHT="41" CONTENT="V," WC="0.77" CC="04"/>
						<SP ID="P5_SP00182" HPOS="2014" VPOS="719" WIDTH="29"/>
						<String ID="P5_ST00219" HPOS="2043" VPOS="678" WIDTH="382" HEIGHT="44" CONTENT="BOURGEOIS," WC="0.99" CC="6040600007"/>
						<SP ID="P5_SP00183" HPOS="2425" VPOS="722" WIDTH="31"/>
						<String ID="P5_ST00220" HPOS="2456" VPOS="679" WIDTH="262" HEIGHT="49" CONTENT="Architecte," WC="1.00" CC="46003000004"/>
					</TextLine>
					<TextLine ID="P5_TL00039" HPOS="1724" VPOS="738" WIDTH="997" HEIGHT="55">
						<String ID="P5_ST00221" HPOS="1724" VPOS="739" WIDTH="107" HEIGHT="42" CONTENT="Vice" WC="0.99" CC="0500"/>
						<SP ID="P5_SP00184" HPOS="1831" VPOS="781" WIDTH="24"/>
						<String ID="P5_ST00222" HPOS="1855" VPOS="738" WIDTH="227" HEIGHT="43" CONTENT="Président" WC="0.99" CC="067030000"/>
						<SP ID="P5_SP00185" HPOS="2082" VPOS="781" WIDTH="37"/>
						<String ID="P5_ST00223" HPOS="2119" VPOS="740" WIDTH="71" HEIGHT="41" CONTENT="des" WC="1.00" CC="000"/>
						<SP ID="P5_SP00186" HPOS="2190" VPOS="781" WIDTH="35"/>
						<String ID="P5_ST00224" HPOS="2225" VPOS="740" WIDTH="199" HEIGHT="53" CONTENT="Congrès" WC="0.99" CC="2004770"/>
						<SP ID="P5_SP00187" HPOS="2424" VPOS="793" WIDTH="32"/>
						<String ID="P5_ST00225" HPOS="2456" VPOS="740" WIDTH="241" HEIGHT="43" CONTENT="internatio" SUBS_TYPE="HypPart1" SUBS_CONTENT="internationaux" WC="1.00" CC="0000700040"/>
						<HYP HPOS="2697" VPOS="740" WIDTH="24" CONTENT="-"/>
					</TextLine>
					<TextLine ID="P5_TL00040" HPOS="1726" VPOS="801" WIDTH="749" HEIGHT="43">
						<String ID="P5_ST00226" HPOS="1726" VPOS="816" WIDTH="120" HEIGHT="26" CONTENT="naux" SUBS_TYPE="HypPart2" SUBS_CONTENT="internationaux" WC="1.00" CC="0000"/>
						<SP ID="P5_SP00188" HPOS="1846" VPOS="842" WIDTH="26"/>
						<String ID="P5_ST00227" HPOS="1872" VPOS="801" WIDTH="353" HEIGHT="43" CONTENT="d'Architecture" WC="0.99" CC="07650050003470"/>
						<SP ID="P5_SP00189" HPOS="2225" VPOS="844" WIDTH="24"/>
						<String ID="P5_ST00228" HPOS="2249" VPOS="802" WIDTH="226" HEIGHT="42" CONTENT="moderne." WC="1.00" CC="00000107"/>
					</TextLine>
					<TextLine ID="P5_TL00041" HPOS="1556" VPOS="862" WIDTH="1162" HEIGHT="53">
						<String ID="P5_ST00229" HPOS="1556" VPOS="863" WIDTH="436" HEIGHT="52" CONTENT="Secrétaire-adjoint" WC="1.00" CC="000670046040900200"/>
						<SP ID="P5_SP00190" HPOS="1992" VPOS="915" WIDTH="56"/>
						<String ID="P5_ST00230" HPOS="2048" VPOS="879" WIDTH="10" HEIGHT="26" CONTENT=":" WC="0.75" CC="2"/>
						<SP ID="P5_SP00191" HPOS="2058" VPOS="915" WIDTH="54"/>
						<String ID="P5_ST00231" HPOS="2112" VPOS="862" WIDTH="68" HEIGHT="42" CONTENT="M," WC="0.77" CC="04"/>
						<SP ID="P5_SP00192" HPOS="2180" VPOS="915" WIDTH="54"/>
						<String ID="P5_ST00232" HPOS="2234" VPOS="862" WIDTH="48" HEIGHT="43" CONTENT="P," WC="0.77" CC="04"/>
						<SP ID="P5_SP00193" HPOS="2282" VPOS="915" WIDTH="56"/>
						<String ID="P5_ST00233" HPOS="2338" VPOS="863" WIDTH="380" HEIGHT="47" CONTENT="BOURGEOIS," WC="1.00" CC="7000000004"/>
					</TextLine>
					<TextLine ID="P5_TL00042" HPOS="1720" VPOS="924" WIDTH="1001" HEIGHT="47">
						<String ID="P5_ST00234" HPOS="1720" VPOS="924" WIDTH="384" HEIGHT="42" CONTENT="Administrateur" WC="1.00" CC="00056311700000"/>
						<SP ID="P5_SP00194" HPOS="2104" VPOS="966" WIDTH="22"/>
						<String ID="P5_ST00235" HPOS="2126" VPOS="925" WIDTH="50" HEIGHT="42" CONTENT="de" WC="0.71" CC="05"/>
						<SP ID="P5_SP00195" HPOS="2176" VPOS="967" WIDTH="22"/>
						<String ID="P5_ST00236" HPOS="2198" VPOS="925" WIDTH="39" HEIGHT="42" CONTENT="la" WC="0.78" CC="40"/>
						<SP ID="P5_SP00196" HPOS="2237" VPOS="967" WIDTH="33"/>
						<String ID="P5_ST00237" HPOS="2270" VPOS="940" WIDTH="22" HEIGHT="26" CONTENT="«" WC="0.64" CC="3"/>
						<SP ID="P5_SP00197" HPOS="2292" VPOS="967" WIDTH="25"/>
						<String ID="P5_ST00238" HPOS="2317" VPOS="924" WIDTH="99" HEIGHT="42" CONTENT="Cité" WC="0.99" CC="2200"/>
						<SP ID="P5_SP00198" HPOS="2416" VPOS="967" WIDTH="20"/>
						<String ID="P5_ST00239" HPOS="2436" VPOS="924" WIDTH="220" HEIGHT="43" CONTENT="Moderne" WC="1.00" CC="0000700"/>
						<SP ID="P5_SP00199" HPOS="2656" VPOS="967" WIDTH="25"/>
						<String ID="P5_ST00240" HPOS="2681" VPOS="938" WIDTH="40" HEIGHT="33" CONTENT="»," WC="0.42" CC="37"/>
					</TextLine>
					<TextLine ID="P5_TL00043" HPOS="1724" VPOS="986" WIDTH="997" HEIGHT="43">
						<String ID="P5_ST00241" HPOS="1724" VPOS="987" WIDTH="59" HEIGHT="41" CONTENT="du" WC="1.00" CC="00"/>
						<SP ID="P5_SP00200" HPOS="1783" VPOS="1028" WIDTH="50"/>
						<String ID="P5_ST00242" HPOS="1833" VPOS="986" WIDTH="154" HEIGHT="42" CONTENT="Crédit" WC="0.99" CC="050020"/>
						<SP ID="P5_SP00201" HPOS="1987" VPOS="1028" WIDTH="51"/>
						<String ID="P5_ST00243" HPOS="2038" VPOS="987" WIDTH="280" HEIGHT="41" CONTENT="Immobilier" WC="1.00" CC="0000000507"/>
						<SP ID="P5_SP00202" HPOS="2318" VPOS="1028" WIDTH="48"/>
						<String ID="P5_ST00244" HPOS="2366" VPOS="999" WIDTH="40" HEIGHT="30" CONTENT="et" WC="1.00" CC="00"/>
						<SP ID="P5_SP00203" HPOS="2406" VPOS="1029" WIDTH="50"/>
						<String ID="P5_ST00245" HPOS="2456" VPOS="988" WIDTH="60" HEIGHT="41" CONTENT="du" WC="1.00" CC="00"/>
						<SP ID="P5_SP00204" HPOS="2516" VPOS="1029" WIDTH="52"/>
						<String ID="P5_ST00246" HPOS="2568" VPOS="987" WIDTH="153" HEIGHT="42" CONTENT="Crédit" WC="0.99" CC="270050"/>
					</TextLine>
					<TextLine ID="P5_TL00044" HPOS="1724" VPOS="1048" WIDTH="203" HEIGHT="43">
						<String ID="P5_ST00247" HPOS="1724" VPOS="1048" WIDTH="203" HEIGHT="43" CONTENT="Ouvrier," WC="0.99" CC="00606004"/>
					</TextLine>
					<TextLine ID="P5_TL00045" HPOS="1555" VPOS="1108" WIDTH="1166" HEIGHT="45">
						<String ID="P5_ST00248" HPOS="1555" VPOS="1108" WIDTH="225" HEIGHT="43" CONTENT="Membres" WC="0.98" CC="1800902"/>
						<SP ID="P5_SP00205" HPOS="1780" VPOS="1151" WIDTH="63"/>
						<String ID="P5_ST00249" HPOS="1843" VPOS="1125" WIDTH="8" HEIGHT="26" CONTENT=":" WC="1.00" CC="0"/>
						<SP ID="P5_SP00206" HPOS="1851" VPOS="1151" WIDTH="61"/>
						<String ID="P5_ST00250" HPOS="1912" VPOS="1109" WIDTH="113" HEIGHT="42" CONTENT="Mlle" WC="1.00" CC="0010"/>
						<SP ID="P5_SP00207" HPOS="2025" VPOS="1151" WIDTH="55"/>
						<String ID="P5_ST00251" HPOS="2080" VPOS="1109" WIDTH="242" HEIGHT="44" CONTENT="MULLE," WC="0.98" CC="000000"/>
						<SP ID="P5_SP00208" HPOS="2322" VPOS="1153" WIDTH="57"/>
						<String ID="P5_ST00252" HPOS="2379" VPOS="1110" WIDTH="236" HEIGHT="43" CONTENT="Directrice" WC="0.99" CC="3660007400"/>
						<SP ID="P5_SP00209" HPOS="2615" VPOS="1153" WIDTH="56"/>
						<String ID="P5_ST00253" HPOS="2671" VPOS="1110" WIDTH="50" HEIGHT="42" CONTENT="de" WC="1.00" CC="00"/>
					</TextLine>
					<TextLine ID="P5_TL00046" HPOS="1725" VPOS="1170" WIDTH="994" HEIGHT="48">
						<String ID="P5_ST00254" HPOS="1725" VPOS="1171" WIDTH="162" HEIGHT="42" CONTENT="l'Ecole" WC="0.99" CC="1700320"/>
						<SP ID="P5_SP00210" HPOS="1887" VPOS="1213" WIDTH="59"/>
						<String ID="P5_ST00255" HPOS="1946" VPOS="1170" WIDTH="207" HEIGHT="44" CONTENT="Centrale" WC="0.99" CC="30006014"/>
						<SP ID="P5_SP00211" HPOS="2153" VPOS="1214" WIDTH="61"/>
						<String ID="P5_ST00256" HPOS="2214" VPOS="1173" WIDTH="51" HEIGHT="40" CONTENT="de" WC="1.00" CC="00"/>
						<SP ID="P5_SP00212" HPOS="2265" VPOS="1214" WIDTH="63"/>
						<String ID="P5_ST00257" HPOS="2328" VPOS="1171" WIDTH="166" HEIGHT="43" CONTENT="Service" WC="1.00" CC="0060000"/>
						<SP ID="P5_SP00213" HPOS="2494" VPOS="1214" WIDTH="61"/>
						<String ID="P5_ST00258" HPOS="2555" VPOS="1171" WIDTH="164" HEIGHT="47" CONTENT="Social;" WC="0.99" CC="0105019"/>
					</TextLine>
					<TextLine ID="P5_TL00047" HPOS="1724" VPOS="1232" WIDTH="997" HEIGHT="47">
						<String ID="P5_ST00259" HPOS="1724" VPOS="1232" WIDTH="125" HEIGHT="43" CONTENT="MM," WC="0.98" CC="004"/>
						<SP ID="P5_SP00214" HPOS="1849" VPOS="1275" WIDTH="33"/>
						<String ID="P5_ST00260" HPOS="1882" VPOS="1234" WIDTH="40" HEIGHT="41" CONTENT="J," WC="0.77" CC="04"/>
						<SP ID="P5_SP00215" HPOS="1922" VPOS="1275" WIDTH="31"/>
						<String ID="P5_ST00261" HPOS="1953" VPOS="1234" WIDTH="333" HEIGHT="45" CONTENT="BLOCKUIS," WC="0.93" CC="400010000"/>
						<SP ID="P5_SP00216" HPOS="2286" VPOS="1279" WIDTH="33"/>
						<String ID="P5_ST00262" HPOS="2319" VPOS="1232" WIDTH="402" HEIGHT="43" CONTENT="Administrateur-" WC="1.00" CC="000505006020004"/>
					</TextLine>
					<TextLine ID="P5_TL00048" HPOS="1724" VPOS="1295" WIDTH="997" HEIGHT="53">
						<String ID="P5_ST00263" HPOS="1724" VPOS="1295" WIDTH="194" HEIGHT="53" CONTENT="Délégué" WC="1.00" CC="0000300"/>
						<SP ID="P5_SP00217" HPOS="1918" VPOS="1348" WIDTH="37"/>
						<String ID="P5_ST00264" HPOS="1955" VPOS="1296" WIDTH="50" HEIGHT="41" CONTENT="de" WC="0.68" CC="06"/>
						<SP ID="P5_SP00218" HPOS="2005" VPOS="1348" WIDTH="37"/>
						<String ID="P5_ST00265" HPOS="2042" VPOS="1296" WIDTH="38" HEIGHT="41" CONTENT="la" WC="0.88" CC="20"/>
						<SP ID="P5_SP00219" HPOS="2080" VPOS="1348" WIDTH="39"/>
						<String ID="P5_ST00266" HPOS="2119" VPOS="1295" WIDTH="164" HEIGHT="42" CONTENT="Société" WC="0.99" CC="0303007"/>
						<SP ID="P5_SP00220" HPOS="2283" VPOS="1348" WIDTH="45"/>
						<String ID="P5_ST00267" HPOS="2328" VPOS="1311" WIDTH="22" HEIGHT="25" CONTENT="«" WC="0.50" CC="4"/>
						<SP ID="P5_SP00221" HPOS="2350" VPOS="1348" WIDTH="38"/>
						<String ID="P5_ST00268" HPOS="2388" VPOS="1296" WIDTH="260" HEIGHT="44" CONTENT="Commerce" WC="1.00" CC="01000700"/>
						<SP ID="P5_SP00222" HPOS="2648" VPOS="1348" WIDTH="34"/>
						<String ID="P5_ST00269" HPOS="2682" VPOS="1305" WIDTH="39" HEIGHT="31" CONTENT="et" WC="0.67" CC="06"/>
					</TextLine>
					<TextLine ID="P5_TL00049" HPOS="1721" VPOS="1356" WIDTH="996" HEIGHT="55">
						<String ID="P5_ST00270" HPOS="1721" VPOS="1356" WIDTH="264" HEIGHT="55" CONTENT="Technique" WC="0.99" CC="100503060"/>
						<SP ID="P5_SP00223" HPOS="1985" VPOS="1411" WIDTH="26"/>
						<String ID="P5_ST00271" HPOS="2011" VPOS="1372" WIDTH="45" HEIGHT="30" CONTENT="»;" WC="0.36" CC="39"/>
						<SP ID="P5_SP00224" HPOS="2056" VPOS="1411" WIDTH="25"/>
						<String ID="P5_ST00272" HPOS="2081" VPOS="1357" WIDTH="50" HEIGHT="42" CONTENT="L," WC="0.77" CC="04"/>
						<SP ID="P5_SP00225" HPOS="2131" VPOS="1411" WIDTH="23"/>
						<String ID="P5_ST00273" HPOS="2154" VPOS="1356" WIDTH="370" HEIGHT="45" CONTENT="DELATTRE," WC="0.85" CC="030000034"/>
						<SP ID="P5_SP00226" HPOS="2524" VPOS="1411" WIDTH="25"/>
						<String ID="P5_ST00274" HPOS="2549" VPOS="1357" WIDTH="144" HEIGHT="52" CONTENT="Inspec" SUBS_TYPE="HypPart1" SUBS_CONTENT="Inspecteur" WC="1.00" CC="000100"/>
						<HYP HPOS="2693" VPOS="1357" WIDTH="24" CONTENT="-"/>
					</TextLine>
					<TextLine ID="P5_TL00050" HPOS="1724" VPOS="1418" WIDTH="997" HEIGHT="54">
						<String ID="P5_ST00275" HPOS="1724" VPOS="1429" WIDTH="94" HEIGHT="31" CONTENT="teur" SUBS_TYPE="HypPart2" SUBS_CONTENT="Inspecteur" WC="1.00" CC="0000"/>
						<SP ID="P5_SP00227" HPOS="1818" VPOS="1460" WIDTH="22"/>
						<String ID="P5_ST00276" HPOS="1840" VPOS="1418" WIDTH="220" HEIGHT="54" CONTENT="principal" WC="0.99" CC="103002403"/>
						<SP ID="P5_SP00228" HPOS="2060" VPOS="1472" WIDTH="25"/>
						<String ID="P5_ST00277" HPOS="2085" VPOS="1418" WIDTH="265" HEIGHT="54" CONTENT="d'Hygiène," WC="0.99" CC="0745057008"/>
						<SP ID="P5_SP00229" HPOS="2350" VPOS="1472" WIDTH="25"/>
						<String ID="P5_ST00278" HPOS="2375" VPOS="1420" WIDTH="59" HEIGHT="40" CONTENT="du" WC="1.00" CC="00"/>
						<SP ID="P5_SP00230" HPOS="2434" VPOS="1472" WIDTH="27"/>
						<String ID="P5_ST00279" HPOS="2461" VPOS="1420" WIDTH="232" HEIGHT="41" CONTENT="Gouverne" SUBS_TYPE="HypPart1" SUBS_CONTENT="Gouvernement;" WC="1.00" CC="00000000"/>
						<HYP HPOS="2693" VPOS="1420" WIDTH="28" CONTENT="-"/>
					</TextLine>
					<TextLine ID="P5_TL00051" HPOS="1726" VPOS="1479" WIDTH="995" HEIGHT="56">
						<String ID="P5_ST00280" HPOS="1726" VPOS="1490" WIDTH="141" HEIGHT="35" CONTENT="ment;" SUBS_TYPE="HypPart2" SUBS_CONTENT="Gouvernement;" WC="0.99" CC="00009"/>
						<SP ID="P5_SP00231" HPOS="1867" VPOS="1525" WIDTH="29"/>
						<String ID="P5_ST00281" HPOS="1896" VPOS="1479" WIDTH="372" HEIGHT="47" CONTENT="DRONSART," WC="1.00" CC="000000000"/>
						<SP ID="P5_SP00232" HPOS="2268" VPOS="1526" WIDTH="27"/>
						<String ID="P5_ST00282" HPOS="2295" VPOS="1481" WIDTH="229" HEIGHT="42" CONTENT="Directeur" WC="1.00" CC="010000007"/>
						<SP ID="P5_SP00233" HPOS="2524" VPOS="1526" WIDTH="25"/>
						<String ID="P5_ST00283" HPOS="2549" VPOS="1479" WIDTH="172" HEIGHT="56" CONTENT="général" WC="0.99" CC="0000705"/>
					</TextLine>
					<TextLine ID="P5_TL00052" HPOS="1726" VPOS="1541" WIDTH="995" HEIGHT="56">
						<String ID="P5_ST00284" HPOS="1726" VPOS="1542" WIDTH="50" HEIGHT="40" CONTENT="de" WC="1.00" CC="00"/>
						<SP ID="P5_SP00234" HPOS="1776" VPOS="1582" WIDTH="37"/>
						<String ID="P5_ST00285" HPOS="1813" VPOS="1542" WIDTH="38" HEIGHT="41" CONTENT="la" WC="0.86" CC="20"/>
						<SP ID="P5_SP00235" HPOS="1851" VPOS="1583" WIDTH="38"/>
						<String ID="P5_ST00286" HPOS="1889" VPOS="1541" WIDTH="325" HEIGHT="54" CONTENT="Croix-Rouge" WC="1.00" CC="00050404000"/>
						<SP ID="P5_SP00236" HPOS="2214" VPOS="1595" WIDTH="35"/>
						<String ID="P5_ST00287" HPOS="2249" VPOS="1542" WIDTH="51" HEIGHT="41" CONTENT="de" WC="1.00" CC="00"/>
						<SP ID="P5_SP00237" HPOS="2300" VPOS="1595" WIDTH="35"/>
						<String ID="P5_ST00288" HPOS="2335" VPOS="1542" WIDTH="233" HEIGHT="55" CONTENT="Belgique;" WC="1.00" CC="501060000"/>
						<SP ID="P5_SP00238" HPOS="2568" VPOS="1597" WIDTH="38"/>
						<String ID="P5_ST00289" HPOS="2606" VPOS="1542" WIDTH="77" HEIGHT="43" CONTENT="DU" SUBS_TYPE="HypPart1" SUBS_CONTENT="DUPIERREUX," WC="0.97" CC="04"/>
						<HYP HPOS="2683" VPOS="1542" WIDTH="38" CONTENT="-"/>
					</TextLine>
					<TextLine ID="P5_TL00053" HPOS="1724" VPOS="1602" WIDTH="997" HEIGHT="56">
						<String ID="P5_ST00290" HPOS="1724" VPOS="1602" WIDTH="337" HEIGHT="46" CONTENT="PIERREUX," SUBS_TYPE="HypPart2" SUBS_CONTENT="DUPIERREUX," WC="1.00" CC="003000204"/>
						<SP ID="P5_SP00239" HPOS="2061" VPOS="1648" WIDTH="46"/>
						<String ID="P5_ST00291" HPOS="2107" VPOS="1603" WIDTH="203" HEIGHT="55" CONTENT="Critique" WC="1.00" CC="40400000"/>
						<SP ID="P5_SP00240" HPOS="2310" VPOS="1658" WIDTH="42"/>
						<String ID="P5_ST00292" HPOS="2352" VPOS="1604" WIDTH="148" HEIGHT="44" CONTENT="d'Art," WC="0.98" CC="040807"/>
						<SP ID="P5_SP00241" HPOS="2500" VPOS="1658" WIDTH="45"/>
						<String ID="P5_ST00293" HPOS="2545" VPOS="1602" WIDTH="151" HEIGHT="45" CONTENT="Profes" SUBS_TYPE="HypPart1" SUBS_CONTENT="Professeur" WC="0.99" CC="900500"/>
						<HYP HPOS="2696" VPOS="1602" WIDTH="25" CONTENT="-"/>
					</TextLine>
					<TextLine ID="P5_TL00054" HPOS="1724" VPOS="1664" WIDTH="997" HEIGHT="54">
						<String ID="P5_ST00294" HPOS="1724" VPOS="1680" WIDTH="95" HEIGHT="26" CONTENT="seur" SUBS_TYPE="HypPart2" SUBS_CONTENT="Professeur" WC="0.98" CC="1006"/>
						<SP ID="P5_SP00242" HPOS="1819" VPOS="1706" WIDTH="35"/>
						<String ID="P5_ST00295" HPOS="1854" VPOS="1665" WIDTH="23" HEIGHT="41" CONTENT="à" WC="0.29" CC="7"/>
						<SP ID="P5_SP00243" HPOS="1877" VPOS="1706" WIDTH="36"/>
						<String ID="P5_ST00296" HPOS="1913" VPOS="1664" WIDTH="221" HEIGHT="45" CONTENT="l'lnstitut" WC="0.99" CC="0400265000"/>
						<SP ID="P5_SP00244" HPOS="2134" VPOS="1709" WIDTH="37"/>
						<String ID="P5_ST00297" HPOS="2171" VPOS="1665" WIDTH="232" HEIGHT="53" CONTENT="Supérieur" WC="0.99" CC="000760007"/>
						<SP ID="P5_SP00245" HPOS="2403" VPOS="1718" WIDTH="36"/>
						<String ID="P5_ST00298" HPOS="2439" VPOS="1665" WIDTH="72" HEIGHT="42" CONTENT="des" WC="1.00" CC="000"/>
						<SP ID="P5_SP00246" HPOS="2511" VPOS="1718" WIDTH="38"/>
						<String ID="P5_ST00299" HPOS="2549" VPOS="1665" WIDTH="172" HEIGHT="43" CONTENT="Beaux-" WC="0.98" CC="300074"/>
					</TextLine>
					<TextLine ID="P5_TL00055" HPOS="1725" VPOS="1726" WIDTH="996" HEIGHT="55">
						<String ID="P5_ST00300" HPOS="1725" VPOS="1726" WIDTH="107" HEIGHT="42" CONTENT="Arts" WC="0.99" CC="0400"/>
						<SP ID="P5_SP00247" HPOS="1832" VPOS="1768" WIDTH="46"/>
						<String ID="P5_ST00301" HPOS="1878" VPOS="1726" WIDTH="244" HEIGHT="46" CONTENT="d'Anvers;" WC="1.00" CC="910000000"/>
						<SP ID="P5_SP00248" HPOS="2122" VPOS="1772" WIDTH="51"/>
						<String ID="P5_ST00302" HPOS="2173" VPOS="1726" WIDTH="275" HEIGHT="55" CONTENT="FRANCQ," WC="0.97" CC="0000100"/>
						<SP ID="P5_SP00249" HPOS="2448" VPOS="1781" WIDTH="49"/>
						<String ID="P5_ST00303" HPOS="2497" VPOS="1726" WIDTH="119" HEIGHT="43" CONTENT="Chef" WC="0.98" CC="0602"/>
						<SP ID="P5_SP00250" HPOS="2616" VPOS="1781" WIDTH="46"/>
						<String ID="P5_ST00304" HPOS="2662" VPOS="1726" WIDTH="59" HEIGHT="43" CONTENT="du" WC="1.00" CC="00"/>
					</TextLine>
					<TextLine ID="P5_TL00056" HPOS="1726" VPOS="1787" WIDTH="995" HEIGHT="56">
						<String ID="P5_ST00305" HPOS="1726" VPOS="1788" WIDTH="165" HEIGHT="41" CONTENT="Service" WC="0.99" CC="0000709"/>
						<SP ID="P5_SP00251" HPOS="1891" VPOS="1829" WIDTH="29"/>
						<String ID="P5_ST00306" HPOS="1920" VPOS="1789" WIDTH="71" HEIGHT="40" CONTENT="des" WC="1.00" CC="001"/>
						<SP ID="P5_SP00252" HPOS="1991" VPOS="1829" WIDTH="29"/>
						<String ID="P5_ST00307" HPOS="2020" VPOS="1787" WIDTH="219" HEIGHT="43" CONTENT="Travaux" WC="0.97" CC="0709990"/>
						<SP ID="P5_SP00253" HPOS="2239" VPOS="1830" WIDTH="28"/>
						<String ID="P5_ST00308" HPOS="2267" VPOS="1787" WIDTH="173" HEIGHT="56" CONTENT="publics" WC="1.00" CC="0000500"/>
						<SP ID="P5_SP00254" HPOS="2440" VPOS="1843" WIDTH="28"/>
						<String ID="P5_ST00309" HPOS="2468" VPOS="1789" WIDTH="51" HEIGHT="41" CONTENT="de" WC="0.72" CC="05"/>
						<SP ID="P5_SP00255" HPOS="2519" VPOS="1843" WIDTH="28"/>
						<String ID="P5_ST00310" HPOS="2547" VPOS="1789" WIDTH="150" HEIGHT="41" CONTENT="Schaer" SUBS_TYPE="HypPart1" SUBS_CONTENT="Schaerbeek;" WC="0.73" CC="006007"/>
						<HYP HPOS="2697" VPOS="1789" WIDTH="24" CONTENT="-"/>
					</TextLine>
					<TextLine ID="P5_TL00057" HPOS="1724" VPOS="1849" WIDTH="997" HEIGHT="54">
						<String ID="P5_ST00311" HPOS="1724" VPOS="1849" WIDTH="127" HEIGHT="46" CONTENT="beek;" SUBS_TYPE="HypPart2" SUBS_CONTENT="Schaerbeek;" WC="0.83" CC="08000"/>
						<SP ID="P5_SP00256" HPOS="1851" VPOS="1895" WIDTH="35"/>
						<String ID="P5_ST00312" HPOS="1886" VPOS="1849" WIDTH="210" HEIGHT="46" CONTENT="GERIN," WC="0.96" CC="020000"/>
						<SP ID="P5_SP00257" HPOS="2096" VPOS="1895" WIDTH="32"/>
						<String ID="P5_ST00313" HPOS="2128" VPOS="1849" WIDTH="229" HEIGHT="42" CONTENT="Directeur" WC="0.99" CC="046000006"/>
						<SP ID="P5_SP00258" HPOS="2357" VPOS="1895" WIDTH="31"/>
						<String ID="P5_ST00314" HPOS="2388" VPOS="1851" WIDTH="60" HEIGHT="40" CONTENT="du" WC="1.00" CC="00"/>
						<SP ID="P5_SP00259" HPOS="2448" VPOS="1895" WIDTH="31"/>
						<String ID="P5_ST00315" HPOS="2479" VPOS="1850" WIDTH="242" HEIGHT="53" CONTENT="Comptoir" WC="0.99" CC="17002066"/>
					</TextLine>
					<TextLine ID="P5_TL00058" HPOS="1722" VPOS="1910" WIDTH="996" HEIGHT="49">
						<String ID="P5_ST00316" HPOS="1722" VPOS="1910" WIDTH="219" HEIGHT="43" CONTENT="National" WC="0.99" CC="00055004"/>
						<SP ID="P5_SP00260" HPOS="1941" VPOS="1953" WIDTH="31"/>
						<String ID="P5_ST00317" HPOS="1972" VPOS="1912" WIDTH="72" HEIGHT="41" CONTENT="des" WC="0.98" CC="050"/>
						<SP ID="P5_SP00261" HPOS="2044" VPOS="1953" WIDTH="31"/>
						<String ID="P5_ST00318" HPOS="2075" VPOS="1911" WIDTH="278" HEIGHT="46" CONTENT="Matériaux;" WC="1.00" CC="0000750000"/>
						<SP ID="P5_SP00262" HPOS="2353" VPOS="1957" WIDTH="32"/>
						<String ID="P5_ST00319" HPOS="2385" VPOS="1911" WIDTH="333" HEIGHT="48" CONTENT="TIRIFAHY," WC="0.77" CC="000010647"/>
					</TextLine>
					<TextLine ID="P5_TL00059" HPOS="1722" VPOS="1972" WIDTH="998" HEIGHT="55">
						<String ID="P5_ST00320" HPOS="1722" VPOS="1973" WIDTH="383" HEIGHT="42" CONTENT="Administrateur" WC="0.99" CC="00060406970596"/>
						<SP ID="P5_SP00263" HPOS="2105" VPOS="2015" WIDTH="22"/>
						<String ID="P5_ST00321" HPOS="2127" VPOS="1997" WIDTH="17" HEIGHT="7" CONTENT="-" WC="0.55" CC="4"/>
						<SP ID="P5_SP00264" HPOS="2144" VPOS="2015" WIDTH="22"/>
						<String ID="P5_ST00322" HPOS="2166" VPOS="1972" WIDTH="193" HEIGHT="55" CONTENT="Délégué" WC="0.99" CC="0710007"/>
						<SP ID="P5_SP00265" HPOS="2359" VPOS="2027" WIDTH="36"/>
						<String ID="P5_ST00323" HPOS="2395" VPOS="1975" WIDTH="50" HEIGHT="40" CONTENT="de" WC="1.00" CC="00"/>
						<SP ID="P5_SP00266" HPOS="2445" VPOS="2027" WIDTH="35"/>
						<String ID="P5_ST00324" HPOS="2480" VPOS="1975" WIDTH="39" HEIGHT="41" CONTENT="la" WC="0.96" CC="00"/>
						<SP ID="P5_SP00267" HPOS="2519" VPOS="2027" WIDTH="36"/>
						<String ID="P5_ST00325" HPOS="2555" VPOS="1972" WIDTH="165" HEIGHT="44" CONTENT="Société" WC="0.98" CC="0607737"/>
					</TextLine>
					<TextLine ID="P5_TL00060" HPOS="1734" VPOS="2034" WIDTH="985" HEIGHT="47">
						<String ID="P5_ST00326" HPOS="1734" VPOS="2050" WIDTH="21" HEIGHT="26" CONTENT="«" WC="0.74" CC="2"/>
						<SP ID="P5_SP00268" HPOS="1755" VPOS="2076" WIDTH="55"/>
						<String ID="P5_ST00327" HPOS="1810" VPOS="2034" WIDTH="274" HEIGHT="42" CONTENT="Farcométal" WC="0.76" CC="3070007202"/>
						<SP ID="P5_SP00269" HPOS="2084" VPOS="2076" WIDTH="57"/>
						<String ID="P5_ST00328" HPOS="2141" VPOS="2050" WIDTH="48" HEIGHT="31" CONTENT="»;" WC="0.81" CC="30"/>
						<SP ID="P5_SP00270" HPOS="2189" VPOS="2081" WIDTH="57"/>
						<String ID="P5_ST00329" HPOS="2246" VPOS="2034" WIDTH="140" HEIGHT="43" CONTENT="VAN" WC="1.00" CC="000"/>
						<SP ID="P5_SP00271" HPOS="2386" VPOS="2081" WIDTH="52"/>
						<String ID="P5_ST00330" HPOS="2438" VPOS="2034" WIDTH="83" HEIGHT="43" CONTENT="DE" WC="1.00" CC="00"/>
						<SP ID="P5_SP00272" HPOS="2521" VPOS="2081" WIDTH="51"/>
						<String ID="P5_ST00331" HPOS="2572" VPOS="2034" WIDTH="147" HEIGHT="45" CONTENT="VEN," WC="0.89" CC="0004"/>
					</TextLine>
					<TextLine ID="P5_TL00061" HPOS="1724" VPOS="2097" WIDTH="256" HEIGHT="41">
						<String ID="P5_ST00332" HPOS="1724" VPOS="2097" WIDTH="256" HEIGHT="41" CONTENT="Industriel," WC="0.99" CC="00006007214"/>
					</TextLine>
					<TextLine ID="P5_TL00062" HPOS="1555" VPOS="2168" WIDTH="1162" HEIGHT="48">
						<String ID="P5_ST00333" HPOS="1555" VPOS="2170" WIDTH="77" HEIGHT="41" CONTENT="Les" WC="0.94" CC="565"/>
						<SP ID="P5_SP00273" HPOS="1632" VPOS="2211" WIDTH="27"/>
						<String ID="P5_ST00334" HPOS="1659" VPOS="2170" WIDTH="268" HEIGHT="41" CONTENT="Architectes" WC="1.00" CC="00064000000"/>
						<SP ID="P5_SP00274" HPOS="1927" VPOS="2211" WIDTH="25"/>
						<String ID="P5_ST00335" HPOS="1952" VPOS="2179" WIDTH="62" HEIGHT="31" CONTENT="DE" WC="0.88" CC="01" STYLEREFS="TXT_3"/>
						<SP ID="P5_SP00275" HPOS="2014" VPOS="2211" WIDTH="29"/>
						<String ID="P5_ST00336" HPOS="2043" VPOS="2169" WIDTH="307" HEIGHT="46" CONTENT="KONINCK," WC="0.76" CC="50000264"/>
						<SP ID="P5_SP00276" HPOS="2350" VPOS="2215" WIDTH="28"/>
						<String ID="P5_ST00337" HPOS="2378" VPOS="2168" WIDTH="339" HEIGHT="48" CONTENT="EGGERICX," WC="0.89" CC="102000004"/>
					</TextLine>
					<TextLine ID="P5_TL00063" HPOS="1723" VPOS="2230" WIDTH="994" HEIGHT="47">
						<String ID="P5_ST00338" HPOS="1723" VPOS="2230" WIDTH="342" HEIGHT="46" CONTENT="HENVAUX," WC="0.85" CC="41000014"/>
						<SP ID="P5_SP00277" HPOS="2065" VPOS="2276" WIDTH="74"/>
						<String ID="P5_ST00339" HPOS="2139" VPOS="2231" WIDTH="274" HEIGHT="46" CONTENT="HOEBEN," WC="0.65" CC="5046404"/>
						<SP ID="P5_SP00278" HPOS="2413" VPOS="2277" WIDTH="76"/>
						<String ID="P5_ST00340" HPOS="2489" VPOS="2230" WIDTH="228" HEIGHT="47" CONTENT="HOSTE," WC="0.76" CC="500044"/>
					</TextLine>
					<TextLine ID="P5_TL00064" HPOS="1722" VPOS="2292" WIDTH="995" HEIGHT="48">
						<String ID="P5_ST00341" HPOS="1722" VPOS="2293" WIDTH="328" HEIGHT="47" CONTENT="LAUWERS," WC="0.92" CC="00001004"/>
						<SP ID="P5_SP00279" HPOS="2050" VPOS="2340" WIDTH="27"/>
						<String ID="P5_ST00342" HPOS="2077" VPOS="2293" WIDTH="423" HEIGHT="45" CONTENT="MOUTSCHEN," WC="0.87" CC="2000005004"/>
						<SP ID="P5_SP00280" HPOS="2500" VPOS="2340" WIDTH="28"/>
						<String ID="P5_ST00343" HPOS="2528" VPOS="2292" WIDTH="189" HEIGHT="48" CONTENT="NYST," WC="0.67" CC="83004"/>
					</TextLine>
					<TextLine ID="P5_TL00065" HPOS="1724" VPOS="2354" WIDTH="996" HEIGHT="44">
						<String ID="P5_ST00344" HPOS="1724" VPOS="2354" WIDTH="452" HEIGHT="44" CONTENT="VERWILGHEN," WC="0.86" CC="03000004204"/>
						<SP ID="P5_SP00281" HPOS="2176" VPOS="2398" WIDTH="38"/>
						<String ID="P5_ST00345" HPOS="2214" VPOS="2354" WIDTH="216" HEIGHT="42" CONTENT="membres" WC="1.00" CC="0000000"/>
						<SP ID="P5_SP00282" HPOS="2430" VPOS="2398" WIDTH="36"/>
						<String ID="P5_ST00346" HPOS="2466" VPOS="2356" WIDTH="50" HEIGHT="40" CONTENT="de" WC="1.00" CC="00"/>
						<SP ID="P5_SP00283" HPOS="2516" VPOS="2398" WIDTH="38"/>
						<String ID="P5_ST00347" HPOS="2554" VPOS="2355" WIDTH="36" HEIGHT="42" CONTENT="la" WC="0.88" CC="20"/>
						<SP ID="P5_SP00284" HPOS="2590" VPOS="2398" WIDTH="38"/>
						<String ID="P5_ST00348" HPOS="2628" VPOS="2356" WIDTH="69" HEIGHT="41" CONTENT="Sec" SUBS_TYPE="HypPart1" SUBS_CONTENT="Section" WC="0.99" CC="000"/>
						<HYP HPOS="2697" VPOS="2356" WIDTH="23" CONTENT="-"/>
					</TextLine>
					<TextLine ID="P5_TL00066" HPOS="1723" VPOS="2416" WIDTH="997" HEIGHT="54">
						<String ID="P5_ST00349" HPOS="1723" VPOS="2417" WIDTH="96" HEIGHT="41" CONTENT="tion" SUBS_TYPE="HypPart2" SUBS_CONTENT="Section" WC="0.99" CC="2310"/>
						<SP ID="P5_SP00285" HPOS="1819" VPOS="2458" WIDTH="35"/>
						<String ID="P5_ST00350" HPOS="1854" VPOS="2416" WIDTH="122" HEIGHT="54" CONTENT="belge" WC="1.00" CC="00200"/>
						<SP ID="P5_SP00286" HPOS="1976" VPOS="2470" WIDTH="35"/>
						<String ID="P5_ST00351" HPOS="2011" VPOS="2417" WIDTH="71" HEIGHT="41" CONTENT="des" WC="0.99" CC="001"/>
						<SP ID="P5_SP00287" HPOS="2082" VPOS="2470" WIDTH="33"/>
						<String ID="P5_ST00352" HPOS="2115" VPOS="2417" WIDTH="200" HEIGHT="53" CONTENT="Congrès" WC="0.99" CC="2000070"/>
						<SP ID="P5_SP00288" HPOS="2315" VPOS="2470" WIDTH="33"/>
						<String ID="P5_ST00353" HPOS="2348" VPOS="2416" WIDTH="372" HEIGHT="42" CONTENT="internationaux" WC="1.00" CC="22000090400000"/>
					</TextLine>
					<TextLine ID="P5_TL00067" HPOS="1724" VPOS="2478" WIDTH="607" HEIGHT="41">
						<String ID="P5_ST00354" HPOS="1724" VPOS="2478" WIDTH="352" HEIGHT="41" CONTENT="d'Architecture" WC="1.00" CC="00000520000000"/>
						<SP ID="P5_SP00289" HPOS="2076" VPOS="2519" WIDTH="31"/>
						<String ID="P5_ST00355" HPOS="2107" VPOS="2478" WIDTH="224" HEIGHT="41" CONTENT="moderne." WC="0.99" CC="06000004"/>
					</TextLine>
				</TextBlock>
				<TextBlock ID="P5_TB00005" HPOS="235" VPOS="2623" WIDTH="2495" HEIGHT="1050" STYLEREFS="TXT_4 PAR_LEFT">
					<TextLine ID="P5_TL00068" HPOS="243" VPOS="2660" WIDTH="2011" HEIGHT="84">
						<String ID="P5_ST00356" HPOS="243" VPOS="2662" WIDTH="561" HEIGHT="79" CONTENT="Renvoyer" WC="0.98" CC="66747060" STYLEREFS="TXT_5"/>
						<SP ID="P5_SP00290" HPOS="804" VPOS="2741" WIDTH="59"/>
						<String ID="P5_ST00357" HPOS="863" VPOS="2662" WIDTH="589" HEIGHT="82" CONTENT="«l'urgence" WC="0.99" CC="0716156055" STYLEREFS="TXT_5"/>
						<SP ID="P5_SP00291" HPOS="1452" VPOS="2744" WIDTH="61"/>
						<String ID="P5_ST00358" HPOS="1513" VPOS="2672" WIDTH="122" HEIGHT="61" CONTENT="ce" WC="1.00" CC="00" STYLEREFS="TXT_6"/>
						<SP ID="P5_SP00292" HPOS="1635" VPOS="2744" WIDTH="61"/>
						<String ID="P5_ST00359" HPOS="1696" VPOS="2660" WIDTH="449" HEIGHT="73" CONTENT="bulletin" WC="0.98" CC="67880706" STYLEREFS="TXT_6"/>
						<SP ID="P5_SP00293" HPOS="2145" VPOS="2744" WIDTH="79"/>
						<String ID="P5_ST00360" HPOS="2224" VPOS="2675" WIDTH="30" HEIGHT="56" CONTENT=":" WC="0.34" CC="6" STYLEREFS="TXT_6"/>
					</TextLine>
					<TextLine ID="P5_TL00069" HPOS="235" VPOS="2785" WIDTH="1811" HEIGHT="50">
						<String ID="P5_ST00361" HPOS="235" VPOS="2785" WIDTH="157" HEIGHT="49" CONTENT="103," WC="0.42" CC="3747" STYLEREFS="TXT_7"/>
						<SP ID="P5_SP00294" HPOS="392" VPOS="2834" WIDTH="34"/>
						<String ID="P5_ST00362" HPOS="426" VPOS="2785" WIDTH="303" HEIGHT="46" CONTENT="Avenue" WC="0.97" CC="267565" STYLEREFS="TXT_7"/>
						<SP ID="P5_SP00295" HPOS="729" VPOS="2834" WIDTH="35"/>
						<String ID="P5_ST00363" HPOS="764" VPOS="2785" WIDTH="340" HEIGHT="50" CONTENT="Seghers," WC="0.63" CC="50460137" STYLEREFS="TXT_7"/>
						<SP ID="P5_SP00296" HPOS="1104" VPOS="2835" WIDTH="37"/>
						<String ID="P5_ST00364" HPOS="1141" VPOS="2785" WIDTH="905" HEIGHT="49" CONTENT="Koekelberg-Bruxelles" WC="0.57" CC="07050567603857007706" STYLEREFS="TXT_7"/>
					</TextLine>
					<TextLine ID="P5_TL00070" HPOS="239" VPOS="2952" WIDTH="833" HEIGHT="56">
						<String ID="P5_ST00365" HPOS="239" VPOS="2954" WIDTH="49" HEIGHT="41" CONTENT="Je" WC="1.00" CC="00"/>
						<SP ID="P5_SP00297" HPOS="288" VPOS="2995" WIDTH="37"/>
						<String ID="P5_ST00366" HPOS="325" VPOS="2952" WIDTH="227" HEIGHT="54" CONTENT="soussigné" WC="0.98" CC="775554577"/>
						<SP ID="P5_SP00298" HPOS="552" VPOS="3006" WIDTH="37"/>
						<String ID="P5_ST00367" HPOS="589" VPOS="2953" WIDTH="129" HEIGHT="47" CONTENT="{nom" WC="0.97" CC="7060"/>
						<SP ID="P5_SP00299" HPOS="718" VPOS="3006" WIDTH="35"/>
						<String ID="P5_ST00368" HPOS="753" VPOS="2966" WIDTH="42" HEIGHT="33" CONTENT="ei" WC="0.71" CC="05"/>
						<SP ID="P5_SP00300" HPOS="795" VPOS="3006" WIDTH="35"/>
						<String ID="P5_ST00369" HPOS="830" VPOS="2954" WIDTH="210" HEIGHT="52" CONTENT="prénoms" WC="0.97" CC="4779673"/>
						<SP ID="P5_SP00301" HPOS="1040" VPOS="3006" WIDTH="17"/>
						<String ID="P5_ST00370" HPOS="1057" VPOS="2954" WIDTH="15" HEIGHT="54" CONTENT=")" WC="1.00" CC="0"/>
						<SP ID="P5_SP00302" HPOS="1072" VPOS="3008" WIDTH="0"/>
					</TextLine>
					<TextLine ID="P5_TL00071" HPOS="240" VPOS="3198" WIDTH="300" HEIGHT="52">
						<String ID="P5_ST00371" HPOS="240" VPOS="3198" WIDTH="250" HEIGHT="52" CONTENT="profession" WC="0.99" CC="0882500608"/>
						<SP ID="P5_SP00303" HPOS="490" VPOS="3250" WIDTH="38"/>
						<String ID="P5_ST00372" HPOS="528" VPOS="3215" WIDTH="12" HEIGHT="26" CONTENT=":" WC="1.00" CC="0"/>
						<SP ID="P5_SP00304" HPOS="540" VPOS="3250" WIDTH="0"/>
					</TextLine>
					<TextLine ID="P5_TL00072" HPOS="240" VPOS="3321" WIDTH="2482" HEIGHT="54">
						<String ID="P5_ST00373" HPOS="240" VPOS="3322" WIDTH="215" HEIGHT="41" CONTENT="demande" WC="0.99" CC="0490000"/>
						<SP ID="P5_SP00305" HPOS="455" VPOS="3363" WIDTH="30"/>
						<String ID="P5_ST00374" HPOS="485" VPOS="3337" WIDTH="78" HEIGHT="37" CONTENT="pat" WC="0.97" CC="006"/>
						<SP ID="P5_SP00306" HPOS="563" VPOS="3374" WIDTH="31"/>
						<String ID="P5_ST00375" HPOS="594" VPOS="3324" WIDTH="36" HEIGHT="41" CONTENT="le" WC="0.55" CC="09"/>
						<SP ID="P5_SP00307" HPOS="630" VPOS="3374" WIDTH="29"/>
						<String ID="P5_ST00376" HPOS="659" VPOS="3322" WIDTH="174" HEIGHT="53" CONTENT="présent" WC="0.98" CC="0766003"/>
						<SP ID="P5_SP00308" HPOS="833" VPOS="3375" WIDTH="30"/>
						<String ID="P5_ST00377" HPOS="863" VPOS="3323" WIDTH="191" HEIGHT="42" CONTENT="bulletin" WC="1.00" CC="07000000"/>
						<SP ID="P5_SP00309" HPOS="1054" VPOS="3375" WIDTH="261"/>
						<String ID="P5_ST00378" HPOS="1315" VPOS="3332" WIDTH="159" HEIGHT="32" CONTENT="cane,.," WC="0.97" CC="3480676"/>
						<SP ID="P5_SP00310" HPOS="1474" VPOS="3375" WIDTH="41"/>
						<String ID="P5_ST00379" HPOS="1515" VPOS="3323" WIDTH="50" HEIGHT="40" CONTENT="de" WC="1.00" CC="00"/>
						<SP ID="P5_SP00311" HPOS="1565" VPOS="3375" WIDTH="32"/>
						<String ID="P5_ST00380" HPOS="1597" VPOS="3321" WIDTH="317" HEIGHT="54" CONTENT="participation" WC="1.00" CC="5095200002100"/>
						<SP ID="P5_SP00312" HPOS="1914" VPOS="3375" WIDTH="36"/>
						<String ID="P5_ST00381" HPOS="1950" VPOS="3323" WIDTH="23" HEIGHT="41" CONTENT="à" WC="0.20" CC="8" STYLEREFS="TXT_8"/>
						<SP ID="P5_SP00313" HPOS="1973" VPOS="3375" WIDTH="36"/>
						<String ID="P5_ST00382" HPOS="2009" VPOS="3324" WIDTH="94" HEIGHT="42" CONTENT="150" WC="0.61" CC="505" STYLEREFS="TXT_8"/>
						<SP ID="P5_SP00314" HPOS="2103" VPOS="3375" WIDTH="31"/>
						<String ID="P5_ST00383" HPOS="2134" VPOS="3323" WIDTH="167" HEIGHT="52" CONTENT="francs," WC="0.98" CC="5727703" STYLEREFS="TXT_8"/>
						<SP ID="P5_SP00315" HPOS="2301" VPOS="3375" WIDTH="263"/>
						<String ID="P5_ST00384" HPOS="2564" VPOS="3331" WIDTH="158" HEIGHT="34" CONTENT="carte..." WC="0.98" CC="00548444"/>
					</TextLine>
					<TextLine ID="P5_TL00073" HPOS="238" VPOS="3406" WIDTH="1757" HEIGHT="53">
						<String ID="P5_ST00385" HPOS="238" VPOS="3406" WIDTH="51" HEIGHT="44" CONTENT="de" WC="0.67" CC="06"/>
						<SP ID="P5_SP00316" HPOS="289" VPOS="3450" WIDTH="21"/>
						<String ID="P5_ST00386" HPOS="310" VPOS="3406" WIDTH="317" HEIGHT="53" CONTENT="participation" WC="1.00" CC="0002200001400"/>
						<SP ID="P5_SP00317" HPOS="627" VPOS="3459" WIDTH="25"/>
						<String ID="P5_ST00387" HPOS="652" VPOS="3408" WIDTH="23" HEIGHT="42" CONTENT="à" WC="1.00" CC="0"/>
						<SP ID="P5_SP00318" HPOS="675" VPOS="3459" WIDTH="24"/>
						<String ID="P5_ST00388" HPOS="699" VPOS="3410" WIDTH="61" HEIGHT="42" CONTENT="75" WC="0.64" CC="42" STYLEREFS="TXT_8"/>
						<SP ID="P5_SP00319" HPOS="760" VPOS="3459" WIDTH="25"/>
						<String ID="P5_ST00389" HPOS="785" VPOS="3408" WIDTH="152" HEIGHT="42" CONTENT="francs" WC="0.98" CC="470402" STYLEREFS="TXT_8"/>
						<SP ID="P5_SP00320" HPOS="937" VPOS="3459" WIDTH="22"/>
						<String ID="P5_ST00390" HPOS="959" VPOS="3423" WIDTH="90" HEIGHT="27" CONTENT="aux" WC="1.00" CC="000"/>
						<SP ID="P5_SP00321" HPOS="1049" VPOS="3459" WIDTH="21"/>
						<String ID="P5_ST00391" HPOS="1070" VPOS="3406" WIDTH="222" HEIGHT="43" CONTENT="Journées" WC="0.98" CC="07790751" STYLEREFS="TXT_8"/>
						<SP ID="P5_SP00322" HPOS="1292" VPOS="3459" WIDTH="25"/>
						<String ID="P5_ST00392" HPOS="1317" VPOS="3406" WIDTH="58" HEIGHT="41" CONTENT="de" WC="0.64" CC="70" STYLEREFS="TXT_8"/>
						<SP ID="P5_SP00323" HPOS="1375" VPOS="3459" WIDTH="23"/>
						<String ID="P5_ST00393" HPOS="1398" VPOS="3406" WIDTH="312" HEIGHT="42" CONTENT="l'Habitation" WC="0.98" CC="746178614838" STYLEREFS="TXT_8"/>
						<SP ID="P5_SP00324" HPOS="1710" VPOS="3459" WIDTH="28"/>
						<String ID="P5_ST00394" HPOS="1738" VPOS="3406" WIDTH="257" HEIGHT="44" CONTENT="Minimum." WC="0.98" CC="08050764" STYLEREFS="TXT_8"/>
					</TextLine>
					<TextLine ID="P5_TL00074" HPOS="239" VPOS="3536" WIDTH="2490" HEIGHT="55">
						<String ID="P5_ST00395" HPOS="239" VPOS="3539" WIDTH="51" HEIGHT="41" CONTENT="Je" WC="1.00" CC="00"/>
						<SP ID="P5_SP00325" HPOS="290" VPOS="3580" WIDTH="27"/>
						<String ID="P5_ST00396" HPOS="317" VPOS="3550" WIDTH="115" HEIGHT="29" CONTENT="verse" WC="0.99" CC="40000"/>
						<SP ID="P5_SP00326" HPOS="432" VPOS="3580" WIDTH="30"/>
						<String ID="P5_ST00397" HPOS="462" VPOS="3554" WIDTH="42" HEIGHT="26" CONTENT="ce" WC="1.00" CC="00"/>
						<SP ID="P5_SP00327" HPOS="504" VPOS="3580" WIDTH="31"/>
						<String ID="P5_ST00398" HPOS="535" VPOS="3539" WIDTH="103" HEIGHT="52" CONTENT="jour" WC="1.00" CC="0000"/>
						<SP ID="P5_SP00328" HPOS="638" VPOS="3591" WIDTH="1387"/>
						<String ID="P5_ST00399" HPOS="2025" VPOS="3552" WIDTH="56" HEIGHT="27" CONTENT="au" WC="1.00" CC="00"/>
						<SP ID="P5_SP00329" HPOS="2081" VPOS="3591" WIDTH="32"/>
						<String ID="P5_ST00400" HPOS="2113" VPOS="3543" WIDTH="176" HEIGHT="46" CONTENT="compte" WC="0.99" CC="000056"/>
						<SP ID="P5_SP00330" HPOS="2289" VPOS="3591" WIDTH="33"/>
						<String ID="P5_ST00401" HPOS="2322" VPOS="3536" WIDTH="407" HEIGHT="53" CONTENT="chèques-postaux" WC="1.00" CC="013007080004000"/>
					</TextLine>
					<TextLine ID="P5_TL00075" HPOS="236" VPOS="3622" WIDTH="2220" HEIGHT="51">
						<String ID="P5_ST00402" HPOS="236" VPOS="3623" WIDTH="60" HEIGHT="42" CONTENT="V." WC="0.82" CC="30" STYLEREFS="TXT_8"/>
						<SP ID="P5_SP00331" HPOS="296" VPOS="3665" WIDTH="31"/>
						<String ID="P5_ST00403" HPOS="327" VPOS="3623" WIDTH="250" HEIGHT="50" CONTENT="Bourgeois" WC="0.99" CC="000971170" STYLEREFS="TXT_8"/>
						<SP ID="P5_SP00332" HPOS="577" VPOS="3673" WIDTH="32"/>
						<String ID="P5_ST00404" HPOS="609" VPOS="3625" WIDTH="194" HEIGHT="42" CONTENT="108.16." WC="0.64" CC="6204414" STYLEREFS="TXT_8"/>
						<SP ID="P5_SP00333" HPOS="803" VPOS="3673" WIDTH="1378"/>
						<String ID="P5_ST00405" HPOS="2181" VPOS="3622" WIDTH="235" HEIGHT="51" CONTENT="Signature" WC="1.00" CC="514002000"/>
						<SP ID="P5_SP00334" HPOS="2416" VPOS="3673" WIDTH="28"/>
						<String ID="P5_ST00406" HPOS="2444" VPOS="3638" WIDTH="12" HEIGHT="25" CONTENT=":" WC="0.61" CC="3"/>
					</TextLine>
				</TextBlock>
			</PrintSpace>
		</Page>
	</Layout>
</alto>
