3586 4427
1756 117 84 54 171

201 259 119 52 lieh
335 277 61 33 er
409 277 60 31 er
496 260 275 67 Belehrung,
803 261 195 51 sondern
1029 263 42 48 in
1100 261 178 50 Betreff
1299 278 181 49 ganzer,
1510 259 229 51 bisweilen

202 341 140 51 selbst
370 343 104 49 sehr
501 343 235 67 wichtiger
756 344 175 50 Artikel
962 347 78 48 auf
1066 345 77 49 das
1175 343 368 68 (Schiliing'sche)
1561 344 149 65 Haupt-

200 427 142 58 werk,
385 443 51 32 so
466 425 102 51 dass
598 427 94 49 also
723 428 68 49 für
823 429 87 48 den
940 428 240 51 Gebrauch
1207 428 70 48 die
1307 427 311 64 Anschaffung
1647 425 69 49 bei-

201 509 81 50 der
310 509 179 50 Werke
521 510 216 65 gewisser
751 512 207 49 Maassen
991 510 228 66 gefordert
1249 509 364 51 wird—damals
1645 524 95 33 war

200 590 218 50 vielleicht
447 590 78 50 das
551 593 282 66 Hauptwerk
864 594 115 48 noch
1011 592 268 66 vollständig
1308 611 54 30 zu
1393 590 244 59 haben—,
1668 608 48 31 er-

200 673 110 68 geht
339 673 92 49 sich
460 674 44 50 in
531 675 180 50 Betreff
732 675 77 50 des
822 715 5 6 .
841 675 196 50 Urlheils
1080 675 43 50 in
1164 693 111 48 ganz
1321 674 227 50 ähnlicher
1578 673 162 52 Weise

200 757 87 51 wie
310 757 144 66 jenes,
497 776 164 32 wovon
703 758 69 50 die
802 758 345 67 beispielsweise
1184 758 118 50 oben
1334 758 139 50 schon
1504 757 234 49 erwähnte

198 839 271 68 Biographie
498 839 318 68 Meyerbeer's,
863 858 130 32 wenn
1038 842 113 48 auch
1183 841 43 49 in
1256 841 283 64 verjüngtem
1569 839 142 50 Maass-

200 923 142 59 stabe,
371 922 222 66 Zeugniss
623 923 166 66 ablegt,
833 926 92 48 und
965 924 224 68 übergeht
1231 923 301 50 unhistorisch
1562 940 56 31 an
1649 922 89 49 sich

201 1006 362 66 hervorragende
593 1007 372 67 Erscheinungen
1005 1008 80 48 der
1125 1008 277 65 Gegenwart
1444 1006 120 67 (man
1609 1006 131 48 sucht

201 1109 35 29 z.
268 1089 51 49 B.
361 1088 159 65 irgend
560 1088 97 50 eine
699 1089 283 68 Andeutung
1023 1091 113 49 über
1179 1088 250 51 Richard
1473 1089 267 65 Wagner

198 1169 290 69 vergeblich),
531 1172 219 50 während
789 1191 48 31 er
880 1173 116 50 auch
1035 1191 87 33 nur
1151 1173 43 50 in
1224 1172 229 50 einzelnen
1485 1171 155 51 Fällen
1670 1171 69 49 die

198 1253 298 50 historischen
522 1253 177 50 Artikel
732 1256 156 48 weiter
916 1256 228 49 fortführt.

333 1336 155 57 „Nach
511 1337 151 50 diesen
683 1338 364 66 Bemerkungen,
1077 1338 69 50 die
1176 1338 103 50 dem
1307 1336 211 51 relativen
1539 1336 201 51 Werthe

200 1420 80 49 der
311 1420 312 49 betreffenden
647 1421 177 51 Werke
857 1422 279 68 keineswegs
1166 1440 55 32 zu
1250 1421 117 49 nahe
1396 1427 150 42 treten
1574 1420 164 49 wollen

197 1501 94 51 und
323 1519 87 31 nur
438 1501 79 49 das
548 1502 261 66 allgemeine
833 1505 172 49 Urlheil
1037 1505 78 49 der
1144 1503 345 65 unbefangenen
1519 1502 190 48 Sachver-

197 1585 238 66 ständigen
465 1585 333 67 wiedergeben,
830 1589 172 49 scheint
1031 1589 70 49 die
1131 1587 306 66 Behauptung
1467 1582 268 70 hinlänglich

197 1667 356 68 gerechtfertigt,
596 1667 101 52 dass
738 1688 47 31 es
826 1672 111 65 jetzt
979 1671 183 50 factisch
1204 1671 43 48 in
1289 1670 80 48 der
1398 1669 337 49 musicalischen

196 1751 231 50 Literatur
455 1751 123 48 nicht
607 1769 87 32 nur
723 1754 350 58 Deutschlands,
1105 1754 197 49 sondern
1332 1751 112 50 auch
1477 1751 80 50 der
1588 1751 117 50 Nach-

195 1832 241 51 barländer
478 1850 57 32 an
565 1834 144 49 einem
739 1834 258 68 derartigen
1026 1836 179 52 Werke
1235 1835 130 57 fehle,
1410 1834 93 49 und
1532 1832 103 51 dass
1665 1834 69 48 die

193 1916 256 60 Annahme,
480 1934 102 32 man
614 1918 180 49 komme
823 1919 80 49 mit
932 1920 145 48 einem
1118 1920 237 56 „Neuen
1398 1918 334 48 Universal-

195 1998 271 50 Lesikon
513 1999 101 49 der
1042 2001 113 50 nach
1185 2001 86 49 den
1302 2000 140 50 schon
1471 1999 142 51 direct
1641 1998 91 52 und

193 2081 191 51 indirect
426 2081 334 66 angedeuteten
802 2085 250 67 Principien
1096 2083 266 57 bearbeitet,
1406 2083 45 49 in
1494 2083 80 49 der
1616 2084 118 48 That

189 2165 115 66 jetzt
333 2164 143 49 einem
507 2164 42 48 in
579 2165 87 48 den
686 2166 192 50 Kreisen
907 2168 108 48 aller
1031 2166 204 51 Musiker
1263 2166 92 49 und
1377 2164 357 60 Musikfreunde,

188 2248 61 66 ja,
278 2248 108 48 aller
409 2246 267 50 Gebildeten
713 2249 256 69 überhaupt
997 2250 169 50 lebhaft
1193 2249 230 66 gefühlten
1444 2248 290 51 Bedürfnisse

195 2338 242 58 entgegen,
488 2329 124 50 nicht
650 2330 63 50 als
757 2333 97 48 eine
898 2332 368 58 herkömmliche,
1311 2348 51 33 so
1391 2330 65 51 oft
1485 2330 140 51 schon
1654 2348 52 50 ge-

196 2412 330 50 missbrauchte
554 2413 173 49 Phrase
755 2414 262 51 erscheinen

316 2495 125 50 Nach
484 2494 168 50 diesem
685 2497 274 50 Ueberblick
1000 2497 114 50 über
1157 2497 70 49 die
1266 2494 229 52 Literatur
1539 2495 78 50 des
1646 2495 58 50 Fa-

193 2578 106 49 ches
339 2577 207 49 erfahren
584 2578 85 49 wir
708 2579 133 57 dann,
885 2580 102 50 dass
1029 2580 81 50 der
1138 2580 123 49 Herr
1289 2578 238 49 Verfasser
1555 2578 44 49 in
1631 2578 101 49 dem

192 2678 149 33 neuen
381 2660 459 53 Universal-Lexikon
884 2664 121 57 alles,
1048 2681 94 33 was
1194 2660 268 61 „Aesthetik
1508 2662 92 49 und
1645 2662 58 49 Ge-

193 2744 198 50 schichte
428 2744 80 49 der
537 2744 253 61 Tonkunst,
835 2744 209 61 Akustik,
1087 2744 303 51 theoretische
1430 2744 92 50 und
1566 2744 142 66 prakti-

193 2827 106 49 sche
329 2826 55 68 (?)
417 2826 368 68 Compositions-,
817 2828 216 66 Gesang-,
1073 2828 94 51 und
1205 2827 525 58 Instrumenten-Lehre,

192 2909 611 61 Instrumental-Kcnntniss,
822 2911 438 50 Orchester-Kunde
1284 2911 90 49 und
1390 2911 210 66 Leitung,
1631 2928 66 32 mu-

193 2992 228 49 sicalische
449 2992 261 67 Pädagogik
750 2994 95 50 und
874 2996 223 56 Didaktik,
1438 3012 42 32 u.
1514 3011 33 32 s.
1580 3011 56 32 w.
1658 3022 64 8 —

192 3074 189 59 betrifft,
412 3092 56 31 zu
499 3074 252 53 behandeln
780 3078 173 50 vorhat.
1012 3078 138 49 Trotz
1181 3076 144 49 dieses
1357 3077 180 48 reichen
1564 3076 165 49 Stoffes

195 3158 82 50 soll
308 3157 78 50 das
418 3157 149 51 Werk
597 3158 114 50 doch
742 3177 88 32 nur
859 3160 125 49 drei
1016 3158 195 51 Bände
1241 3158 277 69 (zusammen
1542 3158 189 66 dreissig

192 3240 320 67 Lieferungen)
542 3240 150 61 füllen,
736 3242 171 48 welche
936 3242 114 50 nach
1081 3242 81 50 der
1191 3247 150 43 ersten
1371 3241 259 66 Lieferung,
1660 3241 70 48 die

192 3323 100 49 iünf
318 3323 157 65 Bogen
507 3322 43 48 in
581 3341 129 48 gross
741 3325 144 49 Octav
916 3325 79 49 auf
1019 3325 214 49 schönem
1265 3323 208 50 weissem
1495 3323 163 68 Papier
1685 3323 45 49 in

192 3406 235 58 scharfem,
471 3405 124 49 nicht
636 3424 56 31 zu
736 3407 190 50 kleinem
965 3407 158 48 Druck
1164 3407 187 57 enthält,
1395 3425 54 30 zu
1494 3406 236 58 urtheilen,

197 3489 113 49 150
342 3489 160 66 Bogen
531 3487 146 51 fassen
708 3490 202 49 würden.
940 3490 84 48 Die
1052 3497 120 41 erste
1199 3490 246 65 Lieferung
1472 3489 142 49 reicht
1645 3506 84 31 von

191 3575 42 47 A
266 3571 68 51 bis
362 3571 338 58 Aesthetik,
743 3572 94 50 also
878 3572 115 50 noch
1034 3572 122 49 nicht
1197 3572 158 49 einmal
1397 3572 66 49 bis
1504 3572 94 56 Af;
1646 3571 83 50 wir

201 3654 217 59 zweifeln,
449 3654 101 50 dass
581 3654 91 49 sich
704 3654 68 50 die
802 3656 149 50 Masse
992 3656 78 50 des
1100 3655 166 49 Stoffes
1298 3655 78 48 auf
1411 3655 102 49 dem
1555 3654 148 68 projec-

189 3739 138 49 tirten
353 3739 177 49 Räume
560 3737 155 50 werde
742 3736 274 67 bewältigen
1045 3737 160 51 lassen.

313 3821 85 49 Die
427 3820 466 51 ausserordentlichen
922 3820 402 66 Schwierigkeiten
1365 3820 78 50 des
1472 3819 229 51 Unterneh-

188 3922 128 33 mens
346 3903 204 50 verhehlt
579 3903 92 50 sich
701 3903 80 49 der
803 3904 235 49 Verfasser
1061 3903 294 66 keineswegs,
1385 3903 92 49 und
1506 3901 83 50 wir
1618 3901 84 50 wol-

188 3988 74 49 len
302 3986 80 51 das
422 3986 212 66 Register
675 3984 237 52 derselben
955 3985 95 50 hier
1092 3985 122 50 nicht
1255 3984 117 51 noch
1415 3988 310 62 vergrössern.

188 4071 65 50 Er
281 4070 79 51 hat
388 4069 92 52 sich
511 4069 108 51 aber
642 4069 81 51 seit
738 4068 169 52 Jahren
936 4068 80 52 mit
1033 4068 298 65 Ausführung
1360 4068 80 52 der
1470 4066 105 52 Idee
1605 4068 124 50 einer

1834 259 337 51 musicalischen
2199 260 335 69 Encyklopädie
2564 268 230 59 getragen,
2837 261 93 50 und
2967 263 282 67 rechtfertigt
3288 265 61 49 sei-

1832 359 86 32 nen
1942 343 145 48 Beruf
2108 344 70 47 lür
2201 344 71 48 die
2294 343 317 49 Uebernahme
2641 344 119 50 eines
2790 344 185 50 solchen
2991 345 198 51 Werkes
3222 347 142 49 durch

1842 425 100 57 „ein
1973 433 189 49 ernstes,
2201 425 377 66 neigungsvolles,
2610 427 401 66 decennienlanges
3043 429 208 50 Studium
3293 430 50 49 al-

1832 508 85 49 ler
1945 509 182 65 Zweige
2158 509 80 50 der
2267 509 240 50 Tonkunst
2535 509 92 50 und
2657 509 118 50 ihrer
2803 510 244 59 Literatur,
3093 510 71 50 die
3193 513 145 48 Kennt-

1830 592 89 48 niss
1952 592 79 48 der
2060 592 380 67 überwiegenden
2461 592 232 49 Mehrzahl
2722 592 79 49 der
2830 593 369 49 bedeutenderen
3231 597 108 47 musi-

1832 674 219 50 calischen
2097 674 178 52 Werke
2381 674 369 69 Compositionen
2794 675 93 50 und
2930 677 225 49 Schriften
3260 677 109 48 aller

1829 757 157 49 Zeiten
2018 757 55 67 (?)
2113 757 93 49 und
2246 757 339 49 verschiedener
2624 757 187 59 Völker,
2850 757 258 67 jahrelange
3155 758 190 50 theoreti-

1832 839 104 50 sche
1979 839 93 50 und
2116 839 253 66 praktische
2406 839 256 68 Erfahrung
2701 841 63 48 als
2806 839 329 51 musicalischer
3176 842 165 49 Schrift-

1832 923 166 59 steller,
2030 922 266 68 Componist
2326 922 92 51 und
2445 923 188 59 Lehrer,
2670 923 211 50 vielfache
2910 923 91 50 und
3034 923 333 66 ausgebreitete

1832 1004 279 68 persönliche
2152 1006 92 48 und
2284 1004 271 50 literarische
2586 1004 356 68 Verbindungen
2971 1006 82 49 mit
3084 1006 122 48 einer
3235 1025 103 47 gros-

1833 1106 76 32 sen
1953 1088 172 48 Anzahl
2169 1088 310 50 bedeutender
2510 1088 291 68 Capacitäten
2842 1088 79 50 auf
2961 1088 166 51 diesem

1913 1172 93 47 Das
2037 1171 56 48 ist
2122 1177 141 43 etwas
2294 1171 80 49 viel
2406 1177 172 60 gesagt,
2623 1171 94 49 und
2760 1171 82 49 wir
2881 1169 165 51 wollen
3075 1189 84 31 uns
3192 1172 172 57 freuen,

1832 1271 132 32 wenn
2007 1253 79 49 der
2115 1253 188 66 Verfolg
2345 1253 78 50 des
2451 1253 204 52 Werkes
2695 1253 70 50 die
2793 1253 204 50 Beweise
3042 1253 127 50 dafür
3209 1255 159 49 liefert.

1834 1337 135 48 Ohne
2002 1336 68 49 die
2100 1336 336 67 Berechtigung
2478 1336 121 49 eines
2643 1336 182 49 solchen
2855 1337 281 50 Vertrauens
3179 1337 80 48 auf
3296 1337 71 50 die

1832 1420 156 66 eigene
2017 1420 131 48 Kraft
2177 1420 196 66 läugnen
2403 1437 56 32 zu
2489 1420 166 49 wollen
2741 1421 117 48 denn
2901 1418 118 51 ohne
3062 1420 205 50 dasselbe
3310 1421 58 49 ist

1829 1502 171 50 überall
2031 1503 43 49 in
2103 1502 336 51 Wissenschaft
2477 1502 92 50 und
2597 1503 153 49 Kunst
2788 1502 145 50 nichts
2962 1501 316 52 Bedeutendes
3310 1521 58 32 zu

1826 1586 426 48 leisten—müssen
2281 1585 83 49 wir
2393 1585 114 51 doch
2539 1585 137 49 daran
2707 1586 221 57 erinnern,
2972 1585 102 49 dass
3103 1586 70 48 ein
3201 1586 167 58 Werk,

1826 1669 86 49 wie
1957 1667 78 50 das
2065 1666 325 67 beabsichtigte
2428 1685 88 32 nur
2555 1667 143 51 durch
2737 1667 131 49 einen
2895 1666 163 51 Verein
3089 1685 85 33 von
3203 1667 141 50 tüchti-

1826 1768 88 49 gen
1938 1751 196 48 Kräften
2164 1750 242 67 genügend
2449 1750 264 66 hergestellt
2755 1749 184 50 werden
2980 1750 132 49 kann.
3170 1750 71 48 Da
3272 1768 95 31 nun

1825 1834 108 49 aber
1978 1834 69 49 die
2091 1832 190 60 Artikel,
2334 1834 173 49 welche
2552 1834 68 48 die
2665 1850 83 32 uns
2792 1831 285 67 vorliegende
3119 1832 247 66 Lieferung

1825 1916 186 60 enthält,
2055 1916 155 51 weder
2252 1915 81 50 mit
2371 1916 176 50 Namen
2587 1916 118 49 noch
2745 1915 418 50 Namens-Chiffern
3206 1923 130 42 unter-

1825 1999 202 51 zeichnet
2058 1999 111 59 sind,
2215 2017 50 31 so
2307 2003 124 45 wäre
2472 2017 47 31 es
2549 1999 106 49 sehr
2684 1998 419 50 wünschenswerth
3133 2015 230 50 gewesen,

1825 2083 101 49 dass
1950 2084 122 47 Herr
2093 2080 403 52 Dr.Schladebach
2529 2083 273 64 wenigstens
2832 2080 144 67 einige
3006 2080 82 50 der
3119 2080 212 58 „bewähr-

1823 2173 75 42 ten
1913 2166 206 58 Männer,
2148 2164 171 49 welche
2347 2164 97 49 ihre
2473 2165 289 48 wesentliche
2784 2164 365 65 Unterstützung
3173 2164 163 49 wieder-

1823 2248 95 48 holt
2265 2246 94 50 und
2397 2246 148 59 derer,
2599 2246 102 59 „die
2741 2245 75 50 ihn
2855 2244 165 51 bereits
3061 2245 141 50 durch
3241 2245 122 50 Rath

1823 2330 94 50 und
1947 2332 117 48 That
2092 2333 278 47 unterstützt
2407 2329 94 52 und
2540 2329 94 50 sich
2681 2328 201 51 dadurch
2911 2328 70 49 ein
3009 2328 353 51 unschätzbares

1824 2413 241 52 Verdienst
2093 2431 78 31 um
2202 2412 70 49 die
2303 2412 98 49 edle
2431 2412 146 49 Sache
2606 2412 82 49 der
2726 2412 240 48 Tonkunst

1824 2497 85 49 wie
1938 2513 48 32 es
2014 2497 79 48 auf
2115 2495 122 50 Seite
2274 2493 67 51 18
2376 2494 206 51 wörtlich
2613 2494 138 50 heisst
2836 2493 97 58 ,mit
2959 2493 174 51 Namen
3163 2500 199 60 genannt

1824 2580 141 58 hätte,
2006 2579 55 48 da
2091 2596 48 31 es
2171 2578 113 49 doch
2324 2578 123 48 nicht
2477 2577 120 50 wohl
2627 2583 378 43 vorauszusetzen
3034 2577 70 58 ist,
3146 2577 100 49 dass
3277 2575 84 50 alle

1824 2662 122 49 diese
1985 2659 390 60 „hochverehrten
2406 2660 191 49 Männer
2625 2659 93 50 und
2747 2658 192 49 theuren
3253 2676 78 31 aus-

1824 2743 227 51 drücklich
2094 2743 82 48 auf
2213 2742 68 49 die
2312 2742 381 51 Unsterblichkeit
2733 2742 118 48 ihres
2879 2740 196 51 Namens
3117 2740 245 51 verzichtet

1823 2826 160 50 haben.

1948 2909 106 50 Wir
2087 2912 184 46 müssen
2300 2908 236 66 aufrichtig
2566 2908 229 66 gestehen,
2837 2908 102 50 dass
2982 2907 71 51 bei
3085 2907 102 49 dem
3217 2906 114 49 unbe-

1825 2993 184 65 dingten
2040 2992 283 65 Schweigen,
2366 2991 42 49 in
2453 2991 218 49 welchem
2715 2991 80 48 der
2840 2991 237 49 Verfasser
3119 2989 59 49 im
3221 2991 104 48 Vor-

1823 3082 151 42 wort
2016 3073 114 50 über
2173 3073 122 50 seine
2322 3072 280 49 Mitarbeiter
2642 3072 220 57 verharrt,
2906 3091 85 32 uns
3033 3072 67 49 die
3129 3071 227 66 Nennung

1823 3157 80 50 der
1932 3157 91 50 vier
2053 3156 269 49 berühmten
2343 3156 173 48 Namen
2547 3156 100 48 auf
2671 3154 123 50 dem
2823 3156 157 48 Titel
2994 3154 193 50 blatte
3216 3161 142 42 etwas

1821 3238 249 51 sonderbar
2100 3238 351 66 vorgekommen
2492 3238 56 50 ist
2592 3238 93 50 und
2728 3238 85 50 fast
2853 3238 85 50 wie
2978 3238 70 50 ein
3085 3237 271 65 glänzendes

1821 3321 390 67 Aushängeschild
2253 3321 211 51 aussieht.
2521 3321 259 66 Allerdings
2808 3321 147 49 haben
2994 3322 50 48 F.
3075 3318 179 61 Liszt,
3297 3321 60 48 H.

1820 3405 121 49 Mar
1955 3405 137 48 sehn
2107 3421 73 38 er,
2225 3402 49 51 C.
2308 3402 53 50 G.
2393 3403 242 66 Reissig
2649 3421 74 41 er,
2764 3405 51 47 L.
2848 3402 188 69 Spohr
3067 3400 101 68 (wir
3197 3401 161 51 führen

1821 3489 64 48 sie
1914 3487 43 50 in
1988 3487 78 50 der
2096 3486 364 69 alphabetischen
2488 3487 141 48 Reihe
2658 3505 70 39 an,
2771 3486 85 49 wie
2886 3486 62 49 sie
2989 3486 80 48 auf
3091 3485 103 49 dem
3225 3485 112 49 Titel-

1823 3570 141 49 blatte
1993 3570 145 48 hinter
2160 3569 88 49 den
2267 3570 227 49 Worten:
2533 3569 175 58 „Unter
2729 3567 294 66 Mitwirkung
3046 3566 80 52 der

1823 3671 44 31 u.
1900 3670 33 32 s.
1965 3670 57 32 w.
2054 3650 175 68 stehen)
2271 3651 42 50 in
2356 3651 83 50 der
2481 3651 336 50 musicalischen
2845 3650 136 51 Welt
3023 3666 188 50 grossen
3248 3650 111 56 Ruf;

1823 3736 129 50 allein
1983 3735 83 49 wir
2094 3737 202 47 wüssten
2327 3735 136 57 nicht,
2493 3734 103 49 dass
2628 3734 71 49 die
2727 3732 95 51 drei
2853 3734 365 64 letztgenannten
3248 3732 84 50 Mei-

1824 3825 94 42 ster
1955 3816 160 67 jemals
2154 3817 64 49 als
2248 3816 319 50 Schriftsteller
2610 3816 287 66 aufgetreten
2928 3816 95 50 sind
3108 3815 62 49 sie
3212 3814 147 50 haben

1821 3900 70 48 ihr
1919 3899 158 51 Leben
2106 3899 104 64 lang
2239 3899 128 48 mehr
2397 3899 80 48 mit
2506 3899 161 49 Tönen
2695 3899 95 49 und
2820 3899 167 58 Noten,
3015 3897 61 49 als
3108 3897 79 50 mit
3217 3897 109 51 Wor-

1824 3989 77 43 ten
1931 3981 92 51 und
2051 3981 291 50 Luchstaben
2371 3998 56 32 zu
2456 3980 116 51 thün
2602 3981 148 50 haben
2794 3981 175 57 wollen,
3014 3980 91 50 und
3135 3980 149 51 haben
3314 3998 50 33 so

1824 4065 81 51 viel
1937 4065 253 67 componirt
2219 4064 91 51 und
2342 4063 187 68 dirigirt,
2557 4064 103 51 dass
2689 4064 148 61 ihnen,
2874 4064 116 49 auch
3020 4079 136 37 wenn
3184 4064 61 51 sie
3277 4064 58 48 Ta-
