4234 4081
427 223 28 39 P
475 220 41 39 O
538 218 35 40 E
592 218 31 40 S
644 218 17 40 1
681 220 38 41 A

2587 426 391 100 RIME
3082 416 841 106 ANDALUSE

790 447 38 96 I
953 439 589 107 GIGLI

688 715 184 56 (Questa
1110 712 154 56 poesia
1481 714 21 43 è
1585 725 94 30 una
1841 711 108 43 delle

433 795 36 40 le
502 790 98 45 318
629 795 248 49 presentate
910 790 44 42 al
986 794 154 36 nostro
1174 785 48 43 1°
1245 797 221 41 concorso,
1490 797 192 31 vennero
1698 781 220 46 'ammesse

433 866 221 43 all'esame
688 861 227 57 definitivo
955 875 83 40 per
1088 858 396 57 l'aggiudicazione
1533 858 73 43 del
1649 857 171 55 premio
1871 856 51 43 di

440 940 53 44 L.
613 940 146 53 500).

1174 1117 32 32 a
1254 1097 190 52 Ghetta
1484 1097 359 51 Andreewna.

654 1249 195 53 Invano,
884 1246 148 45 invan
1066 1246 46 45 le
1146 1246 161 44 statue
1340 1243 228 59 vigilanti

809 1333 75 46 sul
919 1332 240 58 giardino,
1196 1331 227 45 concluso
1458 1329 132 59 dagli
1625 1329 157 55 allori,

808 1434 210 47 opposer
1051 1420 48 45 la
1133 1418 130 46 virtù
1297 1417 79 47 dei
1409 1417 127 59 gesti
1569 1418 187 45 erranti

811 1521 147 46 sopra
991 1507 15 45 i
1042 1506 206 47 verzieri
1283 1507 73 45 lor
1391 1505 307 56 multicolori,

658 1646 89 47 che
781 1643 131 56 tutti,
949 1657 60 33 ne
1043 1644 46 45 le
1122 1643 162 46 aiuole
1320 1643 250 54 vedovate,

816 1732 15 45 i
865 1732 92 46 fior
991 1730 264 59 sanguigni
1289 1730 144 45 morti
1470 1742 85 33 son
1590 1730 49 45 di
1674 1730 115 45 sole.

818 1822 64 43 Le
915 1818 181 46 corolle
1131 1817 343 47 schiudevansi
1508 1818 207 45 affocate

818 1920 30 32 a
881 1905 185 58 coglier
1102 1905 106 46 baci
1243 1917 60 34 ne
1339 1905 43 46 le
1416 1906 171 57 aperte
1620 1905 124 57 gole,

662 2057 28 33 e
723 2042 301 60 languivano
1060 2039 119 58 folli,
1216 2055 60 31 ne
1310 2039 220 47 l'immite

817 2128 231 63 passione
1081 2130 78 45 del
1194 2128 79 46 dio
1307 2127 252 47 violatore.

821 2217 101 56 Poi,
959 2231 57 32 su
1051 2215 171 47 l'aride
1267 2216 172 46 labbra
1462 2215 226 45 scolorile

822 2302 154 49 Passò
1009 2302 209 47 l'ultima
1253 2315 175 47 vampa
1463 2302 59 46 de
1555 2301 225 53 l'ardore,

668 2443 89 46 che
792 2442 181 47 disfece
1008 2439 116 60 ogni
1161 2442 148 44 bocca
1340 2453 88 46 per
1462 2438 235 46 dolcezza.

823 2531 79 44 Ma
938 2527 104 55 soli,
1079 2528 77 46 nel
1190 2540 146 33 soave
1371 2526 235 53 cimitero,

825 2615 223 58 s'ergono
1081 2613 17 45 i
1131 2612 123 60 gigli
1288 2626 60 32 ne
1383 2613 47 45 la
1465 2611 245 58 rigidezza

827 2702 79 47 dei
940 2702 125 56 steli,
1099 2701 112 61 puri
1245 2715 133 32 come
1414 2714 143 33 sovra
1590 2714 65 32 un
1691 2713 124 31 cero.

672 2841 70 46 Ed
776 2841 163 46 hanno
972 2838 52 47 in
1057 2838 349 60 quell'immota
1441 2837 284 47 ascensione

826 2926 236 47 letificata
1094 2926 63 46 da
1190 2939 64 31 un
1288 2923 202 47 biancor
1524 2923 47 45 di
1607 2923 132 55 latte,

828 3027 136 33 come
997 3026 101 33 una
1131 3012 184 46 santità
1348 3011 49 46 di
1434 3010 238 59 religione

828 3114 28 33 e
891 3101 48 46 la
971 3100 278 46 freschezza
1282 3099 126 45 delle
1446 3111 110 32 cose
1590 3096 191 47 intatte.

676 3240 57 58 (E
769 3238 46 47 io
848 3251 152 48 penso
1033 3251 30 33 a
1095 3237 93 55 voi,
1222 3250 28 31 o
1282 3236 166 59 gelida
1481 3236 193 54 sorella,

832 3327 89 46 che
943 3328 197 58 passate
1164 3327 77 45 tra
1263 3325 70 59 gli
1357 3323 183 47 uomini
1566 3325 79 45 nel
1670 3326 163 43 manto

834 3412 294 49 inconsutile
1162 3411 186 56 chiusa,
1383 3425 27 33 e
1444 3425 56 32 su
1535 3412 49 45 la
1618 3411 130 46 bella

834 3501 160 46 fronte
1029 3500 34 46 il
1108 3500 221 58 suggello
1364 3500 113 44 d'un
1512 3496 227 61 pensiero
1763 3495 186 60 santo!)

1173 3635 166 42 Nino
1381 3635 415 42 Marchesini

1367 3717 90 53 (Tr
1457 3717 200 51 'ìstanoj

3236 679 34 42 I.

2776 811 156 38 Prendi
2960 812 32 35 il
3019 812 85 36 mio
3133 820 104 35 core,
3264 807 111 38 bella
3407 806 235 49 giovinetta

2778 887 20 23 e
2826 874 179 47 riponilo
3033 874 109 35 sotto
3170 871 42 35 la
3238 869 189 37 fascetta.

2779 937 126 45 Costi,
2933 935 68 37 nel
3030 947 111 34 seno,
3171 931 150 38 cullalo
3348 931 31 36 il
3407 931 192 37 briccone

2779 1011 113 25 come
2911 1010 59 25 un
2989 997 141 37 bimbo
3150 996 74 36 che
3243 996 153 47 piange
3415 992 51 38 ed
3483 992 55 37 lia
3558 992 183 47 ragione.

3232 1158 63 41 II.

2782 1293 166 37 Venisti
2976 1291 83 36 alla
3084 1289 173 37 finestra
3293 1286 253 48 dirimpetto,

2783 1367 22 25 e
2830 1355 149 36 invasa
3005 1352 65 36 dal
3096 1350 153 47 furore,

2782 1426 126 38 pazza
2934 1414 41 36 di
3003 1413 169 48 gelosia.

2786 1490 75 24 con
2887 1489 59 24 un
2971 1477 156 35 limone
3155 1476 57 34 mi
3249 1473 167 48 colpisti
3442 1471 33 36 il
3500 1472 130 47 petto.

2787 1538 136 38 Cadde
2951 1538 31 36 il
3010 1538 157 36 limone
3193 1538 45 34 in
3265 1547 139 24 mezzo
3432 1533 111 37 della
3570 1533 79 45 via,

2788 1614 66 25 ma
2880 1603 111 35 tutto
3018 1600 129 47 l'agro
3174 1600 58 35 mi
3259 1595 113 39 restò
3399 1595 69 38 nel
3504 1594 145 38 core!...

3224 1761 86 41 III.

2789 1895 123 37 Fatto
2939 1893 53 36 ho
3021 1892 66 37 del
3113 1894 115 46 petto

2789 1970 54 24 un
2875 1955 208 47 cataletto,

2791 2018 63 39 v'è
2882 2017 147 38 dentro
3056 2017 31 36 il
3115 2028 93 25 core

2791 2083 135 35 morto
2954 2079 191 38 d'amore.

3233 2228 77 40 IV.

2794 2361 80 37 Nel
2900 2359 44 37 dì
2970 2358 356 38 dell'Ascensione

2794 2425 49 34 tu
2869 2424 58 34 mi
2955 2421 164 37 donasti
3144 2432 59 24 un
3230 2419 99 37 fiore

2796 2496 68 25 ma
2891 2484 96 48 quel
3014 2483 76 36 fior
3115 2481 48 38 fu
3189 2494 58 24 un
3274 2481 163 36 fioretto

2798 2546 73 38 clie
2899 2547 56 35 mi
2984 2545 136 37 feriva
3144 2544 32 36 il
3204 2556 104 24 core.

3253 2705 52 40 V.

2801 2838 39 37 Il
2867 2849 123 25 cuore
3017 2838 57 35 mi
3101 2836 139 37 lianno
3268 2845 120 38 preso
3434 2833 51 37 ed
3502 2835 45 34 in
3574 2834 191 47 prigione

2801 2901 168 36 l'hanno
2997 2902 177 45 portato,

2804 2977 21 23 e
2854 2975 24 24 a
2904 2965 144 44 morte,
3078 2973 123 25 senza
3229 2972 57 25 un
3313 2959 68 37 filo
3411 2958 42 37 di
3480 2959 172 46 ragione

2804 3026 112 35 l'han
2944 3024 273 37 condannato.

3253 3172 76 40 VI.

2807 3305 226 37 All'amore
3060 3316 78 24 con
3165 3302 79 38 due
3271 3301 44 38 fa
3341 3301 42 38 la
3411 3301 173 38 Teresa:

2810 3370 112 36 certo
2949 3368 42 37 la
3017 3366 155 38 scaltra

2809 3431 92 48 capì
2928 3431 84 46 che,
3042 3431 148 47 spenta
3215 3440 85 25 una
3327 3426 182 48 candela,
3539 3436 144 27 accesa

2811 3506 51 24 ne
2888 3495 113 35 resta
3026 3490 195 38 un'altra.

3053 3627 285 48 (Traduzione
3366 3627 113 36 dallo
3506 3623 249 51 spagnuolo)

3039 3708 50 42 di
3204 3709 309 42 Lorenzo
3537 3708 194 43 Lorenzi.

2158 3871 194 38 20
