4234 4081
559 239 62 48 Le
658 244 252 43 Parnasse
944 238 180 48 n'avait
1158 236 125 50 suivi
1317 239 50 47 ni
1406 249 117 37 avec
1569 238 259 61 fréquence
1868 236 50 49 ni
1961 249 121 36 avec

422 302 231 47 .bonheur
682 302 150 49 l'ense
845 301 247 60 ignement
1132 301 58 47 de
1235 301 218 47 Banville
1472 314 85 34 sur
1575 301 69 46 les
1669 300 147 61 petits
1835 300 218 58 rythmes
2068 313 11 42 ;

435 366 111 46 d'un
582 367 142 45 autre
757 366 121 52 coté,
920 365 82 45 s'il
1043 377 29 35 a
1120 367 206 43 souvent
1366 363 194 60 négligé
1599 365 48 44 la
1691 365 110 57 plus
1840 363 241 46 heureuse

436 432 48 42 et
523 429 50 44 la
612 428 111 59 plus
764 427 142 47 saine
950 427 85 46 des
1076 427 90 44 lois
1216 426 59 45 de
1316 426 236 53 Banville,
1599 426 46 44 la
1683 424 296 60 prohibition
2021 426 58 45 de

433 489 306 55 l'inversion,
774 489 37 46 il
844 488 138 47 avait
1015 488 270 60 compliqué
1321 489 70 45 les
1425 488 253 60 puérilités
1703 488 84 46 des
1821 488 260 58 exigences

435 551 341 60 prosodiques.

559 615 267 52 Peut-ètre,
869 611 145 61 (mais
1061 610 100 46 ceci
1195 612 75 44 est
1310 624 94 32 une
1444 614 141 43 autre
1628 610 244 61 question)
1917 611 162 46 faut-il

432 675 244 45 admettre
710 673 243 61 qu'aucun
995 673 86 46 des
1125 675 169 57 poètes
1338 673 315 59 parnassiens
1702 673 274 60 n'apporta
2028 672 53 46 ni

437 737 31 44 à
501 736 153 48 l'élite
689 737 49 46 ni
784 736 29 45 à
855 737 48 46 la
943 736 130 47 foule
1118 748 95 33 une
1256 736 309 45 satisfaction
1604 734 308 60 idéologique
1955 748 96 33 com-

432 799 132 58 plète
605 798 84 59 qui
737 800 84 45 eut
854 799 202 60 protégé
1090 797 48 45 la
1180 797 302 59 rythmique?
1529 799 64 44 Le
1632 797 89 45 fait
1766 800 74 43 est
1880 810 94 46 que
2008 798 71 45 les

432 860 240 58 premiers
717 859 351 47 vers-libristes
1113 859 286 45 trouvèrent
1440 859 159 58 parmi
1649 859 72 44 les
1745 856 178 60 jeunes
1956 871 123 46 gens

432 922 79 59 qui
549 921 232 47 faisaient
814 922 87 46 des
934 934 125 42 vers,
1094 921 111 60 plus
1240 921 152 60 qu'un
1416 921 300 46 chaleureux
1749 921 199 55 acceuil,
1985 935 94 32 une

433 983 252 52 adhésion,
720 984 50 44 et
803 996 55 33 ce
892 982 91 47 fait
1024 983 107 45 seul
1176 982 211 46 suffirait
1425 982 29 44 à
1486 982 239 58 indiquer,
1752 982 77 58 qu'
1857 995 94 33 une
1984 982 93 46 fois

432 1047 48 44 la
499 1044 273 47 revolution
793 1044 278 60 rythmique
1089 1044 263 59 esquissée,
1372 1057 86 33 son
1477 1044 160 46 utilité
1655 1044 161 60 parait
1837 1044 241 48 évidente.

557 1109 72 44 On
662 1108 208 59 depasse
904 1108 124 45 donc
1063 1106 70 47 les
1169 1106 179 47 limites
1381 1106 59 47 de
1475 1106 341 46 l'alexandrin.

560 1169 248 59 Pourquoi
841 1170 123 46 donc
997 1170 116 58 pas?

560 1233 89 44 Les
684 1230 391 47 traditionnistes
1108 1228 303 49 déclaraient
1444 1244 93 44 que
1561 1228 323 47 l'alexandrin
1918 1230 160 58 posait

436 1293 70 46 les
553 1294 176 45 bornes
779 1293 58 46 de
889 1293 47 46 la
976 1292 294 59 respiration
1305 1292 256 54 fran<jaise,
1604 1291 122 47 mais
1768 1292 94 44 l'on
1903 1293 175 45 trouva

428 1354 273 60 justement
723 1354 126 58 qu'il
870 1358 78 43 est
969 1353 216 61 possible
1214 1355 60 45 de
1298 1367 275 45 prononcer
1594 1358 102 42 tres
1720 1353 110 45 bien
1856 1354 86 44 des
1966 1367 111 33 vers

435 1419 58 44 de
527 1418 174 58 quinze
734 1416 154 60 pieds,
922 1420 182 56 coupés
1137 1430 61 33 en
1231 1416 231 47 ternaire.
1499 1418 89 44 Les
1622 1416 226 59 strophes
1881 1416 197 47 avaient

432 1480 224 58 toujours
690 1478 206 60 l'aspect
927 1478 218 60 regulier
1166 1478 59 46 de
1249 1480 174 57 quatre
1447 1491 61 32 on
1532 1477 107 47 huit
1660 1477 290 46 versiculets
1994 1477 84 60 qui

432 1555 52 33 se
530 1541 216 54 suivent;
790 1539 187 61 parfois
1019 1553 61 32 on
1115 1539 281 46 intercalait
1430 1539 59 47 de
1523 1538 149 61 petits
1706 1538 289 47 versiculets
2028 1542 50 42 et

432 1604 85 46 des
550 1602 200 58 grands,
770 1614 60 33 en
865 1602 252 45 alternant
1139 1602 86 45 des
1244 1614 111 33 vers
1388 1602 60 45 de
1482 1602 151 45 douze
1666 1600 140 60 pieds
1827 1604 50 42 et
1900 1602 60 45 de
1983 1600 91 47 six.

558 1666 73 45 On
672 1665 53 46 fit
767 1664 87 47 des
898 1666 226 58 strophes
1162 1665 113 59 plus
1315 1665 161 54 libres,
1527 1664 112 58 plus
1689 1664 273 55 musicales,
2013 1664 81 46 où'

431 1727 308 59 l'arabesque
774 1726 58 46 de
866 1726 50 46 la
948 1729 179 57 pensée
1161 1740 52 32 se
1247 1726 149 46 suivit
1428 1725 178 47 mieux.
1642 1727 65 44 Le
1741 1727 243 44 Parnasse
2014 1739 60 32 ne

431 1790 73 44 fut
536 1788 139 60 point
708 1801 115 33 sans
856 1787 126 46 faire
1025 1788 234 59 quelques
1305 1787 328 53 concessions;
1675 1787 36 45 il
1750 1786 198 46 déclara
1981 1800 93 46 que

431 1852 49 44 la
529 1853 171 43 césure
733 1849 171 46 n'était
938 1863 87 46 pas
1061 1862 94 33 une
1189 1862 170 33 cesure
1402 1848 124 46 mais
1573 1862 63 33 un
1670 1851 158 55 temps
1862 1848 97 46 fort
1992 1848 83 60 qui

428 1913 202 60 pouvait
663 1926 52 31 se
748 1926 231 44 marquer
1014 1913 29 44 à
1076 1912 265 59 n'importe
1376 1913 113 57 quel
1523 1912 136 59 point
1692 1910 65 46 du
1792 1924 125 32 vers.

555 1976 90 44 Les
667 1973 177 59 jeunes
871 1986 121 45 gens
1021 1973 84 59 qui
1138 1973 263 45 hésitaient
1435 1973 30 44 à
1498 1985 50 33 se
1573 1973 90 45 fter
1697 1985 62 32 au
1791 1985 109 32 vers
1936 1971 138 54 libre,

430 2037 284 45 trouvèrent
747 2035 177 54 mieux,
959 2035 136 59 (sans
1118 2035 249 45 satisfaire
1400 2036 307 44 absolument
1753 2035 44 45 le
1832 2036 243 44 Parnasse

428 2100 54 44 ni
515 2098 71 45 les
620 2096 372 61 vers-libristes)
1037 2101 49 40 et
1129 2097 317 44 s'arrétèrent
1486 2098 29 42 à
1551 2110 62 31 un
1649 2108 110 33 vers
1796 2096 152 45 libéré
1993 2094 81 60 qui

428 2163 75 42 est
537 2160 44 45 le
615 2173 112 33 vers
761 2159 307 59 romantique
1103 2158 146 61 (celui
1283 2159 60 46 de
1377 2160 185 44 Musset
1594 2172 62 32 ou
1680 2158 59 44 de
1776 2157 298 61 Lamartine)

430 2235 118 33 avec
596 2221 58 46 de
706 2221 50 51 la
789 2220 231 47 fantaisie
1054 2220 124 46 dans
1230 2221 43 45 le
1312 2219 89 60 jeu
1451 2220 85 46 des
1586 2220 161 46 rimes.
1799 2219 123 46 Mais
1970 2220 107 46 cela

427 2282 173 47 n'était
631 2295 94 46 que
758 2281 126 47 faire
917 2284 189 44 tomber
1146 2281 211 59 l'apport
1397 2281 276 60 rythmique
1719 2280 64 46 du
1829 2284 245 43 Parnasse

427 2347 50 43 et
510 2359 66 30 un
609 2343 161 46 indice
804 2343 60 46 de
899 2343 219 47 réaction
1153 2343 375 59 néo-classique.

554 2409 63 44 Le
640 2418 112 35 vers
777 2406 124 47 libre
925 2408 75 43 est
1024 2407 141 46 autre
1189 2406 161 54 chose,
1386 2418 85 33 car
1504 2406 35 44 il
1576 2404 195 46 modifle
1805 2404 170 46 l'unité
2009 2406 65 44 du

430 2482 123 33 vers.

551 2531 42 45 A
626 2530 49 46 la
706 2529 214 46 cadence
953 2529 35 44 il
1023 2529 242 46 substitue
1301 2529 44 44 le
1381 2529 161 46 chant.

553 2591 193 61 (Quand
780 2605 66 32 un
880 2605 113 33 vers
1028 2591 123 46 libre
1184 2604 61 33 ne
1279 2591 178 46 chante
1491 2605 106 46 pas,
1631 2590 34 44 il
1700 2604 29 31 a
1762 2590 132 58 tort).

553 2656 63 43 Le
650 2655 110 58 plus
795 2653 306 57 clairvoyant
1136 2652 194 47 ennemi
1364 2652 65 47 du
1462 2666 112 33 vers
1606 2652 137 51 libre,
1782 2652 137 56 Sully
1956 2653 90 43 Pru-

428 2715 236 55 dhomme,
715 2728 31 32 a
795 2717 172 43 trouvé
1016 2728 96 32 une
1161 2713 244 60 objection
1444 2714 149 59 juste.
1636 2714 38 45 Il
1720 2726 122 33 nous
1875 2713 71 46 dit
1981 2726 93 45 que

427 2779 118 46 c'est
586 2778 172 59 depuis
799 2790 66 32 un
904 2776 149 47 siècle
1087 2779 30 42 à
1148 2778 145 58 peine
1336 2790 94 46 que
1477 2778 47 43 la
1567 2776 168 60 poésie
1776 2775 190 59 lyrique
2001 2778 74 43 est

428 2841 219 45 devenne
680 2840 308 58 personnelle
1023 2842 49 42 et
1114 2839 347 58 passionnelle,
1506 2839 50 59 (à
1595 2851 87 33 son
1715 2840 89 56 gré
1838 2837 94 46 elle
1966 2837 109 47 l'est

426 2901 144 61 trop).
607 2902 60 45 Et
700 2901 34 44 il
769 2914 52 31 se
854 2900 237 45 demande
1132 2900 40 45 si
1205 2901 73 44 les
1322 2900 235 45 formules
1599 2900 249 49 nouvelles
1899 2897 175 61 (méme

427 2964 47 45 la
507 2962 326 60 romantique)
858 2962 287 60 pourraient
1167 2962 234 47 convenir
1434 2963 29 45 à
1499 2963 48 45 la
1580 2962 164 60 poésie
1780 2961 293 59 didactique,

430 3024 96 60 qui,
560 3025 31 45 à
625 3038 86 32 son
744 3027 103 56 gré,
883 3028 76 42 est
992 3024 60 46 de
1086 3024 48 46 la
1166 3024 180 59 poésie.

550 3088 123 44 Mais
706 3089 129 43 cette
868 3085 242 58 objection
1137 3099 122 32 nous
1294 3086 197 45 devient
1515 3099 65 32 un
1614 3086 262 57 argument
1910 3084 44 45 si
1976 3085 97 44 l'on

427 3161 150 45 songe
610 3161 94 46 que
727 3151 134 43 toute
897 3147 281 47 l'évolution
1198 3146 230 61 poétique
1461 3161 30 32 a
1513 3147 228 54 consisté,
1767 3160 118 32 avec
1909 3146 164 46 raison

427 3210 171 59 depuis
639 3211 45 44 le
718 3210 313 45 romantisme
1066 3211 48 43 et
1147 3210 193 44 surtout
1374 3208 172 60 depuis
1593 3208 165 57 Edgar
1792 3210 111 53 Poe,
1938 3208 31 45 à
2001 3220 50 33 re-

427 3273 138 44 duire
600 3272 212 59 l'emploi
846 3272 58 44 de
949 3272 49 45 la
1037 3272 163 58 poésie
1251 3272 29 44 à
1321 3272 48 43 la
1407 3270 353 59 transcription
1804 3269 58 46 de
1904 3283 55 32 ce
1992 3269 82 60 qui

426 3337 75 41 est
534 3333 294 59 susceptible
863 3331 59 47 de
955 3333 181 58 poesie.

551 3395 334 46 Evidemment
922 3395 135 47 Sullv
1094 3392 324 47 Prudhomme
1452 3408 30 31 a
1517 3396 111 43 cent
1664 3392 93 47 fois
1804 3392 165 46 raison
2013 3392 60 46 de

424 3456 268 47 demander
724 3470 125 47 pour
883 3457 47 45 la
963 3456 165 60 poésie
1164 3455 280 61 didactique
1479 3469 95 33 une
1611 3456 155 46 forme
1816 3455 134 45 aussi
2002 3457 48 43 ré-

422 3519 192 59 gulière
648 3532 93 46 que
774 3518 228 60 possible,
1038 3518 113 59 qu'à
1183 3518 133 46 force
1350 3519 154 45 d'ètre
1538 3518 148 46 d'une
1720 3517 213 47 cadence
1962 3517 85 46 sim-

423 3580 175 60 ple'en
634 3579 239 47 devienne
907 3579 472 58 mnémotechnique.
1415 3579 123 46 Mais
1585 3592 125 33 nous
1760 3591 60 33 ne
1870 3578 204 46 voulons

423 3655 89 46 pas
545 3641 130 47 faire
709 3643 58 45 de
802 3643 166 58 poésie
1006 3641 434 59 mnémotecnique.

551 3705 136 57 Sully
722 3705 325 46 Prudhomme
1078 3718 31 31 a
1143 3704 164 45 raison
1341 3706 177 43 autant
1555 3716 94 46 que
1682 3702 71 46 les
1792 3705 200 44 auteurs
2011 3701 63 46 du

423 3766 196 47 célèbre
644 3782 26 27 «
689 3766 167 47 Jardin
882 3766 86 45 des
993 3766 209 45 Racines
1225 3778 238 46 grecques
1485 3781 24 27 »
1527 3777 10 42 ;
1562 3764 122 46 mais
1708 3763 35 46 il
1766 3777 182 47 prouve
1981 3777 93 45 que

423 3842 122 34 nous
578 3841 153 34 avons
765 3827 165 47 raison
964 3828 135 46 aussi
1134 3841 60 34 en
1230 3828 255 46 déclarant
1518 3841 94 45 que
1646 3827 48 45 la
1727 3828 213 44 cadence
1962 3825 81 46 uni-

424 3890 153 46 forme
611 3903 31 33 a
673 3903 96 35 une
804 3889 160 47 utilité
997 3889 460 59 mnàmotechnique
1491 3889 142 58 qu'on
1668 3902 30 31 a
1731 3891 98 42 tort
1862 3888 60 45 de
1956 3900 84 33 vou-

2377 234 92 50 loir
2502 233 201 51 étendre
2738 237 30 45 à
2802 237 85 45 des
2924 237 193 59 poèmes
3152 234 343 60 dramatiques,
3546 234 214 60 lyriques
3810 248 61 33 ou
3920 230 72 51 élé-

2375 300 224 58 giaques.

2509 411 348 45 Parallèlment
2888 408 32 46 à
2954 409 47 45 la
3034 408 221 58 question
3292 407 288 58 rythmique,
3621 409 46 45 le
3706 408 309 57 symbolisrae

2383 477 84 43 eut
2515 474 85 44 des
2653 471 262 47 ambitions
2963 470 334 59 idéologiques
3346 471 203 53 élevées,
3600 469 82 60 qui
3730 469 287 61 pourraient

2383 539 103 43 ètre
2520 535 262 58 englobées
2815 546 59 32 en
2910 536 124 42 cette
3070 534 176 57 phrase
3286 534 162 44 brève:
3488 548 24 26 «
3537 531 186 47 donner
3756 545 117 33 avec
3906 532 109 59 plus

2383 596 258 47 d'intimité
2675 596 79 57 qu'
2788 598 307 55 auparavant
3128 596 134 43 toute
3297 595 47 44 la
3377 592 78 46 vie
3498 593 254 59 physique,
3787 592 202 46 intellec-

2380 659 150 46 tuelle
2564 658 59 46 de
2657 658 225 46 l'homme
2915 661 50 42 et
2996 670 32 43 y
3061 656 192 58 ajouter
3286 668 95 32 une
3415 654 144 46 étude
3603 656 60 44 de
3711 653 305 47 l'incoscient

2380 720 85 60 qui
2498 733 53 33 se
2582 733 145 47 passe
2761 732 61 33 en
2855 719 70 46 lui
2948 746 60 5 —
3042 719 212 46 certains
3288 717 328 61 ajouteraient
3647 743 62 7 —
3742 719 48 45 et
3822 717 65 45 du
3916 729 69 45 my-

2380 784 130 46 stère
2543 781 84 59 qui
2661 781 43 46 le
2738 780 192 57 baigne.
2966 797 25 25 »

2502 844 126 45 Mais
2664 844 44 45 le
2744 842 317 57 Symbolisme
3095 844 50 44 et
3178 842 46 45 le
3263 855 109 32 vers
3412 840 123 45 libre
3579 852 125 47 pour
3752 841 103 44 ètre
3904 852 84 33 con-

2377 919 151 33 nexes
2562 919 61 31 ne
2657 906 108 43 sont
2798 905 139 58 point
2970 903 349 59 inséparables.

2501 968 65 44 Ils
2600 969 111 43 sont
2742 978 245 33 connexes
3022 978 146 46 parce
3202 977 91 46 que
3338 963 394 58 contemporains
3775 965 48 44 et
3862 964 155 43 mème

2374 1029 276 47 coéxistant
2683 1029 114 44 chez
2834 1028 213 47 certains
3081 1026 259 47 écrivains.

2502 1094 65 43 Le
2600 1104 111 32 vers
2745 1090 124 46 libre
2905 1091 75 45 est
3013 1089 143 47 d'une
3191 1090 167 58 portée
3391 1087 109 60 plus
3535 1087 247 59 générale,
3818 1100 85 32 car
3951 1099 64 33 un

2375 1153 202 46 réaliste
2611 1155 116 57 peut
2760 1152 103 45 fort
2896 1151 112 46 bien
3043 1150 148 61 (ainsi
3225 1150 227 59 Jammes)
3488 1162 52 33 se
3589 1148 157 47 servir
3795 1150 65 44 du
3908 1161 109 33 vers

2377 1216 124 44 libre
2537 1227 123 46 pour
2693 1212 269 47 transcrire
2996 1213 85 45 des
3116 1212 274 46 sensations
3424 1225 62 31 ou
3521 1209 147 47 idées.

2505 1277 119 45 D'un
2660 1279 141 42 autre
2835 1278 107 43 coté
2977 1288 64 32 un
3076 1273 296 58 symboliste,
3406 1274 119 59 peut
3558 1274 104 45 ètre
3711 1273 193 44 surtout
3953 1286 64 30 un

2375 1340 278 57 prosateur,
2689 1335 128 47 ainsi
2851 1350 65 31 un
2951 1335 85 47 des
3069 1336 304 59 promoteurs
3408 1335 65 45 du
3521 1335 322 53 mouvement,
3895 1334 124 44 Paul

2377 1401 174 46 Adam.

3181 1497 29 28 ★

3148 1527 29 28 *
3214 1527 29 28 *

2507 1600 64 44 Le
2605 1611 112 31 vers
2751 1597 123 45 libre
2907 1598 75 43 est
3015 1594 122 46 donc
3172 1594 29 46 à
3234 1607 112 33 mori
3380 1607 127 40 sens,
3541 1594 50 45 la
3625 1593 152 46 forme
3827 1592 189 59 lyrique

2375 1661 60 46 de
2468 1661 218 46 l'avenir.
2722 1659 94 46 J'ai
2851 1659 158 46 refuté
3033 1659 233 57 quelques
3290 1656 269 59 objections
3582 1656 145 59 qu'on
3752 1655 71 46 lui
3846 1656 66 46 flt.
3931 1656 67 45 J'a-

2370 1722 139 59 joute
2542 1722 118 59 qu'il
2694 1724 75 43 est
2807 1719 224 47 d'accord
3080 1733 118 31 avec
3250 1719 46 44 la
3346 1717 294 60 phonétique
3690 1730 62 33 ou
3803 1730 120 32 avec
3973 1717 47 45 la

2375 1782 371 62 prononciation
2798 1781 241 56 frangaise
3090 1781 210 46 actuelle
3335 1781 30 44 à
3387 1780 158 53 Paris,
3582 1780 114 44 sauf
3714 1792 63 32 au
3812 1778 208 46 Tbéatre

2378 1847 231 54 Frangais
2642 1847 62 44 où
2728 1846 93 45 elle
2854 1848 75 42 est
2952 1844 265 57 archaique
3241 1844 49 44 et
3324 1843 61 45 où
3418 1842 250 44 d'ailleurs
3699 1842 45 44 le
3777 1841 242 58 triomphe

2377 1909 85 46 des
2495 1908 247 58 tragédies
2775 1919 63 33 ou
2872 1907 58 45 de
2965 1905 210 46 l'auteur
3211 1904 220 58 comique
3464 1907 75 43 est
3573 1903 239 47 d'arriver
3845 1915 30 32 a
3907 1915 85 46 sup-

2377 1970 182 58 primer
2592 1970 121 45 dans
2747 1969 46 44 le
2826 1968 229 57 dialogue
3088 1966 311 59 l'apparence
3441 1965 63 46 du
3546 1978 123 31 vers.
3719 1965 94 44 Son
3847 1962 79 53 ieu
3960 1962 60 46 de

2377 2034 224 58 strophes
2644 2032 49 45 et
2727 2030 57 45 de
2830 2031 217 56 rythmes
3090 2031 191 57 permet
3324 2028 30 45 à
3396 2030 106 43 tout
3540 2027 141 59 poète
3725 2025 295 59 d'exprimer

2377 2107 54 32 sa
2465 2092 332 61 personnalité
2831 2105 90 45 par
2944 2091 45 45 le
3023 2089 142 47 choix
3199 2088 127 59 qu'il
3361 2101 58 33 en
3446 2088 108 55 fait;
3578 2091 48 42 et
3650 2088 70 45 les
3744 2086 276 47 inventions

2377 2157 127 57 qu'il
2538 2168 32 45 y
2591 2157 117 57 peut
2732 2157 231 56 apporter
2981 2155 109 44 sont
3113 2153 332 51 nombreuses,
3465 2163 85 32 car
3568 2150 70 45 les
3662 2148 358 47 combinaisons

2377 2218 59 45 de
2469 2218 200 58 strophe
2703 2215 122 46 libre
2859 2218 109 43 sont
3006 2214 134 47 aussi
3179 2211 192 47 variées
3412 2225 92 46 que
3550 2211 149 46 celles
3740 2211 86 46 des
3866 2213 153 43 notes.

2501 2276 307 59 Avouerai-je
2841 2276 125 59 qu'il
2999 2279 76 43 est
3108 2274 210 47 difficile.

2502 2340 113 47 Oui!
2651 2352 86 33 car
2769 2338 36 45 il
2838 2352 30 44 y
2901 2338 105 46 faut
3039 2338 60 46 de
3133 2336 220 47 l'oreille.

2501 2401 226 45 L'ancien
2756 2413 109 32 vers
2897 2399 212 55 frangais
3136 2398 79 45 n'a
3246 2411 89 45 pas
3371 2394 302 47 d'harmonie
3707 2394 313 47 constitutive

2378 2464 162 53 réelle,
2575 2463 123 46 mais
2731 2462 35 44 il
2799 2474 61 33 en
2906 2476 27 31 a
2978 2474 93 32 une
3107 2459 212 58 acquise,
3366 2472 90 47 par
3495 2456 394 47 l'accumulation
3935 2456 85 46 des

2378 2526 260 55 auditions,
2683 2538 90 47 par
2816 2524 289 53 l'habitude;
3155 2523 44 45 le
3240 2535 112 32 vers
3395 2520 123 46 libre
3568 2533 61 31 ne
3671 2520 80 44 l'a
3789 2519 153 58 point,
3983 2519 36 44 il

2378 2587 183 57 l'èvite;
2594 2600 87 33 son
2707 2586 251 46 harmonie
2994 2597 152 33 neuve
3170 2582 238 47 demande
3433 2582 206 59 quelque
3664 2582 141 45 effort
3840 2582 30 43 à
3893 2581 127 46 celui

2378 2650 84 59 qui
2495 2651 49 44 la
2576 2651 110 44 crée
2721 2651 48 43 et
2802 2661 65 32 un
2900 2661 95 46 peu
3029 2644 135 49 aussi
3198 2646 29 44 à
3260 2644 129 47 celui
3423 2643 81 60 qui
3540 2643 100 46 doit
3669 2643 50 45 la
3753 2642 266 55 discerner,

2378 2712 82 45 s'il
2496 2713 115 44 s'est
2643 2709 201 47 habitué
2877 2709 385 46 exclusivement
3295 2707 30 44 à
3358 2705 234 59 l'antique
3626 2704 228 46 cadence.
3890 2707 130 43 Pour

2378 2775 44 45 le
2458 2771 253 63 populaire
2745 2774 48 43 et
2827 2771 148 46 l'élite
2999 2773 49 44 la
3080 2782 183 47 preuve
3286 2770 76 45 est
3394 2768 132 53 faite,
3553 2779 91 46 que
3678 2766 46 45 le
3757 2779 113 32 vers
3894 2765 123 46 libre

2378 2834 232 61 comptait
2628 2846 123 46 pour
2768 2834 92 44 elle
2879 2845 94 33 une
2994 2831 282 46 saisissable
3295 2827 264 55 harmonie,
3574 2826 225 61 puisqu'à
3817 2826 202 47 l'Odèon

2378 2897 30 45 à
2441 2897 84 46 des
2559 2895 237 47 matinées
2830 2895 231 58 lyriques,
3095 2892 134 45 mille
3264 2891 263 53 Parisiens,
3551 2902 135 33 assez
3721 2902 63 32 au
3815 2890 205 44 courant

2378 2958 58 46 de
2470 2959 172 46 choses
2665 2957 138 53 d'art,
2841 2956 68 45 lui
2943 2956 232 45 faisaient
3198 2954 111 54 fète,
3343 2956 50 41 et
3415 2964 93 46 que
3541 2952 71 44 les
3636 2951 185 57 grands
3852 2953 168 43 succés

2378 3020 127 46 d'art
2553 3020 269 58 remportés
2868 3018 177 46 devant
3079 3018 49 43 la
3160 3015 130 46 foule
3325 3014 59 46 de
3429 3013 112 58 cinq
3575 3011 131 46 mille
3752 3024 267 47 personnes

2378 3097 62 31 au
2473 3081 285 52 Trocadéro,
2794 3081 45 45 le
2887 3080 165 46 furent
3099 3091 92 46 par
3234 3078 85 44 des
3368 3076 196 60 poèmes
3613 3088 60 31 en
3710 3086 111 33 vers
3854 3075 165 44 libres.

2378 3146 203 43 Partout
2615 3144 63 44 od
2700 3141 324 60 l'experience
3059 3154 27 31 a
3111 3141 76 43 été
3220 3140 176 52 tentée,
3433 3137 93 46 elle
3549 3150 30 32 a
3612 3138 76 44 été
3714 3136 305 51 concluante,

2377 3210 48 41 et
2459 3207 93 44 elle
2587 3206 45 44 le
2666 3217 111 33 sera
2811 3217 66 32 un
2905 3203 115 59 jour
3055 3216 62 32 au
3152 3202 205 52 théàtre,
3394 3199 123 45 dans
3550 3199 43 45 le
3629 3198 181 45 drame.

2504 3264 306 47 L'harmonie
2832 3263 365 47 traditionnelle
3222 3262 59 45 de
3301 3259 323 47 l'alexandrin
3649 3272 196 33 cesserà
3867 3258 153 46 d'ètre

2378 3329 366 47 traditionnelle
2778 3326 120 46 dans
2933 3326 233 59 quelques
3199 3323 332 59 générations.

2504 3389 304 47 L'harmonie
2844 3389 65 44 du
2932 3401 110 32 vers
3067 3386 121 46 libre
3213 3385 266 46 deviendra
3507 3382 282 55 habituelle,
3813 3381 207 61 puisque

2380 3453 70 45 les
2478 3452 177 59 jeunes
2688 3464 120 45 gens
2854 3450 326 47 l'entendront
3225 3450 58 44 de
3328 3448 157 45 bonne
3521 3447 165 52 heure,
3728 3447 48 43 et
3821 3457 64 32 un
3925 3456 95 47 peu

2379 3514 111 59 plus
2524 3514 112 45 tard
2669 3514 75 45 les
2777 3512 215 53 enfants;
3028 3512 44 44 le
3097 3523 110 33 vers
3243 3511 124 44 libre
3401 3522 30 32 a
3453 3507 112 59 déjà
3589 3507 131 45 forcé
3754 3507 72 45 les
3851 3507 141 44 antho-

2380 3577 168 57 logies,
2584 3577 35 43 il
2643 3575 189 46 torcerà
2865 3573 135 46 aussi
3024 3574 70 45 les
3128 3573 221 44 manuels
3373 3570 284 57 classiques,
3692 3573 48 40 et
3763 3582 54 31 ce
3834 3568 186 58 jour-là

2382 3653 54 32 sa
2469 3636 203 47 victoire
2708 3650 110 32 sera
2841 3635 264 47 déflnitive.
3142 3635 64 44 Ce
3229 3634 123 45 n'est
3385 3645 93 46 que
3502 3630 222 60 question
3758 3630 59 46 de
3847 3635 172 53 temps,

2382 3701 45 45 le
2460 3701 159 57 temps
2653 3697 77 59 qu'
2742 3697 36 45 il
2811 3696 148 60 perde
2994 3710 85 32 son
3113 3699 169 55 aspect
3314 3693 58 46 de
3404 3693 290 46 nouveauté.

2507 3763 70 43 En
2613 3765 155 41 mème
2801 3762 156 56 temps
2992 3772 51 32 se
3078 3757 288 47 raréfìeront
3390 3756 70 45 les
3493 3767 265 47 personnes
3782 3752 83 60 qui
3898 3766 122 32 nous

2377 3824 229 46 accusent
2639 3823 60 46 de
2738 3820 187 47 n'avoir
2967 3834 89 46 pas
3103 3820 141 58 égalé
3288 3820 111 44 tous
3442 3817 248 45 ensemble
3735 3814 285 56 Ruteboeuf,

2378 3886 46 45 le
2459 3883 235 56 Plé'iades,
2730 3884 71 44 les
2835 3883 290 57 classiques,
3159 3883 48 44 et
3239 3881 72 46 les
3347 3878 347 58 romantiques.
