3076 4371
2879 44 64 49 99

65 147 940 163 PLAN
1244 147 396 158 DE
1879 147 1061 163 PARIS

78 355 612 115 COMMENCE
746 371 457 81 L'ANNÉE
1274 371 236 78 1734.
1607 355 422 94 DESSINÉ
2079 368 138 81 ET
2255 353 378 96 GRAVEÉ
2669 371 271 78 SOUS

75 495 188 81 LES
319 493 427 81 ORDRES
787 495 139 79 DE
964 493 963 83 MICHEL-ETIENNE
1973 490 485 97 TURGOT,
2506 477 436 97 PRÉVÔT

78 617 195 82 DES
329 617 696 81 MARCHANDS
1081 617 231 79 ETC.
1371 599 449 97 ACHEVÉ
1876 615 140 81 ET
2069 599 384 97 GRAVE
2506 617 140 79 EN
2699 617 241 81 1739.

77 842 308 75 Isleworth,
451 839 144 66 15th
642 839 333 79 September
1034 839 204 66 1759.

76 933 168 65 Dear
291 933 180 76 Boy:
522 932 244 79 History
813 942 151 55 must
1010 932 66 65 be
1123 929 417 79 accompanied
1585 929 131 66 with
1765 929 352 82 chronology
2164 956 67 38 as
2280 929 135 65 well
2459 957 64 38 as
2584 931 356 81 geography,

76 1051 64 38 or
185 1025 117 64 else
348 1050 109 39 one
504 1022 107 66 has
659 1023 99 65 but
802 1051 37 37 a
889 1046 132 56 very
1072 1022 284 79 confused
1398 1032 188 55 notion
1634 1025 78 77 of
1746 1032 85 65 it;
1867 1023 105 79 for
2019 1032 42 55 it
2107 1031 43 55 is
2198 1032 101 54 not
2340 1022 281 79 sufficient
2668 1032 56 55 to
2771 1023 171 78 know

77 1116 154 66 what
277 1115 186 82 things
510 1115 146 66 have
705 1115 136 66 been
890 1116 165 75 done,
1110 1115 180 65 which
1338 1113 213 79 history
1599 1113 227 68 teaches
1876 1140 110 50 us;
2036 1112 125 68 and
2207 1112 183 66 where
2437 1115 132 78 they
2616 1113 144 67 have
2807 1116 136 65 been

76 1209 166 75 done,
298 1206 179 69 which
527 1230 84 44 we
662 1207 177 67 learm
889 1207 76 80 by
1012 1206 375 84 geogrephy;
1437 1207 100 64 but
1581 1233 107 38 one
1735 1218 152 53 must
1932 1205 172 79 know
2151 1205 160 67 when
2386 1206 134 80 they
2591 1206 144 66 have
2808 1207 135 68 been

84 1301 161 75 done,
296 1300 125 65 and
462 1299 123 66 that
631 1310 44 55 is
724 1300 91 65 the
861 1300 319 79 particular
1223 1299 249 66 business
1519 1300 77 78 of
1632 1298 372 82 chronology.

1330 1402 157 58 From
1529 1401 84 59 the
1652 1401 145 59 Earl
1834 1402 70 69 of
1933 1399 391 72 Chesterfield's
2365 1401 202 60 Letters
2606 1413 51 48 to
2697 1403 78 58 his
2812 1402 131 62 Son.

79 1608 353 231 VERY
479 1599 350 85 magnificent
876 1625 154 41 were
1083 1597 98 66 the
1227 1597 157 66 ideas
1431 1597 59 66 of

355 1690 224 67 Michel
662 1691 241 66 Etienne
968 1690 242 84 Turgot,
1277 1690 213 66 Prevot

354 1782 102 67 des
521 1783 354 67 Marchands
923 1784 59 65 of
1037 1783 160 66 Paris
1269 1787 57 62 in
1394 1783 96 66 the

75 1873 214 67 middle
338 1875 58 65 of
446 1873 96 67 the
566 1874 322 84 eighteenth
935 1892 250 66 century.

216 1967 45 66 If
307 1967 196 67 would
565 1967 75 67 be
701 1967 145 67 hard
914 1985 61 48 to
1044 1967 115 66 find
1230 1995 36 38 a
1335 1994 155 38 more

76 2086 254 56 swagger
378 2058 132 84 plan
559 2060 59 66 of
663 2088 112 57 any
823 2062 114 83 city
984 2058 114 68 and
1145 2058 158 66 there
1350 2062 140 62 exist

75 2176 169 59 many
289 2150 298 84 grandiose
631 2151 160 84 plans
838 2151 60 66 of
946 2150 245 76 Venice,
1242 2151 58 65 of
1332 2150 117 66 Lon-

79 2241 133 76 don,
239 2243 59 66 of
330 2243 257 77 Firenze,
621 2243 114 67 and
761 2244 213 76 Roma,
1011 2243 114 67 and
1172 2243 105 67 five
1312 2270 63 40 or
1407 2246 83 64 six

77 2334 57 67 of
181 2334 182 67 Paris.

216 2427 21 64 I
287 2425 129 68 take
462 2430 41 63 it
548 2427 124 66 that
719 2428 296 66 Monsieur
1076 2427 221 85 Turgot
1368 2456 120 39 was

76 2536 98 48 not
204 2518 343 85 excessively
578 2523 287 71 sensitive;
891 2519 122 66 that
1036 2518 75 67 he
1134 2519 118 68 had
1279 2519 211 84 weight

77 2637 214 41 —was
322 2611 312 84 something
674 2612 59 66 of
781 2640 35 38 a
863 2610 205 86 despot
1070 2611 205 66 —and
1322 2611 166 68 knew

77 2702 157 69 what
305 2704 75 66 he
451 2704 249 67 wanted.
828 2704 147 66 And
1056 2707 56 63 in
1196 2704 169 67 1733
1415 2704 75 66 he

76 2795 231 67 wanted
355 2823 35 38 a
451 2822 131 39 man
653 2795 136 69 who
858 2794 173 68 could
1100 2795 78 75 dp
1242 2796 95 65 the
1391 2796 99 83 job

77 2886 181 68 better
305 2888 134 66 than
486 2888 285 67 Truschet
800 2888 117 66 had
950 2888 151 66 done
1130 2891 42 63 it
1203 2891 57 63 in
1319 2888 16 66 1
1359 2889 115 65 531

77 2979 112 66 and
270 2979 183 67 better
529 2980 136 66 than
745 2980 328 68 Gomboust
1149 2984 57 62 in
1295 2980 191 75 1649,

77 3072 318 67 Rochefort
419 3076 56 63 in
518 3073 170 66 1672
724 3073 114 66 and
870 3073 184 67 Bullet
1102 3072 115 67 and
1250 3073 240 67 Blondel

77 3166 55 63 in
192 3163 170 68 1670
391 3192 14 39 :
458 3163 115 68 and
618 3165 73 66 all
739 3166 156 66 these
942 3192 61 39 as
1050 3165 75 66 he
1180 3194 122 39 saw
1371 3165 117 66 had

79 3256 147 67 done
273 3257 96 70 the
415 3256 156 86 thing
617 3257 161 85 fairly
841 3257 151 70 well.
1087 3257 105 68 He
1262 3285 121 41 was
1454 3286 36 39 a

76 3349 135 66 little
265 3366 101 68 put
443 3368 100 48 out
620 3350 229 86 hearing
924 3378 64 38 so
1065 3350 169 67 much
1314 3350 176 66 about

76 3440 94 67 M.
220 3440 228 69 l'Abbe
517 3441 306 85 Delagrive
891 3441 116 68 and
1062 3443 83 66 his
1270 3443 182 67 mathe-

75 3533 225 67 matical
852 3534 290 67 Precision
1218 3534 73 67 he
1369 3562 121 39 was

75 3628 166 81 going
312 3643 60 49 to
443 3627 165 77 have,
660 3627 103 67 but
809 3645 100 48 not
971 3645 59 48 at
1077 3627 96 66 the
1244 3655 246 57 expense

77 3717 59 66 of
181 3718 97 66 the
324 3720 398 67 monumental.

213 3810 196 68 There
486 3839 122 41 was
684 3811 312 84 something
1073 3839 36 38 a
1177 3810 137 67 little
1392 3829 96 48 too

77 3899 234 69 finicken
380 3904 177 67 about
604 3904 96 67 M.
750 3902 228 69 l'Abbe
988 3921 180 47 —too
1224 3902 262 69 delicate.

76 3993 46 67 It
169 3995 264 85 annoyed
479 3996 115 68 him
642 4014 59 50 to
772 4024 95 38 see
937 4024 64 38 so
1072 4023 169 57 many
1310 3996 180 68 heads

74 4092 224 81 craning
328 4117 135 39 over
495 4118 34 38 a
559 4117 202 58 square
790 4089 131 67 inch
951 4089 80 84 by
1063 4088 96 66 De
1190 4089 54 66 la
1285 4089 201 67 Grive.

74 4178 187 70 What
308 4182 74 67 he
429 4183 231 67 wanted
707 4211 122 39 was
877 4210 201 55 square
1117 4182 155 66 miles
1280 4200 207 50 —tout

1535 1596 182 76 Paris,
1797 1614 98 48 not
1973 1625 35 37 a
2093 1596 321 67 cul-de-sac
2493 1599 137 66 with
2704 1627 35 36 a
2815 1627 133 39 man

1537 1689 278 85 wheeling
1862 1718 34 37 a
1943 1689 263 68 barrow:
2217 1690 332 75 —besides,
2601 1690 189 67 Callot
2829 1691 117 66 had

1537 1780 147 68 been
1752 1782 153 66 dead
1976 1811 36 37 a
2066 1782 258 67 hundred
2394 1809 181 56 years.
2674 1784 274 67 Cardinal

1537 1873 301 67 Richelieu
1862 1874 117 66 had
2010 1873 236 85 thought
2278 1874 130 69 well
2440 1875 59 67 of
2522 1874 122 66 that
2664 1875 191 69 fellow
2861 1912 87 12 —

1537 1966 73 64 he
1643 1964 196 68 would
1887 1964 146 68 have
2078 1966 148 66 been
2273 1966 175 67 useful
2497 1967 86 65 for
2629 1971 216 80 putting
2892 1971 57 63 in

1537 2058 96 65 the
1680 2058 197 83 figures
1925 2085 134 41 now
2088 2088 14 47 ;
2153 2058 105 66 still
2306 2086 61 38 as
2417 2058 194 68 Callot
2640 2088 122 39 was
2794 2061 152 66 dead

1538 2149 113 66 and
1676 2178 164 54 gone,
1857 2150 113 66 and
1994 2151 223 75 houses,
2236 2150 247 84 palaces,
2504 2150 112 66 and
2634 2151 94 65 the
2753 2170 195 48 streets

1537 2241 115 66 and
1699 2243 225 83 bridges
1972 2241 113 68 and
2125 2269 153 40 some
2325 2243 163 66 boats
2535 2244 307 76 remained,
2875 2244 75 67 he

1537 2334 115 66 will
1699 2334 146 67 have
1907 2334 157 66 these
2141 2334 464 69 recorded...and
2681 2335 75 66 let
2837 2336 111 68 'em

1537 2429 237 81 imagine
1830 2425 95 66 the
1987 2427 199 83 figures
2191 2444 190 66 —put
2447 2428 111 65 'em
2626 2428 178 66 inside
2850 2429 99 66 the

1535 2519 223 66 houses.
1810 2518 325 86 Decidedly
2182 2523 150 62 since
2365 2521 190 66 Callot
2603 2549 120 39 was
2770 2522 174 75 dead,

1535 2615 42 62 it
1624 2639 122 40 was
1793 2611 205 66 useless
2053 2630 60 48 to
2175 2612 155 66 think
2386 2613 60 66 of
2498 2613 199 84 figures
2704 2613 240 68 —bah!

1537 2702 121 68 that
1704 2702 316 85 Delavigne
2060 2731 63 40 or
2155 2704 528 85 Delagrive—all's
2723 2734 127 38 one.

1675 2795 83 66 So
1805 2795 222 84 Turgot
2074 2814 120 48 sent
2264 2796 85 66 for
2419 2825 34 37 a
2522 2796 220 68 modest
2813 2798 136 66 little

1537 2916 129 38 man
1737 2888 74 67 he
1865 2888 169 70 knew
2081 2890 92 65 of:
2233 2918 107 37 one
2387 2889 174 66 Louis
2610 2890 205 66 Bretez
2911 2918 35 38 a

1535 2980 394 84 geographical
1956 2984 289 83 engineer:
2274 2980 277 85 Delicacy
2577 2982 76 67 be
2677 2983 268 75 damned,

1535 3072 122 68 said
1690 3072 484 86 Turgot—fancy
2244 3073 169 84 being
2467 3073 240 67 delicate
2771 3074 177 66 about

1535 3165 160 67 Paris
1704 3166 516 67 —besides....and
2283 3166 94 66 M.
2429 3166 174 67 Louis
2650 3167 206 67 Bretez
2903 3172 46 61 is

1535 3256 202 67 shown
1783 3261 117 62 into
1947 3259 96 64 the
2089 3286 287 56 presence.

1675 3350 145 66 And
1869 3350 157 66 there
2071 3351 74 66 he
2208 3354 245 63 receives
2514 3350 97 66 the
2659 3350 165 67 order
2888 3369 60 48 to

1537 3440 165 67 make
1749 3441 108 66 this
1918 3443 174 83 plan:
2151 3443 74 66 he
2295 3446 45 63 is
2410 3460 61 49 to
2527 3443 278 85 complete
2852 3444 98 66 the

1538 3533 255 85 drawing
1848 3534 198 85 during
2112 3535 190 75 1734,
2362 3563 72 38 an
2483 3562 268 56 engraver
2796 3539 45 62 is
2888 3553 60 48 to

1535 3643 94 49 cut
1676 3629 41 63 it
1764 3655 75 37 on
1886 3628 95 66 the
2036 3627 198 85 plates,
2286 3627 112 66 and
2446 3628 121 65 that
2622 3628 115 67 will
2815 3628 133 66 take

1535 3718 192 84 longer
1758 3720 134 66 than
1947 3749 34 37 a
2027 3747 138 58 year
2211 3725 41 62 it
2299 3720 195 67 would
2541 3747 172 39 seem.
2776 3720 169 66 1734

1537 3810 166 84 being
1741 3811 98 66 the
1885 3839 135 56 year
2067 3814 60 66 of
2173 3814 96 64 the
2307 3840 120 40 war
2476 3812 139 68 with
2648 3812 208 68 Parma
2860 3848 88 10 —

1548 3904 166 66 1735
1766 3904 97 66 the
1909 3933 136 56 year
2092 3906 170 68 when
2325 3905 173 66 Louis
2570 3905 136 66 XV
2753 3906 196 83 begins

1535 4014 60 48 to
1642 3998 403 82 reign—what
2090 3998 113 66 else
2240 4001 45 64 is
2316 4001 317 82 occupying
2663 3999 97 65 the
2791 4003 153 71 time,

1535 4116 205 56 money
1788 4088 113 66 and
1934 4093 269 63 attention
2234 4090 58 66 of
2324 4089 96 67 the
2451 4090 204 84 people
2687 4090 60 66 of
2761 4089 181 75 Paris,

1535 4182 121 67 that
1703 4182 94 65 the
1845 4187 299 80 engraving
2188 4183 60 66 of
2296 4183 156 66 these
2507 4201 214 66 twenty
2768 4183 180 84 plates
