3076 4371
157 22 83 46 150

228 128 381 46 BRITISH
658 129 327 46 OPERA.

158 251 212 105 DOES
402 250 68 44 the
500 250 154 44 British
686 250 207 44 National
927 251 140 53 Opera

286 312 214 53 Company
531 311 177 55 produce
739 311 141 44 British
912 312 158 55 Operas

154 376 80 44 and
267 391 104 26 none
402 372 71 44 but
507 371 143 44 British
673 373 159 54 Operas
847 376 19 40 ?
919 372 34 43 If
984 384 84 38 not,

155 436 108 43 what
286 452 50 24 on
369 432 112 43 earth
503 434 30 41 is
558 433 29 42 it
618 432 121 55 doing
772 432 297 56 masquerading

157 496 125 43 under
314 493 95 44 such
441 511 24 25 a
496 492 113 44 title?

246 555 135 43 There
443 570 65 26 are
572 553 185 43 numbers
820 553 43 43 of
926 552 141 44 British

155 617 159 54 Operas
366 613 195 44 available
583 631 10 32 ;
651 626 70 31 not
772 613 95 55 only
919 621 26 17 44
976 613 93 43 The

157 675 184 56 Beggar's
357 675 141 54 Opera
578 673 134 45 There
729 691 65 26 are
813 673 50 44 all
879 673 190 45 Purcell's

155 739 177 54 Operas;
381 736 81 43 and
506 734 70 43 has
613 746 69 32 not
729 734 139 43 Delius
914 736 155 41 written

155 802 215 51 operas?...
392 795 192 50 Sullivan,
619 794 252 50 Mackenzie,
897 794 173 44 Hamish

157 858 221 44 MacCunn
409 867 83 38 too,
524 856 81 44 and
639 855 141 44 Balfe?

245 917 85 45 We
361 916 111 44 think
502 918 28 42 it
562 935 24 25 a
612 917 83 54 pity
728 916 59 43 for
820 914 252 55 Englishmen

156 991 41 32 to
250 997 112 26 serve
415 976 125 45 under
592 995 23 24 a
665 976 77 55 flag
794 976 161 55 bearing
1003 976 68 42 the

155 1040 183 55 splendid
361 1037 132 45 words
528 1045 24 17 44
576 1037 143 44 British
742 1036 189 44 National
952 1036 89 56 Ope-

157 1119 43 25 ra
277 1099 119 44 when
428 1098 68 43 the
527 1115 141 38 operas
705 1098 117 54 being
869 1114 96 37 sung
1017 1096 55 54 by

160 1162 110 42 them
302 1178 66 26 are
405 1158 53 55 by
491 1158 141 55 mostly
663 1158 193 48 German,
889 1157 182 49 Russian,

159 1221 155 44 French
366 1219 80 44 and
499 1219 135 43 Italian
686 1219 257 54 Composers.
1008 1217 64 44 It's

156 1282 119 55 flying
296 1279 95 45 false
407 1278 153 45 colours
576 1279 87 44 isn't
679 1281 57 42 it?
753 1278 61 44 for
829 1277 243 45 translations

161 1343 42 42 of
227 1342 66 44 the
314 1341 132 43 words
468 1343 82 40 into
583 1339 163 56 English
778 1339 55 45 do
865 1350 70 33 not
959 1338 115 44 make

155 1404 69 43 the
257 1403 121 42 music
411 1400 176 54 English.

251 1462 101 44 And
383 1479 63 26 we
489 1461 93 43 hear
629 1461 85 44 that
761 1460 69 45 Mr
862 1458 212 45 Frederick

158 1525 149 43 Austin
338 1521 136 56 joined
502 1522 66 43 the
589 1539 170 26 concern
780 1532 69 32 not
870 1519 93 55 long
982 1538 90 36 ago.

249 1585 47 43 A
349 1583 131 43 leaflet
531 1582 131 43 issued
714 1580 252 57 presumably
1018 1581 56 54 by

157 1652 68 36 the
257 1646 214 52 Company
519 1643 81 43 and
648 1644 213 54 purposing
892 1652 43 32 to
966 1640 52 45 be
1050 1659 24 25 a

158 1706 213 53 magazine,
408 1705 79 43 and
526 1703 127 44 called
687 1712 25 16 44
731 1704 143 55 Opera
905 1701 79 44 and
1007 1701 67 44 the

159 1765 127 44 Ballet
381 1782 124 25 seems
542 1775 41 32 to
637 1764 51 43 be
734 1764 128 55 proud
909 1762 45 44 of
999 1762 76 44 this

159 1826 142 44 British
335 1825 189 44 National
555 1831 134 49 Opera
710 1825 230 55 Company.
992 1823 83 43 We

159 1898 101 33 must
291 1903 69 38 say
390 1903 65 26 we
486 1903 66 26 are
583 1896 68 33 not
684 1903 41 25 as
756 1886 129 55 proud
917 1882 44 46 of
982 1884 29 43 it
1033 1901 43 26 as

161 1965 64 27 we
257 1945 137 45 would
425 1945 78 44 like
535 1957 41 32 to
609 1947 65 43 be.

252 2007 68 44 To
371 2008 84 53 sing
503 2006 150 55 foreign
700 2006 172 55 Operas,
909 2006 81 44 and
1036 2005 41 42 in

163 2068 178 54 English,
372 2069 31 41 is
435 2085 53 26 no
520 2067 208 55 particular
770 2084 234 38 annoyance
1035 2075 42 33 to

161 2146 170 38 anyone,
364 2127 80 44 and
477 2127 96 56 they
604 2145 66 26 are
702 2127 111 44 often
846 2145 24 26 a
900 2127 178 55 pleasure

161 2201 41 31 to
235 2190 108 43 hear.
409 2189 78 42 But
540 2189 61 42 for
648 2206 78 38 any
779 2188 214 54 Company
1036 2197 42 33 to

161 2249 104 44 label
296 2248 102 45 itself
429 2249 67 43 the
529 2258 11 15 4
552 2249 143 43 British
717 2247 191 46 National
938 2248 141 54 Opera

161 2309 229 56 Company*
423 2311 40 41 in
494 2309 117 44 order
652 2321 42 32 to
735 2308 57 46 do
833 2308 86 45 that
954 2325 125 27 seems

162 2383 40 31 to
234 2389 44 25 us
310 2389 23 25 a
367 2370 97 44 little
495 2388 272 37 unnecessary.

163 2538 26 28 o
287 2521 118 45 AN
476 2520 482 46 OMISSION.
1052 2535 28 29 o

164 2673 243 100 MANY
438 2672 147 56 people
621 2673 103 44 have
770 2672 159 43 written
961 2682 42 32 to
1035 2688 45 27 us

308 2734 137 55 asking
498 2734 94 55 why
638 2733 68 44 the
755 2732 171 54 Foreign
971 2731 109 45 Note

167 2794 102 44 from
303 2794 154 44 Monza
489 2796 42 41 in
563 2794 67 43 the
661 2794 73 43 last
769 2792 156 58 (April)
965 2808 87 28 num-

163 2855 72 44 ber
266 2855 43 44 of
390 2855 92 43 The
530 2854 121 44 Mask
732 2853 82 45 had
856 2870 41 26 as
927 2869 80 27 one
1037 2852 45 44 of

164 2918 48 41 its
244 2915 106 44 head
398 2916 100 43 lines
581 2914 117 45 Birds
729 2913 83 44 and
843 2912 187 45 Animals

166 2977 121 44 when
318 2977 112 43 there
463 2994 82 26 was
578 2987 69 32 not
680 2993 24 25 a
736 2973 115 47 word
884 2973 122 45 about
1029 2992 52 24 an

164 3036 147 45 animal
343 3055 45 25 or
421 3055 23 25 a
475 3036 90 45 bird
598 3037 41 42 in
661 3036 67 44 the
750 3034 134 46 whole
905 3034 175 45 column.

224 3098 93 43 The
340 3097 79 44 fact
442 3100 31 41 is
494 3114 72 27 our
588 3095 327 56 Correspondent
938 3094 144 57 posted

164 3176 45 26 us
240 3170 84 33 two
355 3159 143 49 sheets,
529 3176 80 26 one
630 3157 44 44 of
696 3156 132 45 which
851 3173 82 27 was
955 3173 103 27 some-

164 3218 95 45 how
313 3218 169 45 mislaid.
577 3218 30 44 It
673 3217 176 45 referred
910 3228 42 32 to
1014 3217 68 43 the

164 3278 111 45 birds
322 3279 81 44 and
451 3279 165 44 animals
665 3279 94 54 kept
811 3289 39 32 at
899 3277 69 44 the
1014 3277 68 54 big

164 3339 153 45 School
348 3340 42 44 of
422 3342 79 42 Art
539 3339 133 45 which
705 3340 31 43 is
768 3337 126 57 today
925 3337 155 45 housed

164 3402 43 42 in
238 3400 68 44 the
341 3400 132 57 Royal
522 3401 148 43 Palace
702 3411 39 32 at
790 3399 155 44 Monza
983 3398 98 45 built

167 3462 54 55 by
254 3461 236 44 Piermarini
538 3463 41 42 in
635 3461 125 50 1780,
809 3458 81 46 and
936 3459 71 44 has
1060 3476 23 26 a

167 3522 148 55 special
347 3524 159 42 interest
539 3521 61 45 for
632 3520 164 55 English
827 3518 173 52 readers,

258 3583 30 44 It
320 3601 91 38 may
447 3583 51 44 be
545 3580 276 47 remembered
871 3580 55 56 by
972 3598 110 26 some

165 3643 45 43 of
240 3643 113 45 those
386 3644 94 44 who
527 3643 95 45 took
669 3660 51 26 an
752 3643 42 42 in
845 3643 160 42 interest
1039 3643 43 41 in

167 3704 68 44 the
258 3704 295 45 establishment
585 3704 45 44 of
660 3703 69 45 the
760 3702 150 45 School
933 3701 60 45 for
1015 3702 68 44 the

167 3765 80 43 Art
280 3765 42 43 of
353 3765 66 45 the
471 3766 178 44 Theatre
695 3763 54 57 by
781 3763 83 45 Mr.
907 3761 176 45 Gordon

169 3825 122 56 Craig
322 3827 41 42 in
404 3826 125 50 1913,
563 3827 84 43 that
684 3843 79 26 one
794 3824 45 43 of
868 3824 68 45 the
968 3825 114 43 items

168 3886 192 47 included
412 3888 41 42 in
506 3886 61 44 his
618 3885 95 57 plan
766 3902 83 28 wa3
899 3884 86 44 that
1039 3884 43 44 of

217 3947 110 44 birds
379 3947 80 45 and
512 3946 180 51 animals,
740 3945 83 45 and
877 3944 97 45 food
1022 3944 61 45 for

167 4025 108 27 same
299 4008 40 44 *\

260 4069 123 43 Some
435 4067 282 57 short-sighted
769 4068 128 43 critics
959 4065 124 46 asked

220 4130 94 56 why
365 4129 122 51 birds,
522 4130 95 57 why
665 4128 166 45 animals
847 4132 20 41 ?

1112 115 104 44 cook
1248 115 80 44 and
1361 127 41 32 to
1434 129 62 31 eat
1519 116 107 44 them
1709 116 94 56 they
1825 115 198 52 assumed,

1113 175 82 44 and
1227 175 171 55 laughed
1436 177 165 56 heartily
1632 194 96 27 over
1768 177 99 43 their
1900 177 126 56 funny

1113 236 107 54 joke.
1285 237 64 43 As
1381 254 23 24 a
1436 248 139 32 matter
1606 236 44 44 of
1681 237 78 43 fact
1791 239 28 41 it
1853 254 82 27 was
1968 240 40 41 in-

1113 296 154 44 tended
1297 308 42 31 to
1387 297 118 56 study
1537 297 101 43 from
1686 298 108 43 them
1815 316 9 25 :
1858 309 41 32 to
1932 309 94 33 note

1113 356 100 44 their
1244 355 167 51 colours,
1451 356 132 51 forms,
1617 358 80 44 and
1745 358 101 43 their
1892 375 108 28 move-

1114 428 127 32 ments
1260 435 10 32 ;
1303 428 42 32 to
1377 417 112 44 draw
1536 417 122 51 them,
1702 418 81 43 and
1815 429 43 32 to
1890 417 136 45 derive

1115 476 101 44 from
1248 477 108 44 them
1389 478 222 54 something
1643 478 132 44 which
1797 477 96 56 only
1914 478 110 44 these

1114 548 196 33 creatures
1340 538 103 45 have
1474 550 42 31 to
1547 539 98 43 offer
1676 539 67 43 the
1775 539 121 43 artist.

1210 605 25 16 44
1258 598 92 44 The
1383 598 149 44 School
1564 599 44 43 of
1638 599 79 43 Art
1751 610 39 32 at
1822 598 154 44 Monza

1115 659 131 42 writes
1305 676 71 26 our
1424 659 340 54 Correspondent,
1812 666 25 17 44
1870 659 71 43 has
2004 677 23 24 a

1117 726 26 15 44
1165 718 149 44 section
1346 719 44 43 of
1420 719 67 44 the
1519 719 170 55 grounds
1721 730 70 44 put
1824 718 111 44 aside
1967 718 61 44 for

1117 786 27 17 44
1168 796 116 38 many
1318 779 78 44 fine
1427 779 109 44 birds
1568 779 81 44 and
1672 779 152 45 several
1845 778 182 46 animals.

1117 846 26 17 44
1165 838 15 44 I
1211 839 124 44 noted
1367 856 109 28 some
1508 840 104 55 eight
1645 857 44 25 or
1719 852 66 32 ten
1818 839 94 46 well
1935 840 93 54 kept

1118 907 25 16 44
1167 917 92 26 runs
1292 900 60 43 for
1383 900 119 56 finely
1534 899 165 44 marked
1732 900 109 44 birds
1873 899 44 45 of
1937 899 74 44 bril-

1118 968 24 16 -44
1167 959 96 45 liant
1305 960 216 55 colouring.
1593 960 123 44 What
1767 962 67 43 the
1877 962 152 54 species

1120 1028 25 16 44
1168 1038 83 26 was
1286 1021 13 42 I
1333 1038 82 26 was
1446 1020 87 44 told
1565 1021 70 43 but
1668 1021 129 55 forgot
1829 1033 42 32 to
1904 1033 94 31 note
2017 1040 11 31 ;

1119 1090 26 14 44
1170 1080 31 45 if
1234 1081 14 43 I
1283 1081 221 44 remember
1536 1082 124 54 aright
1683 1082 110 43 there
1815 1099 108 26 were
1944 1099 85 25 rare

1119 1150 26 15 44
1168 1140 211 56 pleasants,
1434 1144 142 52 guinea
1636 1142 129 49 fowls,
1819 1142 209 56 peacochs,

1119 1210 26 16 44
1168 1202 125 43 storks
1324 1201 81 44 and
1437 1203 227 55 flamingoes
1696 1215 178 43 amongst
1905 1203 124 44 them.

1121 1271 24 16 44
1169 1259 136 47 There
1340 1280 106 27 were
1479 1263 82 43 also
1609 1263 223 44 enclosures
1879 1264 131 43 contai-

1120 1331 25 15 -44
1169 1324 94 53 ning
1295 1322 178 55 gazelles,
1524 1324 110 50 deer,
1667 1323 80 44 and
1795 1324 113 44 other
1940 1324 89 43 fleet

1121 1392 26 15 44
1171 1383 139 43 footed
1345 1383 164 44 animals

1210 1444 90 43 Our
1343 1444 329 56 Correspondent
1714 1461 83 28 was
1830 1443 200 45 informed

1119 1505 83 43 that
1234 1504 110 44 these
1377 1504 169 45 delicate
1577 1517 196 32 creatures
1815 1504 142 46 served
1990 1522 42 26 as

1120 1564 153 44 models
1304 1564 62 44 for
1397 1566 67 42 the
1496 1566 191 44 students.

1210 1625 139 43 When
1382 1625 70 45 Mr
1484 1626 155 54 Craig's
1677 1627 138 42 notion
1848 1642 83 28 was
1962 1642 47 26 an-

1120 1685 185 44 nounced
1337 1687 41 42 in
1412 1686 173 44 London
1617 1704 78 26 one
1726 1686 44 43 of
1800 1686 68 44 the
1890 1703 144 38 papers

1119 1745 214 45 contained
1367 1765 23 25 a
1422 1746 186 45 headline
1643 1756 24 15 44
1686 1748 144 42 Comic
1850 1745 184 45 methods

1121 1806 60 43 for
1212 1806 107 45 New
1350 1808 79 44 Art
1472 1807 150 45 School
1718 1807 81 44 and
1832 1824 24 26 a
1902 1808 133 43 writer

1122 1866 207 56 proceded
1382 1880 42 32 to
1471 1868 145 44 inform
1664 1868 176 44 London
1888 1868 84 44 that
2005 1869 28 41 it

1122 1945 83 26 was
1237 1946 24 24 a
1293 1927 210 56 laughable
1534 1929 95 44 idea
1660 1940 41 32 to
1733 1927 170 57 provide
1924 1927 111 45 birds

1123 1987 81 43 and
1256 1989 165 43 animals
1483 1989 59 44 for
1595 1989 178 44 students
1824 2000 43 33 to
1919 1988 116 56 study

1124 2047 102 44 from
1245 2067 10 32 ;
1288 2048 170 51 besides,
1491 2052 28 42 it
1553 2068 83 26 was
1667 2049 221 44 calculated
1920 2061 42 32 to
1984 2049 51 43 be

1126 2117 25 16 44
1175 2126 95 39 very
1323 2110 125 56 costly
1578 2110 179 56 Perhaps
1808 2110 68 44 the
1928 2127 107 26 same

1124 2171 110 42 critic
1265 2169 81 44 and
1379 2171 59 43 his
1471 2171 205 54 following
1709 2170 137 44 would
1878 2169 97 45 hold
2006 2171 29 42 it

1124 2242 270 44 extravagant,
1432 2241 23 15 44
1479 2250 95 37 very
1605 2231 125 56 costly
1804 2242 42 33 to
1867 2230 168 56 provide

1126 2308 23 26 a
1180 2291 151 44 School
1364 2292 97 44 with
1493 2310 25 26 a
1549 2291 183 56 Library.

1127 2444 42 43 A
1233 2443 319 44 DRAMA
1607 2444 428 43 LIBRARY.

1125 2596 175 107 THE
1332 2595 144 46 British
1526 2596 151 44 Drama
1726 2596 160 56 League
1933 2598 31 42 is
1995 2608 43 32 to

1246 2657 52 44 be
1328 2655 297 57 congratulated
1656 2674 54 26 on
1747 2657 68 43 the
1853 2656 185 45 addition

1126 2718 44 45 of
1200 2737 25 24 a
1257 2716 168 57 Library
1456 2729 41 32 to
1528 2718 161 43 contain
1737 2718 134 49 8,000
1912 2718 126 43 books

1127 2791 41 32 to
1199 2780 48 42 its
1279 2783 188 51 premises
1498 2790 38 32 at
1569 2779 28 43 8
1635 2777 186 56 Adelphi
1847 2778 190 45 Terrace.

1188 2839 71 45 Mr
1290 2839 194 56 Geoffrey
1515 2838 116 45 Whit
1637 2838 127 45 worth
1795 2838 67 45 the
1895 2839 119 44 Secre-

1127 2912 87 44 tary
1245 2917 93 37 goes
1369 2917 54 26 on
1456 2899 92 45 well
1581 2899 97 45 with
1700 2899 59 44 his
1781 2899 113 45 work
1916 2899 123 56 doing

1126 2963 76 53 just
1233 2961 108 44 what
1373 2963 31 42 is
1436 2959 174 46 needed.

1219 3022 137 44 There
1387 3039 67 26 are
1496 3038 110 28 some
1638 3020 147 57 people
1830 3020 96 45 who
1957 3020 83 46 will

1128 3081 44 47 of
1202 3099 139 28 course
1388 3083 99 43 raise
1533 3082 103 44 their
1682 3081 129 44 hands
1857 3080 82 45 and
1971 3099 68 38 cry

1127 3154 71 35 out
1227 3144 153 54 against
1425 3143 95 44 such
1574 3160 23 26 a
1649 3142 159 45 wicked
1860 3153 159 34 extrava-

1129 3222 140 38 gance.
1335 3204 120 56 They
1487 3203 82 45 will
1602 3221 68 38 say
1701 3205 29 42 it
1753 3205 31 42 is
1806 3221 23 26 a
1852 3214 123 33 waste
1997 3201 44 46 of

1128 3266 69 45 the
1218 3264 121 45 funds
1360 3264 44 44 of
1424 3264 69 44 the
1525 3264 176 55 League.

1189 3325 93 45 The
1304 3325 96 57 only
1431 3337 286 43 extravagance
1750 3342 65 26 we
1850 3342 76 26 can
1974 3342 67 26 see

1129 3386 70 45 has
1231 3387 104 44 been
1366 3387 67 43 the
1465 3398 124 33 waste
1620 3386 44 43 of
1696 3387 92 42 time
1821 3386 40 43 in
1882 3386 160 54 coming

1128 3459 42 31 to
1202 3466 24 25 a
1248 3447 179 45 decision
1450 3459 40 32 to
1511 3445 186 46 establish
1719 3446 96 44 such
1837 3464 23 26 a
1877 3445 163 58 library.

1272 3598 633 47 UNWANTED.

1132 3754 152 101 MR
1317 3753 152 45 Robert
1500 3752 164 50 Atkins,
1702 3751 177 45 referred
1925 3763 44 31 to
1999 3753 42 42 in

1274 3814 177 45 London
1498 3813 173 54 journals
1702 3831 43 26 as
1777 3830 24 25 a
1832 3813 135 54 genius
1999 3811 44 45 of

1130 3895 24 26 a
1184 3875 212 58 producer,
1429 3877 32 42 is
1492 3874 157 55 leaving
1680 3874 67 43 the
1778 3872 90 45 Old
1899 3872 95 46 Vic.

1190 3938 34 44 Is
1255 3939 29 43 it
1316 3937 60 44 his
1409 3937 135 55 genius
1577 3934 132 45 which
1731 3936 31 42 is
1784 3936 41 42 in
1847 3933 67 44 the
1936 3951 103 37 way,

1130 4018 44 25 or
1205 3998 99 45 does
1325 3998 52 43 he
1399 3996 100 46 wish
1519 4008 43 33 to
1584 3995 128 44 better
1732 3993 158 46 himself
1906 3998 20 40 ?
1958 3994 84 44 We

1130 4061 71 44 ask
1232 4059 61 45 for
1324 4076 65 28 we
1420 4059 103 43 have
1556 4074 122 28 never
1709 4073 96 27 seen
1836 4055 61 45 his
1928 4055 113 45 work

1130 4120 81 46 and
1243 4121 103 44 have
1378 4137 52 26 no
1462 4119 141 44 notion
1636 4117 107 46 what
1775 4118 31 42 is
1838 4116 68 44 the
1937 4127 84 33 stan-

2072 116 101 44 dard
2205 116 43 44 of
2288 116 109 45 1925
2432 119 136 53 genius
2600 119 40 41 in
2664 117 187 45 London.
2901 117 62 46 Bu

2072 179 28 41 it
2134 177 137 44 strikes
2303 196 44 25 us
2380 195 41 26 as
2455 189 68 32 not
2555 196 24 24 a
2612 178 97 43 little
2741 189 154 44 strange
2939 184 25 38 6

2072 238 68 43 the
2172 238 208 44 Direction
2412 250 42 32 to
2486 238 119 45 allow
2643 255 101 27 even
2791 255 24 27 a
2861 239 104 45 toucl

2072 297 44 44 of
2147 300 136 52 genius
2316 310 42 31 to
2405 298 113 44 leave
2565 316 23 25 a
2634 298 150 43 theatre
2832 299 130 43 which

2074 358 101 44 from
2208 358 51 44 all
2292 377 62 25 we
2386 359 106 50 hear,
2518 361 30 41 is
2581 369 68 33 not
2671 357 296 46 overburdenec

2074 418 98 44 with
2205 436 50 26 an
2288 421 201 42 excessive
2521 430 178 33 amount.

2162 567 319 45 LUCIEN
2531 566 357 46 GUITRY.

2076 720 74 99 IN
2183 720 66 43 the
2281 718 122 44 death
2433 718 43 44 of
2509 718 151 44 Lucien
2691 718 145 55 Guitry
2866 736 107 39 ever]

2139 780 266 55 theatre-goer
2436 779 94 44 who
2561 795 83 28 saw
2676 778 82 44 him
2789 790 63 33 act
2884 793 90 30 musl

2075 858 139 27 mourn
2245 841 68 43 the
2344 840 76 43 loss
2450 839 43 44 of
2523 857 24 25 a
2579 838 181 45 valuable
2810 840 164 44 membei

2075 902 43 43 of
2151 902 66 43 the
2248 901 157 43 French
2437 910 121 43 stage.

2137 962 69 44 He
2238 979 82 26 was
2351 971 70 33 not
2452 978 24 26 a
2507 971 107 44 great
2645 971 109 31 actor
2874 959 103 46 there

2074 1023 104 44 have
2210 1021 103 45 been
2346 1021 80 43 few
2456 1020 95 44 such
2584 1022 38 41 in
2654 1019 67 44 the
2768 1030 86 45 past
2902 1019 75 57 fift)

2074 1101 139 38 years:
2247 1082 152 44 Salvini
2430 1080 81 44 and
2558 1080 127 55 Irving
2732 1080 116 44 stand
2894 1080 85 44 well

2074 1144 132 44 above
2222 1144 99 43 their
2338 1142 330 54 contemporaries
2744 1139 82 44 and
2846 1158 134 38 proves

2074 1205 85 44 that
2191 1204 120 43 while
2343 1202 251 54 Democracy
2638 1218 91 38 may
2770 1200 56 44 do
2869 1202 112 43 much

2076 1277 41 33 to
2147 1265 104 44 level
2282 1280 118 38 many
2431 1262 127 55 things
2605 1261 134 45 which
2781 1260 103 45 need
2929 1261 36 45 le-

2076 1325 155 55 velling,
2263 1326 29 41 it
2323 1333 144 35 cannot
2500 1323 130 44 dwarf
2661 1322 133 54 genius
2824 1339 45 26 or
2890 1323 92 43 raise

2075 1386 122 45 talent
2229 1385 55 43 till
2304 1385 95 55 they
2419 1401 66 27 are
2506 1401 42 26 as
2568 1382 77 44 like
2666 1400 41 26 as
2728 1394 84 32 two
2834 1381 120 45 Demo-

2076 1449 120 43 cratic
2226 1447 88 55 pins
2343 1444 81 44 and
2456 1444 130 44 worth
2617 1461 25 25 a
2673 1442 77 44 like
2779 1459 103 28 sum.

2139 1507 146 55 Guitry
2316 1523 83 27 was
2440 1523 24 25 a
2511 1503 195 57 powerful
2753 1513 108 33 actor
2908 1501 78 45 and

2078 1585 139 38 power
2247 1569 31 42 is
2309 1585 24 24 a
2365 1564 150 57 quality
2546 1565 68 44 the
2645 1564 216 55 European
2881 1573 107 45 stage

2078 1647 75 25 can
2186 1628 38 44 ill
2255 1626 129 46 afford
2415 1637 42 33 to
2488 1626 82 43 lose
2601 1635 40 33 at
2680 1624 74 44 this
2800 1634 188 34 moment,

2081 1689 78 44 But
2191 1688 113 44 other
2335 1686 197 57 powerful
2577 1697 128 32 actors
2751 1684 80 44 will
2876 1700 114 28 come

2080 1762 43 32 to
2153 1749 53 44 fill
2238 1750 59 43 his
2328 1748 129 56 place.
2504 1746 123 44 After
2659 1746 93 56 they
2783 1745 105 43 have
2918 1762 49 38 ap-

2081 1809 148 57 peared
2262 1828 24 25 a
2317 1819 105 44 great
2454 1818 110 33 actor
2607 1806 80 44 will
2732 1823 163 38 appear.
2958 1805 35 44 It

2082 1875 31 40 is
2145 1889 51 26 an
2227 1870 68 45 old
2329 1868 98 44 trick
2457 1867 43 45 of
2531 1868 84 44 that
2647 1866 170 56 goddess
2857 1865 137 45 whom

2083 1950 55 28 no
2168 1950 77 26 one
2276 1931 137 43 denies
2535 1929 167 44 Nature.
2766 1926 84 45 She
2881 1926 114 56 plays

2084 1993 84 44 that
2200 1991 99 46 trick
2345 2002 42 32 to
2433 2000 71 46 put
2556 1988 68 45 the
2670 1989 239 43 sententious
2953 1985 43 46 in!

2083 2053 129 57 place,
2243 2063 43 33 to
2317 2051 97 44 curb
2445 2051 113 43 those
2589 2049 94 44 who
2714 2047 56 44 do
2806 2058 70 33 not
2923 2050 47 41 be-

2083 2115 103 44 lieve
2217 2113 85 44 that
2333 2113 133 54 genius
2497 2112 31 42 is
2565 2108 121 56 really
2727 2108 109 46 what
2875 2108 28 43 it
2949 2109 44 47 is,

2083 2186 70 34 not
2182 2174 148 54 having
2360 2190 24 26 a
2415 2173 182 54 capacity
2627 2181 42 33 to
2701 2169 203 55 recognize
2934 2169 44 43 it.

2144 2235 95 44 Too
2271 2251 118 38 many
2419 2232 45 44 of
2506 2240 26 16 44
2554 2232 91 43 Our
2692 2230 113 45 Paris
2850 2230 122 44 Corre-

2083 2295 217 57 spondents
2380 2294 103 44 have
2513 2291 192 46 snatched
2735 2309 44 25 as
2808 2308 26 26 a
2864 2289 133 45 theme

2085 2357 68 44 the
2184 2355 123 47 death
2337 2354 45 45 of
2412 2354 76 44 this
2529 2350 224 49 admirable
2798 2361 111 34 actor
2955 2361 41 33 to

2085 2417 150 45 deliver
2264 2433 78 27 one
2373 2432 109 27 more
2513 2413 91 45 kick
2634 2430 54 26 on
2719 2411 67 45 the
2816 2411 105 44 shins
2955 2409 44 45 of

2085 2478 168 48 Genius,
2286 2476 165 49 Nature,
2483 2474 69 44 the
2574 2474 131 49 Gods,
2727 2472 83 44 and
2831 2470 167 57 trample

2085 2556 55 26 on
2170 2539 68 44 the
2269 2548 84 33 toes
2382 2536 44 44 of
2456 2535 229 55 everything
2731 2532 81 45 and
2857 2548 116 39 every-

2086 2599 113 56 body
2231 2609 139 44 except
2405 2597 97 43 their
2531 2595 70 44 old
2633 2594 138 45 chums
2802 2592 96 45 who
2928 2609 68 27 are

2086 2662 41 42 in
2158 2660 68 44 the
2257 2660 188 47 business,
2476 2656 82 45 and
2580 2656 67 44 the
2666 2653 117 47 result
2803 2654 72 44 has
2895 2653 104 45 been

2086 2738 52 27 an
2170 2719 164 45 unusual
2365 2719 107 43 burst
2504 2717 43 44 of
2578 2733 128 28 error:
2739 2722 27 18 44
2787 2714 94 45 The
2902 2713 98 45 Last

2086 2782 44 43 of
2161 2781 67 45 the
2259 2780 141 43 Titans
2508 2786 24 16 44
2555 2778 92 46 Our
2693 2776 112 44 Paris
2835 2776 142 42 Corres-

2087 2842 179 56 pondent
2386 2839 42 44 of
2487 2856 78 26 one
2621 2853 234 39 newspaper
2908 2834 92 45 calls

2088 2903 175 55 Guitry;
2295 2900 165 45 another
2509 2908 25 16 44
2557 2898 67 46 the
2669 2907 167 47 greatest
2882 2895 118 55 living

2087 2975 110 33 actor
2385 2961 132 45 What
2551 2978 24 26 a
2622 2961 108 43 noise
2776 2957 153 45 around
2976 2973 24 26 a

2087 3042 101 38 poor
2219 3023 69 46 old
2320 3039 132 40 grave.

2881 3016 37 56 J.
2952 3015 45 45 S.

2189 4003 70 35 All
2281 4001 147 42 Rights
2451 3999 197 36 reserved.
2691 3998 96 41 July
2808 4005 106 33 1925.

2117 4066 165 34 Gerente
2305 4060 263 44 responsabile
2592 4058 174 36 Antonio
2790 4054 193 38 Maraini.

2212 4123 230 42 Tipografia
2472 4121 204 41 Giuntina,
2704 4120 180 34 Firenze,
