2992 4046
2072 333 278 51 TEK
2415 334 51 49 H
2532 334 52 49 N
2651 334 38 50 E

2617 3698 130 97 121

309 522 177 51 largeur
525 522 136 41 d'une
698 525 190 38 voiture.
928 521 73 41 On
1037 522 145 49 prend
1219 521 43 41 la
1298 524 175 37 voiture

310 587 240 38 intéressée
601 594 43 31 et
695 599 59 24 on
802 583 42 41 la
892 585 132 38 mène
1074 583 296 42 directement
1420 598 54 23 au

308 646 391 40 monte-voitures.
753 646 72 38 On
875 653 143 31 remet
1065 646 171 38 ensuite
1284 643 42 41 la
1374 658 74 33 pre-

310 707 137 40 mière
477 708 176 39 voiture
684 707 26 38 à
737 722 49 25 sa
813 703 141 51 place.

475 767 61 41 Le
583 783 164 34 garage
793 766 156 51 Guyot
996 785 24 23 a
1066 766 120 42 deux
1232 769 155 46 étages
1434 775 43 30 et

310 844 57 24 un
397 830 380 39 monte-voitures
808 827 112 42 dans
952 827 40 41 le
1021 827 150 41 milieu
1204 827 59 41 du
1293 843 177 34 garage.

311 889 62 42 La
399 893 176 38 voiture
601 891 124 40 vient
750 908 47 25 se
826 898 163 33 mettre
1016 893 26 37 à
1067 907 49 24 sa
1144 889 128 51 place
1300 906 82 33 par
1407 905 69 23 ses

310 965 190 35 propres
537 965 203 36 moyens.
782 950 62 42 Le
881 952 356 40 monte-voiture
1275 964 167 25 commu-

311 1016 134 46 nique
489 1030 87 23 aux
617 1015 152 48 étages
811 1029 81 34 par
935 1011 81 43 des
1056 1011 265 51 passerelles
1365 1011 112 41 fixes

313 1091 110 24 avec
458 1073 79 42 des
572 1073 190 41 balcons
796 1089 125 26 assez
954 1072 144 52 larges
1142 1073 52 49 (8
1230 1076 26 38 à
1297 1072 53 41 10
1385 1075 61 37 mè-

312 1135 113 50 tres)
470 1152 74 26 sur
578 1133 195 52 lesquels
809 1135 64 41 les
909 1137 198 39 voitures
1142 1142 201 43 peuvent
1378 1150 75 24 rou-

314 1196 64 41 ler
419 1205 44 32 et
505 1213 47 24 se
592 1203 164 34 mettre
797 1212 58 25 en
896 1194 141 52 place.
1080 1195 61 42 Le
1182 1203 299 31 mouvement

315 1257 270 42 transversal
623 1259 252 39 nécessaire
912 1274 115 35 pour
1065 1256 109 42 aller
1209 1258 60 42 du
1305 1264 147 33 monte-

311 1322 201 39 voitures
541 1336 88 25 aux
656 1317 188 53 galeries
874 1335 47 25 se
949 1319 81 41 fait
1056 1336 72 25 sur
1156 1318 79 43 des
1263 1317 192 52 passerel-

315 1380 77 42 les.
430 1380 64 42 La
526 1383 177 38 voiture
740 1389 66 32 est
840 1397 56 24 en
933 1380 113 42 effet
1082 1380 113 42 dans
1229 1380 40 41 le
1306 1387 147 33 monte-

313 1443 200 40 voitures
539 1441 159 52 placée
722 1458 75 25 sur
823 1459 59 24 un
912 1441 172 43 chariot
1112 1443 85 49 qui,
1230 1441 183 49 lorsque
1441 1440 42 41 la

314 1505 178 40 voiture
542 1512 67 32 est
661 1505 171 41 arrivée
884 1507 25 38 à
961 1502 175 52 l'étage,
1194 1520 47 24 se
1293 1502 190 51 déplace

317 1565 431 42 transversalement
796 1581 72 25 sur
921 1564 80 42 des
1048 1564 101 42 rails
1197 1580 181 25 comme
1427 1581 57 24 un

315 1636 115 42 pont
460 1626 338 43 transbordeur.
832 1626 102 43 Une
966 1627 86 42 fois
1080 1644 74 25 sur
1183 1626 65 41 les
1279 1626 203 50 balcons,

319 1687 42 43 la
393 1691 178 39 voiture
606 1705 47 25 se
691 1697 143 33 remet
870 1706 54 24 en
961 1688 182 43 marche
1180 1697 44 32 et
1258 1705 146 33 gagne
1438 1704 47 25 sa

314 1750 144 51 place.

464 1811 61 42 Le
552 1812 177 41 dernier
755 1820 108 42 type
889 1811 60 42 du
977 1830 165 33 garage
1172 1829 110 24 avec
1308 1822 147 31 monte-

319 1876 202 38 voitures
562 1883 66 31 est
670 1872 42 42 le
754 1890 166 34 garage
959 1872 118 52 Siva,
1120 1890 76 24 rue
1239 1874 58 41 de
1338 1872 149 42 Rome

326 1934 101 51 (fig.
463 1934 54 51 4)
559 1934 128 43 élevé
718 1935 57 42 de
806 1938 107 38 trois
945 1938 155 48 étages
1131 1953 72 24 sur
1232 1952 59 24 un
1323 1938 163 38 terrain

318 1997 204 50 profond
550 1996 58 43 de
634 1995 61 43 48
722 1996 167 42 mètres
917 2006 44 32 et
985 1996 124 52 large
1134 1995 58 43 de
1225 1996 10 42 1
1253 1995 27 42 6
1307 1998 179 47 mètres,

320 2059 63 41 les
414 2058 187 51 façades
630 2076 72 24 sur
732 2058 119 42 deux
879 2075 101 25 rues
1010 2061 124 39 étant
1163 2076 73 24 sur
1263 2058 63 42 les
1352 2060 136 49 petits

319 2123 137 40 côtés.
496 2120 85 42 Les
613 2123 200 39 voitures
847 2128 103 35 sont
983 2128 287 34 exactement
1301 2122 189 48 rangées

319 2198 183 25 comme
550 2182 115 42 dans
714 2180 43 43 la
803 2182 144 50 figure
996 2182 40 46 2,
1088 2182 189 50 figurine
1327 2180 39 42 3.
1417 2180 72 42 Un

319 2245 382 41 monte-voitures
738 2253 66 32 est
838 2243 130 52 placé
1004 2243 113 42 dans
1150 2243 40 42 le
1227 2243 115 43 foind
1378 2260 113 25 avec

319 2309 130 38 accès
481 2304 142 43 direct
651 2322 75 26 sur
757 2306 44 42 la
833 2323 77 24 rue
942 2306 43 41 la
1015 2308 147 41 moins
1192 2308 298 47 importante;

322 2384 58 25 un
413 2377 126 33 autre
568 2386 48 24 se
648 2376 160 33 trouve
842 2370 103 47 près
976 2366 58 43 de
1068 2366 187 42 l'entrée
1288 2366 116 42 dans
1433 2384 58 24 un

323 2429 143 43 redan
505 2432 75 48 qui
618 2429 59 42 lui
715 2438 180 43 permet
932 2429 58 42 de
1027 2438 184 33 trouver
1249 2446 83 25 son
1371 2428 98 51 loge-

325 2499 138 33 ment.
508 2491 130 42 Ainsi
679 2509 54 24 en
773 2509 77 24 cas
888 2491 57 42 de
987 2507 151 35 panne
1183 2489 56 43 de
1279 2490 92 42 l'un
1415 2490 81 42 des

327 2554 394 51 monte-voitures,
765 2551 162 43 l'autre
969 2561 178 43 permet
1190 2550 225 43 d'assurer
1457 2550 42 41 la

326 2632 282 28 manœuvre.

383 2676 44 43 A
460 2680 106 39 côté
601 2694 47 24 se
686 2685 214 33 trouvent
933 2676 63 42 les
1029 2677 232 41 vestiaires
1295 2684 44 34 et
1374 2674 98 42 lava-

326 2739 85 42 bos
441 2738 80 43 des
548 2738 171 43 clients.

385 2800 134 42 Cette
546 2799 287 52 profondeur
865 2800 57 42 de
952 2797 62 44 48
1044 2802 166 40 mètres
1238 2815 103 25 sans
1371 2798 106 42 éclai-

328 2878 107 36 rage
465 2871 67 33 est
561 2880 60 24 un
651 2864 250 40 maximum
930 2860 138 51 qu'on
1102 2879 55 24 ne
1189 2864 203 48 pour*ait
1423 2859 50 41 dé-

331 2942 157 34 passer
526 2942 104 25 sans
670 2925 125 42 nuire
834 2942 57 25 au
930 2923 96 42 bon
1066 2923 223 51 éclairage
1326 2923 60 42 du
1426 2939 50 34 ga-

330 3003 119 36 rage.

522 3119 301 44 GARAGES
855 3118 171 43 AVEC
1060 3118 249 43 RAMPES

387 3208 85 42 Les
509 3222 181 35 rampes
731 3215 80 33 ont
849 3205 260 50 l'avantage
1150 3203 57 43 de
1246 3205 254 49 supprimer

331 3280 102 34 tous
477 3270 64 43 les
585 3269 346 43 inconvénients
976 3267 56 42 de
1076 3283 151 35 panne
1272 3265 228 42 inhérents

334 3351 88 25 aux
461 3330 350 44 transbordeurs
848 3338 44 34 et
930 3346 270 28 ascenseurs.
1244 3327 125 41 Nous
1409 3329 70 38 étu-

336 3394 183 42 dierons
554 3392 116 44 dans
701 3408 59 27 un
797 3400 125 33 autre
955 3389 154 44 article
1141 3389 42 43 le
1215 3392 99 48 prix
1347 3388 57 42 de
1438 3404 43 24 re-

336 3459 122 41 vient
490 3456 109 43 d'un
629 3471 168 35 garage
827 3452 115 45 dans
971 3452 63 43 les
1065 3451 120 43 deux
1214 3468 74 24 cas
1326 3450 152 51 (ascen-

1542 533 120 24 seurs
1705 524 43 32 et
1792 515 225 49 rampes).
2066 515 29 42 Il
2140 533 28 33 y
2212 533 24 24 a
2278 516 42 41 là
2362 521 116 45 sujet
2523 521 24 37 à
2590 534 78 23 con-

1545 587 212 31 troverse.

1599 648 61 42 Le
1709 650 195 48 premier
1953 664 165 36 garage
2170 665 109 25 avec
2328 665 179 32 rampes
2554 668 26 23 a
2628 652 67 37 été

1545 712 230 49 construit,
1821 718 98 32 tout
1959 728 57 23 au
2061 709 140 43 début
2243 710 59 41 du
2346 710 143 50 siècle,
2536 728 79 33 pa*
2660 710 41 41 la

1546 775 271 47 compagnie
1853 771 79 42 des
1967 771 292 50 Autoplaces.
2297 771 28 42 Il
2361 790 24 23 a
2415 775 100 46 cinq
2551 775 151 47 étages

1547 842 42 32 et
1616 842 107 42 peut
1747 832 166 42 abriter
1940 831 99 51 plus
2069 832 57 42 de
2161 832 136 46 1,000
2327 834 198 40 voitures
2560 851 7 23 :
2596 833 108 40 c'est

1548 895 121 41 donc
1693 911 85 24 une
1806 893 255 42 réalisation
2088 893 324 42 considérable.
2442 893 123 42 Nous
2591 894 84 41 don-

1550 973 115 24 nons
1707 955 40 41 le
1792 955 105 50 plan
1943 955 305 49 schématique
2302 954 99 51 (fig.
2453 954 51 49 3)
2557 956 55 38 de
2656 970 51 25 ce

1549 1016 114 42 beau
1695 1034 177 33 garage.
1906 1015 100 41 Une
2040 1024 267 34 avant-cour
2335 1015 195 51 précède
2561 1015 39 41 le
2631 1033 49 33 ga-

1550 1093 6 23 :
1571 1095 83 33 âge
1681 1081 163 38 même.
1877 1077 73 41 On
1978 1094 28 33 y
2036 1076 198 51 procède
2264 1095 54 23 au
2349 1076 202 42 contrôle
2580 1075 101 42 d'en-

1550 1142 94 38 trée
1672 1148 44 32 et
1745 1138 57 42 de
1829 1141 136 39 sortie
1993 1138 79 42 des
2098 1141 210 48 voitures,
2337 1156 54 24 au
2419 1136 288 51 remplissage

1550 1200 81 43 des
1669 1201 241 40 réservoirs
1950 1203 25 38 à
2012 1216 181 24 essence
2230 1216 80 34 par
2355 1199 10 41 1
2384 1199 21 42 5
2449 1208 164 41 postes.

1608 1274 60 40 Le
1700 1277 162 38 terrain
1895 1276 122 37 étant
2045 1274 133 39 étroit
2205 1281 42 31 et
2277 1270 213 52 profond,
2524 1272 39 40 le
2592 1274 95 47 prin-

1550 1338 98 47 cipe
1687 1335 171 49 adopté
1898 1343 65 32 est
2000 1334 41 41 le
2077 1335 177 40 suivant
2277 1351 8 23 :
2328 1333 118 42 deux
2483 1350 131 33 corps
2653 1331 58 41 de

1550 1396 237 50 bâtiment,
1837 1396 143 50 larges
2029 1396 170 40 chacun
2249 1395 55 41 de
2354 1394 119 42 deux
2520 1396 187 43 travées,

1552 1467 206 42 pouvant
1799 1458 120 41 donc
1958 1460 200 38 recevoir
2196 1456 26 41 4
2266 1456 99 42 files
2404 1456 55 41 de
2499 1458 211 45 voitures,

1550 1528 105 32 sont
1679 1522 183 48 séparés
1888 1536 82 34 par
1996 1535 87 25 une
2112 1535 155 33 rampe
2299 1518 146 41 droite
2471 1528 43 31 et
2540 1517 148 41 desser-

1553 1590 111 33 vant
1698 1597 103 25 sans
1839 1580 140 51 palier
2018 1580 115 42 dans
2168 1597 82 23 son
2290 1596 212 34 parcours
2540 1578 175 49 chaque

1556 1646 129 48 étage
1734 1660 87 24 aux
1864 1642 164 51 paliers
2074 1641 32 41 B
2152 1641 36 40 C
2236 1640 40 41 D
2323 1639 46 42 E.
2421 1640 65 41 La
2528 1640 188 41 hauteur

1558 1704 180 50 d'étage
1771 1706 176 39 variant
1981 1712 124 32 entre
2145 1702 22 41 3
2206 1704 164 38 mètres
2403 1711 43 31 et
2485 1701 21 41 3
2544 1717 56 23 m.
2641 1699 74 48 50,

1556 1766 62 41 les
1646 1766 244 51 longueurs
1917 1765 56 41 de
2003 1780 156 33 rampe
2190 1764 56 41 de
2276 1764 41 40 A
2347 1781 54 23 en
2433 1763 46 49 B,
2508 1763 57 41 de
2598 1763 30 40 B
2661 1778 53 24 en

1556 1829 49 46 C,
1641 1837 101 42 etc.,
1774 1836 102 33 sont
1909 1827 149 51 égales
2098 1825 86 51 (30
2218 1825 211 49 mètres).

1614 1890 62 41 La
1707 1907 158 32 rampe
1895 1897 155 31 monte
2078 1890 24 38 à
2137 1887 54 41 10
2223 1885 109 51 0/0,
2361 1884 84 42 elle
2475 1894 174 43 permet
2679 1884 38 39 le

1557 1968 191 35 passage
1777 1951 57 41 de
1865 1951 22 40 2
1918 1953 211 46 voitures,
2158 1950 87 40 soit
2276 1948 25 41 4
2335 1950 183 43 mètres;
2546 1944 174 44 bordée

1561 2013 56 42 de
1656 2013 120 42 deux
1811 2015 136 48 petits
1982 2013 212 44 trottoirs,
2236 2010 83 41 elle
2359 2011 80 40 fait
2476 2008 249 41 demi-tour

1563 2093 55 24 au
1663 2078 248 47 quatrième
1954 2076 131 49 étage
2126 2090 115 33 pou:
2286 2071 223 42 atteindre
2553 2071 39 40 le
2634 2071 69 38 cin-

1561 2138 191 47 quième.

1618 2209 131 41 Cette
1795 2209 28 41 d
1843 2210 233 48 sposition,
2126 2206 121 42 seule
2291 2203 277 50 compatible
2615 2219 108 26 avec

1562 2288 58 24 un
1668 2269 143 53 grand
1859 2286 177 34 garage,
2088 2269 214 40 nécessite
2351 2284 57 24 un
2459 2268 161 39 terrain
2668 2264 53 41 de

1565 2332 59 42 60
1658 2334 165 39 mètres
1856 2349 71 23 sur
1970 2330 87 41 100
2093 2332 165 38 mètres
2291 2331 201 42 environ.

1622 2394 275 51 L'éclairage
1930 2410 48 24 se
2010 2393 80 41 fait
2124 2408 72 24 su:
2232 2392 61 40 les
2328 2389 166 52 grands
2526 2391 123 40 côtés
2682 2396 42 33 e'c

1564 2474 72 24 sur
1666 2456 43 41 la
1738 2472 171 34 rampe,
1942 2473 50 23 ce
2024 2456 72 48 qui
2130 2471 55 23 ne
2217 2453 127 40 laisse
2375 2469 82 33 pas
2490 2450 26 41 d
2539 2454 91 38 être
2663 2453 44 37 in-

1565 2516 203 50 complet
1804 2534 114 34 pour
1954 2516 64 42 les
2054 2518 153 48 étages
2245 2513 230 42 inférieurs
2514 2511 111 42 dans
2665 2511 62 40 les

1564 2584 169 47 parties
1768 2581 163 41 situées
1963 2577 266 42 au-dessous
2263 2577 59 40 du
2359 2575 138 51 palier
2532 2573 45 42 E.

1625 2642 131 42 Cette
1792 2641 197 41 solution
2029 2648 64 33 est
2134 2639 136 40 d'une
2306 2636 234 51 simplicité
2579 2638 72 46 qui
2687 2634 41 40 la

1568 2703 111 43 rend
1726 2703 106 42 bien
1881 2702 270 42 séduisante.
2202 2700 83 41 Les
2331 2702 126 38 voitu
2483 2715 43 24 es
2574 2705 153 32 tenant

1569 2765 95 42 leur
1702 2765 146 41 droite
1888 2772 198 33 rentrent
2127 2760 112 43 dans
2280 2761 64 42 les
2380 2763 151 46 étages
2567 2775 81 33 par
2690 2758 39 40 le

1569 2827 143 53 palier
1750 2827 59 42 de
1851 2826 145 41 droite
2039 2834 211 42 ,gagnent
2291 2822 92 42 leur
2424 2822 127 50 place
2593 2829 42 31 et
2675 2835 53 24 en

1570 2897 231 44 repatent
1851 2905 56 24 en
1956 2888 163 41 faisant
2168 2902 57 24 un
2276 2883 142 52 grand
2470 2892 99 31 tour
2619 2881 113 40 dans

1571 2952 166 51 l'étage
1773 2967 115 34 pour
1926 2951 202 40 ressortir
2165 2964 81 33 par
2282 2946 39 41 le
2357 2944 139 52 palier
2534 2943 57 41 de
2628 2960 78 33 gau-

1573 3014 95 42 che.
1704 3014 128 41 Ainsi
1866 3020 104 32 sont
2004 3012 152 47 évités,
2192 3026 82 33 par
2305 3007 42 41 la
2379 3007 256 41 réalisation
2673 3003 59 42 du

1573 3092 103 26 sens
1717 3076 180 49 unique,
1942 3081 100 32 tous
2085 3073 292 39 croisements
2420 3071 73 47 qui
2535 3072 200 46 peuvent

1573 3146 44 33 et
1644 3155 23 24 e
1702 3137 260 49 dangereux
1994 3149 72 26 sur
2098 3133 44 41 la
2175 3148 169 34 rampe.

1631 3199 132 42 Cette
1797 3199 271 49 compagnie
2105 3212 23 24 a
2164 3194 216 41 construit
2417 3208 54 26 en
2518 3188 120 43 1914
2678 3206 58 23 un

1575 3278 164 35 garage
1800 3260 57 41 de
1918 3257 91 42 500
2069 3259 198 39 voitures
2327 3271 77 24 rue
2463 3252 275 42 Frémicourt

1582 3322 100 52 (fig.
1715 3321 91 50 V).
1843 3320 83 42 Les
1956 3320 248 40 bâtiments
2234 3325 103 33 sont
2368 3314 133 43 isolés
2534 3313 79 42 des
2641 3313 74 40 voi-

1572 3386 91 40 sins
1705 3393 57 42 et,
1809 3384 56 41 de
1910 3399 49 25 ce
2008 3382 92 44 fait,
2151 3382 88 38 très
2282 3378 140 41 clairs.
2474 3376 61 42 La
2581 3389 156 35 rampe

1575 3453 155 34 monte
1777 3448 25 39 à
1847 3443 25 42 8
1923 3442 108 50 0/0.
2078 3440 184 43 Malheu
2290 3447 232 33 eusement
2568 3436 42 42 la
2654 3435 63 41 lar-

334 3623 515 54 SUPPLEMENT
917 3622 110 51 AU
1092 3617 331 54 VOLUME
1484 3614 101 54 VI.
1783 3613 79 49 N°
1930 3613 28 48 8
2020 3612 101 48 DE
2191 3627 29 32 «
2282 3608 98 49 LA
2442 3604 178 51 CITE
2687 3621 48 30 ».
