2992 4046
415 3640 134 73 82

566 305 157 70 LA
834 303 360 78 CITE.

1432 301 293 80 VOL.
1828 302 142 83 VI.

2214 304 64 70 N
2331 304 64 71 U
2448 304 95 74 M.
2648 305 62 71 8

558 555 204 64 signifie
795 554 241 63 procédés
1067 554 289 55 modernes,
1394 554 227 51 division
1658 554 71 49 du
1764 554 188 49 travail
1989 568 49 35 et
2072 555 353 50 machinisme.
2462 555 103 51 J'ai

563 640 133 50 donc
733 639 137 51 tenté
907 657 99 32 une
1041 638 292 63 expérience
1370 654 49 36 et
1452 639 92 50 elle
1580 652 71 37 est
1687 639 321 48 concluante.
2049 638 96 51 Les
2181 639 199 51 ateliers
2416 657 120 45 orga-

557 723 129 49 nisés
717 741 139 44 pour
883 724 50 48 la
963 739 170 46 grosse
1163 723 339 62 production,
1533 723 70 49 les
1634 722 261 50 machines
1926 723 363 49 actuellement
2321 741 61 31 en
2416 741 150 45 usage

555 822 121 35 sont
715 808 237 62 capables
987 807 291 50 d'exécuter
1311 826 50 31 ce
1397 826 102 45 que
1532 824 135 33 vous
1704 824 185 46 voyez.
1928 807 141 50 Mais
2109 824 136 35 vous
2280 808 160 52 n'êtes
2474 826 92 45 pas

555 909 136 32 venu
729 911 139 44 pour
905 893 167 61 parler
1109 890 211 53 affaires
1358 906 48 37 et
1442 893 49 62 je
1530 893 232 50 n'insiste
1800 909 108 46 pas.

802 990 154 49 Parce
982 1006 102 46 que
1110 1006 135 33 vous
1269 1007 81 33 me
1376 1007 189 46 prenez
1591 1007 139 46 pour
1757 1007 71 32 un
1853 990 240 63 profane.
2126 991 141 51 C'est
2298 991 264 49 d'ailleurs

550 1087 160 36 avant
745 1086 120 38 tout
895 1075 44 48 le
969 1073 111 50 côté
1112 1073 285 64 esthétique
1428 1076 93 62 qui
1554 1073 326 52 m'intéresse.
1917 1075 382 52 Pouvez-vous
2331 1076 230 63 justifier

547 1160 242 49 certaines
818 1158 195 51 formes
1044 1177 102 46 que
1175 1160 165 50 voici?

806 1256 115 50 Mes
956 1256 229 51 meubles
1217 1271 97 36 ont
1347 1256 75 51 été
1455 1256 231 51 exécutés
1719 1257 61 50 de
1841 1257 485 53 l'intérieur
2386 1275 172 35 vers

544 1339 50 51 1'
642 1339 442 52 extérieur.
1141 1340 62 51 Je
1231 1341 99 50 sais
1356 1359 101 46 que
1485 1343 93 49 ceci
1606 1355 73 37 est
1709 1343 202 49 devenu
1945 1359 71 34 un
2045 1341 156 52 cliché
2231 1360 142 46 pour
2397 1343 129 50 moti-

543 1443 87 32 ver
665 1426 244 50 certaines
943 1425 268 52 fantaisies
1244 1428 264 63 cubiques.
1550 1428 72 50 Ce
1657 1429 132 49 n'est
1824 1445 95 47 pas
1954 1429 47 53 le
2035 1445 84 35 cas
2149 1429 79 51 ici.
2267 1429 290 51 L'armoire

541 1510 60 50 de
632 1513 48 48 la
715 1510 242 51 chambre
990 1511 26 50 à
1047 1511 220 51 coucher
1297 1531 136 33 vous
1464 1532 59 32 en
1557 1514 328 51 convaincra.
1921 1514 105 51 J'ai
2060 1515 226 51 d'abord
2319 1514 238 65 envisagé

543 1597 45 48 la
624 1595 259 57 fonction,
921 1597 45 49 le
997 1597 115 55 but,
1150 1599 48 48 la
1231 1598 323 52 destination
1589 1600 71 50 du
1697 1599 205 51 meuble
1936 1614 48 36 et
2018 1602 136 48 aussi
2190 1602 71 49 les
2295 1599 262 52 nécessités

541 1680 299 64 techniques
888 1680 85 51 des
1023 1682 251 56 matières,
1328 1683 61 51 de
1438 1684 50 50 la
1536 1684 422 56 main-d'œuvre,
2013 1684 88 51 des
2153 1684 263 52 machines
2466 1702 94 44 qui

536 1764 242 52 devaient
808 1779 277 50 permettre
1118 1768 47 50 la
1198 1767 314 53 réalisation.

803 1863 387 60 Evidemment,
1234 1866 35 49 il
1307 1879 74 38 est
1419 1867 191 51 certain
1653 1884 100 47 que
1791 1867 50 50 la
1878 1867 240 51 machine
2157 1867 269 52 n'exécute
2463 1886 93 47 pas

535 1961 122 38 tout
685 1966 51 33 ce
764 1948 169 64 qu'on
962 1964 180 38 veut...

788 2058 155 50 Vous
963 2077 212 45 pouvez
1198 2060 170 62 exiger
1392 2061 60 50 de
1480 2061 48 50 la
1552 2061 237 51 machine
1813 2079 95 33 son
1932 2061 122 64 plus
2076 2063 134 50 haut
2233 2063 318 57 rendement,

534 2141 131 51 mais
698 2143 35 49 il
769 2155 75 38 est
877 2144 221 51 absurde
1131 2158 48 38 et
1212 2144 300 65 dangereux
1547 2145 61 51 de
1643 2146 76 51 lui
1753 2146 230 65 imposer
2017 2148 88 51 des
2139 2148 300 52 acrobaties.
2481 2146 72 51 Ce

536 2228 196 51 faisant
765 2247 135 32 vous
934 2230 267 50 retombez
1232 2230 132 51 dans
1397 2232 213 49 l'erreur
1641 2233 85 49 des
1762 2233 160 63 styles
1952 2233 172 63 passés
2157 2247 49 37 et
2239 2249 136 35 vous
2407 2249 109 33 com-

531 2327 292 48 promettez
850 2317 48 48 la
925 2314 212 64 qualité.
1166 2315 104 51 J'ai
1296 2315 171 52 étudié
1494 2317 136 50 donc
1654 2334 52 35 ce
1730 2318 201 63 qu'une
1955 2318 255 56 machine,
2242 2336 74 33 un
2342 2318 211 52 ouvrier

531 2412 230 48 peuvent
794 2398 214 52 fournir
1041 2400 61 51 de
1135 2402 205 56 travail,
1377 2420 50 33 ce
1458 2403 171 64 qu'un
1664 2403 255 51 matériau
1956 2418 130 50 peut
2119 2403 161 51 offrir
2311 2404 61 55 de
2406 2403 118 51 résis-

531 2497 145 42 tance
709 2498 50 37 et
789 2486 61 49 de
882 2486 154 50 durée
1066 2501 164 38 avant
1262 2488 61 51 de
1354 2501 162 39 tracer
1547 2506 103 34 une
1681 2491 138 53 seule
1850 2489 141 65 ligne
2022 2507 89 33 sur
2140 2491 45 49 le
2217 2489 196 65 papier.
2452 2489 99 51 Les

528 2569 302 52 différentes
865 2571 165 52 forces
1065 2573 293 65 employées
1395 2588 98 39 ont
1528 2576 370 51 certainement
1936 2576 263 52 influencé
2236 2577 214 64 l'aspect
2488 2576 61 51 de

526 2672 107 35 mes
658 2657 247 51 meubles.
938 2657 205 52 Tâcher
1171 2660 267 52 d'obtenir
1467 2679 74 33 un
1570 2675 149 42 autre
1748 2661 220 53 résultat
1994 2676 91 37 eut
2111 2661 76 52 été
2215 2680 74 34 un
2318 2680 231 47 manque

526 2741 60 51 de
629 2742 246 59 sincérité,
924 2761 100 34 une
1067 2745 252 53 véritable
1363 2747 202 52 fraude.
1612 2748 62 51 Je
1719 2748 108 53 n'ai
1870 2766 96 47 pas
2008 2750 169 51 voulu
2223 2768 104 33 une
2368 2748 180 66 façade

525 2827 302 65 esthétique,
856 2846 84 35 car
961 2830 226 65 j'estime
1211 2832 133 64 qu'il
1370 2846 74 38 est
1471 2834 188 52 inutile
1688 2835 64 52 de
1778 2834 238 52 chercher
2041 2835 27 51 à
2095 2835 133 52 créer
2251 2836 88 51 des
2364 2835 184 52 détails

524 2914 317 53 fantaisistes
867 2916 208 52 d'ordre
1100 2917 305 66 esthétique,
1437 2921 81 51 s'il
1546 2920 123 53 faut
1695 2921 72 51 les
1792 2920 237 53 exécuter
2055 2939 107 34 aux
2190 2921 193 66 dépens
2410 2922 62 53 de
2497 2922 51 64 je

522 3016 64 33 ne
632 3000 99 52 sais
776 3001 240 52 combien
1067 3002 62 53 de
1178 3004 227 53 facteurs
1453 3006 94 64 qui
1597 3005 248 66 régissent
1889 3009 51 51 la
1985 3009 362 52 construction
2398 3023 51 38 et
2496 3010 50 51 la

521 3085 337 64 production.
892 3088 74 52 Le
991 3090 252 52 moderne
1272 3089 165 67 réagit
1464 3105 181 42 contre
1673 3093 315 54 l'ornement
2017 3112 121 34 sans
2170 3095 198 57 raison;
2402 3095 51 65 je
2482 3113 64 33 ne

522 3171 120 63 puis
674 3173 135 52 donc
844 3174 255 53 admettre
1129 3178 116 52 l'un
1281 3195 119 35 sans
1430 3180 206 51 exclure
1672 3180 202 52 l'autre.
1913 3180 202 66 Quand
2149 3201 71 34 on
2256 3198 149 36 verra
2438 3199 108 36 mes

521 3256 230 53 meubles
792 3277 71 33 on
906 3262 339 64 m'appellera
1292 3264 222 57 cubiste;
1564 3265 103 52 cela
1711 3267 154 52 m'est
1905 3265 127 66 égal.
2081 3268 119 65 Que
2239 3268 114 52 l'on
2398 3268 146 52 sache

521 3357 261 49 pourtant
809 3363 102 47 que
939 3364 142 47 pour
1108 3349 112 52 moi
1250 3350 51 51 la
1331 3349 417 55 cubistification
1780 3367 75 39 est
1885 3354 136 52 aussi
2054 3356 358 52 ornementale
2441 3372 103 47 que

521 3428 287 66 n'importe
831 3434 119 62 quel
981 3447 147 39 autre
1154 3436 136 65 style
1315 3436 28 52 à
1372 3451 314 40 ornements.
