2992 4046
558 314 159 73 LA
826 314 364 81 CITE.

1433 315 289 80 VOL.
1827 315 143 84 VI.

2218 318 65 71 N
2336 319 65 71 U
2454 321 96 73 M.
2656 323 62 71 8

418 3665 133 75 78

550 582 59 33 en
644 577 175 38 toutes
848 564 177 51 choses
1061 567 136 48 leurs
1232 566 364 50 affirmations
1628 580 123 36 sont
1785 583 68 33 au
1889 567 176 51 moins
2100 568 369 52 ahurissantes.
2507 571 70 49 Ils

550 663 327 51 accepteront
909 667 119 33 sans
1060 651 290 51 discussion
1386 665 121 38 tout
1538 668 53 34 ce
1624 652 94 65 qui
1751 666 75 37 est
1860 653 177 56 vieux,
2076 653 84 51 usé
2216 668 51 37 et
2298 655 171 50 classé.
2505 655 72 50 Le

547 749 126 36 reste
697 749 75 36 est
798 735 144 55 folie,
971 736 155 51 mode
1150 754 73 33 ou
1253 737 250 51 tendance
1534 737 291 51 immorale.
1854 738 217 51 N'est-il
2096 756 96 46 pas
2218 741 233 56 curieux,
2481 757 96 47 par

546 822 250 64 exemple,
834 839 102 47 que
971 822 50 50 la
1058 823 219 63 plupart
1313 823 87 51 des
1436 841 123 47 gens
1594 825 189 49 vivant
1820 825 61 51 de
1917 826 49 50 la
2002 826 80 50 vie
2121 827 250 51 moderne
2406 827 170 51 soient

544 906 390 51 antimodernes
961 909 243 62 lorsqu'il
1235 909 154 63 s'agit
1425 910 167 49 d'art?
1629 910 45 49 Il
1707 928 34 45 y
1773 928 26 33 a
1832 925 117 37 cent
1981 929 94 34 ans
2104 929 72 33 on
2211 912 156 52 disait
2397 912 117 64 déjà
2547 914 28 49 à

542 1010 202 46 propos
772 994 87 49 des
886 995 226 62 peintres
1144 1008 49 36 et
1220 995 179 65 poètes
1431 996 362 64 romantiques
1831 1013 10 24 :
1884 1015 31 33 «
1952 999 143 50 C'est
2124 999 215 50 curieux
2372 1016 203 35 comme

542 1079 69 49 les
640 1079 348 63 républicains
1013 1094 125 38 sont
1167 1080 399 53 réactionnaires
1591 1100 61 33 en
1679 1083 188 63 poésie,
1900 1102 67 33 au
2001 1084 215 57 théâtre,
2246 1103 68 33 au
2339 1086 168 51 salon.
2542 1104 31 32 »

696 1176 363 58 J'examinais,
1125 1196 119 33 avec
1306 1197 72 33 un
1441 1179 187 52 intérêt
1693 1182 184 49 visible
1938 1183 423 63 probablement,
2425 1184 119 64 quel-

539 1279 126 47 ques
699 1264 418 62 photographies
1148 1282 101 46 que
1280 1267 178 49 venait
1488 1267 61 50 de
1581 1268 307 62 m'envoyer
1919 1286 129 33 mon
2081 1269 106 51 ami
2217 1270 155 51 Karel
2404 1270 165 51 Maes.

539 1349 44 48 Il
613 1367 33 44 y
678 1349 142 51 avait
849 1350 49 50 là
927 1350 86 50 des
1041 1350 282 64 peintures,
1353 1352 88 51 des
1470 1354 248 55 meubles,
1751 1353 88 52 des
1867 1356 299 50 ensembles.
2203 1357 93 51 Un
2329 1358 245 50 indiscret

538 1452 50 32 se
618 1437 201 61 pencha
852 1453 98 46 par
983 1437 175 51 dessus
1193 1455 130 34 mon
1357 1438 183 65 épaule
1574 1455 65 40 et,
1677 1458 83 33 me
1798 1455 331 44 retournant,
2166 1443 51 64 je
2250 1444 79 50 vis
2363 1462 97 33 son
2496 1444 77 51 air

536 1519 176 52 effaré.

800 1618 269 65 Qu'est-ce
1101 1639 100 45 que
1233 1622 120 51 c'est
1384 1640 102 46 que
1520 1624 85 63 çà?
1649 1625 105 51 Des
1787 1626 232 51 meubles
2052 1627 248 52 cubistes!

800 1718 118 50 Ceci
953 1733 74 35 est
1059 1737 100 33 une
1191 1720 326 64 garde-robe.

798 1804 141 51 Mais
971 1805 121 51 c'est
1129 1823 71 33 un
1235 1806 336 52 coffre-fort!
1609 1809 73 51 Ce
1718 1810 133 50 n'est
1888 1828 95 47 pas
2019 1810 150 52 beau.
2206 1811 227 54 Avouez
2469 1832 101 46 que

533 1889 100 49 cela
661 1907 230 45 manque
917 1890 303 65 d'élégance.
1251 1893 42 51 Il
1322 1894 94 64 n'y
1444 1912 26 32 a
1497 1894 166 52 même
1689 1913 96 47 pas
1809 1897 61 50 de
1898 1898 163 65 pieds.
2091 1898 80 66 Çà
2199 1917 178 47 repose
2405 1918 89 34 sur
2526 1902 44 49 le

532 1975 76 49 sol
641 1992 202 33 comme
873 1994 72 32 un
975 1978 282 63 comptoir,
1290 1997 23 32 c
1337 1993 74 37 est
1439 1980 160 51 lourd
1625 1999 203 33 comme
1863 2001 71 31 un
1972 1984 268 52 tombeau.
2273 1985 103 51 Pas
2402 1987 167 51 même

536 2078 97 32 une
680 2063 261 56 moulure,
986 2081 97 47 pas
1129 2082 99 33 une
1273 2065 138 64 ligne
1456 2082 292 37 amusante.
1797 2069 515 65 Représentez-vous
2356 2091 50 33 ce
2451 2074 119 50 bloc

533 2148 131 50 dans
699 2166 99 33 une
830 2149 248 52 chambre
1108 2152 28 51 à
1174 2153 243 51 coucher!
1458 2154 147 59 Non,
1640 2157 56 62 çà
1729 2175 63 33 ne
1827 2158 178 62 garnit
2037 2176 110 47 pas,
2184 2177 130 38 non,
2352 2179 50 33 ce
2436 2162 133 50 n'est

529 2251 93 46 pas
646 2233 149 53 beau,

796 2333 118 65 Que
947 2336 137 51 dire?
1124 2337 64 52 Se
1219 2339 143 52 taire.
1400 2340 110 51 Car
1541 2340 66 52 ils
1642 2341 194 52 étaient
1868 2344 261 63 plusieurs
2164 2360 48 42 et
2248 2346 49 64 je
2330 2347 102 51 sais
2465 2365 101 46 que

532 2419 217 63 j'aurais
776 2420 75 52 été
878 2422 155 51 battu
1063 2438 50 36 et
1140 2438 126 36 tenu
1294 2443 139 45 pour
1461 2444 73 33 un
1564 2427 97 51 fol.
1695 2429 70 51 Et
1793 2430 48 62 je
1869 2430 276 52 continuai
2175 2433 27 49 à
2232 2431 257 54 feuilleter
2518 2446 48 37 et

533 2504 185 52 l'autre
754 2505 28 51 à
818 2507 234 63 regarder
1092 2527 119 33 avec
1247 2509 317 63 épouvante.

687 2590 63 51 Je
772 2609 81 33 me
880 2594 232 63 rappelai
1138 2609 264 50 pourtant
1425 2614 102 47 que
1554 2598 155 52 Karel
1736 2599 164 57 Maes,
1929 2601 231 53 l'auteur
2185 2603 61 51 de
2272 2620 75 35 ces
2373 2604 191 65 objets,

529 2674 129 53 était
683 2678 159 52 d'une
872 2679 282 52 sensibilité
1178 2683 135 63 qu'il
1341 2700 62 35 ne
1431 2684 175 53 fallait
1632 2703 94 46 pas
1752 2688 374 52 sous-estimer.
2160 2690 156 50 Tout
2349 2709 66 32 au
2444 2693 122 62 plus

531 2763 219 52 certains
786 2765 62 51 de
884 2784 72 33 ses
992 2768 260 53 confrères
1398 2784 51 38 et
1482 2773 308 52 moi-même
1827 2775 205 64 parfois
2178 2778 191 51 ont-ils
2404 2797 76 46 pu
2522 2779 44 50 le

531 2862 215 38 trouver
779 2852 364 64 dogmatique,
1177 2872 53 38 ce
1258 2857 93 62 qui
1384 2874 230 47 suppose
1647 2872 124 39 tout
1801 2861 60 49 de
1894 2862 167 51 même
2094 2863 61 51 de
2190 2864 50 50 la
2273 2863 95 52 foi.
2402 2864 81 52 Or
2514 2866 50 49 la

529 2934 78 51 foi
642 2949 74 37 est
750 2937 28 51 à
815 2938 118 51 base
966 2939 61 51 de
1060 2941 231 63 passion.
1331 2943 69 51 Et
1433 2944 138 64 puis,
1607 2946 50 63 je
1689 2947 217 51 connais
1940 2949 62 50 de
2041 2949 76 51 lui
2152 2951 224 50 maintes
2414 2952 118 65 pein-

532 3037 136 37 tures
697 3024 132 51 dites
858 3026 291 57 abstraites,
1182 3029 136 51 dont
1347 3029 318 54 l'exécution
1696 3033 205 64 soignée
1931 3035 162 52 révèle
2123 3036 314 53 néanmoins
2467 3056 96 46 par

524 3125 52 33 sa
613 3111 216 51 couleur
862 3128 72 35 un
966 3115 198 49 sensuel
1199 3116 94 63 qui
1323 3117 220 51 connaît
1576 3118 70 51 les
1679 3118 251 52 réactions
1961 3139 101 47 que
2095 3137 233 50 peuvent
2361 3141 167 46 provo-

524 3212 128 47 quer
677 3215 62 33 en
764 3216 139 33 nous
931 3201 142 51 telles
1096 3201 429 66 juxtapositions
1550 3206 61 55 de
1635 3219 138 44 tons,
1803 3207 116 52 telle
1943 3211 363 51 construction
2333 3211 227 56 linéaire,

527 3283 64 50 tel
624 3282 270 65 équilibre.
931 3286 62 51 Je
1022 3287 207 54 m'étais
1257 3304 231 38 souvent
1520 3294 245 64 expliqué
1797 3294 148 54 Maes
1977 3314 62 34 en
2071 3297 285 54 cherchant
2386 3316 62 33 en
2485 3297 76 51 lui

525 3370 16 48 1
566 3370 177 52 artiste
774 3390 141 46 pour
947 3374 169 64 lequel
1152 3376 264 53 l'abstrait
1446 3379 134 52 n'est
1610 3398 94 47 pas
1740 3399 72 33 un
1848 3382 87 64 jeu
1969 3384 61 51 de
2065 3384 259 52 formules
2359 3384 168 52 hermé-

528 3456 168 64 tiques
732 3459 93 62 qui
865 3476 60 33 en
962 3460 262 65 imposera
1265 3480 67 33 au
1370 3465 253 64 vulgaire,
1663 3468 132 50 mais
1831 3470 44 50 le
1915 3470 206 52 chemin
2162 3471 44 52 le
2246 3473 126 61 plus
2409 3484 154 38 court
