3551 4460
1740 220 108 52 144

175 362 73 47 lor,
293 375 43 25 so
373 365 86 36 dass
489 377 40 23 er
558 364 107 37 seine
693 363 133 37 Musik
856 374 61 24 am
949 362 158 38 Ciavier
1135 363 39 35 in
1206 363 60 36 die
1295 362 123 36 Feder
1462 363 166 38 dictirte.
1684 362 58 38 Im

178 425 123 37 Jahre
333 424 101 40 1840
464 426 130 36 wurde
625 438 40 23 er
694 438 87 23 zum
813 426 183 35 Director
1039 426 66 36 des
1136 425 363 37 Conservatoriums
1526 426 42 34 in
1597 424 147 49 Neapel

178 494 177 43 ernannt,
387 488 145 37 welche
562 488 119 36 Stelle
712 499 40 24 er
781 488 103 35 noch
912 487 219 46 bekleidet;
1174 488 73 35 seit
1276 485 101 39 1862
1405 487 51 35 ist
1485 498 41 24 er
1556 487 90 36 aber
1672 486 54 36 lei-

180 551 66 36 der
273 550 181 49 gänzlich
487 550 201 37 erblindet.

283 670 194 50 Paris,
508 670 63 39 30.
601 670 123 49 April.
780 670 233 36 Felicien
1055 666 157 38 David
1256 668 51 34 ist
1349 678 78 25 von
1472 668 127 35 seiner
1628 666 114 36 Reise

178 735 99 36 nach
309 734 233 47 Petersburg
570 731 337 49 zurückgekehrt;
955 731 65 36 das
1062 728 196 37 russische
1288 728 135 35 Klima
1465 728 153 35 scheint
1662 728 80 35 ihm

179 797 91 36 aber
311 798 109 34 nicht
463 794 218 48 zuträglich
722 805 180 37 gewesen
945 804 49 24 zu
1038 791 95 44 sein,
1187 790 100 36 denn
1350 791 107 35 seine
1502 790 242 36 Gesundheit

178 858 153 37 scheint
359 858 87 35 sehr
475 857 254 48 angegriffen.

284 921 76 35 Die
390 918 131 38 Revue
550 924 35 31 et
617 918 156 37 Gazette
801 904 208 49 musicalÜ
1025 914 130 48 bringt
1196 914 64 36 bei
1291 912 258 48 Gelegenheit
1577 911 67 37 der
1671 913 49 35 Be-

178 983 221 47 sprechung
426 993 78 24 von
531 982 44 35 F.
606 978 203 38 Hiller's
847 978 131 36 Soiree
1006 976 65 35 bei
1099 976 123 35 Erard
1251 977 116 34 einen
1396 972 148 37 kurzen
1571 974 148 36 Lebens-

179 1043 122 36 abriss
331 1042 204 37 desselben
562 1042 82 35 und
670 1042 88 47 fügt
785 1040 130 44 hinzu,
945 1037 87 36 dass
1062 1037 66 36 der
1155 1037 205 35 berühmte
1389 1036 161 35 Meister
1580 1035 60 35 die
1668 1035 52 35 Zu-

178 1106 243 35 hörerschaft
448 1117 62 23 am
540 1103 161 37 Abende
730 1102 66 35 des
824 1098 62 39 23.
917 1100 35 39 d.
984 1100 92 34 Mts.
1108 1111 61 23 am
1199 1098 184 36 Schlüsse
1415 1097 66 36 der
1510 1097 133 35 Soiree
1676 1096 69 35 auf

178 1165 256 49 allgemeines
461 1165 221 47 Verlangen
726 1162 102 36 noch
871 1160 121 36 durch
1037 1160 86 35 eine
1152 1159 221 48 phantasie-
1402 1157 80 36 und
1510 1157 234 47 geistreiche

177 1230 305 47 Improvisation
512 1228 142 35 erfreut
682 1226 110 36 habe.
902 1223 58 48 [ln
991 1224 67 35 der
1089 1221 320 49 Correspondenz
1439 1231 70 25 aus
1538 1221 138 35 Paris
1704 1220 40 35 in

179 1290 66 39 Nr.
278 1288 60 38 17.
369 1289 35 35 d.
434 1288 60 37 81.
534 1289 51 35 ist
627 1288 66 35 der
733 1287 120 35 Name
898 1286 66 35 der
1009 1284 87 36 dort
1134 1287 225 44 genannten
1403 1282 189 47 Sängerin
1637 1279 109 48 (statt

181 1351 139 47 Gouri)
351 1351 173 47 Gouvy
553 1362 49 24 zu
628 1347 138 50 lesen.]

287 1415 74 34 Am
390 1409 61 41 28.
482 1411 112 48 April
634 1422 80 23 war
757 1409 65 36 der
864 1408 213 47 Jahrestag
1121 1407 66 35 der
1230 1412 129 30 ersten
1387 1405 249 47 Aufführung
1679 1404 66 36 der

540 1474 91 35 Man
660 1472 106 34 hatte
795 1470 110 35 nicht
935 1472 212 41 versäumt,
1176 1468 81 35 dies
1286 1466 172 37 bekannt
1486 1478 49 24 zu
1563 1466 178 45 machen,

180 1538 81 35 und
291 1538 66 34 das
386 1538 111 34 Haus
526 1547 80 24 war
632 1535 191 48 gedrängt
853 1532 92 35 voll.

286 1600 75 35 Die
388 1595 492 46 Abschieds-Vorstellung
908 1605 78 24 von
1016 1592 205 36 Adelina
1249 1592 136 34 Patti
1429 1601 62 24 am
1523 1588 61 38 26.
1617 1588 123 49 April,

181 1662 113 36 deren
317 1661 139 47 Ertrag
484 1672 49 23 zu
556 1660 123 34 ihrem
701 1656 179 38 Vortheil
907 1656 200 36 bestimmt
1134 1667 91 33 war,
1256 1655 104 34 hatte
1388 1652 67 37 das
1478 1652 168 36 Theater
1676 1651 70 35 mit

180 1726 106 34 einer
324 1721 242 50 glänzenden
598 1719 305 37 Zuhörerschaft
931 1717 201 45 überfüllt,
1240 1717 62 35 ein
1331 1716 165 44 Beweis,
1540 1715 75 34 wie
1650 1713 72 35 ohn-

178 1786 175 47 mächtig
372 1785 62 36 die
452 1782 276 50 systematisch
758 1781 121 36 durch
902 1780 127 46 einige
1051 1779 161 44 Blätter,
1241 1776 240 38 namentlich
1502 1776 59 36 die
1585 1776 161 36 France

178 1848 185 37 musicale
366 1874 8 19 ,
403 1845 224 39 betriebene
651 1844 298 45 Herabsetzung
978 1842 66 35 der
1067 1840 229 37 Künstlerin
1324 1839 200 48 gewesen!
1556 1839 75 35 Die
1654 1838 69 34 Ein-

178 1911 141 35 nahme
347 1910 137 45 betrug
525 1907 110 36 nicht
677 1906 173 46 weniger
879 1904 56 36 als
966 1900 143 47 19,000
1138 1903 108 35 Frcs.
1303 1901 183 37 Fräulein
1516 1901 106 35 Patti
1649 1910 96 36 sang

178 1974 40 34 in
249 1973 82 34 drei
359 1969 292 47 Abtheilungen
696 1968 61 35 die
786 1967 283 47 Hauptscenen
1106 1964 66 36 der
1200 1964 145 36 Norma
1388 1964 104 46 (Don
1521 1960 224 49 Pasquale),

180 2035 67 36 der
273 2035 125 35 Lucia
425 2032 80 37 und
533 2032 66 35 der
627 2030 171 37 Violetta
828 2028 231 47 (Traviata).
1117 2028 80 34 Der
1227 2026 315 46 Enthusiasmus,
1587 2024 73 34 den
1690 2025 55 34 sie

180 2103 163 42 erregte,
371 2095 80 36 und
479 2094 61 35 die
568 2094 64 35 nie
660 2092 196 48 gesehene
886 2089 112 37 Fülle
1027 2100 77 24 von
1126 2087 364 46 Blumenbouquets
1518 2086 81 34 und
1618 2086 103 34 Krän-

180 2170 85 33 zen,
294 2158 61 36 die
384 2157 64 36 ihr
476 2155 248 47 zugeworfen
754 2152 172 44 wurden,
955 2153 51 33 ist
1034 2150 110 36 nicht
1175 2161 48 24 zu
1250 2147 267 38 beschreiben.

287 2220 75 34 Die
392 2214 450 41 Concert-Gesellschaft
886 2214 66 35 hat
1000 2213 60 35 die
1103 2213 137 35 zweite
1269 2211 121 36 Reihe
1418 2209 104 35 ihrer
1552 2208 192 36 Concerte

179 2284 55 35 im
264 2280 299 39 Conservatoire
592 2291 62 24 am
682 2275 63 39 22.
775 2276 112 49 April
917 2276 70 36 auf
1011 2276 87 34 eine
1126 2274 174 48 würdige
1321 2274 131 36 Weise
1481 2269 265 50 geschlossen.

180 2345 83 35 Das
289 2343 229 46 Programm
546 2341 160 36 brachte
727 2336 175 39 Weber's
1347 2334 81 36 und
1451 2334 137 35 dessen
1610 2331 137 36 Finale

182 2418 71 24 aus
282 2405 66 36 der
663 2403 71 34 mit
752 2401 180 35 Madame
952 2397 500 47 Vandenheuvel-Duprez,
1484 2392 262 39 Beethoven's

180 2465 385 45 Pastoral-Sinfonie,
606 2461 177 49 Haydn's
816 2462 118 48 „Gott
962 2459 148 37 erhalte
1140 2460 125 35 Franz
1296 2459 74 35 den
1606 2458 40 34 in
1679 2456 66 35 der

179 2530 223 36 bekannten
430 2526 257 47 Ausführung
729 2524 122 36 durch
896 2521 245 38 sämmtliche
1191 2521 427 46 Saiten-Instrumente,
1665 2517 80 37 und

180 2587 325 40 MendelssohnV
522 2586 62 39 98.
614 2586 145 37 Psalm.

286 2653 57 35 Zu
371 2653 127 34 einem
527 2647 489 49 Compositions-Concurs
1044 2657 77 24 von
1154 2642 323 48 Gesangstücken
1522 2642 61 34 für
1611 2642 101 34 Män-

180 2715 226 44 nerchor,
437 2713 74 34 den
540 2711 66 35 der
627 2709 292 36 Seine-Präfect
947 2705 342 49 ausgeschrieben,
1319 2715 127 24 waren
1476 2700 75 38 •275
1584 2699 161 41 Chöre

181 2773 287 49 eingegangen!
525 2773 75 34 Die
629 2770 259 37 Commission
926 2768 68 35 hat
1022 2764 50 39 23
1103 2766 128 36 davon
1279 2762 244 50 ausgewählt
1568 2762 80 36 und
1677 2761 67 36 der

180 2836 184 37 Medaille
404 2835 99 37 nach
547 2834 80 35 drei
654 2832 277 47 Abstufungen
972 2841 79 24 von
1096 2825 91 48 300,
1230 2823 77 40 200
1335 2826 80 36 und
1446 2822 73 40 100
1549 2825 108 35 Frcs.
1686 2825 59 34 für

182 2900 123 35 werth
336 2898 153 35 erklärt.

289 2961 44 35 In
360 2961 155 46 voriger
542 2959 150 36 Woche
719 2959 50 34 ist
788 2958 61 35 die
869 2955 328 49 ausgezeichnete
1220 2950 277 38 musicalische
1519 2949 225 36 Bibliothek

183 3025 66 35 des
282 3022 275 36 verstorbenen
587 3020 219 35 Professors
835 3019 214 36 Farrenc
1079 3016 230 46 versteigert
1337 3012 167 36 worden.
1549 3011 74 35 Am
1653 3009 69 35 mei-

181 3092 84 30 sten
296 3086 67 34 hat
392 3084 83 36 sich
506 3083 67 34 das
604 3082 340 36 Conservatorium
975 3091 76 24 von
1081 3076 158 38 Brüssel
1269 3088 48 22 an
1349 3074 86 36 dem
1465 3072 181 37 Ankaufe
1681 3072 43 35 be-

179 3147 171 49 theiligt;
395 3145 267 37 Seltenheiten
691 3143 82 35 und
802 3143 128 46 einige
959 3146 93 43 gute
1082 3138 143 37 Werke
1255 3136 158 36 wurden
1444 3135 208 47 anständig
1679 3133 44 36 be-

181 3211 119 46 zahlt,
333 3211 141 35 andere
503 3210 148 46 gingen
680 3208 62 35 für
771 3207 63 34 ein
864 3203 203 49 Spottgeld
1096 3214 98 36 weg.

286 3342 273 48 Loildoil;
604 3338 63 40 28.
705 3338 123 49 April.
885 3338 82 35 Das
1022 3341 99 30 erste
1163 3335 205 35 Auftreten
1415 3343 76 25 von
1535 3330 208 36 Pauline

180 3410 162 35 Lucca
388 3406 56 35 als
487 3402 245 49 Margarethe
773 3402 40 34 in
851 3397 201 39 Gounod's
1294 3406 79 24 war
1418 3395 62 34 ein
1522 3392 222 37 Festabend

180 3472 62 35 für
272 3470 67 35 das
368 3465 497 49 Coventgarden-Theater.
921 3463 94 35 Man
1056 3472 80 24 war
1179 3459 237 47 einstimmig
1446 3457 66 35 der
1540 3457 203 45 Meinung,

183 3533 88 35 dass
300 3531 61 35 die
388 3527 324 48 liebenswürdige
741 3524 229 38 Künstlerin
1009 3524 41 34 in
1090 3521 107 48 Spiel
1237 3521 80 35 und
1348 3521 170 45 Gesang,
1562 3530 79 24 was
1682 3517 62 35 für

180 3598 189 38 letzteren
397 3594 211 37 besonders
636 3591 66 35 der
729 3590 166 46 Vortrag
933 3587 67 35 des
1031 3584 176 37 Walzers
1249 3594 70 25 vor
1361 3583 86 35 dem
1478 3580 157 49 Spiegel
1678 3580 44 35 be-

182 3662 106 45 wies,
318 3668 133 39 grosse
470 3653 256 37 Fortschritte
755 3650 180 49 gemacht
963 3648 112 36 habe.
1106 3646 154 36 Mario
1290 3657 94 35 sang
1408 3644 74 35 den
1505 3643 132 38 Faust.
1668 3641 76 36 Die

181 3723 279 42 Ausstattung:
490 3713 152 39 Faust's
670 3712 310 46 Laboratorium,
1010 3711 61 34 die
1100 3708 262 44 Marktscene,
1394 3706 66 35 der
1490 3705 156 44 Garten,
1677 3703 66 35 der

181 3786 115 42 Dom,
327 3782 61 35 die
418 3779 224 48 Apotheose
750 3775 110 35 Alles
887 3774 105 36 reich
1022 3771 80 36 und
1132 3768 220 37 malerisch.
1462 3768 44 35 ln
1537 3768 88 35 Her
1653 3765 60 36 Ma-

174 3845 136 48 jesty's
347 3843 168 36 Theatre
543 3840 74 48 gab
647 3838 186 36 Fräulein
863 3834 225 46 Tietjens
1117 3833 108 35 ihre
1255 3829 259 48 Margarethe,
1545 3829 35 36 d.
1610 3829 37 35 h.
1677 3829 70 36 auf

182 3905 342 53 eigenthümliche,
571 3902 92 36 aber
703 3898 260 38 vortreffliche
994 3898 144 42 Weise,
1180 3894 80 36 und
1303 3893 68 35 das
1412 3891 209 37 Ensemble
1662 3902 80 24 war

180 3974 145 40 besser,
355 3968 56 37 als
438 3970 38 33 in
510 3963 317 49 Coventgarden:
872 3962 132 42 Faust,
1034 3959 191 44 Gardoni;
1268 3954 346 50 Mephistopheles,
1646 3954 72 36 Gas-

181 4036 96 44 sier;
306 4031 194 43 Valentin,
531 4027 177 47 Santley;
748 4024 140 48 Siebel,
916 4022 186 36 Fräulein
1129 4020 315 37 Bettelheim.
1554 4016 187 37 Fräulein

182 4097 255 45 Liehtmay
464 4093 84 35 tritt
574 4092 117 34 heute
719 4088 139 37 Abend
887 4086 56 36 als
972 4086 177 35 Leonore
1177 4084 53 35 im
1263 4111 17 19 „
1288 4081 212 37 Trovatore
1506 4079 17 20 u
1556 4080 78 36 auf.

616 4228 129 37 Ueber
774 4226 74 36 den
875 4226 130 34 Brand
1034 4224 67 35 des
1129 4220 234 38 Pike'schen
1394 4219 273 49 Opernhauses
1695 4219 42 33 in

183 4295 285 38 Cincinnati
497 4290 232 38 entnehmen
758 4290 70 34 wir
857 4286 285 38 cincinnatiner
1169 4283 177 36 Blättern
1376 4280 181 49 folgende
1582 4280 132 35 Bemer-

1845 362 172 49 kungen.
2074 364 102 37 Herr
2204 364 113 50 Pike,
2362 366 169 36 welcher
2571 366 97 47 jetzt
2707 366 193 48 ungefähr
2935 367 147 48 vierzig
3112 368 121 39 Jahre
3263 367 55 37 alt
3346 367 62 46 ist,

1845 423 92 37 kam
1965 425 53 35 im
2047 425 122 37 Jahre
2202 424 101 40 1843
2333 439 75 24 von
2439 428 223 35 New-York
2691 428 38 35 in
2760 440 140 24 unsere
2931 428 123 36 Stadt.
3110 430 112 36 Ohne
3263 430 145 35 nähere

1847 487 181 36 Freunde
2057 489 79 34 und
2168 489 99 36 ohne
2296 487 242 40 bedeutende
2569 489 127 38 Mittel
2736 491 153 47 begann
2920 502 40 24 er
2990 491 62 35 ein
3082 491 327 38 Schnittwaaren-

1847 548 199 37 Geschäft.
2103 551 207 48 Späterhin
2340 552 124 49 begab
2502 565 41 24 er
2578 554 82 36 sich
2690 554 41 34 in
2761 554 67 35 das
2856 553 531 39 Branntweinbrennerei-Ge-

1847 610 139 45 schäft,
2015 612 41 34 in
2088 611 188 37 welchem
2307 625 40 24 er
2377 614 72 35 den
2482 614 135 36 Grund
2646 627 49 23 zu
2724 615 146 36 seinem
2898 614 233 36 Reichthum
3137 627 20 23 e
3183 614 115 49 legte.
3330 618 81 35 Der

1849 671 200 47 Gedanke,
2092 674 82 36 sich
2206 674 121 37 durch
2359 675 217 49 Gründung
2618 679 106 34 eines
2752 675 305 49 Musentempels
3093 677 68 35 das
3190 679 221 36 Andenken

1847 734 127 35 seiner
2016 735 217 49 Mitbürger
2273 748 49 24 zu
2364 737 212 46 erwerben,
2625 738 242 37 veranlasste
2922 738 73 35 den
3048 739 363 37 unternehmenden

1845 795 133 45 Mann,
2025 809 67 24 zur
2123 798 257 49 Ausführung
2424 801 106 34 eines
2571 802 264 47 grossartigen
2865 801 228 37 Vorhabens
3125 814 48 23 zu
3202 802 206 39 schreiten.

1844 858 81 35 Der
1953 858 223 37 Prachtbau
2223 862 132 35 wurde
2401 863 71 34 mit
2520 863 126 35 einem
2689 863 359 36 Kostenaufwande
3091 876 77 24 von
3215 868 195 46 ungefähr

1847 916 170 48 350,000
2046 921 159 37 Dollars
2235 924 235 47 aufgeführt.
2500 924 81 35 Das
2613 924 155 48 Capital
2797 924 73 37 soll
2900 925 83 36 sich
3013 926 90 36 aber
3131 927 164 36 niemals
3324 941 65 24 ver-

1846 983 101 36 zinst
1975 983 140 37 haben.
2171 985 81 37 Das
2282 987 126 35 Feuer
2437 986 180 36 entstand
2646 998 61 24 am
2738 987 186 36 Schlüsse
2954 988 66 35 des
3054 988 332 48 „Sommernachts-

2030 1058 10 32 ;
2070 1046 87 36 dass
2186 1049 87 35 eine
2304 1048 314 48 Gas-Explosion
2649 1049 101 35 Statt
2777 1049 105 48 fand,
2911 1050 52 35 ist
2990 1049 152 37 schwer
3170 1063 49 24 zu
3248 1051 140 37 bezwei-

1845 1106 79 36 feln
1953 1107 80 35 und
2061 1108 97 36 wird
2185 1121 78 24 von
2294 1110 218 47 Mehreren,
2542 1109 149 36 welche
2720 1110 83 36 sich
2834 1122 68 24 zur
2930 1112 85 35 Zeit
3042 1112 40 34 in
3113 1112 65 36 der
3206 1113 109 36 Nähe
3345 1114 65 37 des

1848 1169 206 36 Gebäudes
2083 1169 204 47 befanden,
2317 1171 197 48 bestätigt.
2547 1173 75 35 Die
2641 1171 201 37 Flammen
2865 1173 140 47 griffen
3035 1175 70 34 mit
3134 1175 254 37 unbeschreib-

1845 1229 126 36 licher
1999 1230 361 49 Geschwindigkeit
2388 1232 80 35 und
2498 1232 153 36 Gewalt
2689 1245 68 24 um
2799 1233 96 46 sich,
2938 1234 80 36 und
3060 1248 41 23 es
3143 1249 80 23 war
3267 1249 120 37 augen-

1846 1291 230 47 scheinlich,
2106 1293 89 36 dass
2225 1305 48 23 an
2305 1295 85 35 eine
2418 1295 172 48 Rettung
2620 1295 67 36 des
2710 1296 205 36 Gebäudes
2938 1297 108 36 nicht
3068 1310 49 23 zu
3136 1298 152 37 denken
3319 1313 91 25 war.

1847 1354 176 35 Weithin
2050 1354 96 36 über
2175 1354 62 37 die
2265 1356 290 38 benachbarten
2586 1357 390 37 Strassen-Vierecke
3016 1360 129 47 flogen
3187 1361 221 38 brennende

1847 1416 146 35 Stücke
2023 1415 66 38 des
2119 1417 274 38 Theerdaches
2435 1420 80 35 und
2555 1419 145 37 Hessen
2730 1421 67 35 das
2828 1420 314 38 Schrecklichste
3171 1424 61 34 für
3262 1422 59 38 die
3352 1425 38 35 Si-

1846 1477 175 36 cherheit
2051 1478 66 36 des
2144 1490 151 35 ganzen
2326 1479 228 38 Stadttheils
2581 1481 242 36 befürchten.
2855 1483 81 34 Der
2964 1482 158 37 Verlust
3149 1483 151 38 beläuft
3327 1486 83 37 sich

1845 1540 73 35 den
1948 1541 218 47 Zeitungen
2195 1542 102 35 nach
2327 1543 69 35 auf
2421 1543 109 36 mehr
2559 1544 57 36 als
2646 1545 96 35 zwei
2771 1545 78 36 und
2879 1545 87 35 eine
2997 1545 115 37 halbe
3133 1547 169 47 Million,
3333 1560 52 24 wo-

1846 1613 76 24 von
1952 1602 119 36 kaum
2100 1603 66 36 der
2194 1603 140 37 zehnte
2363 1605 115 36 Theil
2507 1606 215 37 versichert
2750 1607 61 37 ist.
2849 1608 103 35 Herr
2978 1607 99 36 Pike
3107 1608 121 38 selbst
3255 1609 159 39 verliert

1846 1664 193 47 ungefähr
2068 1665 86 35 eine
2182 1664 165 40 Million.
2380 1666 70 37 Als
2480 1679 40 24 er
2549 1669 88 35 dem
2666 1669 126 36 Feuer
2821 1670 134 45 zusah,
2987 1670 102 36 stahl
3117 1671 80 36 ihm
3228 1673 63 35 ein
3310 1674 101 36 Dieb

1847 1726 83 35 sein
1957 1726 303 37 Portemonnaie
2303 1729 71 35 mit
2416 1730 202 36 mehreren
2647 1731 180 37 Hundert
2854 1732 174 38 Dollars.
3084 1733 73 37 Als
3185 1735 103 35 Herr
3314 1735 99 36 Pike

1849 1798 40 24 es
1917 1787 212 50 bemerkte,
2160 1794 109 43 sagte
2299 1802 41 24 er
2367 1792 89 35 sehr
2484 1792 134 48 ruhig:
2654 1795 150 46 „Wenn
2835 1806 42 25 so
2908 1794 79 37 viel
3015 1796 76 36 fort
3119 1798 61 44 ist,
3211 1797 105 36 kann
3347 1798 66 36 das

1848 1851 102 35 auch
1978 1851 101 36 noch
2302 1854 56 36 Er
2386 1856 95 35 wird
2510 1857 184 47 übrigens
2723 1860 121 35 sofort
2870 1860 143 36 wieder
3039 1861 141 49 bauen,
3209 1862 92 36 aber
3321 1862 94 37 kein

1849 1912 243 49 Opernhaus,
2122 1916 167 36 sondern
2320 1917 112 35 einen
2463 1930 162 36 grossen
2654 1920 365 38 Geschäfts-Bazar.
3067 1924 189 47 Dagegen
3285 1925 129 36 haben

1851 1975 263 47 Speculanten
2146 1977 61 35 die
2235 1978 179 49 Absicht,
2446 1981 62 34 ein
2538 1980 227 48 Opernhaus
2794 1994 48 23 zu
2872 1984 205 45 errichten,
3108 1985 169 37 welches
3305 1988 110 36 nicht

1850 2048 74 24 nur
1952 2048 47 24 an
2030 2039 146 36 Pracht
2205 2041 70 33 mit
2303 2041 87 35 dem
2418 2042 183 36 früheren
2632 2043 254 49 Opernhause
2914 2047 232 46 wetteifern,
3182 2049 167 36 sondern
3373 2050 41 35 in

1847 2099 193 34 manchen
2072 2100 170 37 Stücken
2273 2103 253 36 wesentliche
2557 2105 342 49 Verbesserungen
2943 2108 200 36 enthalten
3173 2110 108 35 wird.
3340 2111 75 35 Die

1848 2160 151 46 Bühne,
2045 2161 68 37 das
2142 2164 171 47 Parquet
2355 2164 81 37 und
2479 2165 66 36 der
2571 2166 150 37 Balcon
2752 2168 153 37 werden
2948 2169 84 37 sich
3069 2172 53 34 im
3150 2171 265 48 Erdgeschoss

1848 2222 193 48 befinden,
2081 2225 81 36 und
2203 2225 62 37 die
2294 2228 213 48 Ausgänge
2536 2229 155 36 werden
2734 2241 42 25 so
2812 2232 183 47 gemacht
3025 2234 168 46 werden,
3236 2235 87 37 dass
3354 2237 62 35 ein

1846 2284 240 51 vollständig
2113 2286 193 39 besetztes
2335 2290 112 36 Haus
2475 2291 206 37 innerhalb
2709 2294 84 35 vier
2820 2295 181 36 Minuten
3029 2296 53 35 im
3112 2296 108 37 Falle
3251 2297 66 36 der
3341 2298 50 37 Ge-

1847 2346 87 36 fahr
1961 2351 179 41 geräumt
2168 2350 156 37 werden
2354 2351 119 38 kann.

2220 3739 73 52 pie

1843 3798 192 36 erscheint
2066 3799 119 47 jeden
2225 3802 176 49 Samstag
2441 3806 41 34 in
2527 3808 126 33 einem
2696 3820 150 35 ganzen
2881 3811 132 47 Bogen
3059 3813 70 34 mit
3164 3813 246 47 zwanglosen

1844 3850 200 48 Beilagen.
2075 3872 49 5 —
2153 3853 80 35 Der
2255 3855 394 50 Abonnementspreis
2670 3860 152 49 beträgt
2856 3863 61 35 für
2946 3864 66 34 das
3034 3864 191 46 Halbjahr
3253 3863 24 37 2
3293 3865 116 45 Thlr.,

1842 3902 63 36 bei
1933 3903 74 35 den
2028 3904 48 34 K.
2106 3916 145 35 preuss.
2275 3908 318 37 Post-Anstalten
2622 3910 23 37 2
2661 3912 105 36 Thlr.
2792 3914 23 37 5
2835 3914 83 48 Sgr.
2975 3916 97 36 Eine
3102 3916 173 36 einzelne

1842 3966 80 24 mer
1950 3954 26 37 4
2004 3955 83 48 Sgr«

1947 4009 129 34 Briefe
2104 4010 81 35 und
2204 4011 283 50 Zusendungen
2522 4014 95 36 aller
2635 4017 72 35 Art
2735 4017 154 37 werden
2918 4024 114 31 unter
3060 4019 66 37 der
3150 4020 168 38 Adresse
3348 4021 62 39 dei

1840 4060 54 36 M.
1926 4061 555 51 DuMont-Schauberg'schen
2508 4068 312 49 Buchhandlung
2848 4072 40 34 in
2917 4072 105 35 Köln
3052 4074 166 35 erbeten.

1963 4168 368 38 Verantwortlicher
2359 4172 291 48 Herausgeber:
2682 4175 103 36 Prof.
2819 4174 36 36 L
2858 4201 11 11 ♦
2900 4175 176 48 Bischof
3101 4178 40 34 in
3170 4178 116 39 Köln.

1919 4220 202 49 Verleger:
2153 4222 54 36 M.
2239 4222 535 52 DuMont-Schauberg'sehe,
2802 4229 310 49 Buchhandlung
3142 4232 40 34 in
3212 4232 117 37 Köln.

1876 4273 195 37 Drucker:
2106 4274 53 36 M.
2190 4275 426 49 DuMont-Schauberg
2645 4280 39 34 in
2714 4280 116 44 Köln,
2870 4282 247 37 Breitstrasse
3148 4283 48 38 76
3223 4297 35 24 u.
3292 4285 63 38 78.

2399 2628 467 77 änluinMgtttujett.

1951 2797 112 38 Mein
2089 2799 236 50 vollständig
2353 2803 221 37 assortirtes
2603 2804 135 49 Lager
2766 2806 71 37 der
2866 2810 377 47 ausgezeichnetsten

2184 2860 272 78 Flügel
2498 2865 162 61 und
2703 2865 368 68 Claviere

2589 2968 76 26 von

1916 3013 386 73 Erwfi.
2354 3019 286 73 Mtevz

1848 3108 44 41 in
1985 3113 105 37 allen
2263 3112 166 39 Preisen
2677 3126 77 26 von
2903 3114 110 40 Thlr.
3181 3119 79 37 275

1844 3166 107 49 neigt
1954 3178 41 25 er
2025 3166 164 39 Ansicht
2215 3168 86 38 und
2327 3168 204 42 Abnahme
2561 3173 163 42 bestens♦

2894 3229 81 50 «jr.
3010 3232 175 65 Bei,

2743 3304 75 38 Nr.
2850 3307 22 34 1
2904 3307 401 50 Marspfortengasse.

1950 3402 89 37 Alle
2062 3403 46 37 in
2131 3404 134 37 dieser
2291 3408 330 51 Musik-Zeitung
2644 3411 300 46 besprochenen
2979 3417 89 35 und
3091 3419 327 50 angekündigten

1843 3454 240 38 Musicalien
2112 3463 67 31 etc.
2214 3458 95 37 sind
2339 3473 51 24 zu
2421 3461 185 39 erhallten
2630 3464 44 36 in
2701 3465 74 36 der
2801 3471 95 32 stets
2919 3468 242 51 vollständig
3183 3474 234 37 assortirten

1842 3506 485 54 Musicalien-Handlung
2346 3514 89 36 und
2450 3514 264 39 Leihanstalt
2735 3530 79 24 von
2833 3520 325 41 BERNHARD
3176 3524 240 39 BREUER

1839 3560 45 36 in
1911 3560 121 47 Köln,
2066 3575 137 35 grosse
2227 3565 267 49 Budengasse
2524 3569 78 37 Nr.
2633 3573 37 44 1,
2713 3583 44 24 so
2799 3572 73 36 wie
2913 3573 63 37 bei
3001 3574 41 36 J.
3073 3576 88 35 FR.
3202 3577 201 38 WEBER

1844 3613 134 38 Hohle
2011 3615 78 38 Nr.
2117 3619 38 35 1.
