3551 4460
1683 200 102 52 141

113 347 255 50 Künstlern
393 348 102 50 eine
519 348 290 51 rauschende
826 350 201 49 Ovation
1054 348 286 51 einbrachte.
1374 348 303 51 Dazwischen

111 441 117 52 sang
259 426 73 51 die
362 428 108 49 sehr
494 427 139 51 brave
656 428 229 66 Sängerin
910 428 109 50 Miss
1045 428 145 66 Patey
1216 430 111 49 zwei
1355 427 324 52 Vocalstücke.

111 506 53 49 In
186 506 150 51 dieser
355 508 89 50 Art
464 508 101 50 sind
589 508 74 51 die
687 510 311 64 Programme
1021 507 151 51 dieser
1196 508 230 51 Concerte
1450 508 194 68 gewöhn-

110 585 90 50 lich
231 586 260 69 abgefasst;
523 590 72 48 ein
622 588 188 67 Vorzug
842 587 245 51 derselben
1119 588 110 67 liegt
1257 590 43 48 in
1332 588 105 51 dem
1467 588 180 50 Vermei-

113 665 90 50 den
233 682 87 35 von
351 668 271 50 Monotonie
651 667 45 50 in
731 667 107 51 dem
870 667 265 51 Charakter
1173 667 84 51 der
1295 668 384 69 Compositionen

114 746 93 49 und
238 746 46 49 in
315 746 83 51 der
426 756 148 41 steten
605 746 453 69 Berücksichtigung
1089 747 80 50 des
1199 755 161 58 guten,
1392 765 135 33 wenn
1557 747 122 51 auch

113 826 242 51 einfachen
388 827 139 50 Alten
570 826 152 49 neben
753 826 105 51 dem
898 827 184 59 Neuen,
1122 826 44 51 d.
1197 827 45 51 h.
1282 827 105 50 dem
1421 827 231 51 Grossarti-

113 922 89 50 gen
244 922 86 33 von
362 906 265 49 Beethoven
668 906 94 49 und
804 906 105 51 dem
943 906 437 51 Formvollendeten
1425 925 87 33 von
1544 907 98 50 Men-

113 985 216 52 delssohn
464 986 122 51 denn
619 987 163 50 weiter
809 1005 56 32 zu
898 1005 83 32 uns
1009 987 257 51 Lebenden
1307 987 146 51 herab
1492 987 164 50 verstei-

113 1082 91 50 gen
233 1067 65 49 sie
327 1066 94 50 sich
454 1066 151 58 nicht;
647 1067 144 50 selbst
820 1067 273 50 Schumann
1133 1067 146 50 findet
1320 1085 89 32 nur
1446 1069 46 48 in
1521 1069 159 48 seinen

114 1145 373 62 Ciaviersachen,
519 1163 137 33 wenn
685 1147 65 49 sie
779 1147 129 49 Frau
938 1147 272 50 Schumann
1242 1150 207 63 vorträgt
1488 1146 64 66 (in
1585 1146 71 50 die-

111 1241 77 33 ser
217 1225 176 51 Season
425 1226 116 50 wird
581 1227 64 49 sie
680 1226 106 50 dem
828 1226 303 52 Vernehmen
1171 1226 116 51 nach
1328 1227 127 50 nicht
1496 1226 157 51 hieher-

113 1303 260 69 kommen),
404 1305 133 51 einen
567 1306 134 50 Theil
731 1305 80 51 des
843 1305 270 51 Publicums
1154 1307 79 49 für
1268 1306 121 58 sich;
1439 1306 78 50 für
1555 1306 126 50 seine

111 1389 251 63 grösseren
393 1386 383 67 Compositionen
814 1387 57 49 ist
908 1385 84 51 der
1022 1386 160 51 Boden
1226 1387 119 50 noch
1392 1386 289 66 keineswegs

113 1465 158 49 urbar.
331 1466 227 66 Dagegen
597 1465 167 51 hörten
810 1466 84 48 wir
923 1484 36 32 z.
992 1466 50 50 B.
1080 1466 83 51 das
1195 1466 321 51 Clavier-Trio
1558 1466 44 50 in
1634 1463 45 54 G

113 1561 85 35 von
232 1545 186 68 Haydn,
462 1546 81 50 das
588 1545 434 61 Clavier-Quartett
1069 1547 44 49 in
1153 1545 179 54 G-moll
1371 1563 87 34 von
1502 1547 180 49 Mozart

113 1643 44 33 u.
181 1641 35 33 s.
242 1643 76 39 w.,
349 1625 94 51 und
473 1626 171 50 immer
672 1641 86 35 von
788 1625 89 49 den
909 1634 265 58 genannten
1206 1643 193 49 grossen
1425 1626 255 50 Künstlern

111 1705 298 66 ausgeführt.
439 1705 132 49 Nach
603 1704 253 50 Joachim's
887 1704 196 52 Abreise
1112 1706 56 48 ist
1199 1706 188 50 Strauss
1417 1704 177 50 wieder
1621 1721 59 33 an

110 1785 127 49 seine
265 1785 144 49 Stelle
437 1791 228 60 getreten.

231 1866 95 48 Zur
378 1865 371 51 Charakteristik
804 1864 83 50 der
929 1864 587 52 Gesellschafts-Concerte
1567 1864 115 66 füge

110 1945 74 49 ich
213 1945 121 51 noch
364 1946 153 66 einige
546 1944 235 68 Angaben
819 1960 82 34 aus
941 1945 134 49 ihren
1106 1945 343 66 Programmen
1482 1942 89 51 bei.
1629 1944 51 49 In

113 2025 84 51 der
240 2025 227 51 älteren
513 2025 588 67 philharmonischen
1141 2024 392 50 Gesellschaft
1571 2022 87 51 diri-

111 2105 93 68 girt
233 2104 315 52 Sterndale
578 2105 243 57 Bennet,
849 2104 46 50 in
926 2104 85 49 der
1040 2120 189 34 neuen
1262 2105 83 48 Dr.
1379 2101 221 70 Wylde.

232 2185 90 48 Die
364 2191 226 43 erstere
632 2182 187 69 begann
859 2200 77 33 am
981 2184 196 66 Montag
1207 2182 89 50 den
1329 2181 49 52 5.
1408 2182 126 50 März
1576 2181 103 51 ihre

113 2265 230 52 Concerte
381 2264 82 50 mit
492 2264 83 49 der
604 2264 313 66 Aufführung
956 2279 86 34 von
1082 2262 382 51 Schumann's
1506 2262 143 59 „Para-

111 2344 97 50 dies
252 2344 93 49 und
608 2344 79 49 Ich
734 2344 188 49 komme
970 2346 154 64 später
1181 2341 171 51 darauf
1384 2341 189 51 zurück.

110 2425 79 49 Sie
219 2422 196 51 brachte
443 2422 157 51 ferner
628 2422 46 50 in
705 2421 88 51 den
825 2421 67 50 bis
928 2421 113 67 jetzt
1077 2421 236 65 gefolgten
1343 2421 96 50 vier
1469 2420 176 52 Concer-

110 2510 79 43 ten
221 2502 208 51 Sinfonie
457 2502 46 50 in
533 2501 45 53 G
604 2519 89 33 von
725 2501 187 69 Haydn,
942 2500 329 51 Mendelssohn
1308 2497 219 70 [A-dur),
1566 2499 83 50 Vio-

111 2584 295 50 lin-Concert
449 2584 45 49 in
942 2580 185 53 A-moll
741 2599 87 33 von
859 2581 144 51 Viotti
1033 2580 270 67 (Joachim),
1346 2580 304 51 Clavier-Con-

111 2673 99 41 cert
238 2664 46 49 in
522 2662 71 52 Es-dur
594 2679 75 34 von
670 2662 280 50 Beeethoven
993 2660 103 67 (W.
1127 2661 56 51 G.
1216 2660 183 58 Cusius,
1430 2660 72 49 ein
1534 2660 121 66 engli-

111 2744 135 49 scher
278 2742 291 68 Componist,
611 2741 213 51 Violinist
862 2740 95 51 und
986 2739 233 67 Pianist!),
1261 2740 300 51 Ouvertüren
1600 2756 81 32 zur

113 2822 293 69 Euryanthe,
459 2821 332 67 Fingalshöhle
838 2838 86 31 von
975 2819 347 57 Mendelssohn,
1378 2819 208 50 Sinfonie
1633 2819 47 49 in

114 2901 174 55 C-moll
311 2919 86 33 von
431 2902 284 56 Beethoven,
764 2900 385 51 Violin-Concert
1177 2900 44 49 in
1252 2899 176 52 D-dur
1458 2916 85 33 von
1576 2899 68 50 Mo-

113 2990 97 42 zart
251 2981 224 67 (Strauss,
519 2981 83 50 mit
642 2980 99 49 drei
787 2980 111 49 sehr
942 2979 241 50 hübschen
1224 2977 282 68 Cadenzen).
1562 2979 118 48 Eine

114 3062 222 51 deutsche
358 3061 245 67 Sängerin,
630 3060 217 51 Fräulein
873 3060 219 49 Übrich
1116 3059 142 67 („mit
1281 3059 150 49 hoher
1454 3059 193 67 Empfeh-

114 3142 113 65 lung
266 3158 85 34 von
383 3141 106 50 dem
522 3140 122 49 Hofe
684 3156 55 32 zu
772 3140 254 48 Hannover
1054 3156 56 32 zu
1141 3154 85 34 uns

113 3221 207 50 schreibt
589 3217 216 55 Musical
1096 3217 203 69 World),
844 3226 94 42 trat
964 3217 44 51 in
1040 3217 270 51 demselben
1343 3217 229 51 Concerte
1601 3216 83 50 auf

115 3301 93 51 und
255 3302 127 50 hatte
421 3318 191 49 grossen
647 3299 179 67 Erfolg,
867 3299 86 48 wie
989 3297 84 50 der
1111 3297 206 51 lebhafte
1347 3299 211 66 Applaus
1597 3295 54 52 be-

115 3381 137 57 wies;
293 3381 72 50 die
400 3380 147 52 Wahl
586 3380 129 49 ihrer
744 3376 352 69 Gesangstücke
1127 3376 267 50 bekundete
1423 3377 73 50 ein
1526 3375 125 52 reich-

115 3461 197 66 haltiges
363 3460 295 69 Repertoire,
722 3457 200 51 nämlich
979 3456 74 51 die
1122 3455 286 52 Adler-Arie
1463 3473 84 33 aus
1597 3456 82 50 der

517 3539 74 50 die
616 3537 316 52 Garten-Arie
961 3536 83 50 der
1068 3536 214 50 Susanna
1313 3551 82 33 aus
1436 3535 241 66 „Figaro's

412 3620 92 49 und
534 3619 172 49 Lieder
736 3635 87 33 von
853 3615 327 52 Mendelssohn
1211 3614 96 50 und
1337 3614 235 58 Taubert;
1614 3614 63 49 sie

115 3699 162 50 führte
308 3700 126 49 Alles
473 3699 83 49 mit
595 3699 216 56 schöner,
854 3695 299 68 ausgiebiger
1182 3695 197 49 Stimme
1408 3694 94 49 und
1534 3710 114 50 ange-

114 3796 258 34 messenem
406 3779 235 67 Vortrage
679 3795 100 45 aus,
825 3776 252 51 besonders
1113 3775 74 49 die
1225 3775 112 49 Arie
1379 3791 88 33 von
1498 3775 179 49 Mozart

115 3859 94 51 und
241 3859 81 51 das
748 3874 86 33 von
865 3855 342 53 Mendelssohn.

235 3940 89 48 Die
358 3954 146 34 neue
541 3936 543 69 philharmonische
1116 3932 306 51 Gesellschaft
1451 3932 226 51 eröffnete

113 4019 134 51 ihren
277 4019 180 67 Reigen
486 4034 75 33 am
588 4017 240 50 Mittwoch
859 4015 89 52 den
978 4015 82 51 18.
1089 4015 129 67 April
1251 4014 81 49 mit
1361 4014 151 49 einem
1544 4030 99 50 pom-

114 4101 161 65 pösen,
325 4099 114 49 aber
487 4097 117 50 allzu
652 4096 188 50 reichen
886 4095 93 51 und
1025 4092 185 68 folglich
1252 4110 56 32 zu
1347 4094 169 64 langen
1561 4094 86 47 Pro-

115 4195 203 50 gramm,
363 4195 95 35 was
500 4176 142 51 selbst
684 4176 74 50 die
801 4175 271 67 Engländer
1117 4174 200 58 fühlten,
1361 4172 207 51 obschon
1611 4171 64 51 sie

114 4266 128 44 sonst
278 4259 108 51 weit
421 4259 162 65 länger
613 4256 151 51 Musik
795 4256 245 50 aushalten
1070 4255 202 56 können,
1315 4252 65 51 als
1412 4252 85 50 wir
1526 4252 119 49 Deut-

1779 347 156 51 sehen.
1986 348 133 51 Noch
2151 348 376 69 merkwürdiger
2557 352 64 49 als
2650 352 73 51 die
2750 354 162 66 Länge
3072 352 73 51 die
3175 354 136 50 Kühn-

1783 427 110 56 heit,
1935 428 83 50 mit
2056 430 374 51 Schumann's
2475 430 206 51 Sinfonie
2715 434 46 48 in
2790 431 74 52 Es
2891 451 54 32 zu
2977 432 254 69 beginnen,
3271 434 74 52 die

1780 524 104 31 zum
1917 516 152 42 ersten
2100 511 123 50 Male
2253 528 81 31 zur
2364 510 313 67 Aufführung
2709 511 122 52 kam.
2861 514 95 49 Soll
2987 514 96 50 dies
3114 515 103 49 eine
3247 516 66 48 An-

1780 583 212 70 deutung
2020 588 115 63 sein,
2165 588 105 53 dass
2295 588 81 53 das
2399 590 185 49 Institut
2612 591 119 50 auch
2763 591 73 51 die
2865 610 175 33 neuere
3062 594 171 49 Schule
3265 594 53 50 be-

1781 666 345 69 rücksichtigen
2156 671 154 57 wolle,
2347 688 50 33 so
2427 671 83 50 soll
2540 671 66 50 sie
2636 688 84 33 uns
2750 672 315 51 willkommen
3096 675 119 57 sein;
3255 691 91 35 nur

1781 746 159 49 hätten
1971 747 86 50 wir
2085 751 292 65 gewünscht,
2418 750 104 51 dass
2552 748 124 53 dann
2706 769 55 32 zu
2790 751 173 51 diesem
2992 754 199 49 Zwecke
3219 755 128 49 nicht

1780 825 177 66 gerade
1999 826 73 51 die
2110 828 183 50 schwer
2329 830 383 51 auszuführende
2753 831 93 50 und
2884 831 181 51 schwer
3091 850 54 32 zu
3175 841 146 42 verste-

1781 905 154 49 hende
1954 906 208 51 Sinfonie
2182 924 86 34 von
2284 909 271 50 Schumann
2574 911 206 65 gewählt
2796 911 193 50 worden
3007 916 142 53 wäre,
3171 914 176 50 welche

1775 985 51 67 ja
1870 985 144 51 selbst
2060 987 44 50 in
2147 989 318 50 Deutschland
2504 990 135 49 keine
2686 1006 160 51 grosse
2885 992 177 50 Anzahl
3109 1009 83 33 von
3227 992 88 50 Ver-

1781 1065 172 49 ehrern
2000 1066 94 51 hat.
2152 1067 163 51 Daher
2354 1085 158 34 waren
2554 1069 122 50 denn
2715 1070 119 49 auch
2877 1071 100 50 hier
3015 1071 73 51 die
3116 1072 230 50 Stimmen

1783 1145 119 49 über
1958 1145 124 52 diese
2135 1147 317 69 Composition
2508 1150 107 49 sehr
2669 1151 207 66 getheilt.
2941 1152 177 50 Ausser
3172 1152 173 51 diesem

1784 1223 184 51 Werke
1999 1225 193 52 enthielt
2221 1226 82 51 das
2328 1229 278 64 Programm
2636 1230 121 49 noch
2784 1230 73 49 die
2880 1230 210 51 Sinfonie
3112 1232 45 49 in
3181 1230 169 53 A-dur

1781 1319 88 34 von
1901 1303 446 64 Mendelssohn,
2377 1307 74 50 die
2475 1309 300 50 Ouvertüren
2808 1326 85 33 von
2924 1310 342 68 Meyerbeer
3293 1329 56 33 zu

2145 1385 95 51 und
2287 1404 86 33 von
2416 1387 340 52 Beethoven
2795 1408 53 31 zu
2889 1390 90 49 den
3024 1391 325 69 „Geschöpfen

1781 1462 80 51 des
2303 1466 83 51 das
2429 1467 201 51 Concert
2673 1470 77 49 für
2794 1470 256 51 Clarinette
3092 1472 45 50 in

1783 1560 86 33 von
1903 1545 219 51 Weber
2151 1545 95 51 und
2277 1546 110 51 fünf
2410 1547 352 68 Opern-Arien,
2794 1551 94 48 vier
2918 1551 80 48 für
3020 1551 184 67 Sopran
3228 1550 91 68 (Ma-

1783 1622 138 51 dame
1950 1624 314 68 Sherrington
2305 1626 95 51 und
2433 1629 502 67 Demeric-Lablache)
2987 1631 94 50 und
3125 1632 103 49 eine
3269 1632 81 49 für

1784 1702 113 51 Bass
1942 1702 190 68 (Signor
2164 1705 172 67 Bossi)!
2392 1706 89 50 Die
2527 1706 128 51 beste
2700 1709 313 67 Ausführung
3058 1710 164 49 wurde
3265 1711 85 51 der

1784 1782 490 54 Mendelssohn'schen
2315 1786 208 51 Sinfonie
2557 1804 56 33 zu
2657 1787 148 51 Theil.
2861 1790 69 48 Im
2970 1790 220 51 nächsten
3223 1791 93 51 Con-

1783 1870 127 42 certe
1940 1864 116 49 wird
2088 1865 237 67 Spohr's
2366 1867 117 58 „Die
2521 1866 175 51 Weihe
2739 1867 83 51 der
3050 1870 230 67 gegeben.

1903 1942 119 51 Eine
2067 1944 203 67 jüngere
2328 1945 320 67 Gesellschaft,
2705 1946 72 51 die

1797 2021 214 64 London,
2037 2024 188 67 begann
2274 2024 82 52 das
2404 2025 136 51 achte
2585 2027 119 50 Jahr
2752 2027 124 51 ihres
2913 2029 257 52 Bestehens
3213 2038 138 43 unter

1783 2101 207 51 Alfred
2029 2104 267 50 Mellon's
2335 2105 240 51 Direction
2607 2106 83 50 mit
2717 2107 150 50 einem
2900 2107 230 52 Concerte
3157 2110 61 48 im
3251 2112 64 49 An-

1783 2181 139 67 fange
1949 2181 80 52 des
2058 2184 145 59 März,
2234 2185 199 51 welches
2462 2185 75 51 die
2566 2186 301 51 Ouvertüren
2898 2204 86 34 von
3025 2189 230 50 Berlioz
3292 2208 55 33 zu

1793 2261 187 67 „König
2213 2281 87 33 von
2330 2265 418 52 Mendelssohn
2777 2284 104 33 zum
2911 2269 404 57 „Sommernachts-

1992 2342 94 50 und
2104 2360 86 33 von
2208 2345 347 51 Marsebner
2579 2363 104 33 zum
3003 2347 216 60 brachte;
3252 2350 94 51 Frl.

1780 2421 192 66 Agnes
1994 2422 450 61 Zimmermann,
2467 2425 108 49 Ihre
2590 2426 368 61 Landsmännin,
2979 2427 161 68 spielte
3157 2429 80 50 das
3257 2429 60 52 Ca-

1781 2500 169 66 priccio
1987 2500 45 51 in
2357 2499 169 54 E-dur
2259 2520 86 33 von
2378 2505 200 49 Bennett
2615 2523 116 49 ganz
2762 2506 263 67 vorzüglich
3065 2507 93 51 und
3184 2509 163 52 wurde

1779 2579 212 66 gerufen.
2023 2580 117 51 Eine
2168 2582 148 50 Scene
2347 2581 80 50 für
2456 2584 184 66 Sopran
2672 2601 85 33 von
2789 2585 189 51 Rubin
2992 2593 47 43 st
3051 2589 89 48 ein
3172 2586 173 52 konnte

1780 2660 118 49 auch
1925 2659 146 50 durch
2098 2661 87 50 den
2212 2662 203 68 Vortrag
2446 2662 82 50 der
2557 2665 110 48 Miss
2698 2665 183 66 Parepa
2913 2666 165 50 keinen
3102 2666 243 52 Eindruck

1780 2739 84 49 auf
1888 2739 74 49 die
1990 2741 214 50 Zuhörer
2235 2742 211 50 machen.
2550 2742 52 50 ln
2634 2742 105 51 dem
2770 2745 193 49 zweiten
2996 2745 228 52 Concerte
3255 2747 90 51 den

1787 2817 82 51 11.
1902 2819 132 66 April
2076 2820 164 51 wurde
2283 2838 161 33 ausser
2485 2821 89 51 den
2617 2822 299 51 Ouvertüren
2958 2841 53 32 zu

1781 2899 94 48 und
1906 2916 104 32 zum
2419 2902 100 50 eine
2557 2919 120 33 neue
2706 2904 208 49 Sinfonie
2951 2906 46 47 in
3114 2923 87 33 von
3233 2909 74 48 Ar-

1781 2977 138 51 thur
1948 2979 47 49 S.
2027 2980 261 51 Sullivan
2320 2981 295 67 aufgeführt,
2643 2981 73 51 die
2747 2982 171 51 bereits
2947 2985 45 48 in
3024 2985 88 49 den
3138 2986 175 51 Concer-

1779 3065 77 42 ten
1898 3057 63 50 im
1999 3059 374 67 Krystallpalaste
2415 3061 81 48 mit
2524 3061 164 66 Erfolg
2728 3062 214 66 gegeben
2989 3064 192 50 worden
3227 3083 112 34 war.

1780 3139 98 48 Das
1920 3140 296 63 gewöhnlich
2259 3140 180 49 schwer
2481 3159 55 32 zu
2584 3141 348 67 befriedigende
2971 3144 246 51 Publicum
3260 3146 84 50 der

1792 3214 214 54 Musical
2269 3214 48 72 Society,
2318 3219 81 50 da
2400 3236 62 33 es
2463 3221 346 66 hauptsächlich
2855 3238 89 35 nur
2973 3240 82 33 aus
3086 3224 258 62 Musikern,

1778 3296 231 59 Lehrern,
2041 3297 350 51 Akademikern
2432 3300 92 49 und
2568 3301 287 50 musicalisch
2895 3301 267 67 gebildeten
3194 3305 123 50 Dilet-

1778 3384 162 42 tanten
1973 3376 195 69 besteht,
2198 3377 208 69 bezeigte
2430 3396 159 50 grosse
2613 3381 308 51 Theilnahme
2951 3382 83 50 für
3063 3382 81 51 das
3171 3384 173 59 Werk,

1779 3455 141 49 nahm
1953 3473 47 33 es
2032 3456 82 50 mit
2156 3457 377 52 entschiedenem
2566 3460 190 49 Beifalle
2800 3460 83 51 auf
2924 3461 94 50 und
3059 3462 90 50 rief
3185 3464 156 51 Herrn

1779 3535 204 51 Sullivan
2029 3536 182 51 hervor.
2268 3537 79 50 Ich
2378 3539 173 50 konnte
2580 3539 82 49 das
2693 3540 200 51 Concert
2923 3541 127 50 nicht
3081 3542 261 60 besuchen;

1779 3615 74 49 die
1882 3616 207 50 Sinfonie
2118 3617 262 61 Sullivan's,
2423 3619 84 50 der
2543 3620 94 48 sich
2676 3629 151 40 zuerst
2856 3621 146 50 durch
3034 3624 124 49 seine
3187 3625 153 50 Musik

1778 3711 53 32 zu
1875 3695 364 68 Shakespeare's
2560 3699 99 49 hier
2709 3700 133 51 einen
2891 3701 183 51 Namen
3124 3705 218 65 gemacht

1779 3775 96 56 hat,
1905 3775 82 49 soll
2018 3775 44 51 in
2085 3776 366 51 Mendelssohn's
2475 3780 88 48 Art
2592 3777 96 53 und
2715 3780 161 51 Weise
2899 3781 302 66 geschrieben
3224 3784 116 57 sein,

1776 3870 50 33 so
1858 3852 122 60 dass,
2010 3871 136 35 wenn
2176 3856 106 50 dem
2314 3859 95 49 also
2438 3859 71 59 ist,
2550 3859 204 51 Sullivan
2787 3860 132 51 keine
2949 3861 271 51 Ausnahme
3250 3880 89 35 von

1772 3931 134 69 jener
1954 3934 236 68 Richtung
2246 3936 113 50 aller
2408 3936 233 69 jüngeren
2683 3939 264 66 englischen
3006 3939 334 68 Componisten

1778 4014 197 49 machen
2027 4015 180 57 würde,
2258 4016 175 52 welche
2483 4019 139 49 ihnen
2677 4017 146 51 durch
2875 4019 88 51 den
3015 4019 321 70 beispiellosen

1778 4091 537 66 Mendelssohn-Cultus,
2356 4096 82 51 der
2466 4099 43 48 in
2541 4097 217 67 England
2790 4097 227 61 herrscht,
3057 4100 85 50 fast
3176 4101 163 68 aufge-

1778 4172 213 65 drungen
2022 4173 130 51 wird.

3169 4180 50 54 C.
