<?xml version="1.0" encoding="UTF-8"?>
<alto xmlns:xsi="http://www.w3.org/2001/XMLSchema-instance" xmlns="http://www.loc.gov/standards/alto/ns-v2#" xsi:schemaLocation="http://www.loc.gov/standards/alto/ns-v2# http://www.loc.gov/standards/alto/alto-v2.0.xsd" xmlns:xlink="http://www.w3.org/1999/xlink">
	<Description>
		<MeasurementUnit>mm10</MeasurementUnit>
		<sourceImageInformation>
			<fileName>//fileserver7/IN2/Princeton/Batch5/bmtnabi/1865/01/14_01/00000017.tif</fileName>
		</sourceImageInformation>
		<OCRProcessing ID="OCRPROCESSING_1">
			<preProcessingStep>
				<processingSoftware>
					<softwareCreator>CCS Content Conversion Specialists GmbH, Germany</softwareCreator>
					<softwareName>CCS docWORKS</softwareName>
					<softwareVersion>6.6-1.18</softwareVersion>
				</processingSoftware>
			</preProcessingStep>
			<ocrProcessingStep>
				<processingSoftware>
					<softwareCreator>ABBYY (BIT Software), Russia</softwareCreator>
					<softwareName>FineReader</softwareName>
					<softwareVersion>10.0</softwareVersion>
				</processingSoftware>
			</ocrProcessingStep>
		</OCRProcessing>
		<OCRProcessing ID="OCRPROCESSING_2">
			<preProcessingStep>
				<processingSoftware>
					<softwareCreator>CCS Content Conversion Specialists GmbH, Germany</softwareCreator>
					<softwareName>CCS docWORKS</softwareName>
					<softwareVersion>6.6-1.18</softwareVersion>
				</processingSoftware>
			</preProcessingStep>
			<ocrProcessingStep>
				<processingSoftware>
					<softwareCreator>ABBYY (BIT Software), Russia</softwareCreator>
					<softwareName>NA</softwareName>
				</processingSoftware>
			</ocrProcessingStep>
		</OCRProcessing>
	</Description>
	<Styles>
		<TextStyle ID="TXT_0" FONTSIZE="15" FONTFAMILY="Times New Roman"/>
		<TextStyle ID="TXT_1" FONTSIZE="73" FONTFAMILY="Unknown" FONTSTYLE="bold"/>
		<TextStyle ID="TXT_2" FONTSIZE="32" FONTFAMILY="Unknown" FONTSTYLE="bold"/>
		<TextStyle ID="TXT_3" FONTSIZE="20" FONTFAMILY="Times New Roman" FONTSTYLE="italics"/>
		<TextStyle ID="TXT_4" FONTSIZE="15" FONTFAMILY="Courier New" FONTSTYLE="bold"/>
		<TextStyle ID="TXT_5" FONTSIZE="13" FONTFAMILY="Times New Roman"/>
		<TextStyle ID="TXT_6" FONTSIZE="17" FONTFAMILY="Times New Roman" FONTSTYLE="bold"/>
		<TextStyle ID="TXT_7" FONTSIZE="17" FONTFAMILY="Times New Roman" FONTSTYLE="italics"/>
		<TextStyle ID="TXT_8" FONTSIZE="19" FONTFAMILY="Times New Roman" FONTSTYLE="bold italics"/>
		<ParagraphStyle ID="PAR_LEFT" ALIGN="Left"/>
		<ParagraphStyle ID="PAR_RIGHT" ALIGN="Right"/>
		<ParagraphStyle ID="PAR_CENTER" ALIGN="Center"/>
	</Styles>
	<Layout>
		<Page ID="P1" PHYSICAL_IMG_NR="1" HEIGHT="4376" WIDTH="3563" PC="0.927">
			<TopMargin ID="P1_TM00001" HPOS="0" VPOS="0" WIDTH="3563" HEIGHT="155"/>
			<LeftMargin ID="P1_LM00001" HPOS="0" VPOS="155" WIDTH="203" HEIGHT="4044"/>
			<RightMargin ID="P1_RM00001" HPOS="3369" VPOS="155" WIDTH="194" HEIGHT="4044"/>
			<BottomMargin ID="P1_BM00001" HPOS="0" VPOS="4199" WIDTH="3563" HEIGHT="177"/>
			<PrintSpace ID="P1_PS00001" HPOS="203" VPOS="155" WIDTH="3166" HEIGHT="4044">
				<TextBlock ID="P1_TB00001" HPOS="230" VPOS="155" WIDTH="3116" HEIGHT="622" STYLEREFS="TXT_0 PAR_LEFT">
					<TextLine ID="P1_TL00001" HPOS="418" VPOS="155" WIDTH="2717" HEIGHT="264">
						<String ID="P1_ST00001" HPOS="418" VPOS="155" WIDTH="1427" HEIGHT="198" CONTENT="Niederrheinisdie" WC="0.37" CC="8078846780608878" STYLEREFS="TXT_1"/>
						<SP ID="P1_SP00001" HPOS="1845" VPOS="353" WIDTH="147"/>
						<String ID="P1_ST00002" HPOS="1992" VPOS="160" WIDTH="1143" HEIGHT="259" CONTENT="Musik-Zeitung" WC="0.99" CC="7370608807069" STYLEREFS="TXT_1"/>
					</TextLine>
					<TextLine ID="P1_TL00002" HPOS="1055" VPOS="457" WIDTH="1410" HEIGHT="122">
						<String ID="P1_ST00003" HPOS="1055" VPOS="457" WIDTH="114" HEIGHT="117" CONTENT="für" WC="0.91" CC="787" STYLEREFS="TXT_2"/>
						<SP ID="P1_SP00002" HPOS="1169" VPOS="574" WIDTH="84"/>
						<String ID="P1_ST00004" HPOS="1253" VPOS="457" WIDTH="562" HEIGHT="117" CONTENT="Ilunstfmmk" WC="0.20" CC="8587877689" STYLEREFS="TXT_2"/>
						<SP ID="P1_SP00003" HPOS="1815" VPOS="574" WIDTH="60"/>
						<String ID="P1_ST00005" HPOS="1875" VPOS="463" WIDTH="135" HEIGHT="111" CONTENT="uni)" WC="0.41" CC="8807" STYLEREFS="TXT_2"/>
						<SP ID="P1_SP00004" HPOS="2010" VPOS="574" WIDTH="59"/>
						<String ID="P1_ST00006" HPOS="2069" VPOS="460" WIDTH="396" HEIGHT="119" CONTENT="Mnstler." WC="0.38" CC="97750773" STYLEREFS="TXT_2"/>
					</TextLine>
					<TextLine ID="P1_TL00003" HPOS="230" VPOS="690" WIDTH="3116" HEIGHT="85">
						<String ID="P1_ST00007" HPOS="230" VPOS="691" WIDTH="391" HEIGHT="71" CONTENT="Herausgegeben" WC="0.99" CC="4022209090106"/>
						<SP ID="P1_SP00005" HPOS="621" VPOS="762" WIDTH="47"/>
						<String ID="P1_ST00008" HPOS="668" VPOS="713" WIDTH="89" HEIGHT="34" CONTENT="von" WC="0.97" CC="006"/>
						<SP ID="P1_SP00006" HPOS="757" VPOS="762" WIDTH="50"/>
						<String ID="P1_ST00009" HPOS="807" VPOS="696" WIDTH="238" HEIGHT="50" CONTENT="Professor" WC="1.00" CC="340100000"/>
						<SP ID="P1_SP00007" HPOS="1045" VPOS="762" WIDTH="55"/>
						<String ID="P1_ST00010" HPOS="1100" VPOS="692" WIDTH="68" HEIGHT="58" CONTENT="L." WC="0.63" CC="07" STYLEREFS="TXT_3"/>
						<SP ID="P1_SP00008" HPOS="1168" VPOS="762" WIDTH="46"/>
						<String ID="P1_ST00011" HPOS="1214" VPOS="690" WIDTH="264" HEIGHT="79" CONTENT="Bischoff." WC="0.99" CC="643404004" STYLEREFS="TXT_3"/>
						<SP ID="P1_SP00009" HPOS="1478" VPOS="769" WIDTH="198"/>
						<String ID="P1_ST00012" HPOS="1676" VPOS="696" WIDTH="174" HEIGHT="67" CONTENT="Verlag" WC="0.99" CC="000504"/>
						<SP ID="P1_SP00010" HPOS="1850" VPOS="769" WIDTH="55"/>
						<String ID="P1_ST00013" HPOS="1905" VPOS="699" WIDTH="81" HEIGHT="48" CONTENT="der" WC="1.00" CC="000"/>
						<SP ID="P1_SP00011" HPOS="1986" VPOS="769" WIDTH="51"/>
						<String ID="P1_ST00014" HPOS="2037" VPOS="695" WIDTH="84" HEIGHT="55" CONTENT="M." WC="0.54" CC="36" STYLEREFS="TXT_3"/>
						<SP ID="P1_SP00012" HPOS="2121" VPOS="769" WIDTH="48"/>
						<String ID="P1_ST00015" HPOS="2169" VPOS="692" WIDTH="761" HEIGHT="83" CONTENT="DuMont-Schauberg'schen" WC="0.55" CC="8005660750020727068887" STYLEREFS="TXT_3"/>
						<SP ID="P1_SP00013" HPOS="2930" VPOS="775" WIDTH="43"/>
						<String ID="P1_ST00016" HPOS="2973" VPOS="701" WIDTH="373" HEIGHT="68" CONTENT="Buchhandlung." WC="1.00" CC="0000000002093"/>
					</TextLine>
				</TextBlock>
				<TextBlock ID="P1_TB00002" HPOS="324" VPOS="1022" WIDTH="231" HEIGHT="40" STYLEREFS="TXT_4 PAR_LEFT">
					<TextLine ID="P1_TL00004" HPOS="326" VPOS="1023" WIDTH="227" HEIGHT="37">
						<String ID="P1_ST00017" HPOS="326" VPOS="1023" WIDTH="227" HEIGHT="37" CONTENT="Inhalt." WC="0.96" CC="7877787"/>
					</TextLine>
				</TextBlock>
				<TextBlock ID="P1_TB00003" HPOS="606" VPOS="1022" WIDTH="2752" HEIGHT="58" STYLEREFS="TXT_5 PAR_RIGHT">
					<TextLine ID="P1_TL00005" HPOS="609" VPOS="1023" WIDTH="2745" HEIGHT="54">
						<String ID="P1_ST00018" HPOS="609" VPOS="1023" WIDTH="115" HEIGHT="36" CONTENT="Carl" WC="0.98" CC="7000"/>
						<SP ID="P1_SP00014" HPOS="724" VPOS="1059" WIDTH="36"/>
						<String ID="P1_ST00019" HPOS="760" VPOS="1024" WIDTH="159" HEIGHT="35" CONTENT="Maria" WC="1.00" CC="00100"/>
						<SP ID="P1_SP00015" HPOS="919" VPOS="1059" WIDTH="35"/>
						<String ID="P1_ST00020" HPOS="954" VPOS="1037" WIDTH="91" HEIGHT="23" CONTENT="von" WC="0.96" CC="702"/>
						<SP ID="P1_SP00016" HPOS="1045" VPOS="1060" WIDTH="36"/>
						<String ID="P1_ST00021" HPOS="1081" VPOS="1025" WIDTH="184" HEIGHT="36" CONTENT="Weber." WC="0.98" CC="055205"/>
						<SP ID="P1_SP00017" HPOS="1265" VPOS="1061" WIDTH="40"/>
						<String ID="P1_ST00022" HPOS="1305" VPOS="1026" WIDTH="72" HEIGHT="33" CONTENT="Ein" WC="0.97" CC="034"/>
						<SP ID="P1_SP00018" HPOS="1377" VPOS="1061" WIDTH="29"/>
						<String ID="P1_ST00023" HPOS="1406" VPOS="1025" WIDTH="242" HEIGHT="36" CONTENT="Lebensbild." WC="0.99" CC="30606270000"/>
						<SP ID="P1_SP00019" HPOS="1648" VPOS="1061" WIDTH="31"/>
						<String ID="P1_ST00024" HPOS="1679" VPOS="1025" WIDTH="85" HEIGHT="33" CONTENT="Von" WC="0.95" CC="660"/>
						<SP ID="P1_SP00020" HPOS="1764" VPOS="1061" WIDTH="28"/>
						<String ID="P1_ST00025" HPOS="1792" VPOS="1025" WIDTH="91" HEIGHT="34" CONTENT="Max" WC="1.00" CC="000"/>
						<SP ID="P1_SP00021" HPOS="1883" VPOS="1061" WIDTH="27"/>
						<String ID="P1_ST00026" HPOS="1910" VPOS="1026" WIDTH="123" HEIGHT="35" CONTENT="Maria" WC="0.99" CC="00440"/>
						<SP ID="P1_SP00022" HPOS="2033" VPOS="1061" WIDTH="27"/>
						<String ID="P1_ST00027" HPOS="2060" VPOS="1037" WIDTH="75" HEIGHT="24" CONTENT="von" WC="0.98" CC="004"/>
						<SP ID="P1_SP00023" HPOS="2135" VPOS="1061" WIDTH="29"/>
						<String ID="P1_ST00028" HPOS="2164" VPOS="1026" WIDTH="149" HEIGHT="37" CONTENT="Weber." WC="0.99" CC="007142"/>
						<SP ID="P1_SP00024" HPOS="2313" VPOS="1063" WIDTH="31"/>
						<String ID="P1_ST00029" HPOS="2344" VPOS="1027" WIDTH="161" HEIGHT="34" CONTENT="Zweiter" WC="0.99" CC="0100800"/>
						<SP ID="P1_SP00025" HPOS="2505" VPOS="1063" WIDTH="28"/>
						<String ID="P1_ST00030" HPOS="2533" VPOS="1028" WIDTH="120" HEIGHT="34" CONTENT="Theil." WC="0.76" CC="073003"/>
						<SP ID="P1_SP00026" HPOS="2653" VPOS="1063" WIDTH="28"/>
						<String ID="P1_ST00031" HPOS="2681" VPOS="1029" WIDTH="49" HEIGHT="34" CONTENT="11." WC="0.98" CC="400"/>
						<SP ID="P1_SP00027" HPOS="2730" VPOS="1063" WIDTH="106"/>
						<String ID="P1_ST00032" HPOS="2836" VPOS="1029" WIDTH="94" HEIGHT="35" CONTENT="Aus" WC="0.98" CC="060"/>
						<SP ID="P1_SP00028" HPOS="2930" VPOS="1064" WIDTH="28"/>
						<String ID="P1_ST00033" HPOS="2958" VPOS="1029" WIDTH="161" HEIGHT="35" CONTENT="Berlin" WC="0.98" CC="013570"/>
						<SP ID="P1_SP00029" HPOS="3119" VPOS="1064" WIDTH="29"/>
						<String ID="P1_ST00034" HPOS="3148" VPOS="1030" WIDTH="206" HEIGHT="47" CONTENT="(Charlotte" WC="0.99" CC="0670346005"/>
					</TextLine>
				</TextBlock>
				<TextBlock ID="P1_TB00004" HPOS="221" VPOS="1081" WIDTH="3136" HEIGHT="174" STYLEREFS="TXT_5 PAR_LEFT">
					<TextLine ID="P1_TL00006" HPOS="222" VPOS="1083" WIDTH="3134" HEIGHT="50">
						<String ID="P1_ST00035" HPOS="222" VPOS="1083" WIDTH="158" HEIGHT="35" CONTENT="Dekner" WC="0.56" CC="642623"/>
						<SP ID="P1_SP00030" HPOS="380" VPOS="1118" WIDTH="107"/>
						<String ID="P1_ST00036" HPOS="487" VPOS="1083" WIDTH="113" HEIGHT="36" CONTENT="Clara" WC="0.97" CC="64622"/>
						<SP ID="P1_SP00031" HPOS="600" VPOS="1119" WIDTH="28"/>
						<String ID="P1_ST00037" HPOS="628" VPOS="1085" WIDTH="219" HEIGHT="35" CONTENT="Schumann" WC="0.98" CC="71665081"/>
						<SP ID="P1_SP00032" HPOS="847" VPOS="1120" WIDTH="26"/>
						<String ID="P1_ST00038" HPOS="873" VPOS="1085" WIDTH="79" HEIGHT="35" CONTENT="und" WC="0.96" CC="703"/>
						<SP ID="P1_SP00033" HPOS="952" VPOS="1120" WIDTH="28"/>
						<String ID="P1_ST00039" HPOS="980" VPOS="1085" WIDTH="132" HEIGHT="36" CONTENT="Julius" WC="0.98" CC="056053"/>
						<SP ID="P1_SP00034" HPOS="1112" VPOS="1121" WIDTH="29"/>
						<String ID="P1_ST00040" HPOS="1141" VPOS="1085" WIDTH="263" HEIGHT="36" CONTENT="Stockhausen" WC="0.99" CC="60354737050"/>
						<SP ID="P1_SP00035" HPOS="1404" VPOS="1121" WIDTH="106"/>
						<String ID="P1_ST00041" HPOS="1510" VPOS="1085" WIDTH="174" HEIGHT="36" CONTENT="Weber's" WC="0.63" CC="6230335"/>
						<SP ID="P1_SP00036" HPOS="1684" VPOS="1121" WIDTH="30"/>
						<String ID="P1_ST00042" HPOS="1714" VPOS="1084" WIDTH="299" HEIGHT="47" CONTENT='„Euryanthe").' WC="0.65" CC="0063606076404"/>
						<SP ID="P1_SP00037" HPOS="2013" VPOS="1131" WIDTH="127"/>
						<String ID="P1_ST00043" HPOS="2140" VPOS="1085" WIDTH="191" HEIGHT="47" CONTENT="Nachtrag" WC="0.98" CC="40673606"/>
						<SP ID="P1_SP00038" HPOS="2331" VPOS="1132" WIDTH="28"/>
						<String ID="P1_ST00044" HPOS="2359" VPOS="1098" WIDTH="66" HEIGHT="22" CONTENT="zu:" WC="0.96" CC="550"/>
						<SP ID="P1_SP00039" HPOS="2425" VPOS="1132" WIDTH="35"/>
						<String ID="P1_ST00045" HPOS="2460" VPOS="1088" WIDTH="101" HEIGHT="45" CONTENT="„Das" WC="0.98" CC="2004"/>
						<SP ID="P1_SP00040" HPOS="2561" VPOS="1133" WIDTH="29"/>
						<String ID="P1_ST00046" HPOS="2590" VPOS="1087" WIDTH="333" HEIGHT="36" CONTENT="Conservatorium" WC="0.50" CC="55757528052363"/>
						<SP ID="P1_SP00041" HPOS="2923" VPOS="1133" WIDTH="28"/>
						<String ID="P1_ST00047" HPOS="2951" VPOS="1091" WIDTH="37" HEIGHT="33" CONTENT="in" WC="0.90" CC="20"/>
						<SP ID="P1_SP00042" HPOS="2988" VPOS="1133" WIDTH="31"/>
						<String ID="P1_ST00048" HPOS="3019" VPOS="1091" WIDTH="139" HEIGHT="34" CONTENT='Köln".' WC="0.98" CC="154743"/>
						<SP ID="P1_SP00043" HPOS="3158" VPOS="1133" WIDTH="109"/>
						<String ID="P1_ST00049" HPOS="3267" VPOS="1094" WIDTH="60" HEIGHT="33" CONTENT="Ta" SUBS_TYPE="HypPart1" SUBS_CONTENT=" Tages" WC="0.96" CC="04"/>
						<HYP HPOS="3327" VPOS="1094" WIDTH="29" CONTENT="-"/>
					</TextLine>
					<TextLine ID="P1_TL00007" HPOS="221" VPOS="1144" WIDTH="3135" HEIGHT="49">
						<String ID="P1_ST00050" HPOS="221" VPOS="1156" WIDTH="106" HEIGHT="34" CONTENT="ges-" SUBS_TYPE="HypPart2" SUBS_CONTENT=" Tages" WC="0.96" CC="6623"/>
						<SP ID="P1_SP00044" HPOS="327" VPOS="1190" WIDTH="28"/>
						<String ID="P1_ST00051" HPOS="355" VPOS="1146" WIDTH="94" HEIGHT="34" CONTENT="und" WC="0.93" CC="675"/>
						<SP ID="P1_SP00045" HPOS="449" VPOS="1190" WIDTH="29"/>
						<String ID="P1_ST00052" HPOS="478" VPOS="1145" WIDTH="538" HEIGHT="46" CONTENT="Unterhaltungsblatt" WC="1.00" CC="030207061620410900"/>
						<SP ID="P1_SP00046" HPOS="1016" VPOS="1191" WIDTH="42"/>
						<String ID="P1_ST00053" HPOS="1058" VPOS="1145" WIDTH="130" HEIGHT="46" CONTENT="(Köln," WC="0.98" CC="416140"/>
						<SP ID="P1_SP00047" HPOS="1188" VPOS="1191" WIDTH="37"/>
						<String ID="P1_ST00054" HPOS="1225" VPOS="1146" WIDTH="125" HEIGHT="33" CONTENT="Dritte" WC="0.99" CC="030003"/>
						<SP ID="P1_SP00048" HPOS="1350" VPOS="1191" WIDTH="30"/>
						<String ID="P1_ST00055" HPOS="1380" VPOS="1145" WIDTH="130" HEIGHT="35" CONTENT="Soiree" WC="0.99" CC="600040"/>
						<SP ID="P1_SP00049" HPOS="1510" VPOS="1191" WIDTH="27"/>
						<String ID="P1_ST00056" HPOS="1537" VPOS="1146" WIDTH="60" HEIGHT="33" CONTENT="für" WC="0.95" CC="506"/>
						<SP ID="P1_SP00050" HPOS="1597" VPOS="1191" WIDTH="28"/>
						<String ID="P1_ST00057" HPOS="1625" VPOS="1144" WIDTH="320" HEIGHT="45" CONTENT="Kammermusik," WC="1.00" CC="004001060014"/>
						<SP ID="P1_SP00051" HPOS="1945" VPOS="1191" WIDTH="30"/>
						<String ID="P1_ST00058" HPOS="1975" VPOS="1146" WIDTH="184" HEIGHT="34" CONTENT="Händel's" WC="0.66" CC="46004416"/>
						<SP ID="P1_SP00052" HPOS="2159" VPOS="1191" WIDTH="33"/>
						<String ID="P1_ST00059" HPOS="2192" VPOS="1146" WIDTH="168" HEIGHT="46" CONTENT='„Josua"' WC="0.71" CC="2150604"/>
						<SP ID="P1_SP00053" HPOS="2360" VPOS="1192" WIDTH="109"/>
						<String ID="P1_ST00060" HPOS="2469" VPOS="1146" WIDTH="177" HEIGHT="47" CONTENT="Rudolph" WC="0.98" CC="7600047"/>
						<SP ID="P1_SP00054" HPOS="2646" VPOS="1193" WIDTH="190"/>
						<String ID="P1_ST00061" HPOS="2836" VPOS="1169" WIDTH="42" HEIGHT="5" CONTENT="—" WC="0.20" CC="8"/>
						<SP ID="P1_SP00055" HPOS="2878" VPOS="1193" WIDTH="33"/>
						<String ID="P1_ST00062" HPOS="2911" VPOS="1149" WIDTH="181" HEIGHT="44" CONTENT="Dresden," WC="0.99" CC="30057063"/>
						<SP ID="P1_SP00056" HPOS="3092" VPOS="1193" WIDTH="31"/>
						<String ID="P1_ST00063" HPOS="3123" VPOS="1152" WIDTH="233" HEIGHT="36" CONTENT="Ausschuss-" WC="0.56" CC="6671270333"/>
					</TextLine>
					<TextLine ID="P1_TL00008" HPOS="222" VPOS="1203" WIDTH="2812" HEIGHT="51">
						<String ID="P1_ST00064" HPOS="222" VPOS="1203" WIDTH="294" HEIGHT="48" CONTENT="Versammlung" WC="0.72" CC="84000004706"/>
						<SP ID="P1_SP00057" HPOS="516" VPOS="1251" WIDTH="27"/>
						<String ID="P1_ST00065" HPOS="543" VPOS="1205" WIDTH="62" HEIGHT="33" CONTENT="für" WC="0.99" CC="300"/>
						<SP ID="P1_SP00058" HPOS="605" VPOS="1251" WIDTH="27"/>
						<String ID="P1_ST00066" HPOS="632" VPOS="1204" WIDTH="66" HEIGHT="35" CONTENT="das" WC="0.99" CC="003"/>
						<SP ID="P1_SP00059" HPOS="698" VPOS="1251" WIDTH="30"/>
						<String ID="P1_ST00067" HPOS="728" VPOS="1209" WIDTH="97" HEIGHT="30" CONTENT="erste" WC="0.99" CC="02700"/>
						<SP ID="P1_SP00060" HPOS="825" VPOS="1251" WIDTH="29"/>
						<String ID="P1_ST00068" HPOS="854" VPOS="1205" WIDTH="183" HEIGHT="35" CONTENT="deutsche" WC="0.98" CC="06604571"/>
						<SP ID="P1_SP00061" HPOS="1037" VPOS="1251" WIDTH="28"/>
						<String ID="P1_ST00069" HPOS="1065" VPOS="1205" WIDTH="396" HEIGHT="46" CONTENT="Bundes-Sängerfest" WC="0.61" CC="06600547677430060"/>
						<SP ID="P1_SP00062" HPOS="1461" VPOS="1251" WIDTH="98"/>
						<String ID="P1_ST00070" HPOS="1559" VPOS="1205" WIDTH="206" HEIGHT="42" CONTENT="München," WC="0.99" CC="00707073"/>
						<SP ID="P1_SP00063" HPOS="1765" VPOS="1251" WIDTH="30"/>
						<String ID="P1_ST00071" HPOS="1795" VPOS="1203" WIDTH="150" HEIGHT="35" CONTENT="Ullman" WC="0.70" CC="244006"/>
						<SP ID="P1_SP00064" HPOS="1945" VPOS="1251" WIDTH="110"/>
						<String ID="P1_ST00072" HPOS="2055" VPOS="1205" WIDTH="123" HEIGHT="44" CONTENT="Wien," WC="0.97" CC="16373"/>
						<SP ID="P1_SP00065" HPOS="2178" VPOS="1251" WIDTH="30"/>
						<String ID="P1_ST00073" HPOS="2208" VPOS="1205" WIDTH="391" HEIGHT="35" CONTENT="Theater-Almanach" WC="0.99" CC="0720032364805007"/>
						<SP ID="P1_SP00066" HPOS="2599" VPOS="1251" WIDTH="105"/>
						<String ID="P1_ST00074" HPOS="2704" VPOS="1207" WIDTH="109" HEIGHT="47" CONTENT="Prag," WC="0.97" CC="47091"/>
						<SP ID="P1_SP00067" HPOS="2813" VPOS="1254" WIDTH="31"/>
						<String ID="P1_ST00075" HPOS="2844" VPOS="1207" WIDTH="190" HEIGHT="45" CONTENT="Concert)." WC="0.65" CC="648132004"/>
					</TextLine>
				</TextBlock>
				<TextBlock ID="P1_TB00005" HPOS="641" VPOS="1374" WIDTH="688" HEIGHT="58" STYLEREFS="TXT_6 PAR_LEFT">
					<TextLine ID="P1_TL00009" HPOS="642" VPOS="1374" WIDTH="687" HEIGHT="57">
						<String ID="P1_ST00076" HPOS="642" VPOS="1374" WIDTH="115" HEIGHT="55" CONTENT="Carl" WC="0.96" CC="7055"/>
						<SP ID="P1_SP00068" HPOS="757" VPOS="1429" WIDTH="40"/>
						<String ID="P1_ST00077" HPOS="797" VPOS="1374" WIDTH="156" HEIGHT="55" CONTENT="Maria" WC="0.97" CC="70049"/>
						<SP ID="P1_SP00069" HPOS="953" VPOS="1429" WIDTH="40"/>
						<String ID="P1_ST00078" HPOS="993" VPOS="1394" WIDTH="96" HEIGHT="37" CONTENT="von" WC="0.93" CC="647"/>
						<SP ID="P1_SP00070" HPOS="1089" VPOS="1431" WIDTH="42"/>
						<String ID="P1_ST00079" HPOS="1131" VPOS="1377" WIDTH="198" HEIGHT="54" CONTENT="Weber." WC="0.96" CC="677674"/>
					</TextLine>
				</TextBlock>
				<TextBlock ID="P1_TB00006" HPOS="340" VPOS="1496" WIDTH="1291" HEIGHT="41" STYLEREFS="TXT_5 PAR_LEFT">
					<TextLine ID="P1_TL00010" HPOS="342" VPOS="1497" WIDTH="1289" HEIGHT="40">
						<String ID="P1_ST00080" HPOS="342" VPOS="1497" WIDTH="89" HEIGHT="35" CONTENT="Ein" WC="0.99" CC="200"/>
						<SP ID="P1_SP00071" HPOS="431" VPOS="1532" WIDTH="42"/>
						<String ID="P1_ST00081" HPOS="473" VPOS="1497" WIDTH="308" HEIGHT="37" CONTENT="Lebensbild." WC="0.99" CC="45307611004"/>
						<SP ID="P1_SP00072" HPOS="781" VPOS="1534" WIDTH="58"/>
						<String ID="P1_ST00082" HPOS="839" VPOS="1499" WIDTH="99" HEIGHT="35" CONTENT="Von" WC="0.95" CC="605"/>
						<SP ID="P1_SP00073" HPOS="938" VPOS="1534" WIDTH="41"/>
						<String ID="P1_ST00083" HPOS="979" VPOS="1500" WIDTH="109" HEIGHT="35" CONTENT="Max" WC="0.98" CC="006"/>
						<SP ID="P1_SP00074" HPOS="1088" VPOS="1535" WIDTH="41"/>
						<String ID="P1_ST00084" HPOS="1129" VPOS="1501" WIDTH="153" HEIGHT="34" CONTENT="Maria" WC="0.99" CC="00330"/>
						<SP ID="P1_SP00075" HPOS="1282" VPOS="1535" WIDTH="40"/>
						<String ID="P1_ST00085" HPOS="1322" VPOS="1511" WIDTH="89" HEIGHT="24" CONTENT="von" WC="0.96" CC="404"/>
						<SP ID="P1_SP00076" HPOS="1411" VPOS="1535" WIDTH="41"/>
						<String ID="P1_ST00086" HPOS="1452" VPOS="1501" WIDTH="179" HEIGHT="36" CONTENT="Weber." WC="0.99" CC="010064"/>
					</TextLine>
				</TextBlock>
				<TextBlock ID="P1_TB00007" HPOS="746" VPOS="1603" WIDTH="479" HEIGHT="145" STYLEREFS="TXT_5 PAR_LEFT">
					<TextLine ID="P1_TL00011" HPOS="746" VPOS="1603" WIDTH="479" HEIGHT="31">
						<String ID="P1_ST00087" HPOS="746" VPOS="1603" WIDTH="253" HEIGHT="30" CONTENT="Zweiter" WC="0.97" CC="9646746"/>
						<SP ID="P1_SP00077" HPOS="999" VPOS="1633" WIDTH="48"/>
						<String ID="P1_ST00088" HPOS="1047" VPOS="1603" WIDTH="178" HEIGHT="31" CONTENT="Theil." WC="0.56" CC="770830"/>
					</TextLine>
					<TextLine ID="P1_TL00012" HPOS="956" VPOS="1699" WIDTH="58" HEIGHT="49">
						<String ID="P1_ST00089" HPOS="956" VPOS="1699" WIDTH="58" HEIGHT="49" CONTENT="II." WC="1.00" CC="003" STYLEREFS="TXT_0"/>
					</TextLine>
				</TextBlock>
				<TextBlock ID="P1_TB00008" HPOS="841" VPOS="1798" WIDTH="290" HEIGHT="48" STYLEREFS="TXT_5 PAR_LEFT">
					<TextLine ID="P1_TL00013" HPOS="841" VPOS="1798" WIDTH="290" HEIGHT="48">
						<String ID="P1_ST00090" HPOS="841" VPOS="1798" WIDTH="45" HEIGHT="46" CONTENT="(I." WC="0.70" CC="620"/>
						<SP ID="P1_SP00078" HPOS="886" VPOS="1844" WIDTH="31"/>
						<String ID="P1_ST00091" HPOS="917" VPOS="1800" WIDTH="38" HEIGHT="35" CONTENT="S." WC="0.47" CC="73"/>
						<SP ID="P1_SP00079" HPOS="955" VPOS="1844" WIDTH="29"/>
						<String ID="P1_ST00092" HPOS="984" VPOS="1800" WIDTH="63" HEIGHT="35" CONTENT="Nr." WC="0.97" CC="033"/>
						<SP ID="P1_SP00080" HPOS="1047" VPOS="1844" WIDTH="33"/>
						<String ID="P1_ST00093" HPOS="1080" VPOS="1800" WIDTH="51" HEIGHT="46" CONTENT="1.)" WC="0.59" CC="605"/>
					</TextLine>
				</TextBlock>
				<TextBlock ID="P1_TB00009" HPOS="204" VPOS="1882" WIDTH="1548" HEIGHT="2087" STYLEREFS="TXT_0 PAR_LEFT">
					<TextLine ID="P1_TL00014" HPOS="334" VPOS="1882" WIDTH="1416" HEIGHT="69">
						<String ID="P1_ST00094" HPOS="334" VPOS="1882" WIDTH="87" HEIGHT="49" CONTENT="Die" WC="0.98" CC="400"/>
						<SP ID="P1_SP00081" HPOS="421" VPOS="1931" WIDTH="23"/>
						<String ID="P1_ST00095" HPOS="444" VPOS="1882" WIDTH="264" HEIGHT="50" CONTENT="Ouvertüre" WC="1.00" CC="000032100"/>
						<SP ID="P1_SP00082" HPOS="708" VPOS="1932" WIDTH="21"/>
						<String ID="P1_ST00096" HPOS="729" VPOS="1900" WIDTH="81" HEIGHT="32" CONTENT="zur" WC="0.98" CC="500"/>
						<SP ID="P1_SP00083" HPOS="810" VPOS="1932" WIDTH="23"/>
						<String ID="P1_ST00097" HPOS="833" VPOS="1885" WIDTH="268" HEIGHT="66" CONTENT="Euryanthe" WC="0.75" CC="040560050"/>
						<SP ID="P1_SP00084" HPOS="1101" VPOS="1951" WIDTH="29"/>
						<String ID="P1_ST00098" HPOS="1130" VPOS="1886" WIDTH="180" HEIGHT="48" CONTENT="schrieb" WC="0.99" CC="0363003"/>
						<SP ID="P1_SP00085" HPOS="1310" VPOS="1951" WIDTH="27"/>
						<String ID="P1_ST00099" HPOS="1337" VPOS="1886" WIDTH="182" HEIGHT="50" CONTENT="Weber" WC="1.00" CC="00001"/>
						<SP ID="P1_SP00086" HPOS="1519" VPOS="1951" WIDTH="21"/>
						<String ID="P1_ST00100" HPOS="1540" VPOS="1887" WIDTH="41" HEIGHT="49" CONTENT="in" WC="0.76" CC="04"/>
						<SP ID="P1_SP00087" HPOS="1581" VPOS="1951" WIDTH="29"/>
						<String ID="P1_ST00101" HPOS="1610" VPOS="1889" WIDTH="140" HEIGHT="48" CONTENT="Wien" WC="0.99" CC="0002"/>
					</TextLine>
					<TextLine ID="P1_TL00015" HPOS="214" VPOS="1957" WIDTH="1538" HEIGHT="63">
						<String ID="P1_ST00102" HPOS="214" VPOS="1957" WIDTH="225" HEIGHT="50" CONTENT="zwischen" WC="0.99" CC="30060400"/>
						<SP ID="P1_SP00088" HPOS="439" VPOS="2007" WIDTH="45"/>
						<String ID="P1_ST00103" HPOS="484" VPOS="1959" WIDTH="102" HEIGHT="49" CONTENT="dem" WC="0.98" CC="300"/>
						<SP ID="P1_SP00089" HPOS="586" VPOS="2008" WIDTH="47"/>
						<String ID="P1_ST00104" HPOS="633" VPOS="1960" WIDTH="47" HEIGHT="48" CONTENT="6." WC="0.47" CC="64"/>
						<SP ID="P1_SP00090" HPOS="680" VPOS="2008" WIDTH="45"/>
						<String ID="P1_ST00105" HPOS="725" VPOS="1961" WIDTH="94" HEIGHT="48" CONTENT="und" WC="1.00" CC="001"/>
						<SP ID="P1_SP00091" HPOS="819" VPOS="2009" WIDTH="49"/>
						<String ID="P1_ST00106" HPOS="868" VPOS="1961" WIDTH="83" HEIGHT="50" CONTENT="19." WC="0.66" CC="161"/>
						<SP ID="P1_SP00092" HPOS="951" VPOS="2011" WIDTH="30"/>
						<String ID="P1_ST00107" HPOS="981" VPOS="1962" WIDTH="209" HEIGHT="50" CONTENT="October" WC="0.82" CC="3040003"/>
						<SP ID="P1_SP00093" HPOS="1190" VPOS="2012" WIDTH="42"/>
						<String ID="P1_ST00108" HPOS="1232" VPOS="1962" WIDTH="165" HEIGHT="58" CONTENT="1823," WC="0.48" CC="04866"/>
						<SP ID="P1_SP00094" HPOS="1397" VPOS="2020" WIDTH="44"/>
						<String ID="P1_ST00109" HPOS="1441" VPOS="1965" WIDTH="219" HEIGHT="48" CONTENT="während" WC="0.98" CC="5712019"/>
						<SP ID="P1_SP00095" HPOS="1660" VPOS="2020" WIDTH="44"/>
						<String ID="P1_ST00110" HPOS="1704" VPOS="1984" WIDTH="48" HEIGHT="29" CONTENT="er" WC="0.56" CC="44"/>
					</TextLine>
					<TextLine ID="P1_TL00016" HPOS="216" VPOS="2036" WIDTH="1535" HEIGHT="70">
						<String ID="P1_ST00111" HPOS="216" VPOS="2036" WIDTH="118" HEIGHT="48" CONTENT="auch" WC="0.96" CC="6234"/>
						<SP ID="P1_SP00096" HPOS="334" VPOS="2084" WIDTH="30"/>
						<String ID="P1_ST00112" HPOS="364" VPOS="2036" WIDTH="87" HEIGHT="48" CONTENT="den" WC="0.98" CC="005"/>
						<SP ID="P1_SP00097" HPOS="451" VPOS="2084" WIDTH="31"/>
						<String ID="P1_ST00113" HPOS="482" VPOS="2040" WIDTH="209" HEIGHT="61" CONTENT="grössten" WC="0.89" CC="00300400"/>
						<SP ID="P1_SP00098" HPOS="691" VPOS="2101" WIDTH="30"/>
						<String ID="P1_ST00114" HPOS="721" VPOS="2037" WIDTH="132" HEIGHT="50" CONTENT="Theil" WC="0.71" CC="06006"/>
						<SP ID="P1_SP00099" HPOS="853" VPOS="2101" WIDTH="37"/>
						<String ID="P1_ST00115" HPOS="890" VPOS="2039" WIDTH="77" HEIGHT="48" CONTENT="des" WC="1.00" CC="000"/>
						<SP ID="P1_SP00100" HPOS="967" VPOS="2101" WIDTH="32"/>
						<String ID="P1_ST00116" HPOS="999" VPOS="2040" WIDTH="413" HEIGHT="66" CONTENT="Clavier-Auszugs" WC="0.75" CC="220000303064553"/>
						<SP ID="P1_SP00101" HPOS="1412" VPOS="2106" WIDTH="43"/>
						<String ID="P1_ST00117" HPOS="1455" VPOS="2042" WIDTH="296" HEIGHT="50" CONTENT="bearbeitete." WC="1.00" CC="700000050300"/>
					</TextLine>
					<TextLine ID="P1_TL00017" HPOS="335" VPOS="2114" WIDTH="1415" HEIGHT="67">
						<String ID="P1_ST00118" HPOS="335" VPOS="2114" WIDTH="109" HEIGHT="49" CONTENT="Wir" WC="0.97" CC="044"/>
						<SP ID="P1_SP00102" HPOS="444" VPOS="2163" WIDTH="29"/>
						<String ID="P1_ST00119" HPOS="473" VPOS="2114" WIDTH="152" HEIGHT="49" CONTENT="haben" WC="0.98" CC="60014"/>
						<SP ID="P1_SP00103" HPOS="625" VPOS="2163" WIDTH="30"/>
						<String ID="P1_ST00120" HPOS="655" VPOS="2115" WIDTH="140" HEIGHT="48" CONTENT="schon" WC="0.99" CC="00040"/>
						<SP ID="P1_SP00104" HPOS="795" VPOS="2163" WIDTH="38"/>
						<String ID="P1_ST00121" HPOS="833" VPOS="2119" WIDTH="217" HEIGHT="62" CONTENT="gesehen," WC="0.99" CC="00400034"/>
						<SP ID="P1_SP00105" HPOS="1050" VPOS="2181" WIDTH="43"/>
						<String ID="P1_ST00122" HPOS="1093" VPOS="2117" WIDTH="103" HEIGHT="49" CONTENT="dass" WC="0.77" CC="0404"/>
						<SP ID="P1_SP00106" HPOS="1196" VPOS="2181" WIDTH="34"/>
						<String ID="P1_ST00123" HPOS="1230" VPOS="2119" WIDTH="179" HEIGHT="48" CONTENT="Weber" WC="0.99" CC="00405"/>
						<SP ID="P1_SP00107" HPOS="1409" VPOS="2181" WIDTH="30"/>
						<String ID="P1_ST00124" HPOS="1439" VPOS="2135" WIDTH="82" HEIGHT="32" CONTENT="von" WC="0.96" CC="009"/>
						<SP ID="P1_SP00108" HPOS="1521" VPOS="2181" WIDTH="32"/>
						<String ID="P1_ST00125" HPOS="1553" VPOS="2119" WIDTH="81" HEIGHT="48" CONTENT="der" WC="0.99" CC="001"/>
						<SP ID="P1_SP00109" HPOS="1634" VPOS="2181" WIDTH="33"/>
						<String ID="P1_ST00126" HPOS="1667" VPOS="2121" WIDTH="56" HEIGHT="47" CONTENT="Be" SUBS_TYPE="HypPart1" SUBS_CONTENT="Beschäftigung" WC="0.99" CC="20"/>
						<HYP HPOS="1723" VPOS="2121" WIDTH="27" CONTENT="-"/>
					</TextLine>
					<TextLine ID="P1_TL00018" HPOS="214" VPOS="2191" WIDTH="1537" HEIGHT="69">
						<String ID="P1_ST00127" HPOS="214" VPOS="2191" WIDTH="292" HEIGHT="65" CONTENT="schäftigung" SUBS_TYPE="HypPart2" SUBS_CONTENT="Beschäftigung" WC="0.99" CC="20746600069"/>
						<SP ID="P1_SP00110" HPOS="506" VPOS="2256" WIDTH="30"/>
						<String ID="P1_ST00128" HPOS="536" VPOS="2194" WIDTH="80" HEIGHT="45" CONTENT="mit" WC="0.97" CC="503"/>
						<SP ID="P1_SP00111" HPOS="616" VPOS="2256" WIDTH="28"/>
						<String ID="P1_ST00129" HPOS="644" VPOS="2192" WIDTH="81" HEIGHT="49" CONTENT="der" WC="0.99" CC="002"/>
						<SP ID="P1_SP00112" HPOS="725" VPOS="2256" WIDTH="30"/>
						<String ID="P1_ST00130" HPOS="755" VPOS="2195" WIDTH="149" HEIGHT="47" CONTENT="Musik" WC="0.97" CC="72907"/>
						<SP ID="P1_SP00113" HPOS="904" VPOS="2256" WIDTH="37"/>
						<String ID="P1_ST00131" HPOS="941" VPOS="2211" WIDTH="49" HEIGHT="32" CONTENT="so" WC="0.85" CC="02"/>
						<SP ID="P1_SP00114" HPOS="990" VPOS="2256" WIDTH="37"/>
						<String ID="P1_ST00132" HPOS="1027" VPOS="2196" WIDTH="352" HEIGHT="64" CONTENT="eingenommen" WC="0.99" CC="00400055701"/>
						<SP ID="P1_SP00115" HPOS="1379" VPOS="2260" WIDTH="32"/>
						<String ID="P1_ST00133" HPOS="1411" VPOS="2214" WIDTH="114" HEIGHT="39" CONTENT="war," WC="1.00" CC="0011"/>
						<SP ID="P1_SP00116" HPOS="1525" VPOS="2260" WIDTH="38"/>
						<String ID="P1_ST00134" HPOS="1563" VPOS="2197" WIDTH="103" HEIGHT="49" CONTENT="dass" WC="0.65" CC="2622"/>
						<SP ID="P1_SP00117" HPOS="1666" VPOS="2260" WIDTH="35"/>
						<String ID="P1_ST00135" HPOS="1701" VPOS="2215" WIDTH="50" HEIGHT="31" CONTENT="er" WC="0.96" CC="00"/>
					</TextLine>
					<TextLine ID="P1_TL00019" HPOS="214" VPOS="2267" WIDTH="1538" HEIGHT="66">
						<String ID="P1_ST00136" HPOS="214" VPOS="2267" WIDTH="74" HEIGHT="48" CONTENT="die" WC="1.00" CC="000"/>
						<SP ID="P1_SP00118" HPOS="288" VPOS="2315" WIDTH="29"/>
						<String ID="P1_ST00137" HPOS="317" VPOS="2284" WIDTH="188" HEIGHT="48" CONTENT="grossen" WC="0.99" CC="8000200"/>
						<SP ID="P1_SP00119" HPOS="505" VPOS="2332" WIDTH="32"/>
						<String ID="P1_ST00138" HPOS="537" VPOS="2270" WIDTH="182" HEIGHT="63" CONTENT="Mängel" WC="0.99" CC="002004"/>
						<SP ID="P1_SP00120" HPOS="719" VPOS="2333" WIDTH="39"/>
						<String ID="P1_ST00139" HPOS="758" VPOS="2268" WIDTH="79" HEIGHT="50" CONTENT="des" WC="1.00" CC="000"/>
						<SP ID="P1_SP00121" HPOS="837" VPOS="2333" WIDTH="30"/>
						<String ID="P1_ST00140" HPOS="867" VPOS="2271" WIDTH="168" HEIGHT="48" CONTENT="Textes" WC="0.99" CC="000601"/>
						<SP ID="P1_SP00122" HPOS="1035" VPOS="2333" WIDTH="42"/>
						<String ID="P1_ST00141" HPOS="1077" VPOS="2272" WIDTH="123" HEIGHT="47" CONTENT="nicht" WC="0.99" CC="50003"/>
						<SP ID="P1_SP00123" HPOS="1200" VPOS="2333" WIDTH="37"/>
						<String ID="P1_ST00142" HPOS="1237" VPOS="2272" WIDTH="181" HEIGHT="56" CONTENT="einsah;" WC="0.99" CC="0040862"/>
						<SP ID="P1_SP00124" HPOS="1418" VPOS="2333" WIDTH="41"/>
						<String ID="P1_ST00143" HPOS="1459" VPOS="2291" WIDTH="88" HEIGHT="30" CONTENT="nur" WC="1.00" CC="000"/>
						<SP ID="P1_SP00125" HPOS="1547" VPOS="2333" WIDTH="40"/>
						<String ID="P1_ST00144" HPOS="1587" VPOS="2275" WIDTH="43" HEIGHT="47" CONTENT="in" WC="0.93" CC="01"/>
						<SP ID="P1_SP00126" HPOS="1630" VPOS="2333" WIDTH="40"/>
						<String ID="P1_ST00145" HPOS="1670" VPOS="2275" WIDTH="82" HEIGHT="48" CONTENT="der" WC="0.99" CC="020"/>
					</TextLine>
					<TextLine ID="P1_TL00020" HPOS="213" VPOS="2345" WIDTH="1538" HEIGHT="72">
						<String ID="P1_ST00146" HPOS="213" VPOS="2345" WIDTH="246" HEIGHT="48" CONTENT="vorletzten" WC="0.99" CC="8000024303"/>
						<SP ID="P1_SP00127" HPOS="459" VPOS="2393" WIDTH="32"/>
						<String ID="P1_ST00147" HPOS="491" VPOS="2346" WIDTH="349" HEIGHT="66" CONTENT="Generalprobe" WC="0.99" CC="001035726440"/>
						<SP ID="P1_SP00128" HPOS="840" VPOS="2412" WIDTH="44"/>
						<String ID="P1_ST00148" HPOS="884" VPOS="2348" WIDTH="148" HEIGHT="49" CONTENT="fühlte" WC="0.99" CC="500510"/>
						<SP ID="P1_SP00129" HPOS="1032" VPOS="2412" WIDTH="42"/>
						<String ID="P1_ST00149" HPOS="1074" VPOS="2366" WIDTH="50" HEIGHT="31" CONTENT="er" WC="0.80" CC="04"/>
						<SP ID="P1_SP00130" HPOS="1124" VPOS="2412" WIDTH="42"/>
						<String ID="P1_ST00150" HPOS="1166" VPOS="2351" WIDTH="274" HEIGHT="47" CONTENT="namentlich" WC="1.00" CC="5000030006"/>
						<SP ID="P1_SP00131" HPOS="1440" VPOS="2412" WIDTH="41"/>
						<String ID="P1_ST00151" HPOS="1481" VPOS="2351" WIDTH="71" HEIGHT="48" CONTENT="die" WC="0.99" CC="020"/>
						<SP ID="P1_SP00132" HPOS="1552" VPOS="2412" WIDTH="43"/>
						<String ID="P1_ST00152" HPOS="1595" VPOS="2352" WIDTH="156" HEIGHT="65" CONTENT="Länge" WC="1.00" CC="00200"/>
					</TextLine>
					<TextLine ID="P1_TL00021" HPOS="214" VPOS="2421" WIDTH="1537" HEIGHT="72">
						<String ID="P1_ST00153" HPOS="214" VPOS="2421" WIDTH="83" HEIGHT="49" CONTENT="der" WC="0.98" CC="005"/>
						<SP ID="P1_SP00133" HPOS="297" VPOS="2470" WIDTH="29"/>
						<String ID="P1_ST00154" HPOS="326" VPOS="2422" WIDTH="130" HEIGHT="66" CONTENT="Oper" WC="0.99" CC="1002"/>
						<SP ID="P1_SP00134" HPOS="456" VPOS="2488" WIDTH="45"/>
						<String ID="P1_ST00155" HPOS="501" VPOS="2423" WIDTH="150" HEIGHT="49" CONTENT="neben" WC="1.00" CC="00000"/>
						<SP ID="P1_SP00135" HPOS="651" VPOS="2488" WIDTH="41"/>
						<String ID="P1_ST00156" HPOS="692" VPOS="2425" WIDTH="85" HEIGHT="47" CONTENT="den" WC="0.98" CC="006"/>
						<SP ID="P1_SP00136" HPOS="777" VPOS="2488" WIDTH="46"/>
						<String ID="P1_ST00157" HPOS="823" VPOS="2432" WIDTH="172" HEIGHT="42" CONTENT="matten" WC="0.98" CC="046006"/>
						<SP ID="P1_SP00137" HPOS="995" VPOS="2488" WIDTH="40"/>
						<String ID="P1_ST00158" HPOS="1035" VPOS="2427" WIDTH="167" HEIGHT="47" CONTENT="Stellen" WC="0.99" CC="0307000"/>
						<SP ID="P1_SP00138" HPOS="1202" VPOS="2488" WIDTH="40"/>
						<String ID="P1_ST00159" HPOS="1242" VPOS="2426" WIDTH="81" HEIGHT="49" CONTENT="der" WC="1.00" CC="000"/>
						<SP ID="P1_SP00139" HPOS="1323" VPOS="2488" WIDTH="44"/>
						<String ID="P1_ST00160" HPOS="1367" VPOS="2427" WIDTH="251" HEIGHT="66" CONTENT="Handlung" WC="0.99" CC="73006070"/>
						<SP ID="P1_SP00140" HPOS="1618" VPOS="2493" WIDTH="42"/>
						<String ID="P1_ST00161" HPOS="1660" VPOS="2430" WIDTH="91" HEIGHT="48" CONTENT="und" WC="0.99" CC="300"/>
					</TextLine>
					<TextLine ID="P1_TL00022" HPOS="213" VPOS="2501" WIDTH="1537" HEIGHT="68">
						<String ID="P1_ST00162" HPOS="213" VPOS="2506" WIDTH="130" HEIGHT="58" CONTENT="sagte" WC="0.99" CC="03040"/>
						<SP ID="P1_SP00141" HPOS="343" VPOS="2564" WIDTH="30"/>
						<String ID="P1_ST00163" HPOS="373" VPOS="2501" WIDTH="117" HEIGHT="47" CONTENT="nach" WC="0.99" CC="0500"/>
						<SP ID="P1_SP00142" HPOS="490" VPOS="2564" WIDTH="29"/>
						<String ID="P1_ST00164" HPOS="519" VPOS="2502" WIDTH="46" HEIGHT="47" CONTENT="S." WC="0.78" CC="04"/>
						<SP ID="P1_SP00143" HPOS="565" VPOS="2564" WIDTH="33"/>
						<String ID="P1_ST00165" HPOS="598" VPOS="2501" WIDTH="109" HEIGHT="49" CONTENT="519" WC="0.70" CC="503"/>
						<SP ID="P1_SP00144" HPOS="707" VPOS="2564" WIDTH="33"/>
						<String ID="P1_ST00166" HPOS="740" VPOS="2502" WIDTH="81" HEIGHT="47" CONTENT="der" WC="0.99" CC="002"/>
						<SP ID="P1_SP00145" HPOS="821" VPOS="2564" WIDTH="31"/>
						<String ID="P1_ST00167" HPOS="852" VPOS="2503" WIDTH="277" HEIGHT="66" CONTENT="Biographie" WC="1.00" CC="0300130700"/>
						<SP ID="P1_SP00146" HPOS="1129" VPOS="2569" WIDTH="39"/>
						<String ID="P1_ST00168" HPOS="1168" VPOS="2505" WIDTH="203" HEIGHT="48" CONTENT="selbst:" WC="0.99" CC="3016240"/>
						<SP ID="P1_SP00147" HPOS="1371" VPOS="2569" WIDTH="42"/>
						<String ID="P1_ST00169" HPOS="1413" VPOS="2507" WIDTH="104" HEIGHT="55" CONTENT="„Ich" WC="0.98" CC="5100"/>
						<SP ID="P1_SP00148" HPOS="1517" VPOS="2569" WIDTH="33"/>
						<String ID="P1_ST00170" HPOS="1550" VPOS="2507" WIDTH="200" HEIGHT="57" CONTENT="fürchte," WC="1.00" CC="00403200"/>
					</TextLine>
					<TextLine ID="P1_TL00023" HPOS="214" VPOS="2578" WIDTH="1536" HEIGHT="70">
						<String ID="P1_ST00171" HPOS="214" VPOS="2594" WIDTH="83" HEIGHT="31" CONTENT="aus" WC="0.97" CC="051"/>
						<SP ID="P1_SP00149" HPOS="297" VPOS="2625" WIDTH="30"/>
						<String ID="P1_ST00172" HPOS="327" VPOS="2578" WIDTH="176" HEIGHT="47" CONTENT="meiner" WC="0.99" CC="100600"/>
						<SP ID="P1_SP00150" HPOS="503" VPOS="2625" WIDTH="28"/>
						<String ID="P1_ST00173" HPOS="531" VPOS="2580" WIDTH="271" HEIGHT="64" CONTENT="Euryanthe" WC="0.75" CC="024620500"/>
						<SP ID="P1_SP00151" HPOS="802" VPOS="2644" WIDTH="31"/>
						<String ID="P1_ST00174" HPOS="833" VPOS="2581" WIDTH="113" HEIGHT="48" CONTENT="wird" WC="0.99" CC="1040"/>
						<SP ID="P1_SP00152" HPOS="946" VPOS="2644" WIDTH="33"/>
						<String ID="P1_ST00175" HPOS="979" VPOS="2582" WIDTH="331" HEIGHT="65" CONTENT='Ennuyiante."' WC="0.84" CC="000000160036"/>
						<SP ID="P1_SP00153" HPOS="1310" VPOS="2647" WIDTH="52"/>
						<String ID="P1_ST00176" HPOS="1362" VPOS="2583" WIDTH="259" HEIGHT="65" CONTENT="Allerdings" WC="0.99" CC="3120030600"/>
						<SP ID="P1_SP00154" HPOS="1621" VPOS="2648" WIDTH="31"/>
						<String ID="P1_ST00177" HPOS="1652" VPOS="2601" WIDTH="74" HEIGHT="32" CONTENT="ver" SUBS_TYPE="HypPart1" SUBS_CONTENT="verbreitete" WC="0.98" CC="005"/>
						<HYP HPOS="1726" VPOS="2601" WIDTH="24" CONTENT="-"/>
					</TextLine>
					<TextLine ID="P1_TL00024" HPOS="214" VPOS="2653" WIDTH="1537" HEIGHT="74">
						<String ID="P1_ST00178" HPOS="214" VPOS="2653" WIDTH="193" HEIGHT="50" CONTENT="breitete" SUBS_TYPE="HypPart2" SUBS_CONTENT="verbreitete" WC="0.99" CC="65006000"/>
						<SP ID="P1_SP00155" HPOS="407" VPOS="2703" WIDTH="42"/>
						<String ID="P1_ST00179" HPOS="449" VPOS="2656" WIDTH="92" HEIGHT="48" CONTENT="sich" WC="0.98" CC="3007"/>
						<SP ID="P1_SP00156" HPOS="541" VPOS="2704" WIDTH="42"/>
						<String ID="P1_ST00180" HPOS="583" VPOS="2655" WIDTH="81" HEIGHT="49" CONTENT="das" WC="0.99" CC="003"/>
						<SP ID="P1_SP00157" HPOS="664" VPOS="2704" WIDTH="30"/>
						<String ID="P1_ST00181" HPOS="694" VPOS="2657" WIDTH="206" HEIGHT="48" CONTENT="Gerücht" WC="0.99" CC="0026056"/>
						<SP ID="P1_SP00158" HPOS="900" VPOS="2705" WIDTH="37"/>
						<String ID="P1_ST00182" HPOS="937" VPOS="2676" WIDTH="84" HEIGHT="31" CONTENT="von" WC="0.97" CC="035"/>
						<SP ID="P1_SP00159" HPOS="1021" VPOS="2707" WIDTH="30"/>
						<String ID="P1_ST00183" HPOS="1051" VPOS="2660" WIDTH="83" HEIGHT="47" CONTENT="der" WC="1.00" CC="000"/>
						<SP ID="P1_SP00160" HPOS="1134" VPOS="2707" WIDTH="28"/>
						<String ID="P1_ST00184" HPOS="1162" VPOS="2660" WIDTH="320" HEIGHT="64" CONTENT="Ausdehnung" WC="0.99" CC="0400060330"/>
						<SP ID="P1_SP00161" HPOS="1482" VPOS="2724" WIDTH="29"/>
						<String ID="P1_ST00185" HPOS="1511" VPOS="2661" WIDTH="81" HEIGHT="48" CONTENT="der" WC="0.99" CC="001"/>
						<SP ID="P1_SP00162" HPOS="1592" VPOS="2724" WIDTH="29"/>
						<String ID="P1_ST00186" HPOS="1621" VPOS="2662" WIDTH="130" HEIGHT="65" CONTENT="Oper" WC="0.99" CC="2002"/>
					</TextLine>
					<TextLine ID="P1_TL00025" HPOS="213" VPOS="2731" WIDTH="1537" HEIGHT="71">
						<String ID="P1_ST00187" HPOS="213" VPOS="2731" WIDTH="95" HEIGHT="49" CONTENT="und" WC="0.96" CC="530"/>
						<SP ID="P1_SP00163" HPOS="308" VPOS="2780" WIDTH="40"/>
						<String ID="P1_ST00188" HPOS="348" VPOS="2731" WIDTH="81" HEIGHT="49" CONTENT="der" WC="1.00" CC="000"/>
						<SP ID="P1_SP00164" HPOS="429" VPOS="2780" WIDTH="39"/>
						<String ID="P1_ST00189" HPOS="468" VPOS="2732" WIDTH="223" HEIGHT="50" CONTENT="unklaren" WC="0.99" CC="04240404"/>
						<SP ID="P1_SP00165" HPOS="691" VPOS="2782" WIDTH="39"/>
						<String ID="P1_ST00190" HPOS="730" VPOS="2735" WIDTH="278" HEIGHT="66" CONTENT="Motivirung" WC="0.94" CC="0320000000"/>
						<SP ID="P1_SP00166" HPOS="1008" VPOS="2801" WIDTH="39"/>
						<String ID="P1_ST00191" HPOS="1047" VPOS="2736" WIDTH="82" HEIGHT="48" CONTENT="der" WC="0.98" CC="004"/>
						<SP ID="P1_SP00167" HPOS="1129" VPOS="2801" WIDTH="30"/>
						<String ID="P1_ST00192" HPOS="1159" VPOS="2737" WIDTH="252" HEIGHT="65" CONTENT="Handlung" WC="0.99" CC="52300550"/>
						<SP ID="P1_SP00168" HPOS="1411" VPOS="2802" WIDTH="45"/>
						<String ID="P1_ST00193" HPOS="1456" VPOS="2738" WIDTH="92" HEIGHT="49" CONTENT="und" WC="0.97" CC="060"/>
						<SP ID="P1_SP00169" HPOS="1548" VPOS="2802" WIDTH="40"/>
						<String ID="P1_ST00194" HPOS="1588" VPOS="2740" WIDTH="162" HEIGHT="48" CONTENT="wirkte" WC="1.00" CC="000030"/>
					</TextLine>
					<TextLine ID="P1_TL00026" HPOS="211" VPOS="2809" WIDTH="1188" HEIGHT="69">
						<String ID="P1_ST00195" HPOS="211" VPOS="2809" WIDTH="281" HEIGHT="67" CONTENT="nachtheilig" WC="0.99" CC="60364600540"/>
						<SP ID="P1_SP00170" HPOS="492" VPOS="2876" WIDTH="30"/>
						<String ID="P1_ST00196" HPOS="522" VPOS="2811" WIDTH="83" HEIGHT="48" CONTENT="auf" WC="0.99" CC="300"/>
						<SP ID="P1_SP00171" HPOS="605" VPOS="2876" WIDTH="22"/>
						<String ID="P1_ST00197" HPOS="627" VPOS="2811" WIDTH="71" HEIGHT="48" CONTENT="die" WC="1.00" CC="000"/>
						<SP ID="P1_SP00172" HPOS="698" VPOS="2876" WIDTH="29"/>
						<String ID="P1_ST00198" HPOS="727" VPOS="2812" WIDTH="257" HEIGHT="66" CONTENT="Spannung" WC="0.99" CC="00050150"/>
						<SP ID="P1_SP00173" HPOS="984" VPOS="2878" WIDTH="28"/>
						<String ID="P1_ST00199" HPOS="1012" VPOS="2813" WIDTH="79" HEIGHT="49" CONTENT="des" WC="1.00" CC="000"/>
						<SP ID="P1_SP00174" HPOS="1091" VPOS="2878" WIDTH="29"/>
						<String ID="P1_ST00200" HPOS="1120" VPOS="2815" WIDTH="279" HEIGHT="49" CONTENT="Publicums." WC="0.72" CC="0450004093"/>
					</TextLine>
					<TextLine ID="P1_TL00027" HPOS="329" VPOS="2888" WIDTH="1419" HEIGHT="70">
						<String ID="P1_ST00201" HPOS="329" VPOS="2888" WIDTH="87" HEIGHT="48" CONTENT="Die" WC="0.98" CC="400"/>
						<SP ID="P1_SP00175" HPOS="416" VPOS="2936" WIDTH="17"/>
						<String ID="P1_ST00202" HPOS="433" VPOS="2888" WIDTH="256" HEIGHT="66" CONTENT="Besetzung" WC="0.99" CC="400064500"/>
						<SP ID="P1_SP00176" HPOS="689" VPOS="2954" WIDTH="23"/>
						<String ID="P1_ST00203" HPOS="712" VPOS="2906" WIDTH="98" HEIGHT="32" CONTENT="war" WC="0.96" CC="054"/>
						<SP ID="P1_SP00177" HPOS="810" VPOS="2954" WIDTH="16"/>
						<String ID="P1_ST00204" HPOS="826" VPOS="2892" WIDTH="301" HEIGHT="50" CONTENT="vortrefflich." WC="1.00" CC="0001103710054"/>
						<SP ID="P1_SP00178" HPOS="1127" VPOS="2954" WIDTH="30"/>
						<String ID="P1_ST00205" HPOS="1157" VPOS="2893" WIDTH="270" HEIGHT="65" CONTENT="Euryanthe" WC="0.84" CC="022003600"/>
						<String ID="P1_ST00206" HPOS="1437" VPOS="2895" WIDTH="311" HEIGHT="48" CONTENT="—Henriette" WC="0.99" CC="8600000630"/>
					</TextLine>
					<TextLine ID="P1_TL00028" HPOS="212" VPOS="2964" WIDTH="1535" HEIGHT="70">
						<String ID="P1_ST00207" HPOS="212" VPOS="2964" WIDTH="195" HEIGHT="68" CONTENT="Sontag," WC="0.62" CC="3465401"/>
						<SP ID="P1_SP00179" HPOS="407" VPOS="3032" WIDTH="30"/>
						<String ID="P1_ST00208" HPOS="437" VPOS="2966" WIDTH="175" HEIGHT="49" CONTENT="damals" WC="0.99" CC="000019"/>
						<SP ID="P1_SP00180" HPOS="612" VPOS="3032" WIDTH="35"/>
						<String ID="P1_ST00209" HPOS="647" VPOS="2966" WIDTH="64" HEIGHT="49" CONTENT="17" WC="0.59" CC="08"/>
						<SP ID="P1_SP00181" HPOS="711" VPOS="3032" WIDTH="25"/>
						<String ID="P1_ST00210" HPOS="736" VPOS="2968" WIDTH="144" HEIGHT="48" CONTENT="Jahre" WC="0.99" CC="22220"/>
						<SP ID="P1_SP00182" HPOS="880" VPOS="3032" WIDTH="29"/>
						<String ID="P1_ST00211" HPOS="909" VPOS="2969" WIDTH="85" HEIGHT="58" CONTENT="alt;" WC="0.97" CC="1640"/>
						<SP ID="P1_SP00183" HPOS="994" VPOS="3032" WIDTH="29"/>
						<String ID="P1_ST00212" HPOS="1023" VPOS="2971" WIDTH="400" HEIGHT="63" CONTENT="Eglantine—die" WC="0.83" CC="2004000708000"/>
						<SP ID="P1_SP00184" HPOS="1423" VPOS="3034" WIDTH="24"/>
						<String ID="P1_ST00213" HPOS="1447" VPOS="2971" WIDTH="300" HEIGHT="58" CONTENT="Grünbaum;" WC="0.99" CC="056134500"/>
					</TextLine>
					<TextLine ID="P1_TL00029" HPOS="208" VPOS="3042" WIDTH="1539" HEIGHT="72">
						<String ID="P1_ST00214" HPOS="208" VPOS="3042" WIDTH="179" HEIGHT="51" CONTENT="Adolar" WC="0.81" CC="000055"/>
						<SP ID="P1_SP00185" HPOS="387" VPOS="3093" WIDTH="104"/>
						<String ID="P1_ST00215" HPOS="491" VPOS="3044" WIDTH="292" HEIGHT="65" CONTENT="Haitzinger;" WC="1.00" CC="30036000023"/>
						<SP ID="P1_SP00186" HPOS="783" VPOS="3109" WIDTH="37"/>
						<String ID="P1_ST00216" HPOS="820" VPOS="3047" WIDTH="180" HEIGHT="65" CONTENT="Lysiart" WC="0.79" CC="0000365"/>
						<SP ID="P1_SP00187" HPOS="1000" VPOS="3112" WIDTH="97"/>
						<String ID="P1_ST00217" HPOS="1097" VPOS="3048" WIDTH="152" HEIGHT="56" CONTENT="Forti;" WC="0.86" CC="005030"/>
						<SP ID="P1_SP00188" HPOS="1249" VPOS="3112" WIDTH="31"/>
						<String ID="P1_ST00218" HPOS="1280" VPOS="3048" WIDTH="81" HEIGHT="48" CONTENT="der" WC="0.98" CC="005"/>
						<SP ID="P1_SP00189" HPOS="1361" VPOS="3112" WIDTH="28"/>
						<String ID="P1_ST00219" HPOS="1389" VPOS="3049" WIDTH="155" HEIGHT="65" CONTENT="König" WC="0.99" CC="20600"/>
						<SP ID="P1_SP00190" HPOS="1544" VPOS="3114" WIDTH="105"/>
						<String ID="P1_ST00220" HPOS="1649" VPOS="3051" WIDTH="74" HEIGHT="47" CONTENT="Sei" SUBS_TYPE="HypPart1" SUBS_CONTENT=" Seipelt." WC="0.73" CC="600"/>
						<HYP HPOS="1723" VPOS="3051" WIDTH="24" CONTENT="-"/>
					</TextLine>
					<TextLine ID="P1_TL00030" HPOS="208" VPOS="3121" WIDTH="1539" HEIGHT="71">
						<String ID="P1_ST00221" HPOS="208" VPOS="3121" WIDTH="108" HEIGHT="66" CONTENT="pelt." SUBS_TYPE="HypPart2" SUBS_CONTENT=" Seipelt." WC="0.81" CC="30104"/>
						<SP ID="P1_SP00191" HPOS="316" VPOS="3187" WIDTH="49"/>
						<String ID="P1_ST00222" HPOS="365" VPOS="3121" WIDTH="158" HEIGHT="49" CONTENT="Ueber" WC="0.69" CC="40604"/>
						<SP ID="P1_SP00192" HPOS="523" VPOS="3187" WIDTH="39"/>
						<String ID="P1_ST00223" HPOS="562" VPOS="3122" WIDTH="85" HEIGHT="48" CONTENT="den" WC="0.99" CC="003"/>
						<SP ID="P1_SP00193" HPOS="647" VPOS="3187" WIDTH="35"/>
						<String ID="P1_ST00224" HPOS="682" VPOS="3122" WIDTH="125" HEIGHT="48" CONTENT="Chor" WC="0.96" CC="7443"/>
						<SP ID="P1_SP00194" HPOS="807" VPOS="3187" WIDTH="42"/>
						<String ID="P1_ST00225" HPOS="849" VPOS="3123" WIDTH="171" HEIGHT="50" CONTENT="konnte" WC="1.00" CC="000300"/>
						<SP ID="P1_SP00195" HPOS="1020" VPOS="3187" WIDTH="41"/>
						<String ID="P1_ST00226" HPOS="1061" VPOS="3124" WIDTH="92" HEIGHT="49" CONTENT="sich" WC="0.97" CC="5025"/>
						<SP ID="P1_SP00196" HPOS="1153" VPOS="3187" WIDTH="35"/>
						<String ID="P1_ST00227" HPOS="1188" VPOS="3126" WIDTH="182" HEIGHT="48" CONTENT="Weber" WC="0.99" CC="00202"/>
						<SP ID="P1_SP00197" HPOS="1370" VPOS="3187" WIDTH="37"/>
						<String ID="P1_ST00228" HPOS="1407" VPOS="3142" WIDTH="84" HEIGHT="50" CONTENT="gar" WC="1.00" CC="000"/>
						<SP ID="P1_SP00198" HPOS="1491" VPOS="3192" WIDTH="26"/>
						<String ID="P1_ST00229" HPOS="1517" VPOS="3127" WIDTH="125" HEIGHT="48" CONTENT="nicht" WC="0.98" CC="50056"/>
						<SP ID="P1_SP00199" HPOS="1642" VPOS="3192" WIDTH="38"/>
						<String ID="P1_ST00230" HPOS="1680" VPOS="3128" WIDTH="45" HEIGHT="47" CONTENT="lo" SUBS_TYPE="HypPart1" SUBS_CONTENT="lobend" WC="0.98" CC="31"/>
						<HYP HPOS="1725" VPOS="3128" WIDTH="22" CONTENT="-"/>
					</TextLine>
					<TextLine ID="P1_TL00031" HPOS="208" VPOS="3197" WIDTH="663" HEIGHT="68">
						<String ID="P1_ST00231" HPOS="208" VPOS="3197" WIDTH="122" HEIGHT="49" CONTENT="bend" SUBS_TYPE="HypPart2" SUBS_CONTENT="lobend" WC="0.99" CC="5000"/>
						<SP ID="P1_SP00200" HPOS="330" VPOS="3246" WIDTH="30"/>
						<String ID="P1_ST00232" HPOS="360" VPOS="3215" WIDTH="157" HEIGHT="48" CONTENT="genug" WC="0.98" CC="90050"/>
						<SP ID="P1_SP00201" HPOS="517" VPOS="3263" WIDTH="29"/>
						<String ID="P1_ST00233" HPOS="546" VPOS="3199" WIDTH="325" HEIGHT="66" CONTENT="aussprechen." WC="1.00" CC="030103021000"/>
					</TextLine>
					<TextLine ID="P1_TL00032" HPOS="325" VPOS="3277" WIDTH="1421" HEIGHT="54">
						<String ID="P1_ST00234" HPOS="325" VPOS="3277" WIDTH="99" HEIGHT="48" CONTENT="Der" WC="1.00" CC="000"/>
						<SP ID="P1_SP00202" HPOS="424" VPOS="3325" WIDTH="29"/>
						<String ID="P1_ST00235" HPOS="453" VPOS="3277" WIDTH="165" HEIGHT="49" CONTENT="Abend" WC="0.99" CC="55000"/>
						<SP ID="P1_SP00203" HPOS="618" VPOS="3326" WIDTH="31"/>
						<String ID="P1_ST00236" HPOS="649" VPOS="3277" WIDTH="78" HEIGHT="49" CONTENT="des" WC="1.00" CC="000"/>
						<SP ID="P1_SP00204" HPOS="727" VPOS="3326" WIDTH="31"/>
						<String ID="P1_ST00237" HPOS="758" VPOS="3278" WIDTH="88" HEIGHT="50" CONTENT="25." WC="0.94" CC="001"/>
						<SP ID="P1_SP00205" HPOS="846" VPOS="3328" WIDTH="22"/>
						<String ID="P1_ST00238" HPOS="868" VPOS="3279" WIDTH="207" HEIGHT="49" CONTENT="October" WC="0.85" CC="0060004"/>
						<SP ID="P1_SP00206" HPOS="1075" VPOS="3328" WIDTH="35"/>
						<String ID="P1_ST00239" HPOS="1110" VPOS="3279" WIDTH="143" HEIGHT="51" CONTENT="1823" WC="0.57" CC="3075"/>
						<SP ID="P1_SP00207" HPOS="1253" VPOS="3330" WIDTH="34"/>
						<String ID="P1_ST00240" HPOS="1287" VPOS="3297" WIDTH="97" HEIGHT="33" CONTENT="war" WC="0.98" CC="050"/>
						<SP ID="P1_SP00208" HPOS="1384" VPOS="3330" WIDTH="28"/>
						<String ID="P1_ST00241" HPOS="1412" VPOS="3281" WIDTH="72" HEIGHT="49" CONTENT="da." WC="0.96" CC="053"/>
						<SP ID="P1_SP00209" HPOS="1484" VPOS="3330" WIDTH="32"/>
						<String ID="P1_ST00242" HPOS="1516" VPOS="3283" WIDTH="97" HEIGHT="47" CONTENT="Der" WC="0.99" CC="001"/>
						<SP ID="P1_SP00210" HPOS="1613" VPOS="3330" WIDTH="28"/>
						<String ID="P1_ST00243" HPOS="1641" VPOS="3283" WIDTH="79" HEIGHT="48" CONTENT="Bio" SUBS_TYPE="HypPart1" SUBS_CONTENT="Biograph" WC="0.98" CC="501"/>
						<HYP HPOS="1720" VPOS="3283" WIDTH="26" CONTENT="-"/>
					</TextLine>
					<TextLine ID="P1_TL00033" HPOS="208" VPOS="3354" WIDTH="1012" HEIGHT="69">
						<String ID="P1_ST00244" HPOS="208" VPOS="3354" WIDTH="146" HEIGHT="66" CONTENT="graph" SUBS_TYPE="HypPart2" SUBS_CONTENT="Biograph" WC="0.98" CC="05406"/>
						<SP ID="P1_SP00211" HPOS="354" VPOS="3420" WIDTH="33"/>
						<String ID="P1_ST00245" HPOS="387" VPOS="3354" WIDTH="226" HEIGHT="50" CONTENT="berichtet" WC="0.99" CC="700405004"/>
						<SP ID="P1_SP00212" HPOS="613" VPOS="3420" WIDTH="29"/>
						<String ID="P1_ST00246" HPOS="642" VPOS="3356" WIDTH="117" HEIGHT="48" CONTENT="über" WC="0.99" CC="0402"/>
						<SP ID="P1_SP00213" HPOS="759" VPOS="3420" WIDTH="29"/>
						<String ID="P1_ST00247" HPOS="788" VPOS="3357" WIDTH="73" HEIGHT="48" CONTENT="die" WC="1.00" CC="000"/>
						<SP ID="P1_SP00214" HPOS="861" VPOS="3420" WIDTH="28"/>
						<String ID="P1_ST00248" HPOS="889" VPOS="3357" WIDTH="331" HEIGHT="66" CONTENT="Aufführung:" WC="1.00" CC="04000640000"/>
					</TextLine>
					<TextLine ID="P1_TL00034" HPOS="326" VPOS="3432" WIDTH="1420" HEIGHT="67">
						<String ID="P1_ST00249" HPOS="326" VPOS="3433" WIDTH="116" HEIGHT="48" CONTENT="Eine" WC="0.98" CC="0550"/>
						<SP ID="P1_SP00215" HPOS="442" VPOS="3481" WIDTH="28"/>
						<String ID="P1_ST00250" HPOS="470" VPOS="3432" WIDTH="124" HEIGHT="49" CONTENT="dicht" WC="0.98" CC="03072"/>
						<SP ID="P1_SP00216" HPOS="594" VPOS="3481" WIDTH="28"/>
						<String ID="P1_ST00251" HPOS="622" VPOS="3433" WIDTH="254" HEIGHT="66" CONTENT="gedrängte" WC="0.99" CC="000306050"/>
						<SP ID="P1_SP00217" HPOS="876" VPOS="3499" WIDTH="23"/>
						<String ID="P1_ST00252" HPOS="899" VPOS="3436" WIDTH="150" HEIGHT="48" CONTENT="Masse" WC="0.99" CC="00250"/>
						<SP ID="P1_SP00218" HPOS="1049" VPOS="3499" WIDTH="33"/>
						<String ID="P1_ST00253" HPOS="1082" VPOS="3436" WIDTH="131" HEIGHT="48" CONTENT="füllte" WC="1.00" CC="000500"/>
						<SP ID="P1_SP00219" HPOS="1213" VPOS="3499" WIDTH="29"/>
						<String ID="P1_ST00254" HPOS="1242" VPOS="3436" WIDTH="78" HEIGHT="49" CONTENT="das" WC="0.98" CC="005"/>
						<SP ID="P1_SP00220" HPOS="1320" VPOS="3499" WIDTH="32"/>
						<String ID="P1_ST00255" HPOS="1352" VPOS="3437" WIDTH="394" HEIGHT="48" CONTENT="Kärnthnerthor-" WC="0.78" CC="10005400264220"/>
					</TextLine>
					<TextLine ID="P1_TL00035" HPOS="207" VPOS="3508" WIDTH="1539" HEIGHT="58">
						<String ID="P1_ST00256" HPOS="207" VPOS="3508" WIDTH="227" HEIGHT="58" CONTENT="Theater;" WC="0.90" CC="01000033"/>
						<SP ID="P1_SP00221" HPOS="434" VPOS="3566" WIDTH="31"/>
						<String ID="P1_ST00257" HPOS="465" VPOS="3509" WIDTH="72" HEIGHT="50" CONTENT="die" WC="1.00" CC="000"/>
						<SP ID="P1_SP00222" HPOS="537" VPOS="3566" WIDTH="21"/>
						<String ID="P1_ST00258" HPOS="558" VPOS="3511" WIDTH="308" HEIGHT="49" CONTENT="Aristokratie" WC="1.00" CC="000003000010"/>
						<SP ID="P1_SP00223" HPOS="866" VPOS="3566" WIDTH="29"/>
						<String ID="P1_ST00259" HPOS="895" VPOS="3513" WIDTH="81" HEIGHT="48" CONTENT="der" WC="0.95" CC="605"/>
						<SP ID="P1_SP00224" HPOS="976" VPOS="3566" WIDTH="26"/>
						<String ID="P1_ST00260" HPOS="1002" VPOS="3512" WIDTH="181" HEIGHT="49" CONTENT="Geburt" WC="0.98" CC="502830"/>
						<SP ID="P1_SP00225" HPOS="1183" VPOS="3566" WIDTH="28"/>
						<String ID="P1_ST00261" HPOS="1211" VPOS="3513" WIDTH="93" HEIGHT="48" CONTENT="und" WC="0.96" CC="450"/>
						<SP ID="P1_SP00226" HPOS="1304" VPOS="3566" WIDTH="24"/>
						<String ID="P1_ST00262" HPOS="1328" VPOS="3513" WIDTH="79" HEIGHT="48" CONTENT="des" WC="0.99" CC="003"/>
						<SP ID="P1_SP00227" HPOS="1407" VPOS="3566" WIDTH="24"/>
						<String ID="P1_ST00263" HPOS="1431" VPOS="3513" WIDTH="164" HEIGHT="50" CONTENT="Geldes" WC="1.00" CC="000000"/>
						<SP ID="P1_SP00228" HPOS="1595" VPOS="3566" WIDTH="25"/>
						<String ID="P1_ST00264" HPOS="1620" VPOS="3514" WIDTH="126" HEIGHT="50" CONTENT="hatte" WC="0.99" CC="10420"/>
					</TextLine>
					<TextLine ID="P1_TL00036" HPOS="205" VPOS="3585" WIDTH="1541" HEIGHT="70">
						<String ID="P1_ST00265" HPOS="205" VPOS="3585" WIDTH="44" HEIGHT="50" CONTENT="in" WC="0.81" CC="03"/>
						<SP ID="P1_SP00229" HPOS="249" VPOS="3635" WIDTH="44"/>
						<String ID="P1_ST00266" HPOS="293" VPOS="3587" WIDTH="88" HEIGHT="49" CONTENT="den" WC="1.00" CC="000"/>
						<SP ID="P1_SP00230" HPOS="381" VPOS="3636" WIDTH="43"/>
						<String ID="P1_ST00267" HPOS="424" VPOS="3589" WIDTH="161" HEIGHT="65" CONTENT="Logen" WC="1.00" CC="02000"/>
						<SP ID="P1_SP00231" HPOS="585" VPOS="3654" WIDTH="43"/>
						<String ID="P1_ST00268" HPOS="628" VPOS="3591" WIDTH="130" HEIGHT="48" CONTENT="ihren" WC="0.98" CC="04440"/>
						<SP ID="P1_SP00232" HPOS="758" VPOS="3654" WIDTH="49"/>
						<String ID="P1_ST00269" HPOS="807" VPOS="3607" WIDTH="174" HEIGHT="48" CONTENT="ganzen" WC="0.99" CC="012200"/>
						<SP ID="P1_SP00233" HPOS="981" VPOS="3655" WIDTH="44"/>
						<String ID="P1_ST00270" HPOS="1025" VPOS="3592" WIDTH="142" HEIGHT="48" CONTENT="Glanz" WC="0.98" CC="05066"/>
						<SP ID="P1_SP00234" HPOS="1167" VPOS="3655" WIDTH="49"/>
						<String ID="P1_ST00271" HPOS="1216" VPOS="3592" WIDTH="223" HEIGHT="58" CONTENT="entfaltet," WC="0.99" CC="0040006062"/>
						<SP ID="P1_SP00235" HPOS="1439" VPOS="3655" WIDTH="48"/>
						<String ID="P1_ST00272" HPOS="1487" VPOS="3592" WIDTH="79" HEIGHT="49" CONTENT="das" WC="0.99" CC="001"/>
						<SP ID="P1_SP00236" HPOS="1566" VPOS="3655" WIDTH="49"/>
						<String ID="P1_ST00273" HPOS="1615" VPOS="3593" WIDTH="131" HEIGHT="48" CONTENT="Haus" WC="0.97" CC="1435"/>
					</TextLine>
					<TextLine ID="P1_TL00037" HPOS="208" VPOS="3665" WIDTH="1538" HEIGHT="72">
						<String ID="P1_ST00274" HPOS="208" VPOS="3665" WIDTH="178" HEIGHT="65" CONTENT="glänzte" WC="0.98" CC="8670403"/>
						<SP ID="P1_SP00237" HPOS="386" VPOS="3730" WIDTH="30"/>
						<String ID="P1_ST00275" HPOS="416" VPOS="3667" WIDTH="87" HEIGHT="48" CONTENT="wie" WC="1.00" CC="000"/>
						<SP ID="P1_SP00238" HPOS="503" VPOS="3730" WIDTH="38"/>
						<String ID="P1_ST00276" HPOS="541" VPOS="3668" WIDTH="70" HEIGHT="48" CONTENT="bei" WC="0.99" CC="300"/>
						<SP ID="P1_SP00239" HPOS="611" VPOS="3730" WIDTH="31"/>
						<String ID="P1_ST00277" HPOS="642" VPOS="3669" WIDTH="126" HEIGHT="47" CONTENT="einer" WC="0.99" CC="10006"/>
						<SP ID="P1_SP00240" HPOS="768" VPOS="3730" WIDTH="31"/>
						<String ID="P1_ST00278" HPOS="799" VPOS="3669" WIDTH="452" HEIGHT="68" CONTENT="Gala-Vorstellung." WC="1.00" CC="14604404000044462"/>
						<SP ID="P1_SP00241" HPOS="1251" VPOS="3737" WIDTH="56"/>
						<String ID="P1_ST00279" HPOS="1307" VPOS="3671" WIDTH="66" HEIGHT="47" CONTENT="Im" WC="0.95" CC="00"/>
						<SP ID="P1_SP00242" HPOS="1373" VPOS="3737" WIDTH="30"/>
						<String ID="P1_ST00280" HPOS="1403" VPOS="3671" WIDTH="217" HEIGHT="48" CONTENT="Parterre" WC="0.99" CC="65000000"/>
						<SP ID="P1_SP00243" HPOS="1620" VPOS="3737" WIDTH="31"/>
						<String ID="P1_ST00281" HPOS="1651" VPOS="3671" WIDTH="95" HEIGHT="48" CONTENT="und" WC="0.99" CC="200"/>
					</TextLine>
					<TextLine ID="P1_TL00038" HPOS="207" VPOS="3742" WIDTH="1538" HEIGHT="72">
						<String ID="P1_ST00282" HPOS="207" VPOS="3742" WIDTH="82" HEIGHT="49" CONTENT="auf" WC="0.98" CC="104"/>
						<SP ID="P1_SP00244" HPOS="289" VPOS="3791" WIDTH="23"/>
						<String ID="P1_ST00283" HPOS="312" VPOS="3743" WIDTH="88" HEIGHT="48" CONTENT="den" WC="0.99" CC="003"/>
						<SP ID="P1_SP00245" HPOS="400" VPOS="3791" WIDTH="31"/>
						<String ID="P1_ST00284" HPOS="431" VPOS="3744" WIDTH="242" HEIGHT="50" CONTENT="Galerieen" WC="0.89" CC="005030000"/>
						<SP ID="P1_SP00246" HPOS="673" VPOS="3794" WIDTH="39"/>
						<String ID="P1_ST00285" HPOS="712" VPOS="3745" WIDTH="193" HEIGHT="66" CONTENT="drängte" WC="0.99" CC="0405000"/>
						<SP ID="P1_SP00247" HPOS="905" VPOS="3811" WIDTH="42"/>
						<String ID="P1_ST00286" HPOS="947" VPOS="3745" WIDTH="93" HEIGHT="50" CONTENT="sich" WC="0.99" CC="2100"/>
						<SP ID="P1_SP00248" HPOS="1040" VPOS="3811" WIDTH="38"/>
						<String ID="P1_ST00287" HPOS="1078" VPOS="3747" WIDTH="65" HEIGHT="48" CONTENT="als" WC="0.98" CC="040"/>
						<SP ID="P1_SP00249" HPOS="1143" VPOS="3811" WIDTH="42"/>
						<String ID="P1_ST00288" HPOS="1185" VPOS="3756" WIDTH="278" HEIGHT="58" CONTENT="compacter," WC="0.99" CC="0060506031"/>
						<SP ID="P1_SP00250" HPOS="1463" VPOS="3814" WIDTH="43"/>
						<String ID="P1_ST00289" HPOS="1506" VPOS="3748" WIDTH="210" HEIGHT="66" CONTENT="kampfge" SUBS_TYPE="HypPart1" SUBS_CONTENT="kampfgerüsteter" WC="0.99" CC="0070400"/>
						<HYP HPOS="1716" VPOS="3748" WIDTH="29" CONTENT="-"/>
					</TextLine>
					<TextLine ID="P1_TL00039" HPOS="204" VPOS="3823" WIDTH="1543" HEIGHT="69">
						<String ID="P1_ST00290" HPOS="204" VPOS="3824" WIDTH="201" HEIGHT="47" CONTENT="rüsteter" SUBS_TYPE="HypPart2" SUBS_CONTENT="kampfgerüsteter" WC="0.98" CC="67440703"/>
						<SP ID="P1_SP00251" HPOS="405" VPOS="3871" WIDTH="26"/>
						<String ID="P1_ST00291" HPOS="431" VPOS="3823" WIDTH="186" HEIGHT="66" CONTENT="Körper" WC="0.99" CC="034005"/>
						<SP ID="P1_SP00252" HPOS="617" VPOS="3889" WIDTH="35"/>
						<String ID="P1_ST00292" HPOS="652" VPOS="3824" WIDTH="74" HEIGHT="50" CONTENT="die" WC="1.00" CC="000"/>
						<SP ID="P1_SP00253" HPOS="726" VPOS="3889" WIDTH="37"/>
						<String ID="P1_ST00293" HPOS="763" VPOS="3842" WIDTH="143" HEIGHT="50" CONTENT="ganze" WC="0.99" CC="00460"/>
						<SP ID="P1_SP00254" HPOS="906" VPOS="3892" WIDTH="39"/>
						<String ID="P1_ST00294" HPOS="945" VPOS="3825" WIDTH="130" HEIGHT="49" CONTENT="echte" WC="0.99" CC="00500"/>
						<SP ID="P1_SP00255" HPOS="1075" VPOS="3892" WIDTH="30"/>
						<String ID="P1_ST00295" HPOS="1105" VPOS="3825" WIDTH="264" HEIGHT="50" CONTENT="Musikwelt" WC="1.00" CC="021000025"/>
						<SP ID="P1_SP00256" HPOS="1369" VPOS="3892" WIDTH="32"/>
						<String ID="P1_ST00296" HPOS="1401" VPOS="3827" WIDTH="177" HEIGHT="48" CONTENT="Wiens." WC="0.99" CC="000643"/>
						<SP ID="P1_SP00257" HPOS="1578" VPOS="3892" WIDTH="57"/>
						<String ID="P1_ST00297" HPOS="1635" VPOS="3828" WIDTH="112" HEIGHT="47" CONTENT="Fast" WC="1.00" CC="1000"/>
					</TextLine>
					<TextLine ID="P1_TL00040" HPOS="205" VPOS="3898" WIDTH="1540" HEIGHT="71">
						<String ID="P1_ST00298" HPOS="205" VPOS="3898" WIDTH="105" HEIGHT="51" CONTENT="kein" WC="0.99" CC="5000"/>
						<SP ID="P1_SP00258" HPOS="310" VPOS="3949" WIDTH="19"/>
						<String ID="P1_ST00299" HPOS="329" VPOS="3900" WIDTH="205" HEIGHT="66" CONTENT="Mitglied" WC="0.99" CC="90600008"/>
						<SP ID="P1_SP00259" HPOS="534" VPOS="3966" WIDTH="26"/>
						<String ID="P1_ST00300" HPOS="560" VPOS="3900" WIDTH="81" HEIGHT="51" CONTENT="der" WC="0.99" CC="003"/>
						<SP ID="P1_SP00260" HPOS="641" VPOS="3966" WIDTH="28"/>
						<String ID="P1_ST00301" HPOS="669" VPOS="3903" WIDTH="418" HEIGHT="57" CONTENT='„Ludlamshöhle"' WC="0.78" CC="70200060305004"/>
						<SP ID="P1_SP00261" HPOS="1087" VPOS="3966" WIDTH="16"/>
						<String ID="P1_ST00302" HPOS="1103" VPOS="3903" WIDTH="38" HEIGHT="66" CONTENT="*)" WC="0.73" CC="04"/>
						<SP ID="P1_SP00262" HPOS="1141" VPOS="3969" WIDTH="26"/>
						<String ID="P1_ST00303" HPOS="1167" VPOS="3904" WIDTH="138" HEIGHT="48" CONTENT="fehlte" WC="0.99" CC="506100"/>
						<SP ID="P1_SP00263" HPOS="1305" VPOS="3969" WIDTH="28"/>
						<String ID="P1_ST00304" HPOS="1333" VPOS="3904" WIDTH="61" HEIGHT="48" CONTENT="im" WC="0.68" CC="60"/>
						<SP ID="P1_SP00264" HPOS="1394" VPOS="3969" WIDTH="27"/>
						<String ID="P1_ST00305" HPOS="1421" VPOS="3904" WIDTH="218" HEIGHT="56" CONTENT="Theater," WC="1.00" CC="03010032"/>
						<SP ID="P1_SP00265" HPOS="1639" VPOS="3969" WIDTH="31"/>
						<String ID="P1_ST00306" HPOS="1670" VPOS="3921" WIDTH="75" HEIGHT="33" CONTENT="wo" WC="1.00" CC="00"/>
					</TextLine>
				</TextBlock>
				<TextBlock ID="P1_TB00010" HPOS="203" VPOS="4027" WIDTH="1541" HEIGHT="102" STYLEREFS="TXT_5 PAR_LEFT">
					<TextLine ID="P1_TL00041" HPOS="309" VPOS="4028" WIDTH="1435" HEIGHT="53">
						<String ID="P1_ST00307" HPOS="309" VPOS="4028" WIDTH="38" HEIGHT="48" CONTENT="*)" WC="0.49" CC="45"/>
						<SP ID="P1_SP00266" HPOS="347" VPOS="4076" WIDTH="31"/>
						<String ID="P1_ST00308" HPOS="378" VPOS="4031" WIDTH="48" HEIGHT="34" CONTENT="So" WC="0.64" CC="70"/>
						<SP ID="P1_SP00267" HPOS="426" VPOS="4076" WIDTH="29"/>
						<String ID="P1_ST00309" HPOS="455" VPOS="4035" WIDTH="142" HEIGHT="31" CONTENT="nannte" WC="0.98" CC="605600"/>
						<SP ID="P1_SP00268" HPOS="597" VPOS="4076" WIDTH="29"/>
						<String ID="P1_ST00310" HPOS="626" VPOS="4031" WIDTH="84" HEIGHT="36" CONTENT="sich" WC="0.97" CC="3057"/>
						<SP ID="P1_SP00269" HPOS="710" VPOS="4076" WIDTH="28"/>
						<String ID="P1_ST00311" HPOS="738" VPOS="4032" WIDTH="85" HEIGHT="35" CONTENT="eine" WC="0.97" CC="2074"/>
						<SP ID="P1_SP00270" HPOS="823" VPOS="4076" WIDTH="27"/>
						<String ID="P1_ST00312" HPOS="850" VPOS="4030" WIDTH="718" HEIGHT="50" CONTENT="literarisch-musicalisch-poetische," WC="1.00" CC="0000404025740400500057446000065717"/>
						<SP ID="P1_SP00271" HPOS="1568" VPOS="4080" WIDTH="40"/>
						<String ID="P1_ST00313" HPOS="1608" VPOS="4033" WIDTH="114" HEIGHT="48" CONTENT="haupt" SUBS_TYPE="HypPart1" SUBS_CONTENT="hauptsächlich" WC="0.97" CC="70690"/>
						<HYP HPOS="1722" VPOS="4033" WIDTH="22" CONTENT="-"/>
					</TextLine>
					<TextLine ID="P1_TL00042" HPOS="204" VPOS="4089" WIDTH="914" HEIGHT="40">
						<String ID="P1_ST00314" HPOS="204" VPOS="4089" WIDTH="174" HEIGHT="37" CONTENT="sächlich" SUBS_TYPE="HypPart2" SUBS_CONTENT="hauptsächlich" WC="0.98" CC="26575057"/>
						<SP ID="P1_SP00272" HPOS="378" VPOS="4126" WIDTH="27"/>
						<String ID="P1_ST00315" HPOS="405" VPOS="4091" WIDTH="91" HEIGHT="37" CONTENT="aber" WC="0.98" CC="0602"/>
						<SP ID="P1_SP00273" HPOS="496" VPOS="4128" WIDTH="27"/>
						<String ID="P1_ST00316" HPOS="523" VPOS="4091" WIDTH="296" HEIGHT="37" CONTENT="humoristische" WC="0.99" CC="7301002301071"/>
						<SP ID="P1_SP00274" HPOS="819" VPOS="4128" WIDTH="30"/>
						<String ID="P1_ST00317" HPOS="849" VPOS="4093" WIDTH="269" HEIGHT="36" CONTENT="Gesellschaft." WC="0.99" CC="7030516170014"/>
					</TextLine>
				</TextBlock>
				<TextBlock ID="P1_TB00011" HPOS="1837" VPOS="1360" WIDTH="1532" HEIGHT="2776" STYLEREFS="TXT_0 PAR_LEFT">
					<TextLine ID="P1_TL00043" HPOS="1846" VPOS="1360" WIDTH="1515" HEIGHT="69">
						<String ID="P1_ST00318" HPOS="1846" VPOS="1378" WIDTH="45" HEIGHT="31" CONTENT="es" WC="0.89" CC="02"/>
						<SP ID="P1_SP00275" HPOS="1891" VPOS="1409" WIDTH="29"/>
						<String ID="P1_ST00319" HPOS="1920" VPOS="1362" WIDTH="109" HEIGHT="63" CONTENT="galt," WC="0.99" CC="02250"/>
						<SP ID="P1_SP00276" HPOS="2029" VPOS="1425" WIDTH="29"/>
						<String ID="P1_ST00320" HPOS="2058" VPOS="1360" WIDTH="84" HEIGHT="49" CONTENT="den" WC="0.98" CC="005"/>
						<SP ID="P1_SP00277" HPOS="2142" VPOS="1425" WIDTH="26"/>
						<String ID="P1_ST00321" HPOS="2168" VPOS="1360" WIDTH="223" HEIGHT="66" CONTENT="Triumph" WC="0.99" CC="0005800"/>
						<SP ID="P1_SP00278" HPOS="2391" VPOS="1426" WIDTH="29"/>
						<String ID="P1_ST00322" HPOS="2420" VPOS="1362" WIDTH="78" HEIGHT="48" CONTENT="des" WC="1.00" CC="000"/>
						<SP ID="P1_SP00279" HPOS="2498" VPOS="1426" WIDTH="24"/>
						<String ID="P1_ST00323" HPOS="2522" VPOS="1362" WIDTH="269" HEIGHT="63" CONTENT="Mitgliedes," WC="0.99" CC="60505230023"/>
						<SP ID="P1_SP00280" HPOS="2791" VPOS="1426" WIDTH="29"/>
						<String ID="P1_ST00324" HPOS="2820" VPOS="1363" WIDTH="79" HEIGHT="47" CONTENT="das" WC="0.99" CC="020"/>
						<SP ID="P1_SP00281" HPOS="2899" VPOS="1426" WIDTH="28"/>
						<String ID="P1_ST00325" HPOS="2927" VPOS="1363" WIDTH="62" HEIGHT="48" CONTENT="sie" WC="1.00" CC="000"/>
						<SP ID="P1_SP00282" HPOS="2989" VPOS="1426" WIDTH="28"/>
						<String ID="P1_ST00326" HPOS="3017" VPOS="1364" WIDTH="136" HEIGHT="47" CONTENT="selbst" WC="0.98" CC="106072"/>
						<SP ID="P1_SP00283" HPOS="3153" VPOS="1426" WIDTH="29"/>
						<String ID="P1_ST00327" HPOS="3182" VPOS="1365" WIDTH="179" HEIGHT="64" CONTENT="geadelt" WC="0.99" CC="9000000"/>
					</TextLine>
					<TextLine ID="P1_TL00044" HPOS="1848" VPOS="1438" WIDTH="1513" HEIGHT="65">
						<String ID="P1_ST00328" HPOS="1848" VPOS="1438" WIDTH="141" HEIGHT="56" CONTENT="hatte," WC="0.98" CC="704403"/>
						<SP ID="P1_SP00284" HPOS="1989" VPOS="1494" WIDTH="29"/>
						<String ID="P1_ST00329" HPOS="2018" VPOS="1454" WIDTH="52" HEIGHT="30" CONTENT="zu" WC="0.71" CC="50"/>
						<SP ID="P1_SP00285" HPOS="2070" VPOS="1494" WIDTH="29"/>
						<String ID="P1_ST00330" HPOS="2099" VPOS="1438" WIDTH="349" HEIGHT="48" CONTENT="verherrlichen." WC="1.00" CC="00170500006054"/>
						<SP ID="P1_SP00286" HPOS="2448" VPOS="1494" WIDTH="55"/>
						<String ID="P1_ST00331" HPOS="2503" VPOS="1439" WIDTH="195" HEIGHT="64" CONTENT="Zornige" WC="1.00" CC="0311000"/>
						<SP ID="P1_SP00287" HPOS="2698" VPOS="1503" WIDTH="32"/>
						<String ID="P1_ST00332" HPOS="2730" VPOS="1439" WIDTH="150" HEIGHT="48" CONTENT="Blicke" WC="0.99" CC="600000"/>
						<SP ID="P1_SP00288" HPOS="2880" VPOS="1503" WIDTH="29"/>
						<String ID="P1_ST00333" HPOS="2909" VPOS="1440" WIDTH="189" HEIGHT="49" CONTENT="wurden" WC="0.99" CC="073002"/>
						<SP ID="P1_SP00289" HPOS="3098" VPOS="1503" WIDTH="32"/>
						<String ID="P1_ST00334" HPOS="3130" VPOS="1442" WIDTH="113" HEIGHT="47" CONTENT="nach" WC="0.98" CC="6300"/>
						<SP ID="P1_SP00290" HPOS="3243" VPOS="1503" WIDTH="32"/>
						<String ID="P1_ST00335" HPOS="3275" VPOS="1442" WIDTH="86" HEIGHT="49" CONTENT="den" WC="1.00" CC="000"/>
					</TextLine>
					<TextLine ID="P1_TL00045" HPOS="1848" VPOS="1514" WIDTH="1408" HEIGHT="66">
						<String ID="P1_ST00336" HPOS="1848" VPOS="1515" WIDTH="156" HEIGHT="64" CONTENT="Logen" WC="1.00" CC="00000"/>
						<SP ID="P1_SP00291" HPOS="2004" VPOS="1579" WIDTH="29"/>
						<String ID="P1_ST00337" HPOS="2033" VPOS="1514" WIDTH="409" HEIGHT="65" CONTENT="emporgeschickt," WC="1.00" CC="000030020260033"/>
						<SP ID="P1_SP00292" HPOS="2442" VPOS="1579" WIDTH="30"/>
						<String ID="P1_ST00338" HPOS="2472" VPOS="1532" WIDTH="72" HEIGHT="32" CONTENT="wo" WC="0.45" CC="63"/>
						<SP ID="P1_SP00293" HPOS="2544" VPOS="1579" WIDTH="31"/>
						<String ID="P1_ST00339" HPOS="2575" VPOS="1532" WIDTH="104" HEIGHT="32" CONTENT="man" WC="0.98" CC="040"/>
						<SP ID="P1_SP00294" HPOS="2679" VPOS="1579" WIDTH="31"/>
						<String ID="P1_ST00340" HPOS="2710" VPOS="1515" WIDTH="236" HEIGHT="65" CONTENT="plauderte" WC="1.00" CC="030100050"/>
						<SP ID="P1_SP00295" HPOS="2946" VPOS="1580" WIDTH="31"/>
						<String ID="P1_ST00341" HPOS="2977" VPOS="1518" WIDTH="88" HEIGHT="46" CONTENT="und" WC="0.95" CC="560"/>
						<SP ID="P1_SP00296" HPOS="3065" VPOS="1580" WIDTH="32"/>
						<String ID="P1_ST00342" HPOS="3097" VPOS="1519" WIDTH="159" HEIGHT="48" CONTENT="lachte." WC="0.98" CC="4556560"/>
					</TextLine>
					<TextLine ID="P1_TL00046" HPOS="1963" VPOS="1592" WIDTH="1400" HEIGHT="52">
						<String ID="P1_ST00343" HPOS="1963" VPOS="1593" WIDTH="78" HEIGHT="47" CONTENT="Bei" WC="0.98" CC="600"/>
						<SP ID="P1_SP00297" HPOS="2041" VPOS="1640" WIDTH="26"/>
						<String ID="P1_ST00344" HPOS="2067" VPOS="1592" WIDTH="216" HEIGHT="49" CONTENT="Weber's" WC="0.85" CC="0010304"/>
						<SP ID="P1_SP00298" HPOS="2283" VPOS="1641" WIDTH="29"/>
						<String ID="P1_ST00345" HPOS="2312" VPOS="1593" WIDTH="277" HEIGHT="48" CONTENT="Erscheinen" WC="1.00" CC="0320500005"/>
						<SP ID="P1_SP00299" HPOS="2589" VPOS="1641" WIDTH="31"/>
						<String ID="P1_ST00346" HPOS="2620" VPOS="1593" WIDTH="58" HEIGHT="48" CONTENT="im" WC="1.00" CC="00"/>
						<SP ID="P1_SP00300" HPOS="2678" VPOS="1641" WIDTH="26"/>
						<String ID="P1_ST00347" HPOS="2704" VPOS="1594" WIDTH="247" HEIGHT="47" CONTENT="Orchester" WC="0.99" CC="050600400"/>
						<SP ID="P1_SP00301" HPOS="2951" VPOS="1641" WIDTH="32"/>
						<String ID="P1_ST00348" HPOS="2983" VPOS="1595" WIDTH="151" HEIGHT="47" CONTENT="wollte" WC="0.99" CC="050360"/>
						<SP ID="P1_SP00302" HPOS="3134" VPOS="1642" WIDTH="31"/>
						<String ID="P1_ST00349" HPOS="3165" VPOS="1595" WIDTH="78" HEIGHT="49" CONTENT="der" WC="0.96" CC="703"/>
						<SP ID="P1_SP00303" HPOS="3243" VPOS="1644" WIDTH="29"/>
						<String ID="P1_ST00350" HPOS="3272" VPOS="1597" WIDTH="61" HEIGHT="47" CONTENT="En" SUBS_TYPE="HypPart1" SUBS_CONTENT="Enthusiasmus" WC="0.98" CC="05"/>
						<HYP HPOS="3333" VPOS="1597" WIDTH="30" CONTENT="-"/>
					</TextLine>
					<TextLine ID="P1_TL00047" HPOS="1846" VPOS="1669" WIDTH="1520" HEIGHT="65">
						<String ID="P1_ST00351" HPOS="1846" VPOS="1669" WIDTH="275" HEIGHT="48" CONTENT="thusiasmus" SUBS_TYPE="HypPart2" SUBS_CONTENT="Enthusiasmus" WC="0.99" CC="1104350054"/>
						<SP ID="P1_SP00304" HPOS="2121" VPOS="1717" WIDTH="28"/>
						<String ID="P1_ST00352" HPOS="2149" VPOS="1669" WIDTH="91" HEIGHT="47" CONTENT="sich" WC="0.99" CC="4002"/>
						<SP ID="P1_SP00305" HPOS="2240" VPOS="1717" WIDTH="32"/>
						<String ID="P1_ST00353" HPOS="2272" VPOS="1686" WIDTH="82" HEIGHT="47" CONTENT="gar" WC="0.94" CC="931"/>
						<SP ID="P1_SP00306" HPOS="2354" VPOS="1733" WIDTH="31"/>
						<String ID="P1_ST00354" HPOS="2385" VPOS="1670" WIDTH="122" HEIGHT="47" CONTENT="nicht" WC="0.99" CC="40005"/>
						<SP ID="P1_SP00307" HPOS="2507" VPOS="1733" WIDTH="29"/>
						<String ID="P1_ST00355" HPOS="2536" VPOS="1669" WIDTH="270" HEIGHT="65" CONTENT="beruhigen," WC="0.99" CC="6002709092"/>
						<SP ID="P1_SP00308" HPOS="2806" VPOS="1734" WIDTH="46"/>
						<String ID="P1_ST00356" HPOS="2852" VPOS="1670" WIDTH="65" HEIGHT="49" CONTENT="bis" WC="0.97" CC="610"/>
						<SP ID="P1_SP00309" HPOS="2917" VPOS="1734" WIDTH="37"/>
						<String ID="P1_ST00357" HPOS="2954" VPOS="1688" WIDTH="48" HEIGHT="29" CONTENT="er" WC="0.89" CC="02"/>
						<SP ID="P1_SP00310" HPOS="3002" VPOS="1734" WIDTH="38"/>
						<String ID="P1_ST00358" HPOS="3040" VPOS="1672" WIDTH="142" HEIGHT="48" CONTENT="durch" WC="0.99" CC="02222"/>
						<SP ID="P1_SP00311" HPOS="3182" VPOS="1734" WIDTH="41"/>
						<String ID="P1_ST00359" HPOS="3223" VPOS="1673" WIDTH="143" HEIGHT="48" CONTENT="lautes" WC="0.99" CC="200605"/>
					</TextLine>
					<TextLine ID="P1_TL00048" HPOS="1848" VPOS="1746" WIDTH="1118" HEIGHT="67">
						<String ID="P1_ST00360" HPOS="1848" VPOS="1746" WIDTH="280" HEIGHT="65" CONTENT="Aufklopfen" WC="0.99" CC="0079059602"/>
						<SP ID="P1_SP00312" HPOS="2128" VPOS="1811" WIDTH="33"/>
						<String ID="P1_ST00361" HPOS="2161" VPOS="1746" WIDTH="79" HEIGHT="47" CONTENT="das" WC="0.98" CC="202"/>
						<SP ID="P1_SP00313" HPOS="2240" VPOS="1811" WIDTH="28"/>
						<String ID="P1_ST00362" HPOS="2268" VPOS="1748" WIDTH="193" HEIGHT="47" CONTENT="Zeichen" WC="0.99" CC="0400600"/>
						<SP ID="P1_SP00314" HPOS="2461" VPOS="1811" WIDTH="30"/>
						<String ID="P1_ST00363" HPOS="2491" VPOS="1766" WIDTH="99" HEIGHT="30" CONTENT="zum" WC="0.96" CC="640"/>
						<SP ID="P1_SP00315" HPOS="2590" VPOS="1811" WIDTH="35"/>
						<String ID="P1_ST00364" HPOS="2625" VPOS="1748" WIDTH="208" HEIGHT="65" CONTENT="Anfange" WC="0.98" CC="8390700"/>
						<SP ID="P1_SP00316" HPOS="2833" VPOS="1813" WIDTH="31"/>
						<String ID="P1_ST00365" HPOS="2864" VPOS="1748" WIDTH="102" HEIGHT="65" CONTENT="gab." WC="0.95" CC="9650"/>
					</TextLine>
					<TextLine ID="P1_TL00049" HPOS="1963" VPOS="1824" WIDTH="1402" HEIGHT="65">
						<String ID="P1_ST00366" HPOS="1963" VPOS="1824" WIDTH="86" HEIGHT="46" CONTENT="Die" WC="0.98" CC="320"/>
						<SP ID="P1_SP00317" HPOS="2049" VPOS="1870" WIDTH="44"/>
						<String ID="P1_ST00367" HPOS="2093" VPOS="1824" WIDTH="223" HEIGHT="47" CONTENT="herrliche" WC="0.99" CC="003250370"/>
						<SP ID="P1_SP00318" HPOS="2316" VPOS="1871" WIDTH="42"/>
						<String ID="P1_ST00368" HPOS="2358" VPOS="1825" WIDTH="262" HEIGHT="47" CONTENT="Ouvertüre" WC="0.99" CC="350016230"/>
						<SP ID="P1_SP00319" HPOS="2620" VPOS="1872" WIDTH="43"/>
						<String ID="P1_ST00369" HPOS="2663" VPOS="1825" WIDTH="197" HEIGHT="64" CONTENT="begann," WC="0.99" CC="2500031"/>
						<SP ID="P1_SP00320" HPOS="2860" VPOS="1889" WIDTH="40"/>
						<String ID="P1_ST00370" HPOS="2900" VPOS="1824" WIDTH="111" HEIGHT="48" CONTENT="aber" WC="0.98" CC="5204"/>
						<SP ID="P1_SP00321" HPOS="3011" VPOS="1889" WIDTH="39"/>
						<String ID="P1_ST00371" HPOS="3050" VPOS="1825" WIDTH="70" HEIGHT="48" CONTENT="die" WC="0.99" CC="030"/>
						<SP ID="P1_SP00322" HPOS="3120" VPOS="1889" WIDTH="39"/>
						<String ID="P1_ST00372" HPOS="3159" VPOS="1826" WIDTH="177" HEIGHT="49" CONTENT="Vorfüh" SUBS_TYPE="HypPart1" SUBS_CONTENT="Vorführung" WC="0.99" CC="450005"/>
						<HYP HPOS="3336" VPOS="1826" WIDTH="29" CONTENT="-"/>
					</TextLine>
					<TextLine ID="P1_TL00050" HPOS="1849" VPOS="1901" WIDTH="1519" HEIGHT="66">
						<String ID="P1_ST00373" HPOS="1849" VPOS="1918" WIDTH="117" HEIGHT="46" CONTENT="rung" SUBS_TYPE="HypPart2" SUBS_CONTENT="Vorführung" WC="0.97" CC="0470"/>
						<SP ID="P1_SP00323" HPOS="1966" VPOS="1964" WIDTH="33"/>
						<String ID="P1_ST00374" HPOS="1999" VPOS="1917" WIDTH="92" HEIGHT="31" CONTENT="war" WC="1.00" CC="000"/>
						<SP ID="P1_SP00324" HPOS="2091" VPOS="1964" WIDTH="31"/>
						<String ID="P1_ST00375" HPOS="2122" VPOS="1901" WIDTH="76" HEIGHT="47" CONTENT="des" WC="0.94" CC="905"/>
						<SP ID="P1_SP00325" HPOS="2198" VPOS="1964" WIDTH="29"/>
						<String ID="P1_ST00376" HPOS="2227" VPOS="1910" WIDTH="122" HEIGHT="38" CONTENT="sonst" WC="0.98" CC="22604"/>
						<SP ID="P1_SP00326" HPOS="2349" VPOS="1964" WIDTH="29"/>
						<String ID="P1_ST00377" HPOS="2378" VPOS="1918" WIDTH="49" HEIGHT="32" CONTENT="so" WC="0.89" CC="02"/>
						<SP ID="P1_SP00327" HPOS="2427" VPOS="1964" WIDTH="30"/>
						<String ID="P1_ST00378" HPOS="2457" VPOS="1901" WIDTH="257" HEIGHT="49" CONTENT="trefflichen" WC="1.00" CC="43022200104"/>
						<SP ID="P1_SP00328" HPOS="2714" VPOS="1964" WIDTH="21"/>
						<String ID="P1_ST00379" HPOS="2735" VPOS="1903" WIDTH="270" HEIGHT="48" CONTENT="Orchesters" WC="1.00" CC="0006002030"/>
						<SP ID="P1_SP00329" HPOS="3005" VPOS="1964" WIDTH="21"/>
						<String ID="P1_ST00380" HPOS="3026" VPOS="1904" WIDTH="123" HEIGHT="47" CONTENT="nicht" WC="0.99" CC="01025"/>
						<SP ID="P1_SP00330" HPOS="3149" VPOS="1964" WIDTH="24"/>
						<String ID="P1_ST00381" HPOS="3173" VPOS="1904" WIDTH="195" HEIGHT="63" CONTENT="würdig," WC="1.00" CC="3000202"/>
					</TextLine>
					<TextLine ID="P1_TL00051" HPOS="1839" VPOS="1978" WIDTH="1529" HEIGHT="66">
						<String ID="P1_ST00382" HPOS="1839" VPOS="1978" WIDTH="67" HEIGHT="64" CONTENT="ja," WC="1.00" CC="000"/>
						<SP ID="P1_SP00331" HPOS="1906" VPOS="2042" WIDTH="33"/>
						<String ID="P1_ST00383" HPOS="1939" VPOS="1979" WIDTH="119" HEIGHT="46" CONTENT="blieb" WC="0.98" CC="05304"/>
						<SP ID="P1_SP00332" HPOS="2058" VPOS="2042" WIDTH="32"/>
						<String ID="P1_ST00384" HPOS="2090" VPOS="1979" WIDTH="104" HEIGHT="47" CONTENT="weit" WC="0.99" CC="0003"/>
						<SP ID="P1_SP00333" HPOS="2194" VPOS="2042" WIDTH="31"/>
						<String ID="P1_ST00385" HPOS="2225" VPOS="1979" WIDTH="147" HEIGHT="47" CONTENT="hinter" WC="0.99" CC="400603"/>
						<SP ID="P1_SP00334" HPOS="2372" VPOS="2042" WIDTH="29"/>
						<String ID="P1_ST00386" HPOS="2401" VPOS="1979" WIDTH="82" HEIGHT="48" CONTENT="der" WC="1.00" CC="000"/>
						<SP ID="P1_SP00335" HPOS="2483" VPOS="2042" WIDTH="24"/>
						<String ID="P1_ST00387" HPOS="2507" VPOS="1979" WIDTH="343" HEIGHT="65" CONTENT="Generalprobe" WC="1.00" CC="008022401050"/>
						<SP ID="P1_SP00336" HPOS="2850" VPOS="2044" WIDTH="21"/>
						<String ID="P1_ST00388" HPOS="2871" VPOS="1980" WIDTH="182" HEIGHT="48" CONTENT="zurück." WC="0.99" CC="7208000"/>
						<SP ID="P1_SP00337" HPOS="3053" VPOS="2044" WIDTH="26"/>
						<String ID="P1_ST00389" HPOS="3079" VPOS="1980" WIDTH="73" HEIGHT="48" CONTENT="Sei" WC="1.00" CC="000"/>
						<SP ID="P1_SP00338" HPOS="3152" VPOS="2044" WIDTH="30"/>
						<String ID="P1_ST00390" HPOS="3182" VPOS="1997" WIDTH="61" HEIGHT="40" CONTENT="es," WC="0.99" CC="030"/>
						<SP ID="P1_SP00339" HPOS="3243" VPOS="2044" WIDTH="26"/>
						<String ID="P1_ST00391" HPOS="3269" VPOS="1981" WIDTH="99" HEIGHT="49" CONTENT="dass" WC="0.97" CC="0000"/>
					</TextLine>
					<TextLine ID="P1_TL00052" HPOS="1846" VPOS="2054" WIDTH="1522" HEIGHT="66">
						<String ID="P1_ST00392" HPOS="1846" VPOS="2055" WIDTH="92" HEIGHT="47" CONTENT="sich" WC="0.98" CC="3005"/>
						<SP ID="P1_SP00340" HPOS="1938" VPOS="2102" WIDTH="33"/>
						<String ID="P1_ST00393" HPOS="1971" VPOS="2054" WIDTH="70" HEIGHT="48" CONTENT="die" WC="1.00" CC="000"/>
						<SP ID="P1_SP00341" HPOS="2041" VPOS="2102" WIDTH="30"/>
						<String ID="P1_ST00394" HPOS="2071" VPOS="2055" WIDTH="202" HEIGHT="47" CONTENT="Musiker" WC="0.99" CC="0530002"/>
						<SP ID="P1_SP00342" HPOS="2273" VPOS="2102" WIDTH="28"/>
						<String ID="P1_ST00395" HPOS="2301" VPOS="2073" WIDTH="52" HEIGHT="30" CONTENT="zu" WC="0.62" CC="70"/>
						<SP ID="P1_SP00343" HPOS="2353" VPOS="2103" WIDTH="30"/>
						<String ID="P1_ST00396" HPOS="2383" VPOS="2056" WIDTH="82" HEIGHT="47" CONTENT="viel" WC="0.99" CC="0006"/>
						<SP ID="P1_SP00344" HPOS="2465" VPOS="2103" WIDTH="32"/>
						<String ID="P1_ST00397" HPOS="2497" VPOS="2056" WIDTH="139" HEIGHT="47" CONTENT="Mühe" WC="0.99" CC="0050"/>
						<SP ID="P1_SP00345" HPOS="2636" VPOS="2103" WIDTH="31"/>
						<String ID="P1_ST00398" HPOS="2667" VPOS="2056" WIDTH="144" HEIGHT="64" CONTENT="geben" WC="0.99" CC="00006"/>
						<SP ID="P1_SP00346" HPOS="2811" VPOS="2120" WIDTH="32"/>
						<String ID="P1_ST00399" HPOS="2843" VPOS="2058" WIDTH="200" HEIGHT="54" CONTENT="wollten," WC="0.99" CC="02605030"/>
						<SP ID="P1_SP00347" HPOS="3043" VPOS="2120" WIDTH="39"/>
						<String ID="P1_ST00400" HPOS="3082" VPOS="2058" WIDTH="62" HEIGHT="47" CONTENT="sei" WC="1.00" CC="000"/>
						<SP ID="P1_SP00348" HPOS="3144" VPOS="2120" WIDTH="29"/>
						<String ID="P1_ST00401" HPOS="3173" VPOS="2073" WIDTH="63" HEIGHT="39" CONTENT="es," WC="0.98" CC="400"/>
						<SP ID="P1_SP00349" HPOS="3236" VPOS="2120" WIDTH="38"/>
						<String ID="P1_ST00402" HPOS="3274" VPOS="2074" WIDTH="94" HEIGHT="32" CONTENT="was" WC="1.00" CC="000"/>
					</TextLine>
					<TextLine ID="P1_TL00053" HPOS="1846" VPOS="2133" WIDTH="1520" HEIGHT="55">
						<String ID="P1_ST00403" HPOS="1846" VPOS="2150" WIDTH="71" HEIGHT="30" CONTENT="am" WC="0.26" CC="58"/>
						<SP ID="P1_SP00350" HPOS="1917" VPOS="2180" WIDTH="33"/>
						<String ID="P1_ST00404" HPOS="1950" VPOS="2133" WIDTH="474" HEIGHT="48" CONTENT="wahrscheinlichsten" WC="1.00" CC="006600502351210604"/>
						<SP ID="P1_SP00351" HPOS="2424" VPOS="2181" WIDTH="45"/>
						<String ID="P1_ST00405" HPOS="2469" VPOS="2134" WIDTH="68" HEIGHT="54" CONTENT="ist," WC="0.97" CC="0433"/>
						<SP ID="P1_SP00352" HPOS="2537" VPOS="2188" WIDTH="43"/>
						<String ID="P1_ST00406" HPOS="2580" VPOS="2134" WIDTH="101" HEIGHT="48" CONTENT="dass" WC="0.89" CC="0040"/>
						<SP ID="P1_SP00353" HPOS="2681" VPOS="2188" WIDTH="30"/>
						<String ID="P1_ST00407" HPOS="2711" VPOS="2150" WIDTH="46" HEIGHT="32" CONTENT="es" WC="1.00" CC="00"/>
						<SP ID="P1_SP00354" HPOS="2757" VPOS="2188" WIDTH="28"/>
						<String ID="P1_ST00408" HPOS="2785" VPOS="2152" WIDTH="51" HEIGHT="30" CONTENT="zu" WC="0.64" CC="70"/>
						<SP ID="P1_SP00355" HPOS="2836" VPOS="2188" WIDTH="31"/>
						<String ID="P1_ST00409" HPOS="2867" VPOS="2135" WIDTH="144" HEIGHT="47" CONTENT="einem" WC="0.97" CC="05805"/>
						<SP ID="P1_SP00356" HPOS="3011" VPOS="2188" WIDTH="32"/>
						<String ID="P1_ST00410" HPOS="3043" VPOS="2135" WIDTH="203" HEIGHT="48" CONTENT="sicheren" WC="0.99" CC="00070308"/>
						<SP ID="P1_SP00357" HPOS="3246" VPOS="2188" WIDTH="33"/>
						<String ID="P1_ST00411" HPOS="3279" VPOS="2135" WIDTH="58" HEIGHT="50" CONTENT="Ge" SUBS_TYPE="HypPart1" SUBS_CONTENT="Gelingen" WC="0.99" CC="00"/>
						<HYP HPOS="3337" VPOS="2135" WIDTH="29" CONTENT="-"/>
					</TextLine>
					<TextLine ID="P1_TL00054" HPOS="1846" VPOS="2210" WIDTH="1522" HEIGHT="64">
						<String ID="P1_ST00412" HPOS="1846" VPOS="2210" WIDTH="151" HEIGHT="64" CONTENT="lingen" SUBS_TYPE="HypPart2" SUBS_CONTENT="Gelingen" WC="0.99" CC="707001"/>
						<SP ID="P1_SP00358" HPOS="1997" VPOS="2274" WIDTH="40"/>
						<String ID="P1_ST00413" HPOS="2037" VPOS="2227" WIDTH="57" HEIGHT="30" CONTENT="an" WC="0.69" CC="32"/>
						<SP ID="P1_SP00359" HPOS="2094" VPOS="2274" WIDTH="39"/>
						<String ID="P1_ST00414" HPOS="2133" VPOS="2227" WIDTH="310" HEIGHT="47" CONTENT="genügsamen" WC="0.99" CC="0075000506"/>
						<SP ID="P1_SP00360" HPOS="2443" VPOS="2274" WIDTH="37"/>
						<String ID="P1_ST00415" HPOS="2480" VPOS="2210" WIDTH="182" HEIGHT="48" CONTENT="Proben" WC="0.99" CC="213104"/>
						<SP ID="P1_SP00361" HPOS="2662" VPOS="2274" WIDTH="40"/>
						<String ID="P1_ST00416" HPOS="2702" VPOS="2211" WIDTH="135" HEIGHT="47" CONTENT="fehlte" WC="0.99" CC="604030"/>
						<SP ID="P1_SP00362" HPOS="2837" VPOS="2274" WIDTH="118"/>
						<String ID="P1_ST00417" HPOS="2955" VPOS="2211" WIDTH="79" HEIGHT="49" CONTENT="das" WC="1.00" CC="000"/>
						<SP ID="P1_SP00363" HPOS="3034" VPOS="2274" WIDTH="38"/>
						<String ID="P1_ST00418" HPOS="3072" VPOS="2213" WIDTH="264" HEIGHT="48" CONTENT="Zusammen" SUBS_TYPE="HypPart1" SUBS_CONTENT="Zusammenspiel" WC="1.00" CC="01000200"/>
						<HYP HPOS="3336" VPOS="2213" WIDTH="32" CONTENT="-"/>
					</TextLine>
					<TextLine ID="P1_TL00055" HPOS="1845" VPOS="2286" WIDTH="1521" HEIGHT="66">
						<String ID="P1_ST00419" HPOS="1845" VPOS="2286" WIDTH="109" HEIGHT="64" CONTENT="spiel" SUBS_TYPE="HypPart2" SUBS_CONTENT="Zusammenspiel" WC="0.98" CC="64006"/>
						<SP ID="P1_SP00364" HPOS="1954" VPOS="2350" WIDTH="31"/>
						<String ID="P1_ST00420" HPOS="1985" VPOS="2286" WIDTH="158" HEIGHT="47" CONTENT="wurde" WC="1.00" CC="01000"/>
						<SP ID="P1_SP00365" HPOS="2143" VPOS="2350" WIDTH="30"/>
						<String ID="P1_ST00421" HPOS="2173" VPOS="2287" WIDTH="221" HEIGHT="55" CONTENT="vermisst," WC="0.88" CC="000300600"/>
						<SP ID="P1_SP00366" HPOS="2394" VPOS="2350" WIDTH="29"/>
						<String ID="P1_ST00422" HPOS="2423" VPOS="2303" WIDTH="56" HEIGHT="31" CONTENT="an" WC="0.64" CC="33"/>
						<SP ID="P1_SP00367" HPOS="2479" VPOS="2350" WIDTH="30"/>
						<String ID="P1_ST00423" HPOS="2509" VPOS="2287" WIDTH="179" HEIGHT="65" CONTENT="einigen" WC="1.00" CC="0060001"/>
						<SP ID="P1_SP00368" HPOS="2688" VPOS="2352" WIDTH="28"/>
						<String ID="P1_ST00424" HPOS="2716" VPOS="2289" WIDTH="167" HEIGHT="47" CONTENT="Stellen" WC="0.99" CC="0600206"/>
						<SP ID="P1_SP00369" HPOS="2883" VPOS="2352" WIDTH="30"/>
						<String ID="P1_ST00425" HPOS="2913" VPOS="2287" WIDTH="185" HEIGHT="65" CONTENT="spielten" WC="0.99" CC="11000800"/>
						<SP ID="P1_SP00370" HPOS="3098" VPOS="2352" WIDTH="31"/>
						<String ID="P1_ST00426" HPOS="3129" VPOS="2289" WIDTH="71" HEIGHT="48" CONTENT="die" WC="1.00" CC="000"/>
						<SP ID="P1_SP00371" HPOS="3200" VPOS="2352" WIDTH="29"/>
						<String ID="P1_ST00427" HPOS="3229" VPOS="2289" WIDTH="115" HEIGHT="48" CONTENT="Violi" SUBS_TYPE="HypPart1" SUBS_CONTENT="Violinen" WC="0.99" CC="04030"/>
						<HYP HPOS="3344" VPOS="2289" WIDTH="22" CONTENT="-"/>
					</TextLine>
					<TextLine ID="P1_TL00056" HPOS="1846" VPOS="2364" WIDTH="1523" HEIGHT="66">
						<String ID="P1_ST00428" HPOS="1846" VPOS="2380" WIDTH="87" HEIGHT="32" CONTENT="nen" SUBS_TYPE="HypPart2" SUBS_CONTENT="Violinen" WC="0.98" CC="400"/>
						<SP ID="P1_SP00372" HPOS="1933" VPOS="2412" WIDTH="43"/>
						<String ID="P1_ST00429" HPOS="1976" VPOS="2380" WIDTH="137" HEIGHT="48" CONTENT="sogar" WC="0.99" CC="00060"/>
						<SP ID="P1_SP00373" HPOS="2113" VPOS="2428" WIDTH="43"/>
						<String ID="P1_ST00430" HPOS="2156" VPOS="2364" WIDTH="156" HEIGHT="54" CONTENT="falsch," WC="0.98" CC="0754554"/>
						<SP ID="P1_SP00374" HPOS="2312" VPOS="2428" WIDTH="51"/>
						<String ID="P1_ST00431" HPOS="2363" VPOS="2365" WIDTH="89" HEIGHT="47" CONTENT="und" WC="1.00" CC="000"/>
						<SP ID="P1_SP00375" HPOS="2452" VPOS="2428" WIDTH="47"/>
						<String ID="P1_ST00432" HPOS="2499" VPOS="2364" WIDTH="185" HEIGHT="49" CONTENT="obwohl" WC="0.99" CC="440050"/>
						<SP ID="P1_SP00376" HPOS="2684" VPOS="2428" WIDTH="41"/>
						<String ID="P1_ST00433" HPOS="2725" VPOS="2381" WIDTH="83" HEIGHT="32" CONTENT="von" WC="0.97" CC="044"/>
						<SP ID="P1_SP00377" HPOS="2808" VPOS="2428" WIDTH="42"/>
						<String ID="P1_ST00434" HPOS="2850" VPOS="2366" WIDTH="176" HEIGHT="64" CONTENT="einigen" WC="1.00" CC="0000004"/>
						<SP ID="P1_SP00378" HPOS="3026" VPOS="2430" WIDTH="32"/>
						<String ID="P1_ST00435" HPOS="3058" VPOS="2366" WIDTH="220" HEIGHT="48" CONTENT="Stimmen" WC="0.99" CC="0600300"/>
						<SP ID="P1_SP00379" HPOS="3278" VPOS="2430" WIDTH="29"/>
						<String ID="P1_ST00436" HPOS="3307" VPOS="2366" WIDTH="62" HEIGHT="50" CONTENT="da" WC="0.73" CC="05" STYLEREFS="TXT_3"/>
					</TextLine>
					<TextLine ID="P1_TL00057" HPOS="1858" VPOS="2440" WIDTH="1508" HEIGHT="67">
						<String ID="P1_ST00437" HPOS="1858" VPOS="2456" WIDTH="111" HEIGHT="51" CONTENT="capo" WC="0.65" CC="1560" STYLEREFS="TXT_7"/>
						<SP ID="P1_SP00380" HPOS="1969" VPOS="2507" WIDTH="16"/>
						<String ID="P1_ST00438" HPOS="1985" VPOS="2441" WIDTH="221" HEIGHT="65" CONTENT="verlangt," WC="0.99" CC="015351050"/>
						<SP ID="P1_SP00381" HPOS="2206" VPOS="2507" WIDTH="30"/>
						<String ID="P1_ST00439" HPOS="2236" VPOS="2458" WIDTH="95" HEIGHT="31" CONTENT="war" WC="0.98" CC="013"/>
						<SP ID="P1_SP00382" HPOS="2331" VPOS="2507" WIDTH="25"/>
						<String ID="P1_ST00440" HPOS="2356" VPOS="2440" WIDTH="78" HEIGHT="49" CONTENT="der" WC="0.98" CC="005"/>
						<SP ID="P1_SP00383" HPOS="2434" VPOS="2507" WIDTH="23"/>
						<String ID="P1_ST00441" HPOS="2457" VPOS="2441" WIDTH="233" HEIGHT="48" CONTENT="Eindruck" WC="1.00" CC="00010300"/>
						<SP ID="P1_SP00384" HPOS="2690" VPOS="2507" WIDTH="31"/>
						<String ID="P1_ST00442" HPOS="2721" VPOS="2441" WIDTH="78" HEIGHT="48" CONTENT="des" WC="1.00" CC="000"/>
						<SP ID="P1_SP00385" HPOS="2799" VPOS="2507" WIDTH="29"/>
						<String ID="P1_ST00443" HPOS="2828" VPOS="2442" WIDTH="295" HEIGHT="65" CONTENT="poesievollen" WC="1.00" CC="030000020004"/>
						<SP ID="P1_SP00386" HPOS="3123" VPOS="2507" WIDTH="25"/>
						<String ID="P1_ST00444" HPOS="3148" VPOS="2444" WIDTH="187" HEIGHT="48" CONTENT="Tonwer" SUBS_TYPE="HypPart1" SUBS_CONTENT="Tonwerkes" WC="0.99" CC="030005"/>
						<HYP HPOS="3335" VPOS="2444" WIDTH="31" CONTENT="-"/>
					</TextLine>
					<TextLine ID="P1_TL00058" HPOS="1846" VPOS="2517" WIDTH="1520" HEIGHT="69">
						<String ID="P1_ST00445" HPOS="1846" VPOS="2517" WIDTH="76" HEIGHT="49" CONTENT="kes" SUBS_TYPE="HypPart2" SUBS_CONTENT="Tonwerkes" WC="0.98" CC="004"/>
						<SP ID="P1_SP00387" HPOS="1922" VPOS="2566" WIDTH="31"/>
						<String ID="P1_ST00446" HPOS="1953" VPOS="2517" WIDTH="114" HEIGHT="50" CONTENT="doch" WC="0.99" CC="0113"/>
						<SP ID="P1_SP00388" HPOS="2067" VPOS="2567" WIDTH="47"/>
						<String ID="P1_ST00447" HPOS="2114" VPOS="2519" WIDTH="79" HEIGHT="47" CONTENT="mit" WC="0.98" CC="004"/>
						<SP ID="P1_SP00389" HPOS="2193" VPOS="2567" WIDTH="30"/>
						<String ID="P1_ST00448" HPOS="2223" VPOS="2519" WIDTH="103" HEIGHT="47" CONTENT="dem" WC="0.98" CC="005"/>
						<SP ID="P1_SP00390" HPOS="2326" VPOS="2567" WIDTH="45"/>
						<String ID="P1_ST00449" HPOS="2371" VPOS="2519" WIDTH="122" HEIGHT="47" CONTENT="nicht" WC="0.97" CC="60770"/>
						<SP ID="P1_SP00391" HPOS="2493" VPOS="2567" WIDTH="31"/>
						<String ID="P1_ST00450" HPOS="2524" VPOS="2536" WIDTH="51" HEIGHT="31" CONTENT="zu" WC="0.69" CC="32"/>
						<SP ID="P1_SP00392" HPOS="2575" VPOS="2567" WIDTH="32"/>
						<String ID="P1_ST00451" HPOS="2607" VPOS="2519" WIDTH="302" HEIGHT="64" CONTENT="vergleichen," WC="1.00" CC="000010006002"/>
						<SP ID="P1_SP00393" HPOS="2909" VPOS="2583" WIDTH="43"/>
						<String ID="P1_ST00452" HPOS="2952" VPOS="2520" WIDTH="83" HEIGHT="47" CONTENT="den" WC="0.96" CC="504"/>
						<SP ID="P1_SP00394" HPOS="3035" VPOS="2583" WIDTH="36"/>
						<String ID="P1_ST00453" HPOS="3071" VPOS="2536" WIDTH="45" HEIGHT="31" CONTENT="es" WC="1.00" CC="00"/>
						<SP ID="P1_SP00395" HPOS="3116" VPOS="2583" WIDTH="28"/>
						<String ID="P1_ST00454" HPOS="3144" VPOS="2525" WIDTH="148" HEIGHT="61" CONTENT="später" WC="0.99" CC="500800"/>
						<SP ID="P1_SP00396" HPOS="3292" VPOS="2586" WIDTH="30"/>
						<String ID="P1_ST00455" HPOS="3322" VPOS="2521" WIDTH="44" HEIGHT="48" CONTENT="in" WC="1.00" CC="00"/>
					</TextLine>
					<TextLine ID="P1_TL00059" HPOS="1846" VPOS="2595" WIDTH="1519" HEIGHT="67">
						<String ID="P1_ST00456" HPOS="1846" VPOS="2596" WIDTH="150" HEIGHT="47" CONTENT="Berlin" WC="0.98" CC="603006"/>
						<SP ID="P1_SP00397" HPOS="1996" VPOS="2643" WIDTH="45"/>
						<String ID="P1_ST00457" HPOS="2041" VPOS="2595" WIDTH="90" HEIGHT="48" CONTENT="und" WC="0.98" CC="050"/>
						<SP ID="P1_SP00398" HPOS="2131" VPOS="2643" WIDTH="34"/>
						<String ID="P1_ST00458" HPOS="2165" VPOS="2595" WIDTH="206" HEIGHT="49" CONTENT="Dresden" WC="1.00" CC="0000004"/>
						<SP ID="P1_SP00399" HPOS="2371" VPOS="2644" WIDTH="44"/>
						<String ID="P1_ST00459" HPOS="2415" VPOS="2595" WIDTH="92" HEIGHT="48" CONTENT="und" WC="0.98" CC="050"/>
						<SP ID="P1_SP00400" HPOS="2507" VPOS="2644" WIDTH="42"/>
						<String ID="P1_ST00460" HPOS="2549" VPOS="2597" WIDTH="43" HEIGHT="47" CONTENT="in" WC="0.70" CC="05"/>
						<SP ID="P1_SP00401" HPOS="2592" VPOS="2644" WIDTH="43"/>
						<String ID="P1_ST00461" HPOS="2635" VPOS="2596" WIDTH="102" HEIGHT="48" CONTENT="dem" WC="1.00" CC="001"/>
						<SP ID="P1_SP00402" HPOS="2737" VPOS="2644" WIDTH="45"/>
						<String ID="P1_ST00462" HPOS="2782" VPOS="2597" WIDTH="210" HEIGHT="65" CONTENT="leipziger" WC="0.99" CC="400050903"/>
						<SP ID="P1_SP00403" HPOS="2992" VPOS="2662" WIDTH="30"/>
						<String ID="P1_ST00463" HPOS="3022" VPOS="2597" WIDTH="343" HEIGHT="50" CONTENT="Gewandhaus-" WC="0.89" CC="00030040300"/>
					</TextLine>
					<TextLine ID="P1_TL00060" HPOS="1845" VPOS="2674" WIDTH="448" HEIGHT="48">
						<String ID="P1_ST00464" HPOS="1845" VPOS="2674" WIDTH="225" HEIGHT="48" CONTENT="Concerte" WC="0.91" CC="60000000"/>
						<SP ID="P1_SP00404" HPOS="2070" VPOS="2722" WIDTH="30"/>
						<String ID="P1_ST00465" HPOS="2100" VPOS="2674" WIDTH="193" HEIGHT="48" CONTENT="machte." WC="0.99" CC="4005503"/>
					</TextLine>
					<TextLine ID="P1_TL00061" HPOS="1962" VPOS="2751" WIDTH="1404" HEIGHT="65">
						<String ID="P1_ST00466" HPOS="1962" VPOS="2751" WIDTH="85" HEIGHT="47" CONTENT="Die" WC="1.00" CC="000"/>
						<SP ID="P1_SP00405" HPOS="2047" VPOS="2798" WIDTH="28"/>
						<String ID="P1_ST00467" HPOS="2075" VPOS="2751" WIDTH="278" HEIGHT="65" CONTENT="grossartige" WC="1.00" CC="03401114000"/>
						<SP ID="P1_SP00406" HPOS="2353" VPOS="2816" WIDTH="29"/>
						<String ID="P1_ST00468" HPOS="2382" VPOS="2751" WIDTH="311" HEIGHT="48" CONTENT="Introduction" WC="0.69" CC="045226304007"/>
						<SP ID="P1_SP00407" HPOS="2693" VPOS="2816" WIDTH="31"/>
						<String ID="P1_ST00469" HPOS="2724" VPOS="2752" WIDTH="81" HEIGHT="47" CONTENT="mit" WC="1.00" CC="000"/>
						<SP ID="P1_SP00408" HPOS="2805" VPOS="2816" WIDTH="36"/>
						<String ID="P1_ST00470" HPOS="2841" VPOS="2751" WIDTH="124" HEIGHT="48" CONTENT="ihren" WC="0.99" CC="10003"/>
						<SP ID="P1_SP00409" HPOS="2965" VPOS="2816" WIDTH="31"/>
						<String ID="P1_ST00471" HPOS="2996" VPOS="2752" WIDTH="153" HEIGHT="47" CONTENT="scharf" WC="1.00" CC="000004"/>
						<SP ID="P1_SP00410" HPOS="3149" VPOS="2816" WIDTH="26"/>
						<String ID="P1_ST00472" HPOS="3175" VPOS="2751" WIDTH="164" HEIGHT="48" CONTENT="markir" SUBS_TYPE="HypPart1" SUBS_CONTENT="markirten" WC="0.90" CC="040001"/>
						<HYP HPOS="3339" VPOS="2751" WIDTH="27" CONTENT="-"/>
					</TextLine>
					<TextLine ID="P1_TL00062" HPOS="1845" VPOS="2829" WIDTH="1520" HEIGHT="64">
						<String ID="P1_ST00473" HPOS="1845" VPOS="2834" WIDTH="72" HEIGHT="42" CONTENT="ten" SUBS_TYPE="HypPart2" SUBS_CONTENT="markirten" WC="0.74" CC="601"/>
						<SP ID="P1_SP00411" HPOS="1917" VPOS="2876" WIDTH="33"/>
						<String ID="P1_ST00474" HPOS="1950" VPOS="2829" WIDTH="271" HEIGHT="48" CONTENT="Contrasten" WC="0.71" CC="6063130311"/>
						<SP ID="P1_SP00412" HPOS="2221" VPOS="2877" WIDTH="30"/>
						<String ID="P1_ST00475" HPOS="2251" VPOS="2829" WIDTH="221" HEIGHT="48" CONTENT="zwischen" WC="0.99" CC="70090100"/>
						<SP ID="P1_SP00413" HPOS="2472" VPOS="2877" WIDTH="31"/>
						<String ID="P1_ST00476" HPOS="2503" VPOS="2829" WIDTH="103" HEIGHT="48" CONTENT="dem" WC="1.00" CC="000"/>
						<SP ID="P1_SP00414" HPOS="2606" VPOS="2877" WIDTH="30"/>
						<String ID="P1_ST00477" HPOS="2636" VPOS="2829" WIDTH="253" HEIGHT="57" CONTENT="reizenden," WC="0.99" CC="1005009054"/>
						<SP ID="P1_SP00415" HPOS="2889" VPOS="2886" WIDTH="29"/>
						<String ID="P1_ST00478" HPOS="2918" VPOS="2830" WIDTH="297" HEIGHT="63" CONTENT="anmutbigen" WC="0.69" CC="1806640004"/>
						<SP ID="P1_SP00416" HPOS="3215" VPOS="2893" WIDTH="32"/>
						<String ID="P1_ST00479" HPOS="3247" VPOS="2830" WIDTH="89" HEIGHT="48" CONTENT="Cha" SUBS_TYPE="HypPart1" SUBS_CONTENT="Charakter" WC="0.98" CC="340"/>
						<HYP HPOS="3336" VPOS="2830" WIDTH="29" CONTENT="-"/>
					</TextLine>
					<TextLine ID="P1_TL00063" HPOS="1842" VPOS="2905" WIDTH="1524" HEIGHT="57">
						<String ID="P1_ST00480" HPOS="1842" VPOS="2906" WIDTH="155" HEIGHT="47" CONTENT="rakter" SUBS_TYPE="HypPart2" SUBS_CONTENT="Charakter" WC="0.99" CC="036202"/>
						<SP ID="P1_SP00417" HPOS="1997" VPOS="2953" WIDTH="30"/>
						<String ID="P1_ST00481" HPOS="2027" VPOS="2906" WIDTH="77" HEIGHT="47" CONTENT="des" WC="0.96" CC="900"/>
						<SP ID="P1_SP00418" HPOS="2104" VPOS="2953" WIDTH="27"/>
						<String ID="P1_ST00482" HPOS="2131" VPOS="2906" WIDTH="322" HEIGHT="48" CONTENT="Frauenchors" WC="0.99" CC="04040075000"/>
						<SP ID="P1_SP00419" HPOS="2453" VPOS="2954" WIDTH="41"/>
						<String ID="P1_ST00483" HPOS="2494" VPOS="2906" WIDTH="91" HEIGHT="48" CONTENT="und" WC="0.96" CC="270"/>
						<SP ID="P1_SP00420" HPOS="2585" VPOS="2954" WIDTH="30"/>
						<String ID="P1_ST00484" HPOS="2615" VPOS="2906" WIDTH="101" HEIGHT="48" CONTENT="dem" WC="0.98" CC="005"/>
						<SP ID="P1_SP00421" HPOS="2716" VPOS="2954" WIDTH="32"/>
						<String ID="P1_ST00485" HPOS="2748" VPOS="2914" WIDTH="198" HEIGHT="48" CONTENT="ernsten," WC="1.00" CC="01001003"/>
						<SP ID="P1_SP00422" HPOS="2946" VPOS="2962" WIDTH="28"/>
						<String ID="P1_ST00486" HPOS="2974" VPOS="2905" WIDTH="130" HEIGHT="49" CONTENT="edeln" WC="0.78" CC="00064"/>
						<SP ID="P1_SP00423" HPOS="3104" VPOS="2962" WIDTH="30"/>
						<String ID="P1_ST00487" HPOS="3134" VPOS="2906" WIDTH="76" HEIGHT="48" CONTENT="des" WC="1.00" CC="000"/>
						<SP ID="P1_SP00424" HPOS="3210" VPOS="2962" WIDTH="28"/>
						<String ID="P1_ST00488" HPOS="3238" VPOS="2907" WIDTH="96" HEIGHT="49" CONTENT="Män" SUBS_TYPE="HypPart1" SUBS_CONTENT="Männerchors" WC="0.99" CC="002"/>
						<HYP HPOS="3334" VPOS="2907" WIDTH="32" CONTENT="-"/>
					</TextLine>
					<TextLine ID="P1_TL00064" HPOS="1842" VPOS="2983" WIDTH="1521" HEIGHT="65">
						<String ID="P1_ST00489" HPOS="1842" VPOS="2983" WIDTH="218" HEIGHT="49" CONTENT="nerchors" SUBS_TYPE="HypPart2" SUBS_CONTENT="Männerchors" WC="1.00" CC="00006200"/>
						<SP ID="P1_SP00425" HPOS="2060" VPOS="3032" WIDTH="40"/>
						<String ID="P1_ST00490" HPOS="2100" VPOS="2983" WIDTH="160" HEIGHT="49" CONTENT="wurde" WC="1.00" CC="00000"/>
						<SP ID="P1_SP00426" HPOS="2260" VPOS="3032" WIDTH="40"/>
						<String ID="P1_ST00491" HPOS="2300" VPOS="2983" WIDTH="278" HEIGHT="49" CONTENT="meisterhaft" WC="0.99" CC="40034013204"/>
						<SP ID="P1_SP00427" HPOS="2578" VPOS="3032" WIDTH="39"/>
						<String ID="P1_ST00492" HPOS="2617" VPOS="2991" WIDTH="305" HEIGHT="57" CONTENT="vorgetragen" WC="1.00" CC="00300335001"/>
						<SP ID="P1_SP00428" HPOS="2922" VPOS="3048" WIDTH="53"/>
						<String ID="P1_ST00493" HPOS="2975" VPOS="2983" WIDTH="87" HEIGHT="49" CONTENT="und" WC="0.98" CC="410"/>
						<SP ID="P1_SP00429" HPOS="3062" VPOS="3048" WIDTH="47"/>
						<String ID="P1_ST00494" HPOS="3109" VPOS="2985" WIDTH="120" HEIGHT="48" CONTENT="hätte" WC="0.99" CC="20060"/>
						<SP ID="P1_SP00430" HPOS="3229" VPOS="3048" WIDTH="41"/>
						<String ID="P1_ST00495" HPOS="3270" VPOS="2985" WIDTH="93" HEIGHT="48" CONTENT="sich" WC="0.97" CC="2606"/>
					</TextLine>
					<TextLine ID="P1_TL00065" HPOS="1844" VPOS="3061" WIDTH="1520" HEIGHT="66">
						<String ID="P1_ST00496" HPOS="1844" VPOS="3061" WIDTH="374" HEIGHT="49" CONTENT="wahrscheinlich" WC="1.00" CC="00403050003000"/>
						<SP ID="P1_SP00431" HPOS="2218" VPOS="3110" WIDTH="40"/>
						<String ID="P1_ST00497" HPOS="2258" VPOS="3062" WIDTH="142" HEIGHT="47" CONTENT="vollen" WC="0.99" CC="050600"/>
						<SP ID="P1_SP00432" HPOS="2400" VPOS="3110" WIDTH="39"/>
						<String ID="P1_ST00498" HPOS="2439" VPOS="3062" WIDTH="179" HEIGHT="47" CONTENT="Beifalls" WC="1.00" CC="00040103"/>
						<SP ID="P1_SP00433" HPOS="2618" VPOS="3110" WIDTH="39"/>
						<String ID="P1_ST00499" HPOS="2657" VPOS="3079" WIDTH="53" HEIGHT="30" CONTENT="zu" WC="0.69" CC="60"/>
						<SP ID="P1_SP00434" HPOS="2710" VPOS="3110" WIDTH="41"/>
						<String ID="P1_ST00500" HPOS="2751" VPOS="3061" WIDTH="209" HEIGHT="48" CONTENT="erfreuen" WC="1.00" CC="00030000"/>
						<SP ID="P1_SP00435" HPOS="2960" VPOS="3110" WIDTH="38"/>
						<String ID="P1_ST00501" HPOS="2998" VPOS="3061" WIDTH="189" HEIGHT="66" CONTENT="gehabt," WC="0.99" CC="0060541"/>
						<SP ID="P1_SP00436" HPOS="3187" VPOS="3127" WIDTH="45"/>
						<String ID="P1_ST00502" HPOS="3232" VPOS="3077" WIDTH="132" HEIGHT="33" CONTENT="wenn" WC="1.00" CC="0000"/>
					</TextLine>
					<TextLine ID="P1_TL00066" HPOS="1842" VPOS="3137" WIDTH="1523" HEIGHT="66">
						<String ID="P1_ST00503" HPOS="1842" VPOS="3137" WIDTH="82" HEIGHT="50" CONTENT="der" WC="0.99" CC="003"/>
						<SP ID="P1_SP00437" HPOS="1924" VPOS="3187" WIDTH="20"/>
						<String ID="P1_ST00504" HPOS="1944" VPOS="3138" WIDTH="146" HEIGHT="65" CONTENT="gleich" WC="0.99" CC="060000"/>
						<SP ID="P1_SP00438" HPOS="2090" VPOS="3203" WIDTH="24"/>
						<String ID="P1_ST00505" HPOS="2114" VPOS="3137" WIDTH="301" HEIGHT="66" CONTENT="beginnende," WC="1.00" CC="00000006000"/>
						<SP ID="P1_SP00439" HPOS="2415" VPOS="3203" WIDTH="23"/>
						<String ID="P1_ST00506" HPOS="2438" VPOS="3155" WIDTH="85" HEIGHT="32" CONTENT="von" WC="0.99" CC="030"/>
						<SP ID="P1_SP00440" HPOS="2523" VPOS="3203" WIDTH="23"/>
						<String ID="P1_ST00507" HPOS="2546" VPOS="3138" WIDTH="210" HEIGHT="65" CONTENT="Taglioni" WC="0.78" CC="00920301"/>
						<SP ID="P1_SP00441" HPOS="2756" VPOS="3203" WIDTH="29"/>
						<String ID="P1_ST00508" HPOS="2785" VPOS="3156" WIDTH="52" HEIGHT="31" CONTENT="zu" WC="0.68" CC="60"/>
						<SP ID="P1_SP00442" HPOS="2837" VPOS="3203" WIDTH="32"/>
						<String ID="P1_ST00509" HPOS="2869" VPOS="3138" WIDTH="306" HEIGHT="65" CONTENT="balletmässig" WC="0.84" CC="000306080000"/>
						<SP ID="P1_SP00443" HPOS="3175" VPOS="3203" WIDTH="25"/>
						<String ID="P1_ST00510" HPOS="3200" VPOS="3138" WIDTH="138" HEIGHT="65" CONTENT="geord" SUBS_TYPE="HypPart1" SUBS_CONTENT="geordnete" WC="0.99" CC="00040"/>
						<HYP HPOS="3338" VPOS="3138" WIDTH="27" CONTENT="-"/>
					</TextLine>
					<TextLine ID="P1_TL00067" HPOS="1840" VPOS="3216" WIDTH="1525" HEIGHT="65">
						<String ID="P1_ST00511" HPOS="1840" VPOS="3223" WIDTH="103" HEIGHT="41" CONTENT="nete" SUBS_TYPE="HypPart2" SUBS_CONTENT="geordnete" WC="0.99" CC="3000"/>
						<SP ID="P1_SP00444" HPOS="1943" VPOS="3264" WIDTH="39"/>
						<String ID="P1_ST00512" HPOS="1982" VPOS="3216" WIDTH="177" HEIGHT="65" CONTENT="Reigen" WC="1.00" CC="300002"/>
						<SP ID="P1_SP00445" HPOS="2159" VPOS="3281" WIDTH="42"/>
						<String ID="P1_ST00513" HPOS="2201" VPOS="3216" WIDTH="123" HEIGHT="48" CONTENT="nicht" WC="1.00" CC="00000"/>
						<SP ID="P1_SP00446" HPOS="2324" VPOS="3281" WIDTH="43"/>
						<String ID="P1_ST00514" HPOS="2367" VPOS="3216" WIDTH="71" HEIGHT="48" CONTENT="die" WC="1.00" CC="000"/>
						<SP ID="P1_SP00447" HPOS="2438" VPOS="3281" WIDTH="38"/>
						<String ID="P1_ST00515" HPOS="2476" VPOS="3216" WIDTH="423" HEIGHT="48" CONTENT="Aufmerksamkeit" WC="1.00" CC="05000000000002"/>
						<SP ID="P1_SP00448" HPOS="2899" VPOS="3281" WIDTH="43"/>
						<String ID="P1_ST00516" HPOS="2942" VPOS="3216" WIDTH="248" HEIGHT="65" CONTENT="abgelenkt" WC="0.99" CC="100060654"/>
						<SP ID="P1_SP00449" HPOS="3190" VPOS="3281" WIDTH="39"/>
						<String ID="P1_ST00517" HPOS="3229" VPOS="3216" WIDTH="136" HEIGHT="49" CONTENT="hätte." WC="0.99" CC="600503"/>
					</TextLine>
					<TextLine ID="P1_TL00068" HPOS="1840" VPOS="3292" WIDTH="1524" HEIGHT="66">
						<String ID="P1_ST00518" HPOS="1840" VPOS="3293" WIDTH="86" HEIGHT="49" CONTENT="Die" WC="0.99" CC="300"/>
						<SP ID="P1_SP00450" HPOS="1926" VPOS="3342" WIDTH="28"/>
						<String ID="P1_ST00519" HPOS="1954" VPOS="3293" WIDTH="299" HEIGHT="65" CONTENT="Inscenirung" WC="0.67" CC="46070500560"/>
						<SP ID="P1_SP00451" HPOS="2253" VPOS="3358" WIDTH="29"/>
						<String ID="P1_ST00520" HPOS="2282" VPOS="3310" WIDTH="98" HEIGHT="32" CONTENT="war" WC="0.98" CC="005"/>
						<SP ID="P1_SP00452" HPOS="2380" VPOS="3358" WIDTH="30"/>
						<String ID="P1_ST00521" HPOS="2410" VPOS="3293" WIDTH="98" HEIGHT="49" CONTENT="hier" WC="0.99" CC="2003"/>
						<SP ID="P1_SP00453" HPOS="2508" VPOS="3358" WIDTH="28"/>
						<String ID="P1_ST00522" HPOS="2536" VPOS="3293" WIDTH="122" HEIGHT="49" CONTENT="nicht" WC="0.98" CC="50064"/>
						<SP ID="P1_SP00454" HPOS="2658" VPOS="3358" WIDTH="28"/>
						<String ID="P1_ST00523" HPOS="2686" VPOS="3293" WIDTH="58" HEIGHT="49" CONTENT="im" WC="0.71" CC="05"/>
						<SP ID="P1_SP00455" HPOS="2744" VPOS="3358" WIDTH="27"/>
						<String ID="P1_ST00524" HPOS="2771" VPOS="3295" WIDTH="138" HEIGHT="47" CONTENT="Sinne" WC="1.00" CC="10000"/>
						<SP ID="P1_SP00456" HPOS="2909" VPOS="3358" WIDTH="29"/>
						<String ID="P1_ST00525" HPOS="2938" VPOS="3292" WIDTH="78" HEIGHT="50" CONTENT="des" WC="1.00" CC="000"/>
						<SP ID="P1_SP00457" HPOS="3016" VPOS="3358" WIDTH="25"/>
						<String ID="P1_ST00526" HPOS="3041" VPOS="3292" WIDTH="323" HEIGHT="66" CONTENT="Componisten" WC="0.90" CC="12001400000"/>
					</TextLine>
					<TextLine ID="P1_TL00069" HPOS="1840" VPOS="3371" WIDTH="1523" HEIGHT="65">
						<String ID="P1_ST00527" HPOS="1840" VPOS="3371" WIDTH="90" HEIGHT="49" CONTENT="und" WC="1.00" CC="000"/>
						<SP ID="P1_SP00458" HPOS="1930" VPOS="3420" WIDTH="32"/>
						<String ID="P1_ST00528" HPOS="1962" VPOS="3371" WIDTH="204" HEIGHT="48" CONTENT="erschien" WC="1.00" CC="00006000"/>
						<SP ID="P1_SP00459" HPOS="2166" VPOS="3420" WIDTH="31"/>
						<String ID="P1_ST00529" HPOS="2197" VPOS="3371" WIDTH="43" HEIGHT="48" CONTENT="in" WC="1.00" CC="00"/>
						<SP ID="P1_SP00460" HPOS="2240" VPOS="3420" WIDTH="32"/>
						<String ID="P1_ST00530" HPOS="2272" VPOS="3371" WIDTH="81" HEIGHT="48" CONTENT="der" WC="0.99" CC="002"/>
						<SP ID="P1_SP00461" HPOS="2353" VPOS="3420" WIDTH="29"/>
						<String ID="P1_ST00531" HPOS="2382" VPOS="3371" WIDTH="121" HEIGHT="48" CONTENT="That" WC="0.76" CC="0602"/>
						<SP ID="P1_SP00462" HPOS="2503" VPOS="3420" WIDTH="37"/>
						<String ID="P1_ST00532" HPOS="2540" VPOS="3371" WIDTH="63" HEIGHT="48" CONTENT="als" WC="0.97" CC="600"/>
						<SP ID="P1_SP00463" HPOS="2603" VPOS="3420" WIDTH="37"/>
						<String ID="P1_ST00533" HPOS="2640" VPOS="3371" WIDTH="99" HEIGHT="49" CONTENT="eine" WC="0.99" CC="0400"/>
						<SP ID="P1_SP00464" HPOS="2739" VPOS="3420" WIDTH="29"/>
						<String ID="P1_ST00534" HPOS="2768" VPOS="3377" WIDTH="193" HEIGHT="42" CONTENT="mattere" WC="0.99" CC="6056000"/>
						<SP ID="P1_SP00465" HPOS="2961" VPOS="3420" WIDTH="31"/>
						<String ID="P1_ST00535" HPOS="2992" VPOS="3371" WIDTH="140" HEIGHT="65" CONTENT="Copie" WC="0.82" CC="35000"/>
						<SP ID="P1_SP00466" HPOS="3132" VPOS="3436" WIDTH="29"/>
						<String ID="P1_ST00536" HPOS="3161" VPOS="3371" WIDTH="78" HEIGHT="48" CONTENT="des" WC="1.00" CC="000"/>
						<SP ID="P1_SP00467" HPOS="3239" VPOS="3436" WIDTH="31"/>
						<String ID="P1_ST00537" HPOS="3270" VPOS="3372" WIDTH="62" HEIGHT="47" CONTENT="Me" SUBS_TYPE="HypPart1" SUBS_CONTENT="Menuetts" WC="1.00" CC="00"/>
						<HYP HPOS="3332" VPOS="3372" WIDTH="31" CONTENT="-"/>
					</TextLine>
					<TextLine ID="P1_TL00070" HPOS="1839" VPOS="3447" WIDTH="703" HEIGHT="67">
						<String ID="P1_ST00538" HPOS="1839" VPOS="3457" WIDTH="151" HEIGHT="41" CONTENT="nuetts" SUBS_TYPE="HypPart2" SUBS_CONTENT="Menuetts" WC="0.98" CC="250260"/>
						<SP ID="P1_SP00468" HPOS="1990" VPOS="3498" WIDTH="30"/>
						<String ID="P1_ST00539" HPOS="2020" VPOS="3450" WIDTH="56" HEIGHT="47" CONTENT="im" WC="0.81" CC="21"/>
						<SP ID="P1_SP00469" HPOS="2076" VPOS="3498" WIDTH="45"/>
						<String ID="P1_ST00540" HPOS="2121" VPOS="3451" WIDTH="132" HEIGHT="54" CONTENT="»Don" WC="0.97" CC="7430"/>
						<SP ID="P1_SP00470" HPOS="2253" VPOS="3505" WIDTH="28"/>
						<String ID="P1_ST00541" HPOS="2281" VPOS="3450" WIDTH="148" HEIGHT="47" CONTENT='Juan"' WC="0.98" CC="04306"/>
						<SP ID="P1_SP00471" HPOS="2429" VPOS="3505" WIDTH="41"/>
						<String ID="P1_ST00542" HPOS="2470" VPOS="3447" WIDTH="72" HEIGHT="67" CONTENT="(?)." WC="0.74" CC="0522"/>
					</TextLine>
					<TextLine ID="P1_TL00071" HPOS="1957" VPOS="3526" WIDTH="1403" HEIGHT="65">
						<String ID="P1_ST00543" HPOS="1957" VPOS="3527" WIDTH="211" HEIGHT="48" CONTENT="Adolar's" WC="0.85" CC="50000005"/>
						<SP ID="P1_SP00472" HPOS="2168" VPOS="3575" WIDTH="30"/>
						<String ID="P1_ST00544" HPOS="2198" VPOS="3527" WIDTH="97" HEIGHT="48" CONTENT="edel" WC="1.00" CC="0000"/>
						<SP ID="P1_SP00473" HPOS="2295" VPOS="3575" WIDTH="30"/>
						<String ID="P1_ST00545" HPOS="2325" VPOS="3527" WIDTH="257" HEIGHT="64" CONTENT="gehaltene," WC="1.00" CC="0006050020"/>
						<SP ID="P1_SP00474" HPOS="2582" VPOS="3591" WIDTH="40"/>
						<String ID="P1_ST00546" HPOS="2622" VPOS="3526" WIDTH="281" HEIGHT="48" CONTENT="musicalisch" WC="0.99" CC="10000523476"/>
						<SP ID="P1_SP00475" HPOS="2903" VPOS="3591" WIDTH="32"/>
						<String ID="P1_ST00547" HPOS="2935" VPOS="3526" WIDTH="120" HEIGHT="48" CONTENT="reich" WC="1.00" CC="00002"/>
						<SP ID="P1_SP00476" HPOS="3055" VPOS="3591" WIDTH="35"/>
						<String ID="P1_ST00548" HPOS="3090" VPOS="3526" WIDTH="270" HEIGHT="48" CONTENT="behandelte" WC="0.99" CC="5003090040"/>
					</TextLine>
					<TextLine ID="P1_TL00072" HPOS="1839" VPOS="3602" WIDTH="1397" HEIGHT="52">
						<String ID="P1_ST00549" HPOS="1839" VPOS="3606" WIDTH="233" HEIGHT="48" CONTENT="Romanze" WC="0.99" CC="4050640"/>
						<SP ID="P1_SP00477" HPOS="2072" VPOS="3654" WIDTH="27"/>
						<String ID="P1_ST00550" HPOS="2099" VPOS="3603" WIDTH="262" HEIGHT="50" CONTENT="vermochte" WC="1.00" CC="000200440"/>
						<SP ID="P1_SP00478" HPOS="2361" VPOS="3654" WIDTH="29"/>
						<String ID="P1_ST00551" HPOS="2390" VPOS="3603" WIDTH="80" HEIGHT="50" CONTENT="das" WC="1.00" CC="000"/>
						<SP ID="P1_SP00479" HPOS="2470" VPOS="3654" WIDTH="27"/>
						<String ID="P1_ST00552" HPOS="2497" VPOS="3602" WIDTH="241" HEIGHT="49" CONTENT="Publicum" WC="1.00" CC="00000006"/>
						<SP ID="P1_SP00480" HPOS="2738" VPOS="3654" WIDTH="30"/>
						<String ID="P1_ST00553" HPOS="2768" VPOS="3603" WIDTH="123" HEIGHT="48" CONTENT="nicht" WC="0.97" CC="06075"/>
						<SP ID="P1_SP00481" HPOS="2891" VPOS="3654" WIDTH="26"/>
						<String ID="P1_ST00554" HPOS="2917" VPOS="3620" WIDTH="53" HEIGHT="30" CONTENT="zu" WC="0.71" CC="50"/>
						<SP ID="P1_SP00482" HPOS="2970" VPOS="3654" WIDTH="32"/>
						<String ID="P1_ST00555" HPOS="3002" VPOS="3603" WIDTH="234" HEIGHT="48" CONTENT="befeuern." WC="0.99" CC="100160054"/>
					</TextLine>
					<TextLine ID="P1_TL00073" HPOS="1957" VPOS="3679" WIDTH="1398" HEIGHT="69">
						<String ID="P1_ST00556" HPOS="1957" VPOS="3682" WIDTH="212" HEIGHT="66" CONTENT="Lysiart's" WC="0.87" CC="000003502"/>
						<SP ID="P1_SP00483" HPOS="2169" VPOS="3748" WIDTH="32"/>
						<String ID="P1_ST00557" HPOS="2201" VPOS="3681" WIDTH="207" HEIGHT="58" CONTENT="Auftritt," WC="0.99" CC="550550330"/>
						<SP ID="P1_SP00484" HPOS="2408" VPOS="3748" WIDTH="42"/>
						<String ID="P1_ST00558" HPOS="2450" VPOS="3697" WIDTH="48" HEIGHT="32" CONTENT="so" WC="0.79" CC="04"/>
						<SP ID="P1_SP00485" HPOS="2498" VPOS="3748" WIDTH="29"/>
						<String ID="P1_ST00559" HPOS="2527" VPOS="3681" WIDTH="140" HEIGHT="48" CONTENT="schön" WC="0.99" CC="00003"/>
						<SP ID="P1_SP00486" HPOS="2667" VPOS="3748" WIDTH="39"/>
						<String ID="P1_ST00560" HPOS="2706" VPOS="3681" WIDTH="272" HEIGHT="48" CONTENT="vorbereitet" WC="1.00" CC="03040105000"/>
						<SP ID="P1_SP00487" HPOS="2978" VPOS="3748" WIDTH="32"/>
						<String ID="P1_ST00561" HPOS="3010" VPOS="3679" WIDTH="90" HEIGHT="49" CONTENT="und" WC="1.00" CC="000"/>
						<SP ID="P1_SP00488" HPOS="3100" VPOS="3748" WIDTH="32"/>
						<String ID="P1_ST00562" HPOS="3132" VPOS="3679" WIDTH="196" HEIGHT="65" CONTENT="durchge" SUBS_TYPE="HypPart1" SUBS_CONTENT="durchgeführt," WC="0.99" CC="0010660"/>
						<HYP HPOS="3328" VPOS="3679" WIDTH="27" CONTENT="-"/>
					</TextLine>
					<TextLine ID="P1_TL00074" HPOS="1841" VPOS="3757" WIDTH="1518" HEIGHT="67">
						<String ID="P1_ST00563" HPOS="1841" VPOS="3759" WIDTH="145" HEIGHT="58" CONTENT="führt," SUBS_TYPE="HypPart2" SUBS_CONTENT="durchgeführt," WC="0.99" CC="105002"/>
						<SP ID="P1_SP00489" HPOS="1986" VPOS="3817" WIDTH="29"/>
						<String ID="P1_ST00564" HPOS="2015" VPOS="3766" WIDTH="179" HEIGHT="58" CONTENT="erregte" WC="0.99" CC="0400900"/>
						<SP ID="P1_SP00490" HPOS="2194" VPOS="3824" WIDTH="31"/>
						<String ID="P1_ST00565" HPOS="2225" VPOS="3758" WIDTH="291" HEIGHT="66" CONTENT="allgemeines" WC="1.00" CC="03400000002"/>
						<SP ID="P1_SP00491" HPOS="2516" VPOS="3824" WIDTH="26"/>
						<String ID="P1_ST00566" HPOS="2542" VPOS="3759" WIDTH="238" HEIGHT="49" CONTENT="Interesse." WC="0.99" CC="4340000004"/>
						<SP ID="P1_SP00492" HPOS="2780" VPOS="3824" WIDTH="53"/>
						<String ID="P1_ST00567" HPOS="2833" VPOS="3759" WIDTH="95" HEIGHT="47" CONTENT="Das" WC="0.98" CC="400"/>
						<SP ID="P1_SP00493" HPOS="2928" VPOS="3824" WIDTH="30"/>
						<String ID="P1_ST00568" HPOS="2958" VPOS="3775" WIDTH="154" HEIGHT="48" CONTENT="grosse" WC="0.99" CC="901000"/>
						<SP ID="P1_SP00494" HPOS="3112" VPOS="3824" WIDTH="30"/>
						<String ID="P1_ST00569" HPOS="3142" VPOS="3757" WIDTH="217" HEIGHT="48" CONTENT="Recitativ" WC="0.67" CC="600655500"/>
					</TextLine>
					<TextLine ID="P1_TL00075" HPOS="1839" VPOS="3834" WIDTH="1517" HEIGHT="69">
						<String ID="P1_ST00570" HPOS="1839" VPOS="3837" WIDTH="190" HEIGHT="66" CONTENT="beginnt" WC="0.99" CC="0003061"/>
						<SP ID="P1_SP00495" HPOS="2029" VPOS="3903" WIDTH="40"/>
						<String ID="P1_ST00571" HPOS="2069" VPOS="3837" WIDTH="44" HEIGHT="48" CONTENT="in" WC="0.59" CC="52"/>
						<SP ID="P1_SP00496" HPOS="2113" VPOS="3903" WIDTH="36"/>
						<String ID="P1_ST00572" HPOS="2149" VPOS="3853" WIDTH="48" HEIGHT="32" CONTENT="so" WC="0.73" CC="05"/>
						<SP ID="P1_SP00497" HPOS="2197" VPOS="3903" WIDTH="46"/>
						<String ID="P1_ST00573" HPOS="2243" VPOS="3843" WIDTH="190" HEIGHT="51" CONTENT="ernster," WC="0.99" CC="00004053"/>
						<SP ID="P1_SP00498" HPOS="2433" VPOS="3903" WIDTH="41"/>
						<String ID="P1_ST00574" HPOS="2474" VPOS="3836" WIDTH="311" HEIGHT="49" CONTENT="bedeutender" WC="1.00" CC="20000002000"/>
						<SP ID="P1_SP00499" HPOS="2785" VPOS="3903" WIDTH="42"/>
						<String ID="P1_ST00575" HPOS="2827" VPOS="3836" WIDTH="150" HEIGHT="57" CONTENT="Kraft," WC="0.99" CC="030004"/>
						<SP ID="P1_SP00500" HPOS="2977" VPOS="3903" WIDTH="43"/>
						<String ID="P1_ST00576" HPOS="3020" VPOS="3834" WIDTH="77" HEIGHT="50" CONTENT="das" WC="0.98" CC="050"/>
						<SP ID="P1_SP00501" HPOS="3097" VPOS="3903" WIDTH="29"/>
						<String ID="P1_ST00577" HPOS="3126" VPOS="3834" WIDTH="230" HEIGHT="49" CONTENT="Schürzen" WC="0.98" CC="50691500"/>
					</TextLine>
					<TextLine ID="P1_TL00076" HPOS="1839" VPOS="3912" WIDTH="1519" HEIGHT="67">
						<String ID="P1_ST00578" HPOS="1839" VPOS="3914" WIDTH="78" HEIGHT="50" CONTENT="des" WC="1.00" CC="001"/>
						<SP ID="P1_SP00502" HPOS="1917" VPOS="3964" WIDTH="28"/>
						<String ID="P1_ST00579" HPOS="1945" VPOS="3917" WIDTH="206" HEIGHT="47" CONTENT="Knotens" WC="1.00" CC="1001000"/>
						<SP ID="P1_SP00503" HPOS="2151" VPOS="3964" WIDTH="29"/>
						<String ID="P1_ST00580" HPOS="2180" VPOS="3914" WIDTH="54" HEIGHT="49" CONTENT="ist" WC="0.99" CC="003"/>
						<SP ID="P1_SP00504" HPOS="2234" VPOS="3964" WIDTH="28"/>
						<String ID="P1_ST00581" HPOS="2262" VPOS="3931" WIDTH="49" HEIGHT="32" CONTENT="so" WC="1.00" CC="00"/>
						<SP ID="P1_SP00505" HPOS="2311" VPOS="3964" WIDTH="29"/>
						<String ID="P1_ST00582" HPOS="2340" VPOS="3914" WIDTH="238" HEIGHT="65" CONTENT="energisch" WC="1.00" CC="000000403"/>
						<SP ID="P1_SP00506" HPOS="2578" VPOS="3979" WIDTH="32"/>
						<String ID="P1_ST00583" HPOS="2610" VPOS="3913" WIDTH="207" HEIGHT="56" CONTENT="markirt," WC="0.89" CC="00000053"/>
						<SP ID="P1_SP00507" HPOS="2817" VPOS="3979" WIDTH="40"/>
						<String ID="P1_ST00584" HPOS="2857" VPOS="3913" WIDTH="101" HEIGHT="48" CONTENT="dass" WC="0.73" CC="0064"/>
						<SP ID="P1_SP00508" HPOS="2958" VPOS="3979" WIDTH="29"/>
						<String ID="P1_ST00585" HPOS="2987" VPOS="3913" WIDTH="96" HEIGHT="47" CONTENT="hier" WC="0.98" CC="6202"/>
						<SP ID="P1_SP00509" HPOS="3083" VPOS="3979" WIDTH="27"/>
						<String ID="P1_ST00586" HPOS="3110" VPOS="3912" WIDTH="138" HEIGHT="48" CONTENT="schon" WC="0.99" CC="00401"/>
						<SP ID="P1_SP00510" HPOS="3248" VPOS="3979" WIDTH="31"/>
						<String ID="P1_ST00587" HPOS="3279" VPOS="3927" WIDTH="53" HEIGHT="50" CONTENT="ge" SUBS_TYPE="HypPart1" SUBS_CONTENT="gewaltige" WC="0.97" CC="50"/>
						<HYP HPOS="3332" VPOS="3927" WIDTH="26" CONTENT="-"/>
					</TextLine>
					<TextLine ID="P1_TL00077" HPOS="1840" VPOS="3988" WIDTH="1518" HEIGHT="71">
						<String ID="P1_ST00588" HPOS="1840" VPOS="3994" WIDTH="182" HEIGHT="65" CONTENT="waltige" SUBS_TYPE="HypPart2" SUBS_CONTENT="gewaltige" WC="0.99" CC="0300090"/>
						<SP ID="P1_SP00511" HPOS="2022" VPOS="4059" WIDTH="29"/>
						<String ID="P1_ST00589" HPOS="2051" VPOS="3992" WIDTH="145" HEIGHT="49" CONTENT="Mittel" WC="0.99" CC="005600"/>
						<SP ID="P1_SP00512" HPOS="2196" VPOS="4059" WIDTH="29"/>
						<String ID="P1_ST00590" HPOS="2225" VPOS="4010" WIDTH="100" HEIGHT="31" CONTENT="vom" WC="0.97" CC="034"/>
						<SP ID="P1_SP00513" HPOS="2325" VPOS="4059" WIDTH="31"/>
						<String ID="P1_ST00591" HPOS="2356" VPOS="3993" WIDTH="247" HEIGHT="48" CONTENT="Tonsetzer" WC="1.00" CC="000003600"/>
						<SP ID="P1_SP00514" HPOS="2603" VPOS="4059" WIDTH="28"/>
						<String ID="P1_ST00592" HPOS="2631" VPOS="3991" WIDTH="255" HEIGHT="67" CONTENT="gebraucht" WC="1.00" CC="004000005"/>
						<SP ID="P1_SP00515" HPOS="2886" VPOS="4059" WIDTH="28"/>
						<String ID="P1_ST00593" HPOS="2914" VPOS="3988" WIDTH="444" HEIGHT="50" CONTENT="werden.—Leider" WC="1.00" CC="50000318000500"/>
					</TextLine>
					<TextLine ID="P1_TL00078" HPOS="1837" VPOS="4067" WIDTH="1519" HEIGHT="69">
						<String ID="P1_ST00594" HPOS="1837" VPOS="4072" WIDTH="313" HEIGHT="64" CONTENT="rechtfertigte" WC="1.00" CC="0006250000040"/>
						<SP ID="P1_SP00516" HPOS="2150" VPOS="4136" WIDTH="23"/>
						<String ID="P1_ST00595" HPOS="2173" VPOS="4071" WIDTH="163" HEIGHT="48" CONTENT="Forti's" WC="0.81" CC="0005016"/>
						<SP ID="P1_SP00517" HPOS="2336" VPOS="4136" WIDTH="25"/>
						<String ID="P1_ST00596" HPOS="2361" VPOS="4071" WIDTH="279" HEIGHT="64" CONTENT="Auffassung" WC="0.99" CC="7000343516"/>
						<SP ID="P1_SP00518" HPOS="2640" VPOS="4136" WIDTH="22"/>
						<String ID="P1_ST00597" HPOS="2662" VPOS="4069" WIDTH="147" HEIGHT="50" CONTENT="seiner" WC="1.00" CC="002000"/>
						<SP ID="P1_SP00519" HPOS="2809" VPOS="4136" WIDTH="20"/>
						<String ID="P1_ST00598" HPOS="2829" VPOS="4068" WIDTH="146" HEIGHT="60" CONTENT="Rolle," WC="0.99" CC="303303"/>
						<SP ID="P1_SP00520" HPOS="2975" VPOS="4136" WIDTH="24"/>
						<String ID="P1_ST00599" HPOS="2999" VPOS="4068" WIDTH="72" HEIGHT="48" CONTENT="die" WC="1.00" CC="000"/>
						<SP ID="P1_SP00521" HPOS="3071" VPOS="4136" WIDTH="29"/>
						<String ID="P1_ST00600" HPOS="3100" VPOS="4085" WIDTH="49" HEIGHT="31" CONTENT="er" WC="1.00" CC="00"/>
						<SP ID="P1_SP00522" HPOS="3149" VPOS="4136" WIDTH="27"/>
						<String ID="P1_ST00601" HPOS="3176" VPOS="4085" WIDTH="53" HEIGHT="31" CONTENT="zu" WC="0.62" CC="52"/>
						<SP ID="P1_SP00523" HPOS="3229" VPOS="4136" WIDTH="23"/>
						<String ID="P1_ST00602" HPOS="3252" VPOS="4067" WIDTH="104" HEIGHT="48" CONTENT="sehr" WC="0.97" CC="7042"/>
					</TextLine>
				</TextBlock>
				<TextBlock ID="P1_TB00012" HPOS="3092" VPOS="4145" WIDTH="33" HEIGHT="54" STYLEREFS="TXT_8 PAR_RIGHT">
					<TextLine ID="P1_TL00079" HPOS="3093" VPOS="4145" WIDTH="32" HEIGHT="54">
						<String ID="P1_ST00603" HPOS="3093" VPOS="4145" WIDTH="32" HEIGHT="54" CONTENT="2" WC="0.56" CC="4"/>
					</TextLine>
				</TextBlock>
				<TextBlock ID="P1_TB00013" HPOS="2835" VPOS="851" WIDTH="437" HEIGHT="74" STYLEREFS="TXT_6 PAR_RIGHT">
					<TextLine ID="P1_TL00080" HPOS="2837" VPOS="852" WIDTH="435" HEIGHT="73">
						<String ID="P1_ST00604" HPOS="2837" VPOS="852" WIDTH="122" HEIGHT="55" CONTENT="XIII." WC="0.53" CC="72434"/>
						<SP ID="P1_SP00524" HPOS="2959" VPOS="907" WIDTH="42"/>
						<String ID="P1_ST00605" HPOS="3001" VPOS="853" WIDTH="271" HEIGHT="72" CONTENT="Jahrgang." WC="0.98" CC="906570690"/>
					</TextLine>
				</TextBlock>
				<TextBlock ID="P1_TB00014" HPOS="298" VPOS="845" WIDTH="175" HEIGHT="55" STYLEREFS="TXT_6 PAR_LEFT">
					<TextLine ID="P1_TL00081" HPOS="299" VPOS="845" WIDTH="174" HEIGHT="55">
						<String ID="P1_ST00606" HPOS="299" VPOS="845" WIDTH="83" HEIGHT="54" CONTENT="Nr." WC="0.93" CC="756"/>
						<SP ID="P1_SP00525" HPOS="382" VPOS="899" WIDTH="20"/>
						<String ID="P1_ST00607" HPOS="402" VPOS="846" WIDTH="71" HEIGHT="54" CONTENT=".2." WC="0.52" CC="481"/>
					</TextLine>
				</TextBlock>
				<TextBlock ID="P1_TB00015" HPOS="1453" VPOS="836" WIDTH="703" HEIGHT="78" STYLEREFS="TXT_6 PAR_CENTER">
					<TextLine ID="P1_TL00082" HPOS="1454" VPOS="836" WIDTH="702" HEIGHT="77">
						<String ID="P1_ST00608" HPOS="1454" VPOS="836" WIDTH="174" HEIGHT="77" CONTENT="KÖLN," WC="0.95" CC="67776"/>
						<SP ID="P1_SP00526" HPOS="1628" VPOS="913" WIDTH="42"/>
						<String ID="P1_ST00609" HPOS="1670" VPOS="847" WIDTH="73" HEIGHT="53" CONTENT="14." WC="0.72" CC="061"/>
						<SP ID="P1_SP00527" HPOS="1743" VPOS="913" WIDTH="41"/>
						<String ID="P1_ST00610" HPOS="1784" VPOS="847" WIDTH="194" HEIGHT="53" CONTENT="Januar" WC="0.99" CC="207004"/>
						<SP ID="P1_SP00528" HPOS="1978" VPOS="913" WIDTH="41"/>
						<String ID="P1_ST00611" HPOS="2019" VPOS="848" WIDTH="137" HEIGHT="55" CONTENT="1865." WC="0.36" CC="76764"/>
					</TextLine>
				</TextBlock>
			</PrintSpace>
		</Page>
	</Layout>
</alto>
