2636 4153
1052 423 76 40 LA
1159 420 382 49 CHRONIQUE
1571 420 314 41 MUSICALE

599 436 84 42 144

592 564 158 38 bientôt
769 564 68 37 des
854 562 285 39 vociférations
1159 568 39 29 et
1218 572 57 25 un
1297 559 187 38 scandale
1505 558 339 51 indescriptibles.
1867 560 36 37 A
1925 560 197 49 quelques
2143 572 119 37 rangs
2291 560 49 37 de

592 626 112 49 loges
725 624 230 38 l'irritation
977 623 112 36 allait
1109 622 231 37 croissante.
1366 621 65 37 On
1454 621 229 37 continuait
1703 624 22 34 à
1744 620 210 50 applaudir
1973 621 58 37 les
2045 622 159 36 artistes
2223 630 38 28 et
2282 621 57 37 les

594 698 218 26 morceaux
829 683 232 48 remarqués
1079 686 22 33 à
1119 683 37 37 la
1177 683 197 49 première
1390 682 335 49 représentation.

645 748 54 35 La
717 745 132 38 colère
870 743 194 50 publique
1083 744 60 37 fut
1164 745 170 48 poussée
1353 756 50 25 au
1424 743 159 38 comble
1610 756 70 36 par
1708 755 80 26 une
1814 742 214 39 démarche
2047 741 225 39 irréfléchie
2294 750 39 30 et

592 819 55 25 un
670 809 115 34 excès
809 806 48 36 de
873 805 83 37 zèle
978 805 55 36 du
1059 813 203 41 questeur,
1285 805 85 49 qui,
1391 818 103 36 pour
1515 818 160 37 essayer
1696 806 47 36 de
1771 805 196 49 réprimer
1994 805 36 36 le
2056 804 205 47 désordre,
2291 804 45 36 fit

591 879 173 36 occuper
784 867 58 36 les
876 865 201 38 corridors
1106 867 68 36 des
1195 866 247 48 quatrièmes
1464 873 38 30 et
1530 866 251 49 cinquièmes
1802 879 118 36 rangs
1941 878 71 37 par
2030 865 69 36 des
2120 865 139 48 gardes
2287 865 47 35 de

589 927 143 50 police.
761 928 108 35 Dans
890 926 37 37 le
948 926 174 50 premier
1144 927 204 47 entr'acte,
1366 926 202 48 plusieurs
1590 935 247 41 spectateurs
1859 926 284 38 descendirent
2169 929 21 33 à
2209 925 38 36 la
2268 925 47 36 Di-

591 989 155 37 rection
767 1000 105 37 pour
890 995 202 42 protester
1116 995 140 30 contre
1277 995 105 30 cette
1408 987 277 38 intervention
1704 990 47 35 de
1769 989 38 36 la
1830 988 145 49 police.
2007 988 215 36 Trouvant
2240 986 80 37 l'ad-

591 1048 276 39 ministration
895 1048 213 49 ignorante
1139 1049 54 35 du
1223 1047 84 49 fait,
1337 1047 50 37 ils
1408 1047 306 39 manifestèrent
1748 1048 233 39 l'intention
2018 1049 48 36 de
2099 1047 174 38 démolir
2304 1047 36 37 le

591 1112 174 38 théâtre.

639 1174 65 35 Au
731 1171 166 50 prélude
930 1170 54 36 du
1006 1169 211 37 deuxième
1247 1177 102 41 acte,
1370 1169 56 38 les
1456 1169 139 38 sifflets
1625 1174 377 34 recommencèrent
2022 1172 49 37 de
2106 1171 90 49 plus
2218 1170 120 45 belle,

590 1234 104 36 ainsi
715 1244 78 38 que
813 1231 57 37 les
892 1229 390 51 applaudissements
1301 1230 54 37 du
1377 1238 191 41 parterre.
1595 1230 104 38 L'air
1718 1231 54 36 du
1802 1232 172 49 baryton
1994 1244 128 37 passa,
2151 1240 39 28 et
2210 1244 53 24 on
2287 1244 50 24 ne

591 1302 73 42 put
684 1293 269 47 interrompre
974 1291 38 37 le
1028 1291 141 37 chœur
1188 1291 69 37 des
1276 1292 221 48 guerriers;
1512 1291 100 38 mais
1630 1291 28 37 il
1678 1291 62 38 fut
1758 1291 235 50 impossible
2013 1293 48 36 de
2079 1304 257 25 commencer

589 1356 37 37 le
647 1356 141 36 duetto
810 1353 54 37 du
882 1364 174 37 soprano
1075 1363 94 25 avec
1189 1352 35 36 le
1248 1352 185 49 baryton.

638 1416 248 45 Seulement,
909 1425 103 38 pour
1033 1425 56 24 un
1110 1413 168 48 instant,
1301 1413 59 38 les
1377 1413 141 38 sifflets
1539 1425 40 26 se
1599 1413 248 50 changèrent
1871 1426 49 25 en
1943 1415 393 48 applaudissements

589 1477 180 38 d'estime
790 1487 102 39 pour
918 1474 59 37 les
1003 1474 181 48 artistes;
1207 1474 101 38 mais
1338 1475 158 37 bientôt
1524 1475 37 37 la
1586 1475 240 38 bacchanale
1854 1476 126 49 reprit
2003 1476 36 38 le
2063 1477 155 48 dessus,
2244 1485 38 29 et
2309 1477 28 37 il

588 1539 139 38 devint
746 1544 147 43 urgent
909 1538 49 35 de
974 1535 98 38 laire
1094 1535 150 39 baisser
1263 1536 36 37 le
1319 1537 152 38 rideau.

1199 1647 110 38 Pour
1337 1646 168 39 l'article
1549 1647 125 38 Varia
1703 1662 11 23 :

1265 1732 59 37 Le
1362 1733 233 37 Secrétaire
1628 1733 48 37 de
1699 1733 37 37 la
1756 1733 236 49 Rédaction,

1655 1819 56 39 O.
1739 1819 68 36 LE
1848 1820 229 39 TRIOUX.

1065 3242 422 46 Propriétaire-Gérant
1515 3257 9 21 :
1554 3247 55 31 QA
1711 3248 138 41 HU<7?
1895 3248 83 33 HE
1990 3248 179 33 ULHOA

894 3431 116 38 fans.
1090 3435 231 46 Imprimerie
1339 3437 245 44 Alçan-Lévy,
1607 3449 63 23 rue
1691 3440 43 33 de
1754 3440 194 43 Latayette,
1967 3438 59 36 61.
