2636 4153
421 1108 312 71 REVUE
781 1108 170 74 DES
1005 1103 498 79 THEATRES
1561 1100 477 88 LYRIQUES

720 1496 126 33 OPFRA
868 1506 7 22 :
899 1495 80 33 Don
1005 1495 109 32 Juan.
1202 1493 159 32 ITALIENS
1381 1501 7 22 :
1411 1491 55 31 La
1489 1488 248 34 Cenerentola.

796 1650 23 24 A
864 1633 249 53 Chronique
1140 1629 211 42 musicale
1390 1627 133 55 prend
1562 1631 23 34 à
1631 1624 126 41 tâche
1788 1623 51 40 de
1875 1622 165 40 donner
2077 1624 23 36 à

798 1707 168 53 chaque
988 1705 124 40 chose
1147 1718 44 26 sa
1213 1702 259 56 proportion
1490 1699 124 54 juste.
1647 1697 77 54 Or,
1748 1696 31 41 il
1800 1695 176 41 advient
1997 1707 102 41 que,

797 1780 162 40 durant
979 1779 41 40 la
1042 1776 233 55 quinzaine
1296 1773 188 51 écoulée,
1510 1785 60 27 un
1589 1770 162 40 certain
1778 1768 198 41 Clément
1997 1767 78 39 Jan-

799 1853 163 53 nequin
995 1851 137 54 prime
1172 1850 166 39 Mozart
1365 1854 40 32 et
1442 1843 207 54 Rossini,
1675 1850 41 31 et
1752 1855 60 40 qu
1833 1853 87 28 une
1943 1840 157 52 simple

799 1925 283 52 onomatopée
1120 1919 308 54 harmonique,
1452 1918 88 40 dite
1560 1916 39 40 la
1621 1915 200 41 Bataille
1854 1914 53 40 de
1946 1911 123 41 Mari-

798 2012 141 42 gnan,
962 1996 177 40 balance
1160 1994 37 40 le
1229 1993 145 40 succès
1396 1991 51 39 de
1472 1990 113 39 deux
1607 1987 139 55 pièces
1767 1987 51 39 de
1839 1986 228 40 résistance
2091 1998 8 26 :

362 2079 100 39 Don
483 2078 121 40 Juan
632 2083 41 33 et
701 2076 40 38 la
769 2069 292 45 Cenerentola
1068 2102 8 9 .
1099 2070 46 37 Je
1167 2079 68 27 me
1256 2066 78 40 fais
1348 2071 97 33 tout
1466 2062 106 54 petit
1595 2063 158 38 devant
1775 2060 38 39 le
1835 2059 81 38 sire
1938 2057 136 40 Janne-

363 2151 126 54 quin,
511 2163 60 27 un
591 2149 126 39 vieux
737 2145 188 55 gaulois,
948 2142 105 40 dont
1074 2140 41 40 la
1135 2151 122 28 muse
1278 2149 142 28 armee
1441 2148 52 27 en
1514 2146 152 41 guerre
1687 2132 120 40 vient
1829 2142 172 28 secouer
2021 2142 77 26 son

363 2236 174 28 armure
553 2230 40 32 et
615 2235 41 26 se
674 2232 173 42 camper
857 2216 234 43 .fièrement
1111 2226 53 26 en
1186 2212 89 39 face
1296 2210 73 40 des
1391 2217 200 40 maîtres,
1616 2206 238 40 reclamant
1869 2203 99 40 bien
1992 2201 106 42 haut

363 2311 44 26 sa
431 2297 119 53 place
572 2309 56 26 au
650 2293 118 41 soleil
791 2293 58 38 du
873 2287 329 43 dix-neuvième
1223 2283 140 41 siècle.
1385 2282 139 51 Donc,
1548 2281 42 39 la
1617 2280 145 39 Revue
1783 2278 76 40 des
1888 2276 217 40 Théâtres

367 2370 202 53 lyriques
600 2369 72 38 bat
695 2379 52 28 en
769 2370 173 35 retraite
962 2357 278 55 aujourd'hui
1271 2356 159 40 devant
1451 2354 40 39 la
1523 2354 146 39 Revue
1694 2351 75 40 des
1807 2349 216 41 Concerts
2031 2379 9 19 ,
2064 2354 40 32 et

367 2455 42 28 se
440 2439 307 55 recroqueville
780 2450 52 26 en
856 2448 61 27 un
939 2447 101 27 coin
1074 2443 99 28 avec
1204 2429 170 40 Mozart
1406 2434 41 32 et
1482 2424 192 50 Rossini,
1703 2424 112 39 deux
1848 2422 257 52 champions

365 2519 50 39 de
436 2516 120 40 taille
575 2514 91 54 qui,
697 2511 195 54 attaqués
915 2508 143 41 moins
1096 2510 22 36 à
1140 2502 300 56 l'improviste,
1477 2500 221 40 n'eussent
1720 2497 124 56 point
1874 2495 138 40 baissé
2035 2506 44 26 vi-

367 2590 106 41 sière
490 2588 157 41 devant
667 2586 38 40 le
726 2583 125 43 hardi
873 2581 164 42 routier
1057 2579 58 41 du
1134 2589 157 42 moyen
1313 2577 75 52 âge
1412 2571 200 43 musical.

489 2807 169 43 OPÉRA.
693 2806 96 40 DON
818 2804 125 41 JUAN.
1065 2801 137 53 Après
1235 2796 122 41 avoir
1376 2794 151 41 chômé
1549 2792 191 56 pendant
1780 2788 304 57 quatre-vingt-

367 2882 106 41 trois
494 2881 130 53 jours,
647 2876 264 43 l'Académie
931 2874 51 41 de
1002 2872 202 53 musique
1226 2883 23 27 a
1272 2868 77 41 fait
1364 2882 44 25 sa
1436 2868 297 47 réouverture,
1758 2877 74 40 par
1852 2863 100 39 Don
1971 2860 134 49 Juan,

366 2958 24 37 à
412 2954 39 41 la
472 2953 102 41 salle
610 2950 253 42 Yentadour
883 2947 78 54 qui
985 2944 62 43 lui
1072 2958 24 27 a
1128 2944 66 39 été
1221 2942 193 53 assignée
1447 2950 168 30 comme
1646 2935 111 42 local
1786 2934 251 56 provisoire.
2062 2931 43 41 Si

369 3027 61 40 les
453 3023 342 43 manifestations
812 3018 255 57 spontanées
1089 3015 51 41 de
1154 3013 208 54 l'opinion
1378 3010 207 55 publique
1601 3016 97 34 sont
1714 3008 50 40 de
1783 3006 190 55 quelque
1987 3004 123 56 poids

367 3112 87 28 aux
482 3095 172 55 sphères
686 3090 337 51 ministérielles,
1060 3089 59 41 les
1147 3097 289 44 personnages
1470 3081 176 41 officiels
1668 3079 76 54 qui
1768 3088 79 33 ont
1881 3077 154 55 adopté
2067 3077 40 41 la

367 3169 305 44 combinaison
698 3168 58 39 du
779 3161 368 46 Théâtre-Italien
1169 3160 178 39 doivent
1371 3159 86 38 être
1480 3155 140 41 flattés
1640 3152 52 42 de
1706 3151 281 42 l'unanimité
2010 3164 100 26 avec

369 3244 183 56 laquelle
567 3243 39 39 la
628 3254 139 42 presse
789 3253 51 26 en
856 3253 23 25 a
901 3235 242 43 condamné
1162 3234 41 40 la
1227 3231 209 56 première
1456 3230 199 53 épreuve.
1678 3227 164 40 L'arrêt
1856 3240 24 27 a
1897 3226 63 39 été
1974 3234 115 31 reten-

370 3319 174 49 tissant,
568 3324 39 32 et
630 3314 168 39 chacun
820 3310 204 42 convient
1047 3309 289 39 sincèrement
1367 3316 84 42 que
1471 3309 108 34 cette
1601 3298 302 44 combinaison
1926 3311 53 27 ne
1999 3310 84 42 pou-

374 3392 91 41 vait
483 3392 88 40 être
586 3389 147 54 plus...
759 3385 214 42 officielle.

431 3465 48 40 Je
498 3476 51 28 ne
572 3475 114 27 veux
707 3472 73 41 pas
797 3456 228 57 reprendre
1044 3469 61 26 un
1127 3457 23 37 à
1174 3466 60 28 un
1255 3460 99 33 tous
1373 3451 59 40 les
1451 3448 128 55 griefs
1594 3447 247 42 accumulés
1860 3453 147 32 contie
2022 3443 89 40 elle.
