2636 4153
721 463 77 42 LE
828 455 305 55 THÉÂTRE
1165 469 80 41 DE
1278 455 353 56 L'ATHÉNÉE

1997 477 76 39 115

327 606 147 41 mieux
497 609 120 52 faire,
640 625 112 40 pour
774 622 182 33 retracer
977 616 253 42 l'ensemble
1251 619 50 39 de
1328 627 108 33 cette
1640 635 85 40 que
1755 621 51 40 de
1827 622 253 55 reproduire

324 677 39 41 le
385 684 340 52 compte-rendu
760 686 129 53 qu'en
915 687 48 40 fit
995 688 111 40 alors
1137 691 39 38 la
1209 691 148 40 Revue
1375 700 42 33 et
1458 694 179 53 Galette
1669 695 240 52 musicale,
1932 703 41 33 et
1995 710 84 40 que

323 752 114 40 voici
462 768 183 41 presque
663 771 53 26 en
741 771 76 27 son
840 759 138 41 entier
998 774 8 26 :

381 841 23 24 cc
437 827 166 55 Malgré
637 844 78 26 son
758 845 105 27 nom
885 833 172 50 ancien,
1089 835 228 41 l'Athénée
1336 845 62 32 est
1430 852 87 26 une
1539 839 256 43 institution
1817 851 122 33 toute
1961 857 114 29 nou**

324 900 131 54 velle,
478 905 227 38 consacrée
725 907 23 36 à
770 903 39 41 la
825 906 220 54 musique,
1070 910 22 38 à
1111 908 40 40 la
1173 909 260 50 littérature,
1458 914 23 36 à
1495 911 40 40 la
1559 912 163 42 science
1738 922 40 33 et
1797 920 22 35 à
1840 916 40 40 la
1898 917 179 42 charité.

325 971 87 42 Son
430 974 246 53 fondateur,
704 990 52 26 en
771 977 177 42 homme
980 980 220 43 vraiment
1230 982 250 55 intelligent
1501 992 40 33 et
1564 986 230 56 généreux,
1823 1002 23 26 a
1871 989 77 41 fait
1975 1004 78 27 con-

322 1046 157 40 struire
492 1054 96 33 tout
609 1052 145 51 exprès
778 1064 85 27 une
884 1052 104 40 salle
1010 1055 245 54 commode,
1279 1056 192 54 élégante
1499 1065 42 33 et
1563 1059 173 41 décorée
1756 1074 100 27 avec
1879 1075 62 28 un
1972 1067 108 49 goût

320 1119 176 55 parfait,
518 1121 106 40 dans
651 1135 88 28 une
760 1123 72 41 des
856 1126 191 41 maisons
1068 1127 52 41 de
1144 1129 41 40 la
1206 1143 78 27 rue
1311 1129 164 56 Scribe,
1499 1136 23 36 à
1545 1133 211 54 quelques
1778 1148 74 40 pas
1880 1136 58 42 du
1957 1136 122 42 futur

322 1191 158 55 Opéra.
511 1193 35 41 Il
570 1204 62 31 est
654 1197 176 42 évident
850 1213 86 40 que
958 1201 263 41 l'architecte
1244 1216 22 28 a
1289 1204 87 54 pris
1400 1218 114 41 pour
1538 1206 165 42 modèle
1720 1208 40 40 la
1779 1210 163 51 grande
1978 1211 101 40 salle

325 1265 52 40 de
399 1275 123 33 notre
544 1268 352 58 Conservatoire,
920 1274 108 41 dont
1049 1275 40 40 la
1112 1277 248 54 réputation
1380 1286 62 33 est
1457 1278 34 40 si
1517 1279 99 42 bien
1637 1281 174 54 établie,
1835 1292 39 31 et
1896 1297 52 26 en
1970 1298 23 26 a
2013 1298 44 26 re-

325 1338 177 54 produit
522 1340 60 41 les
598 1342 259 55 principales
874 1345 212 42 divisions
1108 1361 52 27 en
1183 1349 133 53 loges,
1342 1351 157 52 galerie
1522 1359 41 32 et
1585 1362 197 45 parquet.
1812 1355 268 42 L'orchestre

322 1425 29 39 y
371 1420 64 32 est
458 1413 120 54 placé
608 1415 53 40 de
685 1418 141 40 même
854 1432 75 26 sur
950 1433 85 27 une
1062 1422 178 50 estrade,
1259 1422 187 41 derrière
1467 1425 187 54 laquelle
1676 1426 150 41 s'élève
1852 1441 61 26 un
1945 1441 136 41 orgue

326 1485 287 56 magnifique,
634 1490 218 41 construit
866 1505 75 40 par
961 1492 41 41 la
1023 1494 170 41 maison
1216 1495 215 41 Mercklin
1452 1505 41 33 et
1514 1498 178 42 Schûtz.

377 1575 18 20 «
433 1558 66 41 En
525 1573 44 27 sa
589 1561 165 54 qualité
775 1564 51 39 de
849 1566 225 41 secrétaire
1094 1568 58 40 du
1176 1568 156 41 comité
1353 1570 72 39 des
1449 1571 292 42 actionnaires
1758 1572 52 41 de
1830 1573 247 56 VAthénée,

322 1630 62 41 M.
414 1632 182 54 Eugène
632 1634 134 55 Yung
789 1637 105 42 était
932 1639 157 54 chargé
1125 1641 59 40 du
1221 1642 197 41 discours
1440 1644 295 55 d'ouverture,
1760 1655 40 31 et
1822 1647 30 41 il
1875 1651 97 38 s'est
2009 1662 45 28 ac-

323 1703 143 54 quitté
496 1719 53 28 en
572 1706 82 43 fort
678 1709 108 41 bons
810 1719 157 33 termes
982 1712 132 41 d'une
1137 1714 184 42 mission
1343 1718 198 52 acceptée
1562 1731 89 28 non
1684 1732 99 27 sans
1805 1733 122 41 peur,
1967 1722 110 40 mais

321 1790 114 40 pour
451 1778 227 44 demeurer
701 1796 99 27 sans
823 1785 221 54 reproche,
1070 1800 170 27 comme
1273 1787 31 42 il
1331 1788 55 41 Pa
1409 1790 162 40 déclaré
1594 1804 52 27 en
1663 1803 316 48 commençant.
2016 1794 60 41 Le

318 1849 233 45 fondateur
572 1855 51 40 de
642 1856 246 56 l'Athénée,
910 1860 123 40 a-t-il
1052 1861 79 53 dit,
1148 1874 110 28 nous
1295 1877 22 26 a
1351 1863 89 53 prié
1461 1865 51 40 de
1544 1879 53 26 ne
1630 1879 75 40 pas
1726 1867 39 40 le
1798 1881 215 40 nommer,
2035 1877 42 32 et

325 1938 111 27 nous
456 1939 183 43 croyons
654 1931 186 52 pouvoir
861 1931 64 41 lui
957 1933 104 40 faire
1082 1947 45 28 ce
1146 1934 166 55 plaisir.
1341 1936 118 42 Pour
1489 1945 121 33 toute
1638 1940 290 54 récompense,
1964 1955 112 41 pour

324 2005 120 34 toute
466 2006 165 49 iaveur,
652 2003 30 40 il
704 2018 23 25 a
747 2004 212 41 demandé
981 2020 62 26 ses
1064 2009 166 39 entrées
1250 2022 86 28 aux
1358 2011 187 52 séances,
1576 2020 41 32 et
1650 2012 31 40 il
1715 2027 110 26 nous
1852 2027 23 26 a
1908 2016 165 39 semblé

320 2084 116 28 assez
456 2072 110 54 juste
586 2074 52 40 de
657 2075 59 41 les
734 2076 62 41 lui
814 2078 212 41 accorder.
1050 2079 154 50 Quant
1225 2096 86 26 aux
1332 2083 309 50 actionnaires,
1661 2085 52 40 ils
1734 2096 159 31 auront
1915 2088 89 40 cela
2024 2088 51 40 de

1219 2132 18 15 »
1632 2123 9 15 7

321 2157 211 30 commun
554 2160 100 28 avec
680 2149 226 57 beaucoup
934 2152 204 55 d'autres,
1160 2155 130 53 qu'ils
1317 2165 224 45 comptent
1581 2171 74 28 sur
1688 2159 51 40 de
1781 2159 140 41 beaux
1956 2160 93 41 divi-

317 2216 172 54 dendes,
515 2229 40 32 et
577 2220 125 54 qu'ils
725 2224 99 40 n'en
861 2225 259 42 toucheront
1148 2225 166 56 jamais;
1338 2230 111 39 mais
1484 2229 29 40 il
1544 2229 95 43 faut
1679 2245 42 27 se
1753 2232 124 41 hâter
1898 2233 50 40 de
1978 2233 93 40 dire

316 2292 128 53 qu'ils
462 2293 99 40 n'en
583 2304 148 33 seront
745 2310 74 41 pas
840 2297 144 41 moins
1005 2299 195 41 heureux
1224 2309 41 33 et
1286 2300 96 42 fiers
1404 2302 50 40 de
1475 2303 94 41 leur
1591 2304 282 54 spéculation.

375 2380 18 23 c<
428 2364 123 44 Tout
566 2381 47 26 ce
628 2382 85 40 que
729 2370 271 55 l'entreprise
1023 2373 204 53 produira
1258 2374 51 40 de
1329 2375 188 42 bénéfice
1551 2378 308 53 appartiendra
1885 2379 50 40 de
1957 2379 116 42 droit

318 2450 85 29 aux
426 2439 284 43 associations
730 2441 177 42 fondées
927 2457 113 41 pour
1069 2445 262 42 l'éducation
1350 2448 203 54 gratuite,
1576 2464 112 40 pour
1708 2450 296 42 l'instruction
2037 2461 40 33 et

316 2512 40 40 la
378 2513 300 43 moralisation
700 2516 72 40 des
809 2516 185 42 diverses
1032 2518 168 43 classes.
1226 2523 188 39 Aucune
1433 2535 165 28 somme
1630 2537 52 27 ne
1701 2537 92 29 sera
1814 2526 151 54 palpée
1988 2539 87 40 que

316 2598 75 29 sur
403 2587 42 40 la
465 2587 222 54 quittance
703 2589 106 41 d'un
828 2590 71 41 des
917 2591 113 41 chefs
1052 2592 51 41 de
1118 2606 68 28 ces
1207 2594 314 42 Associations.

374 2674 21 24 «
427 2659 125 41 Voilà
568 2661 102 55 quel
692 2674 91 30 sera
796 2663 192 55 l'emploi
1017 2665 71 40 des
1108 2678 188 29 revenus
1332 2667 53 41 de
1418 2668 245 54 l'Athénée,
1690 2683 182 29 revenus
1890 2671 78 55 qui
1991 2686 54 28 au-

316 2740 102 33 ront
439 2745 86 30 une
557 2733 164 44 double
744 2751 153 27 source
915 2753 8 27 :
952 2738 59 42 les
1034 2748 194 33 concerts
1263 2749 41 34 et
1338 2743 59 39 les
1417 2744 290 41 conférences.
1744 2743 130 42 Trois
1897 2745 79 40 fois
1999 2759 76 41 par

318 2807 205 53 semaine,
542 2809 60 41 les
623 2810 167 55 lundis,
813 2813 232 40 mercredis
1060 2823 41 32 et
1122 2814 242 56 vendredis,
1380 2830 57 27 on
1449 2831 28 40 y
1493 2818 209 41 entendra
1739 2819 51 40 de
1809 2817 41 42 la
1872 2820 205 54 musique

316 2881 204 40 exécutée
543 2895 77 40 par
653 2883 60 41 les
748 2885 221 41 meilleurs
1011 2887 172 41 artistes
1223 2888 182 59 français
1445 2898 42 33 et
1524 2891 220 53 étrangers
1762 2905 10 36 ;
1797 2891 60 41 les
1893 2893 181 53 mardis,

317 2953 137 54 jeudis
475 2963 40 32 et
537 2957 200 55 samedis,
762 2973 57 27 on
838 2975 29 40 y
885 2962 200 40 écoutera
1115 2961 72 41 des
1209 2973 212 44 orateurs,
1445 2965 72 40 des
1539 2965 183 40 lecteurs
1746 2978 138 28 venus
1912 2967 72 39 des
2005 2966 46 42 di-

317 3028 225 41 verscoins
562 3028 59 43 du
644 3031 139 55 globe,
807 3034 76 54 qui
909 3035 231 41 traiteront
1157 3045 97 32 tous
1275 3036 60 41 les
1358 3038 130 55 sujets
1506 3046 41 32 et
1565 3038 100 40 bien
1687 3038 187 41 d'autres
1896 3053 175 28 encore:

316 3101 68 41 De
402 3102 118 40 omni
540 3115 50 28 re
610 3104 147 41 scibili
773 3113 42 33 et
835 3106 259 55 quibusdam
1125 3107 108 42 aliis
1244 3139 8 12 «

495 3175 61 42 La
571 3177 206 56 musique
799 3179 98 42 s'est
918 3183 124 53 posée
1064 3182 242 55 largement
1339 3197 100 29 sous
1460 3181 41 43 la
1522 3182 211 43 direction
1753 3182 53 44 de
1828 3184 65 43 M.
1920 3184 132 45 Pasde-

316 3247 126 57 loup.
464 3246 267 45 Constatons
750 3265 85 41 que
856 3251 248 45 Forchestre
1128 3262 41 35 et
1186 3256 59 41 les
1266 3256 175 41 choeurs
1463 3266 77 33 ont
1560 3257 376 55 supérieurement
1967 3274 84 28 rem-

317 3323 62 54 pli
398 3323 96 42 leur
679 3325 84 41 soit
784 3327 108 41 dans
911 3328 40 40 la
971 3328 415 44 Schiller-Marsch
1393 3361 9 23 ,
1422 3329 85 43 soit
1527 3330 108 42 dans
1657 3332 41 40 le
1712 3332 186 55 Départ,
1930 3334 150 41 chœur

315 3404 103 33 avec
431 3407 433 47 accompagnement,
884 3401 51 40 de
1301 3401 111 44 ainsi
1435 3417 85 42 que
1540 3405 107 41 dans
1673 3405 333 43 l'introduction
2028 3408 51 41 de

316 3469 150 44 Moïse
470 3502 10 25 ?
504 3471 52 42 de
574 3471 195 57 Rossini,
786 3482 40 34 et
847 3474 107 42 dans
972 3487 61 31 un
1057 3476 214 56 fragment
1291 3478 50 41 de
1364 3477 203 52 VEnfant
1588 3480 237 55 Prodigue
1830 3509 10 26 1
1865 3480 209 46 d'Auber*
