2636 4153
1037 471 75 40 LA
1142 464 384 49 CHRONIQUE
1558 461 317 42 MUSICALE

588 472 53 54 98

587 620 219 48 informés,
822 620 51 38 de
884 618 191 49 curieux,
1087 615 50 40 de
1149 613 276 55 géographes,
1439 613 50 39 de
1504 623 239 42 voyageurs
1759 616 40 33 et
1813 608 272 53 d'étrangers,
2100 613 98 34 tout
2210 618 82 26 mar-

587 694 78 39 cha
682 703 166 29 comme
862 689 29 40 il
903 688 216 41 convient.
1141 686 79 41 Les
1238 685 205 54 critiques
1459 690 288 35 reconnurent
1761 695 84 40 que
1859 678 243 43 l'orchestre
2118 677 51 40 de
2184 677 101 40 Lum-

588 766 80 51 bye
681 763 102 41 était
797 761 220 54 excellent,
1030 773 85 42 que
1131 774 43 27 sa
1185 759 204 54 musique
1403 758 103 42 était
1523 757 115 41 aussi
1654 755 227 54 originale,
1892 751 116 42 aussi
2023 749 297 41 divertissante

587 844 40 33 et
644 836 113 39 avait
772 842 153 34 autant
942 834 52 40 de
1015 834 58 40 sel
1091 841 40 33 et
1144 834 50 40 de
1217 832 200 42 mordant
1434 844 84 41 que
1539 830 102 41 celle
1660 829 49 40 de
1732 827 194 53 Musard,
1952 833 40 33 et
2013 836 84 42 que
2120 822 199 53 Lumbye

585 907 242 55 produisait
856 921 53 26 en
943 919 164 28 somme
1140 920 74 27 sur
1243 904 38 42 le
1300 904 148 56 public
1472 916 85 27 une
1578 902 158 54 grande
1772 898 248 43 attraction.
2046 895 114 41 C'est
2182 907 108 41 pour-

587 980 104 53 quoi
712 980 38 40 le
770 979 149 55 public
936 979 164 41 déserta
1123 978 58 40 les
1203 985 188 33 concerts
1411 976 149 40 danois
1582 983 42 32 et
1643 975 73 53 n'y
1737 980 172 48 reparut
1923 971 113 54 plus.
2060 969 94 40 Nos
2176 969 119 39 étran-

586 1066 95 40 gers
696 1066 54 28 ne
771 1060 158 47 purent
948 1051 228 54 prolonger
1196 1050 92 41 leur
1309 1050 110 39 lutte
1439 1061 99 27 avec
1559 1061 62 27 un
1643 1046 212 41 musicien
1874 1044 77 54 qui
1986 1042 114 41 avait
2116 1041 106 40 dans
2243 1053 77 26 son

586 1126 212 41 orchestre
825 1125 70 40 des
928 1124 161 40 chaises
1123 1123 131 53 qu'on
1277 1121 169 49 cassait,
1467 1121 51 40 de
1547 1120 39 40 la
1615 1119 192 40 vaisselle
1838 1117 134 54 qu'on
2006 1114 143 42 faisait
2184 1112 136 55 partir

585 1211 52 27 en
660 1198 143 50 éclats,
825 1197 71 40 des
919 1196 190 55 pistolets
1136 1194 77 54 qui
1238 1193 250 41 détonaient
1508 1206 55 26 au
1586 1193 109 39 beau
1712 1197 195 33 moment
1928 1189 71 40 des
2014 1187 157 54 grands
2185 1185 132 40 effets.

588 1270 200 54 Lumbye
818 1276 155 34 trouva
1006 1267 98 55 plus
1138 1275 272 44 avantageux
1449 1263 310 42 d'économiser
1792 1262 58 40 les
1884 1262 202 53 dépenses
2122 1260 199 39 énormes

586 1356 84 41 que
691 1343 65 40 lui
778 1342 164 41 coûtait
964 1355 76 27 son
1062 1340 244 55 personnel,
1326 1347 40 33 et
1386 1338 31 40 il
1438 1345 207 33 retourna
1667 1336 106 40 dans
1798 1348 77 27 son
1892 1347 104 41 pays
2017 1347 56 26 ou
2088 1333 41 40 la
2144 1331 176 53 légende

585 1424 174 33 raconte
791 1415 108 55 qu'il
938 1422 200 33 retrouva
1175 1427 42 26 sa
1251 1411 147 54 gloire,
1432 1424 63 27 ses
1530 1411 142 39 succès
1704 1416 41 33 et
1774 1408 72 40 des
1876 1406 106 55 piles
2012 1406 26 40 d
2043 1406 7 18 7
2055 1418 61 28 or.
2156 1404 59 41 Ce
2242 1402 76 55 qui

586 1502 164 40 prouve
770 1501 85 41 que
874 1488 59 40 les
955 1487 226 54 proverbes
1202 1493 97 32 sont
1320 1483 158 55 parfois
1505 1483 72 40 des
1596 1482 275 53 imposteurs,
1899 1479 214 53 Lumbye,
2137 1491 52 26 en
2208 1476 108 50 effet,

586 1561 68 40 n'a
676 1575 73 40 pas
768 1560 136 41 réussi
925 1564 23 36 à
971 1559 136 51 Paris,
1131 1558 168 54 paradis
1320 1557 71 40 des
1406 1556 310 54 compositeurs
1738 1554 75 53 qui
1838 1566 52 28 ne
1912 1560 99 32 sont
2024 1565 73 40 pas
2119 1549 199 55 français,

586 1643 56 44 et,
666 1634 201 40 retourné
888 1634 105 39 dans
1025 1645 78 27 son
1132 1644 120 41 pays,
1274 1630 30 39 il
1325 1629 94 41 s'est
1441 1629 150 40 trouvé
1621 1627 108 54 qu'il
1749 1641 28 39 y
1797 1641 23 26 a
1850 1626 65 39 été
1937 1638 99 42 reçu
2071 1636 165 28 comme
2258 1635 60 27 un

587 1705 221 53 prophète.
833 1703 103 41 Cela
956 1717 53 26 ne
1030 1716 42 26 se
1091 1702 92 40 voit
1204 1701 129 53 qu'en
1351 1698 301 42 Scandinavie.

640 1777 60 40 Ce
722 1775 107 41 n'est
851 1776 124 53 point
995 1775 239 40 seulement
1251 1787 53 26 en
1328 1771 165 41 France
1514 1784 84 40 que
1628 1770 36 40 le
1691 1768 265 51 Danemark,
1986 1766 332 42 musicalement

590 1848 237 55 émancipé,
846 1862 23 26 a
884 1847 174 55 expédié
1079 1860 62 27 ses
1163 1846 158 54 grands
1339 1845 210 40 hommes.
1572 1841 208 54 Siegfried
1796 1841 215 51 Saloman,
2034 1839 230 42 violoniste
2280 1847 41 32 et

587 1922 306 54 compositeur,
919 1919 138 54 lequel
1076 1919 146 40 devint
1242 1918 167 53 l'époux
1429 1916 50 40 de
1500 1914 317 42 mademoiselle
1832 1914 227 40 Henriette
2083 1913 171 50 Nissen,
2280 1913 40 39 la

584 1996 161 39 célèbre
760 1994 229 40 chanteuse
1004 1992 195 41 suédoise
1215 2004 85 41 que
1319 1990 117 40 Paris
1455 2003 23 26 a
1500 2001 186 40 connue,
1704 2002 20 26 a
1737 1987 172 54 exporté
1930 1986 97 40 l'art
2040 1985 149 41 danois
2211 1985 108 40 dans

585 2077 97 32 tout
714 2069 37 39 le
785 2067 133 42 Nord.
943 2068 39 38 A
1003 2065 194 54 l'époque
1224 2069 56 35 où
1302 2064 200 40 Saloman
1533 2062 169 53 naquit,
1737 2060 292 54 Copenhague
2061 2059 115 40 avait
2199 2065 119 34 toute

588 2156 87 28 une
707 2141 168 41 colonie
909 2139 205 41 musicale
1147 2152 55 26 au
1233 2137 145 40 milieu
1411 2136 51 40 de
1487 2135 184 54 laquelle
1706 2135 31 39 il
1767 2133 210 54 compléta
2000 2145 76 28 son
2094 2131 196 54 enseigne-

585 2224 135 43 ment,
744 2214 121 53 après
884 2213 120 40 avoir
1024 2212 88 54 pris
1133 2210 38 41 le
1191 2212 104 51 goût
1316 2210 50 39 de
1387 2222 76 27 son
1485 2216 66 33 art
1571 2208 107 40 dans
1700 2221 44 26 sa
1765 2206 163 40 famille
1949 2206 153 40 même.
2126 2205 100 52 Car,
2248 2205 72 39 dès

586 2296 107 32 cette
715 2288 180 52 époque,
914 2299 56 26 on
992 2284 232 54 s'occupait
1240 2283 49 39 de
1309 2282 202 53 musique
1533 2281 106 40 dans
1658 2287 139 33 toutes
1813 2279 58 40 les
1893 2279 188 40 maisons
2099 2278 58 39 du
2175 2278 115 39 Dane-

585 2360 137 48 mark,
747 2359 50 40 de
816 2358 40 40 la
877 2358 138 40 Suède
1035 2365 40 32 et
1100 2357 51 39 de
1172 2356 40 40 la
1236 2355 232 53 Norwége.
1498 2353 113 41 C'est
1636 2354 38 39 le
1695 2356 96 50 père
1812 2352 49 39 de
1886 2351 202 40 Saloman
2112 2351 93 54 (son
2227 2353 96 51 père

585 2433 103 41 était
718 2445 61 27 un
811 2430 139 41 habile
982 2429 231 54 négociant
1234 2426 12 56 )
1283 2428 76 53 qui
1382 2426 202 54 enseigna
1630 2429 22 36 à
1683 2424 201 42 Saloman
1906 2424 39 40 le
1965 2424 165 52 violon,
2153 2423 76 54 qui
2260 2423 64 39 lui

587 2505 156 41 choisit
773 2518 63 27 ses
857 2505 187 39 maîtres.
1070 2504 40 38 A
1132 2502 125 52 vingt
1285 2514 93 37 ans,
1402 2499 37 41 le
1463 2499 128 54 jeune
1627 2499 148 40 artiste
1801 2497 171 41 obtient
1998 2511 62 26 un
2082 2495 173 42 subside
2276 2495 49 40 de

589 2591 78 27 son
685 2582 338 48 gouvernement
1043 2583 40 33 et
1102 2575 29 39 il
1152 2574 74 41 fait
1245 2587 62 26 ses
1330 2572 163 41 malles.

643 2650 34 40 Il
698 2650 91 40 faut
809 2661 265 41 remarquer,
1096 2651 22 36 à
1140 2660 43 27 ce
1199 2659 169 41 propos,
1387 2659 85 40 que
1493 2644 106 40 dans
1613 2644 59 39 les
1689 2656 103 41 pays
1808 2644 57 39 du
1884 2642 121 41 Nord
2024 2647 56 35 où
2102 2640 199 41 l'instruc-

585 2724 93 39 tion
700 2730 60 33 est
782 2721 382 42 universellement
1194 2718 233 55 répandue,
1458 2722 56 35 où
1537 2716 39 40 la
1598 2715 202 55 musique
1820 2717 106 39 n'est
1947 2715 173 52 ignorée
2139 2714 50 40 de
2220 2728 75 40 per-

585 2810 134 26 sonne
742 2803 39 33 et
802 2794 233 53 s'enseigne
1060 2806 169 27 comme
1250 2793 38 40 le
1308 2791 181 54 langage
1523 2803 101 26 avec
1650 2789 42 40 la
1719 2789 174 49 lecture,
1933 2787 214 41 l'écriture
2183 2794 41 33 et
2261 2788 59 39 les

584 2877 86 33 arts
703 2869 60 41 du
796 2867 157 53 dessin,
977 2868 59 39 les
1056 2871 364 49 gouvernements
1447 2862 241 54 modernes,
1711 2862 339 40 contrairement
2068 2864 22 37 à
2113 2874 45 27 ce
2179 2861 76 53 qui
2279 2873 42 27 se

585 2941 157 55 passait
764 2954 48 27 en
836 2938 287 43 Scandinavie
1142 2944 129 34 avant
1290 2936 191 42 Gustave
1500 2935 150 52 Wasa,
1685 2943 40 32 et
1755 2938 24 36 à
1817 2946 44 28 ce
1893 2932 77 55 qui
2003 2946 42 26 se
2067 2945 120 41 passe
2214 2932 107 40 dans

585 3023 121 34 notre
731 3015 162 41 France
914 3027 52 27 en
995 3014 126 54 1874,
1146 3026 53 26 ne
1220 3012 198 40 tiennent
1451 3023 75 41 pas
1561 3022 51 27 en
1653 3007 159 55 mépris
1845 3007 59 40 les
1937 3007 237 40 musiciens
2203 3014 40 33 et
2264 3005 60 41 les

582 3088 309 54 perquisiteurs
916 3088 50 39 de
996 3086 208 41 l'histoire
1239 3083 221 42 musicale.
1487 3082 67 40 En
1578 3081 180 48 France,
1782 3080 100 41 c'est
1903 3079 100 41 bien
2041 3079 150 41 mieux
2221 3092 101 27 sans

583 3161 144 53 doute,
770 3174 56 26 on
863 3159 174 41 accorde
1070 3159 51 39 de
1154 3156 199 42 libérales
1385 3155 202 41 missions
1626 3167 85 27 aux
1745 3152 301 54 archéologues
2082 3159 41 32 et
2153 3150 86 41 cela
2261 3158 62 33 est

583 3233 83 40 très
686 3231 101 40 bien
821 3231 92 51 fait,
939 3238 174 33 surtout
1138 3243 110 41 pour
1281 3229 38 40 le
1353 3226 128 56 profit
1501 3227 134 54 qu'on
1673 3240 53 26 en
1749 3225 145 42 retire.
1920 3225 114 41 Mais
2053 3224 40 40 la
2116 3223 205 53 musique

584 3312 63 33 est
662 3304 206 54 méprisée
887 3304 102 40 chez
1011 3317 77 27 nos
1105 3302 197 41 Mécènes
1317 3300 190 53 officiels,
1525 3300 76 53 qui
1617 3299 329 54 probablement
1960 3297 222 42 attendent
2198 3295 123 41 d'elle

583 3377 72 40 des
676 3376 208 41 bénéfices
903 3385 41 32 et
964 3375 74 40 des
1059 3375 242 53 allégresses
1317 3386 84 42 que
1422 3385 113 27 nous
1562 3386 54 25 ne
1637 3372 211 40 devinons
1878 3373 146 51 guère,
2046 3382 111 27 nous
2175 3375 143 33 autres

583 3449 214 55 vulgaires
820 3449 188 41 mortels.
1027 3447 218 42 Réclamer
1262 3460 86 29 une
1370 3445 178 41 mission
1570 3458 112 41 pour
1702 3445 168 41 étudier
1890 3444 42 41 la
1949 3442 204 53 musique
2173 3442 146 39 étran-
