2697 4097
551 428 78 42 LA
661 428 285 52 MUSIQUE
977 431 39 38 A
1050 430 77 41 LA
1157 425 657 66 COMÉDIE-FRANÇAISE

2043 493 0 0 273

315 576 58 41 tie
405 576 208 41 musicale
632 577 51 40 de
703 584 109 34 cette
837 577 195 41 comédie
1054 585 61 33 est
1137 578 156 43 bornée
1314 595 54 26 au
1385 583 170 53 couplet
1577 598 8 26 :
1609 583 54 40 Si
1695 585 38 39 le
1754 585 101 54 Roy
1871 586 177 42 m'avoit

314 649 157 41 donné.
543 650 95 53 qui,
663 650 118 41 selon
799 652 40 39 la
860 650 222 53 tradition,
1100 650 243 42 fidèlement
1366 654 153 53 suivie,
1536 663 62 33 est
1611 656 188 41 déclamé
1817 658 37 39 la
1869 660 178 39 seconde

313 720 80 41 fois
421 729 40 33 et
480 722 166 50 chanté,
672 723 41 40 la
738 723 221 54 première,
980 736 74 27 sur
1079 736 60 28 un
1171 723 101 42 vieil
1300 725 64 40 air
1389 727 59 40 du
1475 739 370 32 commencement
1872 730 58 41 du
1957 731 67 41 dix-

315 794 204 55 septième
540 795 139 42 siècle.

369 940 63 39 Le
451 939 205 42 Médecin
686 942 172 53 malgré
880 941 65 40 lui
966 941 66 41 fut
1053 943 240 53 également
1322 944 239 55 représenté
1578 950 24 38 à
1625 948 39 40 la
1693 949 116 54 ville,
1834 951 36 40 le
1889 951 23 40 6
1940 954 103 39 août

314 1012 189 42 suivant.
529 1012 71 42 On
621 1014 149 53 ignore
785 1014 77 55 qui
874 1028 199 42 composa
1094 1017 95 40 l'air
1204 1031 73 27 sur
1295 1019 140 53 lequel
1447 1020 270 54 Sganarelle
1731 1024 305 53 complimente

315 1099 44 26 sa
380 1086 221 42 bouteille.
625 1086 59 43 Ce
701 1087 92 42 doit
809 1089 87 40 être
920 1088 136 43 Lulli.

367 1233 62 39 Le
448 1233 150 40 Ballet
617 1234 77 40 des
712 1235 153 40 Muses
870 1268 9 19 ,
903 1237 104 40 dont
1028 1237 37 40 le
1086 1237 165 41 dessein
1270 1246 61 32 est
1349 1239 50 40 de
1417 1238 250 56 Benserade,
1683 1254 41 28 se
1738 1238 114 59 joua,
1870 1242 39 42 le
1932 1257 21 26 2
1975 1244 46 40 dé-

314 1305 170 40 cembre
525 1306 122 51 1666,
683 1311 22 35 à
738 1307 372 53 Saint-Germain,
1148 1320 40 30 et
1218 1311 186 54 défraya,
1437 1313 191 52 pendant
1663 1322 98 33 tout
1787 1315 167 52 l'hiver,
1987 1316 58 41 les

317 1377 168 53 plaisirs
519 1379 50 39 de
604 1379 40 40 la
687 1380 131 41 Cour.
860 1381 201 53 D'abord,
1099 1383 60 39 les
1196 1383 112 40 deux
1343 1385 202 53 premiers
1578 1395 111 31 actes
1729 1388 51 38 de
1811 1388 237 42 Mélicerte

315 1461 54 27 en
393 1449 126 40 firent
538 1451 155 52 partie.
720 1452 65 40 En
806 1452 163 54 janvier
990 1454 127 55 1667,
1134 1454 178 41 Molière
1328 1470 27 40 y
1371 1457 218 41 substitua
1611 1460 42 39 la
1665 1460 235 41 Pastorale
1916 1462 106 39 comi-

316 1534 82 40 que
414 1534 57 27 ou
496 1522 94 40 Cor
593 1523 45 40 id
642 1536 66 30 on.
735 1524 66 40 En
823 1524 167 52 février,
1016 1526 29 39 il
1065 1526 144 54 ajouta
1232 1528 40 39 le
1295 1527 185 41 Sicilien
1513 1543 55 26 au
1597 1531 145 40 ballet.
1768 1531 59 40 Le
1849 1533 127 39 ballet
2008 1543 38 31 et

314 1593 58 39 les
394 1595 103 38 trois
519 1609 168 26 œuvres
712 1597 50 39 de
780 1597 180 40 Molière
981 1599 141 40 furent
1143 1599 224 55 musiqués
1392 1614 75 40 par
1484 1602 132 42 Lulli.
1643 1604 62 39 De
1727 1605 238 40 Mélicerte
1973 1639 7 17 ,
2005 1606 40 40 la

319 1666 311 55 Bibliothèque
650 1669 58 41 du
738 1669 329 41 Conservatoire
1097 1679 41 33 et
1171 1672 40 40 la
1232 1672 304 56 Bibliothèque
1561 1675 231 42 Nationale
1827 1677 119 52 (Rec.
1975 1677 71 40 des

317 1739 150 40 ballets
488 1739 50 40 de
563 1741 117 40 Lulli
703 1756 52 25 en
780 1745 64 37 six
865 1750 41 33 et
926 1757 51 26 en
994 1744 109 39 deux
1121 1744 477 55 volumes)possèdent
1618 1748 70 39 des
1710 1748 227 54 partitions
1956 1763 58 26 ma-

318 1813 225 40 nuscrites.
569 1814 66 40 En
677 1816 125 53 1699,
835 1816 37 39 le
903 1815 67 41 fils
992 1816 57 40 du
1082 1818 220 40 comédien
1328 1817 168 42 Guérin
1538 1820 191 40 remania
1763 1830 41 31 et
1834 1823 211 52 compléta

317 1884 258 54 Mélicerte,
598 1894 40 32 et
663 1887 59 40 La
750 1887 160 54 Lande,
934 1901 72 40 ou,
1030 1889 115 40 selon
1167 1889 199 50 d'autres,
1391 1891 169 55 Couper
1568 1892 60 49 in,,
1653 1906 52 26 en
1731 1892 95 41 refit
1848 1894 39 39 la
1905 1894 112 39 musi-

315 1971 98 40 que.
439 1958 69 40 Du
531 1959 189 41 Sicilien
727 1992 9 19 ,
760 1960 37 40 le
821 1960 180 41 Recueil
1020 1962 201 53 imprimé
1241 1963 50 39 de
1319 1965 105 54 iys3
1452 1964 148 50 (Arch.
1625 1964 125 41 Com.
1779 1966 102 52 Fr.),
1907 1980 116 40 repro-

315 2030 95 40 duit
432 2044 60 26 un
515 2031 63 39 air
599 2032 48 39 de
674 2032 131 53 Lulli,
824 2033 96 53 plus
943 2047 61 25 un
1026 2042 121 31 autre
1168 2033 157 53 ajouté,
1348 2049 51 26 en
1426 2036 126 53 1695,
1575 2051 75 38 par
1667 2037 299 54 Charpentier.
1985 2039 60 38 La

315 2103 198 40 sérénade
540 2104 116 39 seule
679 2117 51 26 en
753 2112 61 33 est
835 2105 178 40 chantée
1047 2106 299 54 aujourd'hui;
1382 2121 76 27 nos
1480 2108 181 41 lecteurs
1691 2124 28 39 y
1742 2118 78 33 ont
1853 2110 188 41 entendu

317 2174 61 40 M.
403 2175 213 52 Garraud,
638 2175 30 41 il
686 2190 29 40 y
735 2190 22 26 a
780 2178 210 54 quelques
1011 2179 172 41 années.

374 2319 202 55 Georges
595 2322 183 40 Dandin
787 2354 7 18 ,
823 2322 366 50 comédie-ballet,
1220 2322 49 42 fit
1298 2325 135 53 partie
1463 2325 70 40 des
1554 2326 102 40 fêtes
1677 2327 51 39 de
1748 2326 227 41 Versailles
1995 2327 51 40 de

321 2393 132 51 1668;
475 2392 30 40 il
524 2406 28 40 y
584 2394 65 40 fut
669 2392 97 55 joué
788 2396 37 38 le
852 2395 46 39 18
922 2395 153 54 juillet.
1101 2396 179 40 Molière
1300 2410 52 26 ne
1373 2397 37 40 le
1430 2398 145 40 donna
1593 2412 84 41 que
1698 2400 37 39 le
1757 2414 23 39 9
1805 2401 234 38 novembre

313 2464 84 40 àla
418 2465 116 51 ville,
563 2474 41 31 et
636 2467 238 40 seulement
904 2481 52 27 en
994 2468 203 43 comédie.
1237 2469 59 40 Le
1319 2470 127 40 ballet
1482 2471 115 40 avait
1633 2472 64 38 été
1732 2472 203 53 musiqué
1967 2486 80 40 par

318 2537 138 52 Lulli;
478 2545 107 33 cette
606 2539 208 53 partition
833 2540 130 41 existe
984 2541 105 40 dans
1111 2541 38 40 le
1177 2542 158 41 recueil
1356 2556 50 26 en
1428 2543 64 41 six
1514 2544 195 41 volumes
1730 2544 50 40 de
1802 2544 39 41 la
1865 2545 145 40 Biblio-

316 2609 157 54 thèque
496 2611 247 41 Nationale.

367 2757 352 56 Pourceaugnac
724 2791 9 20 ,
769 2760 356 53 comédie-ballet,
1149 2762 65 40 fut
1240 2759 95 56 joué
1367 2762 38 40 le
1437 2763 23 39 6
1484 2763 174 41 octobre
1686 2763 125 54 1669,
1836 2767 21 36 à
1881 2762 131 41 Cham-

319 2830 220 40 bord—où
557 2830 133 52 Lulli,
704 2832 182 40 l'auteur
905 2834 50 38 de
977 2833 39 40 la
1038 2833 216 54 musique,
1271 2834 102 53 joua
1394 2835 37 39 le
1448 2835 86 40 rôle
1553 2836 103 39 d'un
1672 2835 194 40 médecin
1884 2842 137 46 grotes-

315 2909 195 47 que—et,
528 2903 38 39 le
585 2918 12 24 1
614 2905 18 38 5
649 2905 247 51 novembre,
914 2918 54 27 au
988 2904 323 55 Palais-Royal.
1335 2906 71 40 On
1428 2920 51 27 ne
1496 2907 80 40 sait
1599 2908 284 53 précisément
1903 2921 46 26 ce
1967 2907 78 54 qui

315 2975 66 39 fut
402 2976 204 39 conservé
625 2976 107 40 delà
759 2977 135 53 partie
915 2977 58 39 du
1008 2978 127 40 ballet
1172 2992 84 26 aux
1285 2979 360 53 représentations
1666 2980 50 40 de
1736 2981 40 39 la
1796 2980 120 51 ville,
1940 2980 106 40 mais

314 3047 58 41 les
394 3046 83 40 airs
499 3048 49 39 de
569 3047 39 40 la
628 3048 112 53 pièce
756 3050 37 40 le
814 3049 144 41 furent
976 3050 371 41 nécessairement.
1368 3051 80 39 Les
1474 3051 209 41 Archives
1700 3052 52 40 de
1768 3051 172 56 l'Opéra
1955 3065 70 41 pos-

316 3120 147 39 sèdent
482 3119 59 40 les
564 3119 233 54 fragments
818 3123 102 39 delà
943 3123 207 53 partition
1174 3123 49 40 de
1248 3123 114 41 Lulli
1385 3125 109 53 qu'il
1522 3124 166 49 utilisa,
1710 3139 51 27 en
1793 3126 124 54 1675,
1940 3126 106 38 dans

315 3206 78 26 son
413 3193 236 51 Carnaval,
676 3195 126 51 opéra
822 3196 199 52 composé
1042 3195 51 40 de
1126 3209 93 27 vers
1237 3196 50 39 de
1309 3196 217 41 différents
1559 3206 193 45 auteurs,
1776 3204 271 34 notamment

315 3265 52 40 de
392 3265 177 41 Molière
590 3274 40 33 et
644 3266 52 40 de
710 3267 252 49 Benserade,
985 3276 40 32 et
1046 3269 120 50 dont,
1183 3283 56 26 au
1257 3270 191 53 surplus,
1463 3270 40 40 la
1519 3271 207 54 partition
1747 3286 22 26 a
1792 3272 63 38 été
1874 3270 168 52 gravée.

319 3338 60 40 La
404 3338 209 54 partition
644 3338 51 40 de
718 3340 368 54 Pourceaugnac,
1112 3342 224 54 imprimée
1358 3357 51 26 en
1438 3345 129 53 1715,
1590 3357 76 40 par
1685 3343 187 49 Ballard,
1895 3349 40 33 et
1957 3356 84 26 une

317 3411 207 54 partition
557 3412 265 41 manuscrite
856 3413 184 41 existent
1070 3416 23 37 à
1118 3414 39 40 la
1180 3414 306 55 Bibliothèque
1518 3417 60 40 du
1611 3413 341 44 Conservatoire.
1985 3415 58 41 Le
