2697 4097
1088 441 77 40 LA.
1196 441 381 51 CHRONIQUE
1610 443 313 43 MUSICALE

639 451 83 41 290

634 584 246 55 longtemps
899 584 142 42 donné
1056 586 51 40 de
1127 588 282 41 nombreuses
1430 596 42 34 et
1487 589 283 42 irrécusables
1787 605 181 40 preuves
1988 593 107 41 d'un
2113 595 90 40 vrai
2225 596 150 54 talent,

632 670 57 27 on
711 657 64 40 lui
799 656 90 41 doit
914 658 41 41 la
976 659 134 41 vérité
1131 667 96 34 tout
1248 661 176 42 entière.

688 732 39 38 A
743 730 158 55 l'égard
922 732 57 40 du
1002 741 174 46 septuor
1198 735 50 39 de
1271 734 262 56 Beethoven,
1565 737 39 54 je
1624 751 69 28 me
1715 740 251 52 permettrai
1988 754 86 27 une
2103 741 271 42 observation

633 803 77 53 qui
733 817 52 27 ne
807 805 159 40 touche
981 819 52 26 en
1049 806 93 41 rien
1166 811 22 36 à
1207 807 263 43 l'excellente
1489 812 226 40 exécution
1738 812 50 41 de
1809 812 247 42 l'orchestre
2071 814 49 40 de
2138 815 61 39 M.
2218 816 130 40 Pasde-

632 877 120 54 loup,
779 878 109 39 mais
905 882 24 36 à
950 878 125 41 l'idée
1093 881 208 51 première
1320 882 133 54 qu'on
1469 897 22 27 a
1512 897 80 27 eue
1606 885 52 40 de
1674 884 104 41 faire
1795 885 121 54 jouer
1931 900 77 39 par
2023 896 99 31 tous
2135 887 58 40 les
2215 888 138 41 instru-

633 958 141 32 ments
792 955 23 35 à
837 952 160 53 cordes,
1021 966 46 27 ce
1088 953 76 54 qui
1185 955 108 42 n'est
1315 957 104 40 écrit
1446 970 84 40 que
1564 971 111 41 pour
1696 972 66 26 ces
1785 958 288 42 instruments
2093 961 108 41 solo.
2226 961 58 40 Le
2305 963 47 39 ré-

632 1022 134 42 sultat
789 1037 52 27 en
864 1033 62 33 est
941 1029 84 38 très
1047 1027 127 53 beau,
1196 1028 111 41 mais
1333 1029 38 40 la
1394 1030 236 48 clarinette,
1656 1032 38 39 le
1714 1045 70 26 cor
1810 1040 41 32 et
1871 1033 36 39 le
1931 1033 153 40 basson
2120 1044 98 31 sont
2249 1035 104 40 sacri-

631 1096 89 54 fiés,
745 1099 97 39 sauf
865 1099 106 40 dans
1002 1101 58 40 les
1094 1115 195 40 passages
1316 1107 56 36 où
1407 1103 94 40 leur
1526 1104 138 53 partie
1692 1113 62 32 est
1779 1110 22 35 à
1834 1106 245 42 découvert.
2102 1106 48 42 Te
2172 1108 81 40 sais
2276 1109 97 40 bien

631 1183 84 41 que
737 1171 105 40 dans
872 1180 97 32 tous
990 1172 59 40 les
1080 1174 235 40 orchestres
1349 1176 60 39 les
1437 1176 290 42 instruments
1748 1183 23 35 à
1793 1188 104 31 vent
1921 1179 148 54 jouent
2089 1181 95 40 solo
2192 1215 8 17 ,
2225 1183 148 52 quand

629 1243 53 39 ils
709 1252 77 31 ont
826 1257 62 26 un
922 1244 142 52 chant,
1105 1254 41 32 et
1170 1261 83 40 que
1275 1249 104 39 d'un
1413 1258 120 31 autre
1568 1252 106 40 côté,
1700 1250 31 41 il
1762 1259 63 33 est
1856 1254 311 39 extrêmement
2200 1254 173 40 difficile

630 1317 26 37 d
673 1316 171 40 obtenir
865 1330 87 27 une
974 1318 178 53 justesse
1187 1321 195 52 absolue,
1419 1322 173 56 lorsque
1613 1324 112 40 deux
1743 1325 51 39 de
1815 1338 65 27 ces
1915 1325 285 42 instruments
2224 1329 125 38 exécu-

631 1396 93 32 tent
738 1388 40 40 la
801 1391 139 39 même
962 1391 150 53 partie.
1141 1392 112 41 Mais
1286 1393 31 41 il
1354 1394 91 41 faut
1468 1409 249 42 remarquer
1738 1411 84 40 que
1851 1398 245 41 Beethoven
2118 1409 135 40 ayant
2271 1401 102 39 écrit

627 1475 112 40 pour
761 1471 92 45 sept
873 1463 302 55 instruments,
1200 1468 44 38 ni
1268 1467 96 53 plus
1387 1468 46 40 ni
1456 1470 158 54 moins,
1641 1484 23 26 a
1684 1472 162 40 calculé
1869 1485 61 27 ses
1954 1472 117 41 effets
2102 1473 50 40 de
2181 1474 191 40 sonorité

633 1534 26 40 d
677 1548 86 27 une
781 1536 188 41 certaine
992 1538 191 41 manière
1202 1547 40 32 et
1261 1553 87 27 non
1372 1541 130 40 d'une
1534 1552 136 41 autre,
1696 1551 40 33 et
1764 1545 168 40 ensuite
1954 1559 98 40 que,
2077 1560 57 26 vu
2157 1546 216 42 l'habileté

629 1616 42 32 et
689 1607 37 42 le
748 1609 135 40 talent
902 1609 51 41 de
967 1611 117 40 MM.
1107 1611 59 40 les
1188 1612 168 41 artistes
1377 1616 71 38 des
1464 1614 202 43 Concerts
1681 1617 261 54 populaires,
1956 1618 50 40 ils
2027 1618 299 55 arriveraient,
2350 1623 22 37 à

630 1684 98 38 n'en
750 1695 73 41 pas
846 1682 170 54 douter,
1040 1689 23 35 à
1084 1698 85 27 une
1186 1685 176 53 justesse
1384 1688 194 53 parfaite,
1602 1690 34 40 si
1659 1703 42 26 ce
1719 1699 172 46 septuor
1907 1692 104 40 était
2029 1693 213 40 distribué
2263 1707 110 41 pour

627 1761 97 33 tous
737 1753 58 42 les
816 1754 289 44 instruments
1122 1762 23 35 à
1165 1759 162 52 cordes,
1351 1769 40 31 et
1412 1760 114 41 deux
1549 1762 263 54 clarinettes,
1836 1764 112 41 deux
1976 1779 94 27 cors
2089 1775 40 32 et
2149 1766 111 41 deux
2277 1767 69 40 bas-

629 1844 99 27 sons
749 1835 22 36 à
789 1830 226 42 l'unisson.
1044 1833 193 54 Puisque
1258 1835 106 40 dans
1385 1835 59 40 les
1465 1837 158 52 grands
1641 1837 189 41 festivals
1851 1839 59 40 les
1931 1839 289 41 instruments
2233 1844 22 36 à
2268 1851 103 31 vent

629 1911 97 32 sont
745 1913 183 32 souvent
945 1905 264 55 quadruplés
1231 1915 41 32 et
1293 1910 229 52 sextuplés,
1547 1911 217 53 pourquoi
1787 1925 52 27 ne
1861 1926 73 40 pas
1950 1920 139 33 tenter
2110 1913 52 40 de
2182 1913 59 41 les
2262 1915 78 40 dou-

630 1976 90 39 bler
739 1976 106 40 dans
870 1978 35 38 le
927 1986 176 46 septuor
1124 1978 49 41 de
1199 1980 269 41 Beethoven?
1490 1981 46 41 Je
1559 1983 110 39 crois
1688 1983 108 53 qu'il
1817 1998 26 39 y
1867 1985 224 52 gagnerait
2106 1999 166 27 encore.

1738 2095 169 53 Henry
1933 2095 158 41 Cohen.

682 2269 215 41 CONCERT
917 2270 228 42 NATIONAL
1152 2305 8 10 .
1252 2273 107 41 Bien
1380 2288 83 40 que
1480 2275 37 40 le
1541 2276 188 40 Concert
1745 2277 198 40 national
1959 2277 59 40 ait
2039 2282 23 35 à
2084 2279 124 54 peine
2229 2293 60 26 un
2310 2293 56 28 an

619 2342 270 52 d'existence,
915 2345 30 39 il
964 2345 97 40 n'en
1079 2360 22 25 a
1117 2360 75 40 pas
1214 2348 142 39 moins
1373 2350 144 39 exercé
1539 2348 91 56 déjà
1648 2363 86 27 une
1750 2350 218 42 influence
1984 2352 295 41 considérable
2296 2367 72 26 sur

619 2415 39 40 le
678 2425 282 32 mouvement
981 2418 181 40 musical
1178 2420 159 52 auquel
1355 2435 23 26 a
1395 2421 145 40 donné
1557 2422 222 41 naissance
1796 2423 283 41 l'institution
2096 2425 70 40 des
2181 2424 185 42 Sociétés

619 2488 212 41 destinées
858 2493 23 36 à
911 2492 266 52 populariser
1203 2493 59 40 les
1300 2493 327 42 chefs-d'œuvre
1658 2496 50 40 de
1736 2496 40 40 la
1806 2496 203 54 musique
2037 2497 231 54 classique.
2307 2498 59 41 Ce

621 2571 296 42 mouvement,
936 2563 58 39 les
1018 2564 214 41 Concerts
1251 2566 58 40 du
1342 2567 344 41 Conservatoire
1712 2569 201 40 Pavaient
1935 2571 178 52 préparé
2134 2571 49 40 de
2206 2572 160 52 longue

621 2633 120 40 main
762 2648 9 26 :
790 2634 60 40 les
868 2635 213 40 Concerts
1092 2639 265 52 populaires
1374 2639 66 40 lui
1456 2648 78 32 ont
1550 2641 145 40 donné
1711 2655 52 26 en
1780 2642 208 54 quelques
2007 2645 157 38 années
2184 2658 86 26 une
2286 2644 54 40 im-

621 2707 176 52 pulsion
817 2708 338 41 extraordinaire
1174 2726 9 34 ;
1207 2712 108 39 mais
1336 2714 98 38 c'est
1456 2721 174 33 surtout
1653 2714 37 40 le
1716 2715 191 39 Concert
1928 2716 204 40 national
2161 2717 77 53 qui
2262 2731 51 26 en
2341 2732 22 25 a

620 2778 236 42 déterminé
870 2780 37 40 le
923 2782 206 40 véritable
1151 2787 223 44 caractère,
1398 2793 40 32 et
1459 2786 75 53 qui
1555 2787 54 39 l'a
1624 2789 160 52 engagé
1805 2788 270 41 décidément
2103 2790 107 39 dans
2232 2790 40 40 la
2296 2791 44 39 di-

622 2852 161 41 rection
804 2853 109 54 qu'il
932 2855 206 40 convient
1159 2856 48 40 de
1223 2856 62 41 lui
1303 2857 240 54 imprimer,
1568 2859 88 41 afin
1677 2860 96 40 d'en
1791 2861 102 41 tirer
1912 2863 110 53 parti
2045 2877 55 27 au
2124 2863 147 41 mieux
2291 2865 72 40 des

620 2925 175 41 intérêts
828 2925 50 41 de
904 2926 114 41 l'art.
1049 2926 55 42 Et
1126 2942 52 26 en
1201 2929 110 49 effet,
1352 2931 143 41 tandis
1517 2945 84 40 que
1641 2932 57 41 les
1720 2935 109 39 deux
1851 2935 230 54 premières
2113 2936 185 41 Sociétés
2321 2952 43 26 se

621 2998 334 53 préoccupaient
977 3009 172 32 surtout
1170 3002 51 40 de
1244 3004 173 40 vaincre
1444 3005 309 42 l'indifférence
1774 3008 59 40 du
1856 3008 149 54 public
2034 3023 109 40 pour
2165 3010 39 40 la
2228 3011 135 41 forme

619 3070 341 56 symphonique,
990 3087 51 26 en
1065 3086 264 43 propageant
1362 3077 41 41 la
1434 3079 304 42 connaissance
1761 3081 50 40 de
1849 3095 65 26 ces
1945 3083 330 41 chefs-d'œuvre
2313 3086 50 39 de

619 3143 13 39 1
649 3142 133 54 esprit
805 3142 187 41 humain
1013 3146 76 52 qui
1113 3156 77 31 ont
1220 3148 286 42 immortalisé
1527 3151 60 40 les
1609 3165 123 27 noms
1754 3152 227 50 d'Havdn,
2004 3155 52 39 de
2094 3156 184 46 Mozart,
2313 3157 50 40 de

1866 3196 21 11 *V
1972 3192 9 16 7
2270 3198 7 12 /

621 3215 267 50 Beethoven,
912 3215 50 40 de
983 3217 216 43 Weberet
1219 3220 51 40 de
1293 3221 321 52 Mendelssohn,
1634 3226 36 39 le
1696 3225 191 41 Concert
1905 3228 201 41 national
2112 3262 7 17 ,
2142 3230 98 39 bien
2263 3231 100 53 plus

620 3288 142 52 hardi,
784 3289 291 53 entreprenait
1093 3291 50 39 de
1164 3293 115 40 créer
1299 3308 60 26 un
1384 3309 201 28 nouveau
1609 3298 232 54 répertoire
1874 3304 22 36 à
1928 3302 93 39 côté
2042 3302 58 40 du
2129 3304 232 53 répertoire

621 3362 226 53 classique,
872 3371 39 32 et
934 3363 257 54 produisait,
1216 3379 52 27 en
1291 3371 143 37 moins
1456 3370 49 40 de
1520 3370 101 41 huit
1641 3373 188 51 séances,
1854 3373 96 54 plus
1966 3374 50 40 de
2038 3383 135 33 trente
2192 3390 169 27 œuvres

621 3434 200 52 inédites,
852 3444 287 45 appartenant
1180 3445 142 34 toutes
1363 3446 22 34 à
1420 3432 161 52 l'École
1612 3443 208 57 française
1858 3450 354 51 contemporaine
2238 3459 40 30 et
2298 3451 42 38 si-
