2697 4097
877 474 201 41 REVUE
1112 477 109 38 DES
1252 478 320 43 CONCERTS

2004 494 76 40 291

365 620 126 52 gnées
515 633 8 27 :
566 621 228 52 Massenet,
837 623 294 52 Saint-Saëns,
1171 623 144 52 Bizet,
1359 627 181 53 Dubois,
1582 628 233 53 Paladilhe,
1849 628 237 53 Joncières,

366 692 227 54 Castillon,
620 694 118 53 Lalo,
768 695 168 54 Gouvy,
971 696 181 53 Franck,
1176 705 64 31 etc
1368 700 125 39 Ainsi
1524 714 42 26 se
1588 701 192 40 trouvait
1801 701 147 41 réalisé
1975 715 112 40 pour

364 764 39 40 la
433 766 205 52 première
660 766 76 41 fois
759 781 45 26 ce
840 781 287 40 programme,
1150 769 77 53 qui
1260 770 89 40 doit
1375 773 87 38 être
1487 772 230 41 désormais
1747 774 38 40 la
1807 774 58 40 loi
1895 774 49 40 de
1970 781 118 34 toute

365 835 164 42 Société
548 838 50 39 de
621 839 200 54 musique
839 839 334 42 instrumentale
1188 842 214 40 vraiment
1419 843 185 41 dévouée
1625 859 84 27 aux
1730 845 173 41 intérêts
1920 846 51 41 de
1985 847 98 40 Fart

366 908 210 55 national,
600 919 41 31 et
663 911 76 53 qui
760 912 184 40 consiste
966 917 23 35 à
1028 914 183 40 associer
1232 914 104 40 dans
1371 928 84 27 une
1488 917 127 52 égale
1642 930 166 27 mesure
1829 917 59 41 les
1919 932 162 27 œuvres

364 983 374 52 contemporaines
766 984 254 51 françaises
1051 999 85 26 aux
1157 986 330 41 chefs-d'œuvre
1515 988 50 39 de
1598 976 157 52 l'École
1776 990 223 53 classique.
2029 990 59 41 Ce

364 1065 290 41 programme,
684 1055 38 40 le
759 1056 189 40 Concert
983 1058 198 40 national
1202 1058 53 40 l'a
1277 1058 81 40 mis
1380 1073 51 26 en
1462 1060 196 53 pratique
1681 1060 153 40 l'hiver
1858 1061 167 40 dernier
2063 1067 22 34 à

363 1123 199 57 FQdéon,
586 1135 42 33 et
654 1127 25 41 il
703 1140 50 28 en
776 1142 23 27 a
820 1129 161 41 obtenu
1009 1131 50 39 de
1081 1131 288 54 magnifiques
1391 1132 221 47 résultats;
1637 1132 30 40 il
1689 1146 194 26 annonce
1914 1133 151 40 l'inten-

367 1197 93 42 tion
484 1199 70 53 d'y
575 1208 129 33 rester
724 1201 254 41 fermement
997 1203 167 41 attaché
1181 1204 106 40 dans
1308 1205 39 39 la
1369 1205 199 41 nouvelle
1589 1218 234 40 campagne
1841 1205 106 54 qu'il
1968 1206 119 39 vient

364 1269 341 55 d'entreprendre
739 1287 54 25 au
816 1273 209 42 Châtelet.
1051 1275 139 41 Bravo
1216 1281 8 35 !
1260 1265 165 52 l'École
1454 1277 206 56 française
1681 1286 213 45 comptera
1917 1282 23 35 à
1966 1277 39 40 la
2025 1277 59 40 fin

363 1342 49 39 de
434 1350 107 33 cette
560 1343 138 40 saison
717 1346 206 53 quelques
948 1347 126 40 belles
1093 1361 170 27 œuvres
1285 1349 49 40 de
1356 1349 96 53 plus
1472 1354 8 35 !

418 1413 118 40 Dans
559 1415 165 54 chaque
757 1418 183 39 numéro
961 1418 51 40 de
1032 1418 40 40 la
1107 1419 247 54 Chronique
1375 1422 219 46 musicale,
1619 1420 37 53 je
1676 1420 223 51 donnerai,
1925 1424 23 36 à
1969 1429 105 32 cette

367 1487 138 39 même
527 1486 129 54 place,
686 1502 60 26 un
764 1498 170 45 compte
959 1490 135 40 rendu
1116 1490 170 41 détaillé
1305 1492 50 39 de
1376 1500 139 32 toutes
1538 1493 57 39 les
1617 1506 168 26 œuvres
1804 1492 179 41 inédites
2004 1493 76 53 qui

366 1566 161 33 auront
546 1560 65 39 été
628 1559 141 54 jouées
788 1561 106 40 dans
915 1562 39 39 la
977 1563 252 53 quinzaine;
1253 1564 122 52 mais,
1399 1578 110 39 pour
1530 1564 290 52 aujourd'hui,
1844 1563 35 53 je
1902 1564 92 40 dois
2015 1578 67 26 me

364 1630 156 40 borner
541 1634 23 37 à
583 1630 188 55 liquider
791 1632 186 42 l'arriéré
996 1642 39 32 et
1057 1639 22 35 à
1096 1635 103 41 faire
1221 1637 350 39 sommairement
1594 1650 83 27 une
1698 1649 129 27 revue
1850 1637 208 53 rétrospec-

363 1702 86 41 tive
470 1703 71 40 des
565 1703 102 54 cinq
684 1705 205 54 premiers
908 1716 203 31 concerts.

422 1775 72 41 On
526 1790 22 25 a
583 1778 170 39 exécuté
787 1778 106 39 dans
916 1779 39 39 la
990 1779 204 53 première
1221 1782 146 38 séance
1403 1782 57 39 les
1489 1794 226 27 morceaux
1747 1782 338 54 symphoniques

369 1850 222 52 composés
613 1862 76 40 par
711 1850 62 41 M.
800 1850 119 40 Bizet
940 1864 109 41 pour
1075 1851 25 39 Y
1105 1852 260 41 Artésienne
1393 1853 263 55 d'Alphonse
1679 1855 186 40 Daudet.
1897 1853 59 40 La
1987 1867 65 26 mu-

365 1919 123 53 sique
508 1920 51 39 de
599 1920 59 41 M.
698 1921 118 41 Bizet
836 1923 116 39 avait
985 1924 63 39 été
1078 1937 83 40 peu
1190 1925 218 52 appréciée
1429 1940 54 26 au
1512 1926 263 52 Vaudeville,
1798 1930 56 36 où
1884 1925 78 41 elle
1983 1925 103 40 était

366 1991 274 42 absolument
656 1993 194 54 déplacée
868 2007 9 39 ;
898 1996 262 50 transportée
1184 2010 53 26 au
1261 1996 206 51 Châtelet,
1486 1997 79 40 elle
1584 2011 27 40 y
1630 2012 21 25 a
1669 1999 196 39 retrouvé
1883 1999 38 38 le
1943 2001 141 36 succès

364 2065 82 37 très
467 2065 149 39 mérité
631 2065 153 51 qu'elle
804 2066 115 39 avait
940 2066 90 53 déjà
1049 2067 160 40 obtenu
1232 2081 85 26 aux
1342 2069 212 40 Concerts
1565 2070 276 53 populaires.
1865 2071 135 52 Après
2023 2083 59 25 un

364 2149 113 26 assez
500 2137 109 39 beau
625 2145 197 33 concerto
840 2152 108 40 pour
964 2138 149 40 violon
1134 2138 51 40 de
1208 2140 101 39 Max
1329 2140 158 52 Bruch,
1506 2140 76 55 qui
1604 2156 22 25 a
1643 2143 62 38 été
1727 2141 83 41 fort
1832 2141 251 41 bién.rendu

365 2221 76 39 par
465 2208 60 40 M.
562 2209 206 54 Sarasate,
791 2210 36 53 je
850 2210 227 52 signalerai
1100 2224 150 27 encore
1270 2211 106 41 dans
1396 2213 37 39 le
1467 2227 268 40 programme
1758 2214 71 39 des
1850 2215 109 39 deux
1987 2227 71 40 pre-

363 2279 149 40 mières
542 2282 168 39 séances
750 2295 85 26 une
877 2283 241 40 Sicilienne
1147 2283 160 40 inédite
1336 2284 50 40 de
1429 2285 249 40 Boccherini
1710 2294 40 32 et
1784 2300 60 26 un
1874 2285 211 40 ravissant

361 2352 194 53 Scherzo
562 2384 9 20 ,
594 2352 81 40 tiré
708 2353 51 39 de
792 2352 91 41 l'un
906 2355 70 39 des
1003 2355 102 41 trois
1136 2363 207 45 quatuors
1375 2356 50 40 de
1448 2356 256 42 Cherubini.
1747 2357 57 39 Le
1842 2356 239 54 quatrième

360 2432 171 33 concert
550 2424 103 40 delà
675 2425 203 53 première
900 2427 106 40 série
1027 2441 21 26 a
1070 2429 62 38 été
1154 2429 158 52 occupé
1335 2441 51 26 en
1407 2428 160 53 grande
1583 2428 133 54 partie
1730 2443 75 39 par
1822 2428 257 41 l'exécution

363 2496 129 39 d'une
533 2509 147 28 œuvre
718 2497 168 41 chorale
914 2513 8 25 :
966 2500 116 40 Ruth
1089 2535 9 18 ,
1137 2499 178 53 églogue
1365 2499 194 54 biblique
1599 2514 52 26 en
1700 2500 103 40 trois
1839 2500 155 53 parties
2033 2501 50 38 de

365 2568 62 40 M.
458 2568 185 40 Franck.
670 2569 80 40 Cet
769 2583 185 41 ouvrage
976 2579 61 32 est
1066 2572 103 40 écrit
1188 2584 100 27 avec
1311 2573 218 52 beaucoup
1550 2572 51 40 de
1623 2572 133 40 talent
1773 2585 9 38 ;
1810 2585 53 27 on
1887 2586 27 39 y
1935 2580 149 32 trouve

361 2641 206 52 quelques
599 2641 114 40 effets
734 2641 136 54 larges
890 2651 41 32 et
962 2643 215 53 puissants
1195 2659 9 34 ;
1230 2644 109 39 mais
1360 2644 248 40 l'ensemble
1629 2652 60 32 est
1711 2645 128 39 d'une
1863 2645 219 52 longueur

361 2713 210 39 excessive
607 2722 40 31 et
684 2714 37 38 le
742 2714 105 53 style
872 2728 51 26 en
945 2729 23 26 a
1001 2729 106 40 paru
1131 2716 94 53 plus
1262 2724 233 32 monotone
1517 2730 83 40 que
1621 2717 213 39 vraiment
1853 2716 224 52 religieux.

364 2785 62 40 M.
467 2785 273 41 Saint-Saëns
762 2787 205 40 continue
1000 2801 98 26 avec
1133 2791 142 37 succès
1304 2789 39 40 la
1380 2789 102 40 série
1515 2789 51 39 de
1587 2803 62 26 ses
1670 2790 180 39 Poèmes
1873 2788 179 54 sympho-

362 2856 165 53 niques,
543 2857 104 40 dont
667 2858 58 39 les
747 2859 129 53 sujets
898 2867 97 32 sont
1014 2862 249 51 empruntés
1281 2864 22 36 à
1324 2860 38 40 la
1388 2861 144 41 Fable.
1551 2863 136 51 Après
1707 2861 257 40 Prométhée
1986 2869 40 31 et
2042 2860 38 40 le

362 2929 140 38 Rouet
536 2928 275 54 d'Omphale,
835 2930 106 39 voici
969 2925 208 46 Phaéton.
1213 2931 80 39 J'ai
1317 2932 148 40 écouté
1495 2945 44 27 ce
1571 2945 199 27 nouveau
1795 2945 200 27 morceau
2029 2944 52 26 en

361 3007 132 45 ayant
519 3008 313 33 constamment
854 3002 37 39 le
915 3015 266 40 programme
1206 3016 98 27 sous
1338 3003 57 40 les
1425 3017 129 40 yeux,
1578 3013 40 31 et
1640 3003 37 54 je
1703 3003 91 41 dois
1818 3006 264 37 reconnaître

360 3085 51 25 en
435 3080 117 31 toute
575 3071 198 40 sincérité
795 3087 83 39 que
910 3074 38 40 le
974 3074 354 54 développement
1359 3075 324 55 symphonique
1705 3077 82 40 m'a
1816 3091 105 39 paru
1945 3076 136 41 suivre

360 3157 54 25 au
445 3143 96 53 pied
567 3144 51 39 de
654 3144 40 40 la
727 3144 123 40 lettre
872 3146 38 39 la
932 3146 170 40 donnée
1142 3147 349 54 mythologique;
1522 3148 37 40 le
1589 3150 289 52 compositeur
1912 3163 23 24 a
1970 3148 111 39 donc

362 3215 151 52 réussi,
536 3214 237 54 j'ajouterai
804 3217 137 40 même
975 3217 106 52 qu'il
1103 3232 22 25 a
1158 3218 76 42 fait
1269 3233 161 39 preuve
1451 3220 103 40 d'un
1585 3224 83 36 très
1691 3220 83 40 réel
1797 3220 146 39 talent.
1971 3219 110 40 Mais

363 3286 100 53 quel
489 3300 129 40 genre
655 3287 158 40 bizarre
847 3297 40 30 et
909 3288 140 53 quelle
1070 3289 232 53 singulière
1336 3292 90 40 idée
1458 3292 51 40 de
1530 3292 198 40 s'étudier
1748 3296 22 34 à
1798 3289 222 52 rabaisser,
2057 3295 22 35 à

361 3359 250 41 l'imitation
632 3359 50 40 de
703 3360 205 53 quelques
931 3361 285 53 phénomènes
1237 3364 59 39 du
1319 3365 154 40 monde
1504 3364 208 47 matériel,
1745 3376 60 27 un
1827 3370 66 32 art
1913 3363 164 40 destiné

361 3438 130 35 avant
510 3438 96 33 tout
626 3435 22 36 à
668 3431 176 41 toucher
865 3432 38 40 le
924 3445 118 28 cœur
1063 3441 40 33 et
1122 3438 22 36 à
1162 3434 168 54 frapper
1348 3436 316 52 l'imagination
1684 3440 7 36 !
1717 3436 119 40 Tous
1856 3447 68 28 ces
1945 3435 130 40 essais
