2697 4097
621 437 76 40 LA
727 436 207 41 VEUVE
967 437 77 40 ET
1078 438 75 39 LA
1184 439 179 40 SŒUR
1394 441 79 38 DE
1506 439 251 40 MOZART

1960 439 77 40 281

1837 3475 8 23 1
1862 3475 22 37 9

323 580 110 41 nelle
454 581 52 40 de
525 581 167 40 Mozart
713 591 39 31 et
772 595 51 26 en
859 581 132 54 jetant
1012 595 61 26 un
1094 581 167 40 dernier
1281 584 145 51 regard
1449 598 73 27 sur
1552 599 62 26 ses
1649 599 133 40 murs,
1812 587 39 53 je
1872 588 141 40 m'ima-

321 649 117 54 ginai
458 665 27 39 y
506 652 92 39 voir
619 652 59 39 les
699 651 167 40 chiffres
887 651 108 53 qu'il
1015 665 27 39 y
1063 651 114 40 avait
1198 651 263 42 charbonnés
1482 656 219 42 autrefois.

378 722 60 39 La
460 724 98 38 nuit
580 723 103 39 était
704 736 141 26 venue
861 731 40 31 et
918 722 132 52 j'étais
1072 722 92 54 prêt
1184 727 22 35 à
1230 732 167 32 monter
1412 726 105 40 dans
1534 727 40 40 la
1588 727 207 54 diligence
1809 729 75 54 qui
1903 730 141 41 devait

320 806 71 26 me
422 795 207 40 conduire
651 801 22 34 à
692 795 182 49 Vienne,
896 795 147 54 quand
1062 794 37 53 je
1123 795 129 41 sentis
1270 809 74 28 sur
1371 811 102 27 mon
1496 801 148 52 épaule
1666 814 84 27 une
1769 802 120 40 main
1911 811 105 32 trem-

322 864 159 52 blante,
506 875 39 31 et
581 881 52 26 en
664 880 68 27 me
767 875 252 32 retournant
1052 867 205 57 j'aperçus
1278 868 38 40 le
1342 870 101 39 Père
1465 870 198 41 Edmond
1684 886 51 26 en
1755 883 191 32 costume
1962 874 60 41 laï-

322 950 99 39 que,
447 952 45 25 sa
520 938 160 53 longue
704 940 130 38 barbe
866 940 150 39 cachée
1043 953 99 27 sous
1175 954 43 26 sa
1251 950 181 31 cravate,
1465 943 36 39 Il
1527 956 52 26 ne
1595 945 153 40 voulut
1769 959 73 40 pas
1863 960 68 27 me
1952 961 72 39 per-

322 1016 151 33 mettre
497 1011 49 38 de
577 1011 40 38 le
638 1009 292 54 questionner,
957 1011 107 40 mais
1086 1012 36 52 je
1158 1015 119 37 n'eus
1313 1027 72 40 pas
1406 1014 51 39 de
1482 1015 122 49 peine
1625 1018 23 37 à
1665 1016 175 40 deviner
1861 1018 115 40 l'état
1996 1019 51 39 de

321 1095 78 26 son
415 1084 109 38 âme.
542 1098 18 22 «
581 1082 106 40 Mon
703 1096 161 40 pauvre
880 1083 86 40 ami
987 1088 7 36 !
1016 1099 17 22 »
1052 1085 258 53 m'écriai-je,
1325 1093 40 32 et
1383 1099 44 27 ce
1438 1086 67 40 fut
1520 1095 96 31 tout
1630 1100 43 26 ce
1691 1101 83 39 que
1795 1088 35 48 je
1847 1103 79 39 pus
1939 1089 101 40 dire.

322 1169 19 22 «
365 1154 139 48 Voici,
526 1168 69 26 me
611 1155 133 51 dit-il,
768 1168 52 27 en
842 1169 67 27 me
927 1156 197 41 donnant
1145 1171 61 26 un
1221 1157 177 41 rouleau
1422 1159 50 40 de
1488 1160 159 52 papier,
1673 1159 111 40 voici
1804 1173 60 27 un
1885 1161 158 40 cadeau

323 1241 18 22 «
374 1226 57 40 du
468 1226 221 54 supérieur
715 1227 51 40 de
799 1227 285 42 Saint-Pierre
1118 1237 40 32 et
1188 1244 61 26 un
1278 1232 169 52 présent
1480 1230 52 40 de
1562 1231 40 39 la
1640 1244 117 28 sœur
1783 1231 50 40 de
1855 1232 187 42 Mozart:

323 1313 19 23 a
374 1298 127 54 qu'ils
523 1309 169 31 servent
712 1305 24 35 à
763 1301 192 53 rappeler
976 1307 23 35 à
1021 1311 118 31 votre
1173 1303 204 40 souvenir
1409 1312 116 32 votre
1558 1304 292 41 inconsolable
1880 1305 104 53 ami,
2006 1305 39 40 le

322 1387 17 21 «
377 1373 103 38 Père
503 1372 221 42 Edmond!
748 1389 17 21 »
811 1373 35 38 Il
881 1373 202 53 s'éloigna
1117 1375 201 53 aussitôt;
1344 1375 38 39 le
1415 1375 262 41 conducteur
1698 1378 208 52 m'appela
1935 1391 110 40 pour

320 1452 170 31 monter
509 1457 53 25 en
582 1444 170 40 voiture
773 1454 39 30 et
835 1459 109 26 nous
964 1460 108 26 nous
1103 1448 236 52 séparâmes
1360 1461 110 39 pour
1489 1462 52 25 ne
1564 1449 96 53 plus
1679 1449 150 53 jamais
1849 1463 109 26 nous
1981 1463 41 26 re-

321 1517 93 38 voir
450 1529 53 27 en
541 1529 45 27 ce
623 1517 172 40 monde.
823 1517 79 40 Les
924 1519 169 52 papiers
1125 1519 108 53 qu'il
1270 1520 175 40 m'avait
1478 1521 129 39 remis
1636 1535 68 26 me
1736 1522 214 40 brûlaient
1985 1523 59 39 les

322 1582 140 39 mains
482 1591 91 31 tant
593 1582 133 51 j'étais
748 1583 187 40 anxieux
957 1585 50 38 de
1037 1585 140 40 savoir
1197 1599 43 26 ce
1261 1586 127 53 qu'ils
1419 1587 286 40 contenaient.
1738 1589 199 40 Aussitôt
1958 1603 84 40 que

323 1668 110 26 nous
454 1654 140 40 fûmes
626 1655 106 40 dans
769 1656 57 39 les
855 1665 265 45 montagnes,
1145 1658 175 52 j'ouvris
1341 1660 38 38 le
1400 1660 178 40 rouleau
1595 1668 40 32 et
1654 1659 36 53 je
1713 1661 169 39 trouvai
1901 1674 85 40 que
2006 1662 38 38 le

319 1726 222 54 supérieur
577 1728 50 38 de
659 1727 296 41 Saint-Pierre
976 1730 174 40 m'avait
1180 1732 163 51 envoyé
1371 1732 39 39 le
1449 1731 239 42 manuscrit
1709 1733 183 52 original
1912 1733 128 40 d'une

317 1799 71 39 des
410 1812 157 27 messes
587 1798 59 40 les
668 1801 96 52 plus
788 1802 239 53 populaires
1045 1802 50 40 de
1118 1803 160 39 Michel
1300 1803 181 53 Haydn;
1506 1812 138 46 quant
1664 1818 54 25 au
1744 1805 158 39 cadeau
1924 1806 50 38 de
2003 1806 39 38 la

318 1884 119 27 sœur
469 1872 51 39 de
557 1871 179 53 Mozart,
760 1873 141 41 c'était
933 1875 39 39 la
995 1883 146 33 sonate
1162 1880 22 34 à
1212 1883 150 46 quatre
1385 1876 140 40 mains
1553 1876 104 40 dont
1678 1876 68 52 j'ai
1767 1876 115 54 parlé
1903 1878 117 52 précé-

318 1945 234 40 demment.

371 2017 46 39 Je
438 2018 85 39 n'ai
544 2017 149 53 jamais
711 2019 143 53 appris
875 2032 45 26 ce
941 2032 84 40 que
1045 2020 149 39 devint
1212 2020 37 38 le
1271 2020 221 53 supérieur
1514 2028 39 32 et
1574 2019 36 52 je
1633 2020 86 39 n'ai
1741 2020 95 52 plus
1858 2022 186 38 entendu

318 2090 138 52 parler
476 2091 105 39 delà
601 2104 135 28 veuve
757 2091 43 39 ni
824 2091 51 39 de
894 2092 40 39 la
953 2106 115 25 sœur
1082 2093 50 38 de
1151 2092 183 39 Mozart.
1358 2091 120 40 Tout
1500 2105 45 26 ce
1569 2105 82 40 que
1665 2091 67 54 j'ai
1753 2106 58 40 pu
1833 2093 139 40 savoir
1986 2093 58 40 du

320 2161 103 40 Père
446 2163 215 50 Edmond,
689 2164 99 39 c'est
817 2164 106 52 qu'il
946 2164 66 40 fut
1033 2165 165 52 envoyé
1219 2164 52 40 de
1305 2163 256 54 Saltzbourg
1582 2164 104 39 dans
1709 2178 59 26 un
1792 2173 184 31 couvent
1994 2166 51 39 de

317 2247 78 26 son
426 2235 139 52 ordre,
607 2249 56 26 au
698 2235 102 41 fond
833 2236 50 40 de
906 2236 304 51 l'Esclavonie,
1240 2250 110 40 pour
1387 2236 121 40 s'être
1538 2238 172 38 absenté
1743 2250 60 26 un
1826 2236 86 41 soir
1950 2251 96 27 sans

315 2306 256 52 permission
585 2311 61 36 !...

1231 2380 266 40 ERNEST
1546 2380 227 40 DAVID.

318 2565 43 35 de
388 2566 134 34 Mozart
546 2568 85 33 était
659 2568 219 32 au-dessous
906 2568 42 32 de
974 2577 37 23 sa
1038 2568 206 42 réputation
1265 2573 34 25 et
1324 2565 88 43 qu'il
1433 2577 44 21 ne
1501 2565 117 34 devait
1644 2577 61 31 pas
1734 2567 73 31 être
1832 2567 144 33 l'œuvre
1997 2568 48 32 du

318 2622 114 42 grand
453 2622 411 43 compositeur.—Cette
878 2621 206 43 polémique
1098 2632 19 21 a
1138 2621 87 31 duré
1247 2621 176 41 quelques
1438 2621 145 40 années,
1607 2626 33 25 et
1654 2620 160 42 quoique
1835 2621 212 43 Sussmayer

317 2689 19 31 y
360 2678 61 31 eût
448 2677 74 42 pris
546 2683 99 36 part,
671 2678 32 30 la
732 2676 167 43 question
927 2676 56 32 n'a
1009 2686 62 32 pas
1099 2676 54 31 été
1181 2676 280 41 complètement
1489 2673 169 33 éclaircie.
1687 2675 138 31 Stadler
1854 2682 148 25 mourut
2027 2676 19 31 à

320 2730 136 33 Vienne
476 2732 32 30 le
530 2730 19 32 8
573 2730 199 33 novembre
802 2730 102 41 1833,
927 2730 18 32 à
969 2730 86 41 l'âge
1077 2730 43 32 de
1139 2729 359 42 quatre-vingt-cinq
1518 2739 75 21 ans.

489 3463 38 38 11
