2527 3289
960 1578 326 58 SPRÜCHE

480 1738 281 38 GLÜCKLICHE
785 1744 128 32 HAND

345 1816 61 33 Die
429 1821 104 39 Hand,
559 1822 48 32 die
631 1822 66 31 eine
720 1822 89 31 Perle
833 1820 74 32 fand

345 1868 34 32 In
403 1871 122 40 Einfalt,
550 1894 44 3 —
619 1875 66 30 eine
709 1873 169 42 glückliche
902 1871 108 33 Handl

345 1921 195 35 Glücklicher
564 1926 76 30 aber
663 1927 39 30 ist
726 1926 48 30 die
798 1925 102 37 Hand,

345 1971 61 33 Die
429 1977 109 32 suchte
562 1977 63 32 und
649 1978 46 31 ihr
719 1976 150 33 Geschäft
891 1973 157 34 verstand.

556 2120 76 31 DIE
654 2120 177 32 ELTERN

344 2191 53 33 Sie
421 2195 95 33 baten
541 2198 89 31 Gott:
654 2198 44 31 Es
723 2197 73 31 darf
815 2196 82 31 nicht
920 2194 78 31 sein!

345 2242 53 33 Sie
422 2248 156 32 schickten
602 2250 64 30 sich
690 2250 55 30 mit
769 2248 60 32 den
853 2246 138 32 Monden
1014 2244 93 36 drein,

345 2296 64 33 Am
433 2299 90 33 Ende
547 2302 135 31 müfsten
704 2302 69 30 sie's
798 2299 158 31 ersehnen.

345 2346 72 35 Nun
442 2352 138 33 drücken
604 2353 67 32 sie's
696 2363 57 21 ans
777 2353 83 31 Herz
883 2350 54 31 mit
959 2348 153 36 Thränen,

345 2398 73 35 Und
443 2405 83 31 nicht
549 2406 49 31 für
621 2406 106 31 sieben
751 2402 135 34 Himmel
909 2401 87 32 mehr

345 2451 113 35 Gäben
482 2457 69 30 sie's
576 2457 115 31 wieder
714 2457 62 31 her.
800 2473 44 6 —

1298 1727 265 36 VERLORENE
1586 1717 280 40 LIEBESMÜHE

1238 1812 120 31 Narren
1382 1808 100 31 laufen
1504 1806 31 30 in
1558 1803 78 31 allen
1661 1802 136 31 Gassen!

1239 1864 151 31 Umsonst
1412 1858 109 32 bleibst
1544 1856 41 30 du
1609 1854 47 31 bei
1682 1854 99 30 denen
1805 1853 97 31 stehn.

1238 1915 59 30 Die
1320 1911 94 33 mufst
1436 1910 42 30 du
1502 1906 204 33 weiterlaufen
1730 1906 103 30 lassen

1237 1965 73 33 Und
1336 1963 80 31 nicht
1439 1961 68 31 dein
1531 1960 92 39 Auge
1649 1957 79 31 nach
1752 1956 91 32 ihnen
1866 1956 113 33 drehn!

1502 2095 63 32 AN
1588 2094 72 31 EIN

1384 2158 400 36 KINDERBETTCHEN

1237 2238 84 31 Wen
1344 2231 191 34 Mütterchen
1558 2242 38 20 zu
1618 2231 72 29 Bett
1714 2229 158 42 gebracht,

1237 2290 65 31 Der
1325 2285 106 33 schläft
1455 2293 58 32 gar
1536 2282 65 31 eine
1626 2282 83 31 süfse
1734 2281 109 39 Nacht,
1867 2301 45 4 —

1237 2342 58 31 Ein
1318 2337 102 33 Busch
1444 2346 63 21 von
1530 2334 245 41 Rosenzweigen

1236 2392 82 33 Mufs
1342 2389 75 32 über
1441 2387 82 32 seine
1546 2387 83 31 Stirn
1652 2386 64 31 sich
1739 2386 122 42 neigen.

1659 2463 126 28 Walter
1806 2464 124 29 Harlan

837 1362 80 11 LEOPOLD
928 1361 48 11 GRAF
987 1359 35 11 VON
1033 1357 126 12 KALCKREUTH,
1171 1355 65 11 KINDER
1247 1353 19 11 IM
1278 1352 46 11 BETT
1406 1351 6 13 ,1

1239 2859 0 0 151
