2527 3289
564 358 42 26 die
859 359 35 27 als
915 367 77 20 etwas
1013 362 229 31 Problematisches,
1268 362 42 26 das
1332 372 29 16 zu
1383 372 25 16 er-

565 397 99 27 kennen
680 397 50 26 und
745 408 29 16 zu
791 397 104 29 erfüllen
909 399 39 27 oft
962 402 149 36 unmöglich
1126 403 39 26 ist.
1207 402 82 26 Daher
1304 401 116 36 begleitet

564 447 25 15 er
603 435 210 39 Auflehnungen,
829 439 39 26 die
882 441 66 25 ohne
959 442 117 26 Aussicht
1087 441 47 27 auf
1142 442 109 26 sicheren
1265 442 56 35 Sieg
1335 448 71 18 unter-

564 486 122 16 nommen
708 477 109 32 werden,
838 480 46 25 mit
901 480 159 32 Mifstrauen,
1083 484 22 32 ja
1126 481 58 32 „mit
1206 481 66 26 einer
1293 480 127 36 gröfseren

564 515 60 26 oder
636 516 150 36 geringeren,
800 519 39 26 ich
853 519 55 26 will
923 520 69 27 nicht
1003 530 74 27 sagen
1091 520 26 26 in
1128 521 109 26 meinem
1251 520 103 26 Rechts-
1364 518 57 27 aber

564 555 67 25 doch
656 556 26 25 in
720 558 107 26 meinem
858 559 265 37 Ordnungsgefühl
1155 558 169 37 begründeten
1345 558 60 26 Mifs-

735 597 50 26 wie
806 607 25 17 er
851 599 167 36 gelegentlich
1038 600 26 24 in
1083 599 47 25 den
1377 597 29 26 be-

564 633 83 27 kennt.
669 636 72 26 Auch
756 637 51 26 hier
822 638 101 26 werden
937 639 69 25 Viele
1022 638 101 25 anderer
1137 638 126 34 Meinung
1277 637 60 30 sein,
1354 636 66 26 ohne

563 673 52 26 dafs
631 674 88 27 darum
733 676 118 37 diejenige
866 679 130 29 Fontanes,
1019 678 40 25 die
1078 687 43 16 aus
1142 677 79 25 seiner
1234 678 84 23 Natur
1336 674 70 37 folge-

564 715 70 25 recht
648 715 145 27 entwickelt
807 717 39 31 ist,
862 727 28 16 zu
906 715 137 28 verwerfen
1057 718 76 23 wäre.

619 754 131 34 Jedenfalls
770 756 68 26 mufs
860 766 58 16 man
940 756 83 25 diesen
1045 755 185 35 Charakterzug
1255 754 53 25 sich
1327 763 78 27 gegen-

562 795 91 35 wärtig
669 795 93 30 halten,
778 805 42 16 um
840 795 39 26 die
897 795 180 29 Gelassenheit,
1095 795 47 24 mit
1161 794 41 25 der
1221 795 116 28 Fontane,
1356 799 64 19 trotz

560 833 133 27 herzlicher
703 835 97 26 innerer
811 834 165 36 Beteiligung,
991 834 48 26 den
1055 833 194 27 Geschehnissen
1264 832 78 25 dieser
1347 832 73 25 Welt

560 873 213 35 gegenübersteht,
796 874 25 25 in
835 873 66 26 ihrer
915 872 179 27 individuellen
1107 872 114 35 Eigenart
1240 881 31 16 zu
1286 869 134 37 begreifen.

560 911 38 27 Sie
613 913 29 26 ist
657 914 70 25 nicht
746 912 53 27 blos
1079 911 108 26 sondern
1207 911 64 25 auch
1286 908 134 28 Ehrfurcht

560 961 43 16 vor
614 951 57 26 dem
683 952 157 29 Göttlichen,
854 961 45 16 vor
907 952 57 25 dem
973 951 35 26 als
1015 950 197 27 unabänderlich
1220 948 200 37 Empfundenen.

559 992 31 24 Es
604 991 60 36 liegt
679 991 159 35 Religiosität
853 991 78 25 darin.
954 990 65 26 Aber
1034 999 22 16 es
1074 990 31 26 ist
1126 992 52 32 jene
1192 988 168 36 Religiosität,
1382 988 40 26 die

560 1029 39 26 die
614 1032 176 34 Bewegungen
806 1030 40 25 des
853 1029 241 26 Menscheninneren
1109 1029 69 25 nicht
1193 1027 95 27 hemmt
1303 1027 51 26 und
1370 1027 39 26 ein-

559 1070 127 29 schränkt,
701 1069 107 26 sondern
824 1067 140 27 freimacht.
995 1067 59 26 Und
1069 1068 89 25 darum
1177 1066 78 27 keimt
1266 1066 88 36 gerade
1368 1066 54 26 hier

559 1110 120 24 Fontanes
694 1110 109 29 Humor,
819 1108 34 25 als
874 1107 38 25 die
928 1108 105 25 höchste
1047 1107 168 35 Bethätigung
1229 1106 77 25 seiner
1321 1106 100 25 inneren

560 1148 104 25 Freiheit
680 1147 50 26 und
746 1147 178 26 Gelassenheit.
967 1147 84 24 Dieser
1065 1148 102 23 Humor
1184 1145 31 26 ist
1234 1144 137 37 gleichsam
1382 1144 39 26 ein

559 1187 122 34 graziöses
697 1186 96 36 Spielen
808 1187 47 24 mit
869 1186 58 25 dem
940 1187 71 24 Ernst
1025 1185 132 26 schlichter
1167 1183 253 36 Notwendigkeiten.

559 1228 63 33 Mag
647 1226 57 26 alles
719 1226 26 25 in
760 1226 92 24 diesem
867 1225 82 25 Leben
967 1234 50 16 von
1036 1224 106 26 ehernen
1157 1226 118 23 Gesetzen
1294 1229 127 29 umgrenzt

561 1264 51 27 und
625 1265 105 35 umhegt
744 1264 60 30 sein,
819 1274 23 15 es
857 1264 68 35 giebt
940 1264 35 26 im
987 1264 64 25 Hirn
1066 1264 40 24 des
1122 1263 138 26 Menschen
1275 1263 52 24 eine
1339 1261 82 31 Kraft,

560 1303 40 26 die
607 1303 117 27 tändelnd
734 1303 89 26 drüber
834 1303 161 36 wegspringt.
1006 1304 30 24 Es
1048 1303 30 25 ist
1087 1303 38 25 die
1132 1303 94 28 Laune,
1235 1301 39 25 die
1282 1301 138 30 Phantasie,

560 1343 51 26 und
627 1343 39 26 die
681 1343 89 26 daraus
788 1342 131 36 quellende
934 1341 140 36 Lustigkeit
1089 1341 51 26 und
1159 1339 59 27 tiefe
1232 1339 174 36 Schalkhaftig-

561 1381 58 27 keit.
651 1383 110 25 Fontane
782 1380 79 27 besafs
876 1380 65 27 diese
952 1380 73 27 Kraft
1042 1381 25 25 in
1079 1380 161 26 besonderem
1255 1378 91 31 Mafse,
1368 1378 52 27 und

559 1422 81 25 nichts
655 1420 54 27 blos
724 1420 174 36 gelegentlich,
918 1420 108 26 sondern
1040 1420 98 25 immer.
1179 1420 30 24 Es
1228 1418 67 36 giebt
1314 1418 39 26 bei
1368 1419 53 24 ihm

559 1459 72 26 keine
646 1458 73 38 Kopf
719 1460 130 35 hängerei;
877 1459 54 26 eine
950 1457 129 28 wahrhaft
1098 1458 170 26 bezaubernde
1282 1457 140 26 Heiterkeit

559 1500 96 35 schlägt
668 1500 88 24 immer
766 1498 94 26 wieder
871 1498 86 26 durch.
981 1498 58 26 Und
1054 1498 65 26 diese
1133 1497 137 26 betrachtet
1283 1496 40 26 die
1336 1496 71 26 Klein-

559 1539 83 24 heiten
654 1538 42 25 der
707 1538 138 25 Menschen
858 1538 48 25 mit
917 1536 81 27 Liebe.
1020 1536 137 27 Allerhand
1169 1535 184 36 Drolligkeiten
1369 1535 52 26 und

559 1575 253 37 Schnurrpfeifereien
829 1577 144 25 erwachsen
995 1575 97 31 daraus,
1117 1575 49 26 und
1181 1575 146 29 Menschen,
1348 1574 72 26 deren

559 1615 174 27 steifleinener
752 1618 70 23 Ernst
843 1616 52 25 sich
914 1625 42 15 zur
977 1614 77 26 Höhe
1078 1614 78 26 dieser
1177 1613 78 27 freien
1271 1612 149 37 Geistigkeit

1500 362 71 25 nicht
1589 371 31 16 zu
1638 360 106 27 erheben
1759 368 109 27 vermag,
1883 359 117 36 sprechen
2011 357 31 27 da
2053 357 73 27 wohl
2139 368 43 25 gar
2195 367 50 17 von
2256 354 86 32 „Frivo-

1605 401 110 25 Fontane
1734 400 44 25 hat
1799 398 76 26 derlei
1889 395 136 28 Vorwürfe
2047 403 57 20 stets
2125 395 105 28 lachend
2252 390 90 30 zurück-

1500 440 133 35 gewiesen.
1675 440 30 24 Er
1716 437 102 30 wufste,
1829 447 53 16 was
1897 437 55 25 ihm
1965 436 66 26 seine
2223 440 63 21 wert
2297 438 60 19 war,

1501 479 34 26 als
1550 479 55 25 eine
1619 478 86 26 wahre
1721 475 84 27 Kraft-
1826 477 52 24 und
1893 474 243 37 Gnadenspenderin.
2178 475 38 25 Sie
2230 482 55 18 war
2300 468 46 27 viel-

1500 517 77 27 leicht
1588 517 66 26 noch
1665 517 47 26 mit
1723 517 40 25 ein
1775 515 91 26 Erbteil
1881 524 60 16 vom
1955 514 58 25 Blut
2026 515 78 24 seiner
2118 512 147 27 Vorfahren.
2287 512 70 24 Denn

1500 557 55 26 eine
1566 555 130 28 wahrhaft
1707 556 119 35 gallische
1837 555 88 26 Grazie
1936 553 161 26 durchrieselt
2111 553 52 25 und
2175 546 183 42 durchprickelt

1500 598 121 24 Fontanes
1635 597 109 24 Humor.
1786 594 39 25 Sie
1839 593 81 26 belebt
1935 592 53 26 und
2002 592 157 35 beschwingt
2173 602 46 16 vor
2234 590 72 27 allem
2318 586 38 26 die

1500 637 82 24 Kunst
1596 635 78 26 seiner
1688 632 247 37 Gesprächführung.
1957 633 39 24 Da
2005 632 30 25 ist
2046 632 39 25 ein
2094 631 167 35 unablässiges
2275 627 70 28 Feder-

1500 673 177 36 ballschlagen,
1689 673 40 26 ein
1737 671 153 37 Tennisspiel
1897 672 43 25 der
1947 670 197 27 Gedankenund
2153 668 204 38 Empfindungen.

1500 713 158 36 Vogelleicht
1672 711 51 27 und
1737 710 155 37 vogelsicher
1906 710 91 35 fliegen
2013 710 39 25 die
2065 711 94 24 Worte
2177 710 45 25 hin
2240 706 50 28 und
2306 706 49 25 her.

1500 752 90 26 Zumal
1605 752 35 25 im
1833 749 42 27 der
1897 749 47 26 mir
1966 748 139 35 überhaupt
2119 750 120 24 Fontanes
2253 746 105 27 freiestes

1500 792 70 26 Buch
1597 801 29 16 zu
1653 791 51 24 sein
1732 790 104 29 scheint,
1864 788 72 26 feiert
1961 788 65 25 diese
2051 786 209 36 Kunstfertigkeit
2290 783 69 27 echte

1500 831 147 35 Triumphe,
1655 829 53 26 und
1722 830 88 24 immer
1821 828 126 34 schwingt
1962 827 40 25 ein
2017 826 129 30 reizender,
2159 826 76 26 feiner
2244 826 99 26 Gemüts-

1500 876 46 19 ton
1561 870 55 25 mit.
1657 870 64 24 Was
1733 866 164 37 gelegentlich
1913 876 60 16 vom
1987 865 66 27 alten
2063 867 82 24 Herrn
2153 865 109 26 Stechlin
2277 865 82 34 gesagt

1500 909 76 30 wird,
1601 908 42 26 das
1668 907 47 35 gilt
1737 907 64 25 auch
1820 915 50 17 von
1891 907 110 24 Fontane
2022 904 34 27 als
2078 904 57 26 dem
2149 903 125 28 Verfasser
2284 903 74 24 dieses

1501 948 108 26 Buches:
1631 949 83 30 „Ganz
1735 946 41 25 der
1798 945 70 30 Alte;
1890 944 52 36 jede
1961 943 68 27 Zeile
2050 943 52 27 voll
2118 943 81 30 Liebe,
2218 942 51 27 voll
2284 943 74 24 Güte,

1502 986 52 27 voll
1569 985 228 36 Schnurrigkeiten.
1837 984 60 26 Und
1912 983 62 26 eben
1987 983 65 25 diese
2068 983 139 25 Schnurren
2222 980 84 28 treffen
2326 985 32 18 sie

1500 1025 72 27 nicht
1586 1025 134 35 eigentlich
1735 1024 48 26 den
1798 1023 83 35 Nagel
1897 1021 47 27 auf
1955 1022 47 25 den

1560 1064 59 26 Und
1633 1064 51 27 wie
1704 1064 43 25 das
1762 1062 105 29 freieste,
1892 1071 27 15 so
1942 1062 30 24 ist
1997 1063 69 28 „Der
2230 1058 64 28 auch
2317 1056 42 26 das

1500 1103 182 37 jugendlichste
1697 1102 78 30 Buch,
1797 1102 43 25 das
1854 1102 110 24 Fontane
1982 1109 47 16 uns
2050 1100 161 25 hinterlassen
2229 1100 51 24 hat.
2301 1092 58 30 Und

1501 1143 85 26 Beides
1605 1142 60 36 geht
1682 1142 70 35 innig
1773 1150 152 19 zusammen,
1946 1139 39 25 die
1999 1139 105 25 Freiheit
2124 1138 52 26 und
2197 1138 40 25 die
2256 1133 104 39 Jugend.

1502 1185 43 31 „Je
1556 1181 73 26 freier
1643 1191 58 16 man
1716 1187 86 24 atmet,
1823 1181 22 33 je
1859 1179 72 25 mehr
1944 1178 50 26 lebt
2110 1177 75 27 heifst
2207 1187 23 16 es
2248 1174 111 28 daselbst.

1501 1221 59 26 Und
1568 1231 32 16 an
1608 1220 100 26 anderer
1716 1219 88 27 Stelle:
1819 1218 110 30 „Nichts
1937 1217 230 29 beneidenswerter,
2178 1217 34 25 als
2223 1217 54 25 eine
2284 1213 75 27 Seele,

1501 1261 40 25 die
1550 1261 155 25 schwärmen
1713 1258 75 26 kann.
1810 1258 161 25 Schwärmen
1982 1257 32 25 ist
2025 1256 98 35 fliegen,
2139 1256 52 25 eine
2203 1251 156 30 himmlische

1501 1301 146 33 Bewegung
1666 1299 66 25 nach
1886 1296 60 26 Und
1965 1296 51 25 wie
2036 1296 55 24 eine
2106 1293 253 31 Zusammenfassung

1501 1339 207 34 letzterrungener
1719 1335 184 37 beglückender
1914 1334 174 27 Erkenntnisse
2099 1340 81 19 mutet
2195 1344 23 15 es
2233 1343 40 20 an,
2284 1338 75 20 wenn

1501 1378 43 25 das
1558 1378 92 25 schöne
1665 1378 78 24 Wort
1758 1374 72 27 fällt:
1852 1376 69 28 „Aus
1940 1374 175 35 Begeisterung
2133 1373 52 25 und
2200 1373 73 26 Liebe
2286 1367 73 30 fliefst

1635 1416 96 26 Gerade
1746 1415 82 25 diesen
1842 1415 58 24 Ton
1917 1413 26 26 in
1962 1413 78 26 seiner
2053 1412 107 27 vollsten
2177 1411 118 28 Reinheit
2310 1406 49 28 und

1501 1455 89 37 gerade
1604 1456 36 25 im
1665 1455 84 25 hohen
1776 1452 173 30 Greisenalter,
1977 1451 70 26 dicht
2065 1461 31 17 an
2118 1451 42 26 der
2178 1450 122 27 Schwelle
2320 1447 39 26 des

1501 1494 103 31 Grabes,
1612 1493 126 37 gefunden
1744 1503 29 16 zu
1779 1492 89 30 haben,
1876 1492 30 24 ist
1914 1492 66 24 einer
1986 1490 42 26 der
2033 1490 212 26 wundersamsten
2251 1487 107 29 Glücks-

1502 1533 50 27 und
1572 1532 139 38 Segenfälle
1732 1533 27 25 in
1780 1533 121 24 Fontanes
1922 1530 108 35 langem,
2056 1539 31 16 an
2107 1528 83 27 Glück
2215 1528 52 27 und
2282 1530 76 31 Segen

1501 1574 109 25 reichem
1624 1572 90 27 Leben.
1743 1572 72 29 „Aus
1832 1570 176 35 Begeisterung
2025 1569 52 25 und
2091 1568 74 26 Liebe
2182 1567 74 27 fliefst

1501 1612 75 26 Mehr
1589 1610 106 27 braucht
1710 1620 24 16 es
1748 1610 79 26 nicht.

2121 1648 80 24 Franz
2216 1649 105 22 Servaes

1313 2696 48 10 HANS
1372 2695 111 14 BALUSCHEK,
1494 2694 107 11 KIRCHGANG

1709 2884 0 0 159a
