2527 3289
523 343 58 26 alles
603 352 51 16 von
674 344 66 30 sich,
762 354 52 17 was
833 345 70 27 ihren
924 345 175 34 abnormalen,
1121 349 124 26 vielleicht
1266 348 114 28 kranken

524 382 163 35 Organismus
696 383 115 27 verletzen
823 383 104 29 könnte.
945 387 39 26 Sie
995 388 81 26 haben
1087 388 52 27 ihre
1150 388 87 37 eigene
1244 389 136 35 Nahrung,

521 421 41 26 die
576 421 34 26 sie
621 421 68 27 ihren
697 422 263 39 Verdauungskräften
971 437 127 27 anpassen.
1123 429 78 25 Noch
1213 427 167 37 sorgfältiger,

524 460 143 37 peinlicher,
682 464 204 34 gewissenhafter
900 467 50 26 und
961 483 33 4 —
1005 467 163 37 wehleidiger
1182 466 56 27 sind
1253 468 33 25 sie
1302 468 25 25 in
1339 467 42 26 der

523 500 124 26 Auswahl
662 504 65 32 jener
738 504 92 31 Mittel,
842 506 45 25 mit
898 505 78 27 denen
987 507 33 25 sie
1032 506 39 26 ihr
1081 509 97 23 Inneres
1189 507 43 25 der
1242 509 83 23 Kunst
1336 516 30 16 an-

524 546 136 20 vertrauen.
690 543 45 25 Die
750 545 81 25 Kunst
845 546 74 25 sehen
933 547 34 24 sie
982 546 70 25 nicht
1066 547 51 25 wie
1132 546 39 25 die

521 578 34 26 als
570 586 77 20 etwas
659 581 266 30 Selbstverständliches
940 595 31 16 zu
983 586 77 25 ihrem
1076 586 56 24 Sein
1147 585 51 25 wie
1209 587 92 23 Atmen
1312 586 52 23 Not-

522 620 127 35 wendiges
668 631 47 22 an;
729 632 24 16 es
768 624 43 30 ist,
829 624 35 26 als
883 624 33 26 ob
931 625 34 25 sie
985 625 42 25 der
1041 626 80 24 Kunst
1136 623 52 26 und
1203 623 79 26 damit
1296 626 23 33 ja
1334 623 47 25 den

521 658 75 27 ihnen
611 659 194 39 gleichgültigen
818 664 60 25 oder
892 663 140 27 verhafsten
1044 664 138 25 Menschen
1197 664 40 24 ein
1249 661 131 28 Geschenk

520 698 125 28 machten.
668 703 28 24 Es
705 702 60 35 liegt
775 703 89 26 immer
873 703 54 26 eine
936 703 104 35 gewisse
1048 703 90 25 Scham
1146 703 26 25 in
1181 702 70 25 ihren
1258 701 122 26 Werken.

521 738 38 25 Sie
574 737 100 34 fühlen,
693 741 53 27 dafs
767 742 33 26 sie
817 742 54 26 sich
884 741 137 36 eigentlich
1038 749 90 18 untreu
1147 741 116 30 werden,
1278 740 54 26 dafs
1347 741 34 25 sie

519 778 52 26 sich
586 780 212 34 gewissermafsen
812 780 246 38 kompromittieren,
1073 790 77 17 wenn
1168 780 34 26 sie
1217 780 164 26 künstlerisch

520 818 161 28 schaffend
695 820 100 26 werden
809 820 52 26 und
880 821 34 25 sie
928 820 107 30 suchen,
1054 819 42 27 das
1112 826 46 28 gut
1172 829 30 16 zu
1216 819 115 30 machen,
1343 819 26 25 in-

520 857 56 27 dem
588 859 33 26 sie
633 857 39 28 oft
683 860 53 25 ihre
747 859 97 26 Werke
857 860 70 25 nicht
942 859 42 26 der
995 858 205 36 Allgemeinheit,
1212 857 107 27 sondern
1335 868 47 15 nur

519 897 66 27 einer
599 899 139 25 erwählten
752 900 76 24 Schar
842 899 216 35 Gleichgesinnter
1077 897 52 27 und
1149 896 132 37 -Begabter
1294 896 88 37 geben.

578 938 60 25 Wie
651 938 85 25 anders
749 938 40 25 die
1001 937 40 25 die
1049 936 118 26 Künstler
1178 936 41 26 des
1231 936 149 30 Normalen,

524 976 41 26 der
582 978 169 25 Gesundheit!
780 979 28 24 In
830 976 64 26 allen
916 978 119 28 Formen,
1057 977 41 24 nie
1115 986 32 15 an
1166 975 40 26 die
1221 977 100 24 Manier
1339 984 29 26 ge-

521 1016 111 30 bunden,
654 1017 53 25 tritt
722 1017 52 25 ihre
788 1018 84 24 Kunst
891 1014 48 28 auf
951 1032 34 2 —
1002 1016 75 25 heute
1095 1016 36 24 im
1145 1013 182 38 Lumpenkleid
1346 1029 33 3 —

521 1065 105 26 morgen
639 1056 34 25 im
685 1055 203 35 Prunkgewand.
904 1056 48 24 Das
961 1054 96 26 Liebste
1068 1055 31 24 ist
1110 1055 76 24 ihnen
1198 1054 40 25 die
1247 1053 136 26 Wahrheit

519 1111 38 2 —
574 1095 160 25 unbekleidet
755 1095 25 25 in
795 1095 65 25 ihrer
874 1094 153 35 göttlichen,
1042 1103 47 15 nur
1104 1094 40 24 die
1159 1092 156 26 Schwachen
1331 1091 51 26 und

519 1134 119 26 Kranken
657 1133 189 26 schmerzenden
864 1133 149 25 Nacktheit.
1042 1133 46 25 Die

519 1173 126 36 hingegen
661 1172 80 27 lieben
756 1172 43 26 das
814 1174 148 29 Kostüm,
978 1172 43 26 das
1035 1172 91 30 reiche,
1142 1170 181 36 komplizierte,
1338 1171 46 25 mit

519 1212 58 26 dem
603 1211 101 27 tiefsten
733 1211 158 26 Verständnis
922 1211 60 26 aller
1012 1211 67 26 alten
1104 1211 124 25 Kulturen
1259 1209 123 35 gebildete

521 1254 117 27 Kostüm,
653 1260 43 17 um
711 1251 53 26 sich
779 1251 26 26 in
818 1250 93 26 diesem
922 1260 30 16 zu
965 1249 132 36 verbergen
1112 1259 46 17 vor
1169 1249 42 26 der
1222 1250 102 33 Menge,
1340 1258 44 15 um

520 1291 71 25 ihren
606 1298 95 23 zarten,
723 1290 85 26 anders
823 1296 125 29 gearteten
963 1289 180 36 Organismus,
1163 1288 42 26 der
1220 1288 163 36 empfindlich

521 1331 31 24 ist
567 1330 51 25 wie
633 1330 54 24 eine
702 1330 111 24 Mimosa
829 1328 98 37 pudica,
940 1338 45 16 vor
1003 1327 64 36 jeder
1082 1328 94 26 rauhen
1192 1328 146 34 Berührung
1353 1336 30 16 zu

519 1369 132 29 schützen,
666 1378 42 15 um
727 1377 48 16 nur
792 1377 52 16 von
859 1367 221 36 Gleichgesinnten
1095 1366 51 27 und
1160 1366 223 27 Gleichleidenden

520 1407 104 26 erkannt
642 1417 31 16 zu
691 1407 110 26 werden.
832 1409 35 31 Ja,
883 1406 42 26 das
941 1409 108 23 Kostüm
1069 1405 66 27 wird
1154 1406 75 26 ihnen
1249 1405 136 35 wichtiger

520 1448 52 25 und
587 1454 81 18 teurer
681 1446 34 26 als
730 1447 59 29 das,
804 1455 53 17 was
876 1455 51 16 von
947 1446 53 25 ihm
1020 1444 106 37 gedeckt
1140 1444 100 26 werden
1261 1443 55 27 soll.
1345 1443 40 26 Sie

520 1496 74 26 sagen
607 1486 81 25 nicht:
704 1486 68 29 Seht,
787 1495 52 16 was
852 1485 40 25 ich
905 1484 62 26 bin!
983 1484 120 26 sondern:
1118 1484 67 30 Seht,
1200 1493 54 16 was
1266 1483 40 26 ich
1320 1482 65 27 euch

521 1526 95 25 sehen
631 1525 100 25 lassen
745 1524 68 26 will!
979 1525 57 32 Jene
1051 1524 115 35 sprechen
1182 1523 25 25 in
1221 1522 43 26 der
1278 1522 107 37 Sprache

521 1564 42 26 des
584 1563 106 32 Lebens,
712 1564 26 25 in
756 1563 42 26 der
817 1561 160 36 einfältigen,
997 1563 137 25 schlichten
1149 1562 60 25 oder
1224 1562 94 25 rauhen
1333 1560 52 26 und

523 1603 249 26 charakteristischen
787 1602 145 26 Redeweise
946 1602 42 25 des
1003 1602 102 28 Volkes,
1126 1601 99 25 welche
1240 1600 77 25 durch
1334 1600 52 25 ihre

522 1644 81 24 Kunst
625 1642 88 26 immer
731 1641 124 26 erweitert
873 1641 53 26 und
944 1650 28 16 so
991 1650 30 16 zu
1042 1641 43 25 der
1104 1640 38 25 ihr
1159 1639 158 25 bestimmten
1334 1638 52 26 und

522 1681 146 35 möglichen
685 1681 77 25 Höhe
779 1680 148 26 entwickelt
944 1680 78 29 wird,
1044 1695 34 3 —
1099 1678 66 25 diese
1183 1678 132 25 verachten
1338 1677 48 26 den

524 1719 101 27 Dialekt
638 1720 41 25 des
684 1719 104 31 Volkes,
800 1720 33 25 sie
842 1719 81 26 haben
932 1719 52 25 ihre
995 1719 84 34 eigene
1088 1718 115 34 Sprache,
1212 1717 52 24 ihre
1272 1717 102 24 Priester-

522 1759 108 37 sprache.
652 1761 73 24 Denn
736 1759 51 26 wie
799 1758 209 37 Geheimpriester
1019 1757 43 26 der
1073 1758 83 24 Kunst
1171 1753 89 29 fühlen
1275 1756 33 24 sie
1323 1755 62 30 sich,

523 1798 39 26 die
576 1799 40 25 die
629 1797 89 27 Pflicht
732 1797 96 30 haben,
846 1797 53 26 ihre
917 1796 175 27 vermeintlich
1112 1795 88 25 letzten
1220 1793 52 26 und
1287 1792 99 27 tiefsten

523 1836 176 26 Erkenntnisse
719 1846 29 16 zu
767 1836 138 26 bewachen
924 1836 51 26 und
994 1836 34 25 sie
1047 1835 42 26 der
1104 1834 72 26 Welt
1195 1843 30 16 zu
1240 1833 145 30 bewahren,

523 1876 85 25 indem
622 1877 35 24 sie
671 1876 34 26 sie
718 1885 47 17 vor
783 1876 38 25 ihr
840 1876 126 25 schützen.
994 1873 66 28 Aber
1074 1874 52 26 ihre
1142 1873 175 26 Erkenntnisse
1331 1872 55 26 sind

523 1925 48 15 nur
585 1916 39 25 die
635 1915 168 26 Wahrheiten
817 1915 64 25 ihrer
895 1916 115 34 eigenen,
1027 1913 137 27 abnormen
1179 1914 94 28 Natur,
1288 1911 98 27 welche

525 1953 43 27 für
585 1954 40 25 die
639 1955 174 29 Menschheit,
834 1954 40 25 die
889 1954 88 25 immer
992 1953 40 25 die
1046 1955 102 23 Summe
1160 1952 40 26 des
1215 1951 170 27 Normalen

524 1993 98 26 bleiben
645 1992 79 31 mufs,
747 2002 47 16 nur
814 1993 80 25 durch
913 1992 41 26 die
973 1992 155 26 artistischen
1146 1994 106 23 Formen
1269 1989 117 28 wertvoll

524 2033 65 29 sind,
604 2033 26 25 in
646 2032 77 26 denen
734 2033 33 24 sie
779 2030 132 27 auftreten.
933 2033 28 24 In
972 2032 43 25 der
1027 2033 81 24 Kunst
1120 2032 43 25 hat
1174 2031 58 25 alles
1244 2030 40 26 ein
1294 2030 89 30 Recht,

526 2072 53 25 sich
594 2071 200 27 auszudrücken:
810 2071 41 26 das
861 2071 188 35 Wahnsinnige
1063 2080 73 25 sogar
1150 2070 52 25 und
1218 2067 167 32 Krankhafte,

524 2111 71 26 nicht
606 2111 97 26 minder
714 2111 51 26 wie
780 2111 42 25 das
834 2110 105 26 Lebens-
955 2110 52 25 und
1018 2108 222 36 Zukunftsfähige.
1252 2111 63 23 Was
1328 2118 58 16 man

525 2150 37 25 im
583 2150 82 26 Leben
686 2148 150 37 bekämpfen
864 2149 52 25 und
941 2149 141 26 vernichten
1110 2149 114 29 möchte,
1248 2147 43 26 das
1319 2147 67 26 kann

527 2198 58 16 man
602 2205 33 4 —
652 2199 76 16 wenn
749 2199 23 15 es
789 2199 58 16 zum
859 2190 114 34 Präparat
988 2188 41 26 der
1040 2190 81 24 Kunst
1132 2188 144 35 geworden,
1292 2187 81 36 gleich-

524 2237 52 16 sam
592 2228 25 25 in
632 2229 47 25 den
696 2227 104 27 Phiolen
819 2228 43 26 der
876 2227 138 26 Schönheit
1033 2237 30 16 zu
1079 2227 79 26 seiner
1172 2228 106 25 Wesens
1285 2242 10 4 -
1303 2228 84 24 Essenz

525 2265 125 37 aufgelöst
662 2268 39 29 ist,
717 2266 133 27 verehrend
866 2266 126 36 geniefsen

585 2306 44 25 Die
909 2305 40 27 die
964 2305 116 26 Künstler
1101 2304 40 27 des
1164 2304 101 31 Lebens,
1286 2303 102 27 werden

527 2353 58 16 vom
596 2344 83 26 Volke
691 2345 154 31 verstanden,
861 2345 42 25 das
917 2345 65 25 seine
994 2344 97 26 Werke
1104 2354 30 16 zu
1146 2344 92 26 seinem
1253 2343 135 35 Eigentum

529 2383 91 26 macht.
662 2384 47 25 Die
1106 2382 139 27 verzichten
1271 2381 49 28 auf
1340 2381 48 26 den

527 2420 175 33 Volksbeifall,
715 2426 24 33 ja
753 2424 34 24 sie
802 2424 131 25 verachten
944 2423 44 25 ihn
1003 2423 51 25 und
1069 2422 122 36 begehren
1207 2431 46 16 nur
1268 2421 63 27 nach
1347 2420 42 27 der

528 2459 73 25 Liebe
615 2460 42 26 der
870 2462 24 25 d.
905 2463 26 26 h.
943 2462 42 26 der
997 2462 223 35 Gleichgearteten.
1241 2460 55 26 Ihre
1306 2463 83 23 Kunst

529 2497 30 24 ist
580 2498 75 27 ihnen
673 2502 55 24 eine
743 2502 195 29 Geheimkunst,
955 2502 40 24 ein
1010 2502 113 34 Privileg,
1148 2501 39 25 ein
1203 2500 183 26 Adelszeichen.

530 2536 89 25 Diesen
634 2538 81 33 gelten
729 2542 53 32 jene
796 2541 78 31 nicht,
896 2540 52 26 und
968 2542 92 33 jenen
1078 2540 82 35 gelten
1175 2540 66 25 diese
1262 2539 71 26 nicht
1354 2538 34 26 als

530 2574 85 24 wahre
632 2578 123 25 Künstler.
795 2580 82 25 Ueber
896 2580 40 26 die
1166 2578 95 26 schrieb
1273 2578 41 26 ich
1336 2579 39 25 ein-

531 2612 61 24 mal:
607 2613 39 25 Sie
660 2614 53 26 sind
729 2619 53 31 jene
793 2619 98 25 reichen
905 2619 51 26 und
969 2619 92 26 weiten
1071 2619 125 29 Naturen,
1211 2618 71 25 deren
1294 2619 94 24 Wesen

532 2649 46 25 mit
592 2650 56 26 dem
662 2654 92 26 Worte
768 2657 172 27 Künstlerturn
960 2657 70 27 nicht
1048 2657 150 36 vollständig
1214 2656 84 27 erfafst
1313 2656 75 28 wird.

1459 349 80 26 Ueber
1554 349 53 26 ihre
1619 351 80 24 Kunst
1714 349 78 26 reicht
1808 349 51 25 ihre
1870 347 206 30 Persönlichkeit,
2091 347 59 26 über
2163 347 52 25 ihre
2226 340 93 30 Werke

1460 390 78 25 reicht
1560 388 38 26 ihr
1613 388 89 26 Leben.
1743 389 40 25 Sie
1797 387 143 27 betrachten
1962 397 23 16 es
2007 387 35 26 als
2063 386 40 26 die
2118 385 117 36 Aufgabe
2257 382 62 26 ihres

1460 429 112 29 Daseins,
1587 427 40 25 die
1641 427 150 26 unendliche
1805 426 66 26 Fülle
1886 427 42 25 der
1941 426 73 26 Welt
2030 427 24 25 in
2068 426 53 26 sich
2136 423 183 28 aufzunehmen

1459 468 52 24 und
1523 468 25 24 in
1560 467 41 25 der
1609 465 74 27 tiefen
1696 466 150 26 undbreiten
1854 465 87 26 Schale
1949 465 65 26 ihrer
2025 464 66 27 Seele
2102 474 30 17 zu
2146 462 129 28 sammeln.
2288 460 31 24 So

1460 506 67 26 kann
1539 507 76 24 ihnen
1623 504 39 27 oft
1674 506 39 24 ein
1721 503 113 38 Tropfen
1846 504 91 26 Lebens
1950 505 133 34 wichtiger
2094 504 51 25 sein
2158 502 34 27 als
2204 502 42 26 das
2256 496 52 29 voll-

1460 546 110 25 endetste
1578 544 163 27 Kunstwerk.
1751 545 46 25 Die
1805 546 81 24 Kunst
1895 545 29 24 ist
1932 543 75 25 ihnen
2016 544 40 24 ein
2063 543 55 25 Teil
2127 542 40 26 des
2175 541 102 27 Lebens,
2282 546 38 17 ein

1460 584 136 26 blühendes
1605 584 60 25 oder
1673 584 135 25 verdorrtes
1817 584 67 25 Reis.
1904 585 75 31 Jenen
1990 582 133 25 Künstlern
2139 582 41 25 des
2188 579 131 28 zweiten

1460 623 104 27 Reiches
1574 623 60 35 (den
1924 622 32 25 da
1963 622 50 26 wir
2021 621 39 25 die

1460 662 33 26 als
1509 672 29 16 zu
1553 662 90 26 seltene
1659 662 203 35 Erscheinungen
1875 660 99 36 füglich
1995 660 100 26 beiseite
2117 659 91 36 lassen)
2230 658 30 26 ist
2282 654 38 26 die

1460 702 143 30 Extension,
1618 711 51 16 von
1683 701 64 25 ihrer
1762 701 67 25 Seele
1846 701 35 25 als
1895 699 167 36 Mittelpunkt
2077 709 43 15 aus
2140 699 60 25 über
2219 697 42 26 das
2280 693 41 27 AU

1460 740 41 26 des
1515 740 94 26 Lebens
1624 746 104 29 versagt.
1750 740 38 25 Sie
1803 739 55 26 sind
1873 739 78 26 schon
1966 739 79 25 durch
2061 738 70 25 ihren
2143 738 118 35 geistigen
2271 731 50 29 und

1460 779 173 36 körperlichen
1645 779 164 35 Organismus
1823 795 40 2 —
1877 778 34 26 sei
1924 788 36 20 es,
1980 777 54 26 dafs
2050 778 52 25 ihre
2117 778 73 24 Sinne
2207 774 50 27 und
2272 775 33 24 Ge-

1460 817 72 27 fühle
1550 818 92 26 einmal
1656 828 30 16 zu
1703 817 105 37 stumpf,
1824 817 92 26 einmal
1934 827 30 16 zu
1984 816 131 27 verfeinert
2133 816 53 26 und
2207 821 50 20 zart
2278 820 28 27 ge-

1460 858 106 25 worden
1574 857 55 26 sind
1640 873 33 3 —
1683 855 116 37 unfähig,
1808 856 52 27 sich
1869 856 74 26 selbst
1951 856 57 26 dem
2018 855 88 31 Leben,
2119 855 34 26 als
2165 855 42 26 das
2216 855 105 25 Zweite,

1461 896 35 26 als
1510 898 40 24 ein
1566 896 186 36 Ebensoganzes
1772 896 50 26 wie
1836 895 43 27 das
1894 895 81 27 Leben
1993 894 269 36 gegenüberzustellen.
2284 891 37 24 Sie

1461 943 113 28 ertragen
1596 936 84 24 seinen
1694 935 121 35 Andrang
1835 935 53 25 und
1909 934 65 26 seine
1995 932 146 28 Ueberfülle
2161 933 79 26 nicht.
2262 930 59 25 Wie

1460 976 55 24 eine
1533 975 105 35 gewisse
1658 976 45 24 Art
1721 983 51 16 von
1786 974 100 25 Fischen
1907 973 138 26 überlassen
2062 973 34 26 sie
2114 972 53 26 sich
2186 971 70 27 nicht
2277 966 45 27 toll

1461 1014 52 25 und
1528 1013 168 36 kämpferisch
1710 1013 43 26 der
1767 1012 144 36 wogenden
1921 1015 147 32 Strömung,
2083 1011 107 26 sondern
2205 1008 116 28 kriechen

1461 1054 76 24 scheu
1547 1052 52 26 und
1608 1055 138 33 verängstet
1753 1053 26 24 in
1792 1052 40 25 ein
1846 1051 133 36 bergendes
1995 1050 126 31 Versteck,
2136 1060 43 16 um
2194 1049 42 27 der
2249 1046 55 28 Nah-

1462 1102 64 25 rung
1547 1101 30 16 zu
1597 1098 106 23 warten,
1724 1101 32 16 an
1775 1091 43 26 der
1839 1092 34 24 sie
1894 1091 70 25 nicht
1985 1089 129 26 ersticken.
2139 1092 49 23 Das
2203 1087 118 33 Wenige,

1461 1131 109 26 welches
1585 1131 65 25 diese
1660 1131 138 25 Menschen
1807 1129 161 30 aufnehmen,
1983 1129 66 26 wird
2057 1138 29 16 zu
2095 1129 67 25 einer
2171 1128 151 26 unerhörten

1461 1170 111 26 Feinheit
1584 1170 143 26 verarbeitet
1738 1170 51 25 und
1802 1170 41 25 das
1855 1169 124 29 kostbare,
1991 1178 27 15 so
2033 1168 117 25 mühsam
2164 1171 158 32 gewonnene

1461 1209 196 36 Kunstprodukt
1671 1209 65 26 wird
1748 1209 94 25 einsam
1853 1209 50 25 wie
1915 1208 40 25 die
1967 1207 65 26 Perle
2043 1208 26 24 in
2084 1208 41 24 der
2139 1204 116 28 Muschel
2270 1211 39 18 ver-

1462 1249 92 29 wahrt,
1570 1249 26 25 in
1609 1248 66 26 einer
1686 1258 46 16 vor
1746 1248 80 35 jedem
1831 1247 92 26 Trubel
1935 1247 43 25 der
1984 1246 73 26 Welt
2065 1245 46 26 fest
2125 1245 196 26 verschlossenen

1461 1287 87 26 Hülle.
1592 1287 86 26 Indem
1697 1287 33 25 sie
1748 1287 71 25 nicht
1839 1286 110 27 wahllos
1969 1285 53 26 und
2041 1295 60 16 vom
2116 1283 84 28 Zufall
2216 1283 106 36 geleitet,

1462 1327 51 25 wie
1526 1329 63 33 jene,
1609 1326 52 26 sich
1680 1326 48 26 den
1742 1325 160 26 Eindrücken
1921 1325 42 26 der
1978 1324 73 27 Welt
2070 1324 140 26 überlassen
2224 1321 50 27 und
2290 1319 33 27 sie

1462 1375 31 16 zu
1508 1368 81 23 Kunst
1603 1364 161 31 verarbeiten,
1785 1365 93 26 suchen
1893 1364 33 26 sie
1946 1363 121 27 vielmehr
2085 1373 43 16 aus
2147 1363 66 25 einer
2230 1367 94 30 ganzen

1463 1407 102 34 Gruppe
1576 1403 133 37 sorgfältig
1720 1403 163 27 überdachter
1894 1403 52 26 und
1957 1402 138 37 gleichsam
2106 1402 114 36 langsam
2232 1402 25 24 in
2272 1396 51 29 sich

1463 1444 186 35 ausgebrüteter
1672 1442 199 37 Empfindungen
1896 1442 52 26 und
1966 1441 135 27 Erlebnisse
2122 1441 39 26 die
2183 1442 88 25 Essenz
2294 1444 30 19 zu

1463 1483 85 26 ziehen
1564 1482 50 26 und
1629 1482 82 26 diesen
1726 1481 134 26 kostbaren
1871 1479 70 29 Stoff
1950 1481 27 26 in
1990 1480 41 27 die
2045 1480 149 26 dauerndste
2208 1481 74 24 Form
2294 1484 29 17 zu

1464 1521 102 37 giefsen.
1593 1522 39 25 Sie
1654 1521 81 26 lieben
1756 1521 101 25 deshalb
1878 1530 46 16 vor
1944 1520 74 26 allem
2038 1519 40 27 die
2095 1519 167 29 Gleichnisse,
2285 1515 39 26 die

1465 1561 118 35 Symbole
1598 1560 50 25 und
1664 1560 79 25 bauen
1758 1561 26 24 in
1802 1560 34 25 sie
1857 1560 47 25 den
1920 1558 138 27 Gedanken
2079 1559 95 29 hinein,
2195 1556 83 27 sodafs
2299 1562 25 17 er

1464 1601 145 24 unversehrt
1628 1599 70 25 darin
1720 1600 130 24 verharren
1869 1598 77 30 kann,
1968 1598 51 26 wie
2040 1598 40 25 die
2094 1598 99 25 Mumie
2217 1597 26 26 in
2267 1594 57 26 dem

1465 1639 155 35 Sarkophag.
1643 1638 39 25 Sie
1696 1638 53 25 sind
1764 1639 36 24 im
1814 1638 125 29 Glauben,
1954 1636 53 27 dafs
2023 1637 42 25 das
2080 1636 134 37 eigentlich
2229 1638 79 24 Künst-

1466 1678 110 28 lerische,
1592 1676 35 26 als
1642 1683 77 19 etwas
1737 1687 30 15 zu
1782 1677 90 30 Feines,
1895 1686 29 16 zu
1940 1676 199 26 Zerbrechliches
2159 1675 67 25 einer
2247 1673 77 27 festen

1465 1717 128 34 Kleidung
1604 1715 127 35 bedürftig
1745 1716 40 29 ist,
1800 1717 40 25 die
1851 1726 23 16 es
1885 1726 46 15 vor
1945 1715 42 26 der
2001 1717 151 33 Zerstörung
2167 1714 103 25 schützt.
2291 1712 32 25 So

1465 1756 31 25 ist
1510 1755 77 26 ihnen
1598 1755 43 25 das
1656 1755 104 34 Symbol
1775 1765 47 16 nur
1836 1755 40 26 ein
1891 1755 94 29 Mittel,
2001 1754 47 25 den
2063 1754 82 25 Inhalt
2161 1754 63 25 ihrer
2245 1754 80 24 Kunst

1465 1804 43 16 aus
1520 1794 56 26 dem
1592 1793 166 30 Schwanken,
1779 1794 102 26 Fliefsen
1896 1794 51 26 und
1962 1794 130 35 Vergehen
2113 1793 41 25 des
2170 1793 92 25 Lebens
2283 1789 42 27 für

1465 1833 39 26 die
1519 1833 157 36 Ewigkeit
1691 1843 28 16 zu
1732 1833 142 27 bewahren.

1526 1873 46 25 Die
1794 1872 97 27 wollen
1905 1871 117 27 Künstler
2036 1871 81 26 ihrer
2131 1871 66 25 Zeit
2211 1871 61 29 sein,
2287 1866 39 27 die

1759 1911 97 27 wollen
1876 1910 118 28 Künstler
2019 1910 43 27 der
2083 1910 161 35 Ewigkeit
2264 1907 60 27 sein.

1465 1953 120 23 Getrennt
1599 1951 54 25 sind
1666 1951 53 25 ihre
1733 1950 86 26 beiden
1830 1951 94 25 Reiche
1938 1949 79 27 durch
2029 1950 54 25 eine
2093 1949 143 36 gewaltige,
2249 1947 76 26 kaum

1465 1990 210 26 überschreitbare
1703 1989 83 28 Kluft.
1821 1989 84 26 Sollen
1923 1989 49 26 wir
1992 1998 61 22 nun,
2075 1987 125 27 nachdem
2220 1987 49 27 wir
2288 1985 39 26 ihr

1465 2031 95 24 Wesen
1576 2039 28 16 zu
1620 2029 124 26 erkennen
1756 2030 113 25 versucht
1879 2028 91 31 haben,
1985 2027 66 27 auch
2062 2027 39 27 die
2116 2026 210 37 gebräuchlichen

1465 2070 102 25 Namen
1597 2069 77 26 dieser
1690 2069 239 34 Grundrichtungen
1952 2067 43 26 der
2016 2069 80 23 Kunst
2121 2065 144 27 aufzählen?
2295 2065 30 24 Es

1465 2108 56 25 sind
1539 2109 65 25 ihrer
1623 2118 30 16 zu
1670 2108 61 26 viele
1752 2108 50 25 und
1819 2106 88 27 treffen
1927 2107 66 35 jeder
2013 2115 47 16 nur
2081 2106 41 25 ein
2136 2105 119 26 Teilchen
2284 2103 42 26 der

1465 2147 145 27 Wahrheit.
1633 2147 48 26 Die
1692 2145 158 28 treffendsten
1865 2147 54 25 sind
1932 2146 68 25 noch
2015 2143 41 28 für
2069 2145 40 26 die

1465 2186 134 32 Klassiker,
1609 2186 135 30 Realisten,
1752 2186 133 35 Objektive
1895 2202 36 3 —
1940 2184 42 27 für
1990 2185 39 25 die

1465 2225 179 32 Romantiker,
1666 2225 150 35 Subjektive,
1842 2225 118 30 Stilisten,
1986 2223 168 35 Symboliker,
2181 2221 145 27 Decadents.

1525 2267 29 24 In
1567 2265 80 35 jedem
1659 2264 209 26 Kunstabschnitt
1880 2263 42 26 der
1932 2263 138 35 bisherigen
2080 2263 87 25 Zeiten
2181 2262 83 26 finden
2279 2258 48 27 wir

1467 2303 64 27 diese
1548 2303 216 37 Grundspaltung.
1786 2305 67 24 Vom
1868 2301 161 37 Standpunkt
2051 2302 42 25 der
2107 2304 82 23 Kunst
2210 2310 43 17 aus
2272 2296 55 28 sind

1466 2343 71 25 beide
1556 2343 183 36 gleichwertig,
1758 2342 66 26 denn
1842 2352 53 16 was
1913 2341 40 26 die
1968 2341 156 26 Weltlichen
2145 2350 31 17 an
2193 2340 134 26 Reichtum

1466 2382 53 25 und
1540 2383 69 25 Fülle
1627 2383 137 29 vorhaben,
1789 2381 42 26 das
1856 2387 104 20 ersetzen
1982 2380 39 26 die
2036 2379 237 27 Aufserweltlichen
2297 2385 30 16 an

1468 2422 157 35 unsäglicher
1630 2422 109 25 Feinheit
1747 2421 49 25 und
1803 2420 145 26 Schönheit.
1960 2419 124 26 Unterder
2092 2418 81 37 Optik
2184 2418 42 26 des
2235 2417 92 26 Lebens

1467 2459 58 28 aber
1543 2460 55 27 sind
1618 2461 64 25 diese
1701 2460 88 26 beiden
1808 2460 161 35 Richtungen
1988 2459 69 25 nicht
2075 2458 182 36 gleichwertig.
2280 2457 48 24 Der

1466 2500 121 35 genialste
1799 2498 107 30 Goethe,
1917 2498 44 26 hat
1971 2498 93 25 einmal
2074 2507 51 16 von
2136 2497 91 26 diesem
2239 2492 75 30 Stand-

1467 2539 81 36 punkt
1556 2539 42 26 des
1609 2539 91 26 Lebens
1713 2548 42 17 aus
1767 2548 29 16 zu
1804 2537 156 27 Eckermann
1972 2538 60 24 über
2045 2537 33 25 sie
2089 2546 28 16 so
2128 2536 73 26 wahr
2211 2535 52 27 und
2275 2533 53 26 klar

1467 2578 167 31 entschieden,
1649 2578 85 26 indem
1748 2587 25 16 er
1787 2578 40 25 die
1838 2577 71 26 einen
1924 2577 34 26 als
1973 2576 40 25 die
2028 2575 118 27 Künstler
2160 2575 43 26 der
2214 2570 97 30 Gesund-

1465 2617 53 27 heit
1529 2617 52 27 und
1592 2617 42 26 des
1646 2618 104 35 stetigen
1758 2617 186 29 Wachstumes,
1952 2616 39 25 die
2002 2616 106 26 anderen
2120 2614 34 26 als
2162 2614 40 26 die
2212 2611 116 28 Künstler

1467 2656 43 27 der
1521 2656 139 27 Krankheit
1671 2656 51 26 und
1734 2656 41 26 des
1788 2655 119 27 Verfalles
1918 2655 166 27 bezeichnete.
2154 2655 62 25 Max
2230 2654 98 25 Messer

1509 2849 0 0 162
