2527 3289
580 389 70 28 Und
675 390 111 29 Einmal
808 390 28 31 in
858 392 80 30 einer
959 394 129 30 dunklen
1111 396 208 36 Herbstnacht,
1340 397 38 29 als

522 434 54 29 wir
603 434 29 31 in
659 445 102 20 unsrer
788 438 94 29 Hütte
904 440 51 29 mit
976 441 114 30 heifsen
1112 443 114 40 Lippen
1253 443 126 35 lachten,

521 481 105 29 hörten
648 481 52 29 wir
714 482 48 29 das
777 484 82 29 Meer
874 495 47 20 aus
936 486 73 30 allen
1023 488 168 29 Schlünden
1206 488 54 29 auf
1262 489 118 28 brüllen.

582 528 95 28 Unsre
698 529 105 30 Hände
825 531 95 30 lösten
940 533 62 29 sich
1015 534 45 38 jäh
1075 534 62 29 und
1152 535 52 28 mit
1220 534 160 28 Entsetzen

523 581 122 21 starrten
665 575 53 29 wir
738 576 104 30 durchs
864 578 130 30 Fenster.

583 620 100 29 Höher
703 622 37 28 als
761 622 121 31 höchste
903 624 221 40 Tannengipfel
1146 626 141 28 wuchsen
1307 627 75 27 zwei

522 665 189 31 Sturzwellen
735 669 176 30 aneinander
938 681 117 29 empor,
1076 671 216 39 überschlugen
1312 671 69 35 sich,

521 711 60 29 und
598 712 135 31 bäumten
744 726 61 18 von
819 716 119 29 Neuem
953 716 87 35 hoch,
1056 716 61 28 und
1133 716 55 29 wie
1203 716 48 29 das
1263 716 100 29 Todes-

522 759 167 37 gewimmer
720 762 212 29 verreckender
963 761 91 29 Tiere
1083 762 91 29 scholl
1206 762 93 29 durch
1323 763 59 28 den

522 804 124 30 Donner
667 806 49 30 des
739 809 115 28 Meeres
876 808 48 28 ein
944 807 87 29 Lärm
1051 817 61 19 von
1126 807 180 40 Notpfeifen
1320 808 63 29 und

521 850 226 31 Nebelhörnern
769 875 6 6 .
797 876 6 5 .
825 875 7 6 .
854 853 70 28 Wir
946 855 131 26 stürzten
1097 854 109 28 hinaus.

579 897 66 28 Auf
671 898 52 28 der
753 898 196 39 Gipfelspitze
978 898 80 28 einer
1085 898 104 38 Woge
1217 898 88 29 sahen
1331 899 52 28 wir

522 942 46 28 ein
589 943 78 29 Boot
688 936 173 36 aufwirbeln
881 943 62 29 und
965 943 235 30 verschwinden.

579 988 69 29 Wir
664 988 122 29 standen
800 988 63 29 und
879 997 124 20 starrten
1015 1010 7 7 .
1036 1010 7 6 .
1058 1011 7 6 .
1073 989 70 28 Paar
1152 989 160 29 Trümmer
1321 999 63 20 von

521 1034 291 35 Menschenleichen,
847 1034 223 29 zerbrochenen
1104 1035 126 28 Planken
1264 1044 121 19 tanzten

523 1079 52 29 auf
590 1080 68 28 dem
680 1080 122 28 Getose.

579 1124 71 29 Und
676 1124 73 29 über
775 1124 67 29 dem
869 1124 132 31 Aufruhr
1030 1125 51 29 des
1108 1126 129 35 Meeres,
1260 1125 55 29 wie
1337 1126 47 29 ein

520 1170 245 39 verglimmender
797 1170 111 39 Spahn,
940 1171 87 28 stand
1057 1170 67 30 fern
1150 1170 40 29 im
1216 1171 169 30 schwarzen

521 1216 99 29 Nebel
641 1216 52 28 der
714 1215 100 29 dünne
837 1216 92 29 Strahl
950 1216 51 29 des
1022 1217 207 28 Leuchtturms
1244 1238 7 6 .
1266 1239 6 6 .
1288 1239 6 7 .

580 1262 69 28 Wir
676 1262 124 28 kehrten
831 1270 108 20 stumm
970 1262 31 28 in
1030 1272 88 18 unsre
1151 1262 96 29 Hütte
1267 1263 118 31 zurück.

521 1306 56 29 Die
609 1316 91 29 ganze
728 1306 101 29 Nacht
854 1306 66 39 lang
946 1307 144 39 sprachen
1117 1307 52 29 wir
1195 1307 67 29 kein
1283 1308 102 29 Wort.

524 1353 83 28 Aber
627 1352 48 29 ich
695 1351 96 30 fühlte
812 1352 95 29 Deine
929 1353 109 37 Augen
1058 1352 53 30 mit
1132 1353 118 29 kranker
1272 1354 115 29 Trauer

524 1398 93 29 durch
638 1397 46 29 die
705 1398 159 29 Finsternis
886 1398 110 38 glühen
1011 1420 6 7 .
1033 1422 7 6 .
1056 1421 7 6 .

583 1534 58 28 Seit
668 1533 95 30 dieser
794 1534 100 29 Nacht
924 1533 103 29 wurde
1055 1544 107 19 unsere
1185 1535 92 28 Liebe
1298 1536 90 29 scheu

527 1580 62 29 und
610 1580 86 29 siech.
730 1579 72 29 Und
817 1579 103 29 einmal
933 1579 31 29 in
980 1581 95 28 einem
1089 1581 153 28 schweren
1251 1580 119 29 Winter-

525 1634 102 25 sturm,
649 1625 38 29 als
706 1625 53 28 der
772 1625 83 28 Zorn
870 1625 50 29 des
937 1627 115 27 Meeres
1067 1627 52 27 mit
1134 1625 255 29 Schwefelblitzen

524 1670 61 30 und
607 1670 219 29 Donnerkeilen
846 1670 52 29 auf
915 1681 87 18 unsre
1024 1671 95 29 Hütte
1135 1681 129 28 regnete,
1280 1672 34 28 da
1329 1672 60 36 flog

527 1716 95 29 meine
654 1716 184 28 Sturmtaube
870 1716 71 29 weit
973 1716 113 36 hinaus,
1118 1716 82 35 weit,
1222 1717 85 28 allein
1326 1716 63 29 und

526 1763 118 28 tauchte
665 1762 44 28 ins
730 1762 92 28 Meer.

584 1807 71 28 Und
678 1806 35 29 da
734 1807 119 38 glättete
875 1807 61 29 sich
957 1808 48 27 das
1027 1808 86 27 Meer
1134 1817 36 18 zu
1192 1807 70 28 alter
1278 1808 93 27 Schön-

527 1852 61 29 heit
612 1852 63 29 und
696 1852 70 29 alter
788 1852 242 30 Versonnenheit
1050 1863 62 18 von
1133 1852 96 29 einem
1249 1852 52 29 Pol
1322 1863 67 18 zum

527 1898 136 35 anderen,
685 1898 80 29 denn
780 1908 30 19 es
825 1899 78 28 hatte
919 1899 62 28 sein
996 1899 82 29 Herz
1092 1898 297 30 wiederbekommen.

584 2036 90 27 Denn
694 2036 81 28 Dein
795 2036 81 28 Herz
897 2046 60 18 war
979 2036 47 28 das
1049 2037 80 27 Herz
1151 2037 50 27 des
1224 2037 126 27 Meeres.

586 2081 58 28 Das
665 2081 49 28 hat
735 2081 54 28 mir
810 2081 48 28 das
881 2082 85 28 Meer
987 2082 89 29 selbst
1097 2092 107 28 gesagt.

585 2126 91 28 Denn
704 2126 38 29 als
772 2126 110 29 Einmal
908 2127 97 29 meine
1030 2128 81 28 Seele
1138 2128 61 29 sich
1224 2127 30 30 in
1274 2127 117 29 Trauer

526 2172 73 28 über
623 2171 68 29 dem
716 2173 103 28 Meere
845 2173 132 35 auflöste,
1004 2171 78 31 fühlt
1110 2173 47 29 ich
1178 2173 139 40 plötzlich
1343 2172 49 29 ein

530 2217 80 29 Herz
631 2227 50 19 um
701 2218 78 29 mich
799 2218 125 34 flattern,
940 2228 95 28 gegen
1049 2219 96 28 meine
1161 2219 86 29 Brust
1261 2218 127 40 klopfen.

528 2262 51 29 Ich
599 2263 49 28 sah
669 2272 40 25 es,
729 2263 55 29 wie
806 2273 30 18 es
854 2263 74 29 über
943 2263 68 29 dem
1026 2265 100 28 Meere
1142 2265 59 37 flog
1215 2264 61 29 und
1290 2273 85 19 unter-

528 2307 129 35 tauchte,
685 2307 55 29 wie
769 2318 29 19 es
825 2308 61 30 sich
911 2308 157 30 hochwarf
1085 2310 60 29 und
1166 2309 109 29 wieder
1296 2308 94 30 fühlte

530 2352 47 29 ich
607 2354 61 27 sein
698 2353 135 39 fiebriges
862 2354 137 40 Klopfen,
1030 2355 55 29 wie
1114 2355 59 29 den
1193 2354 198 39 Flügelschlag

532 2397 78 29 eines
632 2400 112 38 Vogels
765 2400 39 28 im
825 2400 213 40 Todeskampf.

587 2444 133 29 Entsetzt
741 2445 62 39 fing
823 2445 48 29 ich
891 2456 36 18 an
941 2455 37 19 zu
992 2445 121 40 pfeifen,
1128 2445 142 36 schreien,
1280 2445 111 36 lachen,

532 2495 50 20 um
615 2488 45 29 die
692 2490 98 38 Angst
823 2501 36 18 zu
890 2490 154 37 betäuben,
1067 2491 66 29 aber
1160 2491 102 29 immer
1283 2492 109 28 stärker

532 2528 93 32 fühlte
646 2534 47 28 ich
714 2545 28 18 es
764 2545 50 19 um
836 2536 77 29 mein
932 2536 125 30 Gesicht
1070 2537 136 38 schlagen
1219 2537 62 29 und
1297 2546 94 29 gegen

534 2575 94 29 meine
649 2578 85 29 Brust
754 2581 131 39 klopfen.

591 2620 71 30 Und
682 2623 49 28 das
752 2626 82 29 Herz
852 2628 119 33 wächst,
989 2628 120 34 wächst,
1123 2628 121 38 springt,
1259 2627 133 29 zerreifst

534 2661 47 29 die
601 2665 98 29 Nacht
719 2670 62 29 und
801 2672 100 29 taucht
920 2673 46 37 jäh
986 2673 44 28 ins
1051 2674 93 27 Meer.

588 2709 77 33 Jetzt
686 2712 94 39 ldopft
800 2726 42 18 es:
869 2717 46 29 die
937 2727 90 28 ganze
1049 2718 74 29 Erde
1149 2718 61 30 und
1236 2719 70 29 bebt
1330 2719 61 30 und

1460 398 151 34 schüttert,
1627 397 49 29 das
1693 397 80 29 Herz
1787 397 93 30 wühlt
1901 397 30 30 in
1952 397 53 29 der
2020 397 84 29 Erde.
2136 398 80 28 Breit
2229 395 93 30 öffnet

1460 443 62 29 sich
1549 443 54 28 der
1632 443 221 38 Meeresgrund,
1881 442 62 29 und
1971 443 68 29 alles
2070 443 66 29 Blut
2164 443 53 29 der
2238 440 84 32 Erde,

1460 489 51 28 alle
1544 489 99 28 Flüsse
1669 488 62 29 und
1760 489 75 28 Seen
1863 488 60 28 und
1952 489 120 28 Oceane
2103 493 131 24 strömen
2256 495 66 21 zum

1461 534 210 28 Erdenherzen
1692 535 116 27 zurück.

1520 581 62 27 Aus
1614 579 128 29 meinem
1775 579 85 29 Blute
1892 579 134 29 wachsen
2057 579 93 39 lange,
2178 576 144 32 zitternde

1462 625 280 39 Gespensterhände
1763 625 52 28 der
1830 626 172 28 Sehnsucht.
2030 625 52 29 Ich
2102 625 84 29 fliehe
2208 623 52 30 auf
2278 623 44 28 die

1462 671 144 29 höchsten
1626 671 106 38 Berge,
1753 671 62 29 und
1836 670 52 30 auf
1905 671 79 28 mein
2005 671 180 29 Machtwort
2206 673 118 26 stürzen

1461 727 62 18 von
1557 717 74 28 allen
1665 717 110 28 Höhen
1802 717 239 28 Schneelawinen
2067 716 30 29 in
2121 716 48 29 die
2195 717 111 28 Meeres-

1463 761 114 39 gründe
1598 761 100 29 herab:
1721 761 42 29 bis
1786 761 78 35 dort,
1885 772 49 18 wo
1955 762 80 28 noch
2056 771 55 19 vor
2125 762 119 28 kurzem
2256 759 69 30 weit

1463 807 48 28 das
1533 808 122 27 Wasser
1676 807 125 38 glänzte,
1821 808 73 37 jetzt
1915 807 64 28 eine
2001 806 176 30 unendliche
2199 807 108 28 Schnee-

1462 852 93 29 fläche
1577 852 85 29 blaut.

1522 899 89 27 Denn
1638 908 33 19 so
1693 899 49 28 hat
1761 899 55 28 mir
1836 899 96 28 meine
1953 899 164 28 Sehnsucht
2137 907 106 29 gesagt,
2265 894 60 31 dafs

1463 943 48 29 ich
1545 943 30 28 in
1610 943 52 29 der
1696 944 168 28 schwarzen
1899 944 101 28 Nacht
2033 943 177 39 wenigstens
2242 943 84 28 ihren

1464 989 138 29 Schatten
1630 989 90 29 sehen
1745 988 108 30 mufste
1875 989 50 28 auf
1943 989 68 28 dem
2031 990 123 34 Schnee,
2176 998 90 19 wenn
2287 986 39 29 sie

1464 1035 74 28 über
1559 1035 47 28 die
1628 1035 87 28 Welt
1736 1034 140 30 schwebt.

1524 1080 82 29 Aber
1626 1080 49 29 ich
1696 1080 50 29 sah
1766 1080 106 29 keinen
1894 1081 145 29 Schatten.

1524 1126 71 28 Und
1617 1125 51 29 auf
1685 1126 79 28 mein
1782 1126 180 28 Machtwort
1976 1126 113 28 wälzen
2103 1126 52 27 alle
2171 1125 157 29 Gletscher

1465 1171 52 28 der
1538 1171 76 28 Erde
1628 1172 170 37 ungeheure
1813 1171 159 30 Eisflarden
1986 1171 88 30 herab
2090 1171 61 29 und
2166 1172 31 28 in
2212 1170 116 29 trübem

1466 1217 78 39 Opal
1565 1220 89 35 grünt
1676 1217 48 29 das
1745 1217 47 29 Eis
1813 1218 73 27 über
1908 1217 67 29 dem
1997 1218 121 28 Schnee.

1525 1263 90 28 Denn
1636 1262 111 29 wieder
1767 1263 50 28 hat
1837 1262 54 29 mir
1905 1263 47 28 die
1968 1263 162 28 Sehnsucht
2145 1271 106 29 gesagt,
2268 1258 60 31 dafs

1466 1308 49 28 ich
1544 1308 31 28 in
1604 1308 51 28 der
1687 1308 170 28 schwarzen
1887 1308 100 28 Nacht
2014 1308 91 29 sehen
2136 1308 116 34 mufste,
2274 1305 55 31 wie

1466 1354 75 28 über
1562 1353 69 29 dem
1651 1353 199 30 leuchtenden
1872 1353 64 29 Eise
1958 1353 64 29 eine
2042 1354 127 28 Flamme
2184 1352 145 33 aufblüht,

1467 1409 89 19 wenn
1578 1399 80 29 noch
1679 1399 44 29 ihr
1744 1399 81 29 Herz
1847 1398 49 30 für
1917 1399 78 29 mich
2015 1399 119 38 schlägt.

1525 1445 72 28 Und
1618 1445 74 29 sieh:
1724 1444 65 29 eine
1810 1445 79 28 feine
1911 1445 207 29 Feuerflamme
2140 1445 120 38 züngelt
2274 1441 56 36 auf,

1469 1490 106 28 breitet
1595 1490 70 34 sich,
1687 1490 55 28 wie
1764 1489 157 29 Lauffeuer
1942 1490 87 28 wälzt
2049 1490 40 29 sie
2110 1490 62 28 sich
2192 1490 74 28 über
2284 1489 45 29 die

1468 1535 162 29 Eisflächen
1653 1552 34 4 —
1709 1534 62 29 und
1798 1535 111 29 Schnee
1936 1535 61 28 und
2024 1535 46 28 Eis
2097 1534 30 31 in
2154 1536 97 28 einem
2278 1535 54 28 Nu

1469 1581 55 28 Ein
1545 1580 181 34 Feuermeer,
1748 1580 48 28 das
1818 1581 169 29 Erdenherz
2009 1581 104 28 erbebt
2134 1591 61 19 von
2212 1583 120 27 Neuem

1469 1626 61 28 und
1550 1625 81 29 wirft
1652 1625 63 28 sein
1735 1625 118 38 heiliges
1875 1626 66 29 Blut
1963 1636 112 30 empor.

1527 1670 72 29 Und
1626 1670 110 29 wieder
1762 1671 124 37 glänzen
1912 1672 46 28 die
1985 1672 107 34 Nebel,
2118 1672 110 28 wieder
2250 1672 82 38 glüht

1469 1716 48 28 das
1529 1715 173 38 Schweigen
1713 1715 30 29 in
1755 1717 291 29 Mondlichtstreifen
2057 1728 49 17 um
2118 1717 46 28 die
2175 1717 139 29 Himmels-

1468 1766 111 29 säume,
1600 1761 62 28 und
1687 1761 111 29 wieder
1824 1763 96 39 tropft
1941 1763 48 28 das
2012 1762 195 30 Sternenlicht
2228 1764 29 27 in
2278 1762 42 29 zit-

1468 1806 135 35 ternden,
1625 1806 217 31 millionenfach
1856 1808 219 29 verrinnenden
2095 1808 180 30 Silberadern
2289 1807 43 29 bis

1470 1852 51 29 auf
1538 1852 60 28 den
1620 1852 107 29 Grund
1748 1853 94 29 hinab.

1529 1989 58 28 Nie
1603 1989 47 28 hat
1665 1989 48 29 das
1728 1990 84 28 Meer
1823 1990 78 29 mich
1912 1990 115 38 geliebt,
2036 1990 55 29 wie
2103 1990 54 29 seit
2170 1991 81 37 jener
2259 1990 74 28 Zeit.

1529 2035 66 29 Alle
1611 2035 80 29 seine
1706 2036 248 29 Heimlichkeiten
1968 2037 49 28 hat
2032 2046 30 18 es
2074 2036 54 28 mir
2140 2035 194 39 geoffenbart,

1470 2081 100 29 seinen
1592 2081 88 35 Blick,
1703 2082 77 28 seine
1802 2082 128 35 Stimme,
1952 2082 62 29 sein
2036 2082 89 28 Herz.

1529 2128 108 28 Nichts
1660 2137 120 29 vertrug
1801 2138 29 17 es
1852 2128 83 28 mehr
1950 2128 51 28 auf
2015 2127 102 29 seinen
2130 2128 133 37 Wogen;
2278 2125 55 30 wie

1471 2172 132 30 schlecht
1618 2173 134 38 geleimte
1767 2173 146 29 Kästchen
1925 2172 99 30 zerrifs
2038 2183 29 19 es
2080 2172 123 29 tausend
2211 2173 106 28 Panzer-

1471 2218 100 29 schiffe
1603 2219 58 29 Mir
1692 2228 69 19 zum
1791 2218 110 40 Opfer,
1932 2219 62 28 und
2022 2218 222 29 Abertausende
2272 2227 62 20 von

1471 2263 307 40 Menschengerippen
1808 2264 164 29 bedeckten
2002 2264 60 29 den
2089 2264 104 29 Strand
2222 2264 111 29 meiner

1470 2309 184 29 Felseninsel.

1528 2355 69 28 Nur
1617 2354 63 35 Ich,
1701 2354 47 30 ich
1774 2354 91 35 allein,
1887 2354 53 29 der
1961 2355 80 29 Sohn
2062 2355 50 28 des
2134 2355 125 34 Meeres,
2281 2354 51 28 der

1471 2400 81 29 Sohn
1586 2399 94 30 seiner
1714 2400 98 29 Rätsel
1845 2400 62 29 und
1933 2401 112 28 Stürme
2074 2400 90 29 dürft'
2195 2410 30 19 es
2253 2399 80 29 noch

1472 2445 148 30 befahren.

1529 2492 72 28 Und
1626 2492 31 28 in
1685 2492 80 28 einer
1793 2492 128 28 dunklen
1946 2492 100 28 Nacht
2067 2491 66 29 fuhr
2155 2491 47 30 ich
2222 2491 109 29 hinaus.

1471 2537 57 29 Das
1549 2537 92 38 lange,
1663 2537 124 29 schmale
1808 2537 78 28 Boot
1907 2546 98 19 tanzte
2026 2536 55 30 wie
2097 2537 47 28 ein
2158 2536 110 29 Kreisel
2282 2545 50 19 um

1471 2582 61 30 sich
1557 2583 89 29 selbst
1670 2583 109 29 herum.
1820 2584 73 28 Von
1920 2582 82 29 einer
2022 2583 103 37 Woge
2146 2592 53 19 zur
2219 2582 113 28 andern

1471 2637 105 31 sprang
1598 2637 29 19 es
1648 2628 73 29 über
1742 2628 87 29 weite
1850 2628 172 38 Abgründe,
2041 2630 110 27 stürzte
2168 2637 60 19 von
2243 2625 88 31 Tiefe

1471 2684 36 18 zu
1528 2673 97 35 Tiefe,
1647 2674 55 28 wie
1725 2674 47 28 ein
1792 2673 141 40 Tropfen
1952 2684 62 18 von
2034 2675 76 37 Berg
2124 2683 37 19 zu
2175 2673 85 35 Thal,
2276 2673 55 29 wie

1471 2719 107 29 Gischt
1599 2729 61 18 von
1681 2719 77 29 Thal
1778 2729 37 19 zu
1835 2719 76 38 Berg
1931 2719 183 38 geschüttelt.

1511 2894 0 0 146
