2329 4045
204 216 44 31 86

207 298 132 37 speech
389 306 75 23 was
515 298 156 37 tending
714 299 39 29 to
799 299 151 30 become
994 298 37 31 of
1073 299 73 32 less

207 350 250 37 importance;
479 350 85 31 that
586 357 56 23 we
668 357 45 22 no
737 348 132 39 longer
892 349 81 32 held
998 352 32 29 it
1052 353 38 28 in
1108 360 38 22 so

207 401 89 37 high
318 402 141 30 esteem
484 409 40 23 as
546 402 61 30 did
632 401 65 30 the
721 400 142 32 Greeks
878 402 72 29 and
976 402 171 32 Romans.

206 452 112 39 They,
341 460 92 24 even
457 454 108 30 those
588 452 38 30 of
647 452 65 30 the
736 452 132 31 lowest
892 452 106 37 class,
1024 454 122 30 would

206 505 93 30 have
321 505 123 30 hissed
483 512 46 23 an
567 505 128 29 orator
730 504 84 30 who
850 504 227 37 lengthened
1106 514 42 22 or

205 556 204 30 shortened
443 564 21 21 a
494 555 154 38 syllable
672 557 67 29 out
772 555 37 30 of
840 555 104 38 place
1031 559 116 30 &In

205 607 76 31 this
303 607 90 37 they
417 606 184 38 certainly
623 607 71 30 had
718 607 65 31 the
806 608 208 38 advantage
1038 609 38 30 of
1092 617 54 29 us,

205 659 91 30 with
319 659 121 30 whom
463 658 169 38 slovenly
648 659 128 31 modes
791 658 39 31 of
844 661 134 35 speech
1000 668 64 23 are
1082 663 66 28 not

204 710 87 37 only
314 711 255 30 contenanced
586 711 68 30 but
670 712 234 36 encouraged
929 713 47 35 by
992 714 153 36 society.

204 762 65 29 We
305 762 46 29 do
391 763 66 29 not
494 761 231 39 sufficiently
761 762 135 31 realise
932 764 113 37 today
1081 765 64 30 the

203 813 280 38 responsibility
532 813 38 31 of
618 816 276 35 transmitting,
952 816 192 37 unspoiled

203 865 39 29 to
266 865 65 29 the
356 866 89 29 next
468 866 236 36 generation,
727 873 70 23 our
819 867 150 30 mother
991 868 155 37 tongue.

205 917 30 29 It
256 924 77 22 was
356 917 229 37 interesting
609 919 36 28 in
668 918 77 30 this
762 920 222 30 connection
1000 920 40 30 to
1059 920 87 30 note

204 967 114 38 lately
340 969 37 29 in
402 976 71 23 one
497 968 37 31 of
549 969 65 30 the
632 970 152 31 London
800 978 134 29 papers
950 971 66 30 the
1033 971 114 30 letter

203 1020 39 29 in
264 1020 121 30 which
409 1027 20 22 a
452 1021 296 36 correspondent
770 1023 102 29 drew
895 1023 188 30 attention
1108 1024 38 27 to

203 1071 65 30 the
290 1070 77 31 fact
396 1072 85 30 that
510 1073 65 30 the
605 1074 22 14 44
645 1081 114 29 gergo
823 1073 38 31 of
894 1075 151 30 London
1075 1075 70 29 had

203 1122 166 38 changed
408 1124 163 37 entirely
607 1133 93 22 even
745 1127 101 29 since
879 1127 64 29 the
988 1127 89 35 days
1111 1126 37 29 of

205 1173 171 38 Dickens,
386 1176 71 30 and
468 1176 45 30 he
527 1176 192 31 described
732 1178 66 30 the
811 1177 116 31 shock
936 1177 37 30 of
981 1178 166 36 surprise

203 1226 120 31 which
347 1227 46 31 he
410 1228 244 36 experienced
672 1236 47 23 on
736 1229 157 37 hearing
907 1228 60 31 for
981 1229 64 30 the
1061 1228 87 31 first

202 1279 92 29 time
316 1278 66 30 the
406 1279 141 37 change
564 1279 38 30 of
616 1281 66 29 the
699 1289 23 20 a
737 1282 39 28 to
793 1281 16 29 i
824 1281 122 29 which
963 1281 65 29 has
1045 1288 102 22 come

202 1331 40 28 to
252 1330 45 29 be
305 1330 65 29 the
381 1332 98 28 most
487 1331 137 30 salient
637 1331 281 31 characteristic
930 1331 37 30 of
977 1331 171 37 Cockney

203 1381 146 35 speech.
433 1387 44 24 &

203 1432 22 13 44
244 1432 12 29 I
272 1432 70 29 had
366 1434 40 28 to
431 1432 145 31 confess
607 1433 47 30 all
685 1434 65 29 the
780 1442 101 21 same
952 1435 196 28 continues

205 1484 56 29 Mr
284 1482 241 39 Raffalovich,
548 1484 85 30 that
655 1486 65 29 the
744 1493 127 28 power
894 1485 37 30 of
960 1486 134 35 speech
1118 1486 30 29 is

203 1534 76 30 still
296 1536 108 36 great
419 1543 136 30 among
572 1544 54 22 us.
643 1537 80 29 And
741 1537 103 30 what
859 1545 103 22 more
980 1536 169 31 natural?

204 1587 31 29 Is
252 1588 66 28 not
334 1588 134 35 speech
484 1588 65 29 the
567 1589 231 35 interpreter
815 1588 37 30 of
868 1589 64 30 the
947 1590 121 35 heart,
1084 1589 65 29 the

203 1639 240 34 paintbrush
467 1638 37 30 of
525 1639 65 30 the
615 1641 114 34 mind,
753 1641 64 29 the
842 1642 119 35 image
985 1641 163 36 through

202 1690 120 29 which
346 1690 165 37 thought
524 1690 100 31 finds
648 1693 213 35 expression
873 1693 18 28 ?
908 1693 31 29 Is
956 1694 29 28 it
1003 1695 66 27 not
1084 1693 65 29 the

202 1741 73 30 salt
297 1741 39 30 of
367 1741 76 37 life,
469 1743 66 30 the
568 1744 126 29 raison
717 1743 35 30 d*
766 1744 82 31 §tre
871 1744 38 30 of
931 1752 69 22 our
1030 1744 120 31 oldest

204 1794 266 29 institutions?
501 1794 28 29 If
551 1802 55 22 we
630 1796 168 35 despised
817 1796 133 35 speech
975 1797 30 28 it
1026 1796 121 29 would

203 1846 44 28 be
270 1845 65 30 the
358 1846 71 29 end
454 1845 36 31 of
507 1847 222 37 everything

205 1897 72 29 But
291 1896 122 30 would
432 1897 56 29 it?
532 1898 31 30 Is
580 1899 67 29 not
662 1898 77 30 this
756 1907 20 21 a
791 1898 93 31 false
897 1900 253 35 assumption?

203 1947 119 31 There
346 1955 62 23 are
431 1949 119 30 tribes
566 1950 38 28 in
620 1951 170 29 America
807 1951 120 30 which
944 1952 206 29 communis

203 2000 82 29 cate
308 1999 136 31 almost
466 2001 162 37 entirely
666 2003 45 35 by
744 2004 222 35 gestures,...
990 2004 71 28 and
1085 2011 64 22 are

203 2051 108 30 there
349 2053 66 28 not
452 2060 127 22 means
614 2052 36 31 of
687 2054 263 35 transmitting
984 2055 165 36 thought

203 2102 145 30 swifter
376 2103 71 30 and
473 2112 102 22 more
600 2103 122 31 subtle
744 2105 93 30 than
860 2106 64 29 the
953 2107 196 29 utterance

203 2153 37 30 of
261 2154 148 30 words?
431 2156 72 29 Are
522 2156 66 29 not
603 2157 123 29 words
743 2157 130 30 rather
889 2166 21 21 a
922 2157 226 30 translation

203 2206 89 29 than
338 2214 20 21 a
402 2206 120 30 direct
569 2208 262 30 transmission
883 2208 37 30 of
969 2210 180 36 thought,

203 2257 192 37 generally
425 2257 134 36 useful,
592 2258 216 39 frequently
853 2260 195 37 beautiful,
1083 2262 67 29 but

204 2316 114 22 never
347 2308 182 32 infallible
559 2318 39 22 as
628 2311 162 31 vehicles
819 2312 58 30 for
908 2312 127 31 ideas?
1066 2312 83 30 Two

203 2368 84 22 men
311 2368 64 29 say
405 2362 22 14 44
445 2362 148 30 Heaven
664 2364 70 28 and
766 2364 90 36 they
886 2371 107 23 mean
1021 2365 128 36 things

203 2412 162 37 entirely
388 2412 192 31 different:
625 2415 75 29 two
725 2423 84 22 men
837 2424 65 29 say
925 2417 23 13 44
964 2424 146 22 woman

204 2465 71 29 and
299 2464 154 36 conjure
488 2473 48 29 up
560 2467 139 36 images
733 2475 39 22 as
803 2467 180 31 different
1007 2476 38 22 as
1080 2470 69 35 day

203 2517 71 28 and
299 2516 120 36 night.
463 2519 78 28 And
567 2519 36 28 in
628 2526 70 21 our
721 2520 185 29 moments
937 2519 37 30 of
997 2520 153 36 deepest

203 2566 139 38 feeling
376 2569 46 28 do
456 2577 55 22 we
547 2571 66 28 not
645 2570 89 30 take
762 2570 131 37 refuge
927 2572 38 29 in
998 2571 152 37 silence,

203 2618 152 37 feeling,
379 2618 28 30 if
427 2628 56 22 we
507 2621 46 29 do
577 2623 66 28 not
666 2630 78 28 say,
769 2624 21 14 44
808 2624 11 27 I
844 2631 66 22 can
940 2625 66 28 not
1030 2626 68 34 put
1122 2625 30 28 it

203 2671 80 29 into
319 2672 123 30 words
494 2672 17 30 ?
550 2679 44 25 &
609 2673 87 31 This
718 2674 159 37 volume,
910 2676 120 29 which
1073 2676 77 29 also

204 2723 170 29 contains
396 2730 104 24 some
525 2725 98 36 grim
647 2724 175 32 sketches
845 2726 39 30 of
900 2728 157 32 Russian
1074 2727 76 36 life,

205 2775 30 29 is
259 2773 82 32 well
365 2776 164 35 printed,
553 2776 169 37 showing
746 2776 139 32 careful
908 2780 71 28 and
1005 2780 146 28 artistic

204 2825 105 30 work
324 2834 48 21 on
388 2827 65 30 the
476 2829 86 34 part
577 2827 38 30 of
630 2828 64 30 the
718 2829 227 31 Publishers.
962 2837 45 25 &

1026 2831 123 29 D.N.L.

205 2895 184 39 BOOKS,
405 2897 273 38 JOURNALS
710 2899 106 30 AND
847 2900 304 35 MAGAZINES

208 2947 272 35 RECEIVED
602 2957 43 25 z?
770 2958 44 24 z?
939 2959 43 24 &

206 2998 331 41 Shakespearean
560 3001 333 40 Representation
931 3004 51 37 by
1022 3005 128 36 Percy

205 3050 246 38 Fitzgerald.
475 3052 131 37 (Eliot
630 3052 154 40 StockJ.
1106 3063 44 24 /z>

251 3102 81 32 The
355 3102 141 32 Studio
577 3106 164 29 London.
785 3113 44 24 &
875 3107 20 17 »
931 3106 79 31 The
1054 3108 94 30 New

210 3153 109 31 York
334 3154 207 32 Dramatic
558 3155 160 39 Mirror,
745 3159 86 30 New
851 3159 97 30 York
1070 3160 80 29 The

203 3205 79 31 Era
305 3207 22 14 44
365 3208 87 30 East
488 3209 157 29 Aurora.
682 3210 87 30 New
806 3210 112 31 York.
1092 3211 56 34 La

205 3257 173 31 Balance
401 3261 22 13 44
448 3261 172 29 Moscow.
645 3268 43 24 &
756 3262 75 30 Die
849 3261 264 33 Schanhuhne
1125 3265 22 14 44

205 3309 136 30 Berlin.
363 3316 44 24 JZ?
473 3311 56 33 La
546 3311 164 31 Rivista
729 3312 184 32 Teatrale
929 3315 22 15 44
970 3314 177 30 Florence

203 3365 44 25 &
334 3361 37 28 II
407 3361 139 31 Teatro
583 3361 209 34 Illnstrato
847 3367 21 13 44
923 3366 126 30 Milan.
1103 3374 44 24 JZ>

203 3417 43 25 &
313 3412 56 34 La
394 3413 162 31 Rivista
579 3414 198 32 Musicale
802 3418 20 13 44
840 3417 125 31 Turin.
1094 3419 54 33 Le

206 3462 162 33 Temoin
405 3487 21 14 „
466 3466 113 30 Paris.
698 3468 20 16 »
757 3467 79 32 Ord
878 3469 71 30 och
986 3470 95 30 Bild
1125 3473 21 13 44

202 3516 227 30 Stockholm.
577 3518 266 33 Skodebanan
868 3523 21 14 44
919 3522 227 31 Stockholm,

258 3568 130 38 Argus
425 3591 21 14 „
485 3570 243 38 Helsingfors.
841 3574 20 16 »
894 3573 178 33 Szinhaz
1105 3584 42 21 es

202 3619 92 35 Elet
306 3642 23 15 „
344 3621 197 36 Budapest.
557 3629 44 25 &
619 3623 20 16 »
655 3624 49 30 Us
718 3624 180 32 Szeinile
911 3628 21 14 44
948 3628 197 35 Budapest.

1214 777 489 74 FOREIGN
1800 777 353 68 NOTES

1213 900 442 48 LONDON

1212 974 103 49 Tpbe
1359 976 244 36 proceedings
1641 974 38 30 of
1713 976 65 29 the
1810 976 166 35 meeting
2021 974 37 30 of
2093 976 64 29 the

1229 1021 19 18 *
1269 1025 254 38 Shakespeare
1547 1027 192 31 Memorial
1765 1027 223 31 Committee
2026 1028 39 28 at
2094 1027 63 30 the

1214 1079 155 35 Lyceum
1395 1086 47 22 on
1465 1080 85 35 May
1572 1080 82 34 19th
1679 1086 100 24 were
1804 1079 276 30 characterised
2112 1080 47 34 by

1211 1136 20 21 a
1244 1128 83 30 lack
1343 1128 37 31 of
1392 1130 201 37 simplicity
1601 1131 122 29 which
1733 1138 76 22 was
1818 1129 237 31 remarkable
2065 1137 91 22 even

1211 1180 103 29 here.
1338 1187 44 25 &
1406 1181 76 30 Our
1505 1181 173 38 inability
1700 1183 40 29 to
1764 1181 116 37 speak
1910 1181 37 30 of
1969 1183 70 29 Art
2065 1183 94 28 mat®

1211 1233 79 28 ters
1304 1232 163 30 without
1482 1232 235 31 elaboration
1736 1235 69 28 and
1830 1242 21 21 a
1874 1234 149 29 studied
2049 1234 110 29 snob*

1213 1284 88 37 bery
1324 1284 31 30 is
1379 1286 169 36 growing
1572 1293 103 22 more
1700 1285 153 30 marked
1879 1286 89 30 each
1995 1293 103 29 year.
2115 1291 44 25 &

1213 1335 110 29 What
1350 1336 29 28 is
1402 1336 109 30 there
1530 1337 114 29 about
1659 1338 81 34 Art,
1757 1338 116 29 about
1889 1336 270 37 Shakespeare,

1213 1387 116 30 about
1344 1387 65 29 the
1427 1387 175 36 Theatre,
1619 1388 121 30 which
1758 1389 180 29 demands
1953 1388 77 30 this
2051 1388 108 30 mock

1213 1439 147 36 gravity
1375 1439 109 29 when
1508 1448 56 21 we
1588 1440 183 30 assemble
1787 1441 179 35 together
1988 1441 40 29 to
2046 1440 114 36 speak

1213 1490 116 29 about
1351 1491 128 29 them?
1523 1492 76 29 One
1623 1491 122 30 would
1769 1491 111 30 think
1903 1492 85 29 that
2003 1493 69 29 Art
2087 1493 71 29 and

1212 1541 64 30 the
1310 1542 125 30 Muses
1465 1543 70 29 and
1567 1544 65 29 the
1663 1545 123 35 gaiety
1814 1543 37 30 of
1882 1545 148 28 nations
2060 1551 99 22 were

1213 1593 145 30 themes
1375 1595 39 28 to
1431 1596 58 28 set
1505 1595 64 30 the
1587 1596 109 29 heart
1719 1595 101 30 loose
1845 1596 69 29 and
1934 1595 107 30 make
2056 1604 42 21 us
2111 1595 48 30 all

1215 1644 133 37 clever,
1372 1648 108 34 witty
1503 1648 71 27 and
1600 1647 132 36 happy.
1779 1648 65 29 We
1866 1646 110 31 know
1992 1648 85 36 why
2093 1649 68 28 Art

1214 1704 102 22 came
1348 1698 78 29 into
1462 1698 255 37 existence,....
1750 1700 68 28 but
1839 1700 64 28 the
1933 1700 165 35 meeting
2122 1700 39 28 at

1213 1749 64 29 the
1303 1750 158 35 Lyceum
1487 1751 106 29 made
1612 1758 41 22 us
1669 1750 111 30 think
1797 1759 56 21 we
1870 1752 59 28 did
1949 1752 67 28 not
2039 1750 121 30 know.

1215 1800 64 29 We
1303 1808 99 22 were
1426 1802 106 29 made
1556 1803 39 28 to
1619 1801 72 31 feel
1715 1802 85 30 that
1815 1804 69 28 Art
1907 1802 120 37 ought
2047 1809 114 23 never

1214 1853 38 27 to
1277 1853 43 28 be
1345 1854 215 28 mentioned
1586 1855 131 34 except
1733 1855 92 29 with
1848 1855 65 29 the
1937 1855 223 35 permission

1216 1902 36 31 of
1274 1905 58 28 Mr
1348 1903 135 32 Pinero
1505 1906 72 29 and
1601 1914 20 21 a
1644 1905 71 30 few
1740 1906 110 30 other
1873 1906 178 37 ordinary
2075 1913 86 29 peo=

1213 1954 71 35 pie.
1308 1962 44 25 &
1374 1957 58 28 Mr
1456 1957 133 30 Pinero
1613 1965 76 22 was
1712 1957 170 31 terrible.
1929 1959 50 28 He
2003 1959 156 29 accused

1214 2006 148 31 himself
1386 2008 36 29 of
1444 2010 263 36 representing
1730 2009 65 30 the
1820 2010 177 36 ordinary

1214 2058 98 30 tists.
1355 2060 57 28 Mr
1435 2060 107 29 Shaw
1566 2069 76 20 was
1665 2062 167 34 present.
1879 2062 58 28 Mr
1959 2061 109 30 Shaw
2085 2069 76 21 was

1214 2110 205 37 charming:
1433 2110 46 30 he
1492 2112 77 29 said
1585 2112 160 37 nothing
1762 2114 131 34 except
1908 2112 98 36 that,
2016 2112 143 37 though

1212 2161 65 30 the
1302 2161 145 36 subject
1468 2170 77 22 was
1577 2165 67 27 not
1673 2164 220 35 exhausted,
1924 2164 44 29 he
2000 2165 71 28 and
2105 2164 56 29 his

1213 2213 143 30 friends
1379 2221 112 23 were.
1538 2216 71 29 But
1633 2216 44 29 he
1702 2215 131 30 looked
1865 2216 65 29 the
1961 2215 87 37 only
2075 2223 86 22 man

1214 2265 108 30 there
1352 2265 83 30 who
1467 2267 106 29 could
1607 2274 113 23 never
1751 2269 63 35 get
1844 2268 219 29 exhausted.
2110 2269 51 28 He

1214 2316 131 31 looked
1364 2319 181 34 prepared
1569 2320 40 27 to
1633 2321 128 34 accept
1776 2326 73 30 any
1866 2319 195 35 handicap.
2104 2320 58 28 Mr

1215 2368 134 30 Pinero
1372 2377 76 22 was
1471 2370 102 29 what
1595 2378 56 22 we
1675 2370 132 30 should
1825 2371 169 30 describe
2012 2378 39 22 as
2067 2372 92 29 dead

1216 2421 96 29 beat.
1358 2421 51 29 He
1433 2422 106 29 made
1563 2429 20 21 a
1607 2421 142 37 gallant
1769 2423 163 35 attempt
1953 2424 40 27 to
2018 2423 141 28 remain

1216 2470 163 31 cheerful
1397 2472 109 30 while
1524 2473 46 29 he
1588 2474 155 29 sneered
1762 2474 38 28 at
1824 2472 48 31 all
1888 2474 129 35 things
2040 2473 121 29 which

1214 2530 98 22 were
1350 2525 116 29 above
1503 2524 64 30 the
1606 2526 188 35 ordinary.
1853 2526 52 28 He
1942 2526 76 28 said
2058 2532 102 22 some

1215 2577 234 35 patronising
1472 2577 127 36 things
1622 2578 116 29 about
1760 2577 63 29 the
1848 2577 74 30 late
1947 2578 58 29 Sir
2036 2578 125 35 Henry

1216 2629 123 35 Irving
1362 2629 71 29 and
1458 2630 181 35 managed
1663 2631 39 27 to
1733 2629 115 36 speak
1871 2631 58 27 Mr
1953 2629 206 31 Beerbohni

1216 2678 92 30 Tree
1334 2678 83 31 fair.
1463 2678 73 31 The
1574 2679 114 30 effort
1710 2683 40 26 to
1788 2682 90 28 turn
1912 2681 76 29 this
2025 2680 135 30 double

1216 2730 266 30 summersault
1505 2738 76 23 was
1604 2731 144 37 visible,
1773 2733 132 30 &We
1930 2733 60 28 did
2016 2733 66 28 not
2099 2739 60 22 see

1216 2781 122 30 either
1360 2782 57 29 Mr
1431 2783 40 28 H.
1489 2782 38 30 B.
1543 2783 123 36 Irving
1690 2791 42 21 or
1748 2784 58 29 Mr
1824 2784 188 30 Laurence
2038 2784 122 35 Irving

1214 2834 40 28 at
1275 2833 66 29 the
1364 2834 179 36 meeting,
1557 2836 109 28 ...and
1693 2836 88 28 Miss
1806 2834 102 31 Ellen
1940 2834 114 37 Terry
2085 2842 75 22 was

1216 2885 141 36 hiding,
1380 2885 28 29 if
1430 2886 66 30 she
1519 2894 76 22 was
1618 2886 109 30 there
1751 2888 39 28 at
1813 2886 59 30 all.
2116 2892 43 25 &

1214 2935 75 31 The
1313 2937 171 29 National
1508 2937 160 31 Theatre
1691 2938 78 30 will
1793 2940 44 28 be
1867 2939 92 29 with
1990 2946 43 22 us
2056 2945 103 28 soon,

1214 2989 70 28 and
1309 2989 163 36 possibly
1506 2997 101 22 some
1633 2998 102 22 more
1769 2991 177 36 ordinary
1977 2990 114 37 plays.
2115 2996 43 24 &

1215 3039 72 30 But
1299 3041 185 36 anything
1502 3041 234 37 beautiful,...
1753 3043 181 36 anything
1948 3050 103 22 more
2067 3042 91 29 than

1214 3092 226 37 ordinary??
2115 3099 42 24 &

1215 3165 83 31 Oir
1315 3165 97 29 John
1426 3166 94 30 Hare
1534 3174 83 29 says
1634 3167 85 30 that
1732 3167 20 17 44
1765 3166 73 31 The
1852 3166 95 31 ideal
1959 3166 199 30 theatrical

1277 3217 21 14 44
1317 3224 177 30 manager
1506 3218 132 30 should
1649 3226 146 29 possess
1807 3220 66 29 the
1885 3219 115 30 finest
2013 3220 146 29 artistic

1212 3270 21 13 44
1248 3268 197 37 judgment
1458 3271 162 29 without
1633 3272 209 35 exercising
1854 3272 57 29 his
1920 3272 237 36 prerogative

1212 3321 21 13 44
1252 3319 37 30 of
1312 3323 203 35 appearing
1545 3324 40 27 at
1613 3323 64 29 the
1709 3323 93 29 head
1828 3322 37 29 of
1891 3323 57 29 his
1978 3330 179 29 company

1211 3373 24 15 44
1258 3379 47 22 on
1328 3373 65 30 the
1416 3374 118 36 stage.
1771 3381 43 24 &

1973 3375 37 32 R.
2034 3375 36 28 S.

1211 3443 478 53 FLORENCE

1211 3527 104 31 'TMte
1339 3530 120 30 whole
1494 3532 75 35 city
1592 3531 30 29 is
1655 3539 21 21 a
1710 3532 104 36 stage
1850 3532 179 29 mounted
2065 3531 90 29 with

1272 3588 129 24 scenes
1424 3581 37 30 of
1484 3582 210 35 loveliness,
1714 3584 64 29 the
1802 3584 120 29 whole
1939 3583 215 36 population

1212 3640 62 22 are
1301 3634 49 29 its
1380 3636 138 35 actors,
1548 3635 100 30 their
1678 3643 112 29 songs
1821 3637 70 29 and
1923 3636 231 29 movements

1212 3686 49 28 its
1285 3685 109 30 noble
1418 3688 71 28 and
1521 3687 158 31 delicate
1713 3689 147 29 Drama.
1905 3687 29 29 It
1963 3686 122 30 would
2111 3688 43 28 be

1211 3735 89 39 folly
1322 3739 40 28 to
1396 3746 46 29 go
1475 3740 80 28 into
1587 3748 19 21 a
1639 3740 151 30 theatre
1816 3742 40 27 to
1890 3737 85 31 look
2007 3737 60 31 for
2089 3739 64 29 the

1212 3789 93 30 least
1329 3789 99 31 little
1453 3791 81 30 hint
1559 3791 37 30 of
1617 3792 64 30 the
1707 3793 95 37 body
1826 3799 41 22 or
1891 3789 79 32 soul
1996 3789 37 31 of
2049 3789 102 38 Italy.
