2354 4045
2115 190 43 38 87

186 257 276 35 D'AnnunzicFs
479 260 21 16 44
517 261 48 29 La
581 261 96 29 Nave
729 267 77 22 was
820 259 212 37 performed
1050 261 86 29 here

185 308 127 40 lately.
373 311 74 31 The
489 311 122 31 words
648 310 38 30 of
722 310 63 30 the
823 310 84 38 play
945 318 64 23 are
1047 318 90 30 very

186 362 202 37 beautiful;
412 363 65 30 the
500 362 138 37 acting,
662 368 158 30 scenery
842 363 71 28 and
948 364 188 29 costumes

185 415 83 30 rich
291 416 71 29 and
387 415 180 37 gaudy;...
590 413 80 36 (the
694 412 150 38 apparel
863 412 56 32 oft
939 414 200 36 proclaims

186 466 66 31 the
269 466 117 37 man):
409 466 67 30 the
492 464 119 30 whole
628 464 111 37 thing
755 473 71 23 one
839 468 85 28 vast
941 466 197 32 confusion

186 526 90 30 very
292 517 280 31 characteristic
589 515 38 31 of
642 516 65 30 the
724 517 227 31 nineteenth
975 520 163 36 century

188 571 66 29 but
278 570 65 29 not
366 568 201 36 belonging
590 569 40 29 to
653 569 66 30 the
742 570 205 30 twentieth
964 572 173 37 century.

187 622 73 29 The
283 622 105 35 stage
411 619 103 30 show
538 620 195 31 reminded
753 630 57 21 me
835 621 37 31 of
892 623 65 29 the
975 624 161 30 German

185 673 70 30 and
274 670 151 38 English
441 672 246 36 productions
705 673 37 30 of
761 675 146 37 twenty
929 683 110 28 years
1056 684 80 29 ago.

186 723 245 37 Everywhere
455 731 71 23 one
550 732 82 23 sees
656 727 182 30 evidence
855 726 38 31 of
908 735 21 22 a
946 727 191 31 laborious

183 776 71 29 and
268 776 214 35 passionate
492 777 177 30 research
681 777 60 31 for
750 778 136 31 details
896 779 38 30 of
945 780 191 31 historical

184 828 233 36 inaccuracy.
463 829 31 29 It
527 837 76 22 was
636 837 41 23 as
713 830 147 38 though
894 840 20 21 a
948 831 128 32 dealer
1100 834 36 29 in

183 879 188 30 imitation
418 879 151 39 objects
599 880 35 31 cV
653 884 62 27 ait
743 883 71 30 had
848 884 93 30 been
981 884 154 31 allowed

181 932 40 28 to
244 932 165 35 produce
426 932 65 31 the
514 932 136 39 play..,,
669 934 58 30 old
748 934 129 37 books,
895 935 58 30 old
980 944 157 30 crosses,

182 983 58 30 old
264 982 108 39 flags,
411 984 59 30 old
506 986 145 36 mitres,
676 986 58 30 old
774 988 122 35 shoes,
931 987 58 31 old
1023 990 115 29 ideas.

180 1035 98 37 Still,
295 1037 65 29 the
378 1038 123 29 words
517 1045 101 23 were
644 1038 196 31 beautiful.
887 1040 112 31 What
1021 1049 21 21 a
1058 1042 80 36 pity

180 1089 40 28 to
258 1087 94 37 spoil
401 1089 102 29 them
542 1089 78 35 just
666 1089 60 31 for
773 1091 64 29 the
874 1091 90 31 sake
1009 1092 38 30 of
1090 1101 47 23 an

181 1140 355 31 advertisement!...
575 1149 46 22 an
660 1143 300 31 advertisement
999 1144 37 30 of
1072 1145 66 30 the

181 1190 98 31 book
303 1191 37 30 of
362 1193 65 29 the
451 1194 134 29 words.
1095 1203 44 25 &

223 1244 173 31 Gabriele
422 1244 262 34 D'Annunzio!
703 1248 111 29 What
830 1256 21 21 a
867 1249 80 36 pity
961 1249 29 29 it
1007 1250 30 29 is
1054 1250 85 29 that

181 1296 77 30 this
281 1297 109 36 angel
423 1298 103 29 voice
553 1298 64 30 has
646 1299 159 37 nothing
835 1301 40 28 to
900 1308 197 23 announce

181 1349 131 29 writes
336 1357 20 21 a
378 1348 124 31 friend
527 1351 40 28 to
591 1358 58 23 me
741 1351 11 29 1
776 1352 155 31 wonder
954 1352 27 31 if
1003 1353 77 30 this
1108 1355 30 28 is

182 1401 104 34 quite
309 1400 97 31 fair?
430 1402 29 30 it
482 1402 123 30 would
631 1404 43 29 be
715 1404 205 30 ridiculous
939 1405 27 30 if
994 1407 29 28 it
1038 1414 100 22 were

181 1453 66 30 the
270 1454 196 30 truth....Is
490 1454 60 30 it?
705 1462 43 24 &

1045 1460 32 28 J.
1101 1460 35 28 S.

185 1513 422 48 BUDAPEST

182 1586 106 54 Tphe
311 1589 217 37 Hungarian
546 1589 161 31 Theatre
733 1592 65 29 has
815 1593 129 28 shown
960 1594 102 36 signs
1079 1593 59 30 for

255 1648 20 22 a
298 1639 72 31 few
388 1648 110 30 years
522 1642 38 29 of
582 1644 175 29 renewed
783 1642 77 31 life.
886 1646 30 27 It
941 1646 130 36 begins
1098 1647 38 29 to

183 1691 116 31 break
322 1701 105 28 away
450 1693 96 29 from
571 1694 66 30 the
664 1695 221 30 traditional
903 1696 234 38 artificiality

182 1743 121 30 which
314 1745 184 35 degrades
511 1745 66 29 the
588 1747 155 28 modern
756 1746 194 37 European
963 1748 173 31 Theatre.

183 1794 73 31 The
280 1797 99 28 most
403 1797 121 29 active
548 1797 127 30 leader
699 1797 38 30 of
759 1799 77 28 this
860 1802 215 28 movement
1100 1802 36 27 in

182 1847 189 36 Budapest
388 1849 31 29 is
432 1847 212 32 Alexander
658 1850 146 36 Hevesi,
821 1851 96 34 who,
933 1850 75 31 like
1026 1860 110 29 many

182 1899 36 30 of
230 1900 108 29 those
357 1908 83 22 now
453 1900 173 38 working
639 1903 39 28 to
697 1903 126 29 create
833 1910 21 23 a
869 1910 81 23 new
962 1903 173 38 Theatre,

183 1952 65 30 has
272 1953 132 29 served
431 1953 56 30 his
510 1954 304 36 apprenticeship
839 1956 121 29 under
987 1956 64 30 the
1076 1957 58 29 old

181 2005 157 36 regime,
362 2004 88 37 only
472 2004 132 38 finally
628 2007 216 36 discarding
865 2008 29 28 it
927 2009 36 28 in
988 2009 148 35 despair

183 2055 37 30 of
242 2056 123 30 either
395 2058 172 36 reviving
596 2058 86 29 that
711 2058 151 30 theatre
893 2066 43 22 or
967 2061 170 36 creating

183 2108 36 28 in
244 2108 43 35 it,
310 2108 38 29 in
372 2109 49 28 its
444 2111 155 34 present
621 2110 113 35 state,
757 2118 73 29 any
867 2111 106 30 work
997 2111 38 30 of
1063 2114 73 28 art.

184 2161 133 29 Hevesi
346 2168 76 22 was
452 2162 114 35 Stage
597 2162 180 36 Manager
800 2162 38 30 of
867 2163 66 29 the
964 2164 172 30 National

183 2211 161 31 Theatre
366 2211 60 31 for
459 2211 74 31 five
567 2220 121 29 years.
795 2214 211 31 Convinced
1047 2216 89 29 both

182 2263 219 37 practically
445 2265 71 29 and
555 2264 265 38 theoretically
857 2267 84 29 that
978 2267 159 38 nothing

183 2316 148 29 artistic
355 2315 107 30 could
489 2317 43 28 be
557 2317 189 35 produced
766 2319 36 28 in
826 2318 65 29 the
909 2318 58 30 old
985 2319 151 31 theatre

183 2368 45 29 he
251 2368 93 30 then
360 2367 179 37 founded,
553 2369 94 29 with
670 2369 65 30 the
753 2371 204 30 assistance
976 2371 37 30 of
1035 2380 102 22 some

181 2428 128 29 young
332 2420 159 36 literary
515 2428 98 29 men,
632 2429 20 22 a
669 2422 105 36 stage
792 2423 142 36 society
958 2425 39 27 to
1014 2424 122 29 which

184 2474 45 29 he
254 2480 92 29 gave
369 2473 66 29 the
460 2481 109 22 name
593 2472 38 30 of
654 2475 22 13 44
695 2474 74 29 The
789 2474 127 30 Thalia
939 2476 149 36 Society

184 2525 86 30 This
292 2526 164 35 Society,
480 2526 122 29 which
625 2534 76 21 was
734 2528 66 28 not
832 2529 236 29 commercial
1100 2530 37 27 in

184 2578 49 29 its
256 2578 106 35 aims,
381 2578 206 30 numbered
606 2585 137 30 among
757 2580 49 28 its
824 2580 186 29 members
1028 2589 110 29 many

184 2629 203 29 ambitious
405 2630 70 28 and
493 2629 170 31 talented
680 2638 129 29 young
826 2632 136 35 actors,
987 2634 150 28 writers

184 2681 71 29 and
314 2681 182 36 painters,
552 2682 71 29 and
672 2682 65 30 the
789 2682 103 37 plays
934 2686 202 35 produced,

183 2733 255 35 unhampered
465 2734 45 35 by
544 2734 198 36 tradition,
773 2742 100 22 were
903 2735 125 30 works
1056 2736 38 30 of
1117 2745 20 21 a

182 2785 90 36 high
296 2785 125 30 order.
513 2785 50 30 TO
586 2785 66 30 the
670 2787 22 16 4#
710 2786 129 30 Thalia
854 2788 150 36 Society
1061 2796 75 22 was

183 2837 71 29 due
268 2836 64 30 the
345 2836 88 30 first
447 2844 148 23 success
605 2836 37 31 of
656 2838 106 30 Ibsen
777 2846 47 21 on
839 2839 64 30 the
918 2840 217 36 Hungarian

181 2890 118 34 stage.
1090 2899 44 24 &

183 2942 132 28 Hevesi
338 2949 76 21 was
438 2943 39 27 at
513 2940 87 31 first
624 2950 20 20 a
670 2942 151 32 Realist.
854 2945 51 27 He
941 2945 150 29 became
1116 2954 20 20 a

184 2992 139 33 Realist
353 2992 72 30 less
454 2992 98 30 from
576 2995 212 28 conviction
812 2996 93 29 than
934 2999 199 35 necessity,

182 3045 71 29 and
279 3044 64 30 the
367 3046 94 28 need
485 3052 76 22 was
585 3046 39 29 to
648 3045 80 31 free
751 3047 65 30 the
840 3048 60 29 old
915 3048 218 37 Hungarian

183 3097 105 35 stage
311 3095 97 30 from
433 3097 50 29 its
499 3096 248 39 artificiality.
793 3098 75 31 The
887 3100 112 37 study
1016 3100 37 31 of
1068 3102 65 29 the

182 3148 155 35 antique
361 3147 173 36 Theatre,
559 3149 64 29 the
648 3149 180 32 Theatres
852 3151 37 30 of
919 3153 116 35 Japan
1060 3156 71 27 and

183 3199 115 35 India,
336 3200 71 28 and
445 3200 65 29 the
549 3201 144 36 history
729 3202 38 29 of
802 3203 65 30 tbe
904 3205 229 30 Marionette

183 3250 164 37 brought
371 3251 74 29 him
470 3253 38 28 to
532 3254 171 34 perceive
727 3255 85 29 that
836 3255 172 38 Realism,
1021 3257 111 30 while

181 3305 31 28 it
235 3304 31 28 is
289 3303 66 28 the
380 3304 216 37 beginning,
621 3307 30 28 is
677 3308 66 27 not
759 3307 64 30 the
840 3309 72 28 end
937 3308 37 30 of
990 3311 80 27 Art.
1087 3316 44 25 &

181 3357 52 28 He
242 3354 94 31 then
349 3356 189 34 produced
549 3357 276 34 D'Annunzio's
835 3361 22 14 44
867 3359 100 32 Citt&
977 3361 124 30 Morta

181 3409 38 28 in
237 3415 22 22 a
274 3405 116 38 freer,
415 3407 126 30 better
566 3416 168 23 manner.
780 3410 85 31 This
891 3411 43 32 he
957 3412 172 32 followed

180 3467 49 29 up
254 3460 47 36 by
325 3458 168 30 Gerhard
519 3460 271 37 Hauptmann's
814 3464 22 14 44
852 3463 88 37 Elga
1008 3465 122 30 which

181 3519 77 23 was
283 3512 245 35 represented
553 3511 73 32 like
651 3521 21 23 a
696 3516 140 29 dream.

178 3565 109 29 Since
303 3563 78 31 this
396 3565 88 28 note
501 3571 77 23 was
600 3566 154 30 written
778 3567 73 31 less
875 3571 256 35 encouraging

180 3624 102 22 news
318 3615 39 30 of
393 3615 65 30 the
500 3618 23 15 44
541 3615 126 33 Thalia
931 3622 66 30 has
1035 3624 94 29 been

178 3669 184 30 received,
435 3669 55 28 An
505 3670 112 28 order
628 3669 96 32 from
737 3672 66 30 the
818 3672 97 31 chief
929 3673 199 32 Constable

179 3719 37 31 of
238 3721 189 36 Budapest
450 3721 67 29 has
540 3723 184 36 arrested,
741 3724 161 37 perhaps
920 3725 126 38 killed,
1062 3726 65 30 the

178 3773 156 38 activity
357 3772 37 31 of
416 3772 65 31 the
506 3774 21 15 44
546 3773 127 32 Thalia
696 3775 149 38 Society
908 3777 122 31 which
1063 3780 64 29 has

1204 262 96 31 don
1318 264 65 30 the
1394 268 99 29 most
1505 268 96 31 idea!
1616 270 71 29 and
1700 270 99 29 most
1811 270 183 31 unselUsh
2008 273 151 31 theatre

1204 313 106 31 work
1333 316 38 29 in
1404 318 189 38 Budapest
1620 322 70 29 and
1717 323 39 28 to
1787 322 120 30 which
1940 331 63 22 are
2036 327 124 36 owing

1205 366 65 30 the
1308 370 100 28 most
1447 372 206 35 important
1691 376 133 29 events
1865 376 37 28 in
1940 376 65 29 the
2051 379 108 37 city's

1205 419 150 30 artistic
1378 420 64 31 life
1478 424 37 28 in
1550 427 132 29 recent
1718 434 122 29 years.
1950 427 75 31 The
2060 430 100 31 chief

1207 471 201 32 Constable
1433 475 171 32 declared
1623 479 66 30 the
1706 487 126 23 rooms
1848 479 38 31 of
1908 480 66 30 the
1992 482 21 14 44
2032 481 126 32 Thalia

1204 524 150 38 Society
1418 526 214 38 dangerous
1656 532 37 29 In
1717 532 66 31 the
1808 534 113 30 event
1937 532 38 32 of
1996 533 73 31 fire
2085 536 71 29 and

1204 575 115 31 found
1335 578 111 29 other
1460 586 128 24 means
1602 581 37 30 of
1651 585 234 38 restraining
1897 586 66 30 the
1976 586 182 37 Society's

1203 628 107 30 work
1334 631 242 35 everywhere
1601 635 69 28 and
1697 636 37 28 in
1759 644 114 30 every
1895 646 94 29 way.

1204 679 55 30 AH
1297 681 84 30 who
1419 684 88 28 read
1553 684 79 30 this
1668 693 115 30 paper
1826 689 76 31 will
1940 691 127 36 surely
2115 692 42 29 be

1205 732 216 32 astonished
1437 734 85 30 that
1535 736 90 29 such
1637 737 130 38 things
1784 741 130 31 should
1935 743 44 30 be
1996 743 160 34 possible

1204 784 38 28 in
1256 791 72 23 one
1341 784 38 30 of
1391 785 65 31 the
1471 787 156 36 capitals
1644 788 38 30 of
1695 790 165 38 Europe;
1877 794 85 30 that
1978 795 29 29 it
2023 795 131 31 should

1206 837 43 28 be
1273 838 162 34 possible
1460 840 40 28 to
1523 847 149 30 repress
1689 844 71 27 and
1787 842 64 31 kill
1880 846 36 29 In
1934 847 76 29 this
2032 847 124 31 brutal

1205 896 158 23 manner
1387 898 40 22 so
1449 889 229 40 flourishing
1702 902 20 20 a
1744 895 119 30 work.
2114 907 43 24 &

1206 940 119 38 Every
1348 943 163 36 attempt
1542 944 37 30 of
1605 945 65 30 the
1701 947 21 13 44
1741 946 128 32 Thalia
1898 950 150 38 Society

1205 1000 159 27 procure
1399 1003 20 20 a
1453 1003 104 22 room
1585 997 66 29 has
1690 1000 138 33 proved
1867 1001 36 29 in
1929 1002 105 36 vain;
2068 1004 89 35 they

1206 1045 106 30 could
1353 1047 176 31 nowhere
1564 1051 65 34 get
1676 1052 223 33 permission
1941 1055 70 29 and
2057 1063 100 23 were

1204 1096 126 31 forced
1354 1099 40 29 to
1418 1102 146 28 remain
1588 1102 178 30 inactive.
1942 1112 45 24 &
2114 1114 43 25 &

1206 1149 164 37 Perhaps
1394 1153 31 27 it
1459 1153 30 28 is
1512 1153 85 30 that
1632 1155 111 30 other
1778 1155 179 32 Theatres
1987 1157 82 31 fear
2093 1160 64 29 the

1206 1204 243 35 competition
1464 1204 17 29 ?
1526 1205 165 37 Perhaps
1718 1207 66 31 the
1820 1209 156 37 activity
2011 1210 37 30 of
2081 1211 76 31 this

1202 1254 79 31 fine
1294 1256 213 36 enterprise
1526 1257 149 32 clashed
1690 1260 93 30 with
1799 1268 103 23 some
1921 1263 235 31 commercial

1204 1308 193 30 interest?
1432 1309 86 29 This
1562 1312 31 27 is
1639 1313 66 28 not
1749 1312 87 38 only
1884 1313 161 35 possible
2091 1316 67 29 but

1204 1359 177 36 probable
1406 1362 70 28 and
1502 1362 65 30 the
1584 1362 125 37 public
1726 1364 120 30 which
1864 1365 201 32 welcomed
2084 1369 70 28 and

1206 1413 140 29 needed
1358 1412 64 31 the
1436 1413 106 31 work
1552 1414 38 30 of
1601 1415 66 31 the
1680 1417 150 37 Society
1844 1418 30 29 is
1886 1426 82 21 now
1980 1419 174 35 deprived

1204 1463 38 30 of
1265 1465 48 29 its
1337 1466 149 30 artistic
1508 1466 231 38 enjoyment.

1205 1517 98 29 Have
1354 1517 65 31 the
1465 1519 111 30 other
1619 1520 171 30 theatres
1832 1523 72 28 and
1950 1523 64 29 the
2062 1524 97 30 chief

1205 1569 200 30 Constable
1437 1569 37 30 of
1505 1572 189 35 Budapest
1722 1573 66 29 the
1813 1581 160 30 courage
1997 1577 39 28 to
2069 1577 88 29 bear

1203 1620 65 30 the
1291 1623 284 37 responsibility
1597 1623 59 30 for
1687 1626 162 36 robbing
1874 1627 66 29 the
1970 1627 126 35 public
2119 1628 38 30 of

1204 1673 48 28 its
1275 1673 150 37 rights?
1470 1675 111 30 What
1597 1684 68 21 can
1681 1677 92 37 they
1789 1679 46 28 do
1856 1679 39 29 to
1914 1682 239 33 compensate

1202 1724 132 29 them?
1378 1726 222 38 Something
1615 1728 75 30 will
1715 1729 93 30 have
1826 1731 39 28 to
1884 1731 44 29 be
1953 1731 109 30 done.
2084 1733 72 29 But

1204 1775 125 30 what?
1375 1776 93 30 That
1491 1779 31 28 is
1538 1778 64 29 the
1627 1781 187 34 question.

2029 1783 38 28 P.

1202 1858 428 54 BERLIN

1264 1953 58 29 old
1363 1954 180 36 nights,...
1583 1955 79 30 Full
1688 1957 156 30 Houses.
1890 1957 85 31 This
2013 1961 30 28 is
2088 1961 63 29 the

1521 2007 86 37 why
1629 2008 109 29 there
1756 2016 120 23 seems
1893 2012 39 27 to
1957 2011 44 30 be
2021 2020 45 21 no
2084 2014 70 28 end

1201 2058 40 28 to
1265 2058 66 29 the
1355 2065 146 23 season.
2112 2072 44 24 &

1202 2110 48 28 At
1279 2110 65 29 the
1373 2110 113 36 Royal
1504 2111 121 36 Opera
1641 2113 22 13 44
1681 2114 170 29 Madame
1879 2114 189 38 Butterfly
2125 2117 30 28 is

1202 2161 223 37 apparently
1448 2164 138 36 paying
1603 2164 68 29 her
1693 2163 169 32 farewell
1881 2166 108 37 calls;
2004 2168 40 29 at
2060 2167 95 32 least

1202 2213 66 30 she
1286 2216 184 34 appeared
1496 2215 86 36 only
1599 2223 91 23 once
1708 2218 138 37 during
1863 2218 73 30 last
1952 2219 106 31 week
2082 2222 71 28 and

1203 2267 30 28 is
1258 2273 46 22 no
1329 2265 131 37 longer
1484 2267 131 29 visible
1641 2268 36 28 in
1701 2268 65 30 the
1790 2272 213 34 repertoire
2018 2271 59 30 for
2091 2273 63 29 the

1204 2319 148 35 coming
1376 2326 83 21 one.
2110 2330 44 24 &

1203 2371 47 27 At
1303 2369 65 29 the
1418 2371 112 35 Royal
1582 2371 217 37 Schauspiel
1853 2374 301 31 Wildenbruch's

1203 2422 22 13 44
1238 2421 311 32 Rabensteinerin
1597 2423 30 29 is
1641 2423 76 30 still
1732 2425 112 36 being
1855 2425 212 36 performed
2077 2428 77 29 this

1202 2472 107 30 week
1331 2474 72 28 and
1428 2475 30 27 is
1475 2476 221 29 announced
1715 2477 110 35 again
1848 2476 59 31 for
1930 2480 88 29 next
2035 2479 117 30 week.

1204 2524 174 31 Lindane
1402 2524 96 38 play,
1523 2528 21 13 44
1564 2526 65 32 Ein
1649 2527 126 37 Erfolg
1829 2531 29 28 is
1876 2530 77 30 still
1971 2532 181 37 drawing.

1203 2578 46 28 At
1272 2576 64 30 the
1362 2578 187 30 Oeutches
1573 2578 161 31 Theatre
1759 2582 22 14 44
1799 2583 47 28 As
1872 2583 77 29 You
1976 2583 87 32 Like
2082 2585 32 30 It

1203 2630 29 28 is
1256 2629 77 29 still
1349 2628 234 38 alternating
1598 2631 92 30 with
1715 2633 21 14 44
1756 2632 136 33 Romeo
1910 2636 71 27 and

1202 2681 71 29 and
1305 2680 190 31 Schiller's
1526 2683 22 13 44
1566 2682 65 30 Die
1658 2684 146 32 Rauber
1867 2687 71 28 and
1970 2687 66 30 the
2064 2687 88 31 first

1204 2733 106 35 night
1334 2732 37 30 of
1403 2733 65 30 the
1504 2740 82 23 new
1610 2735 85 36 play
1719 2736 22 14 44
1760 2735 138 38 Ulrich,
1937 2738 112 30 Furst
2078 2748 71 21 von

1203 2783 175 32 Waldeck
1441 2787 31 28 is
1504 2787 108 29 much
1644 2786 133 31 looked
1808 2787 162 32 forward
2004 2792 51 28 to.
2101 2792 49 29 Its

1201 2837 150 34 author,
1383 2837 223 38 Eulenberg,
1632 2841 30 28 is
1693 2847 19 22 a
1735 2847 127 30 young
1893 2849 85 22 man
2008 2843 83 30 who
2120 2845 30 29 is

1199 2890 164 29 familiar
1379 2890 91 29 with
1486 2891 66 29 the
1576 2891 164 30 theatre.
1787 2893 45 28 As
1849 2895 39 28 to
1914 2894 64 30 the
2002 2903 147 23 success

1201 2941 36 30 of
1259 2943 66 29 the
1349 2942 96 38 play,
1470 2943 171 36 opinions
1664 2952 104 29 vary.
2105 2956 44 24 &

1199 2997 48 28 At
1289 2996 66 29 the
1408 2996 288 36 Kammerspiele
1743 2999 21 14 44
1797 2999 207 35 Lysistrata
2103 3003 47 34 by

1199 3048 282 37 Aristophanes,
1496 3048 164 37 brought
1674 3057 47 28 up
1735 3051 39 28 to
1789 3051 87 30 date
1886 3053 71 28 and
1972 3053 175 31 trimmed

1198 3102 92 29 with
1309 3108 82 22 new
1408 3107 189 29 manners,
1615 3100 76 30 still
1710 3103 210 30 continues.
1938 3103 98 38 Alas,
2049 3113 100 23 were

1199 3155 66 29 not
1288 3154 64 29 the
1377 3152 58 30 old
1461 3160 177 23 manners
1663 3154 127 30 better

1197 3208 49 28 At
1260 3206 66 30 the
1345 3206 153 35 Lessing
1514 3204 161 31 Theatre
1692 3213 70 22 one
1780 3208 30 28 is
1834 3207 78 30 still
1929 3210 218 30 astonished

1197 3260 39 28 to
1255 3260 63 35 get
1330 3258 65 30 the
1462 3259 101 33 Raub
1582 3259 66 29 der
1663 3259 278 30 Sabinerinnen
2001 3262 145 30 instead

1197 3311 37 29 of
1255 3311 66 29 the
1345 3312 237 28 accustomed
1608 3310 202 37 tragedies.
1855 3312 48 28 At
1926 3312 64 30 the
2020 3313 127 31 Kleine

1197 3363 162 29 Theatre
1383 3363 65 30 the
1472 3363 85 36 play
1575 3364 46 35 by
1637 3363 65 29 the
1720 3363 138 29 Danish
1876 3364 150 37 author,
2044 3366 103 37 Abel,

1197 3417 21 15 44
1234 3424 21 20 2
1279 3424 21 20 x
1331 3424 20 20 2
1424 3416 78 28 still
1538 3416 199 29 continues
1773 3417 49 27 its
1856 3424 160 24 success.
2072 3419 75 29 The

1197 3468 151 36 general
1368 3469 196 28 character
1580 3467 38 30 of
1633 3467 66 30 the
1716 3467 126 30 Berlin
1859 3471 213 34 repertoire
2088 3471 59 29 for

1194 3519 66 30 the
1283 3519 74 30 last
1379 3519 107 31 week
1509 3520 71 29 and
1604 3519 77 30 this
1704 3520 30 28 is
1759 3527 19 22 a
1801 3519 111 39 fairly
1943 3523 93 35 good
2062 3530 83 29 one,

1196 3572 67 29 but
1288 3571 46 36 by
1358 3578 46 23 no
1429 3578 130 23 means
1576 3578 49 28 up
1641 3572 40 28 to
1698 3571 64 30 the
1781 3572 106 30 usual
1905 3573 88 37 high
2011 3576 131 28 record

1195 3623 37 30 of
1267 3624 139 34 Berlin,
1436 3623 261 36 Shakespeare
1729 3624 110 36 being
1870 3626 110 36 given
2010 3625 134 31 fifteen

1193 3677 126 33 times,
1354 3675 140 31 Hebbef
1530 3676 71 29 and
1635 3675 110 29 Shaw
1779 3677 90 28 each
1903 3676 86 31 four
2020 3679 124 35 times,

1192 3727 159 31 Schiller
1402 3728 120 36 three,
1583 3728 270 35 Aristophanes
1914 3731 54 27 six
2018 3731 125 35 times,

1195 3780 238 36 Hauptmann
1457 3782 71 29 and
1556 3780 104 30 Ibsen
1686 3779 89 31 each
1801 3787 104 24 once.
2100 3789 43 24 &
