2733 3470
621 237 45 30 70

622 313 109 30 those
751 310 122 30 which
897 310 13 30 I
933 317 99 23 seem
1054 310 41 30 to
1118 308 244 31 understand.
1404 309 80 29 And
1508 307 98 32 after
1628 309 13 29 I
1663 309 93 31 have
1789 309 109 36 given
1921 308 156 37 activity
2108 308 41 30 to
2182 307 108 31 those
2324 308 12 28 I
2368 314 159 30 suppose
2550 311 12 29 I

621 372 94 32 shall
732 374 45 29 be
792 373 202 36 permitted
1010 373 40 29 to
1067 372 176 29 continue
1259 371 39 28 to
1315 371 82 35 give
1414 371 154 36 activity
1582 372 40 29 to
1636 371 65 30 the
1717 370 75 31 like
1808 370 37 31 of
1860 372 122 35 them;
1999 371 68 30 but
2090 371 86 29 1am
2193 369 162 37 entirely
2371 372 191 30 conscious

621 435 85 30 that
727 435 90 36 they
851 435 151 30 contain
1036 434 68 29 but
1135 432 66 30 the
1223 431 169 36 simplest
1414 432 38 30 of
1472 432 226 37 rhythms....
1729 434 66 29 the
1828 434 108 36 great
1968 433 233 30 movements
2222 431 77 30 will
2333 433 66 28 not
2431 434 64 35 yet
2518 434 44 29 be

622 498 340 35 captured,no,
986 495 66 29 not
1073 494 59 30 for
1153 494 208 29 thousands
1383 493 38 30 of
1441 502 120 29 years.
1585 496 73 30 But
1679 496 109 29 when
1811 495 89 36 they
1923 503 114 27 come,
2055 495 108 36 great
2178 493 129 31 health
2326 501 122 23 comes
2470 495 91 29 with

620 559 120 37 them,
762 558 59 30 for
842 565 58 23 we
922 555 96 32 shall
1042 557 45 29 be
1110 563 134 22 nearer
1267 555 152 31 balance
1441 556 92 30 than
1555 564 56 23 we
1634 557 93 30 have
1750 564 88 23 ever
1861 558 93 29 been
1979 556 140 31 before.

621 622 14 29 I
655 620 111 31 think
788 620 84 30 that
894 618 214 31 movement
1131 625 66 23 can
1222 618 45 30 be
1290 618 147 30 divided
1460 619 81 29 into
1562 620 75 29 two
1654 620 157 29 distinct
1833 620 168 35 parts,....
2024 618 66 30 the
2112 618 216 30 movement
2349 617 39 31 of
2401 619 76 29 two
2490 618 71 30 and

619 682 86 32 four
726 681 121 31 which
868 682 32 28 is
921 681 66 29 the
1009 687 148 29 square,
1180 680 64 30 the
1268 681 213 29 movement
1503 680 37 30 of
1562 688 70 22 one
1655 682 71 29 and
1750 681 109 30 three
1881 680 122 30 which
2026 681 32 29 is
2078 681 66 28 the
2175 679 123 31 circle.
2389 679 119 30 There
2530 681 32 29 is

619 752 88 23 ever
727 743 86 30 that
834 742 121 30 which
978 742 31 29 is
1032 741 202 31 masculine
1256 742 39 29 in
1317 742 66 29 the
1405 749 134 29 square
1561 743 71 29 and
1656 750 89 23 ever
1765 743 85 30 that
1871 742 121 30 which
2016 743 31 28 is
2068 742 181 29 feminine
2278 743 38 28 in
2349 742 66 29 the
2438 741 123 31 circle.

618 806 80 30 And
721 806 31 29 it
774 812 120 23 seems
916 805 39 29 to
973 811 57 23 me
1053 804 85 30 that
1161 802 125 32 before
1308 804 65 29 the
1395 802 134 32 female
1552 805 110 35 spirit
1683 806 102 35 gives
1809 803 138 32 herself
1970 811 61 28 up,
2053 804 72 28 and
2148 804 92 29 with
2266 804 66 29 the
2355 802 96 31 male
2474 811 87 30 goes

618 868 38 29 in
680 867 109 36 quest
811 865 38 31 of
869 866 76 30 this
966 867 84 29 vast
1070 867 185 35 treasure,
1277 864 145 37 perfect
1444 867 213 29 movement
1678 865 75 31 will
1777 867 67 29 not
1867 867 43 29 be
1933 865 237 35 discovered;
2192 864 61 31 for
2275 866 13 28 I
2311 865 142 30 believe
2476 866 85 29 that

618 937 40 22 as
680 928 87 37 only
788 928 65 30 the
877 928 94 30 male
995 935 67 23 can
1086 928 172 29 conceive
1281 928 71 29 and
1376 935 67 22 can
1467 927 144 30 control
1634 928 85 29 that
1740 928 120 29 which
1883 929 33 28 is
1938 927 200 30 contained
2161 927 134 30 within
2324 928 65 29 the
2411 935 149 29 square,

617 990 88 37 only
726 990 66 30 the
813 990 135 30 female
971 997 68 23 can
1063 990 168 30 discover
1251 990 85 29 that
1356 989 121 30 which
1500 990 31 30 is
1555 990 197 30 contained
1775 990 39 29 in
1840 990 66 30 the
1930 989 123 30 circle.

618 1053 14 29 1
654 1051 75 31 like
744 1054 41 28 to
807 1060 157 29 suppose
988 1052 84 30 that
1086 1052 76 29 this
1185 1053 62 28 art
1262 1051 122 30 which
1408 1051 94 30 shall
1517 1053 129 35 spring
1660 1051 96 30 from
1773 1053 213 28 movement
2001 1050 76 31 will
2100 1051 45 30 be
2168 1051 65 30 the
2258 1050 88 30 first
2375 1051 71 30 and
2469 1051 92 31 final

617 1114 117 31 Belief
750 1114 37 30 of
802 1115 65 29 the
882 1113 136 37 world;
1042 1114 71 29 and
1131 1115 12 28 1
1166 1113 75 30 like
1256 1114 39 29 to
1319 1114 126 29 dream
1467 1114 85 29 that
1573 1113 59 30 for
1653 1114 64 29 the
1740 1113 86 30 first
1834 1112 101 40 [time
1958 1115 38 28 in
2013 1114 65 29 the
2093 1112 117 31 world
2228 1121 85 22 men
2329 1114 71 28 and
2413 1121 145 22 women

616 1176 75 31 will
725 1176 150 30 achieve
897 1176 76 30 this
995 1176 109 36 thing
1125 1176 187 36 together.
1335 1182 44 24 £?
1402 1176 89 28 How
1512 1174 115 37 fresh,
1655 1175 82 29 how
1754 1175 181 29 beautiful
1959 1176 30 29 it
2010 1175 123 30 would
2158 1176 68 30 be!
2249 1182 45 24 £/
2316 1176 80 29 And
2420 1183 40 22 as
2483 1176 76 30 this

616 1240 31 29 is
669 1247 22 22 a
707 1246 81 23 new
818 1239 203 35 beginning
1043 1239 31 28 it
1103 1237 67 30 lies
1200 1237 127 30 before
1357 1245 85 22 men
1465 1238 71 29 and
1561 1237 125 30 before
1709 1245 145 22 women
1879 1237 37 30 of
1937 1238 66 29 the
2033 1239 90 28 next
2153 1238 189 29 centuries
2373 1246 40 21 as
2429 1246 21 21 a
2471 1239 85 29 vast

616 1300 220 36 possibility.
926 1299 37 30 In
987 1307 84 23 men
1094 1300 71 29 and
1188 1307 144 22 women
1355 1300 108 29 there
1487 1300 31 28 is
1540 1307 21 21 a
1582 1298 59 30 far
1663 1300 151 35 greater
1836 1306 108 22 sense
1968 1298 37 30 of
2027 1300 214 29 movement
2251 1300 93 29 than
2368 1299 38 30 of
2428 1301 130 29 music.

618 1363 76 29 Can
716 1363 31 29 it
769 1363 44 29 be
835 1362 86 29 that
942 1361 76 30 this
1040 1362 82 29 idea
1143 1361 121 29 which
1288 1369 121 21 comes
1431 1362 40 28 to
1495 1368 58 22 me
1576 1368 83 22 now
1681 1360 76 30 will
1780 1362 40 28 at
1835 1368 101 22 some
1958 1359 129 31 future
2100 1361 87 29 date
2210 1360 159 30 blossom
2392 1361 166 36 through

617 1423 84 37 help
724 1422 38 31 of
785 1423 65 30 the
872 1430 158 29 woman,
1053 1430 43 22 or
1116 1422 76 30 will
1215 1423 31 29 it
1269 1423 43 29 be
1335 1430 40 22 as
1397 1429 89 23 ever
1507 1423 65 28 the
1596 1422 117 29 man's
1736 1423 85 35 part
1843 1423 40 28 to
1907 1423 139 28 master
2067 1422 109 30 these
2202 1422 128 37 things
2353 1422 138 31 alone?

617 1484 75 31 The
715 1486 180 28 musician
917 1485 31 29 is
971 1492 21 22 a
1014 1483 108 38 male,
1145 1484 64 29 the
1234 1483 146 31 builder
1401 1484 32 29 is
1455 1491 21 22 a
1492 1483 107 37 male,
1615 1484 66 29 the
1696 1484 150 35 painter
1861 1484 32 29 is
1909 1492 20 21 a
1952 1483 107 38 male,
2075 1484 72 29 and
2170 1484 66 30 the
2257 1486 90 34 poet
2368 1486 31 28 is
2415 1493 21 21 a
2451 1484 107 32 male.

684 1547 111 30 Come
818 1554 96 28 now,
937 1546 90 30 here
1049 1546 31 29 is
1103 1552 45 23 an
1173 1545 243 37 opportunity
1437 1546 40 29 to
1501 1545 141 36 change
1665 1545 48 30 all
1728 1545 134 30 this....
1879 1546 72 30 But
1967 1546 12 29 1
1997 1547 137 28 cannot
2154 1545 127 31 follow
2295 1547 66 29 the
2376 1547 182 37 thoughts

616 1616 72 29 any
708 1608 150 29 further
880 1608 101 35 here,
1006 1607 148 29 neither
1175 1606 75 30 will
1272 1615 72 28 you
1369 1608 44 28 be
1435 1606 82 30 able
1540 1608 53 29 to.

616 1671 70 30 Get
709 1677 46 23 on
778 1670 91 29 with
891 1670 65 29 the
978 1669 164 36 thought
1164 1668 38 30 of
1223 1669 64 29 the
1310 1670 194 29 invention
1528 1669 37 29 of
1586 1676 46 23 an
1656 1669 232 30 instrument
1910 1671 46 36 by
1977 1670 122 30 which
2124 1677 127 23 means
2266 1677 72 30 you
2363 1678 67 22 can
2448 1672 109 36 bring

615 1732 214 29 movement
851 1730 126 31 before
1001 1738 69 23 our
1093 1738 96 30 eyes.
1211 1736 45 25 &
1278 1731 118 30 When
1418 1738 73 29 you
1515 1731 93 30 have
1630 1731 159 30 reached
1805 1732 77 29 this
1905 1732 107 35 point
2027 1733 37 28 in
2081 1740 95 29 your
2189 1732 280 36 developments
2483 1741 73 29 you

615 1794 93 29 need
733 1792 92 30 have
849 1800 47 22 no
919 1792 149 30 further
1089 1792 80 30 fear
1191 1791 38 31 of
1251 1792 129 36 hiding
1401 1799 94 30 your
1516 1791 140 37 feeling
1679 1800 42 22 or
1735 1800 95 29 your
1846 1794 164 35 opinion,
2024 1794 67 29 but
2107 1801 83 29 may
2206 1795 83 34 step
2305 1793 162 31 forward
2483 1796 73 29 and

613 1855 77 36 join
720 1862 58 23 me
801 1856 38 28 in
861 1855 66 30 the
950 1855 143 30 search.
1136 1855 77 29 You
1236 1854 76 30 will
1336 1855 66 28 not
1425 1855 44 28 be
1492 1862 21 21 a
1541 1853 282 38 revolutionary
1851 1856 148 35 against
2020 1856 66 30 the
2115 1856 163 34 theatre,
2307 1855 60 31 for
2381 1864 72 29 you
2481 1856 75 30 will

614 1918 93 29 have
722 1918 101 29 risen
840 1917 116 29 above
971 1916 65 29 the
1051 1916 150 29 theatre
1218 1916 71 29 and
1305 1917 155 28 entered
1478 1916 80 29 into
1571 1916 212 36 something
1799 1917 143 36 beyond
1966 1918 42 28 it.
2030 1923 45 24 &
2090 1918 131 36 Maybe
2236 1925 73 29 you
2326 1918 75 29 will
2417 1926 140 28 pursue

614 1987 21 21 a
657 1977 184 31 scientific
863 1978 150 30 method
1030 1979 38 27 in
1081 1985 94 29 your
1189 1978 143 35 search,
1349 1978 71 28 and
1435 1977 86 29 that
1535 1977 74 29 will
1633 1977 82 29 lead
1733 1978 38 28 to
1795 1985 89 30 very
1900 1978 170 31 valuable
2093 1978 151 31 results.
2260 1984 44 26 &
2320 1978 118 32 There
2455 1982 102 28 must

614 2041 44 30 be
681 2048 20 21 a
724 2040 170 30 hundred
919 2040 109 30 roads
1051 2039 149 37 leading
1220 2041 42 28 to
1283 2039 76 30 this
1380 2040 120 36 point,
1522 2041 67 28 not
1611 2039 141 37 merely
1768 2047 82 29 one,
1867 2041 70 29 and
1956 2049 20 21 a
1988 2041 187 30 scientific
2191 2042 300 30 demonstration
2517 2042 37 30 of

613 2102 48 30 all
683 2102 86 30 that
789 2109 72 30 you
886 2110 83 29 may
992 2102 169 30 discover
1184 2109 67 22 can
1274 2103 38 28 in
1337 2109 46 22 no
1406 2109 82 29 way
1517 2101 105 29 harm
1645 2101 76 30 this
1750 2102 122 36 thing.
1963 2102 105 36 Well,
2092 2104 46 29 do
2167 2111 72 29 you
2263 2111 63 22 see
2350 2112 72 28 any
2446 2104 110 30 value

612 2165 39 29 in
673 2164 65 29 the
760 2164 109 35 thing
892 2164 13 28 1
927 2164 82 35 give
1032 2171 72 29 you
1117 2163 18 30 ?
1159 2163 28 29 If
1208 2171 72 29 you
1304 2163 46 29 do
1374 2164 67 28 not
1462 2164 40 28 at
1523 2162 87 30 first
1631 2170 72 29 you
1719 2163 77 29 will
1820 2165 68 35 bye
1905 2166 70 28 and
2001 2166 81 35 bye.
2105 2170 44 25 £>
2173 2166 12 28 I
2208 2165 107 30 could
2333 2167 66 28 not
2426 2168 132 34 expect

613 2233 20 22 a
662 2225 169 30 hundred
865 2232 43 23 or
940 2232 93 23 even
1065 2224 138 38 fifty,...
1228 2232 60 29 no,
1325 2226 65 28 not
1422 2225 78 35 ten,
1534 2225 39 28 to
1608 2225 245 30 understand.
1887 2227 72 29 But
1992 2227 98 30 one?
2124 2228 31 29 It
2171 2228 31 29 is
2235 2227 212 37 possible,...
2480 2227 77 36 just

612 2286 172 37 possible.
1001 2293 45 25 &
1169 2292 211 26 &&
1503 2292 212 26 &&
1839 2293 213 26 &&
2175 2295 214 26 &&
2512 2294 44 25 &

197 312 89 32 THE
299 312 185 34 ARTISTS
504 312 56 31 OP

195 354 89 32 THE
316 354 244 33 THEATRE

195 396 57 31 OP
274 396 88 33 THE
382 396 177 34 PUTURE

197 754 92 31 The
318 760 173 31 square
519 754 38 30 &

196 795 77 31 the
306 794 153 32 circle

195 1175 80 30 The
296 1175 89 31 first
403 1175 37 31 &
456 1174 99 31 fnal

192 1216 236 32 Belief
510 1223 45 25 &
