2736 4003
1298 123 79 64 47

265 261 187 60 tures
481 260 80 59 de
588 258 280 78 joyaux,
903 256 118 60 des
1063 253 263 60 niantes
1355 253 373 60 traînantes
1778 252 200 78 qu'on
2023 252 220 60 relève
2295 269 119 43 sur

264 341 63 60 la
362 341 183 60 main
585 340 253 79 gauche
889 335 360 62 soutenant
1293 333 59 59 le
1389 333 192 77 globe
1634 335 79 58 de
1768 333 327 61 l'univers
2130 333 278 60 asservi.

268 424 275 59 Comme
578 421 124 60 elle
736 419 285 62 s'enivra
1067 417 78 59 de
1180 413 144 60 voir
1369 415 98 58 les
1493 415 407 77 préparatifs
1953 416 79 58 de
2069 413 129 61 fête
2244 431 169 61 pour

269 521 118 42 son
415 502 225 61 entrée
673 504 168 58 dans
866 499 65 59 la
961 496 159 60 ville
1144 495 320 76 conquise
1491 512 119 59 par
1639 496 64 58 la
1736 496 185 58 seule
1957 496 175 60 force
2172 496 83 60 de
2290 512 120 42 son

269 584 232 77 esprit,
533 584 80 58 de
642 600 74 42 sa
745 577 271 64 beauté!
1053 575 170 71 Quel
1255 575 155 76 plus
1454 576 208 75 grand
1699 575 335 77 triomphe
2079 576 327 76 possible,

267 681 129 60 que
429 664 264 59 celui-ci
725 660 358 80 purement
1107 655 380 61 individuel
1511 656 62 58 et
1605 673 156 41 sans
1785 673 221 43 aucun
2042 673 329 43 concours
2395 657 14 57 !

348 746 104 60 Un
481 745 253 76 empire
766 742 35 60 à
830 758 106 43 ses
968 739 215 77 pieds,
1214 735 303 77 l'empire
1549 736 120 60 des
1700 735 331 61 Romains
2060 756 15 54 ;
2102 736 311 79 l'orgueil

265 825 120 60 des
437 839 390 62 empereurs
886 819 235 61 adorés
1177 833 257 44 comme
1492 816 99 58 les
1652 816 274 60 anciens
1981 816 232 72 dieux,
2274 816 145 61 cela

261 905 195 61 offert
487 907 36 56 à
556 906 65 59 la
644 920 164 62 pure
838 901 191 60 vertu
1054 900 118 58 des
1206 897 249 60 formes
1490 899 60 57 et
1581 896 79 60 de
1693 895 63 59 la
1789 896 449 76 spiritualité.

344 987 55 59 11
432 985 172 61 n'est
637 1003 120 59 pas
788 984 167 58 dans
985 980 327 60 l'histoire
1368 977 255 59 d'autre
1671 976 334 60 situation
2061 977 348 78 analogue,

261 1085 94 42 un
390 1067 306 60 bonheur
721 1064 186 61 aussi
952 1061 376 76 rayonnant
1384 1059 169 58 dans
1586 1073 131 43 une
1764 1057 151 60 âme
1945 1057 58 57 si
2032 1057 283 77 parfaite
2349 1061 60 56 et

261 1164 242 62 propre
536 1147 37 60 à
604 1147 234 78 goûter
877 1159 154 44 avec
1077 1141 61 60 le
1172 1139 432 61 raffinement
1656 1137 159 57 d'un
1869 1137 209 77 esprit
2123 1137 285 77 superbe

263 1233 223 55 toutes
518 1228 100 59 les
640 1225 432 80 jouissances
1100 1221 80 59 de
1210 1220 61 58 la
1305 1217 230 79 gloire,
1572 1217 79 59 de
1694 1216 65 58 la
1789 1216 390 60 méditation
2208 1217 166 59 méta-

261 1309 364 77 physique,
689 1308 88 58 du
846 1304 205 61 délire
1119 1301 359 75 artistique
1548 1299 241 58 devant
1851 1297 100 61 les
2022 1299 390 59 merveilles

263 1389 364 59 humaines
661 1389 64 58 et
754 1384 327 78 l'apparat
1114 1381 78 60 de
1222 1381 64 59 la
1316 1382 195 58 terre.

348 1492 29 34 «
415 1470 85 60 Ce
533 1468 175 62 mois
733 1468 80 59 de
846 1462 405 80 septembre,
1285 1462 191 59 conte
1514 1459 61 59 le
1611 1475 108 42 sec
1766 1457 407 79 Théophane
2227 1459 150 58 chro-

264 1550 293 76 niqueur
604 1545 534 76 ecclésiastique,
1180 1541 189 60 Irène
1415 1539 365 61 d'Athènes
1834 1537 103 60 fut
1996 1537 275 61 amenée
2318 1539 91 58 du

261 1631 218 78 palais
513 1630 302 60 d'Hieria
838 1628 251 77 jusque
1120 1624 65 59 la
1223 1622 157 59 ville
1426 1619 349 77 impériale
1808 1636 117 42 sur
1967 1636 93 41 un
2099 1620 307 72 dromon,

264 1713 204 75 (sorte
529 1710 82 60 de
654 1709 216 77 légère
914 1705 255 76 barque
1228 1700 369 62 construite
1652 1716 169 59 pour
1850 1715 233 61 passer
2136 1699 60 59 le
2249 1699 124 59 Bos-

261 1791 256 79 phore).
554 1790 85 61 Sa
673 1793 170 57 suite
876 1785 302 78 occupait
1209 1784 117 58 des
1366 1780 444 61 chalandions
1859 1779 197 59 ornés
2108 1779 80 61 de
2231 1780 179 60 soies

261 1870 480 79 magnifiques.
772 1871 131 58 Les
931 1869 306 58 hommes
1285 1865 61 58 et
1376 1863 98 58 les
1507 1865 286 56 femmes
1827 1860 118 60 des
1978 1859 298 61 familles
2324 1861 81 59 de

259 1951 291 79 premier
576 1968 165 60 rang
767 1948 267 61 vinrent
1059 1946 65 59 la
1147 1941 294 62 recevoir
1469 1939 214 80 parmi
1721 1955 94 45 un
1846 1939 209 77 grand
2085 1956 327 44 concours

263 2034 81 60 de
371 2031 242 79 peuple
648 2035 62 56 et
744 2025 663 80 l'accompagnèrent.

344 2114 93 58 Le
472 2111 341 60 troisième
843 2109 156 77 jour
1027 2108 79 58 de
1139 2103 376 80 septembre
1544 2100 61 60 le
1636 2100 372 77 patriarche
2057 2117 70 43 se
2184 2099 228 61 rendit

265 2210 85 45 au
411 2191 240 79 palais,
706 2189 259 62 célébra
1020 2186 100 60 les
1178 2202 192 43 noces
1430 2181 254 60 d'Irène
1736 2183 63 57 et
1849 2181 80 59 de
1987 2180 182 58 Léon
2240 2180 169 58 dans

260 2274 259 77 l'église
579 2273 91 58 du
726 2271 239 60 Phare.
1025 2266 90 60 Le
1172 2263 470 77 dix-septième
1690 2261 159 78 jour
1893 2261 80 57 de
2031 2260 377 72 décembre,

265 2357 169 59 dans
461 2354 61 60 le
556 2353 404 62 Triclinium
989 2346 360 78 Augustal,
1380 2341 469 79 l'impératrice
1879 2340 190 61 Irène
2108 2340 104 60 fut
2258 2358 113 42 cou-

263 2434 245 61 ronnée
534 2456 13 50 ;
595 2433 158 78 puis
799 2430 203 78 ayant
1051 2425 305 62 cheminé
1402 2425 80 59 de
1526 2421 333 61 l'oratoire
1907 2421 79 59 de
2034 2420 330 60 Saint-Sté-

263 2517 217 77 phane
508 2514 251 79 jusque
780 2508 308 80 Daphné,
1124 2506 124 60 elle
1277 2505 134 78 prit
1440 2505 61 59 le
1530 2503 309 59 diadème
1872 2500 263 78 nuptial
2160 2518 158 42 avec
2346 2501 63 60 le

261 2597 314 59 Basileus
608 2594 202 71 Léon,
841 2591 110 60 fils
980 2590 79 59 de
1091 2585 419 64 Constantin.
1544 2605 29 36 »

344 2678 93 58 Ils
466 2674 381 62 habitèrent
875 2671 62 60 le
995 2669 216 79 palais
1252 2668 78 59 de
1370 2666 386 77 Magnaure.

345 2759 93 57 Le
470 2758 190 58 conte
716 2754 260 75 férique
1030 2752 85 58 où
1163 2748 126 61 elle
1331 2746 216 60 s'était
1590 2743 189 61 rêvée
1825 2741 184 60 vivre
2060 2759 188 42 cessa
2292 2743 120 58 dès

264 2837 161 61 lors.
461 2835 251 78 Malgré
747 2851 108 43 ses
877 2830 403 61 excellentes
1313 2824 291 80 qualités
1647 2823 124 59 elle
1803 2839 81 42 ne
1929 2821 251 60 réussit
2225 2839 119 60 pas
2373 2823 39 57 à

269 2917 310 61 dominer
635 2912 354 80 l'impérial
1045 2910 254 78 époux:
1355 2910 85 69 et,
1484 2906 267 59 sentant
1783 2919 129 60 que
1971 2901 63 59 la
2081 2901 171 60 lutte
2309 2901 99 60 lui

267 2999 204 60 serait
517 2997 221 77 plutôt
788 2992 321 72 nuisible,
1156 2990 187 60 Irène
1390 3004 69 43 se
1510 2985 203 61 retira
1752 2984 168 58 dans
1961 2983 58 58 le
2071 2981 335 77 Gynécée,

269 3096 70 43 se
376 3077 339 61 constitua
747 3072 421 71 doucement,
1222 3065 585 64 silencieusement
1838 3079 130 42 une
2014 3078 160 42 cour
2211 3061 197 60 fidèle

264 3158 217 80 parmi
514 3174 169 42 ceux
716 3155 117 59 des
865 3153 289 60 officiers
1187 3152 62 58 et
1280 3146 396 79 dignitaires
1705 3162 140 58 qui,
1881 3144 200 75 ayant
2114 3143 177 75 sujet
2325 3144 79 58 de

267 3239 256 62 médire
576 3237 225 58 contre
849 3234 61 59 le
952 3232 305 80 pouvoir,
1319 3226 403 63 semblaient
1765 3221 304 61 craindre
2116 3238 169 60 pour
2342 3223 62 59 le

268 3320 181 60 salut
480 3318 80 58 de
589 3317 147 58 leur
771 3315 146 59 âme
965 3328 192 57 parce
1208 3309 202 76 qu'ils
1460 3305 267 61 avaient
1777 3301 283 60 renoncé
2107 3318 82 42 au
2226 3301 177 61 culte

268 3402 119 59 des
418 3402 280 73 images.
734 3395 95 59 La
876 3392 309 61 nouvelle
1211 3387 423 80 impératrice
1669 3385 100 59 les
1820 3381 272 61 consola
2123 3381 246 61 secrète-

268 3483 209 58 ment.
540 3479 97 60 les
711 3473 335 63 accueillit
1106 3488 80 45 en
1255 3487 130 42 une
1458 3463 296 62 intimité
1808 3461 466 79 particulière:
2339 3467 65 58 et
