2736 4003
939 557 767 152 MALLARMÉ

479 1152 78 73 (À
586 1169 226 56 propos
851 1153 69 54 de
950 1156 224 66 Pages.
1198 1185 70 7 —
1300 1155 257 56 Deman.
1590 1153 165 66 édit.,
1792 1156 372 69 Bruxelles.)

327 1355 189 61 Nous
562 1373 81 42 ne
695 1373 283 59 croyons
1019 1372 122 61 pas
1202 1373 127 59 que
1376 1357 90 59 M.
1514 1357 334 77 Stéphane
1899 1357 348 61 Mallarmé
2298 1357 91 59 ait

243 1435 251 78 jamais
527 1452 84 43 eu
652 1434 376 61 l'ambition
1070 1437 80 58 de
1190 1435 305 78 régenter
1524 1438 98 60 les
1655 1438 264 74 lettres;
1956 1456 70 42 ce
2068 1437 190 77 poète
2291 1439 99 57 est

252 1515 57 60 si
339 1533 131 60 peu
502 1515 61 59 le
596 1515 155 60 chef
776 1517 370 75 théorique,
1178 1518 335 58 autocrate
1547 1519 61 57 et
1639 1515 236 80 partial
1908 1518 117 60 des
2062 1538 26 35 «
2117 1518 235 76 phalan-

251 1612 111 60 ges
395 1594 438 78 symbolistes
866 1617 28 34 »
941 1595 160 78 qu'il
1133 1595 324 77 professe,
1493 1597 36 58 à
1570 1597 71 59 la
1684 1597 154 72 fois,
1872 1614 131 42 une
2048 1597 229 77 espèce
2310 1597 78 59 de

251 1677 177 58 culte
464 1675 190 60 outré
684 1693 167 59 pour
892 1677 62 59 le
986 1693 151 43 vers
1164 1675 293 61 fantôme
1482 1678 80 58 de
1587 1677 344 61 Théodore
1960 1678 79 60 de
2059 1677 326 72 Banville,

249 1773 170 59 pour
447 1755 99 59 les
569 1755 590 78 magniloquences
1187 1757 288 76 crispées
1510 1758 79 58 de
1617 1758 88 60 M.
1731 1758 464 60 Verhaerenet
2220 1774 170 60 pour

251 1837 100 58 les
379 1837 178 58 lents
582 1835 178 59 doux
781 1835 271 78 poèmes
1075 1837 37 58 à
1138 1835 193 61 robes
1357 1837 226 59 lâches
1618 1838 79 58 de
1729 1838 87 58 M.
1848 1838 80 60 de
1960 1837 312 77 Régnier.
2295 1837 94 59 La

251 1914 284 78 critique
578 1915 235 60 causée
860 1917 79 58 de
986 1917 87 58 M.
1127 1915 347 61 Mallarmé
1508 1919 101 57 est
1644 1934 170 60 pour
1851 1934 123 42 nos
2009 1919 338 74 contempo-

252 1994 183 60 rains
491 1994 199 60 d'une
732 1994 552 78 compréhension
1335 1997 187 58 acute
1569 1997 62 58 et
1674 1997 57 58 si
1777 1995 296 78 éloignée
2115 1997 79 59 de
2241 1998 147 57 tout

251 2074 174 78 parti
469 2074 142 76 pris
644 2074 198 76 qu'on
891 2092 45 57 y
986 2074 322 61 découvre
1354 2077 37 58 à
1439 2075 196 77 peine
1682 2093 93 42 un
1820 2075 370 72 critérium,
2228 2075 56 59 si
2322 2093 66 42 ce

252 2155 167 59 n'est
450 2154 61 60 le
543 2154 431 61 bienveillant
996 2154 307 61 abandon
1330 2155 79 60 de
1439 2158 146 57 tout
1614 2155 275 79 préjugé
1941 2157 168 59 dans
2148 2155 240 61 l'etfort

257 2234 80 60 de
372 2233 308 79 pénétrer
720 2252 131 42 une
884 2234 148 60 âme
1077 2234 342 79 étrangère
1448 2255 13 39 :
1496 2235 49 60 il
1579 2237 150 72 sait,
1767 2253 70 43 se
1868 2237 239 58 laisser
2138 2235 210 78 empoi-

254 2329 162 61 gner
444 2331 119 59 par
593 2314 88 59 M.
718 2313 180 72 Zola,
949 2331 69 42 se
1047 2331 367 59 paroxyser
1443 2332 156 43 avec
1630 2315 87 60 M.
1753 2315 303 60 Mirbeau
2091 2317 65 57 et
2192 2315 47 59 il
2261 2318 97 56 tra-

254 2394 150 60 duit
461 2394 88 60 M.
611 2394 398 76 Huysmans
1079 2394 279 78 jusqu'à
1413 2395 61 60 le
1536 2395 623 73 transhumaniser;
2223 2395 168 59 mais

252 2473 329 77 Laforgue
616 2473 169 60 n'est
842 2491 144 58 pas,
1033 2489 509 61 croyons-nous,
1595 2476 79 58 de
1729 2492 108 42 ses
1882 2474 247 60 favoris
2176 2476 62 58 et
2271 2474 117 76 qui

254 2554 127 59 sait
405 2554 60 59 si
492 2553 157 60 MM.
684 2554 259 60 Moréas
974 2554 64 60 et
1067 2553 224 74 Kahn,
1326 2554 116 78 qui
1462 2556 128 58 sait
1614 2556 56 58 si
1698 2556 61 58 le
1785 2556 359 76 signataire
2171 2554 216 60 même

253 2634 80 60 de
366 2651 108 42 ces
505 2633 218 77 lignes
753 2651 80 43 ne
877 2633 311 60 heurtent
1217 2652 143 60 pas,
1394 2652 118 60 par
1541 2637 183 57 leurs
1755 2634 221 71 écrits,
2029 2652 106 42 ses
2178 2634 175 76 préfé-

252 2731 230 42 rences
516 2714 79 59 de
625 2714 159 76 goût
814 2713 371 77 classiques
1220 2717 63 57 et
1316 2731 72 42 sa
1420 2714 494 78 susceptibilité
1947 2713 80 60 de
2058 2713 329 61 techniste

251 2792 238 61 formel
531 2794 60 59 et
639 2793 441 75 transigeant,
1134 2793 215 60 d'hier
1391 2794 37 57 à
1467 2794 220 76 peine,
1743 2811 156 42 avec
1945 2810 120 41 nos
2115 2792 272 61 libertés

252 2873 354 76 acquises?
647 2873 349 60 Toutefois
1034 2873 62 60 le
1151 2872 163 61 fond
1366 2874 78 59 de
1493 2874 63 59 la
1595 2874 242 76 pensée
1902 2873 158 58 d'un
2115 2873 270 60 homme

252 2970 259 44 comme
554 2953 88 60 M.
679 2952 345 61 Mallarmé
1080 2953 115 76 qui
1237 2953 418 77 s'enveloppe
1698 2954 79 59 de
1827 2953 359 60 réticences
2228 2953 128 58 déli-

251 3033 259 58 cieuses
539 3033 63 57 et
629 3032 80 59 de
742 3032 274 59 malices
1048 3032 559 79 incomparables,
1641 3036 173 55 reste
1847 3032 278 59 interdit
2168 3032 217 59 même

251 3112 36 59 à
318 3130 108 41 ses
454 3112 274 58 intimes
765 3113 62 57 et
858 3128 174 43 nous
1071 3128 82 43 ne
1188 3112 310 61 saurions
1529 3112 308 61 conclure
1872 3113 79 58 de
1992 3128 122 42 nos
2147 3111 201 59 déduc-

248 3193 183 60 tions
473 3191 153 77 qu'à
686 3192 118 58 des
856 3192 413 76 hypothèses
1326 3193 328 69 oiseuses,
1719 3210 158 41 sans
1931 3192 225 71 doute,
2218 3192 171 58 mais

247 3272 227 72 utiles,
503 3271 352 77 peut-être,
886 3271 209 72 aussi,
1129 3272 38 58 à
1195 3269 346 64 formuler.

325 3406 191 60 Nous
548 3408 365 58 connûmes
955 3405 91 60 M.
1080 3406 359 60 Mallarmé
1457 3408 184 77 jadis
1689 3425 120 60 par
1853 3408 66 58 la
1946 3411 215 56 Prose
2200 3424 187 56 pour

244 3489 118 58 des
408 3490 362 59 Esscintes
802 3503 129 60 que
949 3503 171 43 nous
1153 3485 412 62 étudiâmes:
1597 3505 171 42 nous
1796 3486 150 61 n'en
1968 3488 417 61 déduisîmes
