2736 4003
1336 227 107 63 62

362 363 163 56 croit
573 361 78 58 de
700 357 288 59 violence
1034 359 80 56 où
1156 357 122 59 elle
1324 374 67 42 se
1433 355 333 79 précipite,
1799 355 149 61 telle
1988 355 289 75 passion,
2309 373 105 41 sur-

361 439 145 56 tout
554 438 56 57 si
658 452 73 43 sa
778 433 254 60 velléité
1090 434 347 76 s'atrophie
1490 437 61 57 et
1603 437 243 67 avorte,
1898 433 57 58 si
2012 449 119 41 son
2185 433 264 75 progrès

363 514 261 59 s'arrête
672 514 194 59 avant
913 513 246 58 d'avoir
1195 529 80 42 eu
1325 531 259 42 recours
1630 514 35 57 à
1705 512 280 76 quelque
2027 512 144 75 trop
2210 512 239 58 visible

360 593 218 58 indice
647 592 113 76 qui
805 590 65 59 la
908 590 291 60 rendrait
1230 594 216 73 aperte
1491 593 36 57 à
1573 592 63 58 la
1673 590 466 59 connaissance
2180 589 77 59 de
2299 592 149 56 tous

361 670 310 60 m'émeut
739 669 196 60 d'être
990 669 169 59 ainsi
1208 669 390 76 incomplète
1669 670 62 59 et
1786 668 225 58 stérile
2081 668 85 71 et,
2200 669 57 57 si
2304 686 141 53 son,

360 748 297 58 bouillon
694 747 279 76 s'épuise
1015 748 192 57 avant
1254 748 244 60 d'avoir
1528 747 196 77 jailli,
1754 747 131 76 j'en
1928 745 196 75 garde
2167 762 128 42 une
2327 747 81 57 im-

358 827 298 75 pression
687 827 150 75 plus
860 825 338 70 anxieuse,
1222 843 116 59 par
1368 843 67 42 ce
1472 828 211 57 même
1715 825 156 77 goût
1901 824 88 58 du
2013 824 287 74 mystère
2331 825 115 74 qui

360 904 118 58 fait
520 922 125 57 que
689 905 59 57 le
793 919 283 55 remous,
1113 904 211 75 girant
1363 922 72 42 sa
1475 905 249 59 torsion
1772 902 343 59 sournoise
2159 918 79 42 en
2280 903 166 58 l'eau

358 982 338 74 profonde,
729 982 179 58 noire
944 984 63 56 et
1042 982 35 57 à
1114 982 241 74 jamais
1393 984 247 57 muette
1680 982 88 57 du
1810 982 290 55 monstre
2139 979 307 75 probable

362 1063 61 56 et
452 1062 252 57 interne
736 1062 156 57 dont
927 1059 361 76 l'agitation
1327 1062 228 58 cachée
1606 1078 34 41 a
1678 1058 269 77 produit
1983 1059 63 57 la
2087 1059 358 60 terrifiante

360 1138 141 58 ride
546 1136 418 73 oscillatoire,
1007 1138 379 75 m'intrigue
1440 1139 60 57 et
1550 1156 104 40 me
1698 1135 250 60 fascine
2006 1135 151 75 plus
2208 1153 123 58 que
2384 1138 64 57 la

357 1233 207 58 vague
615 1216 113 75 qui
776 1215 187 60 cabre
1009 1215 63 59 la
1119 1215 206 59 colère
1390 1216 76 59 de
1513 1216 62 59 la
1639 1215 146 59 bête
1827 1214 221 75 surgie
2101 1215 61 57 et
2213 1214 232 61 visible

362 1294 234 75 qu'elle
629 1294 269 70 façonne
927 1294 78 58 de
1034 1293 64 59 la
1125 1293 392 61 véhémence
1550 1295 77 57 de
1656 1310 117 42 son
1799 1291 250 59 écume.

644 1371 281 72 Parfois,
953 1371 211 77 parmi
1193 1370 96 60 les
1317 1374 305 72 passants
1655 1371 113 78 qui
1801 1370 274 59 hantent
2114 1369 61 58 la
2202 1370 126 70 vie,
2361 1388 84 42 on

358 1451 237 59 assiste
619 1451 34 58 à
682 1468 103 41 ces
813 1450 447 76 provocations
1289 1450 471 76 mystérieuses
1790 1449 156 58 d'un
1974 1448 354 59 sentiment
2356 1450 89 57 du

356 1526 159 59 fond
541 1529 76 57 de
648 1528 190 59 l'âme
863 1529 111 75 qui
1004 1529 59 57 le
1094 1528 236 72 recèle;
1355 1530 61 56 et
1442 1529 62 57 la
1524 1544 240 60 preuve
1790 1526 77 59 de
1896 1543 70 42 sa
1985 1525 330 76 présence,
2342 1528 102 58 s'il

357 1622 80 40 ne
468 1605 94 59 les
609 1605 369 73 enténèbre,
1009 1605 127 59 luit
1175 1622 80 42 en
1299 1606 115 58 des
1453 1605 264 76 regards
1758 1603 461 59 inoubliables.
2256 1606 100 58 On
2399 1622 45 59 y

355 1684 137 57 voit
534 1685 63 57 la
642 1685 194 59 haine
868 1702 82 40 ou
991 1684 65 58 la
1094 1684 297 58 douleur.
1942 1699 45 59 y
2036 1681 262 77 congèle
2340 1700 104 42 ses

356 1761 242 57 larmes
635 1761 263 60 froides.
935 1763 91 55 La
1057 1761 206 59 colère
1306 1779 46 57 y
1388 1761 187 59 brûle
1617 1778 72 42 sa
1726 1760 243 70 torche,
2004 1760 59 58 et
2093 1759 276 59 l'amour
2398 1778 46 58 y

356 1841 253 57 montre
654 1857 103 41 ses
803 1840 218 58 noires
1051 1839 200 59 forêts
1289 1840 350 75 plaintives
1672 1840 77 57 de
1788 1839 351 73 colombes,
2175 1839 175 75 puis,
2382 1840 63 57 la

356 1916 255 59 minute
643 1916 242 60 furtive
934 1918 157 58 dont
1122 1935 80 41 on
1235 1919 111 57 eut
1377 1918 60 58 le
1482 1916 244 60 frisson
1771 1933 68 42 se
1872 1916 236 59 réalise
2149 1916 293 73 ailleurs,

353 1994 136 58 loin
537 1995 78 58 de
664 2012 190 54 nous,
888 1996 182 57 autre
1112 1996 166 75 part,
1319 1996 36 57 à
1401 1995 281 75 quelque
1727 1995 314 57 tournant
2098 2010 125 60 que
2275 2012 169 41 nous

356 2089 202 41 avons
606 2072 272 75 dépassé
926 2072 146 77 déjà
1120 2090 79 41 en
1240 2072 258 68 l'infini,
1533 2072 230 59 circuit
1809 2072 260 60 inverse
2119 2072 113 75 qui
2275 2090 169 42 nous

353 2151 191 59 mène
576 2151 62 59 et
667 2169 80 41 on
781 2169 68 42 se
882 2152 299 58 souvient
1211 2151 245 60 d'avoir
1490 2169 83 39 vu
1606 2151 62 59 la
1697 2151 179 59 main
1909 2151 112 75 qui
2050 2168 80 42 va
2159 2149 283 78 frapper,

352 2229 65 57 la
455 2229 175 58 lèvre
680 2230 114 74 qui
840 2246 81 42 va
964 2230 276 70 sourire,
1270 2230 94 58 les
1413 2246 176 58 yeux
1636 2230 114 74 qui
1783 2234 158 54 vont
1973 2230 280 74 pleurer,
2290 2246 152 42 sans

355 2324 125 57 que
515 2306 200 61 l'écho
757 2309 89 56 du
884 2307 194 59 heurt
1114 2325 169 41 nous
1327 2309 126 57 soit
1490 2324 291 58 parvenu
1818 2307 265 77 jamais,
2115 2307 68 56 ni
2215 2325 125 57 que
2382 2309 60 58 le

353 2384 145 58 fard
544 2385 87 57 clu
673 2385 252 58 sourire
971 2386 61 56 et
1076 2385 63 57 la
1171 2385 424 58 scintillation
1637 2385 113 57 des
1788 2386 242 57 larmes
2061 2385 173 57 aient
2280 2386 161 59 duré

348 2462 268 75 jusqu'à
673 2465 182 57 notre
912 2464 316 75 approche
1286 2480 82 42 au
1423 2464 138 57 tain
1623 2462 317 61 oublieux
1995 2462 281 60 d'aucun
2324 2465 79 57 mi-

351 2540 131 58 roir
507 2542 10 55 !

432 2619 170 59 C'est
635 2620 169 57 ainsi
850 2619 160 76 qu'il
1057 2619 189 59 m'est
1284 2619 210 58 arrivé
1541 2619 340 59 d'assister
1918 2621 37 57 à
1992 2640 90 41 un
2122 2621 319 78 spectacle

356 2696 157 58 dont
536 2696 113 76 j'ai
691 2697 167 59 senti
888 2697 446 75 l'importance
1363 2697 436 75 mystérieuse
1839 2715 153 42 sans
2031 2716 126 59 que
2187 2701 142 57 rien
2361 2716 81 42 en

353 2774 124 58 soit
512 2775 264 58 résulté.
809 2776 179 58 J'eus
1016 2774 465 76 l'impression,
1509 2776 165 58 cette
1715 2775 148 71 fois,
1896 2794 130 42 non
2072 2780 370 58 seulement

352 2852 154 59 d'un
532 2852 132 60 être
697 2854 169 59 mais
898 2855 78 57 de
1005 2855 359 75 plusieurs,
1393 2854 192 58 d'une
1616 2855 200 71 fouie,
1848 2873 304 59 presque,
2186 2856 254 60 animée

351 2946 91 42 un
493 2931 251 60 instant
800 2932 190 59 d'une
1061 2932 212 59 même
1335 2931 269 75 passion
1664 2932 391 74 intérieure,
2102 2935 335 71 invisible,

348 3008 193 59 tacite
576 3011 61 57 et
666 3011 310 74 pourtant
1021 3010 371 71 manifeste,
1420 3010 154 58 bien
1614 3026 126 60 que
1780 3011 116 58 nul
1941 3014 184 74 signe
2172 3031 81 42 ne
2300 3014 141 58 l'ait

348 3086 210 58 trahie
607 3087 36 57 à
691 3105 117 41 son
856 3087 245 60 arrivée
1148 3088 36 58 à
1231 3104 90 40 un
1363 3087 185 75 point
1579 3088 77 58 de
1697 3088 225 77 risque
1959 3092 411 75 prodigieux,
2404 3091 37 58 à

347 3181 128 42 une
513 3167 172 57 sorte
717 3166 77 58 de
838 3166 155 58 faite
1035 3166 414 75 vertigineux
1479 3166 82 57 où
1594 3166 122 58 elle
1762 3184 68 43 se
1860 3168 127 60 tint
2017 3188 80 41 en
2141 3189 89 40 un
2261 3171 144 75 équi-

344 3241 168 60 libre
544 3243 390 77 d'angoisse,
968 3245 287 58 extrême
1288 3245 62 56 et
1382 3243 395 77 dangereux,
1809 3262 166 59 pour
2011 3248 428 60 redescendre

350 3321 255 60 ensuite
643 3321 60 58 le
751 3339 217 42 revers
1019 3321 235 77 qu'elle
1294 3322 172 59 avait
1505 3322 179 75 gravi
1730 3325 62 57 et
1840 3323 328 64 s'amortir
2199 3345 80 42 en
2319 3342 120 44 son

343 3415 233 58 propre
620 3400 203 59 oubli.

426 3475 307 74 Souvent,
756 3481 60 57 le
845 3477 240 78 danger
1112 3478 77 59 de
1217 3494 104 44 ces
1345 3478 302 77 passions
1677 3480 111 77 qui
1814 3481 306 62 finissent
2141 3501 115 59 par
2276 3487 161 60 ater-
