2736 4003
1462 206 103 62 78

456 332 249 75 envoyé
731 350 495 45 GRATUITEMENT
2086 335 44 60 à
2260 341 39 55 V
2304 343 182 54 essai
1606 341 310 68 pendant
1956 357 98 41 un
2092 346 177 56 mois
2295 339 42 63 à
2369 348 179 57 toute

447 425 342 53 personne
817 415 118 67 qui
961 428 82 43 en
1071 412 136 69 fait
1240 418 63 55 la
1335 419 349 57 demande.

524 513 343 61 L'Avenir
893 519 435 69 dramatique
1361 518 146 76 (Ad.
1538 522 61 57 et
1629 519 187 71 Réd.,
1852 520 97 72 10,
1980 520 352 80 Faubourg
2355 527 150 58 Pois-

456 593 348 75 sonnière).
839 593 552 62 Collaborateurs:
1416 599 154 59 MM.
1597 598 322 77 Ajalbert,
1943 599 332 75 Lecomfe,
2309 605 236 77 YVilly,

454 669 159 60 Jean
649 672 275 71 Jullien,
955 672 83 58 H.
1070 673 228 72 Fèvre,
1329 677 118 57 etc.
1481 711 76 6 —
1588 678 305 58 réalisme
1926 679 62 56 et
2016 679 273 61 théâtre.

527 773 211 60 L'Art
783 778 174 57 dans
1008 781 90 53 les
1147 781 186 56 deux
1381 783 277 56 Mondes
1668 826 14 25 ,
1731 779 265 77 journal
2043 782 351 77 artistique
2427 785 120 61 des

454 852 157 75 plus
643 852 455 74 intéressants,
1140 872 177 43 cesse
1347 858 76 59 de
1453 862 303 71 paraître.
1797 859 186 59 Nous
2027 877 169 42 nous
2228 862 320 60 étonnons

453 929 153 77 qu'il
637 947 78 42 ne
745 947 67 43 se
844 931 127 58 soit
1001 948 114 59 pas
1145 934 228 59 trouvé
1404 953 89 41 un
1521 937 222 75 public
1768 953 167 59 pour
1965 953 128 44 une
2125 941 266 73 pareille
2429 959 80 59 pu-

454 1007 312 59 blication
792 1042 76 7 —
894 1009 248 60 l'a-t-on
1170 1012 488 62 suffisamment
1683 1014 318 60 cherché?

534 1116 89 55 Le
653 1116 316 56 Mercure
1000 1119 75 54 de
1112 1119 269 57 France
1415 1116 177 74 (août
1622 1119 99 74 91)
1754 1117 121 59 fait
1910 1120 324 60 coïncider
2261 1122 95 60 les
2384 1124 163 59 fêtes

458 1190 77 57 de
569 1190 347 59 Cronstadt
945 1207 154 44 avec
1128 1209 90 40 un
1253 1214 28 34 «
1315 1193 432 61 éreintement
1773 1215 30 34 »
1830 1196 213 75 puéril
2069 1197 76 59 de
2177 1200 62 57 la
2267 1200 243 61 Russie
2529 1220 11 50 ;

456 1268 49 58 il
549 1285 81 42 ne
676 1268 184 59 suffit
903 1286 115 59 pas
1061 1287 165 59 pour
1275 1274 181 58 avoir
1496 1275 221 57 raison
1766 1275 78 58 de
1884 1276 277 74 prendre
2190 1279 65 57 la
2297 1281 215 59 contre-

455 1346 207 75 partie
695 1346 78 58 de
806 1364 166 42 ceux
1002 1348 115 74 qui
1145 1352 287 71 peuvent
1476 1351 180 60 avoir
1691 1354 148 57 tort.

534 1453 99 55 La
667 1455 214 65 jeune
927 1456 323 69 Belgique
1260 1498 14 26 ,
1321 1470 126 59 que
1493 1456 304 75 dirigeait
1828 1473 154 42 avec
2011 1458 141 58 tant
2184 1459 77 58 de
2289 1460 127 57 tact
2453 1460 87 59 M.

456 1526 231 61 Valere
736 1529 195 71 Gille,
990 1531 241 77 change
1283 1534 76 57 ds
1408 1535 213 59 mains
1649 1554 15 52 ;
1716 1535 327 59 directeur
2093 1536 405 61 intérimaire
2528 1557 12 39 :

456 1606 87 57 M.
578 1608 182 57 Iwan
792 1608 251 72 Gilkin,
1079 1609 97 72 64,
1209 1627 113 41 rue
1352 1613 335 75 Potagère,
1729 1613 366 59 Bruxelles.

534 1708 195 58 Vient
773 1709 77 59 de
894 1712 313 75 paraître:
2109 1715 439 60 Vendémiair
1761 1760 15 27 ,
1827 1732 197 43 revue
2079 1717 331 61 socialiste
2463 1718 79 60 de

460 1787 368 74 quinzaine.

535 1969 183 58 Nous
746 1969 465 75 reproduisons
1242 1989 154 41 sans
1415 1976 502 60 commentaires
1942 1976 135 76 (ah!
2112 1980 324 73 pourquoi
2467 1996 77 42 en

461 2046 277 58 serait-il
756 2047 227 58 besoin
1002 2049 41 75 !)
1063 2049 96 58 les
1180 2066 377 60 remarques
1580 2052 408 75 judicieuses
2011 2072 124 59 que
2157 2060 96 56 La
2275 2058 268 60 Révolte

458 2124 306 74 imprime
809 2126 162 57 dans
1002 2143 89 41 un
1122 2127 217 60 récent
1385 2129 271 60 numéro
1695 2132 35 57 à
1766 2149 237 59 propos
2046 2135 78 57 de
2170 2151 118 41 son
2323 2136 221 58 conflit

461 2218 150 42 avec
648 2203 64 57 la
751 2202 249 60 Société
1032 2206 113 58 des
1185 2223 158 59 gens
1383 2208 77 57 de
1493 2208 247 61 lettres.
1775 2213 99 56 La
1916 2213 270 59 Révolte
2234 2215 112 73 qui
2398 2231 109 57 pro-

459 2296 160 58 page
648 2281 212 75 parmi
888 2281 97 58 les
1023 2282 376 75 prolétaires
1429 2284 97 59 les
1557 2286 179 59 idées
1771 2288 350 75 politiques
2154 2291 115 57 des
2299 2291 215 58 littéra-

458 2363 182 54 teurs
679 2361 59 56 et
776 2361 176 57 tente
994 2361 215 58 d'unir
1248 2363 95 57 les
1376 2380 124 42 uns
1531 2368 62 54 et
1621 2366 95 58 les
1759 2368 219 57 autres
2010 2368 161 59 dans
2204 2386 90 41 un
2330 2370 213 60 même

460 2436 203 76 esprit
705 2437 78 57 de
821 2437 263 75 justice,
1132 2441 343 75 accomplit
1517 2458 127 42 une
1703 2443 168 59 belle
1933 2461 220 43 œuvre
2210 2447 238 60 sociale
2509 2450 35 57 à

459 2513 279 75 laquelle
779 2516 248 57 chacun
1066 2516 249 59 devrait
1357 2519 214 74 prêter
1611 2521 165 58 aide.
1814 2521 94 58 La
1938 2522 248 60 Société
2227 2524 114 58 des
2382 2542 161 59 gens

461 2592 79 57 de
568 2592 225 58 lettres
826 2593 113 74 qui
968 2602 248 67 compte
1244 2596 162 57 dans
1438 2613 104 42 ses
1573 2615 191 59 rangs
1796 2597 128 60 fort
1961 2617 126 57 peu
2121 2601 324 61 d'artistes
2482 2606 60 57 et

459 2668 335 77 beaucoup
827 2672 78 56 de
944 2672 382 58 marchands
1354 2673 76 58 de
1462 2676 201 75 copie,
1698 2693 35 41 a
1764 2677 157 57 tenu
1952 2678 36 56 à
2024 2678 158 60 faire
2219 2681 324 75 prévaloir

459 2748 504 75 publiquement
1005 2749 312 78 l'opinion
1367 2752 77 58 de
1488 2770 105 43 ces
1639 2754 313 60 derniers.
2004 2757 187 60 Yoici
2242 2759 57 58 le
2350 2759 155 60 docu-

463 2827 177 56 ment
668 2843 12 38 :

544 2947 29 35 «
604 2928 91 59 La
714 2928 247 61 Société
985 2931 114 58 des
1122 2947 157 60 gens
1302 2932 76 60 de
1402 2933 225 60 lettres
1650 2936 154 58 s'est
1825 2936 262 62 décidée
2105 2940 34 58 à
2153 2941 390 74 poursuivre

464 3021 104 72 en_
607 3008 432 73 contrefaçon,
1088 3010 251 72 Grave,
1389 3013 273 59 l'ancien
1721 3015 225 76 gérant
2008 3018 78 59 de
2143 3020 65 57 la
2526 3067 16 25 ,

463 3082 423 76 aujourd'hui
916 3087 36 57 à
982 3086 531 79 Sainte-Pélagie.

543 3180 29 35 «
613 3163 92 57 La
745 3166 288 58 semaine
1074 3166 290 59 dernière
1400 3170 347 73 paraissait
1789 3171 165 60 dans
1993 3172 60 60 le
2091 3173 294 61 Bulletin
2430 3176 113 60 des

463 3255 157 58 gens
649 3241 306 73 lettreux,
981 3260 77 42 en
1090 3246 319 73 première
1439 3264 186 58 page,
1653 3250 318 61 caractère
2003 3267 146 60 gras
2172 3270 13 39 :

1085 3349 188 58 Avis
1326 3351 146 57 très
1524 3351 395 76 important

550 3468 27 33 «
615 3448 103 59 Un
765 3450 162 76 petit
952 3450 264 78 journal
1265 3454 77 59 de
1386 3454 212 75 Paris,
1644 3474 129 42 non
1816 3458 247 62 abonné
2104 3462 35 58 à
2176 3462 63 59 la
2270 3462 268 76 Société,
