3515 4371
1694 140 104 50 348

216 287 63 47 als
325 286 96 47 eine
854 298 89 30 was
986 280 366 49 wahrscheinlich
1397 280 171 47 heissen
1611 280 98 57 soll,

213 361 100 50 dass
340 361 60 47 sie
426 376 77 31 zur
529 360 151 47 Zither
707 357 187 65 gespielt
920 356 174 57 wurde,
1124 356 109 48 oder
1262 356 283 64 umgekehrt.
1574 357 135 46 Dann

214 436 109 47 wird
353 435 165 48 wieder
547 435 260 62 behauptet,
835 431 70 48 die
934 432 271 62 vielsaitigen
1228 432 298 46 Instrumente
1555 435 154 43 wären

213 519 86 42 erst
325 508 104 50 sehr
456 515 95 60 spät
580 510 197 48 bekannt
804 507 259 65 geworden.
1102 507 127 47 Noch
1258 511 134 60 ärger
1421 507 136 47 meint
1586 506 99 47 Posi-

213 587 171 55 donius,
414 586 243 48 Anakreon
688 586 119 46 hätte
838 585 77 45 mit
942 582 85 48 den
1061 582 221 64 „zwanzig
1516 582 70 48 die
1616 581 94 48 drei

212 662 278 57 Tonweisen,
513 661 68 48 die
612 661 208 65 lydische,
848 658 265 65 phrygische
1138 658 88 47 und
1251 658 218 57 dorische,
1498 658 213 64 gemeint,

212 738 133 49 deren
368 737 104 65 jede
499 737 191 48 sieben
720 736 152 48 Saiten
910 733 247 59 erfordere,
1198 751 84 32 von
1312 733 143 49 denen
1486 751 49 31 er
1562 735 149 54 eine,

211 815 79 48 der
318 813 174 49 runden
518 815 112 47 Zahl
657 813 197 64 zwanzig
884 827 175 54 wegen,
1099 811 121 47 nicht
1261 812 265 63 angegeben
1569 811 142 48 habe!

301 889 149 50 Ueber
491 891 180 47 solchen
702 889 254 49 Wirrwarr
995 903 122 31 muss
1140 887 128 63 jeder
1296 888 200 47 Kritiker
1524 886 71 48 die
1625 887 58 47 Ge-

213 966 107 48 duld
349 967 230 47 verlieren.
610 964 100 50 Und
732 964 177 47 verliert
936 980 49 31 er
1007 962 62 48 sie
1091 962 138 58 nicht,
1257 980 91 31 was
1372 963 114 48 wird
1510 962 200 48 dadurch

214 1043 75 46 für
316 1042 70 49 die
414 1042 235 48 Tonkunst
677 1041 281 63 gewonnen?

488 1289 96 53 Der
613 1289 177 53 wiener
819 1289 589 53 Männergesang-Verein.

326 1421 95 47 Aus
470 1420 100 47 dem
618 1420 202 48 sechsten
867 1420 466 48 Jahresberichte
1380 1420 76 48 des
1506 1421 207 47 wiener

213 1496 720 65 Männergesang-Vereins
964 1496 94 65 (für
1085 1496 79 48 das
1185 1497 114 47 Jahr
1318 1514 100 30 vom
1446 1496 45 48 7.
1512 1497 202 47 October

221 1572 135 50 1859
391 1572 63 47 bis
480 1572 44 48 5.
550 1573 203 47 October
781 1573 158 64 1860)
969 1590 83 30 von
1080 1575 82 47 Dr.
1191 1575 58 47 H.
1279 1590 82 32 von
1392 1573 179 64 Billing,
1600 1573 40 49 d.
1665 1576 47 46 Z.

213 1648 339 57 Schriftführer,
583 1648 144 48 heben
759 1649 81 47 wir
868 1649 184 47 hervor:

325 1726 87 45 Am
443 1723 46 48 2.
519 1724 255 47 December
810 1724 138 49 1859
990 1724 187 49 richtete
1205 1726 120 47 Herr
1353 1726 362 64 Bürgermeister

214 1803 78 45 Dr.
316 1801 129 47 Frhr.
470 1817 82 31 von
574 1802 157 47 Seiller
759 1818 57 31 an
844 1801 85 48 den
956 1802 162 47 Verein
1148 1801 70 48 die
1245 1802 359 66 Aufforderung,
1633 1803 80 47 der

213 1877 413 63 Enthüllungsfeier
646 1877 76 47 des
743 1893 82 32 von
849 1877 80 48 der
950 1877 407 48 Stadt-Commune
1379 1878 101 48 dem
1505 1879 180 47 Tonmei-

210 1961 89 39 ster
322 1953 172 47 Mozart
520 1961 221 55 gesetzten
765 1956 314 45 Monumentes
1108 1954 141 47 durch
1279 1954 120 49 seine
1421 1956 294 64 Mitwirkung

213 2029 96 48 eine
337 2029 307 48 musicalische
673 2030 167 49 Weihe
868 2048 54 29 zu
951 2030 237 49 verleihen.

323 2105 49 47 In
401 2105 140 64 Folge
581 2105 144 49 dieser
751 2105 257 65 Einladung
1052 2105 103 49 fand
1197 2107 92 47 sich
1332 2107 80 48 der
1444 2108 163 47 Verein
1639 2124 70 31 am

218 2182 46 47 5.
287 2180 270 57 December,
580 2198 56 32 an
657 2182 144 48 einem
824 2183 213 56 schönen,
1066 2183 145 47 hellen
1237 2183 306 63 Wintertage,
1566 2184 120 47 Nach-

214 2258 178 63 mittags
436 2258 30 46 2
508 2258 111 57 Uhr,
659 2259 82 46 auf
774 2258 99 48 dem
915 2259 546 48 St.-Marxer-Kirchhofe
1511 2260 68 47 ein
1624 2260 90 47 und

213 2333 141 47 reihte
382 2333 90 47 sich
505 2351 71 30 um
608 2333 79 48 das
715 2334 216 48 verhüllte
958 2334 252 55 Standbild,
1248 2334 79 48 das
1353 2335 91 47 sich
1475 2335 113 49 über
1618 2338 64 46 Mo-

213 2410 127 47 zart's
381 2409 417 49 muthmaasslicher
838 2410 255 50 Grabstätte
1135 2411 156 49 erhob.
1341 2413 255 63 Mitglieder
1638 2413 76 48 des

213 2486 486 64 Hof-Operntheaters,
717 2489 384 62 Repräsentanten
1118 2488 79 47 der
1212 2488 384 48 verschiedensten
1615 2491 68 46 Mu-

212 2563 86 47 sik-
321 2563 89 45 und
433 2564 223 63 sonstigen
682 2564 544 65 Kunst-Corporationen,
1257 2565 96 47 eine
1375 2582 154 47 grosse
1550 2566 165 65 Menge

212 2639 204 51 Zuhörer
447 2639 150 47 hatten
627 2639 89 47 sich
748 2639 315 65 eingefunden,
1105 2657 73 30 um
1210 2640 99 47 dem
1341 2641 133 64 lange
1502 2643 187 47 vernach-

216 2716 201 61 lässigten
448 2715 249 47 Andenken
726 2715 76 47 des
831 2720 201 60 grössten
1063 2716 397 49 österreichischen
1489 2718 197 48 Tondich-

214 2799 88 38 ters
318 2791 106 62 jetzt
448 2792 246 63 Rechnung
717 2810 50 28 zu
791 2800 156 56 tragen
974 2792 89 47 und
1087 2792 141 49 damit
1248 2794 98 48 eine
1369 2794 162 63 heilige
1554 2795 163 47 Pflicht

213 2884 50 29 zu
294 2867 206 47 erfüllen.

327 2945 92 46 Der
434 2945 550 63 Männergesang-Verein
1007 2945 178 65 begann
1209 2946 68 48 die
1299 2947 316 49 Feierlichkeit
1639 2949 78 47 mit

210 3019 101 48 dem
344 3021 221 64 Vortrage
593 3038 81 30 von
698 3022 224 47 MozartY
1306 3025 96 46 Der
1425 3025 261 63 Bürgermei-

209 3104 89 39 ster
337 3097 158 62 sprach
537 3097 170 47 sodann
755 3097 70 47 die
880 3099 514 62 Inaugurations-Rede,
1451 3100 69 47 bei
1577 3100 136 48 deren

210 3172 380 48 Schlussworten:
631 3175 239 54 „Enthülle
894 3175 117 56 dich,
1035 3175 242 48 trauernde
1517 3177 70 49 die
1618 3195 72 29 ver-

212 3247 230 64 bergende
462 3250 408 48 Leinwand-llülle
892 3251 72 47 fiel
995 3251 89 47 und
1108 3251 78 47 das
1209 3251 252 56 Standbild,
1492 3252 68 48 die
1590 3261 100 39 trau-

213 3323 136 47 ernde
377 3326 127 46 Muse
532 3325 80 47 der
635 3326 249 56 Tonkunst,
913 3327 81 46 auf
1017 3327 68 47 die
1115 3328 320 63 aufgehäuften
1459 3330 255 47 Partituren

212 3401 316 47 Mozart'scher
560 3401 171 47 Werke
760 3406 205 60 gestützt,
1007 3403 40 46 in
1092 3403 80 47 der
1201 3405 132 47 Hand
1374 3405 77 47 das
1484 3406 104 47 halb
1619 3406 72 47 auf-

213 3477 185 62 gerollte
428 3477 236 63 Requiem,
710 3494 78 30 von
831 3478 80 46 der
938 3480 149 47 Sonne
1130 3480 85 47 hell
1261 3481 89 47 und
1389 3482 151 64 goldig
1577 3499 110 48 ange-

213 3553 171 56 strahlt,
415 3562 119 38 ernst
562 3553 80 48 auf
665 3553 69 47 die
767 3554 414 50 Cmherstehenden
1209 3557 335 50 niederblickte.
1588 3560 125 47 Beim

216 3629 151 46 Fallen
391 3628 77 47 der
491 3631 135 45 Hülle
649 3629 186 47 erscholl
859 3631 248 47 Herbeck's
1134 3632 212 63 kräftiger

218 3704 89 47 und
337 3704 160 49 bildete
524 3707 200 62 zugleich
757 3707 83 47 den
870 3708 180 46 Schluss
1078 3708 79 47 der
1187 3709 325 50 Feierlichkeit.

334 3782 114 46 Dem
477 3789 145 40 ersten
652 3782 546 48 Vereins-Concerte
1235 3801 71 30 am
1352 3784 79 49 18.
1461 3786 256 48 December

221 3869 36 32 v.
285 3855 38 46 J.
360 3855 56 47 im
456 3873 181 46 grossen
665 3857 362 49 Redoutensaale
1069 3859 210 47 wohnten
1322 3862 100 47 Ihre
1452 3862 265 63 Majestäten

222 3929 80 48 der
322 3932 198 47 Kaiser
548 3934 89 46 und
659 3933 70 48 die
750 3934 255 47 Kaiserin
1037 3934 87 54 bei,
1148 3937 258 47 erschienen
1430 3939 142 63 gleich
1600 3938 117 48 beim

222 4007 199 63 Beginne
436 4007 74 47 des
527 4009 237 48 Concertes
786 4009 90 48 und
892 4010 254 49 verweilten
1165 4010 64 49 bis
1248 4013 113 47 nahe
1378 4031 97 30 zum
1494 4014 224 58 Schlüsse,

1788 280 156 46 Liessen
1972 279 90 47 sich
2094 278 70 49 die
2187 278 255 65 Mitglieder
2470 277 80 48 der
2573 277 231 48 Direction
2833 277 234 49 vorstellen
3097 277 92 49 und
3219 278 52 49 be-

1785 355 172 63 zeigten
1999 354 246 48 Höchstihr
2284 354 339 64 Wohlgefallen
2677 368 56 32 an
2775 352 86 48 den
2903 353 275 65 Leistungen
3220 354 78 50 des

1793 430 198 47 Vereins.

1900 508 87 45 Am
2019 504 86 49 23.
2129 504 256 49 December
2413 520 36 32 v.
2479 505 40 47 J.
2549 510 218 41 ernannte
2795 503 80 48 der
2905 504 163 48 Verein
3100 504 174 48 einstim-

1788 581 91 64 mig
1908 580 88 48 und
2029 583 78 45 mit
2134 583 167 47 lautem
2330 580 169 47 Zurufe
2527 581 53 46 E.
2609 580 63 47 M.
2702 580 183 47 Arndt
2919 598 52 29 zu
3006 581 167 47 seinem
3205 581 70 49 ein-

1787 658 383 64 undneunzigsten
2201 658 303 62 Geburtstage
2536 656 105 64 (26.
2672 655 271 66 December)
2989 673 98 32 zum
3120 658 178 48 Ehren-

1784 734 243 65 Mitgliede.
2039 736 165 45 —Der
2231 734 236 48 Beschluss
2496 733 77 47 des
2598 733 203 54 Vereins,
2832 734 76 46 für
2936 733 183 48 Arndt's
3143 734 124 47 Denk-

1787 811 86 47 mal
1903 810 69 47 ein
2004 810 194 48 Concert
2230 828 52 29 zu
2314 809 162 64 geben,
2515 809 125 47 stiess
2677 809 81 47 auf
2780 810 402 62 Schwierigkeiten
3211 827 84 30 von

1784 903 160 30 aussen
1976 886 96 56 her,
2108 886 70 50 die
2206 903 52 30 zu
2289 885 246 63 beseitigen
2564 884 122 48 nicht
2714 885 43 47 in
2786 885 81 48 der
2894 886 155 47 Macht
3077 885 76 48 des
3184 886 86 48 Ver-

1784 961 93 48 eins
1906 962 86 63 lag.
2025 960 43 65 (!)

1898 1039 96 45 Der
2020 1045 117 39 erste
2166 1037 203 47 Versuch
2400 1037 123 49 einer
2547 1035 537 49 Carnevals-Liedertafel
3109 1036 43 47 in
3177 1037 89 47 Mas-

1785 1114 156 47 ken—
1953 1114 75 47 für
2058 1114 140 49 Wien
2227 1130 88 31 neu
2402 1114 182 63 glückte
2612 1112 316 49 vollkommen.
2968 1114 61 45 Es
3059 1129 152 32 waren
3241 1129 57 32 an

1784 1190 108 48 200
1936 1191 173 63 Sänger
2150 1190 92 48 und
2283 1206 56 32 an
2383 1188 108 51 300
2536 1191 133 47 Gäste
2706 1205 221 48 zugegen,
2976 1205 159 33 wovon
3187 1188 108 50 300

1785 1267 286 64 mannigfach
2101 1267 248 47 costumirt.
2396 1267 86 47 Ein
2512 1265 250 49 Schwank:
2815 1303 17 18 „
2842 1265 67 48 Le
2938 1265 235 49 Carnaval
3195 1267 107 47 c'est

1783 1342 44 48 la
2005 1380 13 19 ,
2054 1345 143 47 Scene
2235 1342 220 48 zwischen
2485 1342 124 48 einer
2645 1342 466 64 Augsburgerin,
3150 1342 147 48 einem

1784 1420 390 63 preussischen
2204 1420 365 48 Kreuzritter
2598 1417 91 48 und
2717 1418 125 49 einer
2870 1418 303 59 Kölnerin,
3203 1435 97 32 war

1785 1496 158 48 höchst
1971 1496 256 63 ergötzlich.

1900 1571 85 47 Die
2013 1571 295 64 Sängerfahrt
2335 1571 114 48 nach
2482 1569 141 49 Graz
2658 1569 92 49 und
2791 1569 71 49 die
2904 1568 102 50 dort
3034 1568 265 65 gegebenen

1787 1647 331 48 Productionen
2142 1665 71 30 am
2240 1647 46 48 8.
2310 1646 91 48 und
2419 1647 47 47 9.
2484 1646 270 64 September
2776 1646 42 48 d.
2839 1647 42 47 J.
2905 1646 218 48 brachten
3149 1646 146 48 2175

1787 1723 176 50 Gulden
2002 1724 273 65 Reinertrag
2315 1742 54 29 zu
2410 1723 384 48 vaterländischen
2842 1723 90 48 und
2976 1723 323 64 wohlthätigen

1784 1799 239 49 Zwecken.

1900 1878 87 46 Am
2037 1876 81 49 17.
2160 1876 270 66 September
2471 1877 41 47 d.
2552 1878 41 46 J.
2636 1876 160 48 erhielt
2837 1874 81 49 der
2960 1874 165 49 Verein
3171 1876 129 47 einen

1788 1953 302 63 prachtvollen
2108 1953 314 48 Ehren-Pocal
2444 1953 141 48 durch
2604 1953 237 47 Beschluss
2865 1952 76 48 des
2965 1950 297 49 Gemeinde-

1788 2036 81 40 rat
1883 2029 94 47 hes
2018 2046 85 30 von
2134 2029 138 48 Wien
2305 2028 158 65 (Hört!
2493 2028 138 65 hört!)
2677 2029 80 47 mit
2799 2027 232 64 folgender
3068 2027 232 48 Inschrift:

1799 2105 128 55 „Die
1964 2104 159 50 Stadt
2165 2105 166 47 Wien
2373 2105 184 49 widmet
2585 2104 102 48 dem
2719 2105 169 46 wiener
2916 2105 384 63 Männergesang-

1789 2182 192 47 Vereine
2004 2182 150 47 diesen
2171 2182 327 48 Ehrenbecher
2519 2183 64 47 als
2598 2182 193 47 Zeichen
2810 2180 79 47 der

1788 2259 92 46 Das
1911 2258 409 63 Begleitschreiben
2350 2258 108 48 hebt
2489 2259 175 53 hervor,
2695 2257 101 48 dass
2824 2257 70 48 die
2923 2257 146 55 Stadt,
3110 2273 82 39 „an
3223 2257 51 47 de-

1788 2351 77 30 ren
1889 2334 347 48 Festlichkeiten
2260 2334 80 48 der
2364 2334 165 48 Verein
2554 2334 88 47 sich
2669 2333 267 48 wiederholt
2966 2333 91 48 und
3083 2340 108 41 stets
3220 2334 80 46 mit

1787 2409 102 48 dem
1930 2410 315 64 glänzendsten
2287 2410 188 65 Erfolge
2891 2409 70 48 die
3004 2409 298 65 Gelegenheit

1789 2488 207 63 ergreife,
2027 2488 127 47 ihren
2183 2488 133 47 Dank
2348 2486 355 49 auszudrücken.

1902 2564 113 47 Eine
2047 2564 241 47 kirchliche
2316 2565 133 47 Feier
2466 2565 229 47 —Messe
2722 2579 83 32 von
2847 2564 108 54 „Dr.
2985 2563 146 47 Ritter
3153 2564 147 46 Franz

1788 2657 84 31 von
2375 2638 95 67 (sie)
2203 2641 205 47 —nicht
2435 2641 261 64 gerechnet,
2738 2640 53 47 ist
2830 2639 80 47 der
2941 2639 164 48 Verein
3148 2639 43 47 in
3228 2639 76 47 eilf

1788 2715 377 48 öffentlichen
2208 2716 419 49 Productionen
2672 2715 48 63 (3
2753 2716 269 55 Concerten,
3053 2714 30 49 3
3112 2714 161 48 Lieder-

1788 2792 134 49 tafeln
1954 2794 90 45 und
2076 2794 29 47 5
2137 2792 500 65 Fest-Productionen),
2665 2792 120 49 dann
2815 2792 42 47 in
2886 2792 108 47 zwei
3023 2791 277 56 Serenaden,

1788 2870 92 47 also
1910 2870 58 47 im
2001 2871 179 46 Ganzen
2211 2870 270 48 dreizehn
2512 2871 129 55 Mal,
2669 2886 79 31 vor
2776 2869 79 48 das
2884 2869 237 47 Publicum
3153 2876 122 57 getre-

1790 2952 88 41 ten.
1922 2947 232 46 Darunter
2181 2946 70 47 ein
2281 2946 91 47 Mal
2405 2946 136 62 (beim
2571 2944 513 64 Schiller-Fackelzuge)
3115 2945 42 47 in
3190 2944 84 47 Ver-

1790 3021 202 65 bindung
2021 3022 79 47 mit
2128 3022 85 47 den
2237 3022 94 47 drei
2357 3022 197 47 anderen
2579 3021 432 65 Gesang-Vereinen
3037 3038 83 30 von
3144 3020 158 54 Wien,

1789 3099 70 47 ein
1901 3099 91 47 Mal
2037 3097 86 66 (bei
2168 3099 80 47 der
2289 3099 256 47 feierlichen
2587 3099 280 63 Enthüllung
2910 3097 78 47 des
3022 3097 280 64 Erzherzog-

1788 3173 470 65 Karl-Monumentes)
2303 3182 132 41 unter
2484 3175 296 63 Mitwirkung
2827 3175 77 47 des
2955 3173 348 49 akademischen

1788 3252 395 64 Gesang-Vereins
2226 3252 90 47 und
2358 3253 108 46 zwei
2496 3252 91 48 Mal
2625 3252 42 47 in
2698 3251 338 49 Gemeinschaft
3079 3252 79 46 mit
3197 3251 102 47 dem

1789 3336 178 56 gratzer
1994 3327 598 65 Männergesang-Vereine.

1905 3406 99 46 Von
2047 3405 85 48 den
2176 3405 181 48 Chören
2395 3421 151 32 waren
2592 3405 67 48 29
2692 3420 104 38 neu,
2838 3402 217 50 darunter
3083 3420 84 32 von
3199 3402 101 48 dem

1788 3481 306 48 Chormeister
2134 3482 152 46 Herrn
2324 3481 255 48 Herbeck
2618 3480 318 48 Fest-Chor
2978 3478 325 66 (Doppelchor)

1785 3575 78 28 zur
1887 3557 282 64 Enthüllung
2190 3557 78 47 des
2291 3556 468 56 Mozart-Denkmals;
2790 3556 278 47 Fest-Can
3084 3562 111 41 täte
3224 3556 80 47 mit

1787 3634 547 64 Harmonie-Begleitung
2373 3651 80 29 zur
2494 3633 282 64 Enthüllung
2819 3632 76 48 des
2933 3633 251 47 Denkmals
3225 3632 78 48 des

1788 3709 277 65 Erzherzogs
2107 3711 134 54 Karl;
2298 3711 170 54 „Gruss
2510 3725 56 31 an
2978 3708 43 47 in
3065 3709 117 47 Graz
3224 3725 52 48 ge-

1787 3802 186 48 sungen.

1902 3863 85 47 Die
2027 3863 111 48 Zahl
2179 3862 79 47 der
2300 3862 363 48 ausübenden
2705 3862 330 65 Mitglieder
3076 3862 92 48 hob
3209 3862 93 48 sich

1789 3955 81 30 von
1889 3938 126 57 222,
2034 3939 100 47 dem
2156 3938 400 65 nachgewiesenen
2582 3938 168 50 Stande
2773 3938 76 50 des
2872 3939 188 47 Vereins
3088 3955 102 31 vom
3215 3938 87 50 30.

1789 4014 268 65 September
2084 4014 161 60 1859,
2274 4015 80 49 auf
2372 4014 105 48 247
2504 4015 187 64 Sänger.
2720 4017 94 48 Das
2836 4014 437 50 Namens-Verzeich-
