3515 4371
1707 202 106 50 346

233 353 153 48 Ohren
418 346 326 66 unerträgliche
775 345 156 65 Folge,
972 344 71 48 die
1085 344 110 49 aber
1231 344 113 48 noch
1376 344 63 46 ins
1467 341 260 49 Mittelalter

231 426 144 49 hinein
417 424 175 65 spukte,
633 423 84 48 wie
747 439 100 31 man
879 438 79 32 aus
988 420 245 48 Hucbald's
1263 419 127 63 (840
1400 418 180 49 —930
1609 418 116 47 nach

229 500 162 50 Christi
417 498 189 64 Geburt)
631 498 221 48 Schriften
882 496 129 55 sieht,
1042 496 117 56 dem,
1186 496 86 47 wie
1293 495 151 47 seinen
1466 494 234 63 Zeitgenos-

228 594 92 39 sen,
357 576 69 47 die
455 576 227 56 Quarten-
713 572 90 49 und
835 572 320 65 Quintenfolge
1183 571 113 48 noch
1327 571 72 48 die
1425 571 130 47 allein
1586 586 111 47 ange-

225 654 160 47 nehme
413 668 108 31 war.

334 727 135 47 Diese
498 726 357 64 Behauptungen
897 722 96 49 sind
1034 741 93 31 nun
1165 740 119 32 zwar
1313 722 276 64 keineswegs
1618 738 104 39 neu,

221 802 269 50 namentlich
520 804 43 45 in
592 800 307 49 Deutschland
927 800 139 56 nicht,
1095 816 93 32 was
1217 800 114 48 auch
1360 799 138 48 schon
1528 814 79 32 aus
1636 797 84 47 den

221 880 184 56 Stellen,
447 877 70 49 die
544 877 120 49 Fetis
705 892 79 32 aus
824 875 86 48 den
948 876 42 46 in
1029 891 207 32 unserem
1268 882 146 41 ersten
1442 873 174 49 Artikel
1646 889 50 48 ge-

229 964 195 40 nannten
461 953 242 49 deutschen
732 951 346 48 Schriftstellern
1118 951 136 48 selbst
1294 951 204 56 anführt,
1540 950 156 47 hervor-

223 1032 132 62 geht;
384 1031 127 47 allein
540 1030 61 47 sie
630 1027 97 48 sind
755 1027 139 48 durch
925 1027 279 64 eingehende
1227 1028 285 61 Erörterung
1540 1025 90 48 und
1659 1025 58 47 im

220 1108 184 47 zweiten
427 1106 155 47 Theile
604 1106 80 47 der
705 1105 165 48 Schrift
893 1105 241 48 besonders
1157 1105 112 47 auch
1301 1103 139 47 durch
1471 1102 70 47 die
1569 1101 121 48 Rück-

221 1182 280 48 sichtnahme
530 1181 80 49 auf
633 1181 68 47 die
729 1182 299 46 Instrumente
1057 1180 79 47 der
1164 1180 133 47 Alten
1326 1178 286 49 anschaulich
1642 1195 52 45 ge-

223 1260 163 47 macht.
435 1258 83 47 Die
560 1256 346 49 ausführlichste
938 1254 330 65 Widerlegung
1308 1254 111 47 wird
1462 1254 122 47 einer
1625 1253 64 48 Ab-

224 1334 228 63 handlung
474 1333 75 48 des
567 1334 251 46 Franzosen
845 1332 232 47 Vincent
1099 1348 49 30 zu
1175 1332 145 56 Theil,
1343 1331 71 47 die
1438 1332 41 47 in
1498 1331 195 47 Deutsch-

219 1409 103 50 land
350 1409 146 63 wenig
524 1408 109 47 oder
661 1425 81 47 gar
769 1408 122 46 nicht
918 1407 200 48 bekannt
1146 1408 65 47 ist.
1263 1408 72 47 Sie
1364 1408 116 47 steht
1508 1408 84 47 als:

219 1483 81 51 tice
324 1500 81 33 sur
432 1482 108 51 trois
564 1481 287 52 Manuscrits
882 1498 130 50 grecs
1047 1482 181 65 relatifs
1260 1488 31 43 ä
1317 1483 45 48 la
1387 1481 202 66 musique
1631 1482 96 48 und,

221 1561 271 66 Fragments
518 1561 55 48 de
600 1559 204 65 quelques
831 1558 288 50 Manuscrits
1148 1561 44 47 in
1221 1559 99 49 dem
1349 1559 187 47 zweiten
1566 1559 155 47 Theile

221 1638 75 48 des
324 1638 121 46 XVI.
475 1637 176 47 Bandes
678 1635 80 49 der
1359 1634 188 50 Notices

224 1715 56 49 de
388 1713 44 48 la
527 1710 308 68 Bibliotheque
1194 1713 64 48 du
1373 1710 99 51 Roi.
1645 1713 82 48 Par
1293 1714 50 46 In
1376 1714 95 47 4to.

332 1789 84 48 Die
457 1790 242 47 Annahme
741 1806 82 30 von
866 1789 135 56 Fetis,
1043 1788 99 48 dass
1181 1789 60 47 im
1280 1788 299 48 Abendlande
1622 1788 98 47 eine

217 1865 262 65 Ausartung
510 1863 141 66 (oder,
675 1865 83 47 wie
781 1882 103 30 man
908 1864 201 65 glaubte,
1139 1865 97 47 eine
1264 1863 336 66 Erweiterung)
1640 1864 80 48 der

220 1942 245 47 Harmonie
494 1958 74 31 um
597 1940 70 49 die
687 1940 97 49 Zeit
811 1940 76 49 des
910 1943 232 62 Augustus
1170 1940 264 49 entstanden
1463 1942 78 54 sei,
1570 1940 147 49 indem

217 2034 105 31 man
350 2018 144 48 neben
524 2016 80 50 der
631 2016 524 66 Octaven-Verbindung
1198 2018 114 47 auch
1353 2019 98 46 eine
1489 2018 228 57 Quarten-

219 2093 109 48 oder
356 2094 326 57 Quintenreihe
710 2094 173 56 erfand,
913 2093 92 48 und
1033 2093 100 48 dass
1162 2094 118 47 diese
1311 2110 79 31 aus
1419 2094 100 47 dem
1553 2094 166 47 Verfall

225 2169 75 48 des
329 2170 252 48 römischen
604 2170 331 47 Kaiserreiches
964 2170 42 47 in
1038 2170 68 47 die
1134 2170 148 47 Musik
1310 2170 76 47 des
1416 2178 145 39 ersten
1584 2170 107 48 Jahr-

220 2246 210 47 tausends
459 2246 113 47 nach
604 2246 160 47 Christi
795 2246 176 47 Geburt
998 2246 397 64 herübergezogen
1425 2246 184 49 worden
1639 2248 78 53 sei,

220 2321 109 49 wird
352 2321 138 49 durch
522 2321 78 49 das
628 2321 189 65 Beispiel
846 2323 122 47 einer
995 2338 48 32 so
1072 2330 253 56 genannten
1355 2323 256 64 Diaphonie
1639 2338 80 32 aus

220 2397 102 49 dem
351 2397 115 49 oben
496 2399 260 47 erwähnten
784 2397 212 49 Hucbald
1033 2399 223 63 bestätigt,
1298 2399 70 47 die
1400 2399 194 48 Gerbert
1623 2399 71 47 feh-

217 2475 160 48 lerhaft
417 2475 296 65 abgedruckt,
766 2476 121 47 Fetis
938 2475 111 48 aber
1099 2491 80 32 aus
1230 2476 142 47 einem
1415 2476 304 64 Manuscripte

215 2551 75 47 des
325 2554 79 45 XI.
431 2551 331 48 Jahrhunderts
804 2552 81 47 auf
921 2551 80 48 der
1044 2551 283 65 königlichen
1369 2552 256 47 Bibliothek
1665 2569 52 30 zu

223 2629 172 47 Brüssel
427 2627 231 65 folgender
685 2630 206 46 Maassen
921 2629 259 63 hergestellt
1208 2629 78 48 hat
1312 2626 65 70 (S.
1414 2629 145 64 110):

341 3272 99 23 men
485 3262 159 44 gespielt
689 3261 128 34 hätten
860 3262 248 44 (barbarisch,
1155 3262 32 36 d.
1235 3263 23 34 i.
1306 3262 221 47 phrygisch,
1573 3263 147 45 lydisch

343 3331 36 23 u.
408 3331 28 23 s.
468 3322 75 43 w.).
570 3321 98 33 Dass
699 3320 80 34 dies
807 3321 98 33 auch
932 3332 72 24 nur
1032 3322 80 33 eine
1139 3351 13 13 r
1158 3321 278 45 Magadisation
1440 3321 17 18 tt
1460 3349 8 16 ,
1511 3322 34 35 d.
1576 3321 33 35 h.
1642 3323 80 33 eine

343 3379 123 34 blosse
494 3379 309 45 Fortschreitung
847 3381 131 33 zweier
1004 3380 215 34 Tonleitern
1261 3382 38 32 in
1336 3382 119 33 einem
1486 3381 236 34 bestimmten

342 3439 192 46 Intervall,
564 3439 231 45 keineswegs
820 3439 88 35 aber
933 3441 80 33 eine
1035 3440 304 46 Harmoniefolge
1360 3442 36 32 in
1419 3453 171 22 unserem
1611 3441 112 35 Sinne

342 3509 187 35 gewesen,
569 3498 52 35 ist
663 3499 250 34 vollkommen
955 3499 137 45 richtig
1157 3499 57 35 Ob
1261 3500 88 33 aber
1393 3500 214 45 überhaupt
1660 3500 64 34 der

343 3557 226 46 Dichter,
614 3557 81 34 dem
725 3568 37 23 es
791 3557 59 35 bei
880 3558 119 34 seiner
1026 3559 119 44 Frage
1183 3570 47 23 an
1258 3559 69 34 den
1358 3559 224 34 vornehmen
1612 3558 88 35 Gast-

341 3618 150 35 freund:
537 3619 144 41 „Wann
710 3617 146 35 werden
886 3620 65 31 wir
989 3619 55 33 bei
1082 3619 55 33 dir
1174 3631 66 22 zur
1268 3620 200 44 Siegsfeier
1508 3618 136 34 wieder
1670 3619 36 34 al-

343 3683 61 29 ten
435 3679 106 34 Wein
570 3678 148 35 trinken
745 3677 76 34 und
851 3678 234 33 Tafelmusik
1122 3678 166 34 hören?*
1402 3678 179 35 wahrlich
1618 3678 106 34 nicht

343 3739 67 34 auf
421 3738 386 44 theoretisch-genaue
819 3737 265 35 musicalische
1096 3739 224 34 Ausdrücke
1338 3739 221 34 ankommen
1572 3739 150 43 konnte,

348 3797 115 34 durch
506 3798 64 34 das
598 3799 107 33 Wort
732 3798 151 33 mixtum
924 3798 106 33 einen
1075 3798 217 34 wirklichen
1327 3805 205 35 concentus,
1571 3799 126 33 Zusam-

349 3857 211 45 menklang,
598 3857 96 36 habe
721 3857 227 36 bezeichnen
978 3857 146 44 wollen,
1155 3857 65 34 das
1249 3858 119 34 dürfte
1395 3859 96 34 noch
1519 3858 57 34 die
1604 3858 120 44 Frage

349 3918 88 35 sein.
465 3918 133 40 „Lasst
618 3929 70 22 uns
711 3918 148 34 trinken
887 3917 59 34 bei
967 3916 140 45 Geigen
1136 3916 76 35 und
1242 3918 130 33 Flöten
1400 3920 36 31 in
1465 3917 56 34 A-
1540 3917 79 34 und
1642 3917 61 34 Cis-

348 3975 68 33 dur
443 3975 143 35 durch
614 3976 278 35 einander!*
923 3975 126 35 würde
1077 3975 191 35 vielleicht
1294 3978 98 32 nach
1415 3977 308 35 Jahrtausenden

348 4033 96 34 auch
471 4034 269 46 merkwürdige
758 4035 269 45 Auslegungen
1048 4035 184 43 erfahren,
1261 4048 104 21 wenn
1383 4048 85 22 man
1493 4036 136 35 daraus
1659 4038 69 33 auf

351 4104 115 24 unser
494 4094 245 44 Ton-System
767 4095 76 34 und
871 4106 134 23 unsere
1032 4095 201 35 Harmonie
1261 4096 204 36 schliessen
1493 4097 135 38 wollte.

1915 338 84 48 Die
2027 339 139 47 Leser
2195 338 185 48 ersehen
2407 338 199 63 zugleich
2638 353 80 33 aus
2746 336 165 47 diesem
2943 336 232 65 Beispiele,
3213 354 92 33 was

2230 414 78 54 ist;
2350 414 82 47 wir
2462 412 147 49 haben
2638 414 97 45 hier
2761 412 45 47 in
2835 412 85 47 den
2952 411 158 48 beiden
3140 414 141 47 Mittel-

1796 490 98 47 stim
1904 506 99 31 men
2048 490 97 48 eine
2173 490 329 63 Magadisation
2544 490 42 47 in
2623 489 80 48 der
2733 490 201 56 Quarte;
2977 490 41 46 in
3048 489 80 47 der
3157 496 147 41 ersten

1797 565 90 47 und
1917 565 204 57 zweiten,
2162 565 91 48 und
2291 565 115 48 eben
2444 581 49 31 so
2522 564 42 48 in
2595 564 80 48 der
2698 565 164 47 dritten
2893 564 90 47 und
3009 565 166 47 vierten
3206 565 99 48 eine

1796 641 285 64 dergleichen
2122 642 44 46 in
2210 641 80 48 der
2319 641 191 57 Quinte;
2553 640 173 48 endlich
2768 641 96 47 eine
2895 640 329 63 Magadisation
3260 641 45 47 in

1795 717 80 47 der
1901 717 171 47 Octave
2115 717 42 47 in
2195 717 80 47 der
2313 724 147 41 ersten
2491 716 89 48 und
2610 715 164 49 dritten
2818 716 91 47 und
2938 715 42 48 in
3011 716 79 47 der
3118 717 184 47 zweiten

1795 792 87 48 und
1913 793 165 47 vierten
2108 793 202 47 Stimme.

1907 871 105 46 Man
2042 871 106 47 sehe
2176 870 90 48 sich
2293 870 141 48 dieses
2456 868 238 49 Pröbchen
2717 868 329 49 vorweltlicher
3067 868 238 49 Tonkunst

1794 962 54 31 an
1955 945 117 48 denn
2102 946 234 56 wahrlich,
2374 946 70 47 die
2474 945 154 48 wahre
2661 945 127 48 Welt
2829 945 80 48 der
2938 945 146 47 Musik
3122 945 182 48 tauchte

1794 1028 90 41 erst
1912 1037 72 32 am
2014 1022 129 47 Ende
2172 1021 77 48 des
2277 1022 284 47 vierzehnten
2587 1021 336 48 Jahrhunderts
2966 1037 81 31 aus
3081 1021 102 47 dem
3213 1021 67 48 bis-

1795 1098 184 64 herigen
2011 1098 148 48 Chaos
2187 1098 80 47 der
2295 1100 127 46 Töne
2453 1098 161 47 hervor
2719 1097 89 47 und
2849 1097 215 47 versuche
3103 1097 118 48 dann
3250 1115 52 30 zu

1794 1174 247 64 begreifen,
2084 1174 84 47 wie
2197 1191 46 30 es
2272 1174 193 64 möglich
2498 1190 226 48 gewesen,
2768 1173 99 47 dass
2896 1173 77 47 das
3005 1173 299 48 menschliche

1794 1251 99 47 Ohr
1921 1251 90 47 sich
2042 1267 55 31 an
2138 1251 97 48 eine
2272 1251 151 48 solche
2451 1252 84 46 Art
2571 1267 82 31 von
2684 1249 251 47 Harmonie
2973 1249 231 64 gewöhnt,
3239 1249 65 65 ja,

1792 1327 62 47 sie
1881 1342 136 48 sogar
2046 1327 253 63 angenehm
2329 1327 275 63 empfunden
2634 1326 141 47 habe!
2804 1327 61 46 Es
2895 1326 52 48 ist
2976 1326 93 47 dies
3098 1327 70 46 ein
3189 1327 85 47 Pro-

1795 1403 136 56 blem,
1973 1402 155 48 dessen
2171 1402 1002 65 physiologisch-pathologisch-musicalische
3213 1403 60 48 Lö-

1794 1496 114 47 sung
1938 1479 69 47 ein
2037 1479 374 47 unerreichbares
2439 1479 92 47 Ziel
2559 1479 93 47 sein
2681 1478 164 48 dürfte.

1903 1555 96 47 Aus
2041 1554 80 48 der
2163 1553 260 51 Conclusion
2464 1555 78 47 des
2581 1554 242 48 Memoires
2865 1553 148 65 geben
3062 1554 83 46 wir
3184 1554 116 48 noch

1794 1630 144 65 einige
1969 1630 418 49 beachtenswerthe
2415 1632 182 47 Stellen.

1917 1708 119 54 „Das
2065 1708 54 47 ist
2336 1714 100 57 sagt
2467 1708 116 46 Fetis
2613 1705 127 49 darin
2769 1705 114 49 nach
2914 1705 282 65 Anführung
3224 1705 77 50 des

1791 1784 211 64 Beispiels
2030 1801 80 31 aus
2139 1783 227 58 Ilucbald,
2418 1784 99 56 „die
2547 1783 257 56 Erbschaft,
2845 1781 170 49 welche
3044 1781 79 49 das
3152 1784 127 47 classi-

1790 1860 104 47 sche
1923 1860 258 47 Alterthum
2224 1859 79 48 der
2331 1875 198 32 neueren
2559 1859 97 48 Zeit
2684 1859 40 47 in
2756 1859 151 62 Bezug
2947 1858 80 48 auf
3048 1859 253 48 Harmonie

1792 1935 291 48 hinterlassen
2114 1936 92 56 hat,
2234 1935 42 48 d.
2302 1936 40 47 h.
2373 1935 69 48 die
2472 1936 371 47 vollkommenste
2863 1935 225 64 Negation
3112 1934 75 48 des
3212 1936 58 47 Ge-

1792 2013 120 47 fühls
1942 2013 75 47 für
2046 2013 70 48 die
2145 2013 346 47 harmonischen
2522 2011 411 50 Tonverhältnisse!
3018 2013 153 45 Wenn
3197 2028 104 32 man

2707 2069 2 1 -

1791 2089 213 63 übrigens
2046 2089 71 47 die
2147 2089 325 48 Aermlichkeit
2511 2089 81 48 der
2633 2088 339 49 musicalischen
3001 2088 266 49 Ton-Werk-

1788 2182 143 47 zeuge
1974 2165 80 47 der
2093 2165 576 64 pelasgisch-hellenischen
2713 2164 91 47 und
2849 2164 428 65 tyrrhenisch-latini-

1788 2241 135 47 schen
1952 2243 217 52 Stämme,
2191 2241 105 64 jene
2326 2241 185 47 elenden
2534 2241 184 47 Zithern
2747 2239 89 48 und
2860 2240 162 47 Leiern
3047 2241 79 46 mit
3147 2240 151 48 sieben

1788 2317 171 54 Saiten,
1981 2317 119 47 ohne
2124 2319 109 45 Hals
2257 2317 90 47 und
2373 2317 257 56 Griffbrett,
2651 2317 106 64 jene
2789 2317 158 47 Flöten
2978 2315 188 65 (oboen-
3191 2316 110 48 oder

1790 2395 471 47 clarinettenähnliche
2286 2392 177 66 Tibien)
2489 2395 79 47 mit
2590 2396 164 54 einem,
2776 2394 215 48 allenfalls
3013 2394 124 54 zwei,
3161 2395 112 47 höch-

1788 2477 120 41 stens
1936 2470 94 48 drei
2053 2471 226 56 Löchern,
2308 2471 115 48 auch
2453 2489 87 29 nur
2567 2471 80 47 mit
2675 2470 80 48 der
2784 2470 409 65 Mannigfaltigkeit
3221 2471 80 47 der

1791 2549 301 45 Instrumente
2122 2547 69 47 bei
2221 2546 84 48 den
2337 2546 196 57 Indiern,
2561 2546 137 48 selbst
2727 2546 70 48 bei
2829 2546 83 47 den
2943 2547 235 64 Assyriern
3208 2546 93 48 und

1788 2624 276 64 Aegyptiern
2089 2622 73 66 (?),
2191 2625 260 62 vergleicht,
2481 2641 48 31 so
2559 2641 120 31 muss
2704 2640 102 32 man
2837 2624 228 55 einsehen,
3094 2622 100 50 dass
3224 2624 77 48 das

1792 2701 75 46 für
1896 2701 167 47 andere
2084 2702 174 46 Künste
2286 2717 49 32 so
2364 2701 316 55 hochbegabte
2704 2701 113 47 Volk
2849 2700 80 47 der
2952 2700 222 48 Griechen
3204 2717 71 31 ver-

1792 2776 347 65 hältuissmässig
2169 2794 70 30 am
2263 2777 323 47 schlechtesten
2618 2778 77 46 mit
2717 2777 380 64 Natur-Anlagen
3128 2777 76 47 für
3232 2777 70 47 die

1791 2853 236 49 Tonkunst
2060 2853 191 49 bedacht
2280 2855 184 47 worden
2496 2855 65 47 ist.

1917 2932 158 53 „Trotz
2100 2931 109 47 aller
2233 2932 222 64 Analysen
2482 2931 87 47 und
2597 2930 439 63 Beweisführungen
3062 2928 112 49 wird
3198 2946 102 32 man

1790 3006 144 48 indess
1962 3007 163 48 immer
2153 3007 169 48 wieder
2361 3007 70 48 die
2463 3007 302 65 Behauptung
2801 3006 322 57 wiederholen,
3166 3022 45 31 es
3240 3007 60 47 sei

1792 3082 308 63 unglaublich,
2140 3083 101 47 dass
2284 3083 70 47 die
2383 3083 239 55 Griechen,
2669 3083 69 47 ein
2782 3082 160 65 geistig
2970 3098 48 31 so
3047 3083 253 62 vorzüglich

1791 3159 288 64 organisirtes
2110 3159 133 56 Volk,
2285 3159 71 49 die
2387 3161 181 47 Meister
2596 3159 42 47 in
2669 3158 81 48 der
2780 3158 286 65 Philosophie
3095 3159 92 47 und
3220 3161 54 45 Be-

1792 3236 287 57 redsamkeit,
2107 3237 42 47 in
2181 3237 79 47 der
2285 3238 154 47 Poesie
2470 3236 89 48 und
2583 3237 84 47 den
2693 3236 266 66 plastischen
2985 3237 223 56 Künsten,
3232 3236 70 48 die

1792 3313 236 47 Tonkunst
2068 3313 98 47 eine
2208 3313 142 47 Reihe
2389 3330 84 30 von
2506 3312 371 48 Jahrhunderten
2920 3312 107 63 lang
3067 3312 235 63 getrieben

1792 3389 168 55 hätten,
2001 3389 116 47 ohne
2147 3389 128 47 darin
2307 3389 293 47 Fortschritte
2627 3407 50 29 zu
2710 3389 190 47 machen
2939 3388 90 48 und
3060 3389 78 47 das
3170 3389 102 47 Prin-

1791 3467 67 63 eip
1889 3466 80 47 der
1997 3467 250 47 Harmonie
2274 3485 52 29 zu
2357 3466 265 55 entdecken,
2651 3467 190 48 welches
2872 3466 292 49 barbarische
3196 3467 80 48 Völ-

1794 3542 80 48 ker
1901 3542 285 48 aufzufinden
2216 3542 267 48 verstanden
2514 3542 170 48 haben!

1918 3619 185 56 „Dieser
2134 3620 100 46 Satz
2263 3619 54 47 ist
2345 3618 111 48 aber
2484 3619 80 47 viel
2600 3637 52 29 zu
2694 3618 178 49 absolut
2901 3618 268 63 aufgestellt.
3218 3618 86 48 Die

1794 3695 220 47 Griechen
2037 3694 94 48 sind
2157 3695 275 64 keineswegs
2456 3695 40 47 in
2521 3695 80 47 der
2618 3695 146 47 Musik
2788 3697 81 47 auf
2886 3695 142 49 ihrem
3053 3699 222 60 ursprüng-

1791 3772 143 48 lichen
1956 3773 312 63 Standpunkte
2290 3773 155 47 stehen
2469 3773 254 61 geblieben,
2742 3773 60 47 im
2822 3773 283 65 Gegentheil,
3123 3789 45 31 es
3191 3772 113 48 wird

1791 3847 133 49 ihnen
1947 3849 161 46 immer
2130 3849 81 46 der
2233 3848 152 47 Ruhm
2416 3848 194 56 bleiben,
2638 3848 81 49 der
2741 3849 236 48 Tonkunst
3005 3849 95 47 ihre
3127 3850 175 63 Haupt-

1794 3925 261 64 Grundlage
2096 3924 141 48 durch
2267 3925 71 47 die
2368 3925 256 65 Erfindung
2652 3927 76 48 des
2757 3927 307 48 diatonischen
3094 3927 179 63 Ton-Sy-

1792 4009 134 39 stems
1956 4000 205 65 gegeben
2191 4017 51 30 zu
2272 4000 165 48 haben.
2533 4003 127 47 Aber
2688 4003 114 48 auch
2832 4001 201 50 darüber
3064 4003 148 47 haben
3243 4001 62 47 sie

1795 4094 44 31 es
1868 4078 70 47 nie
1966 4095 52 30 zu
2049 4078 123 47 einer
2199 4076 320 66 vollständigen
2548 4079 476 64 Uebereinstimmung
3060 4078 244 64 gebracht;
