3515 4371
1711 182 101 54 351

216 318 59 35 die
305 318 287 36 G-wo7-Messe
621 329 70 24 von
720 318 309 45 Hauptmann
1058 318 37 35 in
1124 318 167 46 Leipzig,
1333 318 59 35 die
1421 319 65 36 der
1514 320 217 46 Componist

216 390 67 23 vor
310 378 47 36 25
385 379 143 34 Jahren
571 378 82 34 dem
693 377 357 35 letztverstorbenen
1081 378 147 45 Könige
1269 379 200 44 gewidmet
1510 380 118 44 hatte,
1672 380 59 34 die

214 438 90 35 aber
331 440 59 32 nie
419 438 79 35 hier
524 437 219 45 aufgeführt
771 437 140 34 wurde.
942 437 76 34 Der
1037 437 217 45 Componist
1273 450 77 22 war
1373 440 68 34 mit
1470 442 99 32 einer
1585 440 145 34 Anzahl

215 499 122 33 seiner
366 498 158 34 Schüler
560 509 72 21 von
661 496 156 45 Leipzig
859 507 65 24 zur
952 497 242 46 Aufführung
1234 498 382 47 herübergekommen
1656 501 74 33 und

216 557 136 46 sprach
383 558 77 33 sich
492 557 135 33 höchst
654 555 134 35 lobend
817 555 92 35 über
938 556 58 34 die
1037 558 278 34 künstlerische
1342 559 278 45 Reproduction
1646 571 81 33 aus,

215 616 121 35 wobei
363 628 39 22 er
428 627 70 22 nur
527 616 212 42 bedauerte,
768 615 86 34 dass
883 616 65 33 der
976 616 235 46 Säugerchor
1236 618 60 34 für
1319 618 65 34 das
1403 618 234 35 Verhältniss
1667 619 64 33 der

214 675 141 35 Kirche
381 675 77 34 und
487 675 65 33 der
578 675 332 34 Instrumentation
943 686 46 22 zu
1019 676 175 34 schwach
1223 678 66 42 sei,
1321 678 158 33 welcher
1501 677 229 34 Uebelstand

216 736 80 34 hier
322 736 118 33 schon
469 736 71 33 seit
565 732 140 37 Jahren
736 734 57 35 bei
816 734 108 44 jeder
950 734 368 48 Mess-Aufführung
1345 736 153 36 fühlbar
1525 748 87 24 war.

1442 798 76 43 (W.
1548 797 75 33 Ree
1642 798 10 43 )

293 917 186 36 bliest«
511 919 70 33 Die
610 919 165 45 Leitung
803 919 65 34 der
895 919 100 46 Oper
1025 920 94 42 „Die
1141 919 139 36 Jüdin*
1309 932 78 23 war
1416 933 46 22 an
1492 922 121 34 Herrn
1641 923 60 33 De-

216 979 103 34 soff
342 979 304 44 übergegangen,
685 978 63 35 der
775 979 66 34 das
870 979 126 35 Ganze
1033 981 196 44 energisch
1260 982 320 34 zusammenhielt.
1636 982 96 33 Herr

216 1039 131 35 Desoff
371 1039 128 34 macht
537 1039 213 45 überhaupt
787 1040 95 34 noch
912 1039 68 34 den
1009 1040 49 33 im
1089 1039 272 46 Operntheater
1401 1042 133 33 immer
1573 1040 160 37 seltener

216 1098 222 35 werdenden
466 1099 190 34 Eindruck
689 1100 99 34 einer
816 1100 115 34 frisch
961 1099 289 35 aufstrebenden
1281 1101 120 33 Kraft.
1567 1113 37 22 er
1634 1101 94 33 auch

216 1159 60 34 die
305 1159 204 45 Zähigkeit
537 1159 133 43 haben,
698 1160 79 33 sich
809 1159 120 35 weder
958 1159 117 34 durch
1105 1159 58 35 die
1192 1160 379 35 Direetions-Coterie
1591 1161 112 34 Wirt-

216 1218 137 47 schaft,
392 1221 95 33 noch
524 1219 121 34 durch
688 1219 58 35 die
775 1218 547 45 Orchester-Cameradschaft,
1364 1220 58 33 die
1450 1221 118 34 Herrn
1597 1221 136 33 Eckert

217 1290 47 23 zu
293 1279 153 34 Grunde
472 1279 184 44 gerichtet
685 1279 77 40 hat,
793 1279 187 34 abnutzen
1009 1291 47 22 zu
1084 1279 173 34 lassen?!

294 1343 77 32 Das
400 1339 401 34 Orchester-Personal
830 1339 63 34 des
922 1339 326 44 Opern-Theaters
1288 1339 84 44 gibt
1411 1350 58 23 am
1496 1337 49 44 4.,
1577 1337 55 37 18.
1661 1339 48 34 No-

218 1399 162 42 vember,
422 1397 35 36 2.
487 1399 77 34 und
600 1398 54 37 16.
684 1399 207 34 December
935 1400 77 33 vier
1053 1399 343 45 philharmonische
1435 1399 296 33 Abonnements-

216 1459 183 35 Concerte
426 1464 109 29 unter
562 1459 64 34 der
653 1458 163 46 Leitung
843 1458 65 35 des
935 1470 121 23 neuen
1084 1458 303 46 Capellmeisters
1420 1459 182 34 Desoff.
1657 1458 77 34 Der

217 1524 96 30 erste
342 1518 410 43 Orchester-Director,
799 1519 96 34 Herr
920 1519 146 45 Joseph
1095 1519 313 45 Hellmesberger,
1452 1519 50 33 ist
1530 1518 81 34 dem
1641 1518 68 34 Ver-

217 1580 157 34 nehmen
402 1580 95 33 nach
530 1591 70 22 von
621 1579 119 34 dieser
757 1580 310 44 Unternehmung
1089 1579 314 44 zurückgetreten
1433 1579 74 33 und
1536 1579 91 34 wird
1650 1578 81 35 sich

218 1651 47 23 an
294 1640 70 34 den
392 1639 287 45 Aufführungen
707 1639 104 35 nicht
840 1639 239 45 betheiligen.

293 1727 57 37 Im
377 1727 274 46 Operntheater
677 1726 162 46 gehören
880 1727 39 33 in
962 1730 174 30 neuester
1173 1726 82 33 Zeit
1283 1726 240 45 Leistungen,
1571 1726 59 35 die
1672 1727 58 34 ein

218 1788 303 35 künstlerisches
541 1787 171 45 Gepräge
741 1791 140 40 tragen,
911 1798 46 22 zu
983 1787 70 33 den
1082 1785 263 35 Seltenheiten.
1375 1785 90 34 Eine
1493 1785 129 35 solche
1649 1786 61 34 Lei-

219 1853 115 41 stung
364 1848 123 34 durfte
515 1860 86 21 man
630 1848 66 32 mit
723 1848 120 33 Recht
872 1858 71 23 von
971 1845 160 35 Ander
1174 1846 56 33 als
1260 1845 249 36 Tannhäuser
1537 1849 193 42 erwarten,

219 1908 78 35 und
324 1908 102 34 diese
453 1907 226 45 Erwartung
705 1907 50 33 ist
782 1906 106 34 nicht
915 1906 202 44 getäuscht
1145 1905 161 35 worden.
1336 1906 188 44 Beiläufig
1552 1906 180 42 bemerkt,

218 1968 125 35 haben
371 1968 67 34 wir
466 1967 117 34 durch
611 1966 123 35 Ander
762 1969 75 32 erst
864 1966 58 33 die
949 1966 126 33 Partie
1104 1965 63 34 des
1197 1965 249 34 Tannhäuser
1472 1966 38 33 in
1540 1966 194 35 Wahrheit

220 2041 48 22 zu
296 2029 113 34 hören
438 2028 234 35 bekommen.
726 2026 116 46 Steg
853 2038 49 23 er
938 2030 96 30 etwa
1061 2037 304 34 ausgenommen,
1408 2025 64 34 der
1499 2026 101 34 diese
1627 2026 107 34 Rolle

220 2090 122 46 einige
368 2089 100 34 Male
506 2090 39 32 in
580 2088 64 34 der
670 2087 251 45 Josephstadt
968 2088 66 32 mit
1077 2087 228 34 verdientem
1333 2086 152 45 Erfolge
1525 2098 208 34 gesungen,

220 2149 127 34 hatten
378 2150 66 32 wir
471 2149 127 34 bisher
626 2148 122 34 lauter
776 2146 310 35 stimm-invalide
1116 2147 75 33 und
1212 2145 96 34 auch
1329 2150 105 29 sonst
1453 2147 104 32 nicht
1583 2146 131 35 hervor-

219 2209 166 46 ragende
400 2208 412 43 Tannhäuser-Sänger
825 2206 146 45 gehört»
997 2207 81 33 Von
1100 2206 116 34 Herrn
1248 2206 320 45 Grimminger
1595 2207 140 34 konnte

220 2281 86 22 man
334 2280 68 33 gar
430 2267 226 45 behaupten,
699 2278 84 22 man
827 2266 95 34 habe
962 2266 65 33 ihn
1068 2266 159 44 gewisse
1256 2265 140 34 Stellen
1427 2265 130 45 singen
1597 2277 111 34 gese-

220 2329 114 44 hen,
366 2328 88 35 aber
482 2327 104 34 nicht
613 2326 188 46 gehört.

300 2389 73 34 Der
402 2392 96 30 erste
526 2389 57 32 ins
611 2387 110 44 Auge
748 2385 161 35 fallende
929 2384 167 35 Vortheil
1128 2384 120 34 dieser
1275 2396 119 22 neuen
1418 2385 212 44 Besetzung
1658 2396 77 22 war

221 2448 117 35 daher
376 2449 65 34 der
470 2446 197 43 Umstand,
706 2446 85 35 dass
832 2445 158 34 manche
1018 2445 153 42 Stellen,
1214 2445 58 34 die
1300 2457 86 22 man
1415 2446 125 35 bisher
1567 2456 70 23 nur
1665 2457 68 22 aus

221 2509 65 34 der
313 2509 168 34 Partitur
508 2507 150 43 kannte,
693 2507 97 44 jetzt
828 2517 48 22 zu
915 2504 296 35 tatsächlicher
1239 2505 166 44 Geltung
1442 2505 145 33 kamen.
1640 2505 95 33 Herr

220 2568 127 36 Ander
375 2580 77 22 war
480 2567 143 44 kräftig
653 2566 58 34 bei
730 2565 154 34 Stimme
913 2564 74 35 und
1013 2576 92 34 sang
1135 2564 57 34 die
1221 2564 272 46 anstrengende
1510 2565 135 39 Partie,
1677 2565 57 33 die

222 2641 39 23 er
289 2629 86 34 sehr
401 2627 208 46 eingehend
637 2625 139 35 studirt
804 2625 77 44 hat,
922 2627 66 31 mit
1016 2624 339 45 ungeschwächter
1382 2624 196 35 Ausdauer
1606 2625 127 35 durch.

220 2689 117 35 Jeder
365 2688 211 45 sangbaren
595 2686 114 35 Stelle
739 2686 100 33 ward
866 2686 59 33 ihr
952 2685 119 34 volles
1099 2686 133 44 Recht,
1262 2686 75 33 und
1366 2684 115 35 schon
1510 2685 119 34 hierin
1657 2697 78 22 war

223 2751 64 33 der
329 2748 223 36 erfreuliche
581 2745 250 37 Unterschied
878 2745 68 34 mit
986 2744 162 34 anderen
1176 2745 434 45 Tannhäuser-Sängern
1652 2746 61 33 auf-

221 2810 143 35 fallend
392 2808 234 36 bemerkbar.
684 2806 74 35 Der
786 2805 275 46 Schwerpunkt
1089 2806 93 33 aller
1210 2805 187 46 Wirkung
1435 2806 88 34 ruht
1563 2806 170 35 indessen

221 2872 61 35 bei
310 2872 166 44 Wagner
504 2867 244 37 bekanntlich
780 2869 35 32 in
845 2867 81 34 dem
954 2867 231 44 potenzirten
1215 2866 276 34 dramatischen
1521 2867 210 44 Ausdruck,

222 2931 76 35 und
341 2932 70 33 auf
447 2930 100 33 dem
580 2927 114 35 Felde
722 2929 51 31 ist
799 2926 96 35 Herr
924 2926 124 33 Ander
1077 2926 289 34 unbestrittener
1393 2926 165 34 Meister.
1613 2926 122 34 Selbst

213 2993 107 44 jenes
348 2990 270 45 Ueberwiegen
646 2987 64 34 des
738 2987 181 33 letzteren
945 2987 224 42 Elementes,
1194 2987 104 44 jenes
1319 2986 206 46 Aufopfern
1554 2987 63 34 der
1637 2988 74 33 Ton-

219 3051 198 35 schönheit
446 3050 77 33 und
552 3049 66 34 der
646 3046 289 35 musicalischen
964 3046 198 45 Betonung
1199 3058 47 22 zu
1276 3047 170 34 Gunsten
1476 3046 61 35 der
1563 3046 151 34 dramati-

220 3111 116 34 schen
364 3109 316 40 Charakteristik,
720 3107 161 34 welches
909 3108 66 33 wir
1006 3111 104 29 sonst
1145 3108 150 44 geneigt
1324 3107 93 44 sind,
1460 3107 123 33 Herrn
1611 3107 124 33 Ander

220 3170 57 34 als
306 3171 105 32 einen
440 3168 304 35 künstlerischen
773 3166 165 34 Irrthum
966 3167 267 42 vorzuwerfen,
1276 3166 99 34 steht
1410 3166 78 34 hier
1524 3168 37 32 in
1601 3167 134 33 vollem

220 3229 191 45 Einklang
451 3231 68 31 mit
562 3227 69 34 den
660 3227 207 34 Absichten
912 3226 63 35 des
1016 3227 277 45 Componisten.
1347 3227 89 33 Man
1476 3227 113 33 kennt
1616 3227 119 34 Herrn

221 3290 137 45 Ander,
402 3288 59 34 die
502 3287 347 35 leidenschaftliche
877 3286 332 35 Unmittelbarkeit
1237 3288 120 33 seiner
1383 3286 350 46 Ausdrucksweise,

220 3351 67 33 das
317 3361 71 22 von
415 3350 147 32 innerer
589 3347 184 45 Gährung
801 3347 77 33 und
907 3346 252 34 äußerlicher
1185 3346 240 34 Reizbarkeit
1454 3347 53 33 oft
1535 3346 113 34 kaum
1672 3358 42 33 ge-

220 3410 174 43 läuterte,
437 3410 38 32 in
519 3408 71 33 den
626 3408 180 34 letzteren
834 3407 141 34 Jahren
1004 3407 124 34 indess
1152 3406 117 34 durch
1297 3407 238 45 sorgfältiges
1564 3407 171 34 Studium

218 3470 211 46 gesicherte
457 3468 113 45 Spiel,
607 3467 108 44 jenes
745 3467 314 45 Sich-Hingeben,
1102 3478 85 22 man
1215 3467 146 35 möchte
1389 3479 134 33 sagen:
1554 3468 159 34 Sich-An-

220 3530 221 44 klammern,
470 3540 45 22 an
545 3529 101 33 seine
674 3528 187 44 Aufgabe.
916 3528 140 44 Daher,
1100 3528 67 33 wie
1196 3539 40 22 so
1264 3528 64 43 oft,
1369 3528 96 33 auch
1495 3528 111 34 heute
1635 3529 100 34 diese

221 3590 232 47 ergreifende
482 3589 188 44 Wirkung
699 3589 100 33 einer
828 3588 287 46 Reproduction,
1156 3587 140 34 welche
1337 3587 118 34 selbst
1495 3587 57 44 da,
1599 3600 54 22 wo
1681 3589 54 33 sie

221 3652 110 34 keine
374 3650 173 35 endliche
588 3648 272 45 Befriedigung
903 3648 254 45 zuriicklässt,
1188 3647 94 35 doeh
1308 3648 155 34 niemals
1493 3648 57 33 die
1577 3648 156 34 Illusion

221 3714 169 39 zerstört,
420 3710 88 34 dass
537 3721 84 22 man
651 3707 174 35 wirklich
853 3708 70 34 den
947 3708 268 45 dargestellten
1234 3707 208 36 Charakter
1469 3720 65 23 vor
1557 3709 80 34 sich
1658 3709 75 37 hat.

297 3861 71 33 Die
397 3859 137 33 wiener
562 3855 193 37 Deutsche
782 3854 310 45 Musik-Zeitung
1129 3854 144 34 enthält
1310 3852 170 46 folgende
1508 3852 108 34 Notiz
1644 3850 90 35 über

221 3920 323 35 unbekannte
573 3916 166 35 Werke
768 3927 72 23 von
867 3915 37 34 J.
934 3915 191 45 Haydn:
1176 3915 86 43 „Bei
1292 3914 79 34 dem
1401 3911 244 46 allgemeinen
1673 3911 40 33 In-

220 3984 154 38 teresse,
415 3977 161 35 welches
607 3977 58 34 die
691 3976 221 35 demnächst
941 3976 99 34 Statt
1067 3975 171 35 findende
1266 3973 239 44 Aufführung
1534 3971 62 34 des
1624 3971 110 44 lange

219 4041 83 34 Zeit
347 4038 229 37 unbeachtet
614 4037 243 46 gebliebenen
902 4037 237 35 Oratoriums
1184 4036 59 42 „//
1269 4036 136 33 ritorno
1435 4033 35 33 di
1503 4031 106 35 Tobia
1614 4034 16 16 u
1662 4043 71 22 von

219 4099 189 46 Joseph
438 4097 177 45 Haydn
657 4100 132 43 erregt,
833 4096 165 47 glauben
1027 4097 66 33 wir
1122 4095 113 35 durch
1265 4095 59 35 die
1352 4093 253 44 Mittheilung,
1648 4090 85 36 dass

1803 321 78 33 sich
1911 320 57 36 die
1985 322 356 48 Verlagshandlung
2368 325 220 47 Wessely
2615 329 31 35 &
2673 327 185 47 Büsing
2884 327 80 37 hier
2988 330 51 35 im
3061 330 146 35 Besitze
3234 330 63 36 der

1801 381 209 35 Partituren
2039 384 185 35 mehrerer
2251 384 204 35 theilweise
2476 385 57 35 bis
2555 386 94 45 jetzt
2669 388 216 35 unbekannt
2902 389 243 44 gebliebenen
3160 390 137 34 Werke

1800 451 71 22 von
1898 440 140 46 Joseph
2065 443 138 44 Haydn
2232 443 174 44 befindet,
2448 444 70 34 den
2557 445 234 36 zahlreichen
2818 449 202 34 Verehrern
3050 449 63 35 des
3140 460 155 34 grossen

1799 499 169 36 Meisters
1998 502 105 34 einen
2131 504 131 34 Dienst
2289 515 47 23 zu
2365 506 188 33 erweisen.
2609 506 112 35 Diese
2749 507 136 35 Werke
2913 508 82 35 sind
3022 508 195 45 folgende:

1877 561 111 41 „Vier
2014 561 111 34 Arien
2157 588 16 16 „
2176 576 65 33 per
2268 564 36 33 la
2333 563 202 35 Commedia
2563 566 183 34 Marchese
2750 569 32 36 *.
2812 565 40 47 (3
2867 569 60 33 für
2943 567 152 47 Sopran,
3114 567 18 36 1
3150 569 62 34 für
3226 569 46 34 Te-

1799 620 92 45 nor.)
1922 620 213 45 Componirt
2165 621 97 37 1763
2290 622 252 44 (italiänisch).

1879 679 77 41 „La
1985 680 198 34 Canterina
2226 682 138 46 (Opera
2401 684 133 45 Luffa),
2578 684 212 36 Intermezzo
2819 696 22 22 a
2867 685 24 33 4
2916 686 91 42 voci,
3047 686 38 34 in
3112 684 23 37 2
3161 685 133 43 Acten,

1800 739 205 43 componirt
2033 738 94 37 1766
2158 739 259 47 (italiänisch).

1880 797 72 41 „Lo
1981 797 48 47 Sp
2049 799 108 41 xia'e,
2188 800 175 35 Dramma
2387 803 140 43 giocoso
2554 804 37 33 in
2619 802 21 37 3
2669 804 130 43 Acten,
2840 804 203 44 componirt
3073 802 96 37 1768
3211 802 69 47 (ita-

1801 855 184 45 liänisch).
2039 858 70 34 Die
2137 859 205 35 Ouvertüre
2368 861 75 35 und
2470 862 63 34 der
2559 863 151 45 Anfang
2737 863 64 34 der
2827 866 120 31 ersten
2975 863 85 33 Arie
3086 861 135 35 fehlen.

1880 941 16 16 9
1906 915 45 33 Le
1981 915 199 37 Pescatrice
2182 944 10 16 ,
2234 919 98 45 Oper
2373 921 35 32 in
2438 919 21 37 3
2486 922 131 43 Acten,
2658 924 205 43 componirt
2904 920 96 37 1770
3041 921 255 47 (italiänisch).

1803 974 105 35 Ohne
1936 976 223 43 Ouvertüre,
2189 978 95 34 auch
2314 979 122 34 fehlen
2464 981 118 45 einige
2610 982 297 46 Gesangstücke.

1879 1035 242 45 „L'lnfedellä
2149 1037 135 43 delusa,
2312 1038 173 36 Burletta
2511 1041 37 33 in
2577 1039 22 37 2
2624 1042 127 44 Acten,
2780 1041 204 46 componirt
3010 1040 51 34 im
3085 1039 214 47 September

1804 1092 96 38 1773
1928 1096 267 42 (italiänisch).

1882 1154 237 42 „L'lncontro
2151 1157 191 46 improviso
2345 1183 9 16 ,
2394 1157 99 46 Oper
2518 1159 38 34 in
2584 1157 22 37 3
2633 1159 130 45 Acten,
2804 1160 203 46 componirt
3034 1158 96 37 1777
3159 1159 124 44 (italiä-

1802 1213 135 45 nisch).
1965 1214 57 34 Im
2048 1216 155 33 zweiten
2231 1216 93 34 Acte
2351 1216 134 36 defect.

1882 1272 54 42 „//
1962 1274 127 34 mondo
2118 1275 94 33 della
2238 1276 118 43 Lima,
2398 1277 177 35 Dramma
2612 1280 142 44 giocoso
2795 1280 39 33 in
2870 1278 21 37 3
2920 1278 132 43 Acten,
3095 1278 204 46 componirt

1806 1331 96 36 1777
1931 1334 257 46 (italiänisch).
2215 1336 55 33 Im
2298 1338 154 33 zweiten
2480 1339 91 34 Acte
2599 1338 133 35 defect.

1882 1393 79 41 „La
1986 1395 130 42 fedeltä
2135 1397 190 45 premiata,
2354 1397 176 34 Dramma
2553 1399 140 45 giocoso
2720 1399 38 33 in
2778 1396 22 37 3
2819 1398 130 42 Acten,
2977 1396 204 46 componirt
3201 1393 96 37 1779

1803 1451 258 47 (italiänisch).
2091 1456 229 45 Aufgeführt
2347 1458 58 34 bei
2433 1458 62 35 der
2523 1459 205 46 Eröffnung
2756 1458 63 35 des
2846 1457 254 35 neuerbauten
3118 1455 180 36 Theaters

1801 1512 38 33 in
1867 1513 179 35 Esterhaz
2074 1515 50 33 im
2150 1515 117 35 Jahre
2296 1515 109 39 1780.
2460 1519 79 33 Das
2567 1519 128 35 Finale
2723 1519 63 34 des
2822 1522 120 30 ersten
2968 1517 113 33 Actes
3121 1514 76 34 und
3235 1512 64 35 der

1802 1583 117 33 ganze
1948 1573 109 34 dritte
2084 1574 72 35 Act
2184 1575 82 34 sind
2294 1576 166 35 verloren
2489 1590 203 33 gegangen.

1883 1632 204 47 „Madrigal
2088 1660 8 8 .
2142 1636 96 44 „Der
2278 1635 127 35 Sturm
2411 1637 13 16 -4
2431 1663 8 9 .
2485 1666 15 16 T
2506 1637 99 35 llark
2641 1638 55 34 the
2733 1637 84 34 wild
2843 1647 135 36 uproar
3006 1636 41 43 of
3069 1634 54 34 the
3149 1632 113 35 winds
3266 1630 16 18 u
3285 1658 12 17 ,

1803 1694 205 43 componirt
2038 1692 93 37 1792
2163 1695 216 45 (englisch).
2406 1697 183 34 Dasselbe
2617 1698 114 45 pflegt
2759 1696 94 35 auch
2883 1696 54 34 als
2966 1693 237 36 Offertorium
3230 1691 69 34 mit

1803 1752 80 35 dem
1913 1754 137 34 Texte:
2085 1755 147 35 Domine
2259 1757 214 42 auxiliator,
2503 1757 219 45 aufgeführt
2749 1768 46 22 zu
2824 1755 155 35 werden.

1881 1813 98 43 „Der
2006 1814 138 44 „Ritter
2390 1816 376 35 heroisch-komische
2794 1816 99 45 Oper
2920 1816 38 33 in
2985 1813 22 36 3
3035 1813 130 35 Acten.
3205 1811 69 33 Auf-

1802 1873 152 44 geführt
1981 1875 22 31 ä
2025 1874 122 45 grafid
2174 1874 185 36 Orchestre
2386 1877 70 33 auf
2479 1877 80 33 dem
2587 1888 153 34 grossen
2768 1872 339 38 Pfalzbaierischen
3135 1871 163 34 Theater

1802 1932 37 34 in
1867 1933 214 34 Mannheim
2110 1933 205 45 (deutsch).

1883 1992 54 43 „//
1961 1994 136 33 rilomo
2127 1994 38 34 di
2196 1994 118 43 Tobia,
2344 1995 214 35 Oratorium
2587 1995 12 46 (
2603 1995 132 35 Azione
2754 2006 107 23 sacra
2863 1994 13 47 )
2904 1994 39 33 in
2969 1990 22 36 2
3019 1990 280 45 Abtheilungen

1804 2052 234 45 (italiänisch
2065 2055 66 32 mit
2159 2055 198 34 deutscher
2384 2056 300 45 Uebersetzung)

1883 2112 94 42 „Die
2006 2113 160 45 Copieen
2196 2115 151 34 wurden
2374 2117 67 33 mit
2467 2115 254 46 Bewilligung
2750 2115 53 35 Sr.
2828 2110 262 39 Durchlaucht
3115 2109 64 34 des
3206 2108 70 34 Für-

1806 2174 82 31 sten
1914 2173 206 45 Esterhazy
2145 2175 51 32 im
2224 2174 116 35 Jahre
2370 2173 95 37 1846
2505 2175 68 33 auf
2596 2175 277 43 Veranlassung
2900 2172 64 34 des
2991 2182 78 22 nun
3094 2167 186 36 verstorbe-

1804 2242 72 22 nen
1902 2232 303 35 Kunsthändlers
2232 2234 47 34 H.
2309 2234 39 34 F.
2377 2234 176 35 Müller
2590 2246 71 23 von
2697 2234 69 34 den
2800 2234 50 33 im
2876 2229 256 37 Eisenstädter
3158 2227 141 36 Archiv

1805 2291 267 35 vorfindlichen
2102 2292 216 46 Originalen

1880 2416 78 33 Das
1985 2415 39 33 in
2050 2415 264 34 vorstehender
2340 2416 164 46 Anzeige
2545 2416 188 35 erwähnte
2770 2413 273 36 Oratorium
3084 2420 70 24 von
3196 2407 99 36 Jos.

1804 2476 188 45 Haydn:
2037 2475 54 42 „//
2116 2476 137 34 ritorno
2283 2477 36 33 di
2351 2477 143 44 Tobia*,
2537 2476 127 34 wurde
2701 2477 50 32 im
2777 2475 115 34 Jahre
2921 2470 95 38 1775
3055 2481 87 22 zum
3172 2471 122 31 ersten

1805 2535 99 34 Male
1931 2536 38 33 in
1999 2536 129 33 Wien
2157 2547 82 23 zum
2258 2536 134 34 Besten
2417 2536 62 34 der
2499 2535 539 35 Tonkiinstler-Witwencasse
3065 2527 231 46 aufgeführt.

1804 2595 112 33 Diese
1944 2595 107 34 Notiz
2081 2595 113 34 findet
2221 2596 80 33 sich
2340 2596 59 34 bei
2427 2596 178 34 Gerber
2633 2596 139 41 (Neues
2800 2594 165 35 Lexikon
2994 2590 63 33 der
3083 2588 191 34 Tonkünst-

1804 2655 66 42 ler,
1901 2655 67 35 Th.
1998 2654 63 46 11.,
2090 2656 79 35 Art.
2196 2655 24 34 J
2262 2656 150 44 Haydn,
2443 2657 36 35 S.
2507 2654 113 46 562);
2664 2654 169 46 zugleich
2863 2651 91 35 wird
2990 2650 66 33 das
3085 2646 212 36 Oratorium

1806 2716 55 33 als
1890 2715 306 46 Manuscript
2225 2716 227 35 bezeichnet.
2498 2716 190 34 Gedruckt
2713 2717 49 32 ist
2789 2726 38 22 es
2856 2712 96 34 auch
2981 2707 187 49 späterhin
3193 2705 103 35 nicht

1804 2775 159 35 worden.
1992 2776 69 33 Die
2083 2778 94 43 jetzt
2203 2777 290 34 bevorstehende
2512 2775 241 44 Aufführung
2773 2775 37 33 in
2831 2774 107 33 Wien
2966 2770 143 36 scheint
3134 2768 69 33 den
3228 2766 51 33 ita-

1804 2834 207 35 liänischen
2041 2836 96 33 Text
2163 2836 232 34 beibehalten
2424 2849 45 21 zu
2499 2837 142 34 wollen.
2669 2837 42 32 In
2739 2833 236 35 München
3001 2829 155 36 bereitet
3182 2826 92 34 Gene-

1804 2895 392 35 ral-Musik-Director
2234 2897 118 34 Franz
2396 2897 168 34 Lachner
2603 2898 80 32 eine
2723 2894 238 41 Aufführung
2998 2890 66 33 mit
3103 2884 196 37 deutscher

1804 2954 284 45 Uebersetzung
2118 2955 191 36 desselben
2339 2968 76 23 vor.
2469 2957 59 33 Da
2555 2956 37 35 J.
2621 2955 137 45 Haydn
2793 2955 48 32 im
2868 2951 114 34 Jahre
3015 2945 92 37 1732
3137 2944 160 47 geboren

1804 3017 61 43 ist,
1899 3026 40 23 so
1967 3018 99 31 wäre
2094 3027 38 22 er
2159 3016 58 34 bei
2248 3017 63 33 der
2339 3019 120 32 ersten
2478 3016 239 44 Aufführung
2745 3016 35 32 in
2801 3013 107 35 Wien
2935 3009 47 35 43
3011 3007 115 35 Jahre
3154 3004 53 34 alt
3234 3013 42 35 ge-

1804 3086 136 23 wesen.
1994 3076 49 34 Es
2071 3076 49 33 ist
2147 3076 87 34 aber
2262 3076 85 35 sehr
2375 3075 320 43 wahrscheinlich,
2740 3073 84 34 dass
2865 3083 39 22 er
2945 3069 65 33 das
3040 3065 112 35 Werk
3181 3062 116 35 schon

1805 3135 126 34 früher
1958 3135 253 45 geschrieben,
2255 3135 45 35 da
2341 3147 38 23 er
2419 3136 137 34 bereits
2585 3136 70 32 seit
2685 3131 93 37 1760
2806 3128 279 48 Capellmeister
3113 3124 64 34 des
3205 3123 69 31 Für-

1805 3199 81 30 sten
1912 3195 207 46 Esterhazy
2147 3208 73 21 war
2250 3196 71 33 und
2349 3196 120 34 dieser
2495 3198 92 31 stets
2616 3193 58 34 die
2701 3192 192 34 Primitien
2920 3187 63 35 der
3000 3181 298 48 Compositionen

1805 3255 171 45 Haydn's
2004 3255 60 34 für
2091 3255 78 33 sich
2196 3256 36 33 in
2259 3256 197 44 Anspruch
2486 3254 121 42 nahm,
2649 3251 225 37 namentlich
2913 3248 58 34 die
3000 3240 298 39 Kirchenstücke

1806 3318 129 31 immer
1963 3320 125 30 zuerst
2114 3316 38 32 in
2187 3315 228 41 Eisenstadt,
2456 3315 63 34 der
2553 3314 179 36 Residenz
2773 3311 63 34 des
2878 3311 170 37 Fürsten,
3088 3300 211 47 aufgeführt

1806 3377 162 34 wurden.

2119 3487 69 32 Die
2230 3486 77 34 vier
2335 3485 479 40 Gesellschafts-Concerte,
2855 3481 107 34 deren
3005 3481 113 32 erstes
3148 3488 58 22 am
3236 3474 58 36 11.

1804 3547 207 37 November
2038 3549 97 31 Matt
2162 3546 125 42 findet,
2321 3546 155 45 bringen
2504 3545 80 33 laut
2613 3543 223 44 vorläufiger
2863 3541 161 44 Anzeige
3039 3551 8 21 :
3090 3548 71 24 von
3188 3536 86 34 Beet-

1806 3609 118 34 hoven
1952 3608 57 33 die
2034 3607 178 34 />-Messe
2240 3606 76 33 und
2345 3605 58 34 die
2431 3606 117 33 vierte
2578 3604 183 41 Sinfonie;
2791 3613 69 23 von
2878 3601 142 33 Mozart
3043 3598 56 33 die
3121 3596 154 34 maureri-

1804 3669 88 33 sche
1921 3667 287 41 Trauermusik;
2255 3677 69 23 von
2353 3666 213 33 Schumann
2880 3671 69 22 von
2979 3657 182 35 Schubert
3198 3666 74 34 sym-

1804 3728 204 47 phonische
2034 3727 244 45 Fragmente;
2321 3737 73 22 von
2434 3724 105 35 Catel
2575 3724 212 34 Ouvertüre
2827 3724 118 51 zu

1803 3789 208 35 Volkmann
2041 3785 347 44 Clavier-Concert;
2416 3797 72 23 von
2516 3784 156 35 Debrois
2701 3794 69 21 van
2798 3780 129 45 Bruyk
3212 3775 65 44 (Ge-

1805 3848 102 34 dicht
1937 3859 71 21 von
2036 3845 162 43 Hebbel)
2228 3846 60 34 für
2316 3845 97 43 Solo,
2440 3845 99 33 Chor
2565 3843 73 34 und
2668 3841 206 35 Orchester.
2978 3838 56 35 lm
3061 3840 122 31 ersten
3205 3834 71 35 Con-

1804 3913 98 30 certe
1947 3907 63 34 der
2049 3906 316 45 Sing-Akademie
2406 3917 58 22 am
2508 3904 58 37 15.
2607 3902 208 36 November
2853 3900 170 34 kommen
3051 3895 137 35 Werke
3228 3905 72 23 von

1803 3970 37 33 J.
1869 3969 34 35 S.
1933 3967 112 44 Bach,
2074 3966 223 44 Palestrina,
2336 3966 114 45 Lotti,
2493 3963 273 42 Mendelssohn,
2805 3961 211 35 Schumann
3046 3958 105 45 („Die
3179 3954 101 35 Talis-

1962 4026 74 34 und
2065 4027 91 33 zwei
2182 4026 278 43 Frauenchöre)
2502 4024 74 34 und
2615 4022 176 34 Wilhelm
2819 4020 95 35 Rust
2956 4030 67 24 zur
3050 4017 247 44 Aufführung.

1804 4091 78 33 Das
1910 4088 129 34 zweite
2067 4086 158 35 Concert
2267 4086 64 34 der
2370 4083 315 46 Sing-Akademie
2725 4081 115 35 findet
2880 4092 59 22 am
2967 4079 32 38 6.
3027 4079 144 34 Januar
3197 4077 24 34 k
3259 4074 39 37 J.
