2692 4353
1297 4081 82 47 197

329 493 2 69 «
395 493 77 58 In
491 495 120 47 allen
628 493 385 61 Ameisenhäufen
1032 499 51 55 ist
1099 502 91 42 das
1201 499 149 46 lVort
1372 498 302 60 »fkeberhaft«
1694 504 168 44 wieder
1877 516 54 41 zu
1948 504 158 54 Ehren
2128 504 272 58 gekommen.

304 551 100 47 Der
427 552 145 50 Stock
603 558 80 41 des
708 556 198 57 Krieges
939 556 143 57 bohrt
1113 554 287 60 fürchterlich
1429 560 45 45 in
1507 559 129 56 ihren
1657 561 314 57 Wohnungen
2003 566 93 42 und
2129 565 68 44 die
2229 566 171 56 reichste

304 612 243 45 Eierernte
576 614 52 54 ist
658 613 220 57 bedroht:
916 615 120 45 Wer
1067 617 120 44 wird
1222 615 159 56 unsere
1413 618 180 45 Kinder
1626 618 167 56 lehren,
1826 618 283 57 verharren,
2144 646 68 32 —-,
2235 647 70 31 ———,
2330 649 67 31 -——,

307 682 113 41 nun,
465 671 75 53 ihr
571 671 120 56 wißt
724 671 148 57 schon:
917 674 87 44 alle
1038 671 388 61 marktgängigen
1457 676 204 47 Vorder-
1694 681 94 42 und
1818 678 315 55 Zzinterindier
2163 693 53 42 zu
2248 683 148 56 ehren,

304 740 53 42 zu
388 726 166 59 kaufen
587 734 92 42 und
713 731 365 57 nachzuahmen?
1121 731 383 60 Jmperialistenl

391 895 128 46 Aber
540 897 122 48 wie?
698 898 84 57 Jst
813 900 94 45 kein
929 898 326 59 Burgfriede?
1292 900 103 47 Den
1424 901 335 56 kunstübenden
1781 903 436 60 Reserveoffizieren
2250 909 51 56 ist
2331 910 68 44 die

305 953 475 61 Begeisterungsader
822 958 75 45 bis
932 970 102 41 zum
1064 958 242 57 Pulsieren
1350 961 44 45 in
1434 959 307 57 entfesselten,
1786 961 250 57 feierlichen
2067 965 232 57 Rhytmen
2330 979 46 45 ge-

305 1011 255 58 schwollen,
603 1016 270 53 Hellerauer
903 1016 286 55 Tanzkinder
1221 1018 150 55 haben
1410 1020 168 45 wieder
1608 1019 200 58 deutsche
1838 1021 145 46 Beine
2015 1022 257 49 bekommen
2304 1031 93 40 und

305 1070 191 58 Griffel,
520 1074 68 44 die
610 1073 92 48 Zeit
725 1075 124 53 ihres
870 1074 178 46 Lebens
1070 1077 142 53 nichts
1234 1075 188 58 grisseln
1446 1078 209 55 konnten,
1690 1080 77 45 als
1794 1078 420 60 expressionistische
2233 1084 160 54 Huren

305 1133 92 42 und
441 1131 426 57 impressionistische
914 1131 339 58 Kuhschwänze
1295 1135 69 45 bei
1407 1135 493 61 Sonnenuntergang,
1946 1137 186 60 grisseln
2170 1142 99 56 jetzt
2313 1147 83 42 den

302 1187 259 56 Zzeldentod
594 1194 92 41 und
719 1193 68 43 die
819 1189 340 60 Drohgebärde
1190 1198 79 40 der
1301 1196 193 43 Mutter
1527 1195 276 47 Germania.

420 1245 136 48 Denn
578 1260 97 35 wer
695 1250 98 54 jetzt
816 1252 114 53 nicht
954 1251 201 55 erlebt,
1187 1253 120 55 jetzt
1339 1254 115 53 nicht
1476 1252 235 47 erlebt—
1745 1268 107 43 nun,
1881 1269 61 32 an
1965 1259 99 43 dem
2087 1255 96 56 sind
2205 1257 189 58 Hopfen

304 1308 92 43 und
429 1306 139 55 Malz
599 1308 237 46 verloren!

391 1480 168 47 Lieben
582 1481 151 56 Leute,
759 1492 102 49 regt
891 1486 96 51 euch
1019 1485 114 55 nicht
1166 1483 89 58 auf
1285 1485 74 45 bis
1387 1498 101 42 zum
1510 1486 297 58 Schlagsiuß
1841 1488 75 46 bis
1946 1502 102 41 zum
2068 1489 208 55 Schaum
2308 1504 88 33 vor

304 1541 99 41 dem
425 1541 197 44 Munde.
663 1541 156 46 Wenn
841 1542 73 56 ihr
946 1543 160 56 irgend
1129 1539 152 59 könnt,
1302 1545 117 55 zieht
1441 1546 77 43 als
1540 1544 439 61 Kriegsfreiwillige
1998 1561 54 40 zu
2075 1547 151 53 Felde.
2271 1549 100 46 Viel-

305 1596 138 55 leicht,
476 1598 95 56 daß
605 1600 73 55 ihr
709 1603 108 42 dort
850 1603 103 51 noch
984 1613 52 42 zu
1067 1613 108 34 was
1207 1599 120 58 nütze
1360 1602 102 53 seid.
1510 1602 136 48 Denn
1678 1618 48 30 es
1758 1605 144 45 bleibt
1935 1607 116 44 alles
2083 1607 117 45 beim
2229 1607 165 47 Alten:

303 1655 69 44 die
401 1656 372 53 Heimatbauern
812 1657 151 47 bauen
994 1659 308 57 Heimatkohi.
1356 1660 89 46 Die
1474 1659 385 60 Zzandelshäuser
1898 1665 201 56 handeln
2131 1666 264 47 Auslandsi

302 1724 141 44 Ware,
478 1716 67 43 die
567 1716 370 56 Kunstschneider
969 1724 149 39 retten
1150 1716 76 57 sich
1259 1719 162 55 Paris,
1455 1717 200 58 Brüssel,
1689 1721 210 47 Moskau
1932 1727 92 41 und
2046 1723 227 59 Lemberg
2305 1739 90 31 aus

303 1774 100 41 dem
423 1772 178 56 großen
623 1772 406 57 Zusammenbruch
1053 1779 80 42 des
1154 1776 234 53 Friedens.
1430 1781 104 42 Und
1558 1781 68 43 die
1647 1793 127 43 paar
1794 1779 154 56 Leute,
1973 1793 134 34 wenn
2130 1796 48 31 es
2200 1781 56 55 sie
2276 1783 116 57 gibt,

301 1830 69 43 die
392 1830 86 53 still
502 1832 45 43 in
570 1832 143 56 ihrem
728 1831 170 57 Wesen
922 1834 142 56 ruhen
1086 1829 185 59 können,
1294 1835 105 47 weil
1422 1849 48 32 es
1491 1837 121 53 weit,
1637 1839 121 53 reich,
1782 1836 87 57 tief
1888 1843 92 52 und
2003 1838 391 60 unerschütterlich

302 1888 62 55 ist,
398 1892 182 41 werden
613 1891 45 44 in
692 1888 78 56 sich
803 1889 200 58 bleiben,
1038 1894 115 51 nicht
1183 1892 331 57 fortschreiten,
1549 1896 115 55 nicht
1694 1894 382 57 zurückschreiteix
2124 1901 105 43 Und
2260 1913 135 33 wenn

300 1942 193 61 zufällig
523 1946 268 60 Begabung
830 1948 89 57 auf
949 1949 56 55 sie
1044 1949 96 58 fiel,
1185 1956 181 42 werden
1399 1953 110 55 diese
1539 1955 240 56 Einzigen,
1822 1958 86 43 wie
1948 1955 79 56 seit
2058 1956 333 59 Weltanfang,

300 2005 149 60 Kunst
481 2009 189 51 machen·
725 2005 1 60 h

389 2165 394 53 Zzeimatbauernt
816 2169 176 55 Merkt,
1015 2168 58 53 sie
1094 2174 182 43 werden
1299 2170 175 58 deutsch
1499 2171 104 57 sein,
1638 2172 239 57 deutscher,
1913 2174 78 47 als
2022 2176 86 53 ihr,
2141 2174 106 47 weil
2279 2177 114 55 ohne

302 2223 68 45 ein
391 2223 130 57 Auge
553 2223 89 57 aus
671 2228 84 43 den
777 2226 188 48 Markt.
1011 2226 204 58 Deutsch,
1248 2231 105 44 weil
1383 2229 177 58 deutsch
1591 2232 200 57 geboren
1822 2236 93 42 und
1949 2232 190 58 deutsch,
2172 2234 105 46 weil
2303 2248 89 32 aus

300 2282 181 44 innerer
502 2280 181 48 Stärke
715 2289 93 41 und
831 2285 219 56 Schwere
1081 2286 73 55 bis
1174 2300 103 41 zum
1297 2289 127 45 Tode
1445 2287 176 60 deutsch
1642 2290 250 58 geblieben,
1925 2298 113 50 trotz
2061 2290 330 61 unablässigen

299 2338 261 58 Aneignens
591 2339 194 60 fernsten
819 2343 390 58 Menschentums
1997 2338 1 69 ,

387 2516 127 44 War
547 2518 117 43 denn
697 2517 178 57 Goethe
906 2520 70 44 ein
1009 2519 219 56 Grieche?
1271 2517 247 58 Hölderlin
1558 2524 69 45 ein
1661 2523 200 57 Grieche,
1904 2523 106 47 weil
2042 2538 62 33 an
2137 2525 254 58 Griechheit

298 2570 261 60 gesättigt?
605 2574 180 47 Starke
817 2576 216 58 Deutsche
1064 2590 92 35 von
1190 2578 225 60 Umfang,
1447 2583 158 44 weiter
1639 2583 163 54 nichts!

387 2746 408 59 Schneiderseelen,
829 2748 361 61 Kunsthändler,
1224 2753 656 59 Genossenschaftseuropäer:
1913 2758 177 55 Merkt,
2118 2757 58 55 sie
2207 2764 184 41 werden

299 2804 284 59 europäisch,
615 2809 50 52 ja
695 2808 92 46 viel
820 2811 126 55 mehr
979 2811 78 45 als
1089 2816 110 52 das,
1233 2812 57 54 sie
1321 2818 183 42 werden
1535 2814 214 57 kosmisch
1783 2814 112 58 sein,
1929 2816 280 58 kosmischer,
2243 2818 77 46 als
2350 2821 41 52 je

299 2864 119 44 einer
451 2877 91 33 von
575 2869 118 53 euch,
726 2871 80 40 der
839 2867 79 58 sich
951 2870 67 45 ein
1051 2871 277 55 Universum
1360 2870 163 58 dünkt,
1563 2873 108 46 weil
1704 2887 48 32 er
1783 2872 88 56 auf
1901 2877 332 45 Montmartre
2265 2878 124 44 einen

297 2920 200 58 Absinth
520 2922 241 57 geschluckt
793 2931 93 41 und
919 2926 107 46 weil
1048 2942 49 30 er
1118 2928 89 57 auf
1223 2929 243 56 Zzonolulu
1487 2932 69 44 ein
1579 2931 349 55 aussterbendes
1949 2931 439 59 Kanakeiimädchen

296 2992 83 41 zur
410 2979 389 58 Seelenfreundin
831 2985 174 57 gehabt
1036 2988 101 55 hat.
1183 2988 177 55 Merkt,
1393 3001 108 34 vom
1532 2989 186 55 Fressen
1751 2990 224 47 bekommt
2008 2993 73 55 ihr
2110 2993 155 56 zuletzt
2297 3006 91 34 nur

298 3038 111 45 dicke
429 3036 203 58 Bäuche:
667 3045 92 41 und
793 3056 46 30 es
871 3045 111 44 tritt
1004 3046 68 43 die
1095 3045 415 58 Ueberbeleibtheit
1532 3052 79 40 der
1633 3049 163 55 Kunst-
1819 3053 92 42 und
1934 3049 454 59 Bildungsphilister

295 3106 186 47 zutage,
526 3101 90 42 das
649 3099 218 56 Schmalz
909 3106 80 41 der
1018 3099 215 59 Zzändler
1276 3106 84 45 mit
1399 3108 208 56 geistiger
1637 3108 171 55 Ware,
1855 3111 80 42 der
1964 3108 282 56 Zuschneider
2284 3123 78 33 aus-

298 3152 249 58 ländischer
577 3155 329 60 Modehäuser.

385 3315 84 57 Ist
502 3326 123 36 etwa
658 3315 295 51 Grünewald
986 3323 69 44 ein
1085 3320 384 59 Heimatkünstler
1500 3325 237 58 gewesen?
1799 3328 127 56 Bach
1959 3331 110 43 oder
2099 3324 187 50 Mörike
2320 3330 68 44 ein

295 3372 398 59 Zzeimatkünstley
726 3379 106 45 weil
862 3379 244 54 zeitlebens
1128 3381 254 58 baumhaft
1407 3385 44 44 in
1467 3385 294 54 Lzeimaterde
1781 3383 293 60 gewurzelt?
2120 3386 102 57 Ia;
2254 3400 133 33 wenn

295 3437 80 41 der
390 3435 199 53 Himmel
612 3433 114 47 über
747 3437 143 55 ihrem
908 3435 148 49 Stück
1072 3440 138 56 Erde,
1235 3442 45 43 in
1304 3445 99 41 dem
1424 3440 57 55 sie
1503 3443 185 56 bauten,
1712 3451 93 39 und
1829 3449 78 42 der
1924 3444 114 47 über
2054 3449 99 41 dem
2171 3444 217 58 Chinesen

294 3490 172 58 Laotse
477 3494 114 54 nicht
606 3498 171 41 anders
789 3492 206 60 gewölbt
1006 3510 118 45 war,
1141 3498 78 46 als
1230 3496 114 48 über
1358 3501 144 56 ihnen,
1516 3501 188 54 Heimat
1720 3506 79 42 der
1808 3503 267 57 Berufenen
2088 3503 159 57 heißen
2259 3503 127 56 darf.
