2509 3919
886 162 579 71 REVUE

167 343 546 93 D'HISTOIRE
771 343 117 86 ET
946 340 122 86 DE
1127 340 457 89 CRITIQUE
1635 340 551 89 MUSICALES

1069 651 203 42 Janvier.

2081 650 103 40 1901

164 658 75 41 N°
271 658 28 40 1

693 962 317 47 NOTRE
1051 961 613 47 PROGRAMME

301 1178 92 47 Les
422 1188 150 37 noms
601 1174 89 50 des
719 1176 201 48 savants
949 1172 46 49 &
1024 1172 90 49 des
1143 1172 196 49 artistes
1368 1171 193 49 inscrits
1592 1185 85 35 sur
1712 1171 42 47 la
1791 1168 238 66 première
2067 1183 125 50 page

164 1273 60 50 de
259 1275 127 45 cette
422 1271 173 48 Revue
630 1273 118 46 sont
784 1268 38 50 si
859 1282 198 36 connus
1091 1267 68 50 du
1195 1266 168 65 public
1397 1266 46 48 &
1479 1270 91 44 ont
1602 1268 108 46 tant
1744 1261 267 53 d'autorité
2045 1263 147 65 qu'ils

165 1380 131 36 nous
333 1365 295 63 dispensent
662 1364 122 49 d'un
814 1362 122 65 long
964 1361 278 50 manifeste.
1278 1361 43 48 A
1352 1375 97 34 eux
1479 1361 155 61 seuls,
1668 1359 56 49 ils
1754 1362 117 46 sont
1900 1359 42 48 le
1973 1357 222 48 meilleur

164 1463 88 48 des
284 1473 367 52 programmes.
686 1459 59 48 Ils
775 1458 166 49 disent
969 1456 378 51 suffisamment
1376 1454 246 51 l'étendue
1651 1455 60 48 de
1742 1458 140 45 notre
1909 1450 145 52 tâche
2082 1451 47 50 &
2152 1452 42 49 le

165 1552 237 53 caractère
431 1550 133 52 élevé
593 1553 68 48 du
692 1553 93 49 but
814 1550 276 66 poursuivi.

301 1649 99 50 Ces
442 1662 151 36 noms
635 1647 256 66 signifient
930 1647 159 65 qu'on
1131 1644 222 51 étudiera
1392 1646 59 48 ici
1494 1646 68 48 les
1604 1640 197 68 aspeCts
1844 1640 253 65 multiples
2134 1640 60 50 de

165 1743 238 51 l'histoire
432 1742 238 51 musicale
700 1757 59 33 en
795 1741 285 63 s'efiforçant
1114 1742 60 48 de
1211 1742 68 48 les
1316 1740 243 49 rattacher
1592 1753 99 35 aux
1725 1737 178 51 études
1937 1736 233 49 tradition-

167 1840 151 48 nelles
347 1839 47 48 &
422 1853 98 34 aux
550 1835 269 52 méthodes
855 1836 295 65 d'impartial
1187 1849 209 35 examen
1434 1835 85 65 qui
1557 1837 117 46 sont
1708 1846 60 36 en
1805 1832 231 50 honneur
2070 1830 124 50 dans

167 1948 94 35 nos
291 1930 327 53 Universités.

304 2030 65 47 La
398 2027 237 64 musique
665 2040 130 36 nous
825 2023 219 67 apparaît
1073 2025 210 50 d'abord
1311 2039 203 36 comme
1545 2038 96 36 une
1668 2025 181 62 langue
1872 2023 126 48 dont
2020 2020 28 50 il
2070 2020 120 61 faut,

164 2127 147 46 avant
339 2123 112 48 d'en
482 2122 167 65 parler,
679 2119 243 66 posséder
945 2122 42 48 la
1009 2119 298 66 grammaire
1335 2133 9 36 :
1371 2119 136 50 aussi
1529 2129 319 38 avons-nous
1871 2113 78 52 été
1973 2114 222 50 heureux

167 2218 61 49 de
256 2221 227 60 compter
511 2216 155 65 parmi
698 2230 92 34 nos
819 2214 267 50 adhérents
1115 2214 61 49 de
1207 2216 40 47 la
1278 2213 237 65 première
1546 2212 152 49 heure
1728 2212 69 48 les
1822 2209 373 65 compositeurs

165 2312 214 49 illustres
408 2311 61 48 de
498 2311 42 48 la
571 2307 189 52 seCtion
792 2310 237 49 musicale
1058 2310 60 48 de
1148 2308 248 63 l'lnstitut,
1432 2310 68 48 les
1532 2307 311 65 professeurs
1874 2305 67 49 du
1979 2305 186 49 Conser-

165 2405 186 52 vatoire
393 2405 62 48 de
497 2405 155 61 Paris,
701 2406 70 47 les
808 2409 199 46 savants
1046 2400 311 53 Bénédictins
1399 2402 59 50 de
1501 2402 256 50 Solesmes
1800 2401 47 48 &
1888 2401 69 48 les
1994 2395 200 53 maîtres

165 2498 249 67 éprouvés
444 2500 61 48 de
535 2514 94 36 nos
659 2499 218 66 grandes
908 2488 173 60 Écoles
1114 2499 266 49 musicales
1400 2512 10 49 ;

304 2597 63 47 La
397 2594 237 65 musique
662 2609 25 33 a
718 2595 70 49 les
818 2590 195 54 mêmes
1040 2594 138 48 titres
1208 2608 99 50 que
1338 2594 68 48 les
1437 2597 165 44 autres
1631 2595 99 45 arts
1758 2592 28 48 à
1808 2589 276 51 l'attention
2106 2589 89 48 des

164 2691 181 63 esprits
374 2687 205 52 cultivés
615 2703 8 35 :
658 2688 438 65 historiquement,
1131 2689 89 49 elle
1250 2692 75 46 est
1355 2689 41 47 la
1425 2702 143 34 sœur
1595 2683 139 52 aînée
1763 2686 60 48 de
1853 2687 43 47 la
1927 2682 188 66 poésie,
2148 2683 47 48 &

165 2785 28 48 il
229 2783 146 50 serait
409 2781 202 67 étrange
647 2785 179 62 qu'elle
864 2799 60 34 ne
958 2780 74 53 fût
1075 2797 89 50 pas
1203 2782 170 50 traitée
1414 2797 61 35 au
1521 2781 167 49 moins
1729 2795 115 34 avec
1888 2780 69 48 les
2001 2775 194 52 mêmes

165 2879 257 48 honneurs
450 2893 99 49 que
579 2880 70 47 les
679 2883 99 44 arts
807 2879 66 48 du
903 2877 169 50 dessin
1103 2893 67 34 ou
1200 2893 126 34 ceux
1354 2877 67 49 du
1460 2876 195 66 rythme
1691 2874 211 50 oratoire
1942 2886 8 36 :
1990 2874 122 47 c'est
2140 2886 54 33 ce

164 2974 344 63 qu'attestent,
541 2973 28 48 à
597 2976 142 45 notre
772 2970 119 65 tête,
933 2973 123 48 MM.
1098 2973 224 66 Roujon,
1363 2970 307 64 Guillaume,
1711 2971 184 60 Perrot,
1938 2966 252 63 Homolle,

167 3065 525 66 Sully-Prudhomme,
728 3068 309 62 Larroumet,
1072 3067 189 64 Muntz,
1297 3067 196 61 Michel,
1528 3064 327 62 Lemonnier;

305 3163 64 47 La
417 3162 253 63 musique,
723 3177 202 34 comme
974 3163 42 47 le
1066 3162 192 63 pensait
1306 3161 218 49 Leibnitz
1565 3161 47 48 &
1653 3173 203 36 comme
1896 3159 61 49 l'a
1999 3153 196 53 montré

168 3255 305 62 Helmholtz,
506 3260 75 45 est
609 3256 124 49 dans
764 3271 97 34 une
884 3256 211 49 certaine
1117 3255 318 66 dépendance
1458 3256 89 48 des
1573 3251 425 66 mathématiques
2023 3265 9 35 :
2059 3250 136 49 aussi

169 3364 60 34 ne
258 3347 418 54 s'étonnera-t-on
708 3366 87 49 pas
825 3351 62 48 de
913 3357 204 44 trouver
1151 3351 57 48 ici
1244 3352 40 47 le
1319 3366 122 33 nom
1477 3350 60 49 de
1568 3350 67 48 M.
1664 3346 258 64 Mercadié,
1956 3342 240 54 directeur

169 3443 88 49 des
296 3441 177 52 études
508 3445 27 48 à
571 3430 179 63 l'École
788 3445 409 65 Polytechnique,
1239 3445 124 48 celui
1400 3444 62 48 de
1499 3444 67 48 M.
1608 3443 286 61 Boutroux,
1935 3441 163 64 doyen
2135 3439 60 49 de

169 3538 43 47 la
242 3537 194 50 Faculté
465 3540 88 49 des
583 3539 228 51 Sciences
840 3540 26 49 à
896 3539 313 51 l'Université
1239 3540 61 49 de
1331 3540 323 60 Besançon...
