2509 3919
887 221 218 43 MUSIQUE
1144 221 410 37 CONTEMPORAINE

2163 226 64 57 25

267 1630 626 78 MUSIQUE
1005 1630 1191 74 CONTEMPORAINE

935 1879 89 41 Au
1049 1879 455 42 Conservatoire.

325 1985 54 39 La
413 1985 143 39 Société
587 1986 62 38 des
678 1985 185 39 Concerts
889 1985 53 39 du
971 1986 294 39 Conservatoire
1293 1991 61 34 est
1383 1985 300 40 certainement
1714 1985 36 39 la
1773 1984 199 53 première
2002 1985 237 40 institution

214 2055 194 39 musicale
431 2056 48 37 de
502 2059 116 34 notre
641 2067 116 40 pays.
785 2055 74 38 Les
882 2055 162 39 artistes
1067 2056 67 51 qui
1158 2055 38 40 la
1218 2059 246 49 composent
1486 2059 96 35 sont
1604 2058 94 35 tous
1721 2055 71 38 des
1821 2055 166 39 maîtres
2004 2067 7 34 ;
2045 2068 74 26 son
2151 2054 96 40 chef

213 2124 264 46 d'orchestre,
517 2125 54 37 M.
610 2122 198 46 Taffanel,
848 2128 62 35 est
952 2125 362 39 universellement
1353 2124 105 40 aimé
1498 2126 35 38 Se
1574 2123 161 40 estimé.
1780 2125 64 38 Me
1884 2123 357 53 permettra-t-elle

214 2194 230 51 cependant
477 2194 49 38 de
561 2193 54 38 lui
651 2194 183 38 adresser
868 2206 54 26 un
959 2194 194 51 reproche
1182 2194 81 39 très
1299 2194 131 51 précis
1465 2206 69 26 sur
1568 2193 35 39 la
1634 2191 177 41 manière
1840 2194 103 38 dont
1971 2193 73 39 elle
2072 2192 169 40 exécute

214 2262 175 40 certains
412 2262 347 39 chefs-d'œuvre?
780 2262 162 39 Autour
962 2264 54 37 du
1039 2263 106 51 tapis
1169 2267 89 36 vert
1279 2264 122 38 d'une
1422 2263 108 39 table
1559 2264 49 37 de
1637 2262 298 45 Commission,
1963 2262 68 52 j'ai
2062 2263 178 38 entendu

216 2344 52 26 un
300 2333 94 51 jour
428 2332 54 38 M.
521 2330 216 40 Théodore
773 2331 156 39 Dubois
957 2332 84 39 dire
1081 2345 7 25 :
1121 2347 24 24 «
1166 2333 198 53 J'admets
1394 2332 36 39 la
1459 2332 187 51 critique,
1679 2332 103 39 mais
1805 2333 40 50 je
1874 2331 194 39 voudrais
2097 2330 146 52 qu'elle

214 2401 159 38 donnât
394 2401 69 37 des
486 2400 158 39 raisons
666 2401 34 38 Se
723 2401 219 52 s'appuyât
958 2414 69 25 sur
1041 2402 69 37 des
1128 2414 189 38 preuves.
1338 2415 25 24 »
1379 2401 110 38 C'est
1504 2414 97 26 sous
1617 2400 203 40 l'autorité
1837 2401 48 38 de
1902 2404 105 35 cette
2022 2399 221 40 excellente

216 2469 137 52 parole
376 2482 77 38 que
470 2470 40 51 je
532 2469 113 52 place
667 2469 36 39 la
726 2471 164 50 requête
912 2471 203 38 suivante.

328 2538 220 51 Pourquoi,
580 2538 231 52 lorsqu'elle
839 2539 169 39 exécute
1035 2540 71 38 des
1136 2539 303 52 compositions
1467 2553 24 24 a
1518 2539 142 52 capella
1693 2537 270 54 (c'est-à-dire
2004 2539 70 38 des
2110 2535 134 54 pièces

216 2611 216 47 purement
461 2607 162 39 vocales
653 2608 34 38 Se
716 2606 95 40 d'où
848 2608 236 39 l'orchestre
1113 2612 61 35 est
1202 2608 150 53 exclu),
1385 2608 202 51 pourquoi
1618 2608 36 38 la
1683 2606 147 40 Société
1859 2607 168 39 fait-elle
2057 2608 188 49 toujours

216 2675 190 52 précéder
427 2689 66 26 ces
515 2676 303 52 compositions
841 2677 96 39 d'un
961 2677 167 51 prélude
1151 2677 318 39 instrumental?
1491 2678 111 38 Dans
1625 2678 34 38 le
1683 2677 221 52 Crucifixus
1926 2678 49 38 de
2004 2676 107 49 Loti,
2142 2677 103 37 dans

216 2744 37 40 la
289 2744 181 40 Chanson
503 2746 61 38 des
591 2747 154 37 oiseaux
773 2747 48 38 de
844 2747 257 52 Jannequin,
1135 2748 102 38 dans
1266 2746 36 39 le
1331 2747 127 38 Ferme
1486 2750 51 36 tes
1556 2760 106 38 yeux
1690 2747 49 38 de
1769 2746 255 46 Schumann,
2057 2746 101 38 dans
2187 2744 58 39 les

224 2812 170 40 Tenehrce
415 2815 48 38 de
487 2815 162 52 Haydn,
676 2816 101 38 dans
799 2815 35 39 le
858 2815 200 39 Chanteur
1078 2816 61 38 des
1162 2817 76 37 bois
1260 2817 49 37 de
1331 2815 291 39 Mendelssohn
1646 2815 69 51 qui
1745 2819 75 35 ont
1848 2814 63 40 été
1933 2814 169 40 chantés
2137 2817 109 36 cette

214 2883 143 45 année,
383 2883 57 39 les
463 2884 112 45 voix,
601 2885 55 38 les
686 2885 99 38 voix
813 2884 144 46 seules,
992 2887 324 37 entendez-vous
1349 2885 107 46 bien,
1490 2885 173 38 doivent
1692 2897 40 26 se
1764 2884 96 39 faire
1889 2885 209 37 entendre.
2137 2882 109 40 C'est

216 2952 37 39 la
287 2952 52 39 loi
374 2953 231 39 essentielle
634 2954 49 39 de
712 2967 44 26 ce
787 2967 123 40 genre
938 2953 82 40 très
1049 2954 121 39 noble
1199 2955 35 38 Se
1263 2953 80 40 très
1373 2967 76 38 pur
1476 2953 52 40 où
1552 2954 281 39 l'instrument
1855 2953 172 45 naturel,
2055 2951 186 47 humain,

216 3022 35 38 Se
273 3034 49 25 en
345 3023 134 38 même
501 3026 136 48 temps
660 3022 280 40 l'instrument
962 3036 71 39 par
1055 3024 244 45 excellence,
1402 3023 36 39 la
1461 3023 112 46 voix,
1676 3026 61 35 est
1760 3022 85 39 seul
1875 3021 206 53 employé,
2113 3021 35 40 &
2177 3021 66 51 qui

215 3088 137 41 diffère
380 3094 144 36 autant
552 3093 52 37 du
637 3105 126 39 genre
792 3093 311 52 symphonique
1126 3106 77 38 que
1227 3094 36 38 la
1285 3106 178 39 gravure
1486 3105 48 26 en
1557 3092 110 39 taille
1690 3093 132 38 douce
1844 3089 138 41 diffère
2003 3092 48 38 de
2074 3090 36 39 la
2133 3090 92 52 pein-

216 3163 89 34 ture
333 3158 20 40 à
382 3160 155 38 l'huile.
577 3161 81 45 Or,
690 3174 50 26 au
771 3161 338 47 Conservatoire,
1142 3162 238 39 l'orchestre
1411 3175 104 25 nous
1543 3161 163 53 gratifie
1740 3162 189 49 toujours
1964 3160 98 39 d'un
2097 3160 148 38 accord

218 3228 146 50 parfait
392 3228 135 40 donné
555 3242 72 39 par
656 3229 35 40 le
721 3235 177 46 quatuor
927 3231 72 53 (ou
1029 3231 177 53 l'orgue)
1235 3233 34 38 Se
1298 3235 146 34 tenant
1474 3243 78 26 une
1582 3244 52 25 ou
1664 3231 107 38 deux
1794 3242 196 31 mesures,
2018 3233 126 35 avant
2167 3241 78 39 que

217 3297 56 38 les
295 3297 201 39 choristes
518 3304 178 33 ouvrent
718 3299 36 39 la
778 3300 174 39 bouche.
980 3301 52 38 Le
1055 3300 119 53 Kyrie
1195 3301 49 38 de
1266 3301 38 38 la
1328 3313 132 26 messe
1488 3313 49 26 en
1565 3301 34 37 si
1625 3300 160 38 mineur
1813 3301 49 37 de
1890 3298 122 46 Bach,
2046 3298 199 39 certaines

218 3366 205 39 chansons
446 3368 53 37 du
523 3380 71 25 xvi
599 3375 14 17 e
635 3367 134 47 siècle,
795 3369 129 46 Sec...,
952 3370 118 38 n'ont
1093 3382 71 39 pas
1187 3368 62 39 été
1272 3368 199 53 épargnés
1495 3381 71 39 par
1589 3382 43 26 ce
1654 3368 199 53 singulier
1876 3381 140 39 usage.

331 3435 114 40 Cette
468 3436 204 39 intrusion
695 3438 49 38 de
765 3438 236 39 l'orchestre
1023 3438 68 52 qui
1115 3439 129 51 prend
1265 3438 33 38 le
1310 3438 165 52 premier
1495 3438 38 38 la
1556 3437 136 52 parole
1714 3436 36 40 là
1773 3436 52 40 où
1856 3437 27 38 il
1912 3437 65 38 n'a
1999 3436 85 39 rien
2108 3433 22 41 à
2159 3435 84 38 dire

218 3515 21 26 a
262 3516 103 38 pour
385 3505 125 51 objet,
537 3505 194 40 m'a-t-on
760 3506 173 46 affirmé,
965 3509 49 37 de
1042 3509 159 37 donner
1229 3507 35 38 le
1293 3515 72 31 ton
1394 3520 79 26 aux
1500 3507 235 39 chanteurs.
1769 3507 55 38 La
1853 3506 136 39 raison
2019 3518 64 25 me
2112 3503 131 53 paraît

218 3571 232 51 déplorable
472 3576 33 36 Se
522 3575 40 51 je
586 3579 175 48 regrette
784 3576 316 51 profondément
1122 3576 161 47 d'ayoir
1303 3577 134 37 même
1460 3575 22 40 à
1503 3576 37 39 la
1563 3576 275 38 mentionner.
1864 3576 43 52 Je
1937 3574 80 40 sais
2046 3573 92 39 bien
2162 3586 79 38 que

220 3644 114 36 toute
355 3642 214 40 exécution
592 3648 61 34 est
675 3644 240 52 impossible
938 3645 47 44 si,
1010 3649 271 47 auparavant,
1307 3645 56 38 les
1387 3645 240 39 exécutants
1650 3657 48 26 ne
1721 3657 40 26 se
1785 3648 176 35 mettent
1982 3643 204 39 d'accord.
2207 3642 32 38 A
