2509 3919
1047 221 363 35 BIBLIOGRAPHIE

214 348 175 38 moyens
418 332 226 53 employés,
677 332 47 38 de
746 331 35 38 la
806 331 257 45 monotonie,
1088 332 49 37 de
1159 331 37 40 la
1218 332 230 40 sécheresse
1470 345 52 27 ou
1547 334 48 38 de
1618 332 168 46 l'ennui,
1813 333 102 38 mais
1938 334 48 37 de
2009 337 105 35 cette
2142 333 75 39 tris-

211 408 105 34 tesse
338 404 133 52 aiguë,
497 402 286 43 douloureuse,
810 400 243 51 poignante,
1073 400 126 51 qu'on
1222 401 181 51 éprouve
1425 403 153 37 devant
1600 414 79 26 une
1701 401 117 51 copie
1840 405 93 48 trop
1955 400 138 40 exaéle
2121 403 48 37 de
2198 402 37 38 la

214 475 78 37 vie.
318 473 54 38 Ce
395 472 104 38 n'est
521 484 71 38 pas
614 470 37 38 la
673 470 108 38 faute
802 470 49 37 de
875 469 53 37 M.
961 469 289 51 Charpentier;
1284 471 99 39 c'est
1411 470 97 40 celle
1536 471 48 38 de
1612 470 37 39 la
1677 470 65 39 vie
1769 470 244 39 elle-même.
2046 470 103 39 Mais
2180 484 53 26 on

212 547 98 47 peut
344 541 221 39 demander
594 540 31 38 si
654 538 34 39 le
718 538 158 39 théâtre
906 538 159 51 lyrique
1098 538 142 40 mérite
1276 539 125 39 d'être
1430 540 83 51 pris
1547 539 212 39 tellement
1788 552 49 26 au
1867 538 158 40 sérieux
2053 539 125 51 qu'on
2205 553 28 39 y

212 612 122 38 doive
357 614 182 35 montrer
561 609 37 38 la
619 607 142 46 vérité,
789 621 163 25 comme
974 608 103 37 dans
1100 607 37 39 la
1159 608 175 46 science,
1361 621 93 26 sans
1476 608 322 52 préoccupation
1821 609 70 38 des
1914 607 317 52 conséquences.

324 679 94 46 Oui,
444 682 136 36 toutes
603 691 66 26 ces
692 677 180 39 réserves
895 677 236 51 pourraient
1153 679 82 37 être
1258 677 118 40 faites
1397 691 101 26 avec
1527 678 91 51 plus
1647 691 51 26 ou
1729 678 136 38 moins
1893 677 280 45 d'insistance,
2200 677 34 38 Se

212 750 63 38 M..
299 748 268 52 Charpentier
595 760 50 25 ne
675 746 87 39 doit
790 746 118 51 point
937 745 210 40 s'étonner
1174 747 49 38 de
1252 746 57 39 les
1338 746 90 39 voir
1456 746 210 51 indiquées
1695 759 72 39 par
1789 743 157 42 ceux-là
1968 746 155 38 mêmes
2146 745 84 51 qui,

209 822 191 41 souvent,
426 815 249 53 fatiguèrent
697 816 105 38 leurs
826 815 133 39 mains
981 812 22 42 à
1025 814 257 52 l'applaudir.
1309 815 102 39 Mais
1434 828 71 39 par
1522 816 189 38 combien
1728 816 48 37 de
1793 814 171 52 qualités
1982 813 252 52 supérieures

210 886 25 37 il
258 886 55 38 les
338 886 181 38 rachète!
539 886 44 52 Je
605 885 56 38 les
685 884 221 40 résumerai
930 898 48 24 en
1011 897 53 26 un
1093 884 86 39 seul
1209 889 89 34 mot
1330 897 6 25 :
1369 884 37 39 la
1434 884 292 52 personnalité.
1828 884 127 38 Louise
1977 884 121 38 serait
2119 887 94 47 peut-

209 955 82 38 être
315 967 53 26 un
392 953 160 40 modèle
574 957 236 49 dangereux
832 952 22 40 à
875 953 151 46 suivre,
1053 957 164 35 surtout
1240 966 103 39 pour
1364 955 70 37 des
1457 953 221 39 débutants
1701 955 102 37 dont
1824 952 154 51 l'esprit
1994 952 172 51 critique

209 1036 49 25 en
282 1023 149 40 dehors
454 1025 47 38 de
524 1023 246 40 l'éducation
795 1022 194 39 musicale
1087 1035 49 26 ne
1158 1023 121 38 serait
1301 1035 72 38 pas
1396 1022 128 39 solide
1541 1023 33 38 Se
1592 1023 91 38 mùr
1696 1033 6 36 ;
1723 1021 24 39 il
1764 1026 61 34 est
1841 1023 134 37 même
1991 1019 22 41 à
2029 1021 206 39 souhaiter

211 1105 90 38 que,
335 1093 31 37 si
396 1092 72 39 elle
496 1092 87 39 crée
612 1106 79 25 une
719 1091 109 40 école
857 1091 207 46 nouvelle,
1097 1095 105 35 cette
1230 1091 111 39 école
1371 1104 49 25 ne
1443 1092 208 51 supprime
1674 1103 71 39 pas
1766 1091 177 38 d'autres
1967 1090 267 51 conceptions

211 1161 135 38 moins
368 1159 180 41 austères
577 1162 48 38 de
653 1160 403 53 l'Opéra-Comique,
1090 1161 34 38 Se
1153 1160 173 53 s'ajoute
1354 1160 264 51 simplement
1646 1158 22 40 à
1698 1173 74 26 nos
1802 1159 198 40 richesses
2028 1159 202 51 acquises,

211 1243 94 25 sans
329 1230 167 38 s'élever
517 1242 67 26 sur
605 1231 70 37 des
704 1230 149 39 ruines.
886 1228 26 39 Il
941 1229 92 39 n'en
1064 1233 61 35 est
1153 1242 72 38 pas
1254 1230 137 38 moins
1421 1228 153 40 certain
1604 1242 77 37 que
1712 1229 129 38 Louise
1867 1242 22 25 a
1917 1228 207 39 diversifié
2152 1226 80 41 très

211 1299 315 39 heureusement
548 1299 56 39 les
626 1298 331 40 manifestations
979 1299 49 38 de
1051 1298 89 39 l'art
1163 1298 173 50 français
1358 1299 35 38 Se
1416 1298 145 51 qu'elle
1590 1298 72 38 fait
1693 1299 129 51 grand
1851 1298 188 39 honneur
2067 1295 22 41 à
2117 1301 116 35 notre

211 1381 118 38 pays.

1814 1453 35 53 J.
1875 1453 45 40 C.

847 1719 754 47 BIBLIOGRAPHIE

209 1909 169 39 Liborio
409 1908 245 46 Sacchetti,
680 1908 229 52 professeur
931 1922 49 26 au
1005 1909 313 39 Conservatoire
1341 1910 49 38 de
1417 1908 25 39 S
1480 1907 21 53 t
1501 1907 250 53 -Pétersbourg
1778 1921 6 25 :
1818 1908 184 40 Petite
2035 1907 113 53 Chrestomathie
2157 1907 69 53 musicale

207 1907 603 40 historique,
865 1907 329 40 depuis
1249 1907 164 40 les
1468 1907 274 40 temps
1797 1907 164 40 les
2016 1907 219 40 plus

320 2047 235 41 anciens
576 2047 267 52 jusqu'au
866 2048 162 40 XVII
1034 2055 18 19 e
1075 2047 172 41 siècle
1270 2046 461 50 inclusivement,
1753 2057 138 30 avec
1922 2056 80 30 un
2025 2046 27 53 appendice
2055 2046 9 53 sur
2067 2046 21 53 l'école
2091 2046 29 53 espagnole.
2126 2046 23 53 Deuxième
2152 2046 21 53 édition
2176 2046 29 53 augmentée.
2208 2046 24 53 SLPéters-

319 2186 147 51 bourg,
499 2197 116 42 1900,
645 2186 86 49 in-4
735 2194 14 14 0
754 2218 9 14 ,
791 2186 58 45 111,
875 2197 74 42 491
981 2199 40 38 p.
1048 2188 70 49 (en
1144 2183 129 54 russe)
1289 2184 77 53 (I).

320 2293 53 37 M.
400 2293 43 38 L.
470 2292 202 40 Sacchetti
697 2293 96 39 s'est
815 2292 176 53 proposé
1013 2293 245 51 d'esquisser
1274 2306 104 39 pour
1393 2294 35 38 le
1446 2293 138 52 public
1602 2306 112 26 russe
1729 2297 93 35 tout
1837 2293 35 38 le
1889 2293 344 50 développement

207 2362 49 38 de
286 2361 38 38 la
358 2361 190 51 musique
583 2361 143 52 depuis
762 2362 56 38 les
843 2366 135 47 temps
1010 2362 321 51 préhistoriques
1358 2361 165 52 jusqu'à
1553 2363 37 38 la
1625 2363 57 38 fin
1718 2363 53 38 du
1801 2362 101 38 XVII
1907 2370 13 16 e
1951 2359 131 41 siècle.
2117 2361 115 38 Cette

206 2430 196 51 esquisse,
428 2429 82 40 très
532 2429 136 47 brève,
694 2444 155 38 occupe
870 2431 57 38 les
957 2431 73 39 128
1054 2430 216 52 premières
1293 2444 126 40 pages
1441 2433 48 37 de
1505 2432 236 51 l'ouvrage;
1763 2431 158 39 chacun
1938 2432 70 37 des
2031 2430 202 51 chapitres

208 2503 60 35 est
296 2499 282 52 accompagné
607 2501 49 37 de
687 2503 117 35 notes
837 2498 52 40 où
917 2504 62 34 est
1011 2500 179 52 signalée
1223 2514 78 25 une
1333 2498 80 41 très
1445 2501 235 38 abondante
1703 2500 298 52 bibliographie
2023 2512 49 26 en
2096 2503 137 35 toutes

207 2568 187 52 langues,
433 2570 34 37 Se
502 2569 68 51 qui
607 2573 249 47 permettent
890 2569 102 39 ainsi
1024 2568 22 40 à
1077 2568 216 40 l'étudiant
1329 2570 49 38 de
1411 2568 225 52 compléter
1673 2582 62 26 ses
1768 2568 330 40 connaissances.
2133 2568 100 38 Mais

208 2637 53 38 M.
279 2637 203 39 Sacchetti
506 2650 22 26 a
550 2637 138 51 pensé,
708 2650 100 27 avec
832 2638 149 45 raison,
1002 2638 151 51 qu'une
1176 2638 167 39 histoire
1364 2640 50 37 de
1436 2639 38 38 la
1496 2638 188 52 musique
1707 2650 94 27 sans
1824 2637 208 52 exemples
2048 2641 60 34 est
2125 2636 107 39 aussi

204 2719 76 38 peu
299 2706 169 39 vivante
485 2707 150 50 qu'une
653 2707 169 38 histoire
839 2708 69 37 des
924 2711 83 34 arts
1023 2709 52 37 du
1094 2707 135 39 dessin
1248 2720 93 26 sans
1359 2705 325 54 reproductions,
1701 2707 34 38 Se
1752 2707 25 38 il
1794 2719 21 26 a
1827 2706 109 52 joint
1952 2704 22 41 à
1990 2719 74 25 son
2083 2705 150 52 exposé

205 2775 241 51 historique,
472 2774 52 40 où
547 2789 40 25 se
618 2780 196 35 trouvent
843 2774 90 54 déjà
963 2778 48 37 de
1042 2777 229 38 nombreux
1302 2777 208 51 exemples
1540 2776 229 46 musicaux,
1804 2779 115 36 toute
1949 2788 77 25 une
2055 2774 101 39 série
2184 2775 49 38 de

205 2857 221 26 morceaux
457 2845 149 38 choisis
639 2845 67 51 qui
739 2846 185 38 donnent
959 2859 49 25 au
1044 2844 150 40 leéteur
1229 2858 53 26 un
1320 2846 175 51 premier
1524 2858 148 39 aperçu
1701 2846 54 37 du
1785 2844 345 51 développement
2163 2844 69 38 des

204 2913 150 39 formes
377 2914 215 39 musicales
614 2927 51 25 au
689 2927 119 26 cours
831 2916 70 38 des
924 2914 187 52 périodes
1134 2914 193 39 étudiées.
1348 2915 65 37 On
1431 2919 194 34 trouvera
1640 2912 37 40 là
1695 2926 47 40 95
1764 2926 221 26 morceaux
2002 2913 230 51 reproduits

205 2982 158 51 d'après
385 2982 55 39 les
463 2982 177 40 éditions
663 2985 217 37 modernes
908 2997 6 25 :
941 2982 132 53 pièces
1097 2985 48 37 de
1169 2984 190 51 musique
1383 2983 209 44 orientale,
1620 2987 125 34 restes
1768 2984 48 37 de
1846 2982 190 51 musique
2063 2982 169 50 antique

205 3051 174 51 (hymne
408 3050 22 40 à
458 3052 193 51 Apollon,
684 3053 112 52 &c.),
828 3053 228 52 fragments
1086 3053 240 39 d'ancienne
1355 3053 190 51 musique
1574 3052 236 40 chrétienne
1839 3051 195 39 orientale
2063 3051 33 39 &
2125 3051 87 39 occi-

205 3119 174 47 dentale,
405 3121 70 38 des
498 3133 221 28 morceaux
740 3123 48 37 de
812 3123 187 50 musique
1021 3123 52 38 du
1098 3135 151 38 moyen
1273 3123 91 50 âge,
1385 3121 136 39 sacrée
1543 3122 34 38 Se
1599 3121 183 52 profane,
1808 3122 69 37 des
1900 3121 137 38 divers
2060 3133 101 39 pays
2183 3121 49 37 de

207 3189 202 51 l'Europe,
429 3189 91 51 puis
542 3191 48 37 de
612 3180 149 49 l'École
784 3192 68 37 des
877 3191 195 52 Pays-Bas
1094 3205 49 25 au
1167 3191 70 38 XV
1241 3198 13 16 e
1277 3192 35 37 Si
1334 3204 49 25 au
1406 3191 86 38 XVI
1497 3198 13 16 e
1531 3189 134 47 siècle,
1685 3191 48 38 de
1755 3189 140 40 l'école
1917 3189 182 52 anglaise
2128 3189 33 38 Se
2184 3189 48 38 de

207 3257 139 39 l'école
369 3259 189 38 italienne
575 3257 21 40 à
614 3259 35 38 la
667 3260 132 38 même
816 3261 106 45 date,
943 3260 195 51 quelques
1155 3272 222 27 morceaux
1392 3259 188 52 d'opéras
1596 3260 34 38 Se
1646 3259 245 39 d'oratorios
1908 3260 51 37 du
1978 3257 101 40 XVII
2083 3265 13 16 e
2113 3256 119 41 siècle

207 3326 35 39 Se
263 3327 111 38 enfin
398 3340 77 26 une
498 3327 99 39 série
619 3330 47 36 de
690 3327 131 53 pièces
846 3329 333 39 instrumentales
1207 3341 7 25 :
1241 3328 250 53 symphonie
1520 3330 48 37 de
1592 3328 158 39 Roland
1773 3329 49 37 de
1840 3328 162 45 Lassus,
2022 3326 145 53 fugues
2183 3328 49 37 de

206 3394 253 49 Buxtehude,
484 3398 104 38 suite
610 3398 48 38 de
682 3398 168 45 Purcell,
877 3402 143 36 sonate
1042 3399 49 38 de
1115 3398 189 45 Kuhnau,
1331 3398 74 38 Sec.
1434 3398 271 49 L'appendice
1736 3410 67 26 sur
1830 3399 39 38 la
1899 3397 190 50 musique
2117 3408 115 38 espa-

309 3585 62 48 (1)
393 3587 45 33 Le
460 3587 89 45 prix,
574 3587 69 35 très
664 3589 78 45 bas,
766 3590 42 34 de
831 3601 38 23 ce
891 3591 91 33 beau
1011 3590 151 34 volume
1184 3594 52 30 est
1264 3591 44 34 de
1336 3590 88 35 trois
1446 3591 143 34 roubles
1617 3591 199 43 cinquante
1850 3590 152 46 kopeks,
2036 3589 70 34 soit
2130 3599 35 35 9,
2184 3599 47 35 30

208 3641 139 47 d'après
369 3643 33 34 la
424 3644 122 35 valeur
566 3644 167 35 officielle
754 3646 49 35 du
828 3646 126 35 rouble
977 3645 282 48 (actuellement
1281 3645 207 48 supérieure
1508 3647 20 34 à
1551 3647 33 34 la
1608 3647 124 35 valeur
1757 3645 139 48 réelle).

2169 225 54 47 31
