2509 3919
418 262 60 50 26

1079 276 211 42 MUSIQUE
1327 275 402 35 CONTEMPORAINE

415 386 160 51 l'Opéra
596 387 33 38 Se
651 384 22 40 à
693 386 394 50 l'Opéra-Comique,
1112 398 51 25 on
1186 384 124 39 tolère
1331 398 64 26 ces
1416 384 183 52 préludes
1621 383 255 40 incohérents
1899 393 69 39 par
1988 377 171 53 lesquels
2175 377 53 38 les
2246 376 126 38 instru-

416 455 209 37 mentistes
647 455 216 37 s'assurent
885 468 75 36 que
980 454 103 38 leurs
1104 465 130 27 armes
1256 457 93 35 sont
1370 466 47 25 en
1442 454 79 38 bon
1543 452 95 44 état,
1664 452 33 38 Se
1720 453 198 49 prennent
1940 445 159 42 contaéf
2120 445 55 38 les
2197 457 76 26 uns
2294 457 98 25 avec

416 522 55 38 les
492 527 146 33 autres.
663 522 26 37 Il
710 526 60 34 est
791 523 176 37 entendu
990 534 76 38 que
1088 534 63 26 ces
1172 521 123 38 essais
1316 522 47 37 de
1386 520 254 45 chanterelle,
1666 532 63 26 ces
1757 518 194 52 glissades
1979 516 48 37 de
2055 513 241 44 clarinettes,
2328 525 65 25 ces

417 590 188 38 hautbois
628 591 65 49 qui
716 590 198 42 nasillent,
940 594 90 34 tout
1052 590 82 38 cela
1156 602 47 24 ne
1225 593 161 45 compte
1407 601 84 37 pas.
1517 586 106 40 C'est
1644 588 36 37 la
1708 598 148 37 rançon
1885 583 219 40 nécessaire
2131 581 95 38 d'un
2256 579 137 51 plaisir

417 657 207 51 prochain.
650 657 99 38 Mais
770 657 124 50 qu'un
917 656 160 51 prélude
1099 658 47 36 de
1168 669 43 25 ce
1233 668 122 40 genre
1383 656 80 38 soit
1485 654 189 52 incorporé
1694 652 21 40 à
1736 654 169 38 l'œuvre
1927 651 122 51 qu'on
2073 662 51 25 va
2141 650 130 50 jouer,
2296 647 96 50 qu'il

417 725 197 39 devienne
641 725 124 50 partie
794 724 226 52 intégrante
1047 726 47 36 de
1123 725 35 37 la
1186 723 276 51 composition
1491 723 94 38 d'un
1615 723 128 50 grand
1771 720 155 45 maître,
1958 720 34 37 Se
2021 717 95 51 qu'il
2145 729 40 25 se
2213 715 102 38 fasse
2341 728 49 25 au

417 793 358 37 commandement
796 793 53 37 du
871 792 93 38 chef
979 791 293 39 d'orchestre...
1298 789 108 40 voilà
1421 790 68 50 qui
1506 794 59 34 est
1581 790 163 50 étrange
1761 791 6 35 !
1788 790 42 50 Je
1852 787 89 51 puis
1956 797 156 27 assurer
2134 784 53 37 M.
2212 782 180 39 Taftanel

417 873 76 37 que
520 861 100 36 dans
647 860 55 37 les
737 859 200 38 meilleurs
966 858 330 39 Conservatoires
1322 860 48 36 de
1398 858 183 50 l'Europe
1609 870 63 26 ces
1706 856 204 50 pratiques
1945 857 93 35 sont
2066 853 235 38 inconnues.
2336 851 56 37 De

417 929 101 37 bons
541 928 212 38 chanteurs
775 927 167 38 doivent
962 926 113 39 avoir
1096 927 34 37 le
1152 939 23 25 «
1197 931 71 33 ton
1290 939 25 24 »
1336 927 99 37 dans
1456 924 177 39 l'oreille.
1659 925 99 37 Leur
1779 925 153 36 donner
1953 922 37 37 la
2012 924 108 39 note,
2220 917 151 40 ostensi-

415 995 176 38 blement
613 995 33 38 Se
668 1007 48 26 au
739 995 369 43 commandement,
1207 993 97 38 c'est
1325 993 56 37 les
1403 993 92 37 faire
1518 991 233 39 ressembler
1771 989 22 39 à
1808 991 68 37 des
1891 988 165 40 écoliers
2072 987 65 50 qui
2155 990 141 34 savent
2313 984 79 39 très

416 1063 90 37 bien
522 1063 83 37 leur
621 1062 128 49 leçon,
770 1062 99 37 mais
892 1075 48 24 ne
962 1065 175 46 peuvent
1159 1061 36 37 la
1217 1060 138 39 réciter
1376 1073 75 37 que
1475 1059 30 39 si
1529 1072 51 25 on
1604 1059 83 37 leur
1708 1071 47 25 en
1778 1058 59 38 dit
1856 1057 35 37 le
1906 1056 171 51 premier
2092 1058 101 41 mot,
2212 1066 51 26 ou
2285 1052 22 39 à
2322 1054 70 37 des

415 1130 192 39 cavaliers
629 1129 66 50 qui
719 1142 48 25 au
790 1133 183 34 moment
995 1130 47 37 de
1065 1132 159 34 monter
1252 1126 21 39 à
1301 1127 141 39 cheval
1471 1126 223 39 n'auraient
1722 1138 70 38 pas
1819 1137 111 26 assez
1955 1125 48 37 de
2030 1120 173 53 légèreté
2230 1132 101 39 pour
2352 1133 40 25 se

415 1197 127 38 hisser
563 1197 291 38 d'eux-mêmes
876 1208 67 26 sur
964 1196 103 38 leurs
1089 1195 127 45 selles,
1242 1195 32 38 Se
1297 1207 39 26 se
1358 1194 166 39 feraient
1551 1197 187 47 apporter
1765 1205 77 25 une
1869 1192 131 38 chaise
2028 1202 159 26 comme
2215 1188 155 38 marche-

417 1265 103 50 pied.
548 1264 128 44 Enfin,
703 1268 61 34 cet
785 1265 142 37 accord
944 1265 47 36 de
1007 1263 232 50 précaution
1257 1262 162 43 initiale,
1441 1262 48 50 (si
1507 1261 102 51 j'ose
1626 1259 188 51 l'appeler
1834 1258 138 52 ainsi,)
1987 1262 60 34 est
2062 1258 119 38 d'une
2196 1256 197 51 platitude

417 1332 33 37 Se
471 1331 119 38 d'une
612 1331 188 38 lourdeur
821 1331 210 38 extrêmes.
1059 1331 54 36 En
1136 1331 78 36 tète
1237 1331 47 36 de
1306 1329 36 38 la
1365 1329 175 38 Chanson
1560 1329 59 36 des
1638 1329 151 36 oiseaux
1811 1327 33 38 Se
1866 1328 47 36 de
1935 1325 123 38 Ferme
2073 1328 51 35 tes
2135 1337 117 38 yeux,
2273 1323 24 38 il
2315 1322 79 38 m'a

416 1411 96 38 paru
536 1411 52 25 un
611 1402 231 35 contresens
864 1397 175 39 évident.
1064 1397 60 38 Au
1147 1397 76 38 lieu
1246 1398 47 37 de
1314 1397 153 37 donner
1489 1395 266 51 l'impression
1779 1394 95 38 d'un
1897 1393 123 39 début
2048 1393 33 37 Se
2110 1392 95 38 d'un
2234 1390 102 45 élan,
2369 1390 25 37 il

414 1466 164 51 produit
600 1465 95 39 celle
716 1466 95 38 d'un
834 1465 282 43 affaissement,
1142 1464 118 38 d'une
1282 1463 249 45 conclusion,
1557 1463 95 37 d'un
1675 1463 115 36 arrêt.
1818 1461 25 38 Il
1865 1465 59 34 est
1951 1472 166 39 pauvre,
2148 1458 24 38 il
2200 1462 59 34 est
2280 1458 114 38 triste

415 1534 33 37 Se
471 1533 264 50 quelconque,
762 1532 24 38 il
807 1537 60 34 est
888 1532 157 51 glacial,
1071 1544 160 26 comme
1254 1531 179 38 honteux
1454 1532 47 37 de
1522 1526 212 57 lui-même
1813 1526 27 57 &
1866 1526 79 57 des
1961 1527 213 39 choristes.
2195 1526 107 38 C'est
2320 1538 74 25 une

417 1600 184 50 musique
622 1599 22 39 à
666 1604 134 46 porter
821 1600 33 37 le
883 1599 129 38 diable
1040 1612 47 25 en
1115 1602 115 42 terre,
1263 1611 47 25 au
1341 1601 183 35 moment
1551 1596 51 39 où
1632 1597 55 38 les
1715 1596 202 38 fantaisies
1946 1595 96 38 d'un
2065 1594 244 51 Jannequin,
2338 1592 55 38 les

416 1668 173 50 hymnes
611 1668 47 37 de
680 1667 118 44 Bach,
824 1667 54 38 les
901 1667 111 38 rêves
1034 1666 93 39 ailés
1149 1668 47 36 de
1218 1665 232 39 Schumann
1474 1670 101 34 vont
1597 1665 167 50 prendre
1785 1664 83 37 leur
1889 1674 160 27 essor...

525 1735 56 38 De
614 1736 134 49 grâce,
785 1734 122 50 qu'on
943 1734 205 51 supprime
1182 1737 62 34 cet
1279 1734 144 37 accord
1457 1733 192 50 parasite!
1689 1732 122 50 qu'on
1847 1744 101 25 nous
1977 1730 176 51 épargne
2187 1733 62 34 cet
2283 1729 110 47 ajout

416 1801 227 45 maladroit,
669 1806 103 34 cette
794 1802 119 38 chose
934 1806 129 33 morte
1085 1800 166 51 plaquée
1273 1813 66 25 sur
1361 1813 52 26 un
1435 1801 81 37 être
1539 1800 164 38 vivant!
1729 1798 79 39 àla
1830 1797 141 40 Société
1990 1799 59 37 des
2078 1797 182 38 Concerts
2267 1826 6 14 ,
2304 1799 90 34 tout

416 1869 86 38 doit
524 1870 81 37 être
627 1868 155 52 parfait.

1961 1969 28 47 J.
2015 1969 44 38 C.

826 2248 45 39 A
895 2258 205 40 propos
1124 2247 65 40 de
1212 2248 51 39 la
1287 2248 272 40 centième
1583 2248 65 40 de
1674 2247 310 41 «Louise».

524 2402 145 44 Quand
692 2413 64 26 ces
777 2400 129 51 lignes
935 2399 235 52 paraîtront,
1202 2400 36 38 la
1268 2401 127 37 Louise
1421 2402 47 36 de
1499 2401 52 36 M.
1577 2399 262 50 Charpentier
1866 2411 96 26 aura
1989 2411 168 38 presque
2185 2399 144 38 atteint
2356 2398 36 39 la

415 2467 195 40 centième
633 2467 329 50 représentation.
988 2467 78 38 Elle
1088 2468 85 37 doit
1195 2480 43 25 ce
1260 2466 138 40 succès
1423 2481 47 24 au
1487 2467 125 38 talent
1633 2468 47 37 de
1697 2467 181 45 l'auteur,
1903 2467 82 50 qui,
2010 2468 47 37 de
2073 2467 130 37 l'aveu
2219 2468 47 36 de
2282 2470 106 41 tous,

489 2536 130 37 même
640 2536 47 37 de
704 2548 99 25 ceux
819 2535 96 50 qu'il
931 2536 123 49 prend
1076 2547 101 38 pour
1197 2536 67 37 des
1287 2535 195 45 ennemis,
1568 2538 59 35 est
1644 2547 54 25 un
1711 2535 194 38 excellent
1927 2534 211 44 musicien,
2163 2535 100 37 mais
2284 2535 106 37 aussi

415 2602 169 53 (qualité
618 2602 88 51 plus
741 2615 82 24 rare
840 2601 29 52 !)
902 2601 21 38 à
956 2615 42 24 sa
1033 2600 230 41 conviétion
1299 2602 33 38 &
1366 2601 22 39 à
1417 2615 42 25 sa
1493 2603 151 50 grande
1679 2601 186 39 sincérité
1898 2601 193 39 d'artiste.
2129 2601 136 38 Seules
2299 2606 93 33 sont

416 2669 197 40 destinées
647 2668 21 39 à
702 2669 113 38 vivre
849 2669 55 38 les
938 2681 159 26 œuvres
1125 2668 51 39 où
1204 2669 80 38 l'on
1314 2669 206 39 reconnaît
1547 2682 77 25 une
1651 2669 272 50 personnalité
1951 2669 66 50 qui
2047 2669 213 50 s'exprime
2293 2682 97 25 avec

416 2736 198 39 franchise
648 2737 33 37 &
721 2749 98 25 avec
853 2736 121 38 force.
1013 2736 72 38 Les
1119 2740 171 35 travaux
1323 2738 47 37 de
1398 2736 143 51 simple
1557 2738 150 47 fafture
1733 2740 93 35 sont
1854 2736 211 39 mort-nés.
2098 2736 26 37 Il
2152 2737 68 50 n'y
2254 2749 21 25 a
2302 2736 88 51 plus

415 2804 252 51 aujourd'hui
690 2801 21 40 à
729 2804 119 51 juger
869 2804 33 37 Se
932 2803 185 52 analyser
1144 2816 71 37 par
1236 2803 34 38 le
1291 2804 121 37 détail
1433 2816 43 26 ce
1499 2813 23 28 «
1543 2816 140 26 roman
1713 2804 166 38 musical
1907 2817 24 24 »
1960 2804 66 50 qui
2049 2808 59 34 est
2129 2816 49 26 en
2200 2803 189 39 rébellion

415 2876 138 34 contre
575 2874 87 35 tant
683 2872 48 36 de
753 2870 120 39 vieux
895 2883 143 38 usages
1055 2882 6 32 ;
1087 2870 101 38 mais
1211 2870 24 38 il
1259 2870 166 39 sollicite
1446 2872 196 47 toujours,
1667 2870 22 39 à
1710 2872 68 37 des
1800 2872 111 37 titres
1933 2872 147 44 divers,
2099 2871 228 38 l'attention
2343 2872 47 37 de

415 2939 304 37 l'observateur.

525 3005 129 39 Parmi
678 3005 54 38 les
755 3006 218 38 tendances
995 3005 203 50 multiples
1221 3006 33 37 Se
1276 3003 326 40 contradictoires
1624 3006 47 37 de
1692 3005 36 38 la
1751 3005 142 51 pensée
1916 3008 204 43 moderne,
2139 3019 52 25 on
2208 3010 182 34 constate

417 3086 75 24 une
514 3072 183 39 évidente
720 3069 311 54 préoccupation
1054 3074 47 36 de
1123 3072 170 38 certains
1315 3072 162 38 maîtres
1497 3071 22 39 à
1541 3085 39 25 se
1598 3074 240 49 rapprocher
1858 3074 50 37 du
1932 3073 157 51 peuple,
2115 3074 78 38 soit
2214 3086 101 38 pour
2336 3073 52 37 lui

416 3140 93 38 faire
531 3139 205 39 connaître
760 3140 55 37 les
836 3139 265 39 découvertes
1122 3140 47 37 de
1192 3140 35 37 la
1249 3139 154 38 science
1424 3152 51 25 ou
1497 3152 101 37 pour
1619 3140 51 37 lui
1695 3141 140 37 rendre
1857 3140 88 50 plus
1967 3141 192 38 familiers
2179 3142 56 37 les
2263 3140 105 39 chefs-

416 3208 200 37 d'œuvres
636 3206 223 45 consacrés,
885 3207 78 37 soit
984 3219 101 38 pour
1107 3210 218 41 retrouver,
1351 3219 47 25 au
1422 3205 159 40 contaft
1602 3208 47 36 de
1672 3219 72 25 son
1767 3220 124 31 cœur,
1916 3208 56 37 les
1993 3220 160 26 sources
2175 3208 215 50 profondes

417 3276 47 36 de
485 3274 281 50 l'inspiration.
791 3274 101 37 Sous
914 3274 224 37 l'influence
1160 3274 171 37 certaine
1359 3274 67 37 des
1456 3273 104 39 idées
1588 3274 220 38 socialistes
1836 3276 34 37 Se
1897 3276 47 37 de
1972 3276 83 37 leur
2082 3274 181 52 progrès,
2294 3288 52 26 on
2368 3288 22 24 a

416 3340 86 39 créé
524 3354 77 24 une
624 3340 230 38 Université
876 3340 219 51 populaire.
1122 3341 90 37 Hier
1235 3352 157 33 encore,
1423 3353 52 25 on
1504 3342 232 37 demandait
1763 3339 21 40 à
1812 3342 36 38 la
1875 3342 198 38 Chambre
2101 3356 75 37 que
2198 3343 34 38 le
2254 3342 135 39 musée

416 3409 52 37 du
493 3408 155 38 Louvre
669 3407 61 38 fût
750 3411 156 40 ouvert,
932 3407 34 37 le
988 3408 93 43 soir,
1106 3420 75 25 aux
1204 3408 199 45 ouvriers;
1430 3408 53 37 M.
1509 3409 195 50 Leygues,
1729 3421 97 26 avec
1847 3422 42 25 sa
1910 3409 228 51 générosité
2159 3410 226 45 habituelle,

419 3474 222 38 s'associait
662 3487 78 25 aux
761 3474 136 38 efforts
918 3472 87 53 déjà
1026 3474 129 38 tentés
1177 3488 23 24 «
1223 3487 100 37 pour
1344 3474 93 38 faire
1458 3474 181 51 pénétrer
1659 3478 99 36 dans
1779 3476 150 51 l'esprit
1956 3478 68 37 des
2053 3478 184 38 humbles
2265 3479 34 37 Se
2320 3479 68 37 des

418 3542 250 38 travailleurs
702 3554 53 25 un
790 3554 75 37 peu
901 3542 47 37 de
982 3545 102 35 cette
1118 3541 168 39 sérénité
1320 3541 292 39 réconfortante
1640 3556 75 38 que
1748 3545 132 37 donne
1914 3544 36 38 la
1983 3545 318 51 contemplation
2336 3546 52 37 du

420 3608 99 38 beau
554 3621 37 25 ».
625 3608 45 38 Et
698 3608 53 37 M.
784 3608 78 38 Léo
890 3608 168 38 Claretie
1085 3608 143 43 faisait,
1260 3608 24 38 il
1310 3622 28 37 y
1365 3622 20 25 a
1414 3610 190 50 quelques
1633 3611 209 45 semaines,
1874 3624 76 26 une
1978 3611 234 40 conférence
2240 3625 67 25 sur
2333 3611 55 39 les
