<?xml version="1.0" encoding="UTF-8"?>
<alto xmlns:xsi="http://www.w3.org/2001/XMLSchema-instance" xmlns="http://www.loc.gov/standards/alto/ns-v2#" xsi:schemaLocation="http://www.loc.gov/standards/alto/ns-v2# http://www.loc.gov/standards/alto/alto-v2.0.xsd" xmlns:xlink="http://www.w3.org/1999/xlink">
	<Description>
		<MeasurementUnit>mm10</MeasurementUnit>
		<sourceImageInformation>
			<fileName>//fileserver7/IN2-2/Princeton/Batch7/bmtnabn/1922/11/14_01/00000012.tif</fileName>
		</sourceImageInformation>
		<OCRProcessing ID="OCRPROCESSING_1">
			<preProcessingStep>
				<processingSoftware>
					<softwareCreator>CCS Content Conversion Specialists GmbH, Germany</softwareCreator>
					<softwareName>CCS docWorks</softwareName>
					<softwareVersion>6.7-1.24</softwareVersion>
				</processingSoftware>
			</preProcessingStep>
			<ocrProcessingStep>
				<processingSoftware>
					<softwareCreator>ABBYY (BIT Software), Russia</softwareCreator>
					<softwareName>FineReader</softwareName>
					<softwareVersion>10.0</softwareVersion>
				</processingSoftware>
			</ocrProcessingStep>
		</OCRProcessing>
		<OCRProcessing ID="OCRPROCESSING_2">
			<preProcessingStep>
				<processingSoftware>
					<softwareCreator>CCS Content Conversion Specialists GmbH, Germany</softwareCreator>
					<softwareName>CCS docWorks</softwareName>
					<softwareVersion>6.7-1.24</softwareVersion>
				</processingSoftware>
			</preProcessingStep>
			<ocrProcessingStep>
				<processingSoftware>
					<softwareCreator>ABBYY (BIT Software), Russia</softwareCreator>
					<softwareName>NA</softwareName>
				</processingSoftware>
			</ocrProcessingStep>
		</OCRProcessing>
	</Description>
	<Styles>
		<TextStyle ID="TXT_0" FONTSIZE="22" FONTFAMILY="Times New Roman"/>
		<TextStyle ID="TXT_1" FONTSIZE="31" FONTFAMILY="Times New Roman" FONTSTYLE="italics"/>
		<TextStyle ID="TXT_2" FONTSIZE="16" FONTFAMILY="Times New Roman" FONTSTYLE="italics"/>
		<TextStyle ID="TXT_3" FONTSIZE="17" FONTFAMILY="Times New Roman" FONTSTYLE="italics"/>
		<ParagraphStyle ID="PAR_RIGHT" ALIGN="Right"/>
		<ParagraphStyle ID="PAR_CENTER" ALIGN="Center"/>
		<ParagraphStyle ID="PAR_LEFT" ALIGN="Left"/>
	</Styles>
	<Layout>
		<Page ID="P12" PHYSICAL_IMG_NR="12" HEIGHT="4197" WIDTH="3042" PRINTED_IMG_NR="74" PC="0.866">
			<TopMargin ID="P12_TM00001" HPOS="0" VPOS="0" WIDTH="3042" HEIGHT="221"/>
			<LeftMargin ID="P12_LM00001" HPOS="0" VPOS="221" WIDTH="276" HEIGHT="3665"/>
			<RightMargin ID="P12_RM00001" HPOS="2823" VPOS="221" WIDTH="219" HEIGHT="3665"/>
			<BottomMargin ID="P12_BM00001" HPOS="0" VPOS="3886" WIDTH="3042" HEIGHT="311">
				<TextBlock ID="P12_TB00001" HPOS="1502" VPOS="3889" WIDTH="91" HEIGHT="59" STYLEREFS="TXT_0 PAR_RIGHT">
					<TextLine ID="P12_TL00001" HPOS="1502" VPOS="3889" WIDTH="91" HEIGHT="59">
						<String ID="P12_ST00001" HPOS="1502" VPOS="3889" WIDTH="91" HEIGHT="59" CONTENT="74" WC="1.00" CC="00"/>
					</TextLine>
				</TextBlock>
			</BottomMargin>
			<PrintSpace ID="P12_PS00001" HPOS="276" VPOS="221" WIDTH="2547" HEIGHT="3665">
				<TextBlock ID="P12_TB00002" HPOS="928" VPOS="221" WIDTH="1267" HEIGHT="90" STYLEREFS="TXT_1 PAR_CENTER">
					<TextLine ID="P12_TL00002" HPOS="931" VPOS="221" WIDTH="1262" HEIGHT="89">
						<String ID="P12_ST00002" HPOS="931" VPOS="229" WIDTH="551" HEIGHT="81" CONTENT="VINCENT" WC="0.99" CC="0500205"/>
						<SP ID="P12_SP00001" HPOS="1482" VPOS="310" WIDTH="56"/>
						<String ID="P12_ST00003" HPOS="1538" VPOS="224" WIDTH="239" HEIGHT="78" CONTENT="VAN" WC="1.00" CC="000"/>
						<SP ID="P12_SP00002" HPOS="1777" VPOS="310" WIDTH="144"/>
						<String ID="P12_ST00004" HPOS="1921" VPOS="221" WIDTH="272" HEIGHT="76" CONTENT="GOGH" WC="1.00" CC="0006"/>
					</TextLine>
				</TextBlock>
				<TextBlock ID="P12_TB00003" HPOS="1453" VPOS="364" WIDTH="201" HEIGHT="42" STYLEREFS="TXT_2 PAR_CENTER">
					<TextLine ID="P12_TL00003" HPOS="1454" VPOS="365" WIDTH="198" HEIGHT="39">
						<String ID="P12_ST00005" HPOS="1454" VPOS="365" WIDTH="198" HEIGHT="39" CONTENT="HYMN" WC="1.00" CC="9300"/>
					</TextLine>
				</TextBlock>
				<TextBlock ID="P12_TB00004" HPOS="276" VPOS="472" WIDTH="1231" HEIGHT="3062" STYLEREFS="TXT_3 PAR_LEFT">
					<TextLine ID="P12_TL00004" HPOS="338" VPOS="472" WIDTH="1057" HEIGHT="66">
						<String ID="P12_ST00006" HPOS="338" VPOS="482" WIDTH="145" HEIGHT="56" CONTENT="Ingeti" WC="0.64" CC="134640"/>
						<SP ID="P12_SP00003" HPOS="483" VPOS="538" WIDTH="260"/>
						<String ID="P12_ST00007" HPOS="743" VPOS="478" WIDTH="258" HEIGHT="56" CONTENT="avhandlingingen" WC="0.75" CC="030200150702552"/>
						<SP ID="P12_SP00004" HPOS="1001" VPOS="538" WIDTH="1"/>
						<String ID="P12_ST00008" HPOS="1002" VPOS="487" WIDTH="65" HEIGHT="33" CONTENT="esse" WC="0.78" CC="5003"/>
						<SP ID="P12_SP00005" HPOS="1067" VPOS="538" WIDTH="26"/>
						<String ID="P12_ST00009" HPOS="1093" VPOS="475" WIDTH="134" HEIGHT="56" CONTENT="ingen" WC="0.73" CC="53310"/>
						<SP ID="P12_SP00006" HPOS="1227" VPOS="538" WIDTH="27"/>
						<String ID="P12_ST00010" HPOS="1254" VPOS="472" WIDTH="141" HEIGHT="45" CONTENT="kritik." WC="0.73" CC="0361600"/>
					</TextLine>
					<TextLine ID="P12_TL00005" HPOS="336" VPOS="542" WIDTH="716" HEIGHT="60">
						<String ID="P12_ST00011" HPOS="336" VPOS="546" WIDTH="94" HEIGHT="56" CONTENT="Jag" WC="0.84" CC="400"/>
						<SP ID="P12_SP00007" HPOS="430" VPOS="602" WIDTH="26"/>
						<String ID="P12_ST00012" HPOS="456" VPOS="545" WIDTH="154" HEIGHT="43" CONTENT="älskar" WC="0.98" CC="000000"/>
						<SP ID="P12_SP00008" HPOS="610" VPOS="602" WIDTH="389"/>
						<String ID="P12_ST00013" HPOS="999" VPOS="556" WIDTH="53" HEIGHT="30" CONTENT="en" WC="1.00" CC="00"/>
						<SP ID="P12_SP00009" HPOS="1052" VPOS="602" WIDTH="-335"/>
						<String ID="P12_ST00014" HPOS="717" VPOS="542" WIDTH="200" HEIGHT="43" CONTENT="mänska." WC="0.92" CC="3100000"/>
					</TextLine>
					<TextLine ID="P12_TL00006" HPOS="341" VPOS="600" WIDTH="1164" HEIGHT="60">
						<String ID="P12_ST00015" HPOS="341" VPOS="609" WIDTH="87" HEIGHT="45" CONTENT="Oin" WC="0.95" CC="067"/>
						<SP ID="P12_SP00010" HPOS="428" VPOS="654" WIDTH="22"/>
						<String ID="P12_ST00016" HPOS="450" VPOS="609" WIDTH="93" HEIGHT="43" CONTENT="han" WC="0.94" CC="001"/>
						<SP ID="P12_SP00011" HPOS="543" VPOS="654" WIDTH="25"/>
						<String ID="P12_ST00017" HPOS="568" VPOS="607" WIDTH="122" HEIGHT="44" CONTENT="levde" WC="0.93" CC="02000"/>
						<SP ID="P12_SP00012" HPOS="690" VPOS="654" WIDTH="24"/>
						<String ID="P12_ST00018" HPOS="714" VPOS="605" WIDTH="142" HEIGHT="45" CONTENT="skulle" WC="0.86" CC="007001"/>
						<SP ID="P12_SP00013" HPOS="856" VPOS="654" WIDTH="26"/>
						<String ID="P12_ST00019" HPOS="882" VPOS="605" WIDTH="78" HEIGHT="55" CONTENT="jag" WC="0.71" CC="043"/>
						<SP ID="P12_SP00014" HPOS="960" VPOS="660" WIDTH="27"/>
						<String ID="P12_ST00020" HPOS="987" VPOS="603" WIDTH="59" HEIGHT="56" CONTENT="gä" WC="0.67" CC="60"/>
						<SP ID="P12_SP00015" HPOS="1046" VPOS="660" WIDTH="25"/>
						<String ID="P12_ST00021" HPOS="1071" VPOS="603" WIDTH="66" HEIGHT="43" CONTENT="tili" WC="0.99" CC="1100"/>
						<SP ID="P12_SP00016" HPOS="1137" VPOS="660" WIDTH="25"/>
						<String ID="P12_ST00022" HPOS="1162" VPOS="602" WIDTH="177" HEIGHT="52" CONTENT="honom," WC="0.83" CC="045000"/>
						<SP ID="P12_SP00017" HPOS="1339" VPOS="660" WIDTH="18"/>
						<String ID="P12_ST00023" HPOS="1357" VPOS="600" WIDTH="148" HEIGHT="55" CONTENT="trycka" WC="0.58" CC="552650"/>
					</TextLine>
					<TextLine ID="P12_TL00007" HPOS="280" VPOS="669" WIDTH="1227" HEIGHT="58">
						<String ID="P12_ST00024" HPOS="280" VPOS="674" WIDTH="117" HEIGHT="43" CONTENT="hans" WC="0.86" CC="0500"/>
						<SP ID="P12_SP00018" HPOS="397" VPOS="717" WIDTH="30"/>
						<String ID="P12_ST00025" HPOS="427" VPOS="672" WIDTH="138" HEIGHT="53" CONTENT="hand," WC="0.99" CC="05000"/>
						<SP ID="P12_SP00019" HPOS="565" VPOS="725" WIDTH="28"/>
						<String ID="P12_ST00026" HPOS="593" VPOS="674" WIDTH="119" HEIGHT="53" CONTENT="säga" WC="0.77" CC="0053"/>
						<SP ID="P12_SP00020" HPOS="712" VPOS="727" WIDTH="26"/>
						<String ID="P12_ST00027" HPOS="738" VPOS="670" WIDTH="94" HEIGHT="45" CONTENT="min" WC="0.96" CC="560"/>
						<SP ID="P12_SP00021" HPOS="832" VPOS="727" WIDTH="614"/>
						<String ID="P12_ST00028" HPOS="1446" VPOS="669" WIDTH="61" HEIGHT="44" CONTENT="kär" WC="1.00" CC="000"/>
					</TextLine>
					<TextLine ID="P12_TL00008" HPOS="338" VPOS="734" WIDTH="442" HEIGHT="47">
						<String ID="P12_ST00029" HPOS="338" VPOS="736" WIDTH="112" HEIGHT="45" CONTENT="Men" WC="0.91" CC="010"/>
						<SP ID="P12_SP00022" HPOS="450" VPOS="781" WIDTH="28"/>
						<String ID="P12_ST00030" HPOS="478" VPOS="735" WIDTH="94" HEIGHT="44" CONTENT="han" WC="1.00" CC="000"/>
						<SP ID="P12_SP00023" HPOS="572" VPOS="781" WIDTH="25"/>
						<String ID="P12_ST00031" HPOS="597" VPOS="740" WIDTH="54" HEIGHT="39" CONTENT="är" WC="0.80" CC="04"/>
						<SP ID="P12_SP00024" HPOS="651" VPOS="781" WIDTH="25"/>
						<String ID="P12_ST00032" HPOS="676" VPOS="734" WIDTH="104" HEIGHT="44" CONTENT="död." WC="0.81" CC="0222"/>
					</TextLine>
					<TextLine ID="P12_TL00009" HPOS="337" VPOS="791" WIDTH="1168" HEIGHT="63">
						<String ID="P12_ST00033" HPOS="337" VPOS="799" WIDTH="175" HEIGHT="55" CONTENT="Därför" WC="0.92" CC="000400"/>
						<SP ID="P12_SP00025" HPOS="512" VPOS="854" WIDTH="34"/>
						<String ID="P12_ST00034" HPOS="546" VPOS="802" WIDTH="136" HEIGHT="52" CONTENT="säger" WC="0.77" CC="00640"/>
						<SP ID="P12_SP00026" HPOS="682" VPOS="854" WIDTH="36"/>
						<String ID="P12_ST00035" HPOS="718" VPOS="797" WIDTH="80" HEIGHT="56" CONTENT="jag" WC="0.85" CC="040"/>
						<SP ID="P12_SP00027" HPOS="798" VPOS="854" WIDTH="33"/>
						<String ID="P12_ST00036" HPOS="831" VPOS="796" WIDTH="273" HEIGHT="44" CONTENT="mänskorna" WC="0.87" CC="000006400"/>
						<SP ID="P12_SP00028" HPOS="1104" VPOS="854" WIDTH="34"/>
						<String ID="P12_ST00037" HPOS="1138" VPOS="792" WIDTH="99" HEIGHT="45" CONTENT="med" WC="0.64" CC="450"/>
						<SP ID="P12_SP00029" HPOS="1237" VPOS="854" WIDTH="40"/>
						<String ID="P12_ST00038" HPOS="1277" VPOS="792" WIDTH="113" HEIGHT="45" CONTENT="vilka" WC="0.58" CC="35441"/>
						<SP ID="P12_SP00030" HPOS="1390" VPOS="854" WIDTH="34"/>
						<String ID="P12_ST00039" HPOS="1424" VPOS="791" WIDTH="81" HEIGHT="56" CONTENT="jag" WC="0.60" CC="065"/>
					</TextLine>
					<TextLine ID="P12_TL00010" HPOS="281" VPOS="856" WIDTH="1224" HEIGHT="62">
						<String ID="P12_ST00040" HPOS="281" VPOS="866" WIDTH="89" HEIGHT="43" CONTENT="kan" WC="1.00" CC="000"/>
						<SP ID="P12_SP00031" HPOS="370" VPOS="909" WIDTH="25"/>
						<String ID="P12_ST00041" HPOS="395" VPOS="863" WIDTH="108" HEIGHT="55" CONTENT="tala," WC="0.97" CC="10000"/>
						<SP ID="P12_SP00032" HPOS="503" VPOS="918" WIDTH="26"/>
						<String ID="P12_ST00042" HPOS="529" VPOS="865" WIDTH="48" HEIGHT="41" CONTENT="at" WC="0.94" CC="01"/>
						<SP ID="P12_SP00033" HPOS="577" VPOS="918" WIDTH="28"/>
						<String ID="P12_ST00043" HPOS="605" VPOS="862" WIDTH="113" HEIGHT="44" CONTENT="vilka" WC="0.71" CC="85000"/>
						<SP ID="P12_SP00034" HPOS="718" VPOS="918" WIDTH="24"/>
						<String ID="P12_ST00044" HPOS="742" VPOS="862" WIDTH="81" HEIGHT="56" CONTENT="jag" WC="0.63" CC="037"/>
						<SP ID="P12_SP00035" HPOS="823" VPOS="918" WIDTH="26"/>
						<String ID="P12_ST00045" HPOS="849" VPOS="861" WIDTH="86" HEIGHT="44" CONTENT="kan" WC="1.00" CC="000"/>
						<SP ID="P12_SP00036" HPOS="935" VPOS="918" WIDTH="25"/>
						<String ID="P12_ST00046" HPOS="960" VPOS="863" WIDTH="139" HEIGHT="52" CONTENT="säga:" WC="0.80" CC="00270"/>
						<SP ID="P12_SP00037" HPOS="1099" VPOS="918" WIDTH="27"/>
						<String ID="P12_ST00047" HPOS="1126" VPOS="858" WIDTH="80" HEIGHT="56" CONTENT="jag" WC="0.80" CC="014"/>
						<SP ID="P12_SP00038" HPOS="1206" VPOS="918" WIDTH="24"/>
						<String ID="P12_ST00048" HPOS="1230" VPOS="857" WIDTH="153" HEIGHT="44" CONTENT="älskar" WC="0.97" CC="000001"/>
						<SP ID="P12_SP00039" HPOS="1383" VPOS="918" WIDTH="26"/>
						<String ID="P12_ST00049" HPOS="1409" VPOS="856" WIDTH="96" HEIGHT="43" CONTENT="Van" WC="0.97" CC="600"/>
					</TextLine>
					<TextLine ID="P12_TL00011" HPOS="284" VPOS="927" WIDTH="148" HEIGHT="58">
						<String ID="P12_ST00050" HPOS="284" VPOS="927" WIDTH="148" HEIGHT="58" CONTENT="Oogh." WC="0.73" CC="66000"/>
					</TextLine>
					<TextLine ID="P12_TL00012" HPOS="339" VPOS="1073" WIDTH="1168" HEIGHT="58">
						<String ID="P12_ST00051" HPOS="339" VPOS="1080" WIDTH="107" HEIGHT="50" CONTENT="Kan" WC="0.47" CC="590"/>
						<SP ID="P12_SP00040" HPOS="446" VPOS="1130" WIDTH="169"/>
						<String ID="P12_ST00052" HPOS="615" VPOS="1093" WIDTH="66" HEIGHT="31" CONTENT="man" WC="1.00" CC="000"/>
						<SP ID="P12_SP00041" HPOS="681" VPOS="1130" WIDTH="1"/>
						<String ID="P12_ST00053" HPOS="682" VPOS="1082" WIDTH="101" HEIGHT="42" CONTENT="väl" WC="0.67" CC="900"/>
						<SP ID="P12_SP00042" HPOS="783" VPOS="1130" WIDTH="374"/>
						<String ID="P12_ST00054" HPOS="1157" VPOS="1079" WIDTH="130" HEIGHT="43" CONTENT="älska" WC="1.00" CC="00000"/>
						<SP ID="P12_SP00043" HPOS="1287" VPOS="1130" WIDTH="-413"/>
						<String ID="P12_ST00055" HPOS="874" VPOS="1077" WIDTH="132" HEIGHT="53" CONTENT="döda," WC="0.98" CC="00000"/>
						<SP ID="P12_SP00044" HPOS="1287" VPOS="1130" WIDTH="-249"/>
						<String ID="P12_ST00056" HPOS="1038" VPOS="1082" WIDTH="53" HEIGHT="39" CONTENT="är" WC="1.00" CC="00"/>
						<SP ID="P12_SP00045" HPOS="1287" VPOS="1130" WIDTH="-165"/>
						<String ID="P12_ST00057" HPOS="1122" VPOS="1077" WIDTH="43" HEIGHT="54" CONTENT="ej" WC="1.00" CC="00"/>
						<SP ID="P12_SP00046" HPOS="1287" VPOS="1131" WIDTH="-93"/>
						<String ID="P12_ST00058" HPOS="1194" VPOS="1074" WIDTH="219" HEIGHT="53" CONTENT="kärleken," WC="0.88" CC="000100250"/>
						<SP ID="P12_SP00047" HPOS="1413" VPOS="1131" WIDTH="29"/>
						<String ID="P12_ST00059" HPOS="1442" VPOS="1073" WIDTH="44" HEIGHT="56" CONTENT="fö" SUBS_TYPE="HypPart1" SUBS_CONTENT="födandets" WC="0.86" CC="30"/>
						<HYP HPOS="1486" VPOS="1073" WIDTH="21" CONTENT="-"/>
					</TextLine>
					<TextLine ID="P12_TL00013" HPOS="281" VPOS="1138" WIDTH="1226" HEIGHT="62">
						<String ID="P12_ST00060" HPOS="281" VPOS="1144" WIDTH="190" HEIGHT="44" CONTENT="dandets" SUBS_TYPE="HypPart2" SUBS_CONTENT="födandets" WC="0.75" CC="0303270"/>
						<SP ID="P12_SP00048" HPOS="471" VPOS="1188" WIDTH="31"/>
						<String ID="P12_ST00061" HPOS="502" VPOS="1143" WIDTH="179" HEIGHT="57" CONTENT="gudom," WC="0.78" CC="070500"/>
						<SP ID="P12_SP00049" HPOS="681" VPOS="1200" WIDTH="34"/>
						<String ID="P12_ST00062" HPOS="715" VPOS="1141" WIDTH="177" HEIGHT="45" CONTENT="bunden" WC="0.90" CC="060000"/>
						<SP ID="P12_SP00050" HPOS="892" VPOS="1200" WIDTH="35"/>
						<String ID="P12_ST00063" HPOS="927" VPOS="1141" WIDTH="70" HEIGHT="45" CONTENT="vid" WC="1.00" CC="000"/>
						<SP ID="P12_SP00051" HPOS="997" VPOS="1200" WIDTH="32"/>
						<String ID="P12_ST00064" HPOS="1029" VPOS="1139" WIDTH="218" HEIGHT="53" CONTENT="levandet," WC="0.88" CC="040200030"/>
						<SP ID="P12_SP00052" HPOS="1247" VPOS="1200" WIDTH="30"/>
						<String ID="P12_ST00065" HPOS="1277" VPOS="1143" WIDTH="54" HEIGHT="40" CONTENT="är" WC="0.93" CC="10"/>
						<SP ID="P12_SP00053" HPOS="1331" VPOS="1200" WIDTH="32"/>
						<String ID="P12_ST00066" HPOS="1363" VPOS="1139" WIDTH="43" HEIGHT="56" CONTENT="ej" WC="0.89" CC="20"/>
						<SP ID="P12_SP00054" HPOS="1406" VPOS="1200" WIDTH="29"/>
						<String ID="P12_ST00067" HPOS="1435" VPOS="1138" WIDTH="72" HEIGHT="43" CONTENT="det" WC="0.98" CC="004"/>
					</TextLine>
					<TextLine ID="P12_TL00014" HPOS="281" VPOS="1201" WIDTH="1224" HEIGHT="64">
						<String ID="P12_ST00068" HPOS="281" VPOS="1209" WIDTH="325" HEIGHT="56" CONTENT="förgängligas" WC="0.86" CC="100000206600"/>
						<SP ID="P12_SP00055" HPOS="606" VPOS="1265" WIDTH="22"/>
						<String ID="P12_ST00069" HPOS="628" VPOS="1206" WIDTH="122" HEIGHT="56" CONTENT="kraft" WC="0.90" CC="00004"/>
						<SP ID="P12_SP00056" HPOS="750" VPOS="1265" WIDTH="20"/>
						<String ID="P12_ST00070" HPOS="770" VPOS="1206" WIDTH="93" HEIGHT="45" CONTENT="slut" WC="0.73" CC="0262"/>
						<SP ID="P12_SP00057" HPOS="863" VPOS="1265" WIDTH="20"/>
						<String ID="P12_ST00071" HPOS="883" VPOS="1210" WIDTH="85" HEIGHT="39" CONTENT="när" WC="1.00" CC="000"/>
						<SP ID="P12_SP00058" HPOS="968" VPOS="1265" WIDTH="24"/>
						<String ID="P12_ST00072" HPOS="992" VPOS="1205" WIDTH="73" HEIGHT="43" CONTENT="det" WC="0.96" CC="073"/>
						<SP ID="P12_SP00059" HPOS="1065" VPOS="1265" WIDTH="24"/>
						<String ID="P12_ST00073" HPOS="1089" VPOS="1204" WIDTH="161" HEIGHT="44" CONTENT="hunnit" WC="0.99" CC="070060"/>
						<SP ID="P12_SP00060" HPOS="1250" VPOS="1265" WIDTH="20"/>
						<String ID="P12_ST00074" HPOS="1270" VPOS="1204" WIDTH="69" HEIGHT="43" CONTENT="tili" WC="0.98" CC="0240"/>
						<SP ID="P12_SP00061" HPOS="1339" VPOS="1265" WIDTH="24"/>
						<String ID="P12_ST00075" HPOS="1363" VPOS="1201" WIDTH="142" HEIGHT="45" CONTENT="aska?" WC="0.68" CC="06242"/>
					</TextLine>
					<TextLine ID="P12_TL00015" HPOS="282" VPOS="1266" WIDTH="1225" HEIGHT="60">
						<String ID="P12_ST00076" HPOS="282" VPOS="1274" WIDTH="107" HEIGHT="49" CONTENT="Kan" WC="0.38" CC="890"/>
						<SP ID="P12_SP00062" HPOS="389" VPOS="1323" WIDTH="37"/>
						<String ID="P12_ST00077" HPOS="426" VPOS="1276" WIDTH="39" HEIGHT="42" CONTENT="vi" WC="0.22" CC="95"/>
						<SP ID="P12_SP00063" HPOS="465" VPOS="1323" WIDTH="32"/>
						<String ID="P12_ST00078" HPOS="497" VPOS="1274" WIDTH="128" HEIGHT="43" CONTENT="älska" WC="1.00" CC="00000"/>
						<SP ID="P12_SP00064" HPOS="625" VPOS="1323" WIDTH="34"/>
						<String ID="P12_ST00079" HPOS="659" VPOS="1272" WIDTH="120" HEIGHT="43" CONTENT="döda" WC="1.00" CC="0000"/>
						<SP ID="P12_SP00065" HPOS="779" VPOS="1323" WIDTH="32"/>
						<String ID="P12_ST00080" HPOS="811" VPOS="1270" WIDTH="224" HEIGHT="53" CONTENT="mänskor," WC="0.83" CC="93000000"/>
						<SP ID="P12_SP00066" HPOS="1035" VPOS="1323" WIDTH="32"/>
						<String ID="P12_ST00081" HPOS="1067" VPOS="1270" WIDTH="43" HEIGHT="56" CONTENT="ej" WC="0.75" CC="50"/>
						<SP ID="P12_SP00067" HPOS="1110" VPOS="1326" WIDTH="32"/>
						<String ID="P12_ST00082" HPOS="1142" VPOS="1268" WIDTH="112" HEIGHT="45" CONTENT="blott" WC="0.88" CC="00041"/>
						<SP ID="P12_SP00068" HPOS="1254" VPOS="1326" WIDTH="30"/>
						<String ID="P12_ST00083" HPOS="1284" VPOS="1267" WIDTH="134" HEIGHT="45" CONTENT="deras" WC="0.97" CC="01000"/>
						<SP ID="P12_SP00069" HPOS="1418" VPOS="1326" WIDTH="33"/>
						<String ID="P12_ST00084" HPOS="1451" VPOS="1266" WIDTH="38" HEIGHT="44" CONTENT="le" SUBS_TYPE="HypPart1" SUBS_CONTENT="levande" WC="0.88" CC="02"/>
						<HYP HPOS="1489" VPOS="1266" WIDTH="18" CONTENT="-"/>
					</TextLine>
					<TextLine ID="P12_TL00016" HPOS="285" VPOS="1331" WIDTH="1222" HEIGHT="59">
						<String ID="P12_ST00085" HPOS="285" VPOS="1337" WIDTH="139" HEIGHT="44" CONTENT="vande" SUBS_TYPE="HypPart2" SUBS_CONTENT="levande" WC="0.99" CC="00000"/>
						<SP ID="P12_SP00070" HPOS="424" VPOS="1381" WIDTH="40"/>
						<String ID="P12_ST00086" HPOS="464" VPOS="1336" WIDTH="113" HEIGHT="54" CONTENT="verk," WC="0.87" CC="06000"/>
						<SP ID="P12_SP00071" HPOS="577" VPOS="1390" WIDTH="35"/>
						<String ID="P12_ST00087" HPOS="612" VPOS="1338" WIDTH="110" HEIGHT="42" CONTENT="utan" WC="0.79" CC="6100"/>
						<SP ID="P12_SP00072" HPOS="722" VPOS="1390" WIDTH="520"/>
						<String ID="P12_ST00088" HPOS="1242" VPOS="1334" WIDTH="220" HEIGHT="45" CONTENT="mänskan" WC="1.00" CC="0000000"/>
						<SP ID="P12_SP00073" HPOS="1462" VPOS="1390" WIDTH="-450"/>
						<String ID="P12_ST00089" HPOS="1012" VPOS="1346" WIDTH="97" HEIGHT="32" CONTENT="sorn" WC="0.45" CC="0588"/>
						<SP ID="P12_SP00074" HPOS="1462" VPOS="1390" WIDTH="-314"/>
						<String ID="P12_ST00090" HPOS="1148" VPOS="1334" WIDTH="40" HEIGHT="42" CONTENT="vi" WC="0.72" CC="05"/>
						<SP ID="P12_SP00075" HPOS="1462" VPOS="1390" WIDTH="-236"/>
						<String ID="P12_ST00091" HPOS="1226" VPOS="1332" WIDTH="150" HEIGHT="55" CONTENT="aldrig" WC="0.88" CC="200040"/>
						<SP ID="P12_SP00076" HPOS="1462" VPOS="1390" WIDTH="-52"/>
						<String ID="P12_ST00092" HPOS="1410" VPOS="1331" WIDTH="97" HEIGHT="52" CONTENT="sett," WC="0.79" CC="10440"/>
					</TextLine>
					<TextLine ID="P12_TL00017" HPOS="280" VPOS="1394" WIDTH="1227" HEIGHT="64">
						<String ID="P12_ST00093" HPOS="280" VPOS="1401" WIDTH="150" HEIGHT="57" CONTENT="aldrig" WC="0.80" CC="060050"/>
						<SP ID="P12_SP00077" HPOS="430" VPOS="1458" WIDTH="35"/>
						<String ID="P12_ST00094" HPOS="465" VPOS="1401" WIDTH="179" HEIGHT="44" CONTENT="kömmit" WC="0.98" CC="009563"/>
						<SP ID="P12_SP00078" HPOS="644" VPOS="1458" WIDTH="33"/>
						<String ID="P12_ST00095" HPOS="677" VPOS="1402" WIDTH="15" HEIGHT="42" CONTENT="i" WC="0.62" CC="3"/>
						<SP ID="P12_SP00079" HPOS="692" VPOS="1458" WIDTH="36"/>
						<String ID="P12_ST00096" HPOS="728" VPOS="1398" WIDTH="208" HEIGHT="56" CONTENT="beröring" WC="0.75" CC="14010407"/>
						<SP ID="P12_SP00080" HPOS="936" VPOS="1458" WIDTH="33"/>
						<String ID="P12_ST00097" HPOS="969" VPOS="1398" WIDTH="112" HEIGHT="53" CONTENT="med," WC="0.83" CC="6000"/>
						<SP ID="P12_SP00081" HPOS="1081" VPOS="1458" WIDTH="37"/>
						<String ID="P12_ST00098" HPOS="1118" VPOS="1409" WIDTH="96" HEIGHT="31" CONTENT="som" WC="0.91" CC="020"/>
						<SP ID="P12_SP00082" HPOS="1214" VPOS="1458" WIDTH="32"/>
						<String ID="P12_ST00099" HPOS="1246" VPOS="1395" WIDTH="95" HEIGHT="44" CONTENT="dött" WC="0.91" CC="0003"/>
						<SP ID="P12_SP00083" HPOS="1341" VPOS="1458" WIDTH="36"/>
						<String ID="P12_ST00100" HPOS="1377" VPOS="1394" WIDTH="130" HEIGHT="56" CONTENT="längt" WC="0.69" CC="50045"/>
					</TextLine>
					<TextLine ID="P12_TL00018" HPOS="280" VPOS="1460" WIDTH="1000" HEIGHT="61">
						<String ID="P12_ST00101" HPOS="280" VPOS="1464" WIDTH="71" HEIGHT="57" CONTENT="för" WC="0.99" CC="300"/>
						<SP ID="P12_SP00084" HPOS="351" VPOS="1521" WIDTH="2"/>
						<String ID="P12_ST00102" HPOS="353" VPOS="1479" WIDTH="22" HEIGHT="29" CONTENT="e" WC="0.18" CC="8"/>
						<SP ID="P12_SP00085" HPOS="375" VPOS="1521" WIDTH="28"/>
						<String ID="P12_ST00103" HPOS="403" VPOS="1478" WIDTH="89" HEIGHT="39" CONTENT="oss," WC="0.78" CC="5002"/>
						<SP ID="P12_SP00086" HPOS="492" VPOS="1521" WIDTH="26"/>
						<String ID="P12_ST00104" HPOS="518" VPOS="1467" WIDTH="111" HEIGHT="41" CONTENT="utan" WC="0.75" CC="6102"/>
						<SP ID="P12_SP00087" HPOS="629" VPOS="1521" WIDTH="25"/>
						<String ID="P12_ST00105" HPOS="654" VPOS="1465" WIDTH="66" HEIGHT="42" CONTENT="att" WC="0.65" CC="055"/>
						<SP ID="P12_SP00088" HPOS="720" VPOS="1521" WIDTH="26"/>
						<String ID="P12_ST00106" HPOS="746" VPOS="1477" WIDTH="89" HEIGHT="30" CONTENT="ana" WC="1.00" CC="000"/>
						<SP ID="P12_SP00089" HPOS="835" VPOS="1521" WIDTH="30"/>
						<String ID="P12_ST00107" HPOS="865" VPOS="1461" WIDTH="99" HEIGHT="46" CONTENT="värt" WC="0.92" CC="0003"/>
						<SP ID="P12_SP00090" HPOS="964" VPOS="1521" WIDTH="24"/>
						<String ID="P12_ST00108" HPOS="988" VPOS="1460" WIDTH="292" HEIGHT="46" CONTENT="kommande?" WC="0.95" CC="020000010"/>
					</TextLine>
					<TextLine ID="P12_TL00019" HPOS="337" VPOS="1528" WIDTH="513" HEIGHT="57">
						<String ID="P12_ST00109" HPOS="337" VPOS="1529" WIDTH="190" HEIGHT="56" CONTENT="Jaman" WC="0.97" CC="70902"/>
						<SP ID="P12_SP00091" HPOS="527" VPOS="1585" WIDTH="27"/>
						<String ID="P12_ST00110" HPOS="554" VPOS="1529" WIDTH="103" HEIGHT="53" CONTENT="kan," WC="0.98" CC="0000"/>
						<SP ID="P12_SP00092" HPOS="657" VPOS="1585" WIDTH="27"/>
						<String ID="P12_ST00111" HPOS="684" VPOS="1529" WIDTH="39" HEIGHT="43" CONTENT="vi" WC="0.69" CC="06"/>
						<SP ID="P12_SP00093" HPOS="723" VPOS="1585" WIDTH="27"/>
						<String ID="P12_ST00112" HPOS="750" VPOS="1528" WIDTH="100" HEIGHT="44" CONTENT="kan." WC="0.91" CC="0003"/>
					</TextLine>
					<TextLine ID="P12_TL00020" HPOS="339" VPOS="1586" WIDTH="1168" HEIGHT="57">
						<String ID="P12_ST00113" HPOS="339" VPOS="1592" WIDTH="41" HEIGHT="46" CONTENT="O" WC="1.00" CC="0"/>
						<SP ID="P12_SP00094" HPOS="380" VPOS="1638" WIDTH="3"/>
						<String ID="P12_ST00114" HPOS="383" VPOS="1606" WIDTH="44" HEIGHT="31" CONTENT="m" WC="0.14" CC="8"/>
						<SP ID="P12_SP00095" HPOS="427" VPOS="1638" WIDTH="38"/>
						<String ID="P12_ST00115" HPOS="465" VPOS="1595" WIDTH="38" HEIGHT="42" CONTENT="vi" WC="0.71" CC="05"/>
						<SP ID="P12_SP00096" HPOS="503" VPOS="1638" WIDTH="36"/>
						<String ID="P12_ST00116" HPOS="539" VPOS="1592" WIDTH="166" HEIGHT="45" CONTENT="räknar" WC="0.94" CC="030000"/>
						<SP ID="P12_SP00097" HPOS="705" VPOS="1638" WIDTH="37"/>
						<String ID="P12_ST00117" HPOS="742" VPOS="1591" WIDTH="77" HEIGHT="44" CONTENT="vär" WC="1.00" CC="000"/>
						<SP ID="P12_SP00098" HPOS="819" VPOS="1638" WIDTH="36"/>
						<String ID="P12_ST00118" HPOS="855" VPOS="1591" WIDTH="163" HEIGHT="52" CONTENT="kärlek," WC="0.95" CC="0000003"/>
						<SP ID="P12_SP00099" HPOS="1018" VPOS="1643" WIDTH="33"/>
						<String ID="P12_ST00119" HPOS="1051" VPOS="1602" WIDTH="26" HEIGHT="32" CONTENT="o" WC="1.00" CC="0"/>
						<SP ID="P12_SP00100" HPOS="1077" VPOS="1643" WIDTH="3"/>
						<String ID="P12_ST00120" HPOS="1080" VPOS="1602" WIDTH="43" HEIGHT="32" CONTENT="m" WC="1.00" CC="0"/>
						<SP ID="P12_SP00101" HPOS="1123" VPOS="1643" WIDTH="39"/>
						<String ID="P12_ST00121" HPOS="1162" VPOS="1591" WIDTH="40" HEIGHT="42" CONTENT="vi" WC="0.71" CC="05"/>
						<SP ID="P12_SP00102" HPOS="1202" VPOS="1643" WIDTH="33"/>
						<String ID="P12_ST00122" HPOS="1235" VPOS="1586" WIDTH="272" HEIGHT="46" CONTENT="överblickar" WC="0.80" CC="00040034009"/>
					</TextLine>
					<TextLine ID="P12_TL00021" HPOS="282" VPOS="1652" WIDTH="1225" HEIGHT="49">
						<String ID="P12_ST00123" HPOS="282" VPOS="1670" WIDTH="108" HEIGHT="31" CONTENT="vara" WC="1.00" CC="0010"/>
						<SP ID="P12_SP00103" HPOS="390" VPOS="1701" WIDTH="28"/>
						<String ID="P12_ST00124" HPOS="418" VPOS="1656" WIDTH="210" HEIGHT="45" CONTENT="älskades" WC="1.00" CC="00000000"/>
						<SP ID="P12_SP00104" HPOS="628" VPOS="1701" WIDTH="28"/>
						<String ID="P12_ST00125" HPOS="656" VPOS="1656" WIDTH="200" HEIGHT="43" CONTENT="ansikten" WC="0.85" CC="00030330"/>
						<SP ID="P12_SP00105" HPOS="856" VPOS="1701" WIDTH="29"/>
						<String ID="P12_ST00126" HPOS="885" VPOS="1655" WIDTH="117" HEIGHT="44" CONTENT="skall" WC="1.00" CC="00000"/>
						<SP ID="P12_SP00106" HPOS="1002" VPOS="1701" WIDTH="31"/>
						<String ID="P12_ST00127" HPOS="1033" VPOS="1656" WIDTH="39" HEIGHT="42" CONTENT="vi" WC="0.65" CC="07"/>
						<SP ID="P12_SP00107" HPOS="1072" VPOS="1701" WIDTH="28"/>
						<String ID="P12_ST00128" HPOS="1100" VPOS="1667" WIDTH="50" HEIGHT="31" CONTENT="se" WC="1.00" CC="00"/>
						<SP ID="P12_SP00108" HPOS="1150" VPOS="1701" WIDTH="26"/>
						<String ID="P12_ST00129" HPOS="1176" VPOS="1653" WIDTH="68" HEIGHT="42" CONTENT="att" WC="0.86" CC="030"/>
						<SP ID="P12_SP00109" HPOS="1244" VPOS="1701" WIDTH="25"/>
						<String ID="P12_ST00130" HPOS="1269" VPOS="1652" WIDTH="135" HEIGHT="44" CONTENT="deras" WC="1.00" CC="00000"/>
						<SP ID="P12_SP00110" HPOS="1404" VPOS="1701" WIDTH="25"/>
						<String ID="P12_ST00131" HPOS="1429" VPOS="1665" WIDTH="52" HEIGHT="30" CONTENT="an" SUBS_TYPE="HypPart1" SUBS_CONTENT="antal" WC="1.00" CC="00"/>
						<HYP HPOS="1481" VPOS="1665" WIDTH="26" CONTENT="-"/>
					</TextLine>
					<TextLine ID="P12_TL00022" HPOS="281" VPOS="1717" WIDTH="1226" HEIGHT="54">
						<String ID="P12_ST00132" HPOS="281" VPOS="1723" WIDTH="65" HEIGHT="43" CONTENT="tal" SUBS_TYPE="HypPart2" SUBS_CONTENT="antal" WC="0.94" CC="100"/>
						<SP ID="P12_SP00111" HPOS="346" VPOS="1766" WIDTH="21"/>
						<String ID="P12_ST00133" HPOS="367" VPOS="1727" WIDTH="55" HEIGHT="39" CONTENT="är" WC="1.00" CC="00"/>
						<SP ID="P12_SP00112" HPOS="422" VPOS="1766" WIDTH="20"/>
						<String ID="P12_ST00134" HPOS="442" VPOS="1721" WIDTH="300" HEIGHT="45" CONTENT="sammansatt" WC="0.92" CC="2000000040"/>
						<SP ID="P12_SP00113" HPOS="742" VPOS="1766" WIDTH="23"/>
						<String ID="P12_ST00135" HPOS="765" VPOS="1733" WIDTH="54" HEIGHT="31" CONTENT="av" WC="0.73" CC="50"/>
						<SP ID="P12_SP00114" HPOS="819" VPOS="1766" WIDTH="23"/>
						<String ID="P12_ST00136" HPOS="842" VPOS="1719" WIDTH="187" HEIGHT="45" CONTENT="levande" WC="1.00" CC="0000000"/>
						<SP ID="P12_SP00115" HPOS="1029" VPOS="1766" WIDTH="20"/>
						<String ID="P12_ST00137" HPOS="1049" VPOS="1718" WIDTH="84" HEIGHT="44" CONTENT="och" WC="0.98" CC="000"/>
						<SP ID="P12_SP00116" HPOS="1133" VPOS="1766" WIDTH="22"/>
						<String ID="P12_ST00138" HPOS="1155" VPOS="1718" WIDTH="132" HEIGHT="43" CONTENT="döda." WC="1.00" CC="00000"/>
						<SP ID="P12_SP00117" HPOS="1287" VPOS="1766" WIDTH="23"/>
						<String ID="P12_ST00139" HPOS="1310" VPOS="1717" WIDTH="24" HEIGHT="43" CONTENT="/" WC="0.28" CC="7"/>
						<SP ID="P12_SP00118" HPOS="1334" VPOS="1766" WIDTH="23"/>
						<String ID="P12_ST00140" HPOS="1357" VPOS="1717" WIDTH="125" HEIGHT="54" CONTENT="kyrko" SUBS_TYPE="HypPart1" SUBS_CONTENT="kyrkogärdsgravar" WC="0.97" CC="00000"/>
						<HYP HPOS="1482" VPOS="1717" WIDTH="25" CONTENT="-"/>
					</TextLine>
					<TextLine ID="P12_TL00023" HPOS="280" VPOS="1782" WIDTH="1225" HEIGHT="59">
						<String ID="P12_ST00141" HPOS="280" VPOS="1785" WIDTH="312" HEIGHT="56" CONTENT="gärdsgravar" SUBS_TYPE="HypPart2" SUBS_CONTENT="kyrkogärdsgravar" WC="0.92" CC="90000000000"/>
						<SP ID="P12_SP00119" HPOS="592" VPOS="1841" WIDTH="24"/>
						<String ID="P12_ST00142" HPOS="616" VPOS="1787" WIDTH="17" HEIGHT="43" CONTENT="i" WC="0.88" CC="1"/>
						<SP ID="P12_SP00120" HPOS="633" VPOS="1841" WIDTH="24"/>
						<String ID="P12_ST00143" HPOS="657" VPOS="1783" WIDTH="278" HEIGHT="58" CONTENT="pyramiders" WC="0.78" CC="4001050090"/>
						<SP ID="P12_SP00121" HPOS="935" VPOS="1841" WIDTH="24"/>
						<String ID="P12_ST00144" HPOS="959" VPOS="1783" WIDTH="210" HEIGHT="56" CONTENT="djupaste" WC="0.84" CC="00650000"/>
						<SP ID="P12_SP00122" HPOS="1169" VPOS="1841" WIDTH="23"/>
						<String ID="P12_ST00145" HPOS="1192" VPOS="1782" WIDTH="180" HEIGHT="44" CONTENT="kamrar" WC="1.00" CC="000000"/>
						<SP ID="P12_SP00123" HPOS="1372" VPOS="1841" WIDTH="24"/>
						<String ID="P12_ST00146" HPOS="1396" VPOS="1783" WIDTH="15" HEIGHT="42" CONTENT="i" WC="0.45" CC="5"/>
						<SP ID="P12_SP00124" HPOS="1411" VPOS="1841" WIDTH="24"/>
						<String ID="P12_ST00147" HPOS="1435" VPOS="1793" WIDTH="47" HEIGHT="32" CONTENT="ur" SUBS_TYPE="HypPart1" SUBS_CONTENT="urtidsnätters" WC="0.72" CC="70"/>
						<HYP HPOS="1482" VPOS="1793" WIDTH="23" CONTENT="-"/>
					</TextLine>
					<TextLine ID="P12_TL00024" HPOS="280" VPOS="1842" WIDTH="1227" HEIGHT="63">
						<String ID="P12_ST00148" HPOS="280" VPOS="1849" WIDTH="260" HEIGHT="44" CONTENT="tidsnätters" SUBS_TYPE="HypPart2" SUBS_CONTENT="urtidsnätters" WC="0.90" CC="44000020000"/>
						<SP ID="P12_SP00125" HPOS="540" VPOS="1893" WIDTH="34"/>
						<String ID="P12_ST00149" HPOS="574" VPOS="1848" WIDTH="253" HEIGHT="57" CONTENT="gätmörker" WC="0.84" CC="005020005"/>
						<SP ID="P12_SP00126" HPOS="827" VPOS="1905" WIDTH="32"/>
						<String ID="P12_ST00150" HPOS="859" VPOS="1851" WIDTH="184" HEIGHT="51" CONTENT="tränger" WC="0.97" CC="2000000"/>
						<SP ID="P12_SP00127" HPOS="1043" VPOS="1905" WIDTH="37"/>
						<String ID="P12_ST00151" HPOS="1080" VPOS="1845" WIDTH="96" HEIGHT="46" CONTENT="värt" WC="0.83" CC="0204"/>
						<SP ID="P12_SP00128" HPOS="1176" VPOS="1905" WIDTH="32"/>
						<String ID="P12_ST00152" HPOS="1208" VPOS="1845" WIDTH="80" HEIGHT="56" CONTENT="jag" WC="0.96" CC="100"/>
						<SP ID="P12_SP00129" HPOS="1288" VPOS="1905" WIDTH="33"/>
						<String ID="P12_ST00153" HPOS="1321" VPOS="1844" WIDTH="59" HEIGHT="57" CONTENT="pä" WC="1.00" CC="00"/>
						<SP ID="P12_SP00130" HPOS="1380" VPOS="1905" WIDTH="33"/>
						<String ID="P12_ST00154" HPOS="1413" VPOS="1842" WIDTH="94" HEIGHT="56" CONTENT="jaki" WC="0.76" CC="4301"/>
					</TextLine>
					<TextLine ID="P12_TL00025" HPOS="277" VPOS="1910" WIDTH="1002" HEIGHT="59">
						<String ID="P12_ST00155" HPOS="277" VPOS="1914" WIDTH="111" HEIGHT="55" CONTENT="efter" WC="0.89" CC="00500"/>
						<SP ID="P12_SP00131" HPOS="388" VPOS="1969" WIDTH="34"/>
						<String ID="P12_ST00156" HPOS="422" VPOS="1914" WIDTH="187" HEIGHT="55" CONTENT="duskap." WC="0.84" CC="0600004"/>
						<SP ID="P12_SP00132" HPOS="609" VPOS="1969" WIDTH="54"/>
						<String ID="P12_ST00157" HPOS="663" VPOS="1911" WIDTH="99" HEIGHT="46" CONTENT="Och" WC="0.79" CC="060"/>
						<SP ID="P12_SP00133" HPOS="762" VPOS="1969" WIDTH="35"/>
						<String ID="P12_ST00158" HPOS="797" VPOS="1911" WIDTH="161" HEIGHT="57" CONTENT="finner," WC="0.77" CC="2700006"/>
						<SP ID="P12_SP00134" HPOS="958" VPOS="1969" WIDTH="34"/>
						<String ID="P12_ST00159" HPOS="992" VPOS="1910" WIDTH="85" HEIGHT="45" CONTENT="och" WC="0.81" CC="050"/>
						<SP ID="P12_SP00135" HPOS="1077" VPOS="1969" WIDTH="33"/>
						<String ID="P12_ST00160" HPOS="1110" VPOS="1910" WIDTH="169" HEIGHT="44" CONTENT="känner" WC="1.00" CC="000000"/>
					</TextLine>
					<TextLine ID="P12_TL00026" HPOS="278" VPOS="1975" WIDTH="743" HEIGHT="58">
						<String ID="P12_ST00161" HPOS="278" VPOS="1978" WIDTH="181" HEIGHT="55" CONTENT="skapets" WC="0.95" CC="0000030"/>
						<SP ID="P12_SP00136" HPOS="459" VPOS="2033" WIDTH="28"/>
						<String ID="P12_ST00162" HPOS="487" VPOS="1976" WIDTH="124" HEIGHT="57" CONTENT="fröjd" WC="0.99" CC="00000"/>
						<SP ID="P12_SP00137" HPOS="611" VPOS="2033" WIDTH="26"/>
						<String ID="P12_ST00163" HPOS="637" VPOS="1977" WIDTH="114" HEIGHT="45" CONTENT="isin" WC="0.63" CC="6070"/>
						<SP ID="P12_SP00138" HPOS="751" VPOS="2033" WIDTH="29"/>
						<String ID="P12_ST00164" HPOS="780" VPOS="1975" WIDTH="241" HEIGHT="45" CONTENT="ensamhet." WC="0.95" CC="000000022"/>
					</TextLine>
					<TextLine ID="P12_TL00027" HPOS="336" VPOS="2039" WIDTH="481" HEIGHT="60">
						<String ID="P12_ST00165" HPOS="336" VPOS="2042" WIDTH="92" HEIGHT="57" CONTENT="Jag" WC="0.65" CC="307"/>
						<SP ID="P12_SP00139" HPOS="428" VPOS="2099" WIDTH="30"/>
						<String ID="P12_ST00166" HPOS="458" VPOS="2041" WIDTH="146" HEIGHT="45" CONTENT="kallar" WC="0.99" CC="000000"/>
						<SP ID="P12_SP00140" HPOS="604" VPOS="2099" WIDTH="30"/>
						<String ID="P12_ST00167" HPOS="634" VPOS="2041" WIDTH="80" HEIGHT="55" CONTENT="dig" WC="0.88" CC="030"/>
						<SP ID="P12_SP00141" HPOS="714" VPOS="2099" WIDTH="29"/>
						<String ID="P12_ST00168" HPOS="743" VPOS="2039" WIDTH="74" HEIGHT="45" CONTENT="du." WC="1.00" CC="000"/>
					</TextLine>
					<TextLine ID="P12_TL00028" HPOS="336" VPOS="2207" WIDTH="345" HEIGHT="46">
						<String ID="P12_ST00169" HPOS="336" VPOS="2208" WIDTH="135" HEIGHT="45" CONTENT="Hans" WC="0.98" CC="6020"/>
						<SP ID="P12_SP00142" HPOS="471" VPOS="2253" WIDTH="27"/>
						<String ID="P12_ST00170" HPOS="498" VPOS="2207" WIDTH="183" HEIGHT="44" CONTENT="levnad:" WC="0.98" CC="0100000"/>
					</TextLine>
					<TextLine ID="P12_TL00029" HPOS="336" VPOS="2268" WIDTH="1169" HEIGHT="60">
						<String ID="P12_ST00171" HPOS="336" VPOS="2272" WIDTH="193" HEIGHT="54" CONTENT="dramat," WC="0.91" CC="0000040"/>
						<SP ID="P12_SP00143" HPOS="529" VPOS="2326" WIDTH="38"/>
						<String ID="P12_ST00172" HPOS="567" VPOS="2270" WIDTH="75" HEIGHT="45" CONTENT="det" WC="0.99" CC="011"/>
						<SP ID="P12_SP00144" HPOS="642" VPOS="2326" WIDTH="38"/>
						<String ID="P12_ST00173" HPOS="680" VPOS="2270" WIDTH="283" HEIGHT="58" CONTENT="fullkomliga" WC="0.54" CC="76531607650"/>
						<SP ID="P12_SP00145" HPOS="963" VPOS="2328" WIDTH="284"/>
						<String ID="P12_ST00174" HPOS="1247" VPOS="2268" WIDTH="258" HEIGHT="44" CONTENT="snöbollens" WC="0.79" CC="0000540640"/>
					</TextLine>
					<TextLine ID="P12_TL00030" HPOS="276" VPOS="2333" WIDTH="1231" HEIGHT="59">
						<String ID="P12_ST00175" HPOS="276" VPOS="2336" WIDTH="343" HEIGHT="56" CONTENT="lavinstegring," WC="0.84" CC="60064010004000"/>
						<SP ID="P12_SP00146" HPOS="619" VPOS="2392" WIDTH="66"/>
						<String ID="P12_ST00176" HPOS="685" VPOS="2333" WIDTH="575" HEIGHT="54" CONTENT="varat-mästat-blivandet;" WC="0.78" CC="00024090072425070000003"/>
						<SP ID="P12_SP00147" HPOS="1260" VPOS="2392" WIDTH="64"/>
						<String ID="P12_ST00177" HPOS="1324" VPOS="2333" WIDTH="43" HEIGHT="56" CONTENT="ej" WC="0.82" CC="30"/>
						<SP ID="P12_SP00148" HPOS="1367" VPOS="2392" WIDTH="60"/>
						<String ID="P12_ST00178" HPOS="1427" VPOS="2344" WIDTH="80" HEIGHT="32" CONTENT="ens" WC="1.00" CC="000"/>
					</TextLine>
					<TextLine ID="P12_TL00031" HPOS="277" VPOS="2397" WIDTH="896" HEIGHT="58">
						<String ID="P12_ST00179" HPOS="277" VPOS="2401" WIDTH="253" HEIGHT="45" CONTENT="slutskottet" WC="0.93" CC="00000002003"/>
						<SP ID="P12_SP00149" HPOS="530" VPOS="2446" WIDTH="21"/>
						<String ID="P12_ST00180" HPOS="551" VPOS="2400" WIDTH="168" HEIGHT="44" CONTENT="saknas" WC="0.99" CC="000000"/>
						<SP ID="P12_SP00150" HPOS="719" VPOS="2446" WIDTH="108"/>
						<String ID="P12_ST00181" HPOS="827" VPOS="2397" WIDTH="173" HEIGHT="58" CONTENT="hjälten" WC="0.80" CC="0403500"/>
						<SP ID="P12_SP00151" HPOS="1000" VPOS="2455" WIDTH="26"/>
						<String ID="P12_ST00182" HPOS="1026" VPOS="2397" WIDTH="147" HEIGHT="58" CONTENT="faller." WC="0.89" CC="3400000"/>
					</TextLine>
					<TextLine ID="P12_TL00032" HPOS="336" VPOS="2462" WIDTH="257" HEIGHT="47">
						<String ID="P12_ST00183" HPOS="336" VPOS="2462" WIDTH="102" HEIGHT="47" CONTENT="Föll" WC="0.84" CC="5000"/>
						<SP ID="P12_SP00152" HPOS="438" VPOS="2509" WIDTH="30"/>
						<String ID="P12_ST00184" HPOS="468" VPOS="2463" WIDTH="125" HEIGHT="45" CONTENT="han?" WC="1.00" CC="0000"/>
					</TextLine>
					<TextLine ID="P12_TL00033" HPOS="334" VPOS="2524" WIDTH="1171" HEIGHT="56">
						<String ID="P12_ST00185" HPOS="334" VPOS="2528" WIDTH="99" HEIGHT="45" CONTENT="Icke" WC="0.90" CC="3000"/>
						<SP ID="P12_SP00153" HPOS="433" VPOS="2573" WIDTH="32"/>
						<String ID="P12_ST00186" HPOS="465" VPOS="2528" WIDTH="136" HEIGHT="45" CONTENT="skära" WC="0.96" CC="01000"/>
						<SP ID="P12_SP00154" HPOS="601" VPOS="2573" WIDTH="37"/>
						<String ID="P12_ST00187" HPOS="638" VPOS="2528" WIDTH="171" HEIGHT="52" CONTENT="tänder," WC="0.95" CC="3000000"/>
						<SP ID="P12_SP00155" HPOS="809" VPOS="2580" WIDTH="35"/>
						<String ID="P12_ST00188" HPOS="844" VPOS="2526" WIDTH="97" HEIGHT="45" CONTENT="bort" WC="0.87" CC="0202"/>
						<SP ID="P12_SP00156" HPOS="941" VPOS="2580" WIDTH="36"/>
						<String ID="P12_ST00189" HPOS="977" VPOS="2527" WIDTH="63" HEIGHT="43" CONTENT="ali" WC="0.99" CC="003"/>
						<SP ID="P12_SP00157" HPOS="1040" VPOS="2580" WIDTH="36"/>
						<String ID="P12_ST00190" HPOS="1076" VPOS="2527" WIDTH="281" HEIGHT="42" CONTENT="sentimental" WC="0.90" CC="00036000000"/>
						<SP ID="P12_SP00158" HPOS="1357" VPOS="2580" WIDTH="33"/>
						<String ID="P12_ST00191" HPOS="1390" VPOS="2524" WIDTH="87" HEIGHT="45" CONTENT="med" SUBS_TYPE="HypPart1" SUBS_CONTENT="medkänsla:" WC="1.00" CC="000"/>
						<HYP HPOS="1477" VPOS="2524" WIDTH="28" CONTENT="-"/>
					</TextLine>
					<TextLine ID="P12_TL00034" HPOS="278" VPOS="2589" WIDTH="1227" HEIGHT="60">
						<String ID="P12_ST00192" HPOS="278" VPOS="2593" WIDTH="183" HEIGHT="44" CONTENT="känsla:" SUBS_TYPE="HypPart2" SUBS_CONTENT="medkänsla:" WC="1.00" CC="0000000"/>
						<SP ID="P12_SP00159" HPOS="461" VPOS="2637" WIDTH="23"/>
						<String ID="P12_ST00193" HPOS="484" VPOS="2592" WIDTH="74" HEIGHT="44" CONTENT="det" WC="1.00" CC="000"/>
						<SP ID="P12_SP00160" HPOS="558" VPOS="2637" WIDTH="24"/>
						<String ID="P12_ST00194" HPOS="582" VPOS="2597" WIDTH="53" HEIGHT="39" CONTENT="är" WC="0.97" CC="00"/>
						<SP ID="P12_SP00161" HPOS="635" VPOS="2637" WIDTH="23"/>
						<String ID="P12_ST00195" HPOS="658" VPOS="2592" WIDTH="43" HEIGHT="57" CONTENT="ej" WC="1.00" CC="00"/>
						<SP ID="P12_SP00162" HPOS="701" VPOS="2649" WIDTH="22"/>
						<String ID="P12_ST00196" HPOS="723" VPOS="2590" WIDTH="193" HEIGHT="58" CONTENT="mängen" WC="0.91" CC="022000"/>
						<SP ID="P12_SP00163" HPOS="916" VPOS="2649" WIDTH="24"/>
						<String ID="P12_ST00197" HPOS="940" VPOS="2592" WIDTH="142" HEIGHT="43" CONTENT="unnat" WC="0.88" CC="00005"/>
						<SP ID="P12_SP00164" HPOS="1082" VPOS="2649" WIDTH="24"/>
						<String ID="P12_ST00198" HPOS="1106" VPOS="2590" WIDTH="65" HEIGHT="44" CONTENT="att" WC="0.88" CC="012"/>
						<SP ID="P12_SP00165" HPOS="1171" VPOS="2649" WIDTH="23"/>
						<String ID="P12_ST00199" HPOS="1194" VPOS="2589" WIDTH="52" HEIGHT="45" CONTENT="sä" WC="0.90" CC="01"/>
						<SP ID="P12_SP00166" HPOS="1246" VPOS="2649" WIDTH="24"/>
						<String ID="P12_ST00200" HPOS="1270" VPOS="2589" WIDTH="102" HEIGHT="45" CONTENT="rakt" WC="0.93" CC="0002"/>
						<SP ID="P12_SP00167" HPOS="1372" VPOS="2649" WIDTH="13"/>
						<String ID="P12_ST00201" HPOS="1385" VPOS="2589" WIDTH="120" HEIGHT="56" CONTENT="stiga" WC="0.82" CC="00701"/>
					</TextLine>
					<TextLine ID="P12_TL00035" HPOS="278" VPOS="2655" WIDTH="337" HEIGHT="57">
						<String ID="P12_ST00202" HPOS="278" VPOS="2658" WIDTH="93" HEIGHT="43" CONTENT="mot" WC="0.86" CC="004"/>
						<SP ID="P12_SP00168" HPOS="371" VPOS="2701" WIDTH="22"/>
						<String ID="P12_ST00203" HPOS="393" VPOS="2658" WIDTH="71" HEIGHT="43" CONTENT="sin" WC="1.00" CC="000"/>
						<SP ID="P12_SP00169" HPOS="464" VPOS="2701" WIDTH="28"/>
						<String ID="P12_ST00204" HPOS="492" VPOS="2655" WIDTH="123" HEIGHT="57" CONTENT="höjd." WC="0.78" CC="03403"/>
					</TextLine>
					<TextLine ID="P12_TL00036" HPOS="338" VPOS="2834" WIDTH="276" HEIGHT="45">
						<String ID="P12_ST00205" HPOS="338" VPOS="2834" WIDTH="136" HEIGHT="45" CONTENT="Hans" WC="0.99" CC="5000"/>
						<SP ID="P12_SP00170" HPOS="474" VPOS="2879" WIDTH="29"/>
						<String ID="P12_ST00206" HPOS="503" VPOS="2834" WIDTH="111" HEIGHT="45" CONTENT="verk." WC="0.85" CC="07000"/>
					</TextLine>
					<TextLine ID="P12_TL00037" HPOS="336" VPOS="2897" WIDTH="1171" HEIGHT="57">
						<String ID="P12_ST00207" HPOS="336" VPOS="2899" WIDTH="184" HEIGHT="45" CONTENT="Nästan" WC="0.86" CC="000800"/>
						<SP ID="P12_SP00171" HPOS="520" VPOS="2944" WIDTH="45"/>
						<String ID="P12_ST00208" HPOS="565" VPOS="2899" WIDTH="262" HEIGHT="52" CONTENT="idealkonst," WC="0.74" CC="63731000060"/>
						<SP ID="P12_SP00172" HPOS="827" VPOS="2951" WIDTH="641"/>
						<String ID="P12_ST00209" HPOS="1468" VPOS="2903" WIDTH="39" HEIGHT="39" CONTENT="nä" WC="1.00" CC="00"/>
						<SP ID="P12_SP00173" HPOS="1507" VPOS="2951" WIDTH="-423"/>
						<String ID="P12_ST00210" HPOS="1084" VPOS="2897" WIDTH="297" HEIGHT="57" CONTENT="allrörlighet," WC="0.77" CC="0030001340653"/>
						<SP ID="P12_SP00174" HPOS="1507" VPOS="2954" WIDTH="-79"/>
						<String ID="P12_ST00211" HPOS="1428" VPOS="2911" WIDTH="52" HEIGHT="30" CONTENT="na" SUBS_TYPE="HypPart1" SUBS_CONTENT="nastan" WC="0.97" CC="25"/>
						<HYP HPOS="1480" VPOS="2911" WIDTH="25" CONTENT="-"/>
					</TextLine>
					<TextLine ID="P12_TL00038" HPOS="277" VPOS="2963" WIDTH="782" HEIGHT="57">
						<String ID="P12_ST00212" HPOS="277" VPOS="2966" WIDTH="104" HEIGHT="42" CONTENT="stan" SUBS_TYPE="HypPart2" SUBS_CONTENT="nastan" WC="0.99" CC="0300"/>
						<SP ID="P12_SP00175" HPOS="381" VPOS="3008" WIDTH="26"/>
						<String ID="P12_ST00213" HPOS="407" VPOS="2963" WIDTH="242" HEIGHT="55" CONTENT="tvingande" WC="0.86" CC="204040000"/>
						<SP ID="P12_SP00176" HPOS="649" VPOS="3018" WIDTH="28"/>
						<String ID="P12_ST00214" HPOS="677" VPOS="2963" WIDTH="220" HEIGHT="57" CONTENT="rörlighet" WC="0.80" CC="840030000"/>
						<SP ID="P12_SP00177" HPOS="897" VPOS="3020" WIDTH="24"/>
						<String ID="P12_ST00215" HPOS="921" VPOS="2965" WIDTH="17" HEIGHT="42" CONTENT="i" WC="0.47" CC="5"/>
						<SP ID="P12_SP00178" HPOS="938" VPOS="3020" WIDTH="25"/>
						<String ID="P12_ST00216" HPOS="963" VPOS="2963" WIDTH="96" HEIGHT="43" CONTENT="alit." WC="0.99" CC="01004"/>
					</TextLine>
					<TextLine ID="P12_TL00039" HPOS="337" VPOS="3027" WIDTH="259" HEIGHT="45">
						<String ID="P12_ST00217" HPOS="337" VPOS="3027" WIDTH="72" HEIGHT="45" CONTENT="En" WC="0.84" CC="30"/>
						<SP ID="P12_SP00179" HPOS="409" VPOS="3072" WIDTH="24"/>
						<String ID="P12_ST00218" HPOS="433" VPOS="3029" WIDTH="163" HEIGHT="43" CONTENT="krater." WC="0.81" CC="0903000"/>
					</TextLine>
					<TextLine ID="P12_TL00040" HPOS="336" VPOS="3090" WIDTH="1169" HEIGHT="57">
						<String ID="P12_ST00219" HPOS="336" VPOS="3092" WIDTH="102" HEIGHT="45" CONTENT="Den" WC="1.00" CC="000"/>
						<SP ID="P12_SP00180" HPOS="438" VPOS="3137" WIDTH="23"/>
						<String ID="P12_ST00220" HPOS="461" VPOS="3092" WIDTH="220" HEIGHT="43" CONTENT="intensiva" WC="0.90" CC="300000400"/>
						<SP ID="P12_SP00181" HPOS="681" VPOS="3137" WIDTH="27"/>
						<String ID="P12_ST00221" HPOS="708" VPOS="3091" WIDTH="341" HEIGHT="56" CONTENT="eldgivningens" WC="0.70" CC="7625480500000"/>
						<SP ID="P12_SP00182" HPOS="1049" VPOS="3147" WIDTH="24"/>
						<String ID="P12_ST00222" HPOS="1073" VPOS="3091" WIDTH="134" HEIGHT="54" CONTENT="prakt" WC="1.00" CC="00000"/>
						<SP ID="P12_SP00183" HPOS="1207" VPOS="3147" WIDTH="23"/>
						<String ID="P12_ST00223" HPOS="1230" VPOS="3092" WIDTH="16" HEIGHT="42" CONTENT="i" WC="0.50" CC="4"/>
						<SP ID="P12_SP00184" HPOS="1246" VPOS="3147" WIDTH="26"/>
						<String ID="P12_ST00224" HPOS="1272" VPOS="3090" WIDTH="116" HEIGHT="44" CONTENT="hans" WC="1.00" CC="0000"/>
						<SP ID="P12_SP00185" HPOS="1388" VPOS="3147" WIDTH="102"/>
						<String ID="P12_ST00225" HPOS="1490" VPOS="3114" WIDTH="15" HEIGHT="6" CONTENT="-" WC="0.84" CC="1"/>
					</TextLine>
					<TextLine ID="P12_TL00041" HPOS="284" VPOS="3154" WIDTH="1051" HEIGHT="56">
						<String ID="P12_ST00226" HPOS="284" VPOS="3156" WIDTH="128" HEIGHT="44" CONTENT="lerier" WC="0.89" CC="000600"/>
						<SP ID="P12_SP00186" HPOS="412" VPOS="3200" WIDTH="105"/>
						<String ID="P12_ST00227" HPOS="517" VPOS="3154" WIDTH="212" HEIGHT="46" CONTENT="tubernas" WC="0.92" CC="05000000"/>
						<SP ID="P12_SP00187" HPOS="729" VPOS="3200" WIDTH="28"/>
						<String ID="P12_ST00228" HPOS="757" VPOS="3156" WIDTH="90" HEIGHT="44" CONTENT="skri" WC="0.83" CC="0006"/>
						<SP ID="P12_SP00188" HPOS="847" VPOS="3200" WIDTH="30"/>
						<String ID="P12_ST00229" HPOS="877" VPOS="3154" WIDTH="141" HEIGHT="45" CONTENT="under" WC="0.69" CC="50009"/>
						<SP ID="P12_SP00189" HPOS="1018" VPOS="3200" WIDTH="25"/>
						<String ID="P12_ST00230" HPOS="1043" VPOS="3156" WIDTH="292" HEIGHT="54" CONTENT="tumgreppet." WC="0.92" CC="02000300020"/>
					</TextLine>
					<TextLine ID="P12_TL00042" HPOS="334" VPOS="3218" WIDTH="1171" HEIGHT="58">
						<String ID="P12_ST00231" HPOS="334" VPOS="3219" WIDTH="92" HEIGHT="46" CONTENT="Det" WC="0.98" CC="004"/>
						<SP ID="P12_SP00190" HPOS="426" VPOS="3265" WIDTH="25"/>
						<String ID="P12_ST00232" HPOS="451" VPOS="3219" WIDTH="126" HEIGHT="57" CONTENT="fasta" WC="0.90" CC="00050"/>
						<SP ID="P12_SP00191" HPOS="577" VPOS="3276" WIDTH="29"/>
						<String ID="P12_ST00233" HPOS="606" VPOS="3219" WIDTH="116" HEIGHT="57" CONTENT="gräa" WC="1.00" CC="0000"/>
						<SP ID="P12_SP00192" HPOS="722" VPOS="3276" WIDTH="28"/>
						<String ID="P12_ST00234" HPOS="750" VPOS="3219" WIDTH="156" HEIGHT="56" CONTENT="lugnet" WC="0.81" CC="080002"/>
						<SP ID="P12_SP00193" HPOS="906" VPOS="3276" WIDTH="28"/>
						<String ID="P12_ST00235" HPOS="934" VPOS="3222" WIDTH="15" HEIGHT="42" CONTENT="i" WC="0.71" CC="2"/>
						<SP ID="P12_SP00194" HPOS="949" VPOS="3276" WIDTH="27"/>
						<String ID="P12_ST00236" HPOS="976" VPOS="3218" WIDTH="158" HEIGHT="46" CONTENT="breven" WC="0.71" CC="007900"/>
						<SP ID="P12_SP00195" HPOS="1134" VPOS="3276" WIDTH="33"/>
						<String ID="P12_ST00237" HPOS="1167" VPOS="3219" WIDTH="70" HEIGHT="45" CONTENT="tili" WC="0.97" CC="3134"/>
						<SP ID="P12_SP00196" HPOS="1237" VPOS="3276" WIDTH="26"/>
						<String ID="P12_ST00238" HPOS="1263" VPOS="3218" WIDTH="117" HEIGHT="46" CONTENT="hans" WC="1.00" CC="0000"/>
						<SP ID="P12_SP00197" HPOS="1380" VPOS="3276" WIDTH="30"/>
						<String ID="P12_ST00239" HPOS="1410" VPOS="3218" WIDTH="72" HEIGHT="44" CONTENT="bro" SUBS_TYPE="HypPart1" SUBS_CONTENT="broder." WC="0.86" CC="005"/>
						<HYP HPOS="1482" VPOS="3218" WIDTH="23" CONTENT="-"/>
					</TextLine>
					<TextLine ID="P12_TL00043" HPOS="276" VPOS="3284" WIDTH="93" HEIGHT="46">
						<String ID="P12_ST00240" HPOS="276" VPOS="3284" WIDTH="93" HEIGHT="46" CONTENT="der." SUBS_TYPE="HypPart2" SUBS_CONTENT="broder." WC="0.84" CC="0600"/>
					</TextLine>
					<TextLine ID="P12_TL00044" HPOS="337" VPOS="3347" WIDTH="1170" HEIGHT="47">
						<String ID="P12_ST00241" HPOS="337" VPOS="3349" WIDTH="220" HEIGHT="45" CONTENT="Tälamod" WC="0.74" CC="3200740"/>
						<SP ID="P12_SP00198" HPOS="557" VPOS="3394" WIDTH="350"/>
						<String ID="P12_ST00242" HPOS="907" VPOS="3347" WIDTH="229" HEIGHT="46" CONTENT="misstrostanvekhet" WC="0.78" CC="80005000730072002"/>
						<SP ID="P12_SP00199" HPOS="1136" VPOS="3394" WIDTH="1"/>
						<String ID="P12_ST00243" HPOS="1137" VPOS="3347" WIDTH="192" HEIGHT="45" CONTENT="brutalitet" WC="0.83" CC="0003005501"/>
						<SP ID="P12_SP00200" HPOS="1329" VPOS="3394" WIDTH="124"/>
						<String ID="P12_ST00244" HPOS="1453" VPOS="3359" WIDTH="54" HEIGHT="32" CONTENT="en" WC="0.90" CC="01"/>
					</TextLine>
					<TextLine ID="P12_TL00045" HPOS="282" VPOS="3412" WIDTH="496" HEIGHT="46">
						<String ID="P12_ST00245" HPOS="282" VPOS="3412" WIDTH="347" HEIGHT="46" CONTENT="välbalanserad" WC="0.85" CC="0310000505300"/>
						<SP ID="P12_SP00201" HPOS="629" VPOS="3458" WIDTH="27"/>
						<String ID="P12_ST00246" HPOS="656" VPOS="3412" WIDTH="122" HEIGHT="45" CONTENT="blixt." WC="0.66" CC="037052"/>
					</TextLine>
					<TextLine ID="P12_TL00046" HPOS="334" VPOS="3476" WIDTH="851" HEIGHT="58">
						<String ID="P12_ST00247" HPOS="334" VPOS="3477" WIDTH="71" HEIGHT="46" CONTENT="En" WC="0.56" CC="80"/>
						<SP ID="P12_SP00202" HPOS="405" VPOS="3523" WIDTH="33"/>
						<String ID="P12_ST00248" HPOS="438" VPOS="3476" WIDTH="270" HEIGHT="58" CONTENT="marterpäle" WC="0.90" CC="0004000220"/>
						<SP ID="P12_SP00203" HPOS="708" VPOS="3534" WIDTH="29"/>
						<String ID="P12_ST00249" HPOS="737" VPOS="3477" WIDTH="84" HEIGHT="46" CONTENT="och" WC="0.87" CC="030"/>
						<SP ID="P12_SP00204" HPOS="821" VPOS="3534" WIDTH="31"/>
						<String ID="P12_ST00250" HPOS="852" VPOS="3490" WIDTH="54" HEIGHT="31" CONTENT="en" WC="1.00" CC="00"/>
						<SP ID="P12_SP00205" HPOS="906" VPOS="3534" WIDTH="30"/>
						<String ID="P12_ST00251" HPOS="936" VPOS="3476" WIDTH="249" HEIGHT="57" CONTENT="födslolem." WC="0.82" CC="0900000062"/>
					</TextLine>
				</TextBlock>
				<TextBlock ID="P12_TB00005" HPOS="1587" VPOS="458" WIDTH="1232" HEIGHT="3064" STYLEREFS="TXT_3 PAR_LEFT">
					<TextLine ID="P12_TL00047" HPOS="1645" VPOS="458" WIDTH="1060" HEIGHT="64">
						<String ID="P12_ST00252" HPOS="1645" VPOS="467" WIDTH="51" HEIGHT="55" CONTENT="„l" WC="0.94" CC="00"/>
						<SP ID="P12_SP00206" HPOS="1696" VPOS="522" WIDTH="16"/>
						<String ID="P12_ST00253" HPOS="1712" VPOS="466" WIDTH="206" HEIGHT="44" CONTENT="Uusio" WC="0.97" CC="86051"/>
						<SP ID="P12_SP00207" HPOS="1918" VPOS="522" WIDTH="17"/>
						<String ID="P12_ST00254" HPOS="1935" VPOS="477" WIDTH="106" HEIGHT="32" CONTENT="ner" WC="1.00" CC="000"/>
						<SP ID="P12_SP00208" HPOS="2041" VPOS="522" WIDTH="17"/>
						<String ID="P12_ST00255" HPOS="2058" VPOS="477" WIDTH="29" HEIGHT="31" CONTENT="n" WC="1.00" CC="0"/>
						<SP ID="P12_SP00209" HPOS="2087" VPOS="522" WIDTH="18"/>
						<String ID="P12_ST00256" HPOS="2105" VPOS="476" WIDTH="28" HEIGHT="30" CONTENT="a" WC="1.00" CC="0"/>
						<SP ID="P12_SP00210" HPOS="2133" VPOS="522" WIDTH="67"/>
						<String ID="P12_ST00257" HPOS="2200" VPOS="461" WIDTH="89" HEIGHT="44" CONTENT="mä" WC="1.00" CC="00"/>
						<SP ID="P12_SP00211" HPOS="2289" VPOS="522" WIDTH="67"/>
						<String ID="P12_ST00258" HPOS="2356" VPOS="459" WIDTH="100" HEIGHT="56" CONTENT="för" WC="0.97" CC="600"/>
						<SP ID="P12_SP00212" HPOS="2456" VPOS="522" WIDTH="16"/>
						<String ID="P12_ST00259" HPOS="2472" VPOS="458" WIDTH="233" HEIGHT="46" CONTENT="svinna" WC="0.72" CC="802050"/>
						<SP ID="P12_SP00213" HPOS="2705" VPOS="522" WIDTH="0"/>
					</TextLine>
					<TextLine ID="P12_TL00048" HPOS="1588" VPOS="525" WIDTH="588" HEIGHT="59">
						<String ID="P12_ST00260" HPOS="1588" VPOS="543" WIDTH="129" HEIGHT="32" CONTENT="men" WC="0.51" CC="904"/>
						<SP ID="P12_SP00214" HPOS="1717" VPOS="575" WIDTH="36"/>
						<String ID="P12_ST00261" HPOS="1753" VPOS="529" WIDTH="113" HEIGHT="46" CONTENT="vad" WC="1.00" CC="000"/>
						<SP ID="P12_SP00215" HPOS="1866" VPOS="575" WIDTH="29"/>
						<String ID="P12_ST00262" HPOS="1895" VPOS="528" WIDTH="62" HEIGHT="56" CONTENT="fö" WC="1.00" CC="00"/>
						<SP ID="P12_SP00216" HPOS="1957" VPOS="584" WIDTH="17"/>
						<String ID="P12_ST00263" HPOS="1974" VPOS="541" WIDTH="23" HEIGHT="30" CONTENT="r" WC="1.00" CC="0"/>
						<SP ID="P12_SP00217" HPOS="1997" VPOS="584" WIDTH="18"/>
						<String ID="P12_ST00264" HPOS="2015" VPOS="527" WIDTH="88" HEIGHT="43" CONTENT="bli" WC="0.46" CC="557"/>
						<SP ID="P12_SP00218" HPOS="2103" VPOS="584" WIDTH="17"/>
						<String ID="P12_ST00265" HPOS="2120" VPOS="525" WIDTH="56" HEIGHT="44" CONTENT="r?" WC="1.00" CC="00"/>
					</TextLine>
					<TextLine ID="P12_TL00049" HPOS="1645" VPOS="589" WIDTH="608" HEIGHT="50">
						<String ID="P12_ST00266" HPOS="1645" VPOS="594" WIDTH="154" HEIGHT="45" CONTENT="DET" WC="0.98" CC="004"/>
						<SP ID="P12_SP00219" HPOS="1799" VPOS="639" WIDTH="36"/>
						<String ID="P12_ST00267" HPOS="1835" VPOS="593" WIDTH="148" HEIGHT="44" CONTENT="SUB" WC="0.95" CC="067"/>
						<SP ID="P12_SP00220" HPOS="1983" VPOS="639" WIDTH="19"/>
						<String ID="P12_ST00268" HPOS="2002" VPOS="592" WIDTH="76" HEIGHT="43" CONTENT="LI" WC="0.83" CC="30"/>
						<SP ID="P12_SP00221" HPOS="2078" VPOS="639" WIDTH="15"/>
						<String ID="P12_ST00269" HPOS="2093" VPOS="589" WIDTH="160" HEIGHT="44" CONTENT='MA"' WC="0.96" CC="424"/>
					</TextLine>
					<TextLine ID="P12_TL00050" HPOS="1645" VPOS="647" WIDTH="1168" HEIGHT="65">
						<String ID="P12_ST00270" HPOS="1645" VPOS="659" WIDTH="100" HEIGHT="44" CONTENT="Alit" WC="0.98" CC="0135"/>
						<SP ID="P12_SP00222" HPOS="1745" VPOS="703" WIDTH="26"/>
						<String ID="P12_ST00271" HPOS="1771" VPOS="658" WIDTH="72" HEIGHT="45" CONTENT="mä" WC="1.00" CC="00"/>
						<SP ID="P12_SP00223" HPOS="1843" VPOS="703" WIDTH="27"/>
						<String ID="P12_ST00272" HPOS="1870" VPOS="658" WIDTH="235" HEIGHT="54" CONTENT="försvinna" WC="0.87" CC="300080000"/>
						<SP ID="P12_SP00224" HPOS="2105" VPOS="712" WIDTH="106"/>
						<String ID="P12_ST00273" HPOS="2211" VPOS="652" WIDTH="135" HEIGHT="46" CONTENT="mälet" WC="1.00" CC="00000"/>
						<SP ID="P12_SP00225" HPOS="2346" VPOS="712" WIDTH="24"/>
						<String ID="P12_ST00274" HPOS="2370" VPOS="652" WIDTH="234" HEIGHT="54" CONTENT="meningen" WC="0.93" CC="00050000"/>
						<SP ID="P12_SP00226" HPOS="2604" VPOS="712" WIDTH="24"/>
						<String ID="P12_ST00275" HPOS="2628" VPOS="647" WIDTH="185" HEIGHT="54" CONTENT="medlen," WC="0.96" CC="0000002"/>
					</TextLine>
					<TextLine ID="P12_TL00051" HPOS="1588" VPOS="713" WIDTH="1225" HEIGHT="65">
						<String ID="P12_ST00276" HPOS="1588" VPOS="725" WIDTH="75" HEIGHT="43" CONTENT="det" WC="0.98" CC="005"/>
						<SP ID="P12_SP00227" HPOS="1663" VPOS="768" WIDTH="39"/>
						<String ID="P12_ST00277" HPOS="1702" VPOS="720" WIDTH="410" HEIGHT="58" CONTENT="strupklämmande" WC="0.94" CC="04000000300000"/>
						<SP ID="P12_SP00228" HPOS="2112" VPOS="778" WIDTH="43"/>
						<String ID="P12_ST00278" HPOS="2155" VPOS="720" WIDTH="116" HEIGHT="51" CONTENT="livet," WC="0.99" CC="050410"/>
						<SP ID="P12_SP00229" HPOS="2271" VPOS="778" WIDTH="42"/>
						<String ID="P12_ST00279" HPOS="2313" VPOS="716" WIDTH="240" HEIGHT="57" CONTENT="färgernas" WC="0.87" CC="300700000"/>
						<SP ID="P12_SP00230" HPOS="2553" VPOS="778" WIDTH="42"/>
						<String ID="P12_ST00280" HPOS="2595" VPOS="713" WIDTH="194" HEIGHT="45" CONTENT="kontrast" SUBS_TYPE="HypPart1" SUBS_CONTENT="kontrastvällust," WC="0.85" CC="26030001"/>
						<HYP HPOS="2789" VPOS="713" WIDTH="24" CONTENT="-"/>
					</TextLine>
					<TextLine ID="P12_TL00052" HPOS="1593" VPOS="778" WIDTH="1034" HEIGHT="62">
						<String ID="P12_ST00281" HPOS="1593" VPOS="788" WIDTH="178" HEIGHT="52" CONTENT="vällust," SUBS_TYPE="HypPart2" SUBS_CONTENT="kontrastvällust," WC="0.83" CC="00650010"/>
						<SP ID="P12_SP00231" HPOS="1771" VPOS="840" WIDTH="40"/>
						<String ID="P12_ST00282" HPOS="1811" VPOS="787" WIDTH="135" HEIGHT="43" CONTENT="köttet" WC="0.66" CC="064033"/>
						<SP ID="P12_SP00232" HPOS="1946" VPOS="840" WIDTH="37"/>
						<String ID="P12_ST00283" HPOS="1983" VPOS="785" WIDTH="84" HEIGHT="44" CONTENT="och" WC="0.83" CC="040"/>
						<SP ID="P12_SP00233" HPOS="2067" VPOS="840" WIDTH="54"/>
						<String ID="P12_ST00284" HPOS="2121" VPOS="782" WIDTH="161" HEIGHT="53" CONTENT="anden," WC="0.95" CC="010001"/>
						<SP ID="P12_SP00234" HPOS="2282" VPOS="840" WIDTH="42"/>
						<String ID="P12_ST00285" HPOS="2324" VPOS="779" WIDTH="168" HEIGHT="46" CONTENT="arbelet" WC="0.75" CC="0005460"/>
						<SP ID="P12_SP00235" HPOS="2492" VPOS="840" WIDTH="52"/>
						<String ID="P12_ST00286" HPOS="2544" VPOS="778" WIDTH="83" HEIGHT="45" CONTENT="och" WC="0.88" CC="300"/>
					</TextLine>
					<TextLine ID="P12_TL00053" HPOS="1589" VPOS="865" WIDTH="160" HEIGHT="30">
						<String ID="P12_ST00287" HPOS="1589" VPOS="865" WIDTH="160" HEIGHT="30" CONTENT="marna" WC="0.73" CC="93000"/>
						<SP ID="P12_SP00236" HPOS="1749" VPOS="895" WIDTH="0"/>
					</TextLine>
					<TextLine ID="P12_TL00054" HPOS="1646" VPOS="909" WIDTH="958" HEIGHT="56">
						<String ID="P12_ST00288" HPOS="1646" VPOS="915" WIDTH="46" HEIGHT="44" CONTENT="il" WC="0.62" CC="52"/>
						<SP ID="P12_SP00237" HPOS="1692" VPOS="959" WIDTH="18"/>
						<String ID="P12_ST00289" HPOS="1710" VPOS="915" WIDTH="15" HEIGHT="44" CONTENT="l" WC="0.69" CC="3"/>
						<SP ID="P12_SP00238" HPOS="1725" VPOS="959" WIDTH="18"/>
						<String ID="P12_ST00290" HPOS="1743" VPOS="927" WIDTH="68" HEIGHT="32" CONTENT="us" WC="1.00" CC="00"/>
						<SP ID="P12_SP00239" HPOS="1811" VPOS="959" WIDTH="14"/>
						<String ID="P12_ST00291" HPOS="1825" VPOS="915" WIDTH="56" HEIGHT="42" CONTENT="io" WC="0.39" CC="65"/>
						<SP ID="P12_SP00240" HPOS="1881" VPOS="959" WIDTH="17"/>
						<String ID="P12_ST00292" HPOS="1898" VPOS="926" WIDTH="106" HEIGHT="31" CONTENT="ner" WC="1.00" CC="000"/>
						<SP ID="P12_SP00241" HPOS="2004" VPOS="959" WIDTH="18"/>
						<String ID="P12_ST00293" HPOS="2022" VPOS="926" WIDTH="29" HEIGHT="31" CONTENT="n" WC="1.00" CC="0"/>
						<SP ID="P12_SP00242" HPOS="2051" VPOS="959" WIDTH="18"/>
						<String ID="P12_ST00294" HPOS="2069" VPOS="926" WIDTH="27" HEIGHT="30" CONTENT="a" WC="1.00" CC="0"/>
						<SP ID="P12_SP00243" HPOS="2096" VPOS="959" WIDTH="37"/>
						<String ID="P12_ST00295" HPOS="2133" VPOS="910" WIDTH="86" HEIGHT="45" CONTENT="mä" WC="0.54" CC="90"/>
						<SP ID="P12_SP00244" HPOS="2219" VPOS="959" WIDTH="34"/>
						<String ID="P12_ST00296" HPOS="2253" VPOS="909" WIDTH="351" HEIGHT="56" CONTENT="försvinna" WC="0.76" CC="360006032"/>
						<SP ID="P12_SP00245" HPOS="2604" VPOS="965" WIDTH="0"/>
					</TextLine>
					<TextLine ID="P12_TL00055" HPOS="1647" VPOS="978" WIDTH="267" HEIGHT="57">
						<String ID="P12_ST00297" HPOS="1647" VPOS="980" WIDTH="61" HEIGHT="43" CONTENT="ett" WC="0.97" CC="024"/>
						<SP ID="P12_SP00246" HPOS="1708" VPOS="1023" WIDTH="25"/>
						<String ID="P12_ST00298" HPOS="1733" VPOS="978" WIDTH="181" HEIGHT="57" CONTENT="förblir:" WC="0.92" CC="10000400"/>
					</TextLine>
					<TextLine ID="P12_TL00056" HPOS="1647" VPOS="1041" WIDTH="319" HEIGHT="46">
						<String ID="P12_ST00299" HPOS="1647" VPOS="1044" WIDTH="75" HEIGHT="43" CONTENT="det" WC="1.00" CC="000"/>
						<SP ID="P12_SP00247" HPOS="1722" VPOS="1087" WIDTH="30"/>
						<String ID="P12_ST00300" HPOS="1752" VPOS="1041" WIDTH="214" HEIGHT="46" CONTENT="sublima:" WC="0.83" CC="06007000"/>
					</TextLine>
					<TextLine ID="P12_TL00057" HPOS="1649" VPOS="1103" WIDTH="574" HEIGHT="57">
						<String ID="P12_ST00301" HPOS="1649" VPOS="1105" WIDTH="383" HEIGHT="55" CONTENT="mänskohjärtats" WC="0.86" CC="40000001005132"/>
						<SP ID="P12_SP00248" HPOS="2032" VPOS="1160" WIDTH="28"/>
						<String ID="P12_ST00302" HPOS="2060" VPOS="1103" WIDTH="163" HEIGHT="45" CONTENT="äkthet." WC="0.91" CC="0010102"/>
					</TextLine>
					<TextLine ID="P12_TL00058" HPOS="1647" VPOS="1233" WIDTH="270" HEIGHT="58">
						<String ID="P12_ST00303" HPOS="1647" VPOS="1233" WIDTH="270" HEIGHT="58" CONTENT="Napoleon?" WC="1.00" CC="100020000"/>
					</TextLine>
					<TextLine ID="P12_TL00059" HPOS="1649" VPOS="1291" WIDTH="1170" HEIGHT="61">
						<String ID="P12_ST00304" HPOS="1649" VPOS="1298" WIDTH="172" HEIGHT="45" CONTENT="Fräcka" WC="0.82" CC="500400"/>
						<SP ID="P12_SP00249" HPOS="1821" VPOS="1343" WIDTH="30"/>
						<String ID="P12_ST00305" HPOS="1851" VPOS="1294" WIDTH="437" HEIGHT="58" CONTENT="äventyrarhänders" WC="0.90" CC="0740300000000000"/>
						<SP ID="P12_SP00250" HPOS="2288" VPOS="1352" WIDTH="30"/>
						<String ID="P12_ST00306" HPOS="2318" VPOS="1291" WIDTH="372" HEIGHT="55" CONTENT="momentavtryck" WC="0.67" CC="4596046030000"/>
						<SP ID="P12_SP00251" HPOS="2690" VPOS="1352" WIDTH="29"/>
						<String ID="P12_ST00307" HPOS="2719" VPOS="1293" WIDTH="14" HEIGHT="40" CONTENT="i" WC="0.51" CC="4"/>
						<SP ID="P12_SP00252" HPOS="2733" VPOS="1352" WIDTH="32"/>
						<String ID="P12_ST00308" HPOS="2765" VPOS="1301" WIDTH="54" HEIGHT="32" CONTENT="en" WC="0.64" CC="70"/>
					</TextLine>
					<TextLine ID="P12_TL00060" HPOS="1590" VPOS="1361" WIDTH="593" HEIGHT="60">
						<String ID="P12_ST00309" HPOS="1590" VPOS="1364" WIDTH="179" HEIGHT="57" CONTENT="planets" WC="0.98" CC="0000010"/>
						<SP ID="P12_SP00253" HPOS="1769" VPOS="1421" WIDTH="25"/>
						<String ID="P12_ST00310" HPOS="1794" VPOS="1361" WIDTH="389" HEIGHT="57" CONTENT="partikelhistoria." WC="0.82" CC="01025004040500401"/>
					</TextLine>
					<TextLine ID="P12_TL00061" HPOS="1647" VPOS="1422" WIDTH="1170" HEIGHT="59">
						<String ID="P12_ST00311" HPOS="1647" VPOS="1426" WIDTH="180" HEIGHT="46" CONTENT="Ursin" WC="0.72" CC="30046"/>
						<SP ID="P12_SP00254" HPOS="1827" VPOS="1472" WIDTH="35"/>
						<String ID="P12_ST00312" HPOS="1862" VPOS="1427" WIDTH="174" HEIGHT="54" CONTENT="trasiga" WC="0.79" CC="4070300"/>
						<SP ID="P12_SP00255" HPOS="2036" VPOS="1481" WIDTH="38"/>
						<String ID="P12_ST00313" HPOS="2074" VPOS="1422" WIDTH="239" HEIGHT="57" CONTENT="fattigdom" WC="0.71" CC="301658000"/>
						<SP ID="P12_SP00256" HPOS="2313" VPOS="1481" WIDTH="38"/>
						<String ID="P12_ST00314" HPOS="2351" VPOS="1434" WIDTH="183" HEIGHT="43" CONTENT="pressar" WC="1.00" CC="0000000"/>
						<SP ID="P12_SP00257" HPOS="2534" VPOS="1481" WIDTH="39"/>
						<String ID="P12_ST00315" HPOS="2573" VPOS="1432" WIDTH="52" HEIGHT="31" CONTENT="en" WC="1.00" CC="00"/>
						<SP ID="P12_SP00258" HPOS="2625" VPOS="1481" WIDTH="40"/>
						<String ID="P12_ST00316" HPOS="2665" VPOS="1430" WIDTH="152" HEIGHT="31" CONTENT="annan" WC="1.00" CC="00000"/>
					</TextLine>
					<TextLine ID="P12_TL00062" HPOS="1590" VPOS="1483" WIDTH="1227" HEIGHT="64">
						<String ID="P12_ST00317" HPOS="1590" VPOS="1491" WIDTH="19" HEIGHT="56" CONTENT="f" WC="0.68" CC="3"/>
						<SP ID="P12_SP00259" HPOS="1609" VPOS="1547" WIDTH="2"/>
						<String ID="P12_ST00318" HPOS="1611" VPOS="1505" WIDTH="100" HEIGHT="30" CONTENT="ram" WC="0.96" CC="009"/>
						<SP ID="P12_SP00260" HPOS="1711" VPOS="1547" WIDTH="37"/>
						<String ID="P12_ST00319" HPOS="1748" VPOS="1491" WIDTH="138" HEIGHT="53" CONTENT="solar," WC="0.93" CC="040000"/>
						<SP ID="P12_SP00261" HPOS="1886" VPOS="1547" WIDTH="37"/>
						<String ID="P12_ST00320" HPOS="1923" VPOS="1488" WIDTH="164" HEIGHT="46" CONTENT="blottar" WC="0.93" CC="0004000"/>
						<SP ID="P12_SP00262" HPOS="2087" VPOS="1547" WIDTH="37"/>
						<String ID="P12_ST00321" HPOS="2124" VPOS="1488" WIDTH="127" HEIGHT="43" CONTENT="livets" WC="0.94" CC="010010"/>
						<SP ID="P12_SP00263" HPOS="2251" VPOS="1547" WIDTH="38"/>
						<String ID="P12_ST00322" HPOS="2289" VPOS="1486" WIDTH="272" HEIGHT="57" CONTENT="kraftrötter," WC="0.91" CC="200300013000"/>
						<SP ID="P12_SP00264" HPOS="2561" VPOS="1547" WIDTH="36"/>
						<String ID="P12_ST00323" HPOS="2597" VPOS="1483" WIDTH="111" HEIGHT="45" CONTENT="biter" WC="0.86" CC="05100"/>
						<SP ID="P12_SP00265" HPOS="2708" VPOS="1547" WIDTH="37"/>
						<String ID="P12_ST00324" HPOS="2745" VPOS="1484" WIDTH="72" HEIGHT="54" CONTENT="sig" WC="0.77" CC="060"/>
					</TextLine>
					<TextLine ID="P12_TL00063" HPOS="1590" VPOS="1552" WIDTH="715" HEIGHT="59">
						<String ID="P12_ST00325" HPOS="1590" VPOS="1555" WIDTH="94" HEIGHT="56" CONTENT="fast" WC="0.81" CC="3201"/>
						<SP ID="P12_SP00266" HPOS="1684" VPOS="1611" WIDTH="27"/>
						<String ID="P12_ST00326" HPOS="1711" VPOS="1557" WIDTH="15" HEIGHT="43" CONTENT="i" WC="0.61" CC="3"/>
						<SP ID="P12_SP00267" HPOS="1726" VPOS="1611" WIDTH="31"/>
						<String ID="P12_ST00327" HPOS="1757" VPOS="1558" WIDTH="373" HEIGHT="51" CONTENT="övermorgonens" WC="0.90" CC="8000040000000"/>
						<SP ID="P12_SP00268" HPOS="2130" VPOS="1611" WIDTH="28"/>
						<String ID="P12_ST00328" HPOS="2158" VPOS="1552" WIDTH="147" HEIGHT="44" CONTENT="nacke." WC="0.96" CC="002000"/>
					</TextLine>
					<TextLine ID="P12_TL00064" HPOS="1649" VPOS="1610" WIDTH="1168" HEIGHT="62">
						<String ID="P12_ST00329" HPOS="1649" VPOS="1618" WIDTH="193" HEIGHT="54" CONTENT="„Petites" WC="0.90" CC="11000500"/>
						<SP ID="P12_SP00269" HPOS="1842" VPOS="1672" WIDTH="29"/>
						<String ID="P12_ST00330" HPOS="1871" VPOS="1618" WIDTH="184" HEIGHT="44" CONTENT="miseres" WC="0.86" CC="0300060"/>
						<SP ID="P12_SP00270" HPOS="2055" VPOS="1672" WIDTH="27"/>
						<String ID="P12_ST00331" HPOS="2082" VPOS="1615" WIDTH="53" HEIGHT="45" CONTENT="de" WC="1.00" CC="00"/>
						<SP ID="P12_SP00271" HPOS="2135" VPOS="1672" WIDTH="29"/>
						<String ID="P12_ST00332" HPOS="2164" VPOS="1615" WIDTH="47" HEIGHT="45" CONTENT="la" WC="1.00" CC="00"/>
						<SP ID="P12_SP00272" HPOS="2211" VPOS="1672" WIDTH="33"/>
						<String ID="P12_ST00333" HPOS="2244" VPOS="1615" WIDTH="63" HEIGHT="43" CONTENT="vie" WC="0.95" CC="470"/>
						<SP ID="P12_SP00273" HPOS="2307" VPOS="1672" WIDTH="31"/>
						<String ID="P12_ST00334" HPOS="2338" VPOS="1613" WIDTH="253" HEIGHT="53" CONTENT='humaine",' WC="0.82" CC="040000540"/>
						<SP ID="P12_SP00274" HPOS="2591" VPOS="1672" WIDTH="27"/>
						<String ID="P12_ST00335" HPOS="2618" VPOS="1610" WIDTH="84" HEIGHT="46" CONTENT="och" WC="0.99" CC="000"/>
						<SP ID="P12_SP00275" HPOS="2702" VPOS="1672" WIDTH="30"/>
						<String ID="P12_ST00336" HPOS="2732" VPOS="1610" WIDTH="85" HEIGHT="45" CONTENT="den" WC="0.84" CC="004"/>
					</TextLine>
					<TextLine ID="P12_TL00065" HPOS="1590" VPOS="1684" WIDTH="346" HEIGHT="56">
						<String ID="P12_ST00337" HPOS="1590" VPOS="1686" WIDTH="125" HEIGHT="42" CONTENT="stora" WC="1.00" CC="00000"/>
						<SP ID="P12_SP00276" HPOS="1715" VPOS="1728" WIDTH="30"/>
						<String ID="P12_ST00338" HPOS="1745" VPOS="1684" WIDTH="191" HEIGHT="56" CONTENT="glorian." WC="0.94" CC="00003000"/>
					</TextLine>
					<TextLine ID="P12_TL00066" HPOS="1647" VPOS="1743" WIDTH="534" HEIGHT="59">
						<String ID="P12_ST00339" HPOS="1647" VPOS="1746" WIDTH="111" HEIGHT="44" CONTENT="Men" WC="0.91" CC="200"/>
						<SP ID="P12_SP00277" HPOS="1758" VPOS="1790" WIDTH="28"/>
						<String ID="P12_ST00340" HPOS="1786" VPOS="1745" WIDTH="60" HEIGHT="57" CONTENT="pä" WC="1.00" CC="00"/>
						<SP ID="P12_SP00278" HPOS="1846" VPOS="1802" WIDTH="33"/>
						<String ID="P12_ST00341" HPOS="1879" VPOS="1745" WIDTH="139" HEIGHT="45" CONTENT="vilken" WC="0.96" CC="000020"/>
						<SP ID="P12_SP00279" HPOS="2018" VPOS="1802" WIDTH="31"/>
						<String ID="P12_ST00342" HPOS="2049" VPOS="1743" WIDTH="132" HEIGHT="45" CONTENT="sida?" WC="0.84" CC="06100"/>
					</TextLine>
					<TextLine ID="P12_TL00067" HPOS="1714" VPOS="1801" WIDTH="1102" HEIGHT="68">
						<String ID="P12_ST00343" HPOS="1714" VPOS="1808" WIDTH="21" HEIGHT="61" CONTENT="(" WC="0.43" CC="5"/>
						<String ID="P12_ST00344" HPOS="1738" VPOS="1806" WIDTH="613" HEIGHT="59" CONTENT="Mänskoevighetsherrenoch" WC="0.85" CC="03002000300040050090040"/>
						<SP ID="P12_SP00280" HPOS="2351" VPOS="1869" WIDTH="41"/>
						<String ID="P12_ST00345" HPOS="2392" VPOS="1801" WIDTH="424" HEIGHT="59" CONTENT="världsbyggaren.)" WC="0.97" CC="0000000000000004"/>
					</TextLine>
					<TextLine ID="P12_TL00068" HPOS="1650" VPOS="1935" WIDTH="660" HEIGHT="48">
						<String ID="P12_ST00346" HPOS="1650" VPOS="1938" WIDTH="160" HEIGHT="45" CONTENT="Stenar" WC="0.88" CC="060010"/>
						<SP ID="P12_SP00281" HPOS="1810" VPOS="1983" WIDTH="28"/>
						<String ID="P12_ST00347" HPOS="1838" VPOS="1939" WIDTH="118" HEIGHT="43" CONTENT="talar" WC="0.98" CC="00000"/>
						<SP ID="P12_SP00282" HPOS="1956" VPOS="1983" WIDTH="28"/>
						<String ID="P12_ST00348" HPOS="1984" VPOS="1938" WIDTH="133" HEIGHT="43" CONTENT="köttet" WC="0.81" CC="003403"/>
						<SP ID="P12_SP00283" HPOS="2117" VPOS="1983" WIDTH="27"/>
						<String ID="P12_ST00349" HPOS="2144" VPOS="1935" WIDTH="166" HEIGHT="47" CONTENT="skriker" WC="0.95" CC="0003000"/>
					</TextLine>
					<TextLine ID="P12_TL00069" HPOS="1646" VPOS="1999" WIDTH="995" HEIGHT="59">
						<String ID="P12_ST00350" HPOS="1646" VPOS="2004" WIDTH="325" HEIGHT="54" CONTENT="lyktstolparna" WC="0.96" CC="0001040000000"/>
						<SP ID="P12_SP00284" HPOS="1971" VPOS="2058" WIDTH="41"/>
						<String ID="P12_ST00351" HPOS="2012" VPOS="2001" WIDTH="141" HEIGHT="45" CONTENT="vrider" WC="0.81" CC="902000"/>
						<SP ID="P12_SP00285" HPOS="2153" VPOS="2058" WIDTH="33"/>
						<String ID="P12_ST00352" HPOS="2186" VPOS="2001" WIDTH="71" HEIGHT="56" CONTENT="sig" WC="0.82" CC="050"/>
						<SP ID="P12_SP00286" HPOS="2257" VPOS="2058" WIDTH="33"/>
						<String ID="P12_ST00353" HPOS="2290" VPOS="2013" WIDTH="55" HEIGHT="31" CONTENT="av" WC="0.81" CC="30"/>
						<SP ID="P12_SP00287" HPOS="2345" VPOS="2058" WIDTH="35"/>
						<String ID="P12_ST00354" HPOS="2380" VPOS="1999" WIDTH="261" HEIGHT="54" CONTENT="livshunger" WC="0.91" CC="0300050000"/>
					</TextLine>
					<TextLine ID="P12_TL00070" HPOS="1646" VPOS="2065" WIDTH="360" HEIGHT="53">
						<String ID="P12_ST00355" HPOS="1646" VPOS="2066" WIDTH="168" HEIGHT="44" CONTENT="mullen" WC="0.72" CC="960000"/>
						<SP ID="P12_SP00288" HPOS="1814" VPOS="2110" WIDTH="25"/>
						<String ID="P12_ST00356" HPOS="1839" VPOS="2065" WIDTH="167" HEIGHT="53" CONTENT="krälar," WC="0.85" CC="3000304"/>
					</TextLine>
					<TextLine ID="P12_TL00071" HPOS="1646" VPOS="2124" WIDTH="950" HEIGHT="61">
						<String ID="P12_ST00357" HPOS="1646" VPOS="2129" WIDTH="102" HEIGHT="45" CONTENT="med" WC="1.00" CC="000"/>
						<SP ID="P12_SP00289" HPOS="1748" VPOS="2174" WIDTH="23"/>
						<String ID="P12_ST00358" HPOS="1771" VPOS="2129" WIDTH="61" HEIGHT="45" CONTENT="ett" WC="0.98" CC="050"/>
						<SP ID="P12_SP00290" HPOS="1832" VPOS="2174" WIDTH="25"/>
						<String ID="P12_ST00359" HPOS="1857" VPOS="2128" WIDTH="173" HEIGHT="57" CONTENT="väldigt" WC="0.91" CC="0000203"/>
						<SP ID="P12_SP00291" HPOS="2030" VPOS="2185" WIDTH="23"/>
						<String ID="P12_ST00360" HPOS="2053" VPOS="2127" WIDTH="109" HEIGHT="46" CONTENT="brak" WC="1.00" CC="0000"/>
						<SP ID="P12_SP00292" HPOS="2162" VPOS="2185" WIDTH="27"/>
						<String ID="P12_ST00361" HPOS="2189" VPOS="2127" WIDTH="260" HEIGHT="57" CONTENT="exploderar" WC="0.91" CC="6001100000"/>
						<SP ID="P12_SP00293" HPOS="2449" VPOS="2185" WIDTH="24"/>
						<String ID="P12_ST00362" HPOS="2473" VPOS="2124" WIDTH="123" HEIGHT="46" CONTENT="solen" WC="0.94" CC="00200"/>
					</TextLine>
					<TextLine ID="P12_TL00072" HPOS="1646" VPOS="2192" WIDTH="776" HEIGHT="58">
						<String ID="P12_ST00363" HPOS="1646" VPOS="2194" WIDTH="83" HEIGHT="46" CONTENT="och" WC="0.67" CC="090"/>
						<SP ID="P12_SP00294" HPOS="1729" VPOS="2240" WIDTH="29"/>
						<String ID="P12_ST00364" HPOS="1758" VPOS="2196" WIDTH="193" HEIGHT="54" CONTENT="slungar" WC="1.00" CC="0000000"/>
						<SP ID="P12_SP00295" HPOS="1951" VPOS="2250" WIDTH="28"/>
						<String ID="P12_ST00365" HPOS="1979" VPOS="2196" WIDTH="103" HEIGHT="41" CONTENT="sina" WC="0.82" CC="0700"/>
						<SP ID="P12_SP00296" HPOS="2082" VPOS="2250" WIDTH="28"/>
						<String ID="P12_ST00366" HPOS="2110" VPOS="2192" WIDTH="312" HEIGHT="57" CONTENT="ljuspartiklar" WC="0.82" CC="0180000402600"/>
					</TextLine>
					<TextLine ID="P12_TL00073" HPOS="1688" VPOS="2256" WIDTH="287" HEIGHT="59">
						<String ID="P12_ST00367" HPOS="1688" VPOS="2262" WIDTH="24" HEIGHT="41" CONTENT="i" WC="0.42" CC="5"/>
						<SP ID="P12_SP00297" HPOS="1712" VPOS="2303" WIDTH="1"/>
						<String ID="P12_ST00368" HPOS="1713" VPOS="2258" WIDTH="49" HEIGHT="44" CONTENT="det" WC="1.00" CC="000"/>
						<SP ID="P12_SP00298" HPOS="1762" VPOS="2303" WIDTH="23"/>
						<String ID="P12_ST00369" HPOS="1785" VPOS="2256" WIDTH="190" HEIGHT="59" CONTENT="jäsande" WC="0.94" CC="0300000"/>
						<SP ID="P12_SP00299" HPOS="1975" VPOS="2315" WIDTH="0"/>
					</TextLine>
					<TextLine ID="P12_TL00074" HPOS="1647" VPOS="2320" WIDTH="709" HEIGHT="57">
						<String ID="P12_ST00370" HPOS="1647" VPOS="2336" WIDTH="55" HEIGHT="31" CONTENT="en" WC="1.00" CC="00"/>
						<SP ID="P12_SP00300" HPOS="1702" VPOS="2367" WIDTH="23"/>
						<String ID="P12_ST00371" HPOS="1725" VPOS="2335" WIDTH="152" HEIGHT="32" CONTENT="ensam" WC="0.90" CC="00400"/>
						<SP ID="P12_SP00301" HPOS="1877" VPOS="2367" WIDTH="24"/>
						<String ID="P12_ST00372" HPOS="1901" VPOS="2323" WIDTH="136" HEIGHT="43" CONTENT="sköka" WC="0.89" CC="00500"/>
						<SP ID="P12_SP00302" HPOS="2037" VPOS="2367" WIDTH="26"/>
						<String ID="P12_ST00373" HPOS="2063" VPOS="2320" WIDTH="59" HEIGHT="57" CONTENT="pä" WC="1.00" CC="00"/>
						<SP ID="P12_SP00303" HPOS="2122" VPOS="2377" WIDTH="23"/>
						<String ID="P12_ST00374" HPOS="2145" VPOS="2334" WIDTH="55" HEIGHT="30" CONTENT="en" WC="1.00" CC="00"/>
						<SP ID="P12_SP00304" HPOS="2200" VPOS="2377" WIDTH="24"/>
						<String ID="P12_ST00375" HPOS="2224" VPOS="2320" WIDTH="132" HEIGHT="52" CONTENT="bänk," WC="0.83" CC="51001"/>
					</TextLine>
					<TextLine ID="P12_TL00075" HPOS="1646" VPOS="2385" WIDTH="554" HEIGHT="56">
						<String ID="P12_ST00376" HPOS="1646" VPOS="2386" WIDTH="308" HEIGHT="55" CONTENT="aftonhimmel" WC="0.77" CC="03000049006"/>
						<SP ID="P12_SP00305" HPOS="1954" VPOS="2441" WIDTH="25"/>
						<String ID="P12_ST00377" HPOS="1979" VPOS="2385" WIDTH="221" HEIGHT="45" CONTENT="solrosor:" WC="0.84" CC="053030200"/>
						<SP ID="P12_SP00306" HPOS="2200" VPOS="2441" WIDTH="0"/>
					</TextLine>
					<TextLine ID="P12_TL00076" HPOS="1646" VPOS="2450" WIDTH="255" HEIGHT="53">
						<String ID="P12_ST00378" HPOS="1646" VPOS="2451" WIDTH="75" HEIGHT="43" CONTENT="det" WC="0.99" CC="003"/>
						<SP ID="P12_SP00307" HPOS="1721" VPOS="2494" WIDTH="26"/>
						<String ID="P12_ST00379" HPOS="1747" VPOS="2455" WIDTH="53" HEIGHT="40" CONTENT="är" WC="1.00" CC="00"/>
						<SP ID="P12_SP00308" HPOS="1800" VPOS="2495" WIDTH="27"/>
						<String ID="P12_ST00380" HPOS="1827" VPOS="2450" WIDTH="74" HEIGHT="53" CONTENT="du," WC="0.97" CC="060"/>
					</TextLine>
					<TextLine ID="P12_TL00077" HPOS="1646" VPOS="2510" WIDTH="455" HEIGHT="59">
						<String ID="P12_ST00381" HPOS="1646" VPOS="2513" WIDTH="74" HEIGHT="44" CONTENT="det" WC="1.00" CC="001"/>
						<SP ID="P12_SP00309" HPOS="1720" VPOS="2557" WIDTH="24"/>
						<String ID="P12_ST00382" HPOS="1744" VPOS="2518" WIDTH="53" HEIGHT="41" CONTENT="är" WC="1.00" CC="00"/>
						<SP ID="P12_SP00310" HPOS="1797" VPOS="2559" WIDTH="27"/>
						<String ID="P12_ST00383" HPOS="1824" VPOS="2513" WIDTH="99" HEIGHT="44" CONTENT="Van" WC="0.94" CC="905"/>
						<SP ID="P12_SP00311" HPOS="1923" VPOS="2559" WIDTH="27"/>
						<String ID="P12_ST00384" HPOS="1950" VPOS="2510" WIDTH="151" HEIGHT="59" CONTENT="Oogh." WC="0.81" CC="72000"/>
					</TextLine>
					<TextLine ID="P12_TL00078" HPOS="1651" VPOS="2641" WIDTH="277" HEIGHT="46">
						<String ID="P12_ST00385" HPOS="1651" VPOS="2641" WIDTH="97" HEIGHT="45" CONTENT="Vad" WC="1.00" CC="000"/>
						<SP ID="P12_SP00312" HPOS="1748" VPOS="2686" WIDTH="25"/>
						<String ID="P12_ST00386" HPOS="1773" VPOS="2646" WIDTH="55" HEIGHT="41" CONTENT="är" WC="1.00" CC="00"/>
						<SP ID="P12_SP00313" HPOS="1828" VPOS="2687" WIDTH="29"/>
						<String ID="P12_ST00387" HPOS="1857" VPOS="2641" WIDTH="71" HEIGHT="46" CONTENT="vi?" WC="0.98" CC="040"/>
					</TextLine>
					<TextLine ID="P12_TL00079" HPOS="1650" VPOS="2704" WIDTH="1094" HEIGHT="57">
						<String ID="P12_ST00388" HPOS="1650" VPOS="2706" WIDTH="198" HEIGHT="46" CONTENT="Lidelser" WC="0.85" CC="15103000"/>
						<SP ID="P12_SP00314" HPOS="1848" VPOS="2752" WIDTH="37"/>
						<String ID="P12_ST00389" HPOS="1885" VPOS="2719" WIDTH="95" HEIGHT="32" CONTENT="som" WC="0.85" CC="040"/>
						<SP ID="P12_SP00315" HPOS="1980" VPOS="2752" WIDTH="33"/>
						<String ID="P12_ST00390" HPOS="2013" VPOS="2706" WIDTH="127" HEIGHT="43" CONTENT="söker" WC="0.92" CC="00030"/>
						<SP ID="P12_SP00316" HPOS="2140" VPOS="2752" WIDTH="33"/>
						<String ID="P12_ST00391" HPOS="2173" VPOS="2707" WIDTH="70" HEIGHT="42" CONTENT="sin" WC="0.93" CC="020"/>
						<SP ID="P12_SP00317" HPOS="2243" VPOS="2752" WIDTH="36"/>
						<String ID="P12_ST00392" HPOS="2279" VPOS="2705" WIDTH="72" HEIGHT="56" CONTENT="for" WC="0.97" CC="440"/>
						<SP ID="P12_SP00318" HPOS="2351" VPOS="2761" WIDTH="1"/>
						<String ID="P12_ST00393" HPOS="2352" VPOS="2719" WIDTH="57" HEIGHT="37" CONTENT="m," WC="0.95" CC="00"/>
						<SP ID="P12_SP00319" HPOS="2409" VPOS="2761" WIDTH="35"/>
						<String ID="P12_ST00394" HPOS="2444" VPOS="2704" WIDTH="167" HEIGHT="55" CONTENT="krafter" WC="0.78" CC="0003550"/>
						<SP ID="P12_SP00320" HPOS="2611" VPOS="2761" WIDTH="37"/>
						<String ID="P12_ST00395" HPOS="2648" VPOS="2716" WIDTH="96" HEIGHT="31" CONTENT="som" WC="0.50" CC="248"/>
					</TextLine>
					<TextLine ID="P12_TL00080" HPOS="1590" VPOS="2768" WIDTH="1228" HEIGHT="59">
						<String ID="P12_ST00396" HPOS="1590" VPOS="2785" WIDTH="124" HEIGHT="42" CONTENT="ryms" WC="1.00" CC="0000"/>
						<SP ID="P12_SP00321" HPOS="1714" VPOS="2827" WIDTH="24"/>
						<String ID="P12_ST00397" HPOS="1738" VPOS="2773" WIDTH="16" HEIGHT="44" CONTENT="i" WC="0.65" CC="3"/>
						<SP ID="P12_SP00322" HPOS="1754" VPOS="2827" WIDTH="23"/>
						<String ID="P12_ST00398" HPOS="1777" VPOS="2771" WIDTH="183" HEIGHT="56" CONTENT="jordens" WC="0.93" CC="4000000"/>
						<SP ID="P12_SP00323" HPOS="1960" VPOS="2827" WIDTH="25"/>
						<String ID="P12_ST00399" HPOS="1985" VPOS="2773" WIDTH="108" HEIGHT="50" CONTENT="inre," WC="0.83" CC="70000"/>
						<SP ID="P12_SP00324" HPOS="2093" VPOS="2827" WIDTH="28"/>
						<String ID="P12_ST00400" HPOS="2121" VPOS="2784" WIDTH="97" HEIGHT="30" CONTENT="som" WC="1.00" CC="000"/>
						<SP ID="P12_SP00325" HPOS="2218" VPOS="2827" WIDTH="25"/>
						<String ID="P12_ST00401" HPOS="2243" VPOS="2770" WIDTH="139" HEIGHT="44" CONTENT="mäste" WC="0.77" CC="06050"/>
						<SP ID="P12_SP00326" HPOS="2382" VPOS="2827" WIDTH="27"/>
						<String ID="P12_ST00402" HPOS="2409" VPOS="2770" WIDTH="50" HEIGHT="43" CONTENT="ui" WC="0.45" CC="73"/>
						<SP ID="P12_SP00327" HPOS="2459" VPOS="2827" WIDTH="25"/>
						<String ID="P12_ST00403" HPOS="2484" VPOS="2768" WIDTH="73" HEIGHT="56" CONTENT="för" WC="0.94" CC="790"/>
						<SP ID="P12_SP00328" HPOS="2557" VPOS="2827" WIDTH="29"/>
						<String ID="P12_ST00404" HPOS="2586" VPOS="2770" WIDTH="65" HEIGHT="41" CONTENT="att" WC="0.81" CC="050"/>
						<SP ID="P12_SP00329" HPOS="2651" VPOS="2827" WIDTH="26"/>
						<String ID="P12_ST00405" HPOS="2677" VPOS="2781" WIDTH="47" HEIGHT="30" CONTENT="se" WC="0.17" CC="96"/>
						<SP ID="P12_SP00330" HPOS="2724" VPOS="2827" WIDTH="26"/>
						<String ID="P12_ST00406" HPOS="2750" VPOS="2781" WIDTH="46" HEIGHT="30" CONTENT="so" SUBS_TYPE="HypPart1" SUBS_CONTENT="solen" WC="0.97" CC="00"/>
						<HYP HPOS="2796" VPOS="2781" WIDTH="22" CONTENT="-"/>
					</TextLine>
					<TextLine ID="P12_TL00081" HPOS="1590" VPOS="2831" WIDTH="1229" HEIGHT="59">
						<String ID="P12_ST00407" HPOS="1590" VPOS="2834" WIDTH="73" HEIGHT="45" CONTENT="len" SUBS_TYPE="HypPart2" SUBS_CONTENT="solen" WC="1.00" CC="000"/>
						<SP ID="P12_SP00331" HPOS="1663" VPOS="2879" WIDTH="106"/>
						<String ID="P12_ST00408" HPOS="1769" VPOS="2837" WIDTH="41" HEIGHT="42" CONTENT="vi" WC="0.23" CC="86"/>
						<SP ID="P12_SP00332" HPOS="1810" VPOS="2879" WIDTH="23"/>
						<String ID="P12_ST00409" HPOS="1833" VPOS="2839" WIDTH="53" HEIGHT="40" CONTENT="är" WC="1.00" CC="00"/>
						<SP ID="P12_SP00333" HPOS="1886" VPOS="2879" WIDTH="23"/>
						<String ID="P12_ST00410" HPOS="1909" VPOS="2834" WIDTH="74" HEIGHT="45" CONTENT="det" WC="0.99" CC="002"/>
						<SP ID="P12_SP00334" HPOS="1983" VPOS="2879" WIDTH="21"/>
						<String ID="P12_ST00411" HPOS="2004" VPOS="2834" WIDTH="159" HEIGHT="56" CONTENT="jorden" WC="0.91" CC="400000"/>
						<SP ID="P12_SP00335" HPOS="2163" VPOS="2890" WIDTH="24"/>
						<String ID="P12_ST00412" HPOS="2187" VPOS="2836" WIDTH="75" HEIGHT="42" CONTENT="viii" WC="0.99" CC="0500"/>
						<SP ID="P12_SP00336" HPOS="2262" VPOS="2890" WIDTH="27"/>
						<String ID="P12_ST00413" HPOS="2289" VPOS="2836" WIDTH="94" HEIGHT="42" CONTENT="visa" WC="0.99" CC="0600"/>
						<SP ID="P12_SP00337" HPOS="2383" VPOS="2890" WIDTH="23"/>
						<String ID="P12_ST00414" HPOS="2406" VPOS="2832" WIDTH="284" HEIGHT="57" CONTENT="stjärnorna:" WC="0.87" CC="07200010002"/>
						<SP ID="P12_SP00338" HPOS="2690" VPOS="2890" WIDTH="19"/>
						<String ID="P12_ST00415" HPOS="2709" VPOS="2831" WIDTH="110" HEIGHT="44" CONTENT="mull" WC="0.83" CC="0600"/>
					</TextLine>
					<TextLine ID="P12_TL00082" HPOS="1590" VPOS="2899" WIDTH="701" HEIGHT="46">
						<String ID="P12_ST00416" HPOS="1590" VPOS="2913" WIDTH="98" HEIGHT="32" CONTENT="som" WC="0.99" CC="000"/>
						<SP ID="P12_SP00339" HPOS="1688" VPOS="2945" WIDTH="158"/>
						<String ID="P12_ST00417" HPOS="1846" VPOS="2899" WIDTH="158" HEIGHT="46" CONTENT="blommari" WC="0.76" CC="00059004"/>
						<SP ID="P12_SP00340" HPOS="2004" VPOS="2945" WIDTH="1"/>
						<String ID="P12_ST00418" HPOS="2005" VPOS="2899" WIDTH="286" HEIGHT="45" CONTENT="mänskokött." WC="0.95" CC="00000000220"/>
					</TextLine>
					<TextLine ID="P12_TL00083" HPOS="1650" VPOS="2961" WIDTH="1000" HEIGHT="57">
						<String ID="P12_ST00419" HPOS="1650" VPOS="2963" WIDTH="99" HEIGHT="45" CONTENT="Och" WC="0.86" CC="400"/>
						<SP ID="P12_SP00341" HPOS="1749" VPOS="3008" WIDTH="24"/>
						<String ID="P12_ST00420" HPOS="1773" VPOS="2964" WIDTH="162" HEIGHT="44" CONTENT="sedän:" WC="0.99" CC="600402"/>
						<SP ID="P12_SP00342" HPOS="1935" VPOS="3008" WIDTH="29"/>
						<String ID="P12_ST00421" HPOS="1964" VPOS="2963" WIDTH="85" HEIGHT="44" CONTENT="alit" WC="0.99" CC="0005"/>
						<SP ID="P12_SP00343" HPOS="2049" VPOS="3008" WIDTH="23"/>
						<String ID="P12_ST00422" HPOS="2072" VPOS="2963" WIDTH="134" HEIGHT="55" CONTENT="faller" WC="0.90" CC="200300"/>
						<SP ID="P12_SP00344" HPOS="2206" VPOS="3018" WIDTH="26"/>
						<String ID="P12_ST00423" HPOS="2232" VPOS="2963" WIDTH="133" HEIGHT="55" CONTENT="tungt" WC="0.62" CC="26504"/>
						<SP ID="P12_SP00345" HPOS="2365" VPOS="3018" WIDTH="23"/>
						<String ID="P12_ST00424" HPOS="2388" VPOS="2961" WIDTH="67" HEIGHT="45" CONTENT="tili" WC="0.98" CC="6500"/>
						<SP ID="P12_SP00346" HPOS="2455" VPOS="3018" WIDTH="24"/>
						<String ID="P12_ST00425" HPOS="2479" VPOS="2961" WIDTH="171" HEIGHT="56" CONTENT="jorden." WC="0.94" CC="3000000"/>
					</TextLine>
					<TextLine ID="P12_TL00084" HPOS="1653" VPOS="3024" WIDTH="610" HEIGHT="58">
						<String ID="P12_ST00426" HPOS="1653" VPOS="3024" WIDTH="123" HEIGHT="48" CONTENT="Även" WC="0.76" CC="0900"/>
						<SP ID="P12_SP00347" HPOS="1776" VPOS="3072" WIDTH="21"/>
						<String ID="P12_ST00427" HPOS="1797" VPOS="3027" WIDTH="75" HEIGHT="44" CONTENT="det" WC="0.99" CC="002"/>
						<SP ID="P12_SP00348" HPOS="1872" VPOS="3072" WIDTH="22"/>
						<String ID="P12_ST00428" HPOS="1894" VPOS="3031" WIDTH="54" HEIGHT="41" CONTENT="är" WC="1.00" CC="00"/>
						<SP ID="P12_SP00349" HPOS="1948" VPOS="3072" WIDTH="26"/>
						<String ID="P12_ST00429" HPOS="1974" VPOS="3040" WIDTH="53" HEIGHT="31" CONTENT="en" WC="0.86" CC="20"/>
						<SP ID="P12_SP00350" HPOS="2027" VPOS="3072" WIDTH="27"/>
						<String ID="P12_ST00430" HPOS="2054" VPOS="3026" WIDTH="209" HEIGHT="56" CONTENT="helighet." WC="0.76" CC="002680400"/>
					</TextLine>
					<TextLine ID="P12_TL00085" HPOS="1647" VPOS="3091" WIDTH="1171" HEIGHT="57">
						<String ID="P12_ST00431" HPOS="1647" VPOS="3091" WIDTH="220" HEIGHT="46" CONTENT="Helheten" WC="0.90" CC="00004300"/>
						<SP ID="P12_SP00351" HPOS="1867" VPOS="3137" WIDTH="34"/>
						<String ID="P12_ST00432" HPOS="1901" VPOS="3091" WIDTH="183" HEIGHT="57" CONTENT="fordrar" WC="0.91" CC="6000000"/>
						<SP ID="P12_SP00352" HPOS="2084" VPOS="3148" WIDTH="37"/>
						<String ID="P12_ST00433" HPOS="2121" VPOS="3091" WIDTH="87" HEIGHT="53" CONTENT="det," WC="0.99" CC="0040"/>
						<SP ID="P12_SP00353" HPOS="2208" VPOS="3148" WIDTH="35"/>
						<String ID="P12_ST00434" HPOS="2243" VPOS="3092" WIDTH="86" HEIGHT="43" CONTENT="den" WC="1.00" CC="000"/>
						<SP ID="P12_SP00354" HPOS="2329" VPOS="3148" WIDTH="34"/>
						<String ID="P12_ST00435" HPOS="2363" VPOS="3092" WIDTH="130" HEIGHT="55" CONTENT="eviga" WC="1.00" CC="00000"/>
						<SP ID="P12_SP00355" HPOS="2493" VPOS="3148" WIDTH="33"/>
						<String ID="P12_ST00436" HPOS="2526" VPOS="3092" WIDTH="183" HEIGHT="55" CONTENT="ringens" WC="0.95" CC="0300000"/>
						<SP ID="P12_SP00356" HPOS="2709" VPOS="3148" WIDTH="37"/>
						<String ID="P12_ST00437" HPOS="2746" VPOS="3102" WIDTH="48" HEIGHT="32" CONTENT="av" SUBS_TYPE="HypPart1" SUBS_CONTENT="avrundning." WC="1.00" CC="00"/>
						<HYP HPOS="2794" VPOS="3102" WIDTH="24" CONTENT="-"/>
					</TextLine>
					<TextLine ID="P12_TL00086" HPOS="1592" VPOS="3156" WIDTH="242" HEIGHT="56">
						<String ID="P12_ST00438" HPOS="1592" VPOS="3156" WIDTH="242" HEIGHT="56" CONTENT="rundning." SUBS_TYPE="HypPart2" SUBS_CONTENT="avrundning." WC="0.85" CC="070005000"/>
					</TextLine>
					<TextLine ID="P12_TL00087" HPOS="1650" VPOS="3218" WIDTH="1169" HEIGHT="57">
						<String ID="P12_ST00439" HPOS="1650" VPOS="3219" WIDTH="99" HEIGHT="46" CONTENT="Och" WC="0.64" CC="460"/>
						<SP ID="P12_SP00357" HPOS="1749" VPOS="3265" WIDTH="24"/>
						<String ID="P12_ST00440" HPOS="1773" VPOS="3219" WIDTH="125" HEIGHT="56" CONTENT="finns" WC="0.89" CC="04000"/>
						<SP ID="P12_SP00358" HPOS="1898" VPOS="3275" WIDTH="20"/>
						<String ID="P12_ST00441" HPOS="1918" VPOS="3219" WIDTH="75" HEIGHT="45" CONTENT="det" WC="1.00" CC="001"/>
						<SP ID="P12_SP00359" HPOS="1993" VPOS="3275" WIDTH="25"/>
						<String ID="P12_ST00442" HPOS="2018" VPOS="3222" WIDTH="71" HEIGHT="43" CONTENT="väl" WC="1.00" CC="000"/>
						<SP ID="P12_SP00360" HPOS="2089" VPOS="3275" WIDTH="25"/>
						<String ID="P12_ST00443" HPOS="2114" VPOS="3219" WIDTH="72" HEIGHT="56" CONTENT="för" WC="1.00" CC="000"/>
						<SP ID="P12_SP00361" HPOS="2186" VPOS="3275" WIDTH="24"/>
						<String ID="P12_ST00444" HPOS="2210" VPOS="3232" WIDTH="52" HEIGHT="32" CONTENT="en" WC="1.00" CC="00"/>
						<SP ID="P12_SP00362" HPOS="2262" VPOS="3275" WIDTH="23"/>
						<String ID="P12_ST00445" HPOS="2285" VPOS="3219" WIDTH="188" HEIGHT="45" CONTENT="mänska" WC="0.85" CC="000900"/>
						<SP ID="P12_SP00363" HPOS="2473" VPOS="3275" WIDTH="24"/>
						<String ID="P12_ST00446" HPOS="2497" VPOS="3218" WIDTH="140" HEIGHT="57" CONTENT="nägot" WC="1.00" CC="00000"/>
						<SP ID="P12_SP00364" HPOS="2637" VPOS="3275" WIDTH="23"/>
						<String ID="P12_ST00447" HPOS="2660" VPOS="3219" WIDTH="159" HEIGHT="43" CONTENT="kärare" WC="1.00" CC="000000"/>
					</TextLine>
					<TextLine ID="P12_TL00088" HPOS="1590" VPOS="3284" WIDTH="277" HEIGHT="56">
						<String ID="P12_ST00448" HPOS="1590" VPOS="3289" WIDTH="63" HEIGHT="41" CONTENT="än" WC="1.00" CC="00"/>
						<SP ID="P12_SP00365" HPOS="1653" VPOS="3330" WIDTH="25"/>
						<String ID="P12_ST00449" HPOS="1678" VPOS="3284" WIDTH="189" HEIGHT="56" CONTENT="jorden?" WC="0.94" CC="0300000"/>
					</TextLine>
					<TextLine ID="P12_TL00089" HPOS="1649" VPOS="3347" WIDTH="468" HEIGHT="58">
						<String ID="P12_ST00450" HPOS="1649" VPOS="3347" WIDTH="175" HEIGHT="58" CONTENT="Därför" WC="0.82" CC="000550"/>
						<SP ID="P12_SP00366" HPOS="1824" VPOS="3405" WIDTH="28"/>
						<String ID="P12_ST00451" HPOS="1852" VPOS="3352" WIDTH="135" HEIGHT="53" CONTENT="säger" WC="0.98" CC="00000"/>
						<SP ID="P12_SP00367" HPOS="1987" VPOS="3405" WIDTH="28"/>
						<String ID="P12_ST00452" HPOS="2015" VPOS="3349" WIDTH="102" HEIGHT="56" CONTENT="jag:" WC="0.89" CC="4000"/>
					</TextLine>
					<TextLine ID="P12_TL00090" HPOS="1649" VPOS="3412" WIDTH="828" HEIGHT="57">
						<String ID="P12_ST00453" HPOS="1649" VPOS="3413" WIDTH="90" HEIGHT="45" CONTENT="Det" WC="0.99" CC="001"/>
						<SP ID="P12_SP00368" HPOS="1739" VPOS="3458" WIDTH="27"/>
						<String ID="P12_ST00454" HPOS="1766" VPOS="3412" WIDTH="125" HEIGHT="57" CONTENT="finns" WC="0.74" CC="57000"/>
						<SP ID="P12_SP00369" HPOS="1891" VPOS="3469" WIDTH="27"/>
						<String ID="P12_ST00455" HPOS="1918" VPOS="3415" WIDTH="109" HEIGHT="42" CONTENT="intet" WC="0.77" CC="30204"/>
						<SP ID="P12_SP00370" HPOS="2027" VPOS="3469" WIDTH="27"/>
						<String ID="P12_ST00456" HPOS="2054" VPOS="3413" WIDTH="190" HEIGHT="44" CONTENT="skönare" WC="0.96" CC="0000200"/>
						<SP ID="P12_SP00371" HPOS="2244" VPOS="3469" WIDTH="27"/>
						<String ID="P12_ST00457" HPOS="2271" VPOS="3417" WIDTH="61" HEIGHT="40" CONTENT="än" WC="1.00" CC="00"/>
						<SP ID="P12_SP00372" HPOS="2332" VPOS="3469" WIDTH="29"/>
						<String ID="P12_ST00458" HPOS="2361" VPOS="3413" WIDTH="116" HEIGHT="44" CONTENT="livet." WC="0.98" CC="069030"/>
					</TextLine>
					<TextLine ID="P12_TL00091" HPOS="1650" VPOS="3476" WIDTH="949" HEIGHT="46">
						<String ID="P12_ST00459" HPOS="1650" VPOS="3477" WIDTH="112" HEIGHT="45" CONTENT="Men" WC="1.00" CC="000"/>
						<SP ID="P12_SP00373" HPOS="1762" VPOS="3522" WIDTH="25"/>
						<String ID="P12_ST00460" HPOS="1787" VPOS="3476" WIDTH="74" HEIGHT="45" CONTENT="det" WC="0.98" CC="004"/>
						<SP ID="P12_SP00374" HPOS="1861" VPOS="3522" WIDTH="25"/>
						<String ID="P12_ST00461" HPOS="1886" VPOS="3477" WIDTH="209" HEIGHT="44" CONTENT="skönaste" WC="0.66" CC="00903760"/>
						<SP ID="P12_SP00375" HPOS="2095" VPOS="3522" WIDTH="26"/>
						<String ID="P12_ST00462" HPOS="2121" VPOS="3481" WIDTH="55" HEIGHT="40" CONTENT="är" WC="1.00" CC="00"/>
						<SP ID="P12_SP00376" HPOS="2176" VPOS="3522" WIDTH="29"/>
						<String ID="P12_ST00463" HPOS="2205" VPOS="3478" WIDTH="67" HEIGHT="42" CONTENT="att" WC="0.83" CC="121"/>
						<SP ID="P12_SP00377" HPOS="2272" VPOS="3522" WIDTH="23"/>
						<String ID="P12_ST00464" HPOS="2295" VPOS="3476" WIDTH="98" HEIGHT="45" CONTENT="levä" WC="0.98" CC="0190"/>
						<SP ID="P12_SP00378" HPOS="2393" VPOS="3522" WIDTH="25"/>
						<String ID="P12_ST00465" HPOS="2418" VPOS="3476" WIDTH="83" HEIGHT="45" CONTENT="och" WC="0.80" CC="050"/>
						<SP ID="P12_SP00379" HPOS="2501" VPOS="3522" WIDTH="27"/>
						<String ID="P12_ST00466" HPOS="2528" VPOS="3476" WIDTH="71" HEIGHT="43" CONTENT="dö." WC="1.00" CC="000"/>
					</TextLine>
				</TextBlock>
				<TextBlock ID="P12_TB00006" HPOS="2499" VPOS="3588" WIDTH="324" HEIGHT="46" STYLEREFS="TXT_2 PAR_RIGHT">
					<TextLine ID="P12_TL00092" HPOS="2499" VPOS="3588" WIDTH="324" HEIGHT="46">
						<String ID="P12_ST00467" HPOS="2499" VPOS="3588" WIDTH="324" HEIGHT="46" CONTENT="DIKTONIUS" WC="0.99" CC="205100540"/>
					</TextLine>
				</TextBlock>
			</PrintSpace>
		</Page>
	</Layout>
</alto>
