3293 4572
890 429 197 50 Gustav
1115 428 287 51 Landauer
1442 446 21 24 *■
1494 427 277 52 Friedrich
1798 427 284 52 Hölderlin

2497 422 98 56 195

373 652 137 50 tern
547 627 356 88 persönlich
936 627 350 85 Verfolgte;
1322 628 99 70 ihr
1456 628 181 70 Geist
1670 630 134 67 tritt
1837 658 112 39 aus
1981 627 194 69 ihnen
2212 625 222 69 heraus
2467 625 133 68 und

376 752 196 57 gegen
605 725 89 66 sie
729 721 86 70 als
851 720 342 71 rächender
1219 721 286 79 Dämon;
1540 721 132 69 ihre
1707 720 125 71 Tat
1865 719 158 71 wird
2056 745 112 43 zur
2202 717 230 79 Untat;
2470 716 130 70 ihre

376 814 412 73 Bereitschaft
818 814 157 72 wird
1008 843 111 41 zur
1154 814 356 86 Lähmung.
1568 814 334 70 Hölderlin
2037 814 66 68 in
2131 814 205 67 seiner
2364 809 138 71 Zeit

377 912 134 67 hats
547 906 417 86 empfunden,
1011 909 64 69 in
1110 910 335 82 grausiger,
1491 908 94 68 oft
1619 906 278 72 rührend
1933 904 264 86 klagend
2229 931 333 58 ausgespro-

376 1003 231 69 chener
631 1000 528 86 Vereinsamung;
1195 1000 245 80 anders,
1475 1002 258 78 krasser,
1759 1000 292 79 bizarrer,
2086 998 165 71 ohne
2278 998 102 70 die
2406 997 193 83 große

378 1096 203 78 Linie,
617 1093 150 71 aber
800 1094 293 84 farbiger,
1126 1096 179 68 nicht
1337 1096 65 67 in
1435 1092 244 71 solcher
1712 1092 445 80 Erhabenheit,
2190 1092 149 70 aber
2372 1092 188 81 wütig-

374 1188 384 84 grimmiger,
802 1188 224 68 immer
1059 1186 226 85 jedoch
1323 1185 160 71 auch
1521 1187 64 67 in
1619 1185 507 71 unmittelbarem
2159 1182 293 72 Erfassen
2485 1182 111 70 des

374 1281 582 84 Zusammenhangs
1012 1282 117 68 mit
1169 1280 125 70 den
1334 1279 516 71 Zeitumständen
1900 1277 174 71 nicht
2128 1305 140 52 nur,
2320 1276 274 70 sondern

374 1375 146 69 dem
560 1373 355 71 Verhältnis
966 1373 111 69 des
1121 1370 329 85 Geistigen
1501 1400 79 40 zu
1624 1374 168 67 einer
1830 1371 350 84 geistlosen,
2225 1369 368 71 liebeleeren

376 1465 421 73 Gesellschaft
830 1465 134 70 und
999 1469 85 66 im
1110 1464 348 71 Verstehen
1491 1464 113 70 der
1638 1464 225 70 letzten
1900 1461 529 87 Fragwürdigkeit
2460 1461 134 69 und

374 1561 110 68 des
537 1558 251 71 tiefsten
840 1559 193 70 Sinns
1083 1558 113 70 der
1239 1555 168 74 Welt
1458 1555 236 70 habens
1751 1557 100 68 die
1893 1555 229 69 beiden
2165 1554 236 84 großen
2436 1553 118 71 Ver-

377 1653 283 70 lassenen
685 1652 135 70 und
847 1652 495 84 Selbstpeiniger
1369 1677 221 42 unsrer
1628 1648 159 81 Zeit,
1813 1648 336 70 Nietzsche
2180 1648 132 69 und
2343 1647 212 70 Strind-

377 1746 173 82 berg,
585 1776 146 39 zum
763 1742 339 73 Ausdruck
1144 1742 320 85 gebracht.
1531 1741 328 71 Hölderlin
1896 1741 147 68 aber
2085 1760 97 49 tut
2218 1769 64 39 es
2326 1741 116 68 mit
2480 1738 112 70 der

373 1839 353 80 einfachen,
754 1836 404 86 letztgiltigen
1188 1836 266 84 Strenge
1478 1836 109 70 des
1613 1836 345 69 modernen
1983 1834 375 83 Propheten,
2385 1834 109 68 der

374 1934 65 67 in
473 1933 215 69 diesen
724 1931 279 70 seltenen
1031 1930 333 85 Sprüchen
1390 1957 112 42 vor
1527 1930 237 69 seinem
1797 1928 299 85 geistigen
2121 1925 147 70 Tod
2401 1924 153 71 eben-

376 2024 213 84 bürtig
614 2024 206 70 neben
856 2052 216 42 seinen
1100 2022 288 69 Brüdern
1420 2051 111 39 aus
1567 2022 110 68 der
1713 2019 406 71 hebräischen
2143 2016 229 70 Antike
2405 2016 184 79 steht,

372 2117 294 85 ungleich
711 2119 216 78 ihnen,
965 2117 148 71 aber
1153 2118 175 69 nicht
1370 2116 124 69 den
1536 2114 261 80 andern,
1827 2113 145 70 dem
1997 2110 216 80 Volke,
2248 2110 108 69 das
2391 2109 199 70 Urteil

376 2212 259 79 kündet,
677 2211 273 70 sondern
983 2211 136 68 sich
1150 2208 215 79 selbst,
1406 2208 148 70 dem
1588 2206 240 81 Geiste,
1873 2234 236 40 seinem
2142 2202 282 71 Aufruhr
2461 2202 131 70 und

374 2305 237 68 seinem
649 2302 487 73 Mißverhältnis
1168 2329 111 42 zur
1304 2300 196 71 Welt:

561 2396 174 84 (Den
769 2396 320 70 brauchen
1122 2397 89 68 sie
1256 2401 105 83 —)
1395 2394 223 83 jedoch
1651 2392 97 70 ihr
1783 2390 261 71 Gericht

565 2493 104 77 Ist,
708 2490 126 70 daß
867 2491 133 68 sein
1035 2490 246 83 eigenes
1317 2488 176 68 Haus

562 2582 352 71 Zerbreche
947 2583 132 79 der,
1112 2580 136 70 und
1280 2580 109 69 das
1427 2578 252 70 Liebste

560 2677 139 68 Wie
734 2678 124 69 den
896 2674 200 71 Feind
1130 2673 197 71 schelt
1357 2673 135 70 und
1529 2672 155 79 sich,
1715 2670 187 69 Vater
1934 2668 133 70 und
2105 2665 174 72 Kind

561 2770 279 83 Begrabe
873 2787 185 51 unter
1092 2768 123 69 den
1249 2766 408 77 Trümmern,

561 2865 206 68 Wenn
804 2864 172 68 einer
1000 2864 119 67 wie
1150 2862 90 69 sie
1272 2862 132 68 sein
1439 2857 123 71 will
1594 2856 133 68 und
1760 2855 173 69 nicht

569 2954 374 85 Ungleiches
981 2952 257 80 dulden,
1272 2952 111 70 der
1417 2950 409 70 Schwärmer.

470 3050 100 69 Da
619 3048 239 85 spricht
906 3078 112 40 aus
1068 3045 367 71 Hölderlins
1492 3072 235 40 reinem
1776 3039 214 70 Mund
2047 3035 380 70 herrschend
2479 3034 108 68 das

376 3140 318 72 Schicksal
740 3140 125 70 den
910 3138 353 72 nämlichen
1308 3135 237 80 Befehl,
1602 3135 122 69 den
1768 3130 250 70 Goethe
2063 3130 66 69 in
2184 3129 201 69 seiner
2433 3154 156 55 ganz

374 3237 263 77 andern,
673 3236 407 76 humaneren,
1112 3232 181 71 mehr
1323 3227 451 86 europäischen
1790 3224 117 70 Art
1940 3252 144 40 zum
2116 3218 334 71 Ausdruck
2483 3247 71 53 ge-

374 3326 223 72 bracht
631 3327 190 79 hatte,
868 3326 88 70 als
989 3354 67 42 er
1088 3354 109 39 aus
1233 3325 236 67 seinem
1503 3317 601 88 Jugendtitanismus
2143 3312 135 70 und
2310 3312 112 68 der
2457 3311 88 68 Mi-

376 3422 246 84 schung
668 3450 109 41 aus
814 3417 367 71 Göttermut
1227 3416 135 69 und
1394 3412 329 83 stachliger
1756 3405 575 87 Mephistobosheit
2366 3403 222 69 heraus

376 3542 143 40 zum
555 3534 205 51 ersten
797 3511 266 70 Frieden
1098 3509 371 85 gekommen
1502 3533 156 44 war:

562 3608 191 68 Denn
787 3606 117 68 mit
937 3601 273 72 Göttern
1243 3600 116 70 soll
1393 3599 133 68 sich
1559 3596 176 70 nicht
1765 3623 245 41 messen

569 3699 227 84 Irgend
828 3699 100 69 ein
964 3693 271 72 Mensch
1285 3750 13 14 .
1343 3750 13 13 .
1404 3749 14 14 .

470 3792 185 71 Und:

561 3887 135 69 Der
727 3886 141 70 edle
903 3880 270 72 Mensch

561 3980 105 70 Sei
703 3976 286 72 hilfreich
1021 3976 137 69 und
1193 3993 131 64 gut.
