3159 4572
1091 421 197 53 Gustav
1316 417 288 54 Landauer
1644 434 21 23 *
1696 412 284 56 Friedrich
2007 408 287 58 Hölderlin

587 418 106 60 196

672 622 271 72 Denken
974 625 113 67 wir
1120 619 133 70 hier
1289 645 119 43 nur
1440 617 216 79 daran,
1689 613 127 73 daß
1853 614 111 70 das
1999 612 180 71 Wort
2213 607 441 75 Übermensch
2686 636 123 39 uns

580 748 126 40 von
738 715 254 71 Goethe
1025 730 276 61 stammt,
1343 710 137 70 und
1512 708 127 72 daß
1671 736 69 42 er
1773 710 66 68 in
1878 706 113 70 der
2024 705 252 78 letzten,
2309 701 501 72 bezeichnender

579 811 208 70 Weise
812 807 176 70 nicht
1012 809 66 67 in
1102 805 205 70 dieser
1336 802 283 84 Fassung
1644 830 145 40 zum
1818 796 445 86 Gemeinplatz
2288 796 112 70 der
2425 792 385 71 Gebildeten

580 901 415 87 gewordenen
1023 898 192 71 Stelle
1240 898 113 69 des
1379 894 349 72 Gedichtes
1760 894 176 80 „Das
1964 890 369 71 Göttliche“
2368 886 443 71 ausdrücklich

579 1013 156 66 sagt,
787 994 206 69 nicht:
1032 990 155 71 Edel
1234 992 86 67 sei
1356 989 112 70 der
1503 987 295 80 Mensch,
1835 983 284 72 hilfreich
2152 980 137 73 und
2323 1000 130 65 gut,
2504 979 307 71 sondern:

581 1088 134 70 Der
745 1086 140 69 edle
919 1083 296 80 Mensch,
1249 1082 228 85 gerade
1507 1081 113 69 der
1652 1077 481 78 Adelsmensch,
2166 1075 113 70 der
2314 1070 497 87 hervorragende

581 1180 295 78 Mensch,
910 1181 88 67 sei
1033 1177 145 70 kein
1211 1174 341 73 Verächter
1600 1173 110 70 des
1743 1171 195 72 Volks
1986 1169 136 72 und
2168 1169 144 69 kein
2361 1164 337 89 gottgleich
2747 1195 64 39 in

580 1275 215 68 seinen
829 1270 185 72 Geist
1046 1268 614 87 Eingeschlossener,
1695 1265 274 71 sondern
2002 1261 291 72 hilfreich
2324 1260 134 71 und
2491 1277 135 68 gut.

673 1364 334 71 Hölderlin
1040 1392 127 42 war
1197 1393 66 39 es
1296 1392 112 39 um
1444 1361 111 70 der
1588 1359 242 85 großen
1856 1356 202 71 Sache
2090 1354 137 71 und
2256 1383 113 40 um
2404 1354 204 68 seiner
2646 1352 134 83 eige-

581 1489 145 50 nen,
771 1456 179 87 groß,
984 1456 124 70 still
1143 1455 134 71 und
1309 1453 205 86 tapfer
1548 1454 208 68 hinter
1790 1450 134 72 sich
1958 1448 381 87 gebrachten
2373 1442 442 86 Entwicklung

580 1552 207 72 willen
814 1566 195 69 nötig,
1037 1581 65 38 m
1127 1549 149 70 dem
1293 1545 420 87 Augenblick,
1740 1575 97 40 wo
1863 1571 67 42 er
1948 1543 126 70 den
2099 1539 509 85 edelgewaltigen
2629 1535 185 71 Geist

580 1646 111 70 des
740 1644 461 70 Auserlesenen
1251 1643 66 67 in
1360 1641 126 69 den
1530 1638 220 71 Orden
1799 1637 113 70 der
1954 1634 318 85 Ordnung
2319 1632 86 71 als
2455 1629 359 71 dienenden

581 1738 244 70 Bruder
842 1737 326 79 emreihte,
1196 1765 97 41 wo
1318 1761 67 42 er
1412 1764 109 40 aus
1548 1733 147 69 dem
1722 1728 277 73 hochauf
2027 1724 468 75 schäumenden
2516 1722 301 86 Jüngling

581 1832 126 69 den
748 1830 191 71 Vater
976 1830 249 70 machte
1273 1827 136 71 und
1451 1826 126 70 den
1611 1825 207 70 Rhein
1853 1821 274 71 Mühlen
2161 1818 247 71 treiben
2444 1817 149 79 ließ,
2635 1815 179 71 rasch

583 1923 442 71 abzubrechen
1056 1921 136 70 und
1223 1921 87 69 als
1338 1917 412 87 Gegenstück
1781 1917 110 70 das
1929 1911 319 74 Schicksal
2282 1910 110 71 des
2425 1909 277 69 Titanen
2735 1936 79 40 zu

584 2018 328 77 zeichnen,
955 2016 110 69 der
1102 2015 174 69 Lenz
1318 2011 278 80 bleiben,
1643 2010 151 70 aber
1844 2008 176 71 nicht
2055 2005 290 71 Sommer
2394 2001 136 71 und
2563 2000 252 71 Goethe

584 2109 253 71 werden
863 2108 148 81 will,
1039 2108 110 70 des
1177 2104 610 79 Himmelstürmers,
1813 2103 112 68 der
1949 2099 135 71 sich
2108 2100 67 68 in
2204 2094 273 86 Krampf
2503 2094 136 70 und
2664 2094 153 70 Wut

585 2204 286 70 verzehrt
912 2203 137 69 und
1083 2220 291 50 verzerrt.
1436 2198 161 83 Jetzt
1630 2196 140 69 darf
1802 2222 65 42 er
1901 2190 348 73 fortfahren
2295 2192 67 67 in
2396 2187 423 83 Schilderung

585 2296 136 71 und
769 2296 169 70 Preis
971 2295 247 78 dessen,
1258 2295 112 68 der
1412 2291 135 70 sich
1590 2288 124 71 still
1765 2286 408 86 eingeordnet
2223 2284 105 69 hat
2369 2312 68 40 in
2474 2283 109 69 das
2618 2279 160 73 wohl-

584 2387 418 71 beschiedene
1045 2384 350 73 Schicksal:

773 2481 207 70 Drum
1016 2479 165 71 wohl
1216 2479 154 79 ihm,
1406 2475 265 72 welcher
1710 2474 151 70 fand

771 2573 120 71 Ein
924 2570 617 74 wohlbeschiedenes
1578 2566 341 80 Schicksal,

771 2667 120 70 Wo
928 2665 165 70 noch
1131 2664 113 70 der
1277 2663 489 82 Wanderungen

776 2761 155 70 Und
964 2758 123 71 süß
1117 2758 113 70 der
1266 2756 240 71 Leiden
1541 2754 399 82 Erinnerung

771 2852 388 71 Aufrauscht
1191 2881 103 38 am
1326 2850 250 69 sichern
1611 2845 301 81 Gestade,

774 2945 148 71 Daß
955 2945 111 70 da-
1101 2944 133 69 und
1265 2942 259 70 dorthin
1561 2966 152 59 gern

773 3039 85 70 Er
890 3039 157 70 sehn
1078 3067 146 54 mag
1254 3036 98 70 bis
1388 3066 77 40 an
1500 3035 101 69 die
1637 3031 318 79 Grenzen,

774 3133 125 68 Die
932 3132 103 69 bei
1072 3133 111 68 der
1218 3128 252 71 Geburt
1503 3128 134 68 ihm
1672 3124 160 71 Gott

774 3224 167 71 Zum
974 3220 410 74 Aufenthalte
1420 3219 387 85 gezeichnet.

774 3320 193 68 Dann
999 3317 147 70 ruht
1180 3344 86 52 er,
1301 3314 157 84 selig
1488 3312 403 79 bescheiden,

776 3412 191 69 Denn
1003 3410 168 78 alles,
1205 3438 126 40 was
1364 3435 67 41 er
1465 3403 267 88 gewollt,

776 3505 134 70 Das
947 3501 442 80 Himmlische,
1426 3530 124 41 von
1583 3497 204 71 selber
1818 3495 291 84 umfängt

774 3596 84 71 Es
890 3598 505 82 unbezwungen,
1426 3591 289 73 lächelnd

777 3690 182 84 Jetzt,
993 3689 79 70 da
1107 3717 65 43 er
1206 3688 205 79 ruhet,
1446 3687 125 69 den
1609 3683 303 71 Kühnen.

683 3784 156 69 Nun
890 3783 146 69 ruht
1086 3782 111 68 der
1230 3781 237 83 Sänger
1501 3777 134 70 sich
1668 3775 224 79 selber,
1944 3805 64 39 in
2060 3772 292 83 Behagen
2401 3767 245 71 freilich
2697 3794 125 50 nie,

589 3877 151 70 aber
772 3878 66 68 in
871 3904 175 42 einer
1079 3873 372 71 friedlichen
1486 3868 362 86 Ergebung,
1897 3867 103 70 die
2034 3864 121 71 fast
2189 3863 278 85 gelassen
2514 3858 137 71 und
2701 3858 123 71 fast
