3293 4572
908 396 199 52 Gustav
1130 396 292 52 Landauer
1460 411 23 26 *
1506 393 287 55 Friedrich
1815 393 287 55 Hölderlin

2506 391 108 60 203

579 594 156 70 Und
764 612 217 52 unstet
1013 593 184 72 wehn
1229 594 135 71 und
1397 595 186 82 irren,
1616 594 148 72 dem
1799 593 210 72 Chaos
2043 592 224 88 gleich,

576 688 172 71 Dem
781 686 315 86 gärenden
1130 686 418 73 Geschlechte
1580 688 105 71 die
1707 687 321 73 Wünsche
2061 687 183 81 nach,

578 779 157 72 Und
767 778 151 74 wild
951 782 79 69 ist
1060 779 139 72 und
1229 799 249 67 verzagt
1510 781 136 71 und
1680 779 124 72 kalt
1836 810 126 42 von

576 873 244 86 Sorgen
852 872 110 71 das
998 873 217 72 Leben
1248 873 111 73 der
1388 875 239 71 Armen
1661 876 245 71 immer.

575 1028 112 72 Du
719 1027 149 71 aber
900 1027 304 73 wandelst
1234 1028 186 85 ruhig
1450 1028 104 72 die
1585 1028 203 73 sichre
1818 1028 201 80 Bahn,

575 1121 62 70 O
670 1121 248 70 Mutter
950 1119 152 72 Erd’
1135 1122 89 69 im
1258 1121 254 71 Lichte!
1549 1122 168 70 Dein
1752 1121 305 86 Frühling
2088 1121 207 83 blüht,

584 1219 376 72 iVlefodiscß
984 1213 357 73 wechselnd
1373 1215 203 84 gehen
1609 1227 99 63 dir
1733 1215 102 70 die

575 1308 441 72 Wachsenden
1050 1308 241 80 Zeiten,
1324 1307 90 71 du
1449 1307 489 72 Lebensreiche!

576 1463 130 70 Mit
739 1463 253 70 deinem
1028 1469 214 67 siilfen
1274 1463 271 80 Ruhme,
1581 1461 433 86 Genügsame!

575 1554 130 71 Mit
738 1567 224 62 deinen
995 1553 535 88 tf/2geschriebnen
1567 1557 319 72 Gesetzen
1916 1563 180 74 auch,

583 1655 151 69 *Z7T//
758 1660 217 63 deiner
1003 1647 199 76 Biebe
1232 1647 214 71 komm
1479 1647 134 71 und
1644 1648 107 84 gib
1783 1649 104 69 ein

579 1746 64 71 ft
644 1748 204 68 [eiben
879 1743 90 68 im
1002 1741 240 80 Leben,
1275 1742 103 69 ein
1416 1746 189 70 [Jferz
1633 1771 119 41 uns
1783 1741 259 71 wieder!

481 1895 127 71 Die
641 1895 335 86 Hoffnung
1018 1896 187 84 steigt
1248 1897 227 69 immer
1506 1895 231 71 wieder
1780 1896 65 68 in
1889 1895 134 71 ihm
2066 1893 127 83 auf,
2227 1895 125 71 daß
2385 1896 225 85 gerade

387 1989 441 71 Deutschland
872 1991 183 79 einst,
1102 1989 174 69 nicht
1323 1987 112 71 auf
1477 1989 123 69 den
1633 1989 239 85 Wegen
1915 1989 110 71 des
2061 1989 218 71 Lärms
2324 1989 133 71 und
2497 1989 110 71 der

387 2080 272 83 Waffen,
686 2083 275 69 sondern
988 2083 65 68 in
1072 2080 181 71 Stille
1276 2080 137 71 und
1428 2080 202 71 durch
1648 2080 125 71 den
1792 2080 181 72 Geist
1992 2080 102 71 die
2113 2110 160 42 neue
2288 2080 320 71 erlösende

387 2174 326 71 Botschaft
748 2202 110 43 zur
894 2174 407 72 Menschheit
1333 2175 266 84 bringen
1632 2174 228 72 werde.

481 2268 132 70 Das
649 2268 327 71 Deutsche
1009 2268 220 80 Reich,
1262 2267 114 71 das
1411 2268 133 69 sein
1578 2284 511 66 pergamentenes
2116 2265 237 72 Dasein
2386 2264 224 86 gerade

388 2361 165 69 noch
600 2363 102 69 ein
748 2389 148 57 paar
940 2361 186 83 Jahre
1169 2359 350 73 fortziehen
1559 2359 198 82 sollte,
1793 2359 119 85 gab
1943 2389 65 40 es
2041 2358 235 72 damals
2311 2386 119 43 nur
2462 2359 145 70 dem

388 2452 252 72 Namen
673 2453 195 82 nach;
905 2453 441 71 Deutschland
1378 2480 125 44 war
1534 2455 103 68 ein
1672 2452 518 85 geographischer
2216 2451 254 85 Begriff,
2498 2477 110 44 vor

386 2545 185 72 allem
595 2547 153 70 aber
764 2574 126 44 war
905 2577 68 41 es
990 2549 102 69 ein
1111 2545 276 72 Gebilde
1404 2547 65 69 in
1487 2546 145 71 dem
1651 2545 352 85 planenden
2027 2544 134 71 und
2178 2544 428 85 gestaltenden

387 2637 222 73 Geiste
640 2640 113 71 der
787 2640 267 71 Dichter
1086 2640 135 70 und
1254 2639 196 71 Seher
1482 2637 133 70 und
1647 2637 90 72 als
1771 2637 239 72 solches
2042 2657 211 59 etwas,
2287 2636 110 70 das
2432 2635 174 70 nicht

386 2731 124 72 den
528 2733 446 82 Jahrzehnten,
993 2734 275 70 sondern
1286 2731 123 72 den
1427 2729 503 86 Jahrhunderten
1952 2731 392 83 vorausging.
2378 2728 228 70 Immer

386 2825 81 70 ist
498 2825 105 72 die
632 2824 407 87 Konzeption
1072 2824 110 73 des
1210 2823 263 72 Ganzen
1498 2824 108 71 das
1633 2824 159 79 eine,
1818 2822 134 71 und
1975 2822 104 71 die
2103 2819 503 84 Durchführung

387 2946 123 41 von
537 2916 226 72 Teilen
796 2918 136 71 und
956 2917 297 72 Ersätzen
1287 2918 110 70 das
1430 2942 108 59 gar
1568 2916 142 71 sehr
1742 2914 250 71 andere.
2037 2913 126 71 Die
2184 2911 422 72 französische

387 3008 379 74 Revolution
783 3039 127 43 war
934 3013 195 79 eines,
1147 3011 109 71 das
1276 3008 460 79 Hochwinden,
1756 3006 371 72 Schleichen
2154 3006 133 70 und
2303 3005 300 85 Drängen

385 3101 113 72 des
531 3104 411 86 Bürgertums
975 3132 126 44 war
1144 3105 102 70 ein
1285 3102 255 79 andres;
1575 3101 110 71 der
1719 3099 303 71 Gedanke
2052 3097 111 71 des
2194 3096 183 72 edeln
2405 3097 199 69 Henri

386 3194 268 73 Dunant
697 3226 126 44 war
873 3199 192 80 eines,
1108 3196 106 73 die
1261 3195 349 85 praktische
1653 3191 503 84 Durchführung
2203 3190 112 71 der
2362 3187 245 72 Genfer

388 3286 411 75 Konvention
833 3317 127 44 war
989 3292 104 68 ein
1125 3288 259 80 andres;
1416 3286 138 72 und
1585 3284 353 72 manchmal
1969 3283 252 71 möchte
2255 3312 145 41 man
2427 3293 135 60 wün-

387 3380 213 83 schen,
647 3383 105 71 die
793 3382 406 72 Menschheit
1242 3379 250 73 möchte
1536 3378 193 71 lieber
1775 3407 122 42 von
1940 3378 207 68 einem
2192 3374 265 71 Dichter
2499 3402 72 56 ge-

386 3487 236 59 träumt
654 3476 252 72 werden
932 3474 88 72 als
1044 3477 67 67 in
1136 3474 201 70 ihrem
1365 3469 366 74 Halbschlaf
1752 3472 65 68 in
1845 3481 497 71 verstümperten
2366 3466 193 71 Trüm-

388 3595 178 43 mern
599 3568 329 72 taumelnd
959 3565 584 83 dahinzustolpern!
1594 3562 88 72 So
1713 3562 160 72 wird
1916 3591 146 40 man
2095 3558 352 82 verstehen,
2480 3557 130 71 daß

2063 1741 33 37 *

483 3688 24 26 *
542 3691 229 48 Innerhalb
810 3692 116 46 eines
959 3690 200 56 Vortrags
1193 3688 111 49 kann
1336 3706 44 28 es
1412 3687 90 47 sich
1542 3685 68 48 bei
1642 3685 313 56 Anführungen
1995 3701 76 29 aus
2102 3682 245 48 Gedichten
2380 3682 121 47 nicht
2531 3700 76 28 um

386 3751 118 47 reine
535 3753 256 54 Rezitation,
823 3754 105 47 muß
961 3771 44 28 es
1038 3752 91 47 sich
1161 3751 206 48 vielmehr
1397 3770 75 26 um
1506 3748 278 56 Hinweisung
1815 3746 200 48 handeln.
2054 3746 118 54 Dies,
2203 3763 77 28 um
2313 3744 71 47 die
2417 3744 165 47 Hervor-

385 3809 231 61 hebungen
655 3815 212 47 einzelner
899 3814 145 48 Worte
1082 3813 93 47 und
1206 3812 284 56 Wendungen
1529 3829 55 28 zu
1615 3809 204 55 erklären,
1852 3808 68 47 die
1951 3808 109 47 auch
2092 3809 59 46 im
2186 3807 148 48 Druck
2369 3804 240 50 manchmal

386 3876 119 55 nötig
528 3895 158 36 waren,
718 3897 74 29 um
825 3878 167 48 weitere
1024 3875 336 56 Ausführungen
1391 3893 54 29 zu
1477 3884 206 36 ersetzen.
