3195 4572
618 373 107 59 204

1127 380 199 54 Gustav
1350 380 291 54 Landauer
1680 399 20 24 *
1729 381 282 53 Friedrich
2037 382 286 54 Hölderlin

616 608 66 41 es
713 608 122 42 uns
870 578 256 86 angeht,
1153 579 189 71 heute
1366 581 118 69 wie
1517 599 270 67 gestern,
1822 583 136 71 und
1989 609 262 59 morgen
2277 584 119 71 wie
2428 583 212 82 heute,
2665 614 185 42 wenn

617 670 337 73 Hölderlin
1017 674 66 69 in
1145 672 148 71 dem
1351 672 466 87 Nachtgesang,
1879 675 126 71 den
2057 703 67 43 er
2180 674 388 74 Germanien
2630 697 220 62 nennt,

617 763 443 72 Deutschland
1088 763 92 72 als
1205 764 333 73 Priesterin
1571 765 244 83 schaut,
1846 767 92 72 als
1970 767 220 72 stillste
2213 768 284 72 Tochter
2522 768 251 83 Gottes,

802 857 130 80 Sie,
965 857 104 71 die
1093 889 90 43 zu
1204 885 152 57 gern
1381 861 68 68 in
1473 858 184 73 tiefer
1681 859 235 73 Einfalt
1942 861 322 86 schweigt,

800 950 202 72 dieses
1034 950 461 82 Deutschland,
1526 952 113 71 das
1669 981 259 44 unserm
1962 953 357 86 Propheten
2363 955 113 72 das
2519 956 187 71 Land
2738 956 113 72 der

616 1041 265 71 Dichter
934 1044 139 69 und
1120 1044 260 71 Denker
1426 1046 102 79 ist,
1585 1045 111 71 das
1745 1075 148 42 vom
1943 1045 282 74 Himmel
2279 1047 145 80 „die
2471 1047 225 72 Blume
2738 1050 113 70 des

616 1135 344 81 Mondes“,
1009 1135 106 71 die
1155 1135 187 74 Gabe
1389 1139 114 70 der
1549 1138 332 86 Dichtung
1920 1140 136 71 und
2088 1140 114 71 der
2232 1141 406 87 tiefsinnigen
2674 1143 174 71 Rede

613 1257 147 43 zum
810 1226 339 74 Geschenk
1182 1230 281 71 erhalten
1496 1230 141 73 hat:
1679 1233 64 70 in
1779 1232 387 72 Einsamkeit
2196 1233 175 72 redet
2401 1234 115 71 der
2546 1234 305 74 deutsche

616 1319 184 74 Geist
830 1322 137 70 und
1000 1322 221 71 sendet
1268 1322 223 82 „Fülle
1524 1326 111 69 der
1670 1324 310 87 goldenen
2015 1326 257 72 Worte“
2315 1328 105 80 „in
2455 1328 105 72 die
2592 1327 215 87 Gegen-

611 1412 127 71 den
769 1412 163 74 all“:

801 1507 194 71 Denn
1031 1505 123 73 fast
1186 1510 118 71 wie
1336 1508 113 73 der
1482 1508 316 88 Heiligen,

800 1600 127 71 Die
960 1600 251 71 Mutter
1244 1604 78 68 ist
1356 1632 125 42 von
1512 1602 207 83 allem,

800 1694 127 72 Die
957 1693 408 87 Verborgene
1395 1714 178 54 sonst
1605 1715 274 68 genannt
1914 1727 124 43 von
2072 1696 379 84 Menschen,

800 1785 90 71 So
922 1788 82 70 ist
1036 1817 127 41 von
1200 1788 242 71 Lieben
1474 1789 137 71 und
1644 1789 243 74 Leiden

801 1878 156 72 Und
990 1878 125 72 voll
1150 1910 125 42 von
1308 1879 363 89 Ahnungen
1703 1883 99 71 dir

801 1972 158 71 Und
992 1972 124 72 voll
1153 2002 122 42 von
1312 1973 269 73 Frieden
1613 1976 114 71 der
1759 1976 235 71 Busen.

705 2065 134 71 Das
870 2066 84 69 ist
984 2063 112 73 das
1126 2065 529 75 Auszeichnende
1685 2067 227 85 gerade
1944 2069 203 71 dieses
2189 2071 304 84 geistigen
2528 2070 279 71 Deutsch-

613 2156 147 74 land
802 2159 140 71 und
985 2159 103 70 die
1121 2157 438 88 Verkündung
1601 2160 117 71 der
1765 2192 206 42 neuen
2006 2161 162 83 Zeit,
2210 2162 128 73 daß
2385 2194 66 40 es
2500 2164 196 81 nicht,
2730 2165 118 71 wie

609 2249 107 72 die
740 2250 280 81 Staaten,
1056 2249 292 87 politisch
1380 2253 140 71 und
1550 2254 66 70 in
1644 2253 247 72 Waffen
1924 2254 310 81 starrend,
2269 2255 297 81 sondern,
2592 2259 120 69 wie
2735 2258 112 70 der

611 2343 269 71 Dichter
910 2362 155 67 sagt,

795 2437 292 71 Wehrlos
1121 2437 121 71 Rat
1274 2438 138 86 gibt
1441 2439 170 85 rings

796 2530 147 71 Den
980 2528 297 88 Königen
1309 2531 137 71 und
1478 2532 124 70 den
1635 2531 301 73 Völkern.

708 2621 72 71 In
824 2622 218 73 diesen
1091 2622 279 73 Stücken
1416 2625 80 68 ist
1542 2623 331 73 Hölderlin
1920 2627 103 70 ein
2056 2625 331 73 Vorläufer
2420 2626 256 72 Fichtes
2710 2629 136 71 und

608 2716 203 71 seiner
837 2716 132 70 vier
1002 2714 237 87 großen
1266 2715 377 74 Redekreise
1676 2745 112 45 vor
1818 2717 138 72 und
1987 2719 162 71 nach
2180 2720 157 84 Jena
2370 2749 125 42 von
2542 2720 170 71 1804
2748 2723 97 69 bis

618 2809 200 79 1808,
860 2808 138 71 und
1041 2810 104 69 ein
1178 2809 334 71 Vorläufer
1555 2809 115 72 der
1713 2809 274 84 Geister,
2033 2811 105 73 die
2180 2815 172 83 jetzt,
2397 2814 164 72 nach
2606 2813 239 73 diesem

612 2902 220 86 Krieg,
863 2930 262 43 unserm
1157 2902 166 72 Volk
1354 2903 179 71 nicht
1566 2903 213 72 fehlen
1812 2905 277 73 werden.

693 2994 71 70 In
796 2996 497 69 untrennbarem
1323 2994 554 88 Zusammenhang
1906 3001 117 66 mit
2052 2999 205 70 seiner
2287 2998 364 73 Sehnsucht
2683 3001 162 71 nach

607 3090 211 68 einem
867 3088 413 71 öffentlichen
1335 3090 218 69 Leben
1604 3091 112 70 der
1766 3091 350 71 Schönheit
2165 3093 136 70 und
2353 3093 276 70 Freiheit
2677 3095 169 70 steht

612 3181 367 71 Hölderlins
1016 3181 448 86 Liebesgefühl
1497 3184 136 69 und
1669 3184 549 72 Liebebedürfnis.
2279 3186 72 70 In
2384 3187 205 69 seiner
2621 3200 222 71 späten

614 3272 162 83 Zeit,
791 3274 89 70 als
904 3302 67 43 er
992 3275 134 70 sich
1149 3275 323 81 bemühte,
1483 3305 113 40 um
1618 3276 113 70 der
1751 3276 299 87 heutigen
2070 3279 136 70 und
2227 3280 240 84 ewigen
2481 3279 322 86 Lebendig-

613 3365 126 73 keit
777 3366 210 72 willen
1028 3366 105 72 die
1171 3368 430 84 griechischen
1644 3368 480 84 Götternamen,
2166 3389 150 52 statt
2354 3373 92 68 sie
2484 3372 87 69 als
2613 3399 192 44 unver-

609 3459 225 71 ändert
860 3477 195 53 starre
1082 3460 137 72 und
1243 3478 132 54 tote
1403 3460 429 87 Eigennamen
1860 3493 82 40 zu
1968 3463 455 81 übernehmen,
2453 3464 160 71 nach
2641 3464 202 71 ihrem

608 3552 362 71 sachlichen
1003 3552 163 71 Sinn
1197 3553 91 71 als
1323 3553 551 86 Gattungsnamen
1909 3557 64 69 in
2006 3584 192 44 unsre
2230 3556 281 86 Sprache
2542 3587 80 41 zu
2654 3557 152 71 über-

607 3664 216 52 setzen
857 3646 137 70 und
1026 3646 195 71 ihnen
1256 3676 72 41 so
1362 3647 406 73 erweckende
1802 3648 377 87 Bedeutung
2211 3650 104 71 für
2348 3680 119 41 uns
2503 3680 80 41 zu
2617 3650 225 85 geben,

607 3758 198 52 setzte
837 3766 67 44 er
936 3739 105 71 für
1070 3739 157 72 Eros
1261 3740 482 86 Friedensgeist,
1778 3741 184 71 Geist
1991 3742 114 71 der
2136 3742 218 73 Liebe.
2411 3744 141 69 Ihm
2583 3773 128 42 war
2739 3745 106 70 die

609 3831 200 71 Liebe
835 3834 106 68 ein
969 3831 185 73 Geist
1180 3834 111 70 des
1315 3833 414 72 öffentlichen
1757 3834 251 72 Lebens
2034 3836 136 71 und
2196 3867 148 40 vom
2372 3836 268 71 Frieden
2669 3838 174 69 nicht
