<?xml version="1.0" encoding="UTF-8"?>
<alto xmlns:xsi="http://www.w3.org/2001/XMLSchema-instance" xmlns="http://www.loc.gov/standards/alto/ns-v2#" xsi:schemaLocation="http://www.loc.gov/standards/alto/ns-v2# http://www.loc.gov/standards/alto/v2/alto-2-0.xsd" xmlns:xlink="http://www.w3.org/1999/xlink">
	<Description>
		<MeasurementUnit>mm10</MeasurementUnit>
		<sourceImageInformation>
			<fileName>./bmtnabr_1916-06_01_0005.jp2</fileName>
		</sourceImageInformation>
		<OCRProcessing ID="OCRPROCESSING_1">
			<preProcessingStep>
				<processingSoftware>
					<softwareCreator>CCS Content Conversion Specialists GmbH, Germany</softwareCreator>
					<softwareName>CCS docWorks</softwareName>
					<softwareVersion>6.8-1.27</softwareVersion>
				</processingSoftware>
			</preProcessingStep>
			<ocrProcessingStep>
				<processingSoftware>
					<softwareCreator>ABBYY (BIT Software), Russia</softwareCreator>
					<softwareName>FineReader</softwareName>
					<softwareVersion>11.0</softwareVersion>
				</processingSoftware>
			</ocrProcessingStep>
			<postProcessingStep>
				<processingSoftware>
					<softwareCreator>CCS Content Conversion Specialists GmbH, Germany</softwareCreator>
					<softwareName>CCS docWorks</softwareName>
					<softwareVersion>6.8-1.27</softwareVersion>
					<applicationDescription>docWorks: Text modified manually, or automatically replaced</applicationDescription>
				</processingSoftware>
			</postProcessingStep>
		</OCRProcessing>
	</Description>
	<Styles>
		<TextStyle ID="TXT_0" FONTSIZE="19" FONTFAMILY="Times New Roman" FONTSTYLE="bold italics"/>
		<TextStyle ID="TXT_1" FONTSIZE="10" FONTFAMILY="Times New Roman"/>
		<TextStyle ID="TXT_2" FONTSIZE="27" FONTFAMILY="Times New Roman"/>
		<TextStyle ID="TXT_3" FONTSIZE="24" FONTFAMILY="Times New Roman"/>
		<ParagraphStyle ID="PAR_LEFT" ALIGN="Left"/>
		<ParagraphStyle ID="PAR_RIGHT" ALIGN="Right"/>
	</Styles>
	<Layout>
		<Page ID="P5" PHYSICAL_IMG_NR="5" HEIGHT="4572" WIDTH="3271" PRINTED_IMG_NR="187" PC="0.966">
			<TopMargin ID="P5_TM00001" HPOS="0" VPOS="0" WIDTH="3271" HEIGHT="460">
				<TextBlock ID="P5_TB00001" HPOS="884" VPOS="401" WIDTH="1199" HEIGHT="54" STYLEREFS="TXT_0 PAR_LEFT">
					<TextLine ID="P5_TL00001" HPOS="885" VPOS="402" WIDTH="1198" HEIGHT="53">
						<String ID="P5_ST00001" HPOS="885" VPOS="404" WIDTH="198" HEIGHT="51" CONTENT="Gustav" WC="0.97" CC="556455"/>
						<SP ID="P5_SP00001" HPOS="1083" VPOS="455" WIDTH="28"/>
						<String ID="P5_ST00002" HPOS="1111" VPOS="404" WIDTH="286" HEIGHT="51" CONTENT="Landauer" WC="0.98" CC="07417647"/>
						<SP ID="P5_SP00002" HPOS="1397" VPOS="455" WIDTH="41"/>
						<String ID="P5_ST00003" HPOS="1438" VPOS="422" WIDTH="21" HEIGHT="22" CONTENT="♦" WC="0.75" CC="2" STYLEREFS="TXT_1"/>
						<SP ID="P5_SP00003" HPOS="1459" VPOS="455" WIDTH="33"/>
						<String ID="P5_ST00004" HPOS="1492" VPOS="402" WIDTH="280" HEIGHT="53" CONTENT="Friedrich" WC="0.98" CC="051765265"/>
						<SP ID="P5_SP00004" HPOS="1772" VPOS="455" WIDTH="26"/>
						<String ID="P5_ST00005" HPOS="1798" VPOS="402" WIDTH="285" HEIGHT="53" CONTENT="Hölderlin" WC="0.99" CC="300065015"/>
					</TextLine>
				</TextBlock>
				<TextBlock ID="P5_TB00002" HPOS="2490" VPOS="400" WIDTH="105" HEIGHT="57" STYLEREFS="TXT_2 PAR_RIGHT">
					<TextLine ID="P5_TL00002" HPOS="2490" VPOS="400" WIDTH="105" HEIGHT="57">
						<String ID="P5_ST00006" HPOS="2490" VPOS="400" WIDTH="105" HEIGHT="57" CONTENT="187" WC="1.00" CC="000"/>
					</TextLine>
				</TextBlock>
			</TopMargin>
			<LeftMargin ID="P5_LM00001" HPOS="0" VPOS="460" WIDTH="359" HEIGHT="3483"/>
			<RightMargin ID="P5_RM00001" HPOS="2595" VPOS="460" WIDTH="676" HEIGHT="3483"/>
			<BottomMargin ID="P5_BM00001" HPOS="0" VPOS="3943" WIDTH="3271" HEIGHT="629"/>
			<PrintSpace ID="P5_PS00001" HPOS="359" VPOS="460" WIDTH="2236" HEIGHT="3483">
				<TextBlock ID="P5_TB00003" HPOS="359" VPOS="601" WIDTH="2236" HEIGHT="3342" STYLEREFS="TXT_3 PAR_LEFT">
					<TextLine ID="P5_TL00003" HPOS="371" VPOS="602" WIDTH="2224" HEIGHT="89">
						<String ID="P5_ST00007" HPOS="371" VPOS="608" WIDTH="245" HEIGHT="70" CONTENT="kennen" WC="0.97" CC="056707"/>
						<SP ID="P5_SP00005" HPOS="616" VPOS="678" WIDTH="19"/>
						<String ID="P5_ST00008" HPOS="635" VPOS="604" WIDTH="206" HEIGHT="69" CONTENT="nichts" WC="0.98" CC="770700"/>
						<SP ID="P5_SP00006" HPOS="841" VPOS="678" WIDTH="22"/>
						<String ID="P5_ST00009" HPOS="863" VPOS="602" WIDTH="429" HEIGHT="72" CONTENT="Köstlicheres" WC="1.00" CC="400063070300"/>
						<SP ID="P5_SP00007" HPOS="1292" VPOS="678" WIDTH="25"/>
						<String ID="P5_ST00010" HPOS="1317" VPOS="603" WIDTH="89" HEIGHT="71" CONTENT="als" WC="0.94" CC="545"/>
						<SP ID="P5_SP00008" HPOS="1406" VPOS="678" WIDTH="28"/>
						<String ID="P5_ST00011" HPOS="1434" VPOS="606" WIDTH="102" HEIGHT="68" CONTENT="die" WC="0.94" CC="860"/>
						<SP ID="P5_SP00009" HPOS="1536" VPOS="678" WIDTH="26"/>
						<String ID="P5_ST00012" HPOS="1562" VPOS="634" WIDTH="158" HEIGHT="57" CONTENT="ganz" WC="0.99" CC="6000"/>
						<SP ID="P5_SP00010" HPOS="1720" VPOS="691" WIDTH="25"/>
						<String ID="P5_ST00013" HPOS="1745" VPOS="606" WIDTH="234" HEIGHT="83" CONTENT="positiv" WC="0.98" CC="0207470"/>
						<SP ID="P5_SP00011" HPOS="1979" VPOS="691" WIDTH="23"/>
						<String ID="P5_ST00014" HPOS="2002" VPOS="602" WIDTH="385" HEIGHT="71" CONTENT="anmutende" WC="0.99" CC="430600090"/>
						<SP ID="P5_SP00012" HPOS="2387" VPOS="691" WIDTH="25"/>
						<String ID="P5_ST00015" HPOS="2412" VPOS="602" WIDTH="183" HEIGHT="71" CONTENT="Ruhe" WC="0.99" CC="0600"/>
					</TextLine>
					<TextLine ID="P5_TL00004" HPOS="370" VPOS="695" WIDTH="2224" HEIGHT="87">
						<String ID="P5_ST00016" HPOS="370" VPOS="697" WIDTH="133" HEIGHT="74" CONTENT="und" WC="0.91" CC="779"/>
						<SP ID="P5_SP00013" HPOS="503" VPOS="771" WIDTH="9"/>
						<String ID="P5_ST00017" HPOS="512" VPOS="697" WIDTH="205" HEIGHT="70" CONTENT="sanfte" WC="0.98" CC="005730"/>
						<SP ID="P5_SP00014" HPOS="717" VPOS="771" WIDTH="12"/>
						<String ID="P5_ST00018" HPOS="729" VPOS="695" WIDTH="571" HEIGHT="87" CONTENT="Gleichmäßigkeit" WC="0.99" CC="475600000515043"/>
						<SP ID="P5_SP00015" HPOS="1300" VPOS="782" WIDTH="16"/>
						<String ID="P5_ST00019" HPOS="1316" VPOS="698" WIDTH="112" HEIGHT="69" CONTENT="der" WC="0.98" CC="005"/>
						<SP ID="P5_SP00016" HPOS="1428" VPOS="782" WIDTH="13"/>
						<String ID="P5_ST00020" HPOS="1441" VPOS="697" WIDTH="208" HEIGHT="71" CONTENT="Natur" WC="0.99" CC="00041"/>
						<SP ID="P5_SP00017" HPOS="1649" VPOS="782" WIDTH="20"/>
						<String ID="P5_ST00021" HPOS="1669" VPOS="697" WIDTH="163" HEIGHT="71" CONTENT="auch" WC="1.00" CC="0000"/>
						<SP ID="P5_SP00018" HPOS="1832" VPOS="782" WIDTH="18"/>
						<String ID="P5_ST00022" HPOS="1850" VPOS="700" WIDTH="64" HEIGHT="67" CONTENT="in" WC="0.48" CC="63"/>
						<SP ID="P5_SP00019" HPOS="1914" VPOS="782" WIDTH="27"/>
						<String ID="P5_ST00023" HPOS="1941" VPOS="696" WIDTH="178" HEIGHT="71" CONTENT="ihren" WC="0.99" CC="60030"/>
						<SP ID="P5_SP00020" HPOS="2119" VPOS="782" WIDTH="14"/>
						<String ID="P5_ST00024" HPOS="2133" VPOS="697" WIDTH="461" HEIGHT="84" CONTENT="Bewegungen." WC="1.00" CC="00000000001"/>
					</TextLine>
					<TextLine ID="P5_TL00005" HPOS="461" VPOS="787" WIDTH="2134" HEIGHT="89">
						<String ID="P5_ST00025" HPOS="461" VPOS="791" WIDTH="126" HEIGHT="70" CONTENT="Die" WC="0.96" CC="540"/>
						<SP ID="P5_SP00021" HPOS="587" VPOS="861" WIDTH="32"/>
						<String ID="P5_ST00026" HPOS="619" VPOS="790" WIDTH="495" HEIGHT="70" CONTENT="wundersamste" WC="1.00" CC="037006030300"/>
						<SP ID="P5_SP00022" HPOS="1114" VPOS="861" WIDTH="26"/>
						<String ID="P5_ST00027" HPOS="1140" VPOS="790" WIDTH="351" HEIGHT="86" CONTENT="Erfindung" WC="0.99" CC="300060760"/>
						<SP ID="P5_SP00023" HPOS="1491" VPOS="876" WIDTH="31"/>
						<String ID="P5_ST00028" HPOS="1522" VPOS="791" WIDTH="110" HEIGHT="70" CONTENT="des" WC="1.00" CC="000"/>
						<SP ID="P5_SP00024" HPOS="1632" VPOS="876" WIDTH="28"/>
						<String ID="P5_ST00029" HPOS="1660" VPOS="790" WIDTH="604" HEIGHT="85" CONTENT="Menschengeistes," WC="1.00" CC="0000000080500032"/>
						<SP ID="P5_SP00025" HPOS="2264" VPOS="876" WIDTH="36"/>
						<String ID="P5_ST00030" HPOS="2300" VPOS="787" WIDTH="158" HEIGHT="71" CONTENT="über" WC="0.98" CC="0700"/>
						<SP ID="P5_SP00026" HPOS="2458" VPOS="876" WIDTH="34"/>
						<String ID="P5_ST00031" HPOS="2492" VPOS="788" WIDTH="103" HEIGHT="70" CONTENT="die" WC="0.98" CC="060"/>
					</TextLine>
					<TextLine ID="P5_TL00006" HPOS="369" VPOS="881" WIDTH="2225" HEIGHT="83">
						<String ID="P5_ST00032" HPOS="369" VPOS="888" WIDTH="110" HEIGHT="67" CONTENT="wir" WC="0.96" CC="074"/>
						<SP ID="P5_SP00027" HPOS="479" VPOS="955" WIDTH="32"/>
						<String ID="P5_ST00033" HPOS="511" VPOS="885" WIDTH="66" HEIGHT="67" CONTENT="in" WC="0.85" CC="20"/>
						<SP ID="P5_SP00028" HPOS="577" VPOS="955" WIDTH="37"/>
						<String ID="P5_ST00034" HPOS="614" VPOS="884" WIDTH="225" HEIGHT="68" CONTENT="immer" WC="0.98" CC="60400"/>
						<SP ID="P5_SP00029" HPOS="839" VPOS="955" WIDTH="31"/>
						<String ID="P5_ST00035" HPOS="870" VPOS="900" WIDTH="290" HEIGHT="52" CONTENT="erneuter" WC="0.99" CC="04014003"/>
						<SP ID="P5_SP00030" HPOS="1160" VPOS="955" WIDTH="35"/>
						<String ID="P5_ST00036" HPOS="1195" VPOS="881" WIDTH="244" HEIGHT="73" CONTENT="Freude" WC="1.00" CC="100000"/>
						<SP ID="P5_SP00031" HPOS="1439" VPOS="955" WIDTH="33"/>
						<String ID="P5_ST00037" HPOS="1472" VPOS="904" WIDTH="286" HEIGHT="60" CONTENT="staunen," WC="1.00" CC="00000030"/>
						<SP ID="P5_SP00032" HPOS="1758" VPOS="964" WIDTH="34"/>
						<String ID="P5_ST00038" HPOS="1792" VPOS="885" WIDTH="80" HEIGHT="67" CONTENT="ist" WC="0.97" CC="700"/>
						<SP ID="P5_SP00033" HPOS="1872" VPOS="964" WIDTH="26"/>
						<String ID="P5_ST00039" HPOS="1898" VPOS="885" WIDTH="104" HEIGHT="69" CONTENT="die" WC="0.98" CC="060"/>
						<SP ID="P5_SP00034" HPOS="2002" VPOS="964" WIDTH="33"/>
						<String ID="P5_ST00040" HPOS="2035" VPOS="881" WIDTH="406" HEIGHT="79" CONTENT="Elektrizität," WC="1.00" CC="0400016060303"/>
						<SP ID="P5_SP00035" HPOS="2441" VPOS="964" WIDTH="37"/>
						<String ID="P5_ST00041" HPOS="2478" VPOS="881" WIDTH="116" HEIGHT="70" CONTENT="mit" WC="0.95" CC="273"/>
					</TextLine>
					<TextLine ID="P5_TL00007" HPOS="367" VPOS="974" WIDTH="2227" HEIGHT="86">
						<String ID="P5_ST00042" HPOS="367" VPOS="979" WIDTH="111" HEIGHT="69" CONTENT="der" WC="0.98" CC="005"/>
						<SP ID="P5_SP00036" HPOS="478" VPOS="1048" WIDTH="49"/>
						<String ID="P5_ST00043" HPOS="527" VPOS="978" WIDTH="112" HEIGHT="68" CONTENT="wir" WC="0.98" CC="060"/>
						<SP ID="P5_SP00037" HPOS="639" VPOS="1048" WIDTH="46"/>
						<String ID="P5_ST00044" HPOS="685" VPOS="1003" WIDTH="190" HEIGHT="42" CONTENT="unsre" WC="1.00" CC="00040"/>
						<SP ID="P5_SP00038" HPOS="875" VPOS="1048" WIDTH="65"/>
						<String ID="P5_ST00045" HPOS="940" VPOS="978" WIDTH="216" HEIGHT="81" CONTENT="eigene" WC="0.97" CC="563573"/>
						<SP ID="P5_SP00039" HPOS="1156" VPOS="1059" WIDTH="61"/>
						<String ID="P5_ST00046" HPOS="1217" VPOS="978" WIDTH="136" HEIGHT="70" CONTENT="und" WC="0.96" CC="370"/>
						<SP ID="P5_SP00040" HPOS="1353" VPOS="1059" WIDTH="46"/>
						<String ID="P5_ST00047" HPOS="1399" VPOS="976" WIDTH="111" HEIGHT="70" CONTENT="der" WC="0.98" CC="005"/>
						<SP ID="P5_SP00041" HPOS="1510" VPOS="1059" WIDTH="49"/>
						<String ID="P5_ST00048" HPOS="1559" VPOS="978" WIDTH="398" HEIGHT="82" CONTENT="gehemmten" WC="1.00" CC="000000000"/>
						<SP ID="P5_SP00042" HPOS="1957" VPOS="1060" WIDTH="59"/>
						<String ID="P5_ST00049" HPOS="2016" VPOS="975" WIDTH="207" HEIGHT="70" CONTENT="Natur" WC="0.99" CC="10040"/>
						<SP ID="P5_SP00043" HPOS="2223" VPOS="1060" WIDTH="48"/>
						<String ID="P5_ST00050" HPOS="2271" VPOS="974" WIDTH="323" HEIGHT="71" CONTENT="lärmende" WC="0.99" CC="60000490"/>
					</TextLine>
					<TextLine ID="P5_TL00008" HPOS="366" VPOS="1067" WIDTH="2225" HEIGHT="89">
						<String ID="P5_ST00051" HPOS="366" VPOS="1069" WIDTH="380" HEIGHT="71" CONTENT="schießende" WC="1.00" CC="0607000000"/>
						<SP ID="P5_SP00044" HPOS="746" VPOS="1140" WIDTH="29"/>
						<String ID="P5_ST00052" HPOS="775" VPOS="1068" WIDTH="184" HEIGHT="71" CONTENT="Kraft" WC="0.97" CC="40465"/>
						<SP ID="P5_SP00045" HPOS="959" VPOS="1140" WIDTH="27"/>
						<String ID="P5_ST00053" HPOS="986" VPOS="1069" WIDTH="229" HEIGHT="71" CONTENT="wieder" WC="0.99" CC="000006"/>
						<SP ID="P5_SP00046" HPOS="1215" VPOS="1140" WIDTH="34"/>
						<String ID="P5_ST00054" HPOS="1249" VPOS="1073" WIDTH="63" HEIGHT="66" CONTENT="in" WC="0.69" CC="60"/>
						<SP ID="P5_SP00047" HPOS="1312" VPOS="1140" WIDTH="28"/>
						<String ID="P5_ST00055" HPOS="1340" VPOS="1072" WIDTH="139" HEIGHT="67" CONTENT="eine" WC="0.99" CC="0600"/>
						<SP ID="P5_SP00048" HPOS="1479" VPOS="1140" WIDTH="24"/>
						<String ID="P5_ST00056" HPOS="1503" VPOS="1070" WIDTH="396" HEIGHT="86" CONTENT="schweigend" WC="1.00" CC="0000060070"/>
						<SP ID="P5_SP00049" HPOS="1899" VPOS="1156" WIDTH="27"/>
						<String ID="P5_ST00057" HPOS="1926" VPOS="1067" WIDTH="400" HEIGHT="87" CONTENT="gesammelte" WC="1.00" CC="0300000600"/>
						<SP ID="P5_SP00050" HPOS="2326" VPOS="1156" WIDTH="25"/>
						<String ID="P5_ST00058" HPOS="2351" VPOS="1067" WIDTH="200" HEIGHT="71" CONTENT="Natur" SUBS_TYPE="HypPart1" SUBS_CONTENT="Naturpotenz" WC="1.00" CC="00010"/>
						<HYP HPOS="2551" VPOS="1067" WIDTH="40" CONTENT="-"/>
					</TextLine>
					<TextLine ID="P5_TL00009" HPOS="369" VPOS="1159" WIDTH="2222" HEIGHT="89">
						<String ID="P5_ST00059" HPOS="369" VPOS="1182" WIDTH="230" HEIGHT="66" CONTENT="potenz" SUBS_TYPE="HypPart2" SUBS_CONTENT="Naturpotenz" WC="0.99" CC="660000"/>
						<SP ID="P5_SP00051" HPOS="599" VPOS="1248" WIDTH="31"/>
						<String ID="P5_ST00060" HPOS="630" VPOS="1162" WIDTH="442" HEIGHT="85" CONTENT="aufspeichern" WC="0.99" CC="057360400077"/>
						<SP ID="P5_SP00052" HPOS="1072" VPOS="1248" WIDTH="33"/>
						<String ID="P5_ST00061" HPOS="1105" VPOS="1163" WIDTH="135" HEIGHT="69" CONTENT="und" WC="0.97" CC="070"/>
						<SP ID="P5_SP00053" HPOS="1240" VPOS="1248" WIDTH="34"/>
						<String ID="P5_ST00062" HPOS="1274" VPOS="1164" WIDTH="65" HEIGHT="66" CONTENT="in" WC="0.94" CC="10"/>
						<SP ID="P5_SP00054" HPOS="1339" VPOS="1248" WIDTH="34"/>
						<String ID="P5_ST00063" HPOS="1373" VPOS="1162" WIDTH="170" HEIGHT="70" CONTENT="edler" WC="1.00" CC="00000"/>
						<SP ID="P5_SP00055" HPOS="1543" VPOS="1248" WIDTH="28"/>
						<String ID="P5_ST00064" HPOS="1571" VPOS="1162" WIDTH="177" HEIGHT="71" CONTENT="Stille" WC="0.99" CC="005160"/>
						<SP ID="P5_SP00056" HPOS="1748" VPOS="1248" WIDTH="33"/>
						<String ID="P5_ST00065" HPOS="1781" VPOS="1162" WIDTH="439" HEIGHT="85" CONTENT="fortpflanzen." WC="1.00" CC="5000000000001"/>
						<SP ID="P5_SP00057" HPOS="2220" VPOS="1248" WIDTH="50"/>
						<String ID="P5_ST00066" HPOS="2270" VPOS="1162" WIDTH="127" HEIGHT="70" CONTENT="Die" WC="0.97" CC="610"/>
						<SP ID="P5_SP00058" HPOS="2397" VPOS="1248" WIDTH="21"/>
						<String ID="P5_ST00067" HPOS="2418" VPOS="1159" WIDTH="130" HEIGHT="71" CONTENT="Aus" SUBS_TYPE="HypPart1" SUBS_CONTENT="Ausnahmen" WC="0.98" CC="060"/>
						<HYP HPOS="2548" VPOS="1159" WIDTH="43" CONTENT="-"/>
					</TextLine>
					<TextLine ID="P5_TL00010" HPOS="369" VPOS="1253" WIDTH="2218" HEIGHT="87">
						<String ID="P5_ST00068" HPOS="369" VPOS="1257" WIDTH="271" HEIGHT="69" CONTENT="nahmen" SUBS_TYPE="HypPart2" SUBS_CONTENT="Ausnahmen" WC="0.98" CC="740067"/>
						<SP ID="P5_SP00059" HPOS="640" VPOS="1326" WIDTH="51"/>
						<String ID="P5_ST00069" HPOS="691" VPOS="1257" WIDTH="65" HEIGHT="67" CONTENT="in" WC="0.48" CC="36"/>
						<SP ID="P5_SP00060" HPOS="756" VPOS="1326" WIDTH="44"/>
						<String ID="P5_ST00070" HPOS="800" VPOS="1255" WIDTH="114" HEIGHT="69" CONTENT="der" WC="0.98" CC="005"/>
						<SP ID="P5_SP00061" HPOS="914" VPOS="1326" WIDTH="38"/>
						<String ID="P5_ST00071" HPOS="952" VPOS="1255" WIDTH="227" HEIGHT="80" CONTENT="Natur," WC="0.99" CC="000453"/>
						<SP ID="P5_SP00062" HPOS="1179" VPOS="1335" WIDTH="33"/>
						<String ID="P5_ST00072" HPOS="1212" VPOS="1256" WIDTH="119" HEIGHT="70" CONTENT="wie" WC="1.00" CC="000"/>
						<SP ID="P5_SP00063" HPOS="1331" VPOS="1335" WIDTH="37"/>
						<String ID="P5_ST00073" HPOS="1368" VPOS="1253" WIDTH="305" HEIGHT="73" CONTENT="Gewitter" WC="0.99" CC="11061006"/>
						<SP ID="P5_SP00064" HPOS="1673" VPOS="1335" WIDTH="41"/>
						<String ID="P5_ST00074" HPOS="1714" VPOS="1256" WIDTH="134" HEIGHT="68" CONTENT="und" WC="0.97" CC="070"/>
						<SP ID="P5_SP00065" HPOS="1848" VPOS="1335" WIDTH="36"/>
						<String ID="P5_ST00075" HPOS="1884" VPOS="1255" WIDTH="413" HEIGHT="85" CONTENT="Eruptionen," WC="1.00" CC="03200500050"/>
						<SP ID="P5_SP00066" HPOS="2297" VPOS="1340" WIDTH="35"/>
						<String ID="P5_ST00076" HPOS="2332" VPOS="1253" WIDTH="255" HEIGHT="71" CONTENT="werden" WC="1.00" CC="000000"/>
					</TextLine>
					<TextLine ID="P5_TL00011" HPOS="367" VPOS="1346" WIDTH="2220" HEIGHT="81">
						<String ID="P5_ST00077" HPOS="367" VPOS="1349" WIDTH="143" HEIGHT="72" CONTENT="sehr" WC="0.99" CC="0004"/>
						<SP ID="P5_SP00067" HPOS="510" VPOS="1421" WIDTH="26"/>
						<String ID="P5_ST00078" HPOS="536" VPOS="1347" WIDTH="238" HEIGHT="71" CONTENT="lebhaft" WC="0.98" CC="6170060"/>
						<SP ID="P5_SP00068" HPOS="774" VPOS="1421" WIDTH="24"/>
						<String ID="P5_ST00079" HPOS="798" VPOS="1347" WIDTH="88" HEIGHT="71" CONTENT="als" WC="1.00" CC="000"/>
						<SP ID="P5_SP00069" HPOS="886" VPOS="1421" WIDTH="12"/>
						<String ID="P5_ST00080" HPOS="898" VPOS="1347" WIDTH="435" HEIGHT="80" CONTENT="Ausnahmen," WC="0.99" CC="0406000033"/>
						<SP ID="P5_SP00070" HPOS="1333" VPOS="1427" WIDTH="26"/>
						<String ID="P5_ST00081" HPOS="1359" VPOS="1349" WIDTH="87" HEIGHT="69" CONTENT="als" WC="0.99" CC="010"/>
						<SP ID="P5_SP00071" HPOS="1446" VPOS="1427" WIDTH="26"/>
						<String ID="P5_ST00082" HPOS="1472" VPOS="1351" WIDTH="139" HEIGHT="67" CONTENT="eine" WC="0.99" CC="0600"/>
						<SP ID="P5_SP00072" HPOS="1611" VPOS="1427" WIDTH="21"/>
						<String ID="P5_ST00083" HPOS="1632" VPOS="1346" WIDTH="117" HEIGHT="71" CONTENT="Art" WC="0.99" CC="030"/>
						<SP ID="P5_SP00073" HPOS="1749" VPOS="1427" WIDTH="18"/>
						<String ID="P5_ST00084" HPOS="1767" VPOS="1347" WIDTH="414" HEIGHT="71" CONTENT="Knalleffekte" WC="1.00" CC="000030770000"/>
						<SP ID="P5_SP00074" HPOS="2181" VPOS="1427" WIDTH="20"/>
						<String ID="P5_ST00085" HPOS="2201" VPOS="1349" WIDTH="137" HEIGHT="69" CONTENT="und" WC="0.98" CC="600"/>
						<SP ID="P5_SP00075" HPOS="2338" VPOS="1427" WIDTH="17"/>
						<String ID="P5_ST00086" HPOS="2355" VPOS="1347" WIDTH="194" HEIGHT="70" CONTENT="Feuer" SUBS_TYPE="HypPart1" SUBS_CONTENT="Feuerwerke" WC="0.98" CC="40605"/>
						<HYP HPOS="2549" VPOS="1347" WIDTH="38" CONTENT="-"/>
					</TextLine>
					<TextLine ID="P5_TL00012" HPOS="367" VPOS="1439" WIDTH="2217" HEIGHT="86">
						<String ID="P5_ST00087" HPOS="367" VPOS="1441" WIDTH="201" HEIGHT="73" CONTENT="werke" SUBS_TYPE="HypPart2" SUBS_CONTENT="Feuerwerke" WC="1.00" CC="00000"/>
						<SP ID="P5_SP00076" HPOS="568" VPOS="1514" WIDTH="45"/>
						<String ID="P5_ST00088" HPOS="613" VPOS="1441" WIDTH="111" HEIGHT="70" CONTENT="der" WC="1.00" CC="000"/>
						<SP ID="P5_SP00077" HPOS="724" VPOS="1514" WIDTH="42"/>
						<String ID="P5_ST00089" HPOS="766" VPOS="1441" WIDTH="207" HEIGHT="70" CONTENT="Natur" WC="0.99" CC="04040"/>
						<SP ID="P5_SP00078" HPOS="973" VPOS="1514" WIDTH="48"/>
						<String ID="P5_ST00090" HPOS="1021" VPOS="1440" WIDTH="416" HEIGHT="85" CONTENT="empfunden," WC="1.00" CC="0007010200"/>
						<SP ID="P5_SP00079" HPOS="1437" VPOS="1525" WIDTH="33"/>
						<String ID="P5_ST00091" HPOS="1470" VPOS="1443" WIDTH="133" HEIGHT="67" CONTENT="und" WC="0.99" CC="200"/>
						<SP ID="P5_SP00080" HPOS="1603" VPOS="1525" WIDTH="33"/>
						<String ID="P5_ST00092" HPOS="1636" VPOS="1468" WIDTH="191" HEIGHT="42" CONTENT="unsre" WC="0.98" CC="60050"/>
						<SP ID="P5_SP00081" HPOS="1827" VPOS="1525" WIDTH="28"/>
						<String ID="P5_ST00093" HPOS="1855" VPOS="1439" WIDTH="510" HEIGHT="86" CONTENT="Empfindungen" WC="1.00" CC="300005070002"/>
						<SP ID="P5_SP00082" HPOS="2365" VPOS="1525" WIDTH="32"/>
						<String ID="P5_ST00094" HPOS="2397" VPOS="1440" WIDTH="187" HEIGHT="70" CONTENT="dabei" WC="0.98" CC="00707"/>
					</TextLine>
					<TextLine ID="P5_TL00013" HPOS="365" VPOS="1530" WIDTH="2219" HEIGHT="81">
						<String ID="P5_ST00095" HPOS="365" VPOS="1535" WIDTH="143" HEIGHT="70" CONTENT="sind" WC="0.97" CC="0470"/>
						<SP ID="P5_SP00083" HPOS="508" VPOS="1605" WIDTH="18"/>
						<String ID="P5_ST00096" HPOS="526" VPOS="1533" WIDTH="394" HEIGHT="71" CONTENT="schreckhaft" WC="0.99" CC="00700007070"/>
						<SP ID="P5_SP00084" HPOS="920" VPOS="1605" WIDTH="19"/>
						<String ID="P5_ST00097" HPOS="939" VPOS="1534" WIDTH="152" HEIGHT="70" CONTENT="oder" WC="0.99" CC="0003"/>
						<SP ID="P5_SP00085" HPOS="1091" VPOS="1605" WIDTH="18"/>
						<String ID="P5_ST00098" HPOS="1109" VPOS="1534" WIDTH="274" HEIGHT="77" CONTENT="forciert," WC="0.99" CC="654000101"/>
						<SP ID="P5_SP00086" HPOS="1383" VPOS="1611" WIDTH="17"/>
						<String ID="P5_ST00099" HPOS="1400" VPOS="1534" WIDTH="162" HEIGHT="69" CONTENT="auch" WC="0.98" CC="0530"/>
						<SP ID="P5_SP00087" HPOS="1562" VPOS="1611" WIDTH="18"/>
						<String ID="P5_ST00100" HPOS="1580" VPOS="1563" WIDTH="182" HEIGHT="41" CONTENT="wenn" WC="0.98" CC="0046"/>
						<SP ID="P5_SP00088" HPOS="1762" VPOS="1611" WIDTH="16"/>
						<String ID="P5_ST00101" HPOS="1778" VPOS="1563" WIDTH="120" HEIGHT="40" CONTENT="uns" WC="1.00" CC="000"/>
						<SP ID="P5_SP00089" HPOS="1898" VPOS="1611" WIDTH="20"/>
						<String ID="P5_ST00102" HPOS="1918" VPOS="1533" WIDTH="177" HEIGHT="70" CONTENT="keine" WC="0.99" CC="00500"/>
						<SP ID="P5_SP00090" HPOS="2095" VPOS="1611" WIDTH="20"/>
						<String ID="P5_ST00103" HPOS="2115" VPOS="1530" WIDTH="240" HEIGHT="74" CONTENT="Gefahr" WC="0.99" CC="006003"/>
						<SP ID="P5_SP00091" HPOS="2355" VPOS="1611" WIDTH="18"/>
						<String ID="P5_ST00104" HPOS="2373" VPOS="1533" WIDTH="211" HEIGHT="71" CONTENT="droht." WC="0.99" CC="020003"/>
					</TextLine>
					<TextLine ID="P5_TL00014" HPOS="456" VPOS="1624" WIDTH="2125" HEIGHT="73">
						<String ID="P5_ST00105" HPOS="456" VPOS="1627" WIDTH="112" HEIGHT="70" CONTENT="Als" WC="1.00" CC="000"/>
						<SP ID="P5_SP00092" HPOS="568" VPOS="1697" WIDTH="34"/>
						<String ID="P5_ST00106" HPOS="602" VPOS="1629" WIDTH="140" HEIGHT="68" CONTENT="eine" WC="0.98" CC="0610"/>
						<SP ID="P5_SP00093" HPOS="742" VPOS="1697" WIDTH="27"/>
						<String ID="P5_ST00107" HPOS="769" VPOS="1627" WIDTH="207" HEIGHT="70" CONTENT="Natur" WC="0.99" CC="00006"/>
						<SP ID="P5_SP00094" HPOS="976" VPOS="1697" WIDTH="34"/>
						<String ID="P5_ST00108" HPOS="1010" VPOS="1625" WIDTH="165" HEIGHT="72" CONTENT="steht" WC="1.00" CC="00000"/>
						<SP ID="P5_SP00095" HPOS="1175" VPOS="1697" WIDTH="36"/>
						<String ID="P5_ST00109" HPOS="1211" VPOS="1625" WIDTH="324" HEIGHT="70" CONTENT="Friedrich" WC="1.00" CC="250005000"/>
						<SP ID="P5_SP00096" HPOS="1535" VPOS="1697" WIDTH="26"/>
						<String ID="P5_ST00110" HPOS="1561" VPOS="1625" WIDTH="329" HEIGHT="70" CONTENT="Hölderlin" WC="0.99" CC="033000536"/>
						<SP ID="P5_SP00097" HPOS="1890" VPOS="1697" WIDTH="51"/>
						<String ID="P5_ST00111" HPOS="1941" VPOS="1628" WIDTH="63" HEIGHT="67" CONTENT="in" WC="0.66" CC="60"/>
						<SP ID="P5_SP00098" HPOS="2004" VPOS="1697" WIDTH="39"/>
						<String ID="P5_ST00112" HPOS="2043" VPOS="1627" WIDTH="110" HEIGHT="70" CONTENT="der" WC="0.99" CC="020"/>
						<SP ID="P5_SP00099" HPOS="2153" VPOS="1697" WIDTH="37"/>
						<String ID="P5_ST00113" HPOS="2190" VPOS="1624" WIDTH="391" HEIGHT="73" CONTENT="natürlichen" WC="1.00" CC="00003060005"/>
					</TextLine>
					<TextLine ID="P5_TL00015" HPOS="365" VPOS="1718" WIDTH="2217" HEIGHT="81">
						<String ID="P5_ST00114" HPOS="365" VPOS="1722" WIDTH="188" HEIGHT="69" CONTENT="Welt." WC="0.97" CC="65404"/>
						<SP ID="P5_SP00100" HPOS="553" VPOS="1791" WIDTH="44"/>
						<String ID="P5_ST00115" HPOS="597" VPOS="1721" WIDTH="132" HEIGHT="70" CONTENT="Das" WC="1.00" CC="000"/>
						<SP ID="P5_SP00101" HPOS="729" VPOS="1791" WIDTH="36"/>
						<String ID="P5_ST00116" HPOS="765" VPOS="1719" WIDTH="164" HEIGHT="80" CONTENT="Bild," WC="0.99" CC="00103"/>
						<SP ID="P5_SP00102" HPOS="929" VPOS="1799" WIDTH="34"/>
						<String ID="P5_ST00117" HPOS="963" VPOS="1719" WIDTH="112" HEIGHT="70" CONTENT="das" WC="1.00" CC="000"/>
						<SP ID="P5_SP00103" HPOS="1075" VPOS="1799" WIDTH="32"/>
						<String ID="P5_ST00118" HPOS="1107" VPOS="1747" WIDTH="66" HEIGHT="42" CONTENT="er" WC="1.00" CC="00"/>
						<SP ID="P5_SP00104" HPOS="1173" VPOS="1799" WIDTH="45"/>
						<String ID="P5_ST00119" HPOS="1218" VPOS="1721" WIDTH="224" HEIGHT="67" CONTENT="immer" WC="0.99" CC="00006"/>
						<SP ID="P5_SP00105" HPOS="1442" VPOS="1799" WIDTH="33"/>
						<String ID="P5_ST00120" HPOS="1475" VPOS="1719" WIDTH="230" HEIGHT="70" CONTENT="wieder" WC="1.00" CC="000010"/>
						<SP ID="P5_SP00106" HPOS="1705" VPOS="1799" WIDTH="31"/>
						<String ID="P5_ST00121" HPOS="1736" VPOS="1719" WIDTH="192" HEIGHT="69" CONTENT="selbst" WC="0.99" CC="005700"/>
						<SP ID="P5_SP00107" HPOS="1928" VPOS="1799" WIDTH="45"/>
						<String ID="P5_ST00122" HPOS="1973" VPOS="1718" WIDTH="101" HEIGHT="70" CONTENT="für" WC="0.97" CC="602"/>
						<SP ID="P5_SP00108" HPOS="2074" VPOS="1799" WIDTH="45"/>
						<String ID="P5_ST00123" HPOS="2119" VPOS="1719" WIDTH="132" HEIGHT="70" CONTENT="sich" WC="0.98" CC="0007"/>
						<SP ID="P5_SP00109" HPOS="2251" VPOS="1799" WIDTH="32"/>
						<String ID="P5_ST00124" HPOS="2283" VPOS="1718" WIDTH="175" HEIGHT="78" CONTENT="fand," WC="0.99" CC="60300"/>
						<SP ID="P5_SP00110" HPOS="2458" VPOS="1799" WIDTH="43"/>
						<String ID="P5_ST00125" HPOS="2501" VPOS="1721" WIDTH="81" HEIGHT="67" CONTENT="ist" WC="0.98" CC="600"/>
					</TextLine>
					<TextLine ID="P5_TL00016" HPOS="365" VPOS="1808" WIDTH="2216" HEIGHT="84">
						<String ID="P5_ST00126" HPOS="365" VPOS="1815" WIDTH="109" HEIGHT="68" CONTENT="das" WC="1.00" CC="000"/>
						<SP ID="P5_SP00111" HPOS="474" VPOS="1883" WIDTH="28"/>
						<String ID="P5_ST00127" HPOS="502" VPOS="1815" WIDTH="108" HEIGHT="69" CONTENT="des" WC="1.00" CC="000"/>
						<SP ID="P5_SP00112" HPOS="610" VPOS="1884" WIDTH="27"/>
						<String ID="P5_ST00128" HPOS="637" VPOS="1813" WIDTH="359" HEIGHT="70" CONTENT="fließenden" WC="1.00" CC="0065000040"/>
						<SP ID="P5_SP00113" HPOS="996" VPOS="1884" WIDTH="28"/>
						<String ID="P5_ST00129" HPOS="1024" VPOS="1812" WIDTH="301" HEIGHT="80" CONTENT="Wassers," WC="0.99" CC="50000503"/>
						<SP ID="P5_SP00114" HPOS="1325" VPOS="1892" WIDTH="28"/>
						<String ID="P5_ST00130" HPOS="1353" VPOS="1812" WIDTH="110" HEIGHT="69" CONTENT="des" WC="0.99" CC="030"/>
						<SP ID="P5_SP00115" HPOS="1463" VPOS="1892" WIDTH="27"/>
						<String ID="P5_ST00131" HPOS="1490" VPOS="1812" WIDTH="351" HEIGHT="70" CONTENT="rinnenden" WC="1.00" CC="530000000"/>
						<SP ID="P5_SP00116" HPOS="1841" VPOS="1892" WIDTH="29"/>
						<String ID="P5_ST00132" HPOS="1870" VPOS="1811" WIDTH="274" HEIGHT="71" CONTENT="Lichtes." WC="1.00" CC="06000000"/>
						<SP ID="P5_SP00117" HPOS="2144" VPOS="1892" WIDTH="48"/>
						<String ID="P5_ST00133" HPOS="2192" VPOS="1811" WIDTH="130" HEIGHT="70" CONTENT="Das" WC="1.00" CC="000"/>
						<SP ID="P5_SP00118" HPOS="2322" VPOS="1892" WIDTH="28"/>
						<String ID="P5_ST00134" HPOS="2350" VPOS="1808" WIDTH="231" HEIGHT="71" CONTENT="Gesetz" WC="1.00" CC="000000"/>
					</TextLine>
					<TextLine ID="P5_TL00017" HPOS="364" VPOS="1902" WIDTH="2217" HEIGHT="75">
						<String ID="P5_ST00135" HPOS="364" VPOS="1907" WIDTH="110" HEIGHT="70" CONTENT="des" WC="1.00" CC="000"/>
						<SP ID="P5_SP00119" HPOS="474" VPOS="1977" WIDTH="29"/>
						<String ID="P5_ST00136" HPOS="503" VPOS="1906" WIDTH="215" HEIGHT="70" CONTENT="Hinab" WC="0.98" CC="06307"/>
						<SP ID="P5_SP00120" HPOS="718" VPOS="1977" WIDTH="51"/>
						<String ID="P5_ST00137" HPOS="769" VPOS="1907" WIDTH="207" HEIGHT="70" CONTENT="waltet" WC="1.00" CC="005000"/>
						<SP ID="P5_SP00121" HPOS="976" VPOS="1977" WIDTH="44"/>
						<String ID="P5_ST00138" HPOS="1020" VPOS="1905" WIDTH="158" HEIGHT="70" CONTENT="über" WC="1.00" CC="0000"/>
						<SP ID="P5_SP00122" HPOS="1178" VPOS="1977" WIDTH="47"/>
						<String ID="P5_ST00139" HPOS="1225" VPOS="1906" WIDTH="237" HEIGHT="69" CONTENT="seinem" WC="1.00" CC="000000"/>
						<SP ID="P5_SP00123" HPOS="1462" VPOS="1977" WIDTH="43"/>
						<String ID="P5_ST00140" HPOS="1505" VPOS="1905" WIDTH="216" HEIGHT="68" CONTENT="Leben" WC="0.99" CC="00006"/>
						<SP ID="P5_SP00124" HPOS="1721" VPOS="1977" WIDTH="46"/>
						<String ID="P5_ST00141" HPOS="1767" VPOS="1906" WIDTH="118" HEIGHT="67" CONTENT="wie" WC="0.97" CC="060"/>
						<SP ID="P5_SP00125" HPOS="1885" VPOS="1977" WIDTH="43"/>
						<String ID="P5_ST00142" HPOS="1928" VPOS="1905" WIDTH="65" HEIGHT="67" CONTENT="in" WC="0.74" CC="50"/>
						<SP ID="P5_SP00126" HPOS="1993" VPOS="1977" WIDTH="44"/>
						<String ID="P5_ST00143" HPOS="2037" VPOS="1902" WIDTH="147" HEIGHT="71" CONTENT="dem" WC="0.96" CC="900"/>
						<SP ID="P5_SP00127" HPOS="2184" VPOS="1977" WIDTH="34"/>
						<String ID="P5_ST00144" HPOS="2218" VPOS="1902" WIDTH="115" HEIGHT="71" CONTENT="Stil" WC="0.99" CC="0013"/>
						<SP ID="P5_SP00128" HPOS="2333" VPOS="1977" WIDTH="46"/>
						<String ID="P5_ST00145" HPOS="2379" VPOS="1905" WIDTH="202" HEIGHT="67" CONTENT="seiner" WC="1.00" CC="006000"/>
					</TextLine>
					<TextLine ID="P5_TL00018" HPOS="365" VPOS="2000" WIDTH="432" HEIGHT="84">
						<String ID="P5_ST00146" HPOS="365" VPOS="2000" WIDTH="432" HEIGHT="84" CONTENT="Dichtungen." WC="0.99" CC="04370278000"/>
					</TextLine>
					<TextLine ID="P5_TL00019" HPOS="459" VPOS="2089" WIDTH="2123" HEIGHT="84">
						<String ID="P5_ST00147" HPOS="459" VPOS="2093" WIDTH="183" HEIGHT="70" CONTENT="Geist" WC="0.99" CC="01600"/>
						<SP ID="P5_SP00129" HPOS="642" VPOS="2163" WIDTH="26"/>
						<String ID="P5_ST00148" HPOS="668" VPOS="2094" WIDTH="65" HEIGHT="67" CONTENT="in" WC="0.69" CC="60"/>
						<SP ID="P5_SP00130" HPOS="733" VPOS="2163" WIDTH="19"/>
						<String ID="P5_ST00149" HPOS="752" VPOS="2092" WIDTH="207" HEIGHT="69" CONTENT="Natur" WC="1.00" CC="00020"/>
						<SP ID="P5_SP00131" HPOS="959" VPOS="2163" WIDTH="27"/>
						<String ID="P5_ST00150" HPOS="986" VPOS="2121" WIDTH="76" HEIGHT="40" CONTENT="zu" WC="1.00" CC="00"/>
						<SP ID="P5_SP00132" HPOS="1062" VPOS="2163" WIDTH="22"/>
						<String ID="P5_ST00151" HPOS="1084" VPOS="2089" WIDTH="416" HEIGHT="81" CONTENT="verwandeln," WC="1.00" CC="00500200533"/>
						<SP ID="P5_SP00133" HPOS="1500" VPOS="2170" WIDTH="24"/>
						<String ID="P5_ST00152" HPOS="1524" VPOS="2092" WIDTH="82" HEIGHT="67" CONTENT="ist" WC="0.99" CC="300"/>
						<SP ID="P5_SP00134" HPOS="1606" VPOS="2170" WIDTH="25"/>
						<String ID="P5_ST00153" HPOS="1631" VPOS="2089" WIDTH="111" HEIGHT="71" CONTENT="das" WC="1.00" CC="000"/>
						<SP ID="P5_SP00135" HPOS="1742" VPOS="2170" WIDTH="20"/>
						<String ID="P5_ST00154" HPOS="1762" VPOS="2090" WIDTH="377" HEIGHT="76" CONTENT="Schwerste;" WC="1.00" CC="0000000006"/>
						<SP ID="P5_SP00136" HPOS="2139" VPOS="2170" WIDTH="28"/>
						<String ID="P5_ST00155" HPOS="2167" VPOS="2089" WIDTH="133" HEIGHT="69" CONTENT="und" WC="0.98" CC="400"/>
						<SP ID="P5_SP00137" HPOS="2300" VPOS="2170" WIDTH="23"/>
						<String ID="P5_ST00156" HPOS="2323" VPOS="2118" WIDTH="131" HEIGHT="40" CONTENT="nun" WC="0.98" CC="040"/>
						<SP ID="P5_SP00138" HPOS="2454" VPOS="2170" WIDTH="23"/>
						<String ID="P5_ST00157" HPOS="2477" VPOS="2116" WIDTH="105" HEIGHT="57" CONTENT="gar" WC="0.98" CC="050"/>
					</TextLine>
					<TextLine ID="P5_TL00020" HPOS="364" VPOS="2179" WIDTH="2218" HEIGHT="83">
						<String ID="P5_ST00158" HPOS="364" VPOS="2187" WIDTH="63" HEIGHT="67" CONTENT="in" WC="0.39" CC="75"/>
						<SP ID="P5_SP00139" HPOS="427" VPOS="2254" WIDTH="28"/>
						<String ID="P5_ST00159" HPOS="455" VPOS="2184" WIDTH="255" HEIGHT="71" CONTENT="solchen" WC="1.00" CC="0020000"/>
						<SP ID="P5_SP00140" HPOS="710" VPOS="2255" WIDTH="31"/>
						<String ID="P5_ST00160" HPOS="741" VPOS="2183" WIDTH="218" HEIGHT="71" CONTENT="Zeiten" WC="0.99" CC="001005"/>
						<SP ID="P5_SP00141" HPOS="959" VPOS="2255" WIDTH="28"/>
						<String ID="P5_ST00161" HPOS="987" VPOS="2185" WIDTH="118" HEIGHT="70" CONTENT="wie" WC="1.00" CC="000"/>
						<SP ID="P5_SP00142" HPOS="1105" VPOS="2255" WIDTH="18"/>
						<String ID="P5_ST00162" HPOS="1123" VPOS="2183" WIDTH="126" HEIGHT="70" CONTENT="den" WC="1.00" CC="000"/>
						<SP ID="P5_SP00143" HPOS="1249" VPOS="2255" WIDTH="18"/>
						<String ID="P5_ST00163" HPOS="1267" VPOS="2184" WIDTH="238" HEIGHT="78" CONTENT="seinen," WC="1.00" CC="0000000"/>
						<SP ID="P5_SP00144" HPOS="1505" VPOS="2262" WIDTH="24"/>
						<String ID="P5_ST00164" HPOS="1529" VPOS="2182" WIDTH="102" HEIGHT="70" CONTENT="die" WC="1.00" CC="000"/>
						<SP ID="P5_SP00145" HPOS="1631" VPOS="2262" WIDTH="18"/>
						<String ID="P5_ST00165" HPOS="1649" VPOS="2182" WIDTH="103" HEIGHT="70" CONTENT="die" WC="0.95" CC="066"/>
						<SP ID="P5_SP00146" HPOS="1752" VPOS="2262" WIDTH="17"/>
						<String ID="P5_ST00166" HPOS="1769" VPOS="2210" WIDTH="234" HEIGHT="42" CONTENT="unsern" WC="0.71" CC="660003"/>
						<SP ID="P5_SP00147" HPOS="2003" VPOS="2262" WIDTH="18"/>
						<String ID="P5_ST00167" HPOS="2021" VPOS="2180" WIDTH="173" HEIGHT="70" CONTENT="sind!" WC="0.96" CC="05695"/>
						<SP ID="P5_SP00148" HPOS="2194" VPOS="2262" WIDTH="28"/>
						<String ID="P5_ST00168" HPOS="2222" VPOS="2179" WIDTH="360" HEIGHT="70" CONTENT="Hölderlins" WC="0.99" CC="0020015602"/>
					</TextLine>
					<TextLine ID="P5_TL00021" HPOS="366" VPOS="2272" WIDTH="2215" HEIGHT="87">
						<String ID="P5_ST00169" HPOS="366" VPOS="2277" WIDTH="415" HEIGHT="71" CONTENT="Leiblichkeit" WC="0.99" CC="003765000060"/>
						<SP ID="P5_SP00149" HPOS="781" VPOS="2348" WIDTH="36"/>
						<String ID="P5_ST00170" HPOS="817" VPOS="2276" WIDTH="151" HEIGHT="72" CONTENT="hielt" WC="0.99" CC="06030"/>
						<SP ID="P5_SP00150" HPOS="968" VPOS="2348" WIDTH="26"/>
						<String ID="P5_ST00171" HPOS="994" VPOS="2276" WIDTH="176" HEIGHT="70" CONTENT="nicht" WC="0.99" CC="46000"/>
						<SP ID="P5_SP00151" HPOS="1170" VPOS="2348" WIDTH="27"/>
						<String ID="P5_ST00172" HPOS="1197" VPOS="2277" WIDTH="180" HEIGHT="82" CONTENT="lange" WC="0.99" CC="60000"/>
						<SP ID="P5_SP00152" HPOS="1377" VPOS="2359" WIDTH="22"/>
						<String ID="P5_ST00173" HPOS="1399" VPOS="2305" WIDTH="134" HEIGHT="51" CONTENT="aus," WC="0.99" CC="0500"/>
						<SP ID="P5_SP00153" HPOS="1533" VPOS="2359" WIDTH="27"/>
						<String ID="P5_ST00174" HPOS="1560" VPOS="2305" WIDTH="123" HEIGHT="42" CONTENT="was" WC="1.00" CC="000"/>
						<SP ID="P5_SP00154" HPOS="1683" VPOS="2359" WIDTH="29"/>
						<String ID="P5_ST00175" HPOS="1712" VPOS="2274" WIDTH="182" HEIGHT="70" CONTENT="Geist" WC="0.99" CC="00400"/>
						<SP ID="P5_SP00155" HPOS="1894" VPOS="2359" WIDTH="24"/>
						<String ID="P5_ST00176" HPOS="1918" VPOS="2274" WIDTH="136" HEIGHT="70" CONTENT="und" WC="0.99" CC="200"/>
						<SP ID="P5_SP00156" HPOS="2054" VPOS="2359" WIDTH="23"/>
						<String ID="P5_ST00177" HPOS="2077" VPOS="2274" WIDTH="115" HEIGHT="69" CONTENT="mit" WC="0.98" CC="060"/>
						<SP ID="P5_SP00157" HPOS="2192" VPOS="2359" WIDTH="25"/>
						<String ID="P5_ST00178" HPOS="2217" VPOS="2273" WIDTH="134" HEIGHT="70" CONTENT="ihm" WC="1.00" CC="000"/>
						<SP ID="P5_SP00158" HPOS="2351" VPOS="2359" WIDTH="26"/>
						<String ID="P5_ST00179" HPOS="2377" VPOS="2272" WIDTH="170" HEIGHT="70" CONTENT="feind" SUBS_TYPE="HypPart1" SUBS_CONTENT="feindlich" WC="0.99" CC="52100"/>
						<HYP HPOS="2547" VPOS="2272" WIDTH="34" CONTENT="-"/>
					</TextLine>
					<TextLine ID="P5_TL00022" HPOS="362" VPOS="2367" WIDTH="2219" HEIGHT="75">
						<String ID="P5_ST00180" HPOS="362" VPOS="2371" WIDTH="125" HEIGHT="70" CONTENT="lich" SUBS_TYPE="HypPart2" SUBS_CONTENT="feindlich" WC="0.97" CC="5600"/>
						<SP ID="P5_SP00159" HPOS="487" VPOS="2441" WIDTH="35"/>
						<String ID="P5_ST00181" HPOS="522" VPOS="2370" WIDTH="419" HEIGHT="72" CONTENT="verbündetes" WC="1.00" CC="00070200000"/>
						<SP ID="P5_SP00160" HPOS="941" VPOS="2442" WIDTH="30"/>
						<String ID="P5_ST00182" HPOS="971" VPOS="2368" WIDTH="318" HEIGHT="73" CONTENT="Schicksal" WC="1.00" CC="007000002"/>
						<SP ID="P5_SP00161" HPOS="1289" VPOS="2442" WIDTH="35"/>
						<String ID="P5_ST00183" HPOS="1324" VPOS="2368" WIDTH="98" HEIGHT="70" CONTENT="ihr" WC="0.98" CC="004"/>
						<SP ID="P5_SP00162" HPOS="1422" VPOS="2442" WIDTH="45"/>
						<String ID="P5_ST00184" HPOS="1467" VPOS="2386" WIDTH="384" HEIGHT="52" CONTENT="zumuteten." WC="1.00" CC="0504000000"/>
						<SP ID="P5_SP00163" HPOS="1851" VPOS="2442" WIDTH="52"/>
						<String ID="P5_ST00185" HPOS="1903" VPOS="2367" WIDTH="112" HEIGHT="70" CONTENT="Als" WC="0.98" CC="060"/>
						<SP ID="P5_SP00164" HPOS="2015" VPOS="2442" WIDTH="45"/>
						<String ID="P5_ST00186" HPOS="2060" VPOS="2367" WIDTH="169" HEIGHT="70" CONTENT="dann" WC="0.99" CC="0002"/>
						<SP ID="P5_SP00165" HPOS="2229" VPOS="2442" WIDTH="43"/>
						<String ID="P5_ST00187" HPOS="2272" VPOS="2367" WIDTH="150" HEIGHT="69" CONTENT="aber" WC="0.97" CC="0770"/>
						<SP ID="P5_SP00166" HPOS="2422" VPOS="2442" WIDTH="49"/>
						<String ID="P5_ST00188" HPOS="2471" VPOS="2367" WIDTH="110" HEIGHT="69" CONTENT="der" WC="0.99" CC="030"/>
					</TextLine>
					<TextLine ID="P5_TL00023" HPOS="364" VPOS="2459" WIDTH="2214" HEIGHT="90">
						<String ID="P5_ST00189" HPOS="364" VPOS="2462" WIDTH="414" HEIGHT="87" CONTENT="Organismus" WC="0.99" CC="6500060000"/>
						<SP ID="P5_SP00167" HPOS="778" VPOS="2549" WIDTH="34"/>
						<String ID="P5_ST00190" HPOS="812" VPOS="2461" WIDTH="696" HEIGHT="72" CONTENT="zusammenschnurrte" WC="1.00" CC="00000002007200300"/>
						<SP ID="P5_SP00168" HPOS="1508" VPOS="2549" WIDTH="32"/>
						<String ID="P5_ST00191" HPOS="1540" VPOS="2462" WIDTH="116" HEIGHT="69" CONTENT="wie" WC="0.98" CC="040"/>
						<SP ID="P5_SP00169" HPOS="1656" VPOS="2549" WIDTH="31"/>
						<String ID="P5_ST00192" HPOS="1687" VPOS="2462" WIDTH="141" HEIGHT="68" CONTENT="eine" WC="0.98" CC="0740"/>
						<SP ID="P5_SP00170" HPOS="1828" VPOS="2549" WIDTH="27"/>
						<String ID="P5_ST00193" HPOS="1855" VPOS="2459" WIDTH="217" HEIGHT="80" CONTENT="Feder," WC="0.99" CC="010042"/>
						<SP ID="P5_SP00171" HPOS="2072" VPOS="2549" WIDTH="25"/>
						<String ID="P5_ST00194" HPOS="2097" VPOS="2459" WIDTH="104" HEIGHT="69" CONTENT="die" WC="0.97" CC="060"/>
						<SP ID="P5_SP00172" HPOS="2201" VPOS="2549" WIDTH="26"/>
						<String ID="P5_ST00195" HPOS="2227" VPOS="2459" WIDTH="351" HEIGHT="83" CONTENT="überzogen" WC="0.99" CC="070604003"/>
					</TextLine>
					<TextLine ID="P5_TL00024" HPOS="362" VPOS="2550" WIDTH="2218" HEIGHT="89">
						<String ID="P5_ST00196" HPOS="362" VPOS="2559" WIDTH="178" HEIGHT="77" CONTENT="wird," WC="0.99" CC="06004"/>
						<SP ID="P5_SP00173" HPOS="540" VPOS="2636" WIDTH="48"/>
						<String ID="P5_ST00197" HPOS="588" VPOS="2556" WIDTH="169" HEIGHT="70" CONTENT="blieb" WC="0.99" CC="01610"/>
						<SP ID="P5_SP00174" HPOS="757" VPOS="2636" WIDTH="46"/>
						<String ID="P5_ST00198" HPOS="803" VPOS="2556" WIDTH="136" HEIGHT="70" CONTENT="ihm" WC="0.95" CC="670"/>
						<SP ID="P5_SP00175" HPOS="939" VPOS="2636" WIDTH="44"/>
						<String ID="P5_ST00199" HPOS="983" VPOS="2556" WIDTH="111" HEIGHT="70" CONTENT="das" WC="1.00" CC="000"/>
						<SP ID="P5_SP00176" HPOS="1094" VPOS="2636" WIDTH="40"/>
						<String ID="P5_ST00200" HPOS="1134" VPOS="2555" WIDTH="366" HEIGHT="84" CONTENT="Werkzeug," WC="1.00" CC="000000520"/>
						<SP ID="P5_SP00177" HPOS="1500" VPOS="2639" WIDTH="47"/>
						<String ID="P5_ST00201" HPOS="1547" VPOS="2555" WIDTH="113" HEIGHT="67" CONTENT="mit" WC="0.98" CC="060"/>
						<SP ID="P5_SP00178" HPOS="1660" VPOS="2639" WIDTH="47"/>
						<String ID="P5_ST00202" HPOS="1707" VPOS="2554" WIDTH="145" HEIGHT="70" CONTENT="dem" WC="1.00" CC="000"/>
						<SP ID="P5_SP00179" HPOS="1852" VPOS="2639" WIDTH="36"/>
						<String ID="P5_ST00203" HPOS="1888" VPOS="2554" WIDTH="133" HEIGHT="67" CONTENT="sein" WC="0.98" CC="0064"/>
						<SP ID="P5_SP00180" HPOS="2021" VPOS="2639" WIDTH="39"/>
						<String ID="P5_ST00204" HPOS="2060" VPOS="2550" WIDTH="182" HEIGHT="71" CONTENT="Geist" WC="0.99" CC="00700"/>
						<SP ID="P5_SP00181" HPOS="2242" VPOS="2639" WIDTH="44"/>
						<String ID="P5_ST00205" HPOS="2286" VPOS="2550" WIDTH="132" HEIGHT="71" CONTENT="sich" WC="0.99" CC="0600"/>
						<SP ID="P5_SP00182" HPOS="2418" VPOS="2639" WIDTH="51"/>
						<String ID="P5_ST00206" HPOS="2469" VPOS="2577" WIDTH="111" HEIGHT="43" CONTENT="zur" WC="0.97" CC="060"/>
					</TextLine>
					<TextLine ID="P5_TL00025" HPOS="364" VPOS="2643" WIDTH="2216" HEIGHT="92">
						<String ID="P5_ST00207" HPOS="364" VPOS="2649" WIDTH="205" HEIGHT="71" CONTENT="Natur" WC="0.99" CC="00005"/>
						<SP ID="P5_SP00183" HPOS="569" VPOS="2720" WIDTH="51"/>
						<String ID="P5_ST00208" HPOS="620" VPOS="2652" WIDTH="287" HEIGHT="83" CONTENT="gemacht" WC="1.00" CC="0000000"/>
						<SP ID="P5_SP00184" HPOS="907" VPOS="2735" WIDTH="45"/>
						<String ID="P5_ST00209" HPOS="952" VPOS="2649" WIDTH="193" HEIGHT="80" CONTENT="hatte," WC="1.00" CC="000000"/>
						<SP ID="P5_SP00185" HPOS="1145" VPOS="2735" WIDTH="33"/>
						<String ID="P5_ST00210" HPOS="1178" VPOS="2648" WIDTH="105" HEIGHT="71" CONTENT="die" WC="0.96" CC="063"/>
						<SP ID="P5_SP00186" HPOS="1283" VPOS="2735" WIDTH="37"/>
						<String ID="P5_ST00211" HPOS="1320" VPOS="2646" WIDTH="300" HEIGHT="87" CONTENT="Sprache," WC="1.00" CC="00400002"/>
						<SP ID="P5_SP00187" HPOS="1620" VPOS="2735" WIDTH="47"/>
						<String ID="P5_ST00212" HPOS="1667" VPOS="2646" WIDTH="172" HEIGHT="69" CONTENT="nicht" WC="0.99" CC="46000"/>
						<SP ID="P5_SP00188" HPOS="1839" VPOS="2735" WIDTH="51"/>
						<String ID="P5_ST00213" HPOS="1890" VPOS="2673" WIDTH="120" HEIGHT="41" CONTENT="nur" WC="0.99" CC="201"/>
						<SP ID="P5_SP00189" HPOS="2010" VPOS="2735" WIDTH="43"/>
						<String ID="P5_ST00214" HPOS="2053" VPOS="2644" WIDTH="103" HEIGHT="70" CONTENT="für" WC="0.96" CC="603"/>
						<SP ID="P5_SP00190" HPOS="2156" VPOS="2735" WIDTH="41"/>
						<String ID="P5_ST00215" HPOS="2197" VPOS="2644" WIDTH="103" HEIGHT="70" CONTENT="die" WC="0.98" CC="060"/>
						<SP ID="P5_SP00191" HPOS="2300" VPOS="2735" WIDTH="40"/>
						<String ID="P5_ST00216" HPOS="2340" VPOS="2643" WIDTH="240" HEIGHT="70" CONTENT="Inhalte" WC="0.99" CC="5000500"/>
					</TextLine>
					<TextLine ID="P5_TL00026" HPOS="364" VPOS="2735" WIDTH="2212" HEIGHT="92">
						<String ID="P5_ST00217" HPOS="364" VPOS="2744" WIDTH="106" HEIGHT="69" CONTENT="des" WC="1.00" CC="000"/>
						<SP ID="P5_SP00192" HPOS="470" VPOS="2813" WIDTH="27"/>
						<String ID="P5_ST00218" HPOS="497" VPOS="2740" WIDTH="260" HEIGHT="87" CONTENT="Alltags," WC="0.99" CC="03400602"/>
						<SP ID="P5_SP00193" HPOS="757" VPOS="2827" WIDTH="37"/>
						<String ID="P5_ST00219" HPOS="794" VPOS="2742" WIDTH="272" HEIGHT="71" CONTENT="sondern" WC="0.99" CC="0500026"/>
						<SP ID="P5_SP00194" HPOS="1066" VPOS="2827" WIDTH="46"/>
						<String ID="P5_ST00220" HPOS="1112" VPOS="2740" WIDTH="161" HEIGHT="70" CONTENT="auch" WC="1.00" CC="0000"/>
						<SP ID="P5_SP00195" HPOS="1273" VPOS="2827" WIDTH="46"/>
						<String ID="P5_ST00221" HPOS="1319" VPOS="2742" WIDTH="63" HEIGHT="67" CONTENT="in" WC="0.57" CC="52"/>
						<SP ID="P5_SP00196" HPOS="1382" VPOS="2827" WIDTH="47"/>
						<String ID="P5_ST00222" HPOS="1429" VPOS="2742" WIDTH="111" HEIGHT="68" CONTENT="der" WC="0.98" CC="060"/>
						<SP ID="P5_SP00197" HPOS="1540" VPOS="2827" WIDTH="45"/>
						<String ID="P5_ST00223" HPOS="1585" VPOS="2738" WIDTH="276" HEIGHT="70" CONTENT="höheren" WC="1.00" CC="0000003"/>
						<SP ID="P5_SP00198" HPOS="1861" VPOS="2827" WIDTH="39"/>
						<String ID="P5_ST00224" HPOS="1900" VPOS="2738" WIDTH="231" HEIGHT="69" CONTENT="Potenz" WC="1.00" CC="000000"/>
						<SP ID="P5_SP00199" HPOS="2131" VPOS="2827" WIDTH="42"/>
						<String ID="P5_ST00225" HPOS="2173" VPOS="2735" WIDTH="112" HEIGHT="70" CONTENT="der" WC="0.99" CC="003"/>
						<SP ID="P5_SP00200" HPOS="2285" VPOS="2827" WIDTH="45"/>
						<String ID="P5_ST00226" HPOS="2330" VPOS="2735" WIDTH="246" HEIGHT="70" CONTENT="sanften" WC="1.00" CC="0007000"/>
					</TextLine>
					<TextLine ID="P5_TL00027" HPOS="362" VPOS="2827" WIDTH="2214" HEIGHT="94">
						<String ID="P5_ST00227" HPOS="362" VPOS="2836" WIDTH="473" HEIGHT="85" CONTENT="rhythmischen" WC="1.00" CC="200000000000"/>
						<SP ID="P5_SP00201" HPOS="835" VPOS="2921" WIDTH="37"/>
						<String ID="P5_ST00228" HPOS="872" VPOS="2834" WIDTH="190" HEIGHT="70" CONTENT="Form" WC="1.00" CC="0000"/>
						<SP ID="P5_SP00202" HPOS="1062" VPOS="2921" WIDTH="33"/>
						<String ID="P5_ST00229" HPOS="1095" VPOS="2833" WIDTH="309" HEIGHT="79" CONTENT="erhalten;" WC="0.99" CC="060040406"/>
						<SP ID="P5_SP00203" HPOS="1404" VPOS="2921" WIDTH="34"/>
						<String ID="P5_ST00230" HPOS="1438" VPOS="2862" WIDTH="123" HEIGHT="40" CONTENT="von" WC="0.97" CC="053"/>
						<SP ID="P5_SP00204" HPOS="1561" VPOS="2921" WIDTH="35"/>
						<String ID="P5_ST00231" HPOS="1596" VPOS="2833" WIDTH="109" HEIGHT="69" CONTENT="der" WC="1.00" CC="001"/>
						<SP ID="P5_SP00205" HPOS="1705" VPOS="2921" WIDTH="26"/>
						<String ID="P5_ST00232" HPOS="1731" VPOS="2829" WIDTH="187" HEIGHT="70" CONTENT="Höhe" WC="1.00" CC="0000"/>
						<SP ID="P5_SP00206" HPOS="1918" VPOS="2921" WIDTH="23"/>
						<String ID="P5_ST00233" HPOS="1941" VPOS="2832" WIDTH="201" HEIGHT="67" CONTENT="seines" WC="0.99" CC="006400"/>
						<SP ID="P5_SP00207" HPOS="2142" VPOS="2921" WIDTH="26"/>
						<String ID="P5_ST00234" HPOS="2168" VPOS="2827" WIDTH="153" HEIGHT="85" CONTENT="selig" WC="0.99" CC="00370"/>
						<SP ID="P5_SP00208" HPOS="2321" VPOS="2921" WIDTH="30"/>
						<String ID="P5_ST00235" HPOS="2351" VPOS="2827" WIDTH="188" HEIGHT="84" CONTENT="akzep" SUBS_TYPE="HypPart1" SUBS_CONTENT="akzeptierten" WC="1.00" CC="00000"/>
						<HYP HPOS="2539" VPOS="2827" WIDTH="37" CONTENT="-"/>
					</TextLine>
					<TextLine ID="P5_TL00028" HPOS="361" VPOS="2920" WIDTH="2216" HEIGHT="91">
						<String ID="P5_ST00236" HPOS="361" VPOS="2947" WIDTH="225" HEIGHT="53" CONTENT="tierten" SUBS_TYPE="HypPart2" SUBS_CONTENT="akzeptierten" WC="0.99" CC="0703000"/>
						<SP ID="P5_SP00209" HPOS="586" VPOS="3000" WIDTH="37"/>
						<String ID="P5_ST00237" HPOS="623" VPOS="2928" WIDTH="190" HEIGHT="72" CONTENT="Leids" WC="0.99" CC="00600"/>
						<SP ID="P5_SP00210" HPOS="813" VPOS="3000" WIDTH="32"/>
						<String ID="P5_ST00238" HPOS="845" VPOS="2930" WIDTH="138" HEIGHT="68" CONTENT="und" WC="0.98" CC="500"/>
						<SP ID="P5_SP00211" HPOS="983" VPOS="3000" WIDTH="42"/>
						<String ID="P5_ST00239" HPOS="1025" VPOS="2955" WIDTH="205" HEIGHT="43" CONTENT="seiner" WC="0.99" CC="002006"/>
						<SP ID="P5_SP00212" HPOS="1230" VPOS="3000" WIDTH="45"/>
						<String ID="P5_ST00240" HPOS="1275" VPOS="2926" WIDTH="313" HEIGHT="85" CONTENT="gefaßten," WC="0.99" CC="806009003"/>
						<SP ID="P5_SP00213" HPOS="1588" VPOS="3011" WIDTH="35"/>
						<String ID="P5_ST00241" HPOS="1623" VPOS="2923" WIDTH="455" HEIGHT="71" CONTENT="schwebenden" WC="1.00" CC="00001730043"/>
						<SP ID="P5_SP00214" HPOS="2078" VPOS="3011" WIDTH="41"/>
						<String ID="P5_ST00242" HPOS="2119" VPOS="2920" WIDTH="458" HEIGHT="71" CONTENT="Männlichkeit" WC="1.00" CC="001150070050"/>
					</TextLine>
					<TextLine ID="P5_TL00029" HPOS="362" VPOS="3012" WIDTH="2213" HEIGHT="93">
						<String ID="P5_ST00243" HPOS="362" VPOS="3022" WIDTH="137" HEIGHT="83" CONTENT="glitt" WC="0.96" CC="97640"/>
						<SP ID="P5_SP00215" HPOS="499" VPOS="3105" WIDTH="34"/>
						<String ID="P5_ST00244" HPOS="533" VPOS="3050" WIDTH="64" HEIGHT="44" CONTENT="er" WC="1.00" CC="00"/>
						<SP ID="P5_SP00216" HPOS="597" VPOS="3105" WIDTH="32"/>
						<String ID="P5_ST00245" HPOS="629" VPOS="3024" WIDTH="163" HEIGHT="68" CONTENT="nach" WC="1.00" CC="0000"/>
						<SP ID="P5_SP00217" HPOS="792" VPOS="3105" WIDTH="34"/>
						<String ID="P5_ST00246" HPOS="826" VPOS="3021" WIDTH="258" HEIGHT="71" CONTENT="kurzem" WC="1.00" CC="041000"/>
						<SP ID="P5_SP00218" HPOS="1084" VPOS="3105" WIDTH="28"/>
						<String ID="P5_ST00247" HPOS="1112" VPOS="3019" WIDTH="271" HEIGHT="85" CONTENT="Krampf" WC="0.99" CC="030007"/>
						<SP ID="P5_SP00219" HPOS="1383" VPOS="3105" WIDTH="33"/>
						<String ID="P5_ST00248" HPOS="1416" VPOS="3017" WIDTH="192" HEIGHT="71" CONTENT="hinab" WC="0.98" CC="06307"/>
						<SP ID="P5_SP00220" HPOS="1608" VPOS="3105" WIDTH="32"/>
						<String ID="P5_ST00249" HPOS="1640" VPOS="3016" WIDTH="133" HEIGHT="70" CONTENT="und" WC="0.98" CC="400"/>
						<SP ID="P5_SP00221" HPOS="1773" VPOS="3105" WIDTH="32"/>
						<String ID="P5_ST00250" HPOS="1805" VPOS="3015" WIDTH="163" HEIGHT="71" CONTENT="lebte" WC="0.99" CC="50000"/>
						<SP ID="P5_SP00222" HPOS="1968" VPOS="3105" WIDTH="35"/>
						<String ID="P5_ST00251" HPOS="2003" VPOS="3016" WIDTH="94" HEIGHT="69" CONTENT="bis" WC="0.97" CC="060"/>
						<SP ID="P5_SP00223" HPOS="2097" VPOS="3105" WIDTH="46"/>
						<String ID="P5_ST00252" HPOS="2143" VPOS="3016" WIDTH="98" HEIGHT="67" CONTENT="ins" WC="1.00" CC="000"/>
						<SP ID="P5_SP00224" HPOS="2241" VPOS="3105" WIDTH="34"/>
						<String ID="P5_ST00253" HPOS="2275" VPOS="3012" WIDTH="263" HEIGHT="70" CONTENT="Greisen" SUBS_TYPE="HypPart1" SUBS_CONTENT="Greisenaiter" WC="0.72" CC="4508000"/>
						<HYP HPOS="2538" VPOS="3012" WIDTH="37" CONTENT="-"/>
					</TextLine>
					<TextLine ID="P5_TL00030" HPOS="361" VPOS="3102" WIDTH="2214" HEIGHT="91">
						<String ID="P5_ST00254" HPOS="361" VPOS="3115" WIDTH="154" HEIGHT="69" CONTENT="aiter" SUBS_TYPE="HypPart2" SUBS_CONTENT="Greisenaiter" WC="0.82" CC="06002"/>
						<SP ID="P5_SP00225" HPOS="515" VPOS="3184" WIDTH="31"/>
						<String ID="P5_ST00255" HPOS="546" VPOS="3115" WIDTH="89" HEIGHT="69" CONTENT="als" WC="1.00" CC="010"/>
						<SP ID="P5_SP00226" HPOS="635" VPOS="3184" WIDTH="38"/>
						<String ID="P5_ST00256" HPOS="673" VPOS="3113" WIDTH="440" HEIGHT="80" CONTENT="Dichterkind," WC="0.99" CC="060700405002"/>
						<SP ID="P5_SP00227" HPOS="1113" VPOS="3193" WIDTH="32"/>
						<String ID="P5_ST00257" HPOS="1145" VPOS="3113" WIDTH="89" HEIGHT="68" CONTENT="als" WC="0.98" CC="040"/>
						<SP ID="P5_SP00228" HPOS="1234" VPOS="3193" WIDTH="29"/>
						<String ID="P5_ST00258" HPOS="1263" VPOS="3113" WIDTH="239" HEIGHT="68" CONTENT="Traum" WC="0.98" CC="26040"/>
						<SP ID="P5_SP00229" HPOS="1502" VPOS="3193" WIDTH="25"/>
						<String ID="P5_ST00259" HPOS="1527" VPOS="3110" WIDTH="135" HEIGHT="70" CONTENT="und" WC="0.98" CC="050"/>
						<SP ID="P5_SP00230" HPOS="1662" VPOS="3193" WIDTH="26"/>
						<String ID="P5_ST00260" HPOS="1688" VPOS="3108" WIDTH="188" HEIGHT="69" CONTENT="Form" WC="0.98" CC="0260"/>
						<SP ID="P5_SP00231" HPOS="1876" VPOS="3193" WIDTH="27"/>
						<String ID="P5_ST00261" HPOS="1903" VPOS="3106" WIDTH="166" HEIGHT="70" CONTENT="ohne" WC="1.00" CC="0000"/>
						<SP ID="P5_SP00232" HPOS="2069" VPOS="3193" WIDTH="27"/>
						<String ID="P5_ST00262" HPOS="2096" VPOS="3105" WIDTH="184" HEIGHT="70" CONTENT="Kraft" WC="0.99" CC="01060"/>
						<SP ID="P5_SP00233" HPOS="2280" VPOS="3193" WIDTH="27"/>
						<String ID="P5_ST00263" HPOS="2307" VPOS="3106" WIDTH="110" HEIGHT="69" CONTENT="der" WC="1.00" CC="000"/>
						<SP ID="P5_SP00234" HPOS="2417" VPOS="3193" WIDTH="27"/>
						<String ID="P5_ST00264" HPOS="2444" VPOS="3102" WIDTH="88" HEIGHT="72" CONTENT="Ge" SUBS_TYPE="HypPart1" SUBS_CONTENT="Gestaltung" WC="0.99" CC="00"/>
						<HYP HPOS="2532" VPOS="3102" WIDTH="43" CONTENT="-"/>
					</TextLine>
					<TextLine ID="P5_TL00031" HPOS="360" VPOS="3196" WIDTH="2216" HEIGHT="97">
						<String ID="P5_ST00265" HPOS="360" VPOS="3208" WIDTH="274" HEIGHT="85" CONTENT="staltung" SUBS_TYPE="HypPart2" SUBS_CONTENT="Gestaltung" WC="0.99" CC="00920500"/>
						<SP ID="P5_SP00235" HPOS="634" VPOS="3293" WIDTH="32"/>
						<String ID="P5_ST00266" HPOS="666" VPOS="3208" WIDTH="133" HEIGHT="71" CONTENT="und" WC="0.99" CC="010"/>
						<SP ID="P5_SP00236" HPOS="799" VPOS="3293" WIDTH="33"/>
						<String ID="P5_ST00267" HPOS="832" VPOS="3208" WIDTH="419" HEIGHT="82" CONTENT="Behauptung" WC="1.00" CC="4000000610"/>
						<SP ID="P5_SP00237" HPOS="1251" VPOS="3293" WIDTH="32"/>
						<String ID="P5_ST00268" HPOS="1283" VPOS="3204" WIDTH="132" HEIGHT="70" CONTENT="und" WC="0.98" CC="500"/>
						<SP ID="P5_SP00238" HPOS="1415" VPOS="3293" WIDTH="32"/>
						<String ID="P5_ST00269" HPOS="1447" VPOS="3204" WIDTH="166" HEIGHT="69" CONTENT="ohne" WC="1.00" CC="0000"/>
						<SP ID="P5_SP00239" HPOS="1613" VPOS="3293" WIDTH="37"/>
						<String ID="P5_ST00270" HPOS="1650" VPOS="3203" WIDTH="236" HEIGHT="68" CONTENT="andern" WC="0.99" CC="070061"/>
						<SP ID="P5_SP00240" HPOS="1886" VPOS="3293" WIDTH="44"/>
						<String ID="P5_ST00271" HPOS="1930" VPOS="3199" WIDTH="200" HEIGHT="70" CONTENT="Inhalt" WC="0.99" CC="300030"/>
						<SP ID="P5_SP00241" HPOS="2130" VPOS="3293" WIDTH="40"/>
						<String ID="P5_ST00272" HPOS="2170" VPOS="3198" WIDTH="87" HEIGHT="70" CONTENT="als" WC="0.98" CC="060"/>
						<SP ID="P5_SP00242" HPOS="2257" VPOS="3293" WIDTH="42"/>
						<String ID="P5_ST00273" HPOS="2299" VPOS="3198" WIDTH="125" HEIGHT="70" CONTENT="den" WC="0.98" CC="006"/>
						<SP ID="P5_SP00243" HPOS="2424" VPOS="3293" WIDTH="40"/>
						<String ID="P5_ST00274" HPOS="2464" VPOS="3196" WIDTH="112" HEIGHT="70" CONTENT="des" WC="1.00" CC="000"/>
					</TextLine>
					<TextLine ID="P5_TL00032" HPOS="360" VPOS="3294" WIDTH="1481" HEIGHT="92">
						<String ID="P5_ST00275" HPOS="360" VPOS="3318" WIDTH="188" HEIGHT="54" CONTENT="etwas" WC="0.99" CC="60000"/>
						<SP ID="P5_SP00244" HPOS="548" VPOS="3372" WIDTH="26"/>
						<String ID="P5_ST00276" HPOS="574" VPOS="3301" WIDTH="427" HEIGHT="85" CONTENT="pflanzenhaft" WC="1.00" CC="000000000070"/>
						<SP ID="P5_SP00245" HPOS="1001" VPOS="3386" WIDTH="33"/>
						<String ID="P5_ST00277" HPOS="1034" VPOS="3297" WIDTH="412" HEIGHT="87" CONTENT="gewordenen" WC="1.00" CC="0003300504"/>
						<SP ID="P5_SP00246" HPOS="1446" VPOS="3386" WIDTH="26"/>
						<String ID="P5_ST00278" HPOS="1472" VPOS="3294" WIDTH="369" HEIGHT="71" CONTENT="Tierchens." WC="0.99" CC="2506000704"/>
					</TextLine>
					<TextLine ID="P5_TL00033" HPOS="453" VPOS="3381" WIDTH="2125" HEIGHT="82">
						<String ID="P5_ST00279" HPOS="453" VPOS="3393" WIDTH="127" HEIGHT="70" CONTENT="Die" WC="0.98" CC="060"/>
						<SP ID="P5_SP00247" HPOS="580" VPOS="3463" WIDTH="34"/>
						<String ID="P5_ST00280" HPOS="614" VPOS="3393" WIDTH="138" HEIGHT="70" CONTENT="Zeit" WC="1.00" CC="0000"/>
						<SP ID="P5_SP00248" HPOS="752" VPOS="3463" WIDTH="31"/>
						<String ID="P5_ST00281" HPOS="783" VPOS="3393" WIDTH="150" HEIGHT="69" CONTENT="aber" WC="0.98" CC="0602"/>
						<SP ID="P5_SP00249" HPOS="933" VPOS="3463" WIDTH="33"/>
						<String ID="P5_ST00282" HPOS="966" VPOS="3391" WIDTH="309" HEIGHT="70" CONTENT="zwischen" WC="0.99" CC="00500705"/>
						<SP ID="P5_SP00250" HPOS="1275" VPOS="3463" WIDTH="33"/>
						<String ID="P5_ST00283" HPOS="1308" VPOS="3389" WIDTH="145" HEIGHT="69" CONTENT="dem" WC="1.00" CC="000"/>
						<SP ID="P5_SP00251" HPOS="1453" VPOS="3463" WIDTH="35"/>
						<String ID="P5_ST00284" HPOS="1488" VPOS="3406" WIDTH="204" HEIGHT="51" CONTENT="ersten" WC="1.00" CC="060000"/>
						<SP ID="P5_SP00252" HPOS="1692" VPOS="3463" WIDTH="34"/>
						<String ID="P5_ST00285" HPOS="1726" VPOS="3381" WIDTH="591" HEIGHT="82" CONTENT="Wahnsinnsanfall," WC="1.00" CC="0001062000050023"/>
						<SP ID="P5_SP00253" HPOS="2317" VPOS="3463" WIDTH="34"/>
						<String ID="P5_ST00286" HPOS="2351" VPOS="3382" WIDTH="123" HEIGHT="70" CONTENT="den" WC="1.00" CC="000"/>
						<SP ID="P5_SP00254" HPOS="2474" VPOS="3463" WIDTH="33"/>
						<String ID="P5_ST00287" HPOS="2507" VPOS="3410" WIDTH="71" HEIGHT="42" CONTENT="er" WC="0.74" CC="13"/>
					</TextLine>
					<TextLine ID="P5_TL00034" HPOS="361" VPOS="3475" WIDTH="2216" HEIGHT="88">
						<String ID="P5_ST00288" HPOS="361" VPOS="3486" WIDTH="165" HEIGHT="69" CONTENT="noch" WC="0.98" CC="7400"/>
						<SP ID="P5_SP00255" HPOS="526" VPOS="3555" WIDTH="47"/>
						<String ID="P5_ST00289" HPOS="573" VPOS="3485" WIDTH="230" HEIGHT="71" CONTENT="einmal" WC="0.99" CC="102014"/>
						<SP ID="P5_SP00256" HPOS="803" VPOS="3556" WIDTH="47"/>
						<String ID="P5_ST00290" HPOS="850" VPOS="3482" WIDTH="362" HEIGHT="79" CONTENT="überstand," WC="1.00" CC="0750000300"/>
						<SP ID="P5_SP00257" HPOS="1212" VPOS="3561" WIDTH="47"/>
						<String ID="P5_ST00291" HPOS="1259" VPOS="3482" WIDTH="136" HEIGHT="69" CONTENT="und" WC="0.97" CC="700"/>
						<SP ID="P5_SP00258" HPOS="1395" VPOS="3561" WIDTH="48"/>
						<String ID="P5_ST00292" HPOS="1443" VPOS="3480" WIDTH="111" HEIGHT="71" CONTENT="der" WC="1.00" CC="000"/>
						<SP ID="P5_SP00259" HPOS="1554" VPOS="3561" WIDTH="43"/>
						<String ID="P5_ST00293" HPOS="1597" VPOS="3478" WIDTH="383" HEIGHT="85" CONTENT="endgiltigen" WC="0.74" CC="27006605000"/>
						<SP ID="P5_SP00260" HPOS="1980" VPOS="3563" WIDTH="49"/>
						<String ID="P5_ST00294" HPOS="2029" VPOS="3476" WIDTH="395" HEIGHT="84" CONTENT="Kündigung" WC="0.99" CC="002065007"/>
						<SP ID="P5_SP00261" HPOS="2424" VPOS="3563" WIDTH="43"/>
						<String ID="P5_ST00295" HPOS="2467" VPOS="3475" WIDTH="110" HEIGHT="69" CONTENT="des" WC="1.00" CC="000"/>
					</TextLine>
					<TextLine ID="P5_TL00035" HPOS="361" VPOS="3569" WIDTH="2219" HEIGHT="87">
						<String ID="P5_ST00296" HPOS="361" VPOS="3577" WIDTH="664" HEIGHT="74" CONTENT="Dienstverhältnisses" WC="1.00" CC="0601000037000160000"/>
						<SP ID="P5_SP00262" HPOS="1025" VPOS="3651" WIDTH="50"/>
						<String ID="P5_ST00297" HPOS="1075" VPOS="3575" WIDTH="307" HEIGHT="71" CONTENT="zwischen" WC="1.00" CC="00600000"/>
						<SP ID="P5_SP00263" HPOS="1382" VPOS="3651" WIDTH="51"/>
						<String ID="P5_ST00298" HPOS="1433" VPOS="3572" WIDTH="249" HEIGHT="84" CONTENT="Körper" WC="0.99" CC="014000"/>
						<SP ID="P5_SP00264" HPOS="1682" VPOS="3656" WIDTH="46"/>
						<String ID="P5_ST00299" HPOS="1728" VPOS="3571" WIDTH="134" HEIGHT="71" CONTENT="und" WC="0.95" CC="650"/>
						<SP ID="P5_SP00265" HPOS="1862" VPOS="3656" WIDTH="34"/>
						<String ID="P5_ST00300" HPOS="1896" VPOS="3569" WIDTH="183" HEIGHT="71" CONTENT="Geist" WC="0.99" CC="02300"/>
						<SP ID="P5_SP00266" HPOS="2079" VPOS="3656" WIDTH="50"/>
						<String ID="P5_ST00301" HPOS="2129" VPOS="3571" WIDTH="80" HEIGHT="67" CONTENT="ist" WC="1.00" CC="000"/>
						<SP ID="P5_SP00267" HPOS="2209" VPOS="3656" WIDTH="47"/>
						<String ID="P5_ST00302" HPOS="2256" VPOS="3569" WIDTH="102" HEIGHT="68" CONTENT="die" WC="1.00" CC="000"/>
						<SP ID="P5_SP00268" HPOS="2358" VPOS="3656" WIDTH="33"/>
						<String ID="P5_ST00303" HPOS="2391" VPOS="3569" WIDTH="189" HEIGHT="68" CONTENT="kurze" WC="0.99" CC="04200"/>
					</TextLine>
					<TextLine ID="P5_TL00036" HPOS="362" VPOS="3661" WIDTH="2218" HEIGHT="94">
						<String ID="P5_ST00304" HPOS="362" VPOS="3670" WIDTH="275" HEIGHT="85" CONTENT="Spanne," WC="0.98" CC="1092502"/>
						<SP ID="P5_SP00269" HPOS="637" VPOS="3755" WIDTH="53"/>
						<String ID="P5_ST00305" HPOS="690" VPOS="3675" WIDTH="63" HEIGHT="68" CONTENT="in" WC="0.38" CC="65"/>
						<SP ID="P5_SP00270" HPOS="753" VPOS="3755" WIDTH="49"/>
						<String ID="P5_ST00306" HPOS="802" VPOS="3671" WIDTH="113" HEIGHT="70" CONTENT="der" WC="0.98" CC="003"/>
						<SP ID="P5_SP00271" HPOS="915" VPOS="3755" WIDTH="33"/>
						<String ID="P5_ST00307" HPOS="948" VPOS="3669" WIDTH="360" HEIGHT="71" CONTENT="Hölderlins" WC="0.99" CC="0040055160"/>
						<SP ID="P5_SP00272" HPOS="1308" VPOS="3755" WIDTH="41"/>
						<String ID="P5_ST00308" HPOS="1349" VPOS="3666" WIDTH="268" HEIGHT="85" CONTENT="geniales" WC="0.99" CC="00070400"/>
						<SP ID="P5_SP00273" HPOS="1617" VPOS="3755" WIDTH="34"/>
						<String ID="P5_ST00309" HPOS="1651" VPOS="3664" WIDTH="412" HEIGHT="71" CONTENT="Naturwesen" WC="1.00" CC="0002500007"/>
						<SP ID="P5_SP00274" HPOS="2063" VPOS="3755" WIDTH="35"/>
						<String ID="P5_ST00310" HPOS="2098" VPOS="3665" WIDTH="64" HEIGHT="66" CONTENT="in" WC="0.69" CC="60"/>
						<SP ID="P5_SP00275" HPOS="2162" VPOS="3755" WIDTH="33"/>
						<String ID="P5_ST00311" HPOS="2195" VPOS="3661" WIDTH="385" HEIGHT="71" CONTENT="vollendeter" WC="1.00" CC="01610000024"/>
					</TextLine>
					<TextLine ID="P5_TL00037" HPOS="361" VPOS="3754" WIDTH="2217" HEIGHT="85">
						<String ID="P5_ST00312" HPOS="361" VPOS="3763" WIDTH="180" HEIGHT="72" CONTENT="Reife" WC="0.98" CC="60470"/>
						<SP ID="P5_SP00276" HPOS="541" VPOS="3835" WIDTH="18"/>
						<String ID="P5_ST00313" HPOS="559" VPOS="3767" WIDTH="178" HEIGHT="69" CONTENT="ihren" WC="0.98" CC="67100"/>
						<SP ID="P5_SP00277" HPOS="737" VPOS="3836" WIDTH="18"/>
						<String ID="P5_ST00314" HPOS="755" VPOS="3765" WIDTH="334" HEIGHT="70" CONTENT="schönsten" WC="1.00" CC="000500000"/>
						<SP ID="P5_SP00278" HPOS="1089" VPOS="3836" WIDTH="15"/>
						<String ID="P5_ST00315" HPOS="1104" VPOS="3760" WIDTH="334" HEIGHT="71" CONTENT="Ausdruck" WC="1.00" CC="40001000"/>
						<SP ID="P5_SP00279" HPOS="1438" VPOS="3836" WIDTH="17"/>
						<String ID="P5_ST00316" HPOS="1455" VPOS="3759" WIDTH="175" HEIGHT="70" CONTENT="fand." WC="0.99" CC="60003"/>
						<SP ID="P5_SP00280" HPOS="1630" VPOS="3836" WIDTH="18"/>
						<String ID="P5_ST00317" HPOS="1648" VPOS="3758" WIDTH="101" HEIGHT="70" CONTENT="Da" WC="1.00" CC="00"/>
						<SP ID="P5_SP00281" HPOS="1749" VPOS="3836" WIDTH="18"/>
						<String ID="P5_ST00318" HPOS="1767" VPOS="3758" WIDTH="108" HEIGHT="70" CONTENT="hat" WC="1.00" CC="000"/>
						<SP ID="P5_SP00282" HPOS="1875" VPOS="3836" WIDTH="15"/>
						<String ID="P5_ST00319" HPOS="1890" VPOS="3784" WIDTH="69" HEIGHT="42" CONTENT="er" WC="0.97" CC="00"/>
						<SP ID="P5_SP00283" HPOS="1959" VPOS="3836" WIDTH="15"/>
						<String ID="P5_ST00320" HPOS="1974" VPOS="3756" WIDTH="103" HEIGHT="72" CONTENT="die" WC="1.00" CC="000"/>
						<SP ID="P5_SP00284" HPOS="2077" VPOS="3836" WIDTH="15"/>
						<String ID="P5_ST00321" HPOS="2092" VPOS="3754" WIDTH="486" HEIGHT="85" CONTENT="Dithyramben," WC="1.00" CC="060002007000"/>
					</TextLine>
					<TextLine ID="P5_TL00038" HPOS="360" VPOS="3848" WIDTH="2218" HEIGHT="95">
						<String ID="P5_ST00322" HPOS="360" VPOS="3856" WIDTH="101" HEIGHT="71" CONTENT="die" WC="0.98" CC="060"/>
						<SP ID="P5_SP00285" HPOS="461" VPOS="3927" WIDTH="35"/>
						<String ID="P5_ST00323" HPOS="496" VPOS="3857" WIDTH="299" HEIGHT="85" CONTENT="Hymnen" WC="0.99" CC="030500"/>
						<SP ID="P5_SP00286" HPOS="795" VPOS="3942" WIDTH="35"/>
						<String ID="P5_ST00324" HPOS="830" VPOS="3857" WIDTH="334" HEIGHT="86" CONTENT="gedichtet," WC="0.99" CC="6006070001"/>
						<SP ID="P5_SP00287" HPOS="1164" VPOS="3943" WIDTH="34"/>
						<String ID="P5_ST00325" HPOS="1198" VPOS="3856" WIDTH="102" HEIGHT="69" CONTENT="die" WC="0.94" CC="960"/>
						<SP ID="P5_SP00288" HPOS="1300" VPOS="3943" WIDTH="31"/>
						<String ID="P5_ST00326" HPOS="1331" VPOS="3856" WIDTH="131" HEIGHT="76" CONTENT="wir," WC="0.97" CC="0560"/>
						<SP ID="P5_SP00289" HPOS="1462" VPOS="3943" WIDTH="28"/>
						<String ID="P5_ST00327" HPOS="1490" VPOS="3852" WIDTH="253" HEIGHT="85" CONTENT="solange" WC="0.99" CC="0360043"/>
						<SP ID="P5_SP00290" HPOS="1743" VPOS="3943" WIDTH="32"/>
						<String ID="P5_ST00328" HPOS="1775" VPOS="3881" WIDTH="147" HEIGHT="41" CONTENT="man" WC="0.97" CC="007"/>
						<SP ID="P5_SP00291" HPOS="1922" VPOS="3943" WIDTH="23"/>
						<String ID="P5_ST00329" HPOS="1945" VPOS="3880" WIDTH="119" HEIGHT="42" CONTENT="uns" WC="0.98" CC="040"/>
						<SP ID="P5_SP00292" HPOS="2064" VPOS="3943" WIDTH="26"/>
						<String ID="P5_ST00330" HPOS="2090" VPOS="3849" WIDTH="176" HEIGHT="70" CONTENT="nicht" WC="0.99" CC="52000"/>
						<SP ID="P5_SP00293" HPOS="2266" VPOS="3943" WIDTH="34"/>
						<String ID="P5_ST00331" HPOS="2300" VPOS="3848" WIDTH="278" HEIGHT="79" CONTENT="beweist." WC="1.00" CC="63000000"/>
					</TextLine>
				</TextBlock>
			</PrintSpace>
		</Page>
	</Layout>
</alto>
