3252 4572
1062 374 129 52 Carl
1217 373 297 53 Sternheim
1541 395 19 21 ♦
1597 375 204 53 Tabula
1833 380 146 50 Rasa

2520 380 108 59 223

407 574 111 68 der
555 569 160 69 nach
755 569 591 85 Eigentümlichkeit
1382 575 344 72 durstende
1763 579 408 85 europäische
2207 580 272 72 Mensch
2519 582 72 70 be-

407 661 198 87 tropft
634 663 136 69 und
799 693 80 39 zu
908 665 173 69 einer
1111 665 317 86 klebrigen
1462 669 213 71 Masse
1706 670 330 85 geknebelt
2066 673 180 71 wird.

484 754 315 71 Arthur:
837 755 351 73 Unerhört!

485 847 358 72 Ständer:
863 848 144 71 Was
1029 880 110 40 aus
1161 850 251 73 deinem
1434 853 213 72 Mund
1668 856 263 82 kommt,
1953 857 107 71 hat
2079 858 106 70 die
2204 858 289 83 Absicht,
2514 861 113 69 der

408 939 527 73 Erbärmlichkeit
968 972 124 41 von
1127 944 237 70 überall
1401 947 112 70 her
1546 977 147 44 zum
1727 948 150 87 Sieg
1908 980 80 41 zu
2023 951 234 72 helfen.
2295 951 293 72 Christen-

404 1055 156 57 tum,
591 1032 425 84 Sozialismus,
1045 1036 185 84 jeden
1257 1040 440 85 ursprünglich
1726 1042 267 85 heiligen
2021 1044 244 72 Protest
2291 1045 111 71 des
2431 1046 144 70 Men-

403 1127 385 80 schentums,
817 1159 79 38 zu
922 1158 172 40 einer
1120 1131 543 83 geschmacklosen
1691 1135 405 88 Bettelsuppe
2121 1168 80 39 zu
2229 1139 390 81 verdünnen,

403 1220 101 69 die
536 1219 125 70 den
696 1219 408 73 Lebensnerv
1134 1224 202 68 reiner
1369 1223 567 90 Gottesgeschöpfe
1969 1229 224 72 bricht.

482 1311 316 72 Arthur:
836 1313 216 71 Hören
1087 1314 107 70 Sie
1226 1315 139 71 auf!
1407 1317 111 69 das
1553 1319 79 69 ist
1666 1327 105 63 —!

483 1404 284 70 Stände
779 1433 58 42 r:
861 1405 277 73 Hinaus!
1161 1408 293 71 Nehmen
1477 1409 107 71 Sie
1604 1414 168 68 mein
1793 1413 291 83 Mündel,
2106 1413 110 72 das
2239 1418 114 69 mit
2375 1417 193 71 Mond-

401 1498 458 84 süchtigkeiten
893 1499 605 86 fettgeschwemmte
1531 1505 339 80 Mädchen,
1906 1508 135 70 mit.

484 1591 279 70 Isolde:
796 1592 272 70 Arthur!
1114 1606 131 69 (Mit
1266 1609 277 58 Aufschrei
1571 1635 65 32 an
1661 1614 143 54 seine
1830 1612 196 78 Brust).

482 1684 318 71 Arthur;
840 1685 106 70 Ich
983 1692 104 63 —!
1129 1686 103 69 Ah
1268 1694 104 62 —!
1417 1687 130 70 Das
1584 1696 104 63 —!

482 1776 353 71 Ständer:
869 1779 330 84 Verpestet
1232 1780 281 70 draußen
1548 1783 108 68 das
1692 1785 214 81 eigene
1938 1785 134 69 und
2102 1786 259 70 anderer
2395 1788 218 70 Leben

400 1872 211 67 weiter
626 1872 115 67 mit
756 1870 258 70 sozialer
1029 1872 682 86 Hinaufentwicklung,
1729 1877 114 67 mit
1858 1875 480 82 Mutterschutz,
2356 1879 221 85 Schlag-

399 1962 192 70 sahne
631 1963 135 69 und
800 1963 625 85 Bourgeoisschleim.
1475 1979 108 69 (Da
1609 1981 200 58 Arthur
1837 1981 271 61 fuchtelnd
2139 1985 178 57 Miene
2343 2010 65 33 zu
2432 1988 182 68 irgend

398 2084 155 42 etwas
582 2070 192 66 macht,
804 2070 207 77 brüllt):

479 2147 84 70 St
574 2148 262 70 änder:
873 2150 310 71 Hinaus!!

476 2240 287 70 Arthur
795 2242 135 69 und
967 2242 249 70 Isolde
1260 2256 403 71 (umschlungen
1692 2270 228 66 exeunt).

479 2334 323 70 Ständer
827 2349 159 67 (reißt
1017 2352 93 55 das
1139 2350 215 59 Fenster
1373 2352 137 76 auf):
1547 2338 154 69 Luft
1735 2339 234 72 herein.
2011 2341 135 69 Wie
2168 2343 161 68 wohl
2353 2343 108 68 das
2486 2350 125 63 tut!

1504 2515 33 36 *

1108 2675 376 59 SECHSTER
1509 2675 392 60 AUFTRITT.

475 2796 257 72 Sturm
755 2813 156 67 (nach
937 2816 174 56 einem
1137 2815 327 69 Augenblick
1491 2818 112 56 tritt
1630 2816 129 75 auf).

475 2890 353 71 Ständer:
857 2891 130 70 Das
1011 2894 78 68 ist
1106 2895 140 67 eine
1263 2894 505 84 Überraschung.
1783 2894 144 71 Was
1945 2913 130 51 tust
2088 2895 86 69 du
2190 2896 227 69 wieder
2430 2896 133 70 hier
2577 2902 30 64 ?

474 2982 82 69 St
569 3011 192 42 urm:
796 2983 247 73 Einmal
1077 2985 167 70 lockt
1277 2987 167 68 mich
1477 2987 103 68 die
1614 2985 295 87 Neugier,
1943 2987 109 68 das
2088 2987 376 71 Schlußbild
2496 2988 113 70 der

394 3073 277 72 kürzlich
691 3076 446 85 aufgeführten
1161 3078 380 85 Lokalposse
1560 3109 103 40 am
1684 3077 120 72 Ort
1823 3078 193 71 selbst
2035 3110 78 39 zu
2135 3079 221 71 sehen:
2381 3079 228 71 Flocke

391 3168 88 68 im
532 3168 333 79 Schweiße
916 3173 202 68 seines
1175 3171 244 70 kleinen
1472 3171 372 85 Angesichts
1896 3171 90 71 als
2040 3172 567 71 verantwortlicher

393 3260 483 75 Werkdirektor.

473 3352 82 71 St
565 3356 263 70 änder;
860 3356 126 70 Die
1014 3356 188 70 Posse
1231 3356 157 70 wird
1416 3387 148 39 zum
1593 3355 418 88 Trauerspiel.
2064 3356 85 70 Er
2176 3357 185 72 stirbt
2389 3357 216 73 daran.

471 3446 287 74 Sturm:
796 3449 108 70 Ich
936 3449 227 70 dachte
1197 3451 149 68 mirs
1379 3449 326 85 ungefähr.

471 3540 357 73 Ständer:
865 3543 131 68 Das
1030 3570 126 41 war
1189 3542 180 69 keine
1406 3542 232 69 Kunst.

470 3632 84 71 St
565 3664 193 43 urm:
793 3636 110 69 Du
936 3634 137 71 hast
1108 3634 109 71 ihn
1253 3634 503 86 vorgeschlagen.

471 3725 84 71 St
563 3728 261 70 änder:
857 3727 188 71 Ohne
1077 3727 154 70 böse
1260 3727 265 70 Absicht
1557 3726 104 71 für
1691 3727 132 71 ihn.
1880 3727 181 71 Mich
2092 3730 89 67 im
2211 3727 395 85 Augenblick

388 3845 77 41 zu
495 3838 223 53 retten.
772 3818 85 72 Er
885 3820 168 70 hätte
1080 3818 161 72 auch
1269 3818 310 72 ablehnen
1608 3820 271 80 können,
1908 3818 310 72 ablehnen
2248 3834 274 63 müssen.
