3293 4572
876 412 202 54 Gustav
1104 413 288 54 Landauer
1433 433 20 23 *
1481 417 283 54 Friedrich
1788 415 284 56 Hölderlin

2479 419 100 61 201

357 611 203 70 seiner
594 608 410 87 Umgebung,
1049 611 125 71 daß
1219 633 187 52 etwas
1450 647 126 39 von
1622 616 146 73 dem
1809 618 256 72 werden
2098 619 230 83 wollte,
2361 651 123 42 was
2518 624 66 70 in

357 705 133 70 ihm
533 732 112 42 aus
691 703 336 85 Prophetie
1069 735 114 41 zur
1213 707 221 73 Vision
1477 710 134 72 und
1656 741 148 41 zum
1849 712 368 85 gestalteten
2262 713 180 72 Bilde
2485 743 66 44 er-

357 794 236 73 wuchs.
642 794 187 73 Wohl
865 799 78 69 ist
975 797 113 72 der
1114 799 262 73 Dichter
1399 804 205 70 seiner
1627 801 139 74 Zeit
1790 832 261 55 voraus;
2076 806 116 71 soll
2220 834 67 44 er
2310 808 101 70 ihr
2434 807 151 72 aber

357 916 223 43 voraus
613 888 136 70 und
782 889 177 72 nicht
989 892 417 84 ausgestoßen
1431 896 135 70 und
1590 896 311 73 verlassen
1925 902 158 80 sein,
2107 930 73 41 so
2204 898 159 73 muß
2396 928 66 44 er
2495 902 90 71 sie

355 1011 112 40 um
491 981 135 70 sich
650 981 136 70 und
813 982 208 71 hinter
1042 985 135 70 sich
1202 987 319 71 wimmeln
1547 990 214 82 sehen,
1787 1022 184 40 wenn
1996 1020 67 45 er
2086 992 138 71 sich
2249 992 334 74 umblickt.

355 1074 206 69 Wenn
612 1072 333 74 Hölderlin
993 1077 134 72 sich
1174 1079 153 71 aber
1373 1081 247 82 umsah,
1669 1083 80 69 da
1797 1086 253 71 mochte
2099 1086 113 71 ihn
2262 1085 166 72 wohl
2476 1089 104 68 ein

355 1165 245 72 Zittern
617 1168 481 83 überkommen,
1115 1201 72 40 so
1202 1171 169 72 stark
1394 1201 68 43 er
1486 1175 132 70 sich
1646 1175 419 84 beherrschte,
2090 1179 137 71 und
2251 1179 103 71 die
2375 1178 208 72 Kniee

355 1259 299 71 mochten
698 1262 135 69 ihm
876 1263 285 81 wanken,
1194 1265 116 70 ehe
1352 1293 69 42 er
1464 1267 125 70 den
1622 1267 158 86 Weg
1822 1269 356 84 fortsetzte;
2218 1272 138 71 und
2387 1292 191 52 etwas

355 1354 118 70 wie
515 1382 104 41 ein
653 1352 245 73 Zittern
942 1356 150 85 liegt
1135 1357 165 71 noch
1345 1361 67 68 in
1445 1359 112 70 der
1596 1359 208 73 klaren
1839 1363 599 88 Durchsichtigkeit,
2472 1366 106 72 die

353 1475 81 41 an
480 1444 104 72 die
626 1444 218 74 dünne
877 1447 158 71 Luft
1065 1448 113 70 auf
1214 1450 209 72 hohen
1456 1451 242 85 Bergen
1731 1455 317 83 gemahnt,
2081 1488 183 40 wenn
2297 1457 113 73 der
2442 1485 104 45 ver-

354 1541 307 69 einsamte
686 1540 269 72 Dichter
985 1542 135 70 sich
1154 1544 66 68 in
1253 1542 115 71 der
1397 1560 421 70 entgötterten
1844 1547 165 71 Welt
2039 1550 163 72 sieht
2232 1551 136 70 und
2401 1552 177 72 nicht

353 1631 343 71 aufschreit
712 1632 137 70 und
866 1634 178 71 nicht
1059 1635 231 70 einmal
1308 1635 188 86 klagt,
1514 1637 274 73 sondern
1806 1639 147 72 leise
1971 1643 349 72 mitteilend
2337 1644 242 85 spricht

353 1724 137 70 und
529 1724 389 84 schließlich,
951 1728 118 70 mit
1110 1726 113 72 der
1260 1729 335 72 ersehnten
1630 1729 359 88 Müdigkeit
2028 1734 135 71 und
2194 1734 184 75 Ruhe
2408 1738 134 84 spie-

354 1817 170 82 lend,
559 1817 193 86 fragt:

1195 1969 16 15 .
1251 1969 15 15 .
1304 1969 15 15 .
1351 1916 296 71 indessen
1679 1917 240 71 dünket
1950 1919 121 70 mir
2104 1918 191 73 öfters

538 2002 224 72 Besser
795 2034 78 40 zu
908 2003 303 84 schlafen,
1244 2008 118 70 wie
1393 2036 71 41 so
1496 2008 166 70 ohne
1696 2007 331 74 Genossen
2060 2041 78 41 zu
2170 2013 156 80 sein,

539 2096 89 70 So
661 2126 79 40 zu
774 2096 248 83 harren,
1054 2099 138 69 und
1223 2129 125 42 was
1381 2130 81 40 zu
1493 2120 117 51 tun
1642 2101 181 74 indes
1855 2104 135 69 und
2022 2134 78 39 zu
2133 2134 187 56 sagen

538 2187 187 73 Weiß
757 2190 104 70 ich
895 2192 197 80 nicht,
1124 2192 138 70 und
1293 2223 180 42 wozu
1506 2194 267 73 Dichter
1804 2198 65 68 in
1902 2196 309 87 dürftiger
2241 2196 183 74 Zeit?

443 2280 380 86 Angesichts
868 2283 113 72 der
1026 2283 467 75 französischen
1535 2286 399 84 Revolution,
1980 2289 103 72 die
2112 2289 288 72 Aufruhr
2441 2292 136 72 und

354 2372 375 87 Erwartung
760 2378 67 67 in
860 2375 135 71 ihm
1028 2378 279 84 geweckt
1340 2378 193 81 hatte,
1567 2379 174 85 quält
1773 2408 89 54 er,
1888 2380 112 72 der
2024 2383 66 69 in
2117 2382 456 84 Deutschland,

352 2468 67 69 in
451 2468 420 86 unwürdigen
904 2468 391 85 Zuständen,
1329 2471 124 72 den
1481 2471 181 72 Geist
1695 2476 116 68 wie
1843 2473 110 71 das
1978 2474 162 72 Volk
2163 2476 411 71 unterdrückt

352 2558 135 70 und
520 2562 427 71 verkümmert
978 2562 183 81 sieht,
1196 2565 133 71 sich
1375 2566 117 68 mit
1536 2565 110 71 der
1680 2565 225 86 Frage:
1949 2566 160 71 Sind
2154 2570 110 70 wir
2307 2568 228 72 zurück-

354 2652 352 85 geblieben,
755 2653 158 73 fehlt
957 2687 64 40 es
1067 2687 120 40 uns
1233 2688 79 39 an
1345 2656 274 83 Tatlust,
1653 2657 489 74 Schaffenskraft
2184 2661 133 71 und
2358 2661 182 71 Initia-

352 2746 149 81 tive,
633 2747 153 72 oder
818 2747 143 72 sind
987 2749 224 85 gerade
1238 2751 112 71 wir
1375 2750 415 86 Langsamen,
1826 2751 110 71 das
1962 2751 162 71 Volk
2155 2753 110 71 der
2291 2754 277 81 Denker,

352 2867 80 40 zu
458 2839 402 82 besonderer,
873 2872 158 55 ganz
1049 2843 236 85 großer
1285 2843 277 85 Aufgabe
1576 2843 104 71 für
1703 2844 101 71 die
1822 2844 403 72 Menschheit
2241 2844 277 72 bewahrt
2535 2853 33 63 ?

353 2930 126 73 Die
509 2930 229 74 Geißel
781 2934 136 71 und
962 2934 125 73 den
1121 2934 210 87 Sporn
1375 2935 203 72 dieser
1619 2935 196 88 Frage
1862 2937 221 71 richtet
2122 2965 66 43 er
2235 2939 65 70 in
2339 2938 112 71 der
2497 2968 72 41 so

353 3045 357 64 genannten
744 3026 143 72 Ode
924 3027 144 81 „An
1100 3028 105 71 die
1235 3028 446 73 Deutschen“:

537 3118 254 87 Spottet
824 3121 269 70 nimmer
1125 3121 110 71 des
1271 3121 229 81 Kinds,
1535 3151 178 41 wenn
1749 3153 87 49 es,
1869 3122 111 70 das
2014 3121 273 82 alberne,

534 3210 135 72 Auf
698 3211 150 72 dem
881 3212 198 73 Rosse
1111 3243 123 42 von
1268 3212 166 71 Holz
1464 3215 205 84 mutig
1696 3212 138 73 und
1863 3211 156 88 groß
2051 3214 133 71 sich
2216 3214 226 81 dünkt,

538 3304 62 71 0
632 3305 101 71 ihr
760 3304 251 73 Guten!
1042 3306 163 70 auch
1237 3308 114 69 wir
1388 3306 143 71 sind

537 3396 344 75 Tatenarm
913 3398 136 72 und
1079 3398 474 86 gedankenvoll.

534 3582 176 74 Aber
741 3583 265 81 kömmt,
1037 3584 117 70 wie
1186 3584 113 70 der
1329 3582 210 71 Strahl
1571 3612 110 41 aus
1713 3582 147 71 dem
1893 3581 299 73 Gewölke
2229 3583 268 84 kömmt,

538 3675 135 72 Aus
707 3675 349 72 Gedanken
1091 3675 307 72 vielleicht
1430 3676 221 85 geistig
1679 3675 137 71 und
1846 3676 118 71 reif
1995 3675 103 71 die
2130 3675 171 71 Tat?

443 3767 150 74 Wer
609 3770 111 72 das
739 3769 242 72 wüßte!
1007 3769 148 72 Wer
1178 3767 110 73 das
1313 3769 216 71 hoffen
1544 3767 241 73 dürfte!
1809 3767 173 74 Aber
1999 3799 91 52 so,
2109 3771 225 71 immer
2357 3769 207 83 allein,

352 3859 228 74 immer
609 3863 91 70 im
733 3861 255 72 Warten
1004 3866 16 65 I
