3188 4572
1186 391 224 64 Ludwig
1436 390 239 51 Rubiner
1706 409 21 22 ♦
1761 389 236 66 Legende
2026 404 119 36 vom
2171 387 182 53 Orient

652 389 103 57 260

743 591 83 71 Es
870 592 148 85 geht
1051 590 372 83 wahrhaftig
1466 590 173 68 nicht
1680 618 112 38 um
1837 604 580 67 entgegengesetzte
2460 586 417 84 Meinungen.

651 684 228 71 Bloßes
911 681 494 74 Rechtbehalten
1449 684 79 67 ist
1570 682 67 68 in
1668 681 110 70 der
1810 679 166 71 Welt
2022 706 107 58 gar
2162 680 204 70 nichts
2409 691 210 59 nütze.
2684 676 193 81 Aber,

653 778 100 71 bei
794 776 180 82 Gott,
1020 776 109 69 das
1175 776 133 69 hier
1341 776 79 68 ist
1462 775 104 69 ein
1602 771 242 85 Kampf
1885 803 112 39 um
2030 770 193 72 Ziele.
2384 771 196 70 Sollte
2624 802 145 38 man
2813 799 65 41 es

653 870 164 71 wohl
863 869 290 85 glauben,
1198 865 124 73 daß
1357 865 355 71 Menschen
1758 866 188 70 heute
1983 864 185 80 noch,
2214 864 159 70 nach
2407 864 160 70 allen
2610 889 269 45 unseren

656 963 456 83 Erfahrungen,
1159 960 149 72 oder
1341 958 374 85 womöglich
1749 958 334 80 trotzdem,
2116 957 112 71 der
2261 957 316 82 Meinung
2609 957 164 77 sind,
2816 985 63 40 es

654 1056 158 85 gäbe
855 1058 224 66 immer
1120 1052 166 71 noch
1320 1082 79 40 zu
1433 1054 204 82 wenig
1669 1049 353 79 Nationen;
2069 1051 103 68 die
2195 1048 166 71 Welt
2404 1061 212 57 müsse
2660 1051 222 67 immer

656 1147 162 71 noch
877 1147 235 71 stärker
1166 1145 448 71 nationalisiert
1663 1143 280 71 werden!
2018 1142 148 70 Daß
2218 1145 90 68 sie
2360 1171 105 56 gar
2519 1141 158 71 nach
2736 1142 145 69 dem

654 1240 282 84 Ereignis
982 1239 109 69 des
1139 1239 282 83 Krieges,
1467 1237 201 70 dieses
1702 1235 400 71 Endeffektes
2147 1235 111 70 der
2299 1233 413 87 allgemeinen
2749 1232 89 69 Na-

654 1333 473 83 tionalisierung
1157 1331 113 70 der
1303 1330 187 80 Erde,
1531 1333 226 66 immer
1788 1330 164 69 noch
1985 1330 123 69 den
2144 1326 358 71 Zionismus
2538 1326 344 79 betreiben,

654 1429 229 67 immer
925 1427 165 69 noch
1134 1425 257 80 suchen,
1444 1425 103 69 die
1589 1424 205 83 Juden
1832 1420 149 73 aller
2025 1420 254 71 Länder
2319 1451 79 38 zu
2442 1423 171 67 einer
2657 1449 225 49 neuen,

657 1518 452 85 geographisch
1142 1517 499 85 abgesonderten
1675 1514 238 70 Nation
1947 1545 79 38 zu
2072 1513 285 79 machen,
2402 1531 184 52 unter
2620 1513 111 68 der
2763 1510 80 71 Be-

658 1614 351 81 hauptung,
1043 1612 103 69 die
1174 1609 206 84 Juden
1413 1611 171 68 seien
1616 1608 199 70 schon
1849 1609 139 69 eine
2020 1606 260 80 Nation,
2313 1608 140 67 eine
2483 1606 153 69 alte!

752 1705 243 70 Darauf
1020 1702 156 71 läuft
1200 1703 105 70 die
1322 1701 563 85 Orientalisierung
1908 1700 109 69 des
2044 1698 388 71 menschlich
2450 1698 434 83 Anständigen

658 1796 367 71 schließlich
1076 1796 248 70 hinaus.
1401 1794 217 71 Daher
1667 1795 179 68 rührt
1894 1792 110 70 das
2055 1794 194 81 ewige
2298 1790 420 78 Sichducken,
2775 1788 111 69 das

659 1889 563 71 immerwährende
1264 1884 1059 86 Es-nicht-gewesen-sein-wollen,
2382 1882 469 84 Nichts-gesagt-

659 1980 489 73 haben-wollen.
1178 1979 142 71 Alle
1338 1980 306 84 Umwege
1668 1979 110 70 der
1797 1976 491 84 Barockmystik,
2314 1976 116 70 alle
2458 1975 430 71 Feierlichkeit

659 2077 113 70 der
807 2076 194 78 Rede,
1042 2076 150 68 aller
1225 2072 205 71 Glanz
1465 2076 221 81 junger
1720 2070 404 87 Fähigkeiten
2167 2070 250 79 dienen,
2456 2098 112 40 um
2610 2098 112 40 aus
2765 2069 123 69 den

662 2167 362 71 wertvollen
1071 2166 265 71 Kräften
1395 2164 109 72 des
1551 2163 594 71 Menschenwesens
2205 2190 110 42 zur
2360 2161 528 82 Konstituierung

663 2263 173 69 einer
854 2258 355 73 nationalen
1221 2258 496 84 Sondergruppe
1734 2288 80 38 zu
1832 2255 325 85 gelangen.
2192 2255 71 69 In
2274 2257 17 81 j
2299 2284 182 40 enem
2491 2253 49 70 P
2543 2280 301 57 rogramm-

662 2354 171 69 buch
877 2356 81 67 ist
1002 2356 139 67 eine
1195 2382 157 54 ganz
1395 2351 412 70 wunderbare
1848 2347 407 85 Darstellung
2296 2347 112 71 der
2465 2365 226 61 ersten,
2750 2364 106 52 not-

664 2446 328 85 wendigen
1035 2446 301 83 geistigen
1382 2445 314 70 Situation
1740 2443 103 69 für
1886 2443 122 69 den
2053 2446 416 96 seßaffenden
2526 2446 172 69 Wien
2699 2444 194 68 sehen

666 2540 299 85 gegeben.
1006 2538 174 71 Aber
1204 2538 112 70 der
1340 2535 203 71 Autor
1569 2554 165 66 sagt:
1771 2534 101 71 für
1895 2535 126 69 den
2046 2533 361 85 jüdischen!
2454 2531 133 72 Um
2613 2533 103 70 die
2740 2530 150 84 (still

666 2632 331 91 geduckte)
1019 2629 557 84 Hochmutsphase
1592 2628 109 71 des
1720 2628 330 84 jüdischen
2070 2625 497 72 Nationalismus
2594 2624 255 71 unmerk-

666 2726 124 70 lich
825 2723 436 73 einzuführen.
1320 2723 152 83 Jene
1508 2719 289 87 Gegend,
1832 2751 97 41 wo
1964 2750 63 41 es
2063 2719 174 70 nicht
2270 2718 180 71 mehr
2482 2718 206 70 heißt:
2732 2717 163 84 Jude

668 2859 73 23 ==
775 2817 198 85 gleich
1011 2816 531 70 Sondermensch.
1612 2813 289 71 Sondern
1937 2812 272 71 Mensch
2256 2846 71 21 =
2362 2811 201 85 gleich
2595 2810 184 83 Jude.

670 2911 185 69 Indes
898 2909 212 71 solche
1152 2906 553 86 Gedankengänge
1747 2906 297 70 kommen
2087 2905 175 68 nicht
2303 2933 112 40 aus
2459 2902 222 85 irgend
2723 2904 170 68 einer

667 3001 410 85 spezifischen
1117 3000 425 85 Naturanlage
1583 2999 110 71 des
1738 2998 308 80 Denkers,
2105 2996 270 71 sondern
2431 2995 144 70 sind
2630 3024 121 41 nur
2794 2996 101 69 ein

668 3097 306 69 schwerer
1019 3093 454 72 menschlicher
1515 3090 317 88 Mißgriff.
1899 3090 88 70 So
2036 3108 133 66 sagt
2213 3089 111 70 der
2355 3088 274 71 Zionist:
2694 3086 202 82 „Man

670 3188 224 71 fälscht
949 3188 124 70 den
1118 3187 161 70 Sinn
1322 3185 110 72 des
1473 3184 195 71 Aktes
1712 3184 112 71 der
1866 3182 476 85 Entscheidung
2396 3183 88 69 im
2528 3180 368 84 Judentum,

670 3312 182 41 wenn
897 3311 147 40 man
1090 3279 108 72 ihn
1241 3279 89 69 als
1376 3309 181 40 einen
1593 3276 152 72 bloß
1790 3276 324 72 ethischen
2148 3274 373 80 behandelt;
2568 3302 65 44 er
2676 3292 80 51 ist
2797 3304 100 40 ein

672 3375 335 84 religiöser,
1053 3373 333 72 vielmehr:
1447 3400 65 42 er
1557 3392 78 49 ist
1678 3371 112 70 der
1832 3370 285 85 religiöse
2157 3368 146 80 Akt,
2350 3367 170 71 denn
2564 3395 65 43 er
2671 3386 81 51 ist
2794 3365 106 71 die

671 3466 540 84 Verwirklichung
1256 3465 225 71 Gottes
1526 3464 201 69 durch
1771 3465 122 68 den
1938 3461 419 72 Menschen.“
2430 3461 99 69 Da
2571 3460 155 70 wird
2768 3459 130 69 also

673 3559 249 71 erstlich
983 3587 480 56 angenommen,
1537 3587 62 39 es
1658 3556 158 83 gäbe
1874 3556 182 69 einen
2112 3553 424 71 Unterschied
2589 3551 308 71 zwischen

673 3653 259 70 Ethisch
968 3654 135 69 und
1136 3652 296 83 Religiös.
1489 3649 110 70 Als
1635 3650 85 70 ob
1752 3649 176 70 nicht
1954 3648 109 70 das
2091 3646 214 70 Sollen
2328 3645 184 71 allein
2542 3645 134 69 und
2703 3644 163 85 ledig-

675 3746 123 69 lich
825 3746 101 69 für
953 3743 160 71 Gott
1139 3743 336 86 geschehe!
1519 3740 167 72 Zum
1710 3743 261 77 andern,
2095 3739 234 71 welche
2354 3742 144 67 naiv
2524 3735 376 87 gefühlvolle

675 3834 1013 83 Natur-Milchmädchenmystik,
1727 3832 161 72 Gott
1922 3846 212 58 müsse
2157 3833 202 70 durch
2393 3832 123 70 den
2544 3831 354 69 Menschen
