3259 4572
1071 369 260 63 Gottfried
1360 369 158 52 Benn
1551 389 20 22 ♦
1610 370 106 52 Die
1746 369 157 52 Reise

2494 367 106 57 245

461 567 141 71 Wie
633 593 126 44 war
798 592 66 45 er
901 567 169 70 denn
1114 567 357 86 überhaupt
1509 568 108 71 auf
1659 569 125 70 den
1819 567 349 72 Gedanken
2203 567 396 86 gekommen,

370 693 79 40 zu
482 658 331 83 verlassen,
858 661 178 70 darin
1079 689 66 42 er
1188 663 215 69 seinen
1441 661 142 86 Tag
1624 660 292 73 erfüllte?
1989 662 149 71 War
2177 687 69 44 er
2288 661 311 81 tollkühn,

370 755 509 70 herauszutreten
928 783 109 40 aus
1088 752 111 73 der
1235 753 212 80 Form,
1495 755 104 71 die
1648 756 109 70 ihn
1808 761 186 80 trug?
2077 752 281 74 Glaubte
2403 783 68 42 er
2520 785 80 41 an

369 846 451 84 Erweiterung,
851 864 226 53 trotzte
1107 874 67 43 er
1204 849 148 70 dem
1383 846 634 75 Zusammenbruch?

461 962 168 70 Nein
663 980 171 66 sagte
860 988 65 45 er
949 962 159 80 sich,
1142 963 169 71 nein.
1349 963 106 70 Ich
1483 963 166 70 kann
1684 995 64 39 es
1775 963 442 72 beschwören:
2252 964 173 70 nein.
2459 962 142 72 Nur

367 1054 87 72 als
488 1054 103 70 ich
625 1054 225 73 vorhin
882 1084 113 40 aus
1028 1056 147 70 dem
1202 1054 306 73 Geschäft
1542 1060 167 82 ging,
1745 1057 160 71 nach
1932 1057 301 71 Veilchen
2272 1057 152 71 roch
2453 1087 147 40 man

366 1147 250 80 wieder,
665 1148 306 84 gepudert
1002 1176 125 44 war
1171 1178 146 42 man
1362 1150 184 81 auch,
1592 1151 101 69 ein
1729 1150 320 71 Mädchen
2086 1150 141 71 kam
2261 1150 193 71 heran
2485 1152 116 68 mit

366 1240 233 71 weißer
638 1241 211 80 Brust,
898 1270 65 41 es
1009 1242 287 70 erschien
1342 1242 176 70 nicht
1560 1242 537 84 ausgeschlossen,
2144 1242 127 72 daß
2316 1273 147 41 man
2510 1245 91 69 sie

367 1333 288 71 eröffnet.
700 1333 84 69 Es
831 1334 285 70 erschien
1164 1334 175 71 nicht
1385 1334 536 86 ausgeschlossen,
1965 1336 127 70 daß
2135 1367 149 41 man
2319 1366 280 54 prangen

366 1425 216 71 würde
629 1425 140 70 und
816 1439 301 57 strömen.
1170 1425 120 71 Ein
1338 1427 236 71 Strand
1624 1427 214 71 rückte
1889 1429 65 67 in
2002 1428 126 71 den
2173 1429 265 71 Bereich
2486 1429 113 70 der

366 1518 518 85 Möglichkeiten,
916 1549 81 40 an
1022 1519 125 71 den
1173 1522 105 70 die
1302 1519 186 71 blaue
1513 1519 191 71 Brust
1728 1521 110 69 des
1867 1521 251 72 Meeres
2153 1522 241 85 schlug.
2425 1521 175 71 Aber

365 1641 132 41 nun
531 1639 112 43 zur
667 1611 424 86 Versöhnung
1124 1612 124 71 will
1282 1612 101 71 ich
1418 1642 180 41 essen
1634 1612 189 85 gehn.

458 1726 222 71 Durch
707 1726 426 88 Verbeugung
1156 1730 66 67 in
1249 1729 112 70 der
1385 1726 176 73 Türe
1594 1728 381 71 anerkannte
2010 1757 66 42 er
2100 1729 103 70 die
2236 1728 326 73 Individua-

364 1820 240 71 litäten.
661 1820 148 71 Wer
858 1834 164 57 wäre
1069 1848 67 43 er
1185 1851 287 54 gewesen
1499 1829 31 64 ?
1607 1820 142 71 Still
1799 1823 193 70 nahm
2040 1849 67 42 er
2156 1822 193 72 Platz.
2413 1820 186 73 Groß

364 1913 357 72 wuchteten
755 1914 103 70 die
892 1916 269 69 Herren.

455 2022 155 70 Nun
647 2021 268 71 erzählte
949 2022 167 70 Herr
1140 2022 230 84 Jansen
1405 2053 123 40 von
1561 2022 126 71 den
1712 2022 677 85 Eigentümlichkeiten
2424 2025 171 68 einer

362 2115 361 85 tropischen
760 2114 255 82 Frucht,
1061 2116 104 70 die
1210 2117 184 69 einen
1432 2115 175 71 Kern
1653 2116 275 71 enthalte
1963 2147 123 40 von
2118 2116 293 87 Eigröße.
2462 2117 132 69 Das

362 2208 258 71 Weiche
668 2208 119 71 äße
834 2238 146 41 man
1013 2210 116 69 mit
1163 2210 208 70 einem
1405 2209 226 81 Löffel,
1664 2239 67 40 es
1766 2210 162 70 habe
1960 2209 413 86 gallertartige
2410 2210 138 69 Kon-

361 2302 254 71 sistenz.
648 2300 220 85 Einige
900 2303 302 79 meinten,
1237 2332 65 39 es
1329 2302 333 71 schmecke
1693 2303 162 70 nach
1880 2302 179 72 Nuß.
2093 2302 87 71 Er
2212 2303 340 85 demgegen-

361 2393 159 70 über
553 2393 161 71 habe
747 2397 224 67 immer
1005 2396 340 82 gefunden,
1381 2425 65 39 es
1481 2396 332 71 schmecke
1845 2396 161 69 nach
2039 2394 99 70 Ei.
2182 2396 159 71 Man
2377 2396 116 71 äße
2525 2425 68 42 es

361 2488 116 68 mit
503 2486 229 71 Pfeffer
764 2487 136 70 und
931 2487 164 71 Salz.
1141 2486 82 71 Es
1260 2487 295 71 handelte
1597 2488 136 70 sich
1776 2519 113 40 um
1932 2490 140 68 eine
2124 2488 471 71 schmackhafte

362 2577 258 73 Frucht.
688 2578 85 70 Er
818 2578 160 72 habe
1024 2578 206 73 davon
1276 2580 109 71 des
1424 2580 206 85 Tages
1681 2582 37 68 3
1730 2581 118 70 —4
1884 2610 298 56 gegessen
2227 2580 137 71 und
2406 2582 187 69 einen

360 2671 380 71 ernstlichen
775 2671 292 71 Schaden
1110 2676 103 66 nie
1248 2672 306 72 bemerkt.

453 2780 223 70 Hierin
726 2798 119 52 trat
891 2780 208 70 Herrn
1149 2780 248 72 Körner
1443 2782 112 70 das
1602 2782 613 71 Außerordentliche
2264 2801 329 67 entgegen.

361 2872 128 70 Mit
507 2872 231 71 Pfeffer
765 2873 132 71 und
916 2873 142 70 Salz
1083 2876 139 68 eine
1250 2873 236 71 Frucht
1504 2881 31 63 ?
1573 2874 132 69 Das
1731 2876 286 68 erschien
2044 2876 132 70 ihm
2201 2878 349 81 ungewöhn-

361 2965 145 81 lich,
539 2966 136 70 und
708 2995 66 42 er
807 2967 190 70 nahm
1030 2967 164 70 dazu
1229 2966 311 86 Stellung.

451 3074 206 71 Wenn
703 3104 67 40 es
815 3076 134 69 ihm
994 3074 165 71 doch
1204 3075 150 71 aber
1387 3075 160 70 nach
1574 3075 75 70 Ei
1681 3075 341 81 schmeckt,
2058 3078 146 69 wies
2232 3075 164 71 Herr
2429 3076 160 70 Mau

359 3166 109 70 auf
525 3168 110 70 das
686 3166 366 87 Subjektive
1102 3169 110 69 des
1267 3168 235 70 Urteils
1556 3169 132 80 hin,
1742 3168 390 86 gleichzeitig
2185 3189 188 51 etwas
2422 3200 127 53 weg-

357 3258 301 81 werfend,
705 3259 88 71 als
839 3259 83 70 ob
968 3288 66 42 er
1079 3262 353 68 seinerseits
1480 3262 204 70 nichts
1721 3262 651 71 Unüberbrückbares
2417 3262 173 71 sähe.

356 3352 365 71 Außerdem
765 3382 71 40 so
874 3353 483 85 ungewöhnlich
1383 3356 89 68 sei
1505 3384 66 39 es
1597 3353 166 70 doch
1798 3384 133 40 nun
1965 3354 196 80 nicht,
2186 3353 213 71 führte
2424 3354 167 70 Herr

357 3443 350 88 Offenberg
740 3474 109 40 zur
882 3446 206 71 Norm
1122 3447 254 80 zurück,
1410 3447 170 70 denn
1616 3478 53 40 z.
1697 3447 74 71 B.
1804 3447 103 71 die
1932 3447 315 71 Tomate?
2281 3447 141 71 Wie
2455 3478 134 40 nun

357 3539 304 80 vollends,
707 3569 182 41 wenn
925 3539 165 69 Herr
1127 3539 274 71 Kritzler
1446 3541 184 70 einen
1664 3539 233 71 Oheim
1936 3539 425 73 aufzuweisen
2397 3541 192 81 hatte,

355 3630 113 72 der
508 3631 166 71 noch
709 3634 114 68 mit
860 3633 83 68 70
978 3631 230 84 Jahren
1245 3631 260 71 Melone
1537 3634 117 68 mit
1688 3633 159 69 Senf
1880 3663 296 56 gegessen
2213 3634 193 81 hatte,
2453 3635 138 70 und

356 3752 163 43 zwar
572 3725 66 69 in
690 3724 125 71 den
863 3723 531 82 Abendstunden,
1451 3754 98 42 wo
1607 3725 359 85 Derartiges
2024 3725 406 73 bekanntlich
2486 3757 103 39 am

355 3818 344 84 wenigsten
733 3817 423 71 bekömmlich
1190 3819 136 69 sei?
