3642 4450
1732 139 58 57 47

145 274 87 46 hen,
263 276 106 40 dann
391 275 106 41 hatte
526 276 134 52 Roger
684 277 95 51 jetzt
801 276 107 41 nicht
933 278 150 52 nöthig,
1102 278 100 39 nach
1225 277 77 39 den
1321 275 134 40 hohen
1476 276 140 39 Tönen
1659 277 54 39 oft

142 340 194 52 ängstlich
365 353 48 25 zu
442 339 175 40 haschen
646 340 81 39 und
757 340 204 40 dieselben
1008 346 97 34 trotz
1135 341 71 39 der
1243 339 184 50 klügsten
1457 339 231 39 Berechnun-

141 415 77 38 gen
249 403 105 38 dann
383 402 83 38 und
489 413 118 27 wann
635 414 190 39 versagen
854 415 47 27 zu
940 403 139 41 hören.
1134 402 74 38 Als
1243 400 188 50 Prophet,
1473 401 128 39 Raoul
1630 402 83 38 und

142 463 167 39 Eleazar
346 464 73 38 riss
448 464 133 50 Roger
620 464 68 38 das
731 464 211 40 Publicum
985 462 126 40 durch
1156 462 63 38 die
1259 462 148 38 seltene
1437 462 275 52 Vereinigung

141 538 79 27 von
249 527 184 50 Vortrag,
479 526 243 53 Auffassung
764 527 82 38 und
876 527 107 50 Spiel
1022 524 65 39 bei
1125 524 197 39 manchen
1352 524 149 39 Stellen
1531 524 71 39 mit
1630 525 82 39 sich

142 589 86 44 fort,
259 589 104 39 ohne
393 589 188 52 übrigens
609 591 102 39 Hrn.
742 589 218 50 Härtinger
990 599 211 39 vergessen
1237 587 171 39 machen
1446 600 47 25 zu
1531 587 183 47 können;

138 651 146 50 jedoch
329 652 54 38 als
423 652 134 52 Edgar
599 653 82 39 und
727 652 157 49 George
913 650 161 45 Brown,
1125 648 194 39 wahrhaft
1360 648 354 41 unübertreffliche

146 713 251 52 Leistungen,
426 714 206 40 entzückte
661 727 42 26 er
731 714 69 37 das
827 711 212 40 Publicum
1070 710 267 50 dermaassen,
1367 712 89 38 dass
1488 723 41 27 es
1558 724 70 27 vor
1646 713 46 37 Ju-

145 778 62 39 bel
237 778 82 39 und
348 778 306 39 Enthusiasmus
683 777 120 38 kaum
833 788 47 26 zu
910 775 84 39 sich
1023 774 284 41 kam.—Dem
1338 775 258 40 Vernehmen
1615 775 101 39 nach

142 839 152 41 kommt
322 841 238 39 Johanna
591 840 227 48 Wagner
847 837 89 45 her;
968 836 62 40 ich
1072 837 109 39 freue
1220 838 117 43 mich,
1383 838 55 40 sie
1479 838 150 40 wieder
1675 838 41 39 in

143 902 196 40 manchen
367 903 143 38 Rollen
541 913 48 26 zu
619 899 136 46 hören,
774 899 84 38 und
889 898 131 39 werde
1049 898 110 39 nicht
1187 901 241 50 ermangeln,
1458 901 129 38 Ihnen
1616 901 100 38 über

144 964 86 39 ihre
259 964 160 50 Erfolge
448 975 49 26 zu
526 961 218 40 berichten.

1480 961 46 40 E.
1559 961 75 40 Dr.

321 1146 243 55 Tages-
601 1147 137 42 und
773 1145 759 56 Unterhaltungs-Blatt.

222 1234 177 36 JHLöln«
446 1230 241 40 Johanna
729 1232 229 52 Wagner
995 1231 49 39 ist
1089 1244 63 26 am
1183 1232 62 38 30.
1274 1244 36 26 v.
1339 1232 91 40 Mts.
1459 1232 88 40 hier
1590 1234 127 39 durch

145 1296 100 39 nach
276 1295 169 40 Soden
475 1295 167 52 gereist,
672 1308 68 26 um
771 1295 88 39 dort
888 1294 83 39 vier
999 1293 185 40 Wochen
1214 1295 91 50 lang
1334 1295 64 38 die
1418 1295 128 40 Bäder
1574 1309 49 26 zu
1652 1310 44 37 ge-

143 1358 215 40 brauchen.
414 1358 92 39 Von
536 1357 49 40 da
613 1357 102 39 wird
744 1356 56 40 sie
830 1356 115 40 ihren
973 1357 184 39 ferneren
1196 1356 149 40 Urlaub
1385 1369 48 27 zu
1468 1356 250 54 Gastspielen

145 1420 41 40 in
213 1420 264 42 München
504 1421 82 38 und
620 1420 53 38 W
687 1419 11 39 i
713 1432 19 27 e
743 1432 26 26 n
798 1421 211 38 benutzen.

224 1484 76 40 Die
348 1484 325 39 Liedertafel
717 1483 83 38 und
845 1483 63 38 die
948 1481 373 41 musicalische
1362 1482 359 41 Gesellschaft

146 1548 131 39 haben
306 1559 64 26 am
399 1547 62 38 31.
492 1558 34 26 v.
555 1546 90 39 Mts.
675 1544 88 40 eine
793 1544 346 52 Sängerfahrt
1170 1545 70 38 auf
1276 1545 91 39 dem
1397 1545 156 40 Rheine
1582 1559 115 28 veran-

144 1611 140 39 staltet.
312 1609 74 39 Die
417 1608 263 40 Theilnahme
708 1620 83 27 war
820 1607 92 39 sehr
941 1607 211 46 zahlreich,
1182 1608 184 40 dennoch
1409 1609 203 40 herrschte
1655 1610 71 39 auf

143 1675 92 39 dem
263 1671 261 53 geräumigen
551 1672 82 38 und
664 1670 230 53 prächtigen
925 1670 287 52 Dampfschiffe
1242 1672 143 47 „Prinz
1403 1685 76 26 von
1496 1673 211 39 PreusseiV
1711 1677 8 13 4

144 1736 64 40 die
237 1737 151 50 grösste
419 1733 195 52 Ordnung
642 1734 83 38 und
755 1733 357 51 Bequemlichkeit.
1150 1734 188 39 Fräulein
1367 1734 173 51 Agnes
1571 1735 150 52 Bury,

144 1799 124 39 schon
311 1797 42 39 in
394 1797 170 39 London
610 1796 100 39 dazu
762 1796 249 52 eingeladen,
1064 1796 284 40 verherrlichte
1391 1797 63 40 die
1496 1797 122 39 Fahrt
1665 1799 56 37 als

144 1861 237 51 Ehrengast.

223 1924 107 40 Herr
358 1924 43 38 F.
431 1922 179 46 Röder,
639 1921 173 40 welcher
841 1921 41 38 in
912 1921 77 39 den
1018 1923 142 39 letzten
1190 1921 86 40 drei
1305 1922 149 39 Jahren
1493 1923 69 38 das
1593 1923 103 38 Thea-

145 1993 58 34 ter
230 1999 47 26 zu
307 1985 102 52 Riga
438 1984 72 39 mit
538 1995 178 40 grossem
745 1983 138 51 Erfolg
913 1983 169 51 geleitet,
1111 1983 67 39 hat
1208 1983 63 39 die
1301 1983 244 40 Concession
1574 1984 62 39 für
1651 1985 69 39 das

144 2050 150 51 hiesige
324 2048 263 40 Stadttheater
616 2046 177 40 erhalten
822 2046 83 39 und
934 2046 101 39 wird
1065 2046 179 39 dasselbe
1292 2059 63 27 am
1396 2048 58 38 15.
1486 2047 235 51 September

144 2113 192 40 eröffnen.

224 2233 220 41 Berlin,
484 2229 64 39 26.
576 2227 93 40 Juli.
726 2227 168 40 Gestern
939 2241 82 26 war
1065 2228 54 39 im
1167 2227 263 51 Opernhause
1476 2228 243 50 Templer

146 2292 99 41 und
287 2291 160 39 Jüdin
494 2303 77 27 von
600 2290 312 40 Marschner.
969 2290 75 42 Die
1073 2290 152 51 hiesige
1256 2289 110 52 Oper
1395 2290 66 39 hat
1493 2297 116 33 unter
1637 2293 78 38 den

144 2355 216 41 deutschen
391 2352 286 52 Componisten
706 2352 71 39 der
808 2352 241 51 Gegenwart
1077 2351 160 41 keinem
1267 2363 42 28 so
1341 2352 132 52 wenig
1503 2353 188 39 Aufmerk-

144 2418 169 41 samkeit
341 2417 270 52 zugewendet,
640 2415 75 39 wie
745 2415 246 40 Marschner.
1048 2414 55 39 Es
1133 2413 88 40 sind
1251 2414 72 39 fast
1362 2413 98 40 zwei
1488 2415 230 40 Decennien

145 2483 83 46 her,
257 2480 167 39 seitdem
452 2479 70 39 das
552 2478 127 40 Werk
708 2478 42 38 in
778 2478 113 40 Rede
921 2479 181 50 gegeben
1131 2477 165 40 worden
1326 2476 59 47 ist,
1431 2477 192 39 während
1653 2491 44 26 an-

144 2546 95 38 dere
268 2542 196 41 Arbeiten
492 2540 265 41 Marschners
787 2540 121 40 kaum
939 2540 386 51 Berücksichtigung
1355 2540 157 40 fanden.
1541 2541 153 39 Marsch-

145 2621 72 27 ner
251 2608 141 51 gehört
421 2619 48 26 zu
499 2603 240 52 denjenigen
768 2603 203 46 Meistern,
1016 2603 122 39 deren
1167 2602 275 40 musicalische
1472 2604 130 39 Kunst
1631 2605 88 39 eine

146 2672 88 41 echt
263 2669 188 40 deutsche
491 2669 61 45 ist,
591 2667 64 39 die
698 2666 82 40 sich
823 2666 153 39 sowohl
1005 2678 77 26 von
1112 2665 287 41 italiänischem
1429 2666 76 40 wie
1534 2667 165 39 französi-

148 2734 135 39 schem
311 2732 200 39 Einflüsse
539 2730 87 38 fern
645 2742 48 25 zu
710 2729 136 39 halten
866 2732 174 47 gewusst
1054 2727 150 48 haben,
1230 2727 41 39 in
1294 2729 122 39 deren
1437 2728 282 53 Schöpfungen

145 2794 211 40 deutscher
386 2791 229 46 Charakter,
645 2790 191 39 deutsche
868 2789 301 47 Gemüthstiefe,
1206 2791 210 39 deutscher
1444 2791 160 39 Humor
1632 2804 66 27 aus-

144 2860 166 51 geprägt
338 2856 100 46 sind,
477 2855 80 39 und
587 2853 64 39 die
679 2853 72 39 mit
779 2853 104 39 allen
912 2852 139 40 diesen
1081 2853 332 51 ursprünglichen
1435 2853 142 40 Gaben
1607 2855 88 39 deut-

149 2921 121 39 schen
300 2919 124 40 Fleiss
454 2917 82 39 und
578 2916 208 39 deutsches
816 2915 162 40 Wissen
1016 2914 240 53 vereinigen.
1312 2916 132 40 Schon
1481 2929 69 26 um
1589 2916 129 42 dieser

145 2982 307 54 Eigenschaften
482 2979 144 46 willen,
666 2979 63 38 die
768 2978 115 39 einen
924 2977 215 40 bildenden
1169 2977 177 40 Einfluss
1376 2979 70 39 auf
1470 2979 69 39 das
1569 2980 123 39 Kunst-

146 3048 116 39 leben
301 3047 70 38 der
411 3044 240 51 Gegenwart
689 3042 180 39 ausüben
898 3041 188 47 könnten,
1129 3042 111 39 sollte
1279 3055 93 26 man
1411 3043 69 38 ihn
1520 3043 108 40 nicht
1669 3057 48 25 zu

145 3110 78 39 den
252 3109 230 42 Veralteten
512 3106 152 40 zählen.
721 3104 229 52 Allerdings
992 3104 68 39 hat
1097 3104 108 39 diese
1236 3103 109 52 Oper
1374 3104 117 40 einen
1520 3106 195 50 gewissen

144 3172 162 50 Mangel
336 3183 49 26 an
414 3168 285 40 dramatischer
717 3167 282 50 Consequenz;
1028 3167 70 38 der
1126 3166 130 39 Inhalt
1284 3167 108 39 eines
1421 3167 295 40 bändereichen

144 3234 177 39 Romans
362 3232 50 38 ist
454 3231 85 39 hier
582 3230 40 39 in
666 3229 118 40 einen
826 3228 385 52 verhältnissmässig
1251 3229 157 39 kleinen
1437 3229 183 39 Rahmen
1650 3243 44 38 ge-

145 3294 112 46 fasst;
304 3306 40 27 es
373 3294 189 38 kommen
592 3292 155 38 Scenen
778 3304 79 33 vor,
898 3291 64 39 die
991 3304 93 26 man
1113 3290 84 40 sich
1239 3302 69 28 aus
1338 3291 89 39 dem
1458 3292 229 39 Zusammen-

146 3358 127 51 hange
302 3356 109 39 nicht
438 3355 110 40 recht
578 3354 181 40 erklären
788 3354 118 39 kann.
936 3355 82 38 Der
1046 3354 250 41 erläuternde
1322 3355 141 50 Dialog
1492 3355 87 38 füllt
1607 3355 107 39 seine

146 3420 118 40 Stelle
294 3417 108 40 nicht
431 3429 98 39 ganz
560 3429 81 34 aus,
688 3415 133 39 indem
863 3428 43 26 er
936 3415 203 39 einerseits
1170 3429 47 25 zu
1246 3416 132 52 wenig
1406 3417 95 51 gibt,
1531 3417 161 39 anderer-

149 3482 91 40 seits
280 3481 230 52 gegenüber
550 3479 70 39 der
658 3478 294 39 dramatischen
996 3478 80 38 und
1122 3478 53 39 oft
1216 3477 224 52 tragischen
1468 3479 135 40 Macht
1645 3479 70 39 der

145 3544 135 42 Musik
309 3544 77 39 den
419 3541 179 40 Wunsch
626 3553 94 38 rege
750 3541 143 45 macht,
922 3541 126 38 durch
1079 3540 216 39 Recilative
1324 3540 180 51 gänzlich
1534 3541 181 51 beseitigt

146 3621 49 26 zu
238 3607 96 40 sein.
389 3605 148 40 Immer
576 3603 93 39 aber
711 3603 200 39 enthalten
956 3602 63 39 die
1057 3602 368 40 Marschner'schen
1469 3602 139 52 Opern
1650 3604 64 39 bei

146 3669 178 40 Weitem
364 3668 114 39 mehr
517 3668 54 37 als
615 3666 105 44 alles,
779 3676 79 27 was
898 3665 63 39 die
1004 3664 264 40 französische
1296 3662 350 42 Musik-Literatur
1675 3665 39 39 in

146 3732 130 40 ihrem
306 3730 174 41 Einfluss
520 3729 70 39 auf
626 3727 76 40 den
741 3726 223 39 Kunstsinn
1003 3727 70 38 der
1103 3726 240 51 Gegenwart
1390 3739 47 26 zu
1477 3726 146 39 Stande
1667 3740 47 25 zu

146 3794 171 51 bringen
345 3803 173 40 vermag.
574 3791 97 38 Was
713 3789 77 39 den
834 3789 189 49 Templer
1065 3789 83 37 und
1191 3789 63 39 die
1293 3789 123 39 Jüdin
1454 3789 171 51 anlangt,
1672 3800 42 27 so

147 3855 93 51 liegt
268 3856 70 39 der
366 3852 265 52 Hauptwerth
660 3851 126 39 dieses
816 3849 170 41 Werkes
1025 3849 41 39 in
1106 3850 70 39 der
1203 3849 296 40 vortrefflichen
1527 3850 165 39 Bearbei-

149 3923 98 46 tung
275 3918 69 39 des
376 3917 126 40 Chors
532 3917 156 52 (wovon
717 3926 91 27 man
836 3911 188 52 übrigens
1056 3911 96 40 heut
1180 3926 48 25 zu
1254 3914 108 51 Tage
1392 3913 71 39 fast
1491 3925 69 39 gar
1588 3912 127 41 nichts

150 3980 115 39 mehr
304 3977 199 52 versteht),
546 3978 41 38 in
632 3977 70 39 der
739 3974 338 50 Verschmelzung
1124 3974 209 40 desselben
1375 3975 116 39 theils
1538 3974 69 39 mit
1646 3975 71 38 der

151 4054 164 40 grossen
343 4042 111 47 Arie,
500 4053 43 27 so
572 4041 89 38 dass
690 4038 119 47 diese,
854 4037 99 40 über
983 4035 82 40 ihm
1094 4035 379 47 dahinschwebend,
1520 4036 72 39 auf
1630 4036 85 39 rein

148 4104 318 42 musicalischem
494 4103 205 41 Unterbau
743 4100 151 41 sowohl
935 4097 180 42 Anmuth
1153 4096 77 40 wie
1268 4097 283 40 dramatisches
1579 4098 137 39 Leben

150 4167 184 47 entfaltet,
375 4166 116 39 theils
520 4165 71 40 mit
621 4165 90 39 dem
741 4163 121 40 Liede
892 4162 96 40 oder
1017 4160 69 40 der
1114 4159 215 47 Romanze,
1360 4158 62 40 für
1452 4160 149 40 welche
1632 4172 56 30 mu-

1810 279 204 41 sicalische
2042 281 120 39 Form
2193 280 70 39 der
2293 279 236 53 Componist
2569 279 87 41 hier
2686 280 63 40 die
2778 280 196 40 reichsten
3004 280 219 41 Schleusen
3252 280 129 40 seiner

1807 341 212 41 Phantasie
2049 343 133 40 öffnet.
2241 344 55 37 Zu
2340 342 136 40 diesen
2508 343 147 38 Säulen
2698 342 110 39 einer
2846 343 219 39 deutschen
3095 343 111 50 Oper
3246 343 136 50 gesellt

1809 402 84 40 sich
1923 405 64 46 oft,
2025 406 242 39 namentlich
2298 406 40 38 in
2368 406 71 38 der
2469 406 118 38 Form
2618 405 70 37 des
2716 404 151 46 Duetts,
2915 405 68 38 das
3011 405 259 39 kunstvollste
3298 406 82 38 und

1807 463 71 39 mit
1908 465 246 42 Geschmack
2183 466 254 53 ausgeführte
2457 465 229 47 Ensemble,
2716 465 88 39 eine
2834 465 132 39 reiche
2987 468 80 37 und
3096 466 161 53 üppige,
3286 468 98 39 aber

1806 525 248 54 keineswegs
2096 529 213 40 überfüllte
2337 527 368 42 Instrumentation,
2751 527 64 39 die
2853 527 191 40 zuweilen
3083 529 40 39 in
3152 530 89 39 echt
3270 530 88 39 deut-

1808 588 114 39 scher
1952 590 251 40 Tonmalerei
2246 592 62 39 die
2353 590 289 50 glücklichsten
2686 588 144 40 Würfe
2871 590 144 38 macht.
3070 592 162 39 Danach
3262 592 48 40 ist
3340 604 42 28 es

1807 650 297 40 unbedenklich
2146 652 65 38 ein
2248 653 216 40 Verdienst
2502 654 72 39 der
2615 651 294 52 königsberger
2939 651 268 49 Gesellschaft,
3251 654 130 40 dieses

1808 711 130 40 Werk
1966 724 69 26 aus
2064 712 92 39 dem
2187 714 146 40 Staube
2361 715 281 52 hervorgeholt
2671 727 50 27 zu
2751 714 144 46 haben,
2939 726 119 28 wenn
3096 715 73 39 wir
3197 716 161 40 anderer-

1809 773 92 40 seits
1931 773 101 39 auch
2061 773 107 39 nicht
2198 786 119 39 sagen
2346 775 170 47 können,
2555 778 89 38 dass
2675 778 91 38 dem
2797 776 195 51 Schöpfer
3021 776 209 40 desselben
3258 778 124 39 durch

1809 835 64 39 die
1903 837 77 37 Art
2023 835 70 39 der
2121 835 259 51 Aufführung
2419 835 87 40 eine
2549 838 249 39 sonderliche
2827 838 109 39 Ehre
2976 838 200 52 angethan
3222 841 161 38 worden

1811 899 57 37 ist.
1900 897 73 41 Die
2002 898 241 49 Hauptrolle
2273 898 70 38 der
2373 898 182 39 Rebecca
2581 901 139 38 wurde
2750 913 76 27 von
2855 901 80 39 Frl.
2959 901 204 39 Köhler
3192 903 193 50 gegeben.

1811 959 142 40 Leider
1993 959 97 38 fehlt
2132 959 70 38 der
2232 959 234 40 Künstlerin
2501 960 91 49 jede
2622 961 74 38 Art
2738 962 68 39 des
2837 962 364 41 Charakterisirens
3232 965 152 38 sowohl

1810 1022 55 39 im
1895 1021 108 51 Spiel
2033 1020 75 40 wie
2139 1020 55 40 im
2225 1021 170 51 Gesang,
2426 1022 82 38 und
2538 1023 70 38 der
2636 1023 160 52 Mangel
2827 1037 48 26 an
2895 1025 187 40 Reinheit
3114 1025 52 40 im
3189 1025 196 53 Gesänge,

1811 1097 90 27 zum
1934 1083 115 40 Theil
2096 1083 127 40 durch
2270 1085 63 38 die
2376 1084 235 52 schwierige
2649 1086 229 52 Stimmlage
2921 1089 69 39 der
3028 1089 133 40 Partie
3206 1089 179 52 bedingt,

1811 1147 138 39 wurde
1978 1145 126 40 durch
2136 1145 178 40 einzelne
2352 1147 77 38 voll
2468 1147 83 38 und
2592 1147 144 51 kräftig
2780 1148 212 51 klingende
3022 1150 111 40 Töne
3162 1151 108 40 nicht
3300 1165 63 27 ver-

1811 1208 129 40 deckt.
1969 1208 80 39 Am
2073 1208 169 40 meisten
2272 1208 235 52 befriedigte
2536 1209 298 40 unbedenklich
2863 1210 74 39 Hr.
2961 1211 69 40 Dr.
3058 1211 125 40 Lieb
3199 1218 85 42 ert,
3314 1215 71 39 der

1811 1272 55 39 im
1894 1271 233 47 Einzelnen,
2157 1272 219 38 besonders
2406 1271 39 39 in
2475 1272 112 38 dem:
2617 1272 89 46 „Du
2736 1274 139 38 stolzes
2895 1273 197 51 England,
3123 1274 107 40 freue

1811 1334 321 40 überraschende
2166 1333 200 52 Wirkung
2397 1333 126 40 durch
2544 1333 137 41 Macht
2709 1336 83 38 und
2823 1335 246 52 Wohlklang
3098 1336 128 40 seines
3256 1338 131 40 Tones

1812 1396 168 47 erzielte,
2024 1408 41 27 so
2107 1396 88 39 dass
2239 1395 73 40 wir
2341 1395 151 40 diesem
2521 1396 153 52 Sänger
2702 1397 102 39 nach
2835 1398 71 39 der
2935 1397 86 49 Art,
3069 1399 76 39 wie
3175 1412 74 26 uns
3279 1400 110 40 seine

1812 1458 128 41 Mittel
1983 1462 337 47 entgegentraten,
2376 1458 228 52 richtige
2656 1461 82 37 und
2784 1466 132 34 ernste
2959 1461 165 39 Studien
3171 1462 218 40 wünschen

1814 1522 153 46 dürfen,
1997 1521 123 40 damit
2150 1534 43 27 er
2223 1521 84 39 sein
2337 1522 141 38 Talent
2508 1522 235 52 erfolgreich
2772 1524 251 40 verwerthen
3051 1525 122 39 lerne.

1894 1661 48 25 **
1978 1663 444 33 SSadeii-SSadeis.
2481 1657 82 39 Seit
2590 1658 149 39 Jahren
2769 1658 48 39 ist
2863 1660 69 39 der
2961 1661 153 39 Zulluss
3145 1674 77 27 von
3251 1663 109 40 Frem-

1816 1723 78 39 den
1922 1722 108 39 nicht
2060 1734 41 27 so
2132 1733 110 40 gross
2272 1733 197 39 gewesen,
2500 1721 74 39 wie
2599 1722 107 50 jetzt.
2763 1721 137 40 Baden
2930 1723 45 38 ist
3007 1723 107 40 klein
3138 1724 125 48 Paris,
3305 1727 81 38 und

1816 1799 105 26 zwar
1949 1785 60 40 bis
2041 1797 89 26 zum
2159 1783 299 40 Lächerlichen.
2513 1783 232 47 Ehrlich,
2790 1784 158 39 Ernst
2975 1786 83 39 und
3088 1786 82 39 Sei
3184 1787 47 52 ig
3243 1801 146 26 mann

1814 1850 134 38 haben
1976 1846 196 46 versucht,
2210 1845 64 39 die
2303 1846 263 39 Aristokratie
2595 1847 68 39 des
2693 1846 304 40 musicalischen
3028 1847 269 41 Geschmacks
3326 1850 61 39 bei

1816 1912 70 38 der
1915 1907 263 42 Aristokratie
2223 1908 71 39 der
2324 1907 154 40 Geburt
2519 1909 82 38 und
2639 1909 69 39 des
2741 1908 145 41 Geldes
2932 1922 46 25 zu
3017 1910 292 50 repräsentiren

1814 1974 56 40 sie
1900 1973 132 39 haben
2062 1970 174 40 nämlich
2267 1971 40 39 in
2337 1971 127 39 ihrem
2496 1975 131 35 ersten
2650 1971 192 40 Concerte
2872 1985 63 26 am
2970 1973 58 38 16.
3058 1973 80 38 Juli
3168 1985 76 28 nur
3272 1975 118 38 noble

1813 2036 136 41 Musik
1978 2034 195 52 gemacht,
2202 2032 244 40 namentlich
2475 2046 77 26 von
2582 2034 243 47 Beethoven,
2855 2035 82 38 und
2966 2035 105 40 ohne
3095 2036 271 52 Gesangs-Pro-

1814 2100 229 39 duetionen.
2074 2097 65 40 Sie
2169 2097 125 39 sahen
2320 2097 145 52 jedoch
2498 2097 76 48 ein,
2604 2098 88 39 dass
2723 2098 55 39 sie
2796 2098 90 39 dem
2904 2100 221 49 populären
3144 2099 245 42 Geschmack

1813 2164 71 38 der
1913 2161 134 40 hohen
2079 2159 260 40 Gesellschaft
2368 2165 119 34 etwas
2517 2160 115 39 mehr
2659 2159 221 41 Rücksicht
2908 2164 137 49 tragen
3074 2165 188 44 müssten,
3307 2164 78 38 und

1810 2225 161 40 führten
2000 2224 55 38 im
2085 2222 167 40 zweiten
2283 2222 169 40 Concert
2481 2235 64 26 am
2575 2223 61 39 23.
2666 2224 80 38 Juli
2775 2223 65 39 die
2855 2224 195 50 Sängerin
3081 2225 141 39 Wert
3236 2226 57 39 he
3309 2227 7 38 i
3328 2239 38 26 ru-

1811 2290 90 38 ber
1944 2298 69 28 aus
2056 2286 114 38 Paris
2216 2285 83 38 und
2344 2285 78 38 den
2460 2284 152 51 Sänger
2655 2286 141 50 Lyon
2841 2298 84 26 vor.
2982 2286 74 42 Die
3087 2287 299 41 Wertheimber

1811 2349 155 40 machte
1995 2347 73 40 mit
2096 2347 110 40 einer
2236 2345 295 52 transponirten
2558 2346 99 41 Arie
2696 2359 77 26 von
2802 2347 164 39 Verdi
3006 2347 116 40 keine
3165 2349 222 39 besondere

1814 2411 214 51 Wirkung,
2071 2408 107 40 wohl
2222 2409 96 39 aber
2361 2408 73 39 mit
2470 2408 111 39 einer
2609 2408 98 40 Arie
2738 2421 70 26 aus
2838 2409 92 39 dem
2960 2408 352 53 „Glockenspieler
3340 2424 48 27 zu

1811 2474 161 50 Brügge
1975 2476 8 15 4
1988 2476 9 16 '
2034 2483 77 28 von
2152 2470 191 39 Grisar.
2401 2471 78 38 Ein
2523 2471 355 41 Beethovcn'sches
2909 2471 95 40 Trio
3033 2471 63 40 für
3124 2472 139 48 Piano,
3293 2474 72 39 Vio-

1812 2536 81 39 line
1922 2535 84 39 und
2023 2533 110 40 Cello
2163 2534 139 38 wurde
2333 2545 75 27 von
2438 2533 78 39 den
2538 2533 84 40 drei
2646 2533 226 48 Virtuosen,
2903 2534 150 40 welche
3084 2548 50 25 an
3163 2536 70 38 der
3257 2535 130 52 Spitze

1813 2598 130 38 dieser
1973 2596 193 40 Concerte
2195 2595 154 45 stehen,
2379 2596 197 50 glänzend
2604 2596 240 50 ausgeführt.
2883 2596 80 40 Das
2992 2596 115 40 dritte
3135 2597 94 39 fand
3258 2610 63 27 am
3358 2600 29 37 l.

1813 2660 159 50 August
2000 2658 117 44 Statt;
2148 2656 266 39 Kathinka
2444 2657 338 40 Heinefetter
2811 2670 97 40 sang
2938 2658 126 41 darin.
3112 2659 80 39 Am
3222 2659 63 40 20.
3316 2662 69 37 soll

1813 2722 88 39 eine
1930 2721 77 39 Art
2035 2719 211 41 Musikfest
2274 2718 96 47 sein,
2415 2718 131 40 wobei
2585 2731 40 27 es
2655 2719 144 39 darauf
2822 2720 226 52 abgesehen
3077 2721 59 46 ist,
3177 2721 209 40 Berlioz

1814 2784 39 38 in
1872 2782 272 43 Deutschland
2173 2782 62 38 für
2265 2780 63 40 die
2352 2780 416 52 Unempfänglichkeit
2798 2782 69 40 des
2896 2782 154 51 pariser
3078 2784 83 38 und
3190 2785 191 39 londoner

1813 2846 233 40 Publicums
2075 2857 49 26 zu
2153 2844 297 51 entschädigen.

1893 2975 75 49 ***
1996 2978 288 40 Ariilteim,
2314 2972 64 39 20.
2408 2971 92 40 Juli.
2558 2972 126 39 Unser
2728 2971 155 39 zweites
2922 2971 347 42 Damen-Concert
3313 2973 71 40 der

1813 3035 563 43 Sommer-Cäcilia-Concerte
2406 3034 40 39 in
2476 3036 70 38 der
2573 3035 175 38 schönen
2775 3034 118 39 Halle
2922 3034 69 39 des
3024 3034 218 40 Gebäudes
3263 3037 122 37 Musis

1811 3103 162 35 Sacrum
2016 3098 72 39 mit
2128 3097 137 40 seinen
2304 3097 212 40 reizenden
2547 3096 463 51 Garten-Umgebungen
3055 3097 204 41 zeichnete
3302 3098 81 40 sich

1815 3163 124 40 durch
1981 3161 63 38 die
2074 3159 257 51 Mitwirkung
2373 3158 144 40 zweier
2546 3158 120 40 Gäste
2705 3170 70 27 aus
2806 3159 135 38 Köln
2985 3171 83 35 aus,
3112 3159 70 40 des
3211 3161 102 39 Hrn.
3340 3161 46 40 E.

1813 3225 140 40 Koch
1995 3224 82 38 und
2121 3222 69 39 des
2219 3222 100 38 Hrn.
2358 3221 44 39 L.
2432 3221 301 40 Schreiber.
2785 3222 75 38 Hr.
2893 3222 144 39 Koch
3066 3228 90 46 trug
3184 3224 64 39 die
3278 3225 87 39 herr-

1812 3288 130 40 lichen
1970 3285 126 41 Arien
2130 3285 177 39 Weber
2331 3296 16 26 s
2376 3296 70 27 aus
2476 3284 92 38 dem
2589 3283 229 40 Freischütz
2848 3285 83 38 und
2961 3297 70 26 aus
3063 3285 70 38 der
3154 3285 230 52 Euryanthe

1811 3352 71 39 mit
1911 3351 91 38 dem
2032 3348 115 40 edeln
2176 3348 131 50 Klang
2336 3346 131 40 seiner
2497 3347 130 39 vollen
2655 3347 282 39 Bruststimme
2968 3347 82 39 und
3079 3347 130 39 einem
3227 3347 155 42 Gefühl,

1810 3414 76 39 wie
1915 3425 41 27 es
1985 3424 75 26 nur
2089 3410 91 39 dem
2208 3410 267 38 vollkommen
2493 3409 227 51 gebildeten
2738 3409 152 51 Sänger
2919 3411 193 50 vergönnt
3140 3410 59 47 ist,
3229 3422 39 27 es
3292 3410 67 38 wie-

1811 3475 264 51 derzugeben,
2131 3472 72 39 mit
2256 3470 426 40 ausserordentlichem
2730 3471 141 39 Beifall
2916 3483 82 27 vor.
3055 3471 89 40 Und
3199 3471 181 39 dennoch

1811 3537 184 41 übertraf
2030 3537 72 37 der
2149 3533 267 40 meisterhafte
2461 3533 176 52 Vortrag
2686 3533 70 40 der
2806 3533 141 40 Lieder
2989 3546 75 27 von
3109 3533 272 46 Schubert,

1811 3603 143 40 Dorn
1996 3598 83 39 und
2121 3596 308 41 Marschner
2474 3596 73 39 fast
2585 3596 104 39 noch
2728 3597 94 50 jene
2864 3595 223 40 trefflichen
3115 3594 267 52 Leistungen!

1810 3664 91 40 Und
1929 3660 75 39 wie
2034 3658 436 51 anerkennungswerth
2511 3671 83 26 war
2639 3657 63 40 die
2731 3658 203 44 Auswahl,
2982 3656 147 39 welche
3159 3657 75 38 Hr.
3265 3657 117 40 Koch

1810 3723 192 54 getroffen
2033 3744 47 7 —
2111 3723 50 38 da
2198 3735 82 25 war
2324 3733 77 27 von
2444 3721 157 39 keinem
2647 3720 273 40 italiänischen
2963 3718 95 39 oder
3087 3718 296 41 französischen

1810 3786 248 41 Flitterwerk
2088 3785 64 39 die
2182 3785 132 39 Rede:
2342 3797 76 27 nur
2448 3784 70 39 der
2548 3784 111 38 echte
2689 3782 187 39 deutsche
2906 3781 170 51 Gesang,
3107 3782 78 40 wie
3215 3794 42 27 er
3281 3783 101 38 auch

1810 3862 74 27 uns
1901 3848 316 40 Niederländern
2247 3860 89 27 zum
2357 3848 159 39 Herzen
2545 3846 158 51 spricht,
2733 3856 82 27 war
2837 3848 209 42 vertreten,
3078 3845 81 38 und
3183 3843 199 47 wahrlich,

1811 3924 82 27 wer
1922 3911 77 38 den
2016 3911 173 50 Vortrag
2215 3909 129 39 dieser
2363 3909 160 38 wahren
2540 3907 130 40 Musik
2700 3918 42 26 so
2771 3904 40 39 in
2841 3904 72 40 der
2932 3905 156 40 Gewalt
3106 3906 76 47 hat,
3212 3906 76 38 wie
3309 3906 72 38 Hr.

1812 3974 128 46 Koch,
1970 3973 71 39 der
2069 3973 144 39 bedarf
2237 3972 99 39 auch
2363 3972 114 50 jener
2505 3972 147 37 bunten
2684 3968 166 51 Lappen
2880 3968 121 44 nicht,
3041 3968 62 39 die
3142 3979 42 27 so
3215 3968 167 39 manche

1813 4038 151 49 Sänger
1992 4048 68 26 um
2091 4035 63 39 die
2183 4035 166 40 Blossen
2378 4034 106 39 ihrer
2515 4034 128 35 Kunst
2672 4043 46 26 zu
2750 4031 161 50 hängen
2939 4041 246 41 gezwungen
3214 4029 101 39 sind.

1893 4098 102 38 Hrn.
2025 4096 328 39 Schreiber's
2383 4092 231 41 Virtuosität
2643 4092 71 39 auf
2747 4093 71 39 der
2849 4094 213 48 Trompete
3102 4104 48 27 zu
3172 4092 209 43 schildern,

1812 4161 47 40 ist
1889 4158 64 41 ein
1983 4157 107 52 Ding
2118 4158 71 40 der
2217 4153 336 54 Unmöglichkeit;
2583 4166 42 27 er
2655 4153 47 41 ist
2743 4154 164 52 Sänger,
2948 4152 250 48 Clarinettist,
3229 4151 131 41 Violin-
