2273 3728
705 216 75 26 LES
812 215 191 27 OEUVRES
1034 206 269 35 RÉCEMMENT
1338 205 251 36 EXÉCUTÉES

160 216 46 39 54

257 308 244 40 «CONCERTO
526 319 434 29 BRANDEBOURGEOIS
994 311 48 34 N°
1063 309 86 44 6»,
1176 318 54 26 DE
1252 302 117 56 J.-S.
1395 304 123 40 BACH
1543 302 169 49 (DIRIGÉ
1738 318 83 24 PAR
1844 301 61 40 M.
1936 301 141 48 BRET,
2115 316 24 25 A

157 392 51 25 LA
233 375 193 42 SOCIÉTÉ
451 375 159 49 BACH).

633 398 52 3 —
708 373 62 41 Ce
793 382 217 38 concerto,
1037 375 102 38 écrit
1163 385 111 39 pour
1299 387 20 25 2
1343 372 127 45 altos,
1496 388 20 24 2
1533 373 139 39 violes
1696 370 250 51 degambe,
1966 370 149 40 violon-

155 446 106 38 celle
283 453 40 30 et
358 446 209 37 continuo
598 443 75 49 (au
706 442 227 48 clavecin),
971 440 78 41 fait
1083 442 140 51 partie
1244 440 59 40 du
1338 441 177 50 recueil,
1539 441 185 40 terminé
1740 453 54 25 en
1830 452 118 38 1721,
1977 438 161 50 auquel

155 513 119 40 Bach
319 527 22 24 a
383 511 145 39 donné
565 510 40 39 le
636 511 98 38 titre
780 509 181 51 général
997 509 54 40 de
1090 508 201 40 Concerts
1333 523 95 25 avec
1455 508 210 54 plusieurs
1694 507 274 39 instruments
1975 536 7 8 .
2022 504 33 40 C
2075 514 64 31 est

155 594 85 27 une
262 580 76 39 des
362 591 173 27 œuvres
567 577 62 40 les
661 577 100 52 plus
790 577 139 40 belles
953 585 40 32 et
1024 577 62 39 les
1106 576 99 52 plus
1240 575 234 51 agréables
1498 581 22 35 à
1540 575 226 48 entendre,
1792 574 63 40 les
1886 573 99 52 plus
2013 573 100 39 char-

155 656 170 31 mantes
359 647 73 50 qui
471 647 186 38 existent
688 659 54 26 en
773 647 220 49 musique.
1029 643 321 53 L'impression
1387 646 75 49 qui
1496 644 180 39 domine
1698 650 66 32 est
1799 642 200 51 toujours
2034 641 105 40 celle

154 715 101 41 d'un
280 723 62 32 art
365 714 116 51 plein
502 713 53 40 de
576 727 145 34 verve,
745 714 52 39 de
818 722 285 31 mouvement
1125 722 41 31 et
1188 712 53 40 de
1260 715 146 47 grâce.
1430 711 63 41 Ce
1516 716 220 35 caractère
1760 711 31 38 si
1823 711 166 44 vivant,
2023 708 112 40 Bach

153 782 199 40 l'obtient
374 784 129 47 grâce
525 786 22 35 à
572 795 78 26 son
682 783 131 48 génie
843 780 183 41 d'abord
1051 789 41 32 et
1119 785 21 36 à
1162 794 47 27 sa
1232 781 309 39 merveilleuse
1578 779 163 40 facilité
1771 778 231 39 d'écriture
2021 791 8 33 ;
2051 777 27 39 il
2101 777 37 39 le

152 854 81 36 tire
256 851 117 39 aussi
397 849 76 40 des
508 849 160 40 danses
698 849 105 52 qu'il
842 850 122 39 imite
1002 849 110 40 dans
1152 849 39 39 la
1217 849 265 51 symphonie
1515 861 110 38 pure
1647 856 40 31 et
1715 847 75 51 qui
1823 846 197 40 donnent
2054 849 21 34 à
2098 845 37 39 la

150 920 298 50 composition
470 932 87 26 une
579 918 139 40 allure
740 918 36 40 si
800 925 241 32 nettement
1065 917 198 52 rythmée
1284 930 7 26 :

200 1256 62 40 Le
294 1255 133 41 finale
450 1278 50 4 —
523 1260 57 35 où
600 1261 94 33 tout
716 1253 98 40 l'art
834 1252 53 40 de
909 1250 171 41 Mozart
1103 1258 65 32 est
1200 1250 97 52 déjà
1332 1249 143 40 inclus
1505 1272 50 5 —
1586 1263 21 26 a
1639 1249 170 40 l'allure
1832 1249 54 40 de
1920 1250 38 39 la
1983 1251 151 49 gigue.

144 1324 37 41 L
185 1324 175 52 'adagio
367 1355 10 16 9
404 1324 74 51 qui
499 1322 77 40 fait
595 1322 181 39 chanter
799 1321 63 39 les
882 1320 113 40 deux
1019 1319 113 40 altos
1158 1331 76 27 sur
1256 1317 459 52 l'accompagnement
1748 1317 77 40 des
1847 1317 172 47 basses,
2045 1332 20 25 a
2096 1318 38 38 la

145 1393 224 51 grandeur
391 1392 76 39 des
488 1392 144 50 pièces
656 1388 236 41 similaires
916 1388 54 39 de
994 1387 258 40 Beethoven
1274 1383 121 54 (sans
1418 1399 55 26 en
1498 1387 122 38 avoir
1638 1385 228 40 d'ailleurs
1891 1385 40 40 la
1955 1387 181 50 passion

145 1460 215 54 profonde
379 1468 40 32 et
442 1472 53 27 en
518 1466 167 32 restant
717 1454 212 55 formels).
955 1455 55 40 Et
1033 1453 104 42 c'est
1168 1454 227 40 merveille
1418 1452 257 41 d'entendre
1703 1467 69 26 ces
1795 1455 294 39 instruments
2114 1458 20 35 à

144 1530 153 39 cordes
315 1531 197 47 engagés
538 1540 102 26 avec
662 1538 87 28 une
771 1524 233 51 discipline
1038 1524 36 38 si
1105 1528 101 34 sûre
1230 1522 111 40 dans
1365 1530 100 31 tous
1484 1521 64 40 les
1571 1521 125 40 ébats
1726 1521 59 41 du
1824 1524 279 50 contrepoint
2127 1522 5 38 !

144 1597 57 40 Ils
224 1605 99 32 sont
347 1610 55 26 au
435 1596 99 50 plus
569 1594 107 40 haut
713 1594 122 51 point
871 1596 259 35 évocateurs
1150 1590 53 40 de
1235 1590 169 52 l'esprit
1426 1598 40 31 et
1501 1590 52 39 de
1577 1590 38 39 la
1649 1591 70 38 vie
1750 1588 275 42 d'autrefois.
2047 1589 88 41 Nul

144 1663 67 42 n'a
235 1666 146 38 mieux
399 1677 51 26 su
471 1676 85 38 que
574 1661 122 41 Bach
711 1660 110 40 faire
843 1659 145 52 parler
1007 1659 61 39 les
1085 1658 155 40 cordes
1264 1666 40 32 et
1326 1658 93 40 leur
1438 1658 171 40 donner
1624 1658 54 39 de
1702 1658 39 39 la
1765 1657 183 41 couleur
1968 1660 5 36 !
1997 1681 52 4 —

2070 1657 61 41 M.

198 1777 209 41 CANTATE
443 1790 19 23 «
497 1774 211 42 SCIÏLAGE
763 1788 136 36 DOCH,
951 1786 309 28 GEWUNSCHTE
1305 1771 185 42 STUNDE
1534 1785 19 25 »
1597 1771 174 53 (SONNE
1804 1787 135 35 DONC,
1985 1789 148 26 HEURE

141 1859 233 26 ATTENDUE
393 1845 45 50 !),
466 1858 55 25 DE
544 1842 113 55 J.-S.
685 1843 123 40 BACH
829 1839 168 54 (IBID.).
1023 1865 54 4 —
1096 1840 80 41 Cet
1198 1843 65 38 air
1285 1840 170 41 célèbre
1478 1854 112 38 pour
1609 1841 217 41 contralto
1849 1851 66 32 est
1932 1841 105 41 écrit
2059 1856 75 26 sur

142 1914 77 39 des
240 1913 175 52 paroles
438 1912 235 51 indiquant
697 1912 40 38 la
762 1914 144 36 même
931 1910 212 40 situation
1164 1923 87 38 que
1270 1909 40 40 la
1344 1908 201 40 fameuse
1561 1910 298 51 composition
1884 1910 53 39 de
1967 1910 164 51 Braga,

143 1985 326 47 accompagnée
504 1994 55 26 au
589 1978 263 40 violoncelle
872 1993 7 24 :
920 1986 148 31 extase
1099 1977 58 40 du
1198 1985 207 32 mourant
1443 1978 75 51 qui
1545 1977 149 40 attend
1727 1990 46 27 sa
1808 1975 251 43 délivrance
2094 1987 40 31 et

142 2050 164 51 perçoit
325 2049 95 51 déjà
445 2048 62 39 les
530 2048 99 39 voix
650 2046 182 40 célestes
855 2046 53 39 de
930 2043 153 42 l'autre
1101 2046 85 38 vie.
1212 2043 116 41 Mais
1352 2044 120 40 Bach
1495 2057 55 27 ne
1571 2043 78 41 fait
1668 2059 82 37 pas
1773 2045 53 39 de
1849 2048 260 38 sentimenta-

142 2118 151 39 lisme:
316 2117 29 39 il
368 2130 53 26 ne
452 2115 78 40 fait
554 2118 140 36 même
725 2128 78 38 pas
838 2115 53 39 de
929 2126 20 24 «
970 2114 150 51 poésie
1144 2125 20 25 »
1189 2115 8 36 I
1242 2112 32 40 II
1296 2121 64 31 est
1383 2111 132 41 d'une
1546 2116 174 37 naïveté
1742 2115 75 50 qui
1842 2114 259 40 déconcerte
2124 2113 6 39 !

142 2184 150 40 L'idée
313 2185 51 39 de
389 2184 179 40 réaliser
587 2196 86 26 une
696 2182 157 52 simple
876 2184 149 47 image
1063 2181 59 39 du
1146 2189 113 31 texte
1293 2180 152 40 verbal
1465 2189 41 31 et
1529 2180 54 40 de
1611 2180 109 40 faire
1752 2182 213 39 entendre
1989 2186 20 35 à
2036 2182 73 52 plu-

144 2255 138 37 sieurs
311 2253 190 51 reprises
526 2264 86 27 une
631 2250 150 41 cloche
808 2250 131 39 réelle
968 2263 55 26 au
1053 2257 199 32 moment
1274 2255 57 34 où
1356 2248 38 40 le
1418 2248 199 41 chrétien
1637 2249 62 40 dit
1722 2264 7 24 :
1759 2262 19 24 «
1816 2247 167 49 Sonne,
2009 2250 124 39 heure

144 2321 127 39 bénie
294 2319 6 39 !
327 2320 72 50 (de
419 2319 38 40 la
483 2320 133 48 mort)
647 2331 37 35 »,
711 2320 35 38 si
770 2317 103 41 bien
897 2330 85 40 que
1003 2325 109 32 cette
1135 2318 302 50 composition
1461 2330 21 26 a
1512 2331 59 38 pu
1600 2321 91 36 être
1730 2318 182 51 appelée
1956 2317 177 40 Cantate

144 2389 70 38 des
237 2387 160 40 cloches
404 2418 7 17 ,
431 2396 64 31 est
516 2400 86 27 une
620 2387 96 39 idée
739 2399 192 39 presque
954 2384 229 41 enfantine
1204 2392 41 32 et
1268 2398 85 38 peu
1392 2385 135 50 digne
1543 2385 106 40 d'un
1673 2385 141 50 grand
1847 2387 169 38 artiste.
2039 2385 96 42 Une

144 2457 99 39 telle
266 2464 175 31 cantate
479 2455 91 39 doit
609 2451 225 43 d'ailleurs
857 2457 91 36 être
993 2455 132 38 écrite
1163 2465 114 39 pour
1312 2451 171 52 l'église
1505 2467 10 24 :
1555 2461 40 32 et
1625 2461 223 32 comment
1884 2462 159 31 mettre
2071 2453 62 40 les

144 2524 172 39 cloches
338 2523 110 39 dans
472 2523 253 39 l'orchestre
744 2521 184 51 d'église
946 2521 16 39 ?
979 2521 50 54 Je
1050 2521 99 40 dois
1173 2522 171 51 ajouter
1367 2533 85 39 que
1470 2528 64 33 cet
1558 2521 64 39 air
1641 2521 54 39 de
1722 2521 218 40 contralto
1966 2521 168 51 fatigue

144 2606 79 37 par
257 2589 381 42 d'interminables
676 2591 258 50 répétitions
969 2589 53 40 de
1044 2598 116 31 mots
1182 2604 8 33 ;
1227 2591 113 38 mais
1383 2589 103 40 c'est
1522 2588 40 40 là
1592 2603 60 26 un
1680 2588 151 41 défaut
1873 2602 208 27 commun
2110 2594 20 35 à

143 2672 190 39 presque
353 2667 119 32 toute
495 2656 244 42 l'ancienne
762 2658 205 50 musique
988 2656 153 41 vocale
1164 2655 7 40 !

198 2775 234 40 ANCIENNE
484 2787 201 33 MUSIQUE
741 2787 242 36 FRANÇAISE
1024 2772 162 52 (SALLE
1220 2787 81 27 DES
1336 2775 370 47 AGRICULTEURS,
1740 2789 45 37 19
1825 2775 218 51 JANVIER).
2085 2800 43 4 —

142 2844 141 51 Après
324 2858 86 26 une
450 2845 203 48 élégante
687 2852 41 31 et
770 2842 308 41 substantielle
1117 2841 259 42 conférence
1411 2843 54 41 de
1505 2842 63 41 M.
1609 2843 151 53 Henry
1793 2843 164 52 Expert
1992 2847 90 50 qui,
2109 2850 21 35 à

143 2913 165 49 grands
332 2913 141 48 traits,
511 2926 21 25 a
564 2916 172 35 montré
770 2912 39 39 la
838 2911 192 40 richesse
1060 2920 41 31 et
1146 2909 284 53 l'originalité
1461 2912 52 39 de
1545 2912 40 39 la
1609 2914 208 49 musique
1850 2912 218 51 française
2108 2919 21 34 à

143 2988 144 32 toutes
309 2980 61 39 les
406 2984 196 47 époques
635 2980 156 51 depuis
815 2979 205 50 l'origine
1057 2977 74 55 (i),
1165 2980 40 39 la
1232 2979 166 40 Société
1435 2980 72 39 des
1530 2986 187 33 concerts
1753 2979 172 40 anciens
1960 2994 113 27 nous
2108 2996 21 25 a

141 3047 78 40 fait
240 3047 211 40 entendre
485 3060 87 27 une
604 3048 112 39 série
751 3047 261 40 d'aimables
1046 3048 144 51 pièces
1214 3048 59 39 du
1294 3062 105 25 xvin
1403 3052 15 17 e
1452 3047 129 40 siècle
1610 3049 154 38 écrites
1789 3060 57 27 ou
1889 3054 239 45 arrangées

141 3128 112 39 pour
275 3114 191 40 clavecin
485 3114 64 51 (M
553 3113 38 24 lle
607 3114 273 51 Marguerite
901 3114 241 50 Delcourt),
1167 3128 113 38 pour
1308 3114 104 40 flûte
1437 3113 77 54 (M.
1536 3113 139 42 Louis
1696 3113 196 55 Fleury),
1916 3116 211 41 hautbois

142 3183 201 39 d'amour
363 3180 78 49 (M.
467 3181 51 40 L.
545 3180 215 53 Bleuzet),
780 3182 117 40 viole
917 3182 54 40 de
990 3182 163 51 gambe
1176 3180 80 51 (M.
1280 3180 54 42 G.
1357 3182 271 51 Desmonts),
1652 3183 152 41 violon
1825 3182 79 51 (M.
1926 3183 200 50 Lavello)

183 3338 47 40 (1)
253 3338 39 39 Je
305 3336 195 43 signalerai
525 3346 70 23 une
617 3336 113 40 petite
751 3336 257 32 inadvertance
1029 3345 6 22 :
1064 3336 47 32 M.
1135 3335 143 40 Expert,
1302 3338 18 29 à
1340 3346 135 30 propos
1495 3336 45 31 du
1559 3336 70 32 lieu
1652 3337 44 31 de
1719 3336 190 33 naissance
1933 3337 44 31 de
2006 3336 119 33 Guido

136 3389 166 32 d'Arezzo
326 3387 75 41 (qui
418 3386 106 32 serait
541 3386 199 41 originaire
763 3386 42 32 de
829 3385 466 33 Saint-Maur-des-Fossés
1313 3385 45 40 1!)
1379 3396 17 22 a
1420 3385 157 33 attribué
1598 3388 18 30 à
1637 3387 83 31 dom
1740 3386 117 32 Morin
1882 3396 70 22 une
1972 3385 153 42 opinion

135 3449 69 31 que
226 3449 39 21 ce
286 3436 142 33 dernier
447 3447 17 21 a
503 3435 82 33 bien
606 3435 159 41 publiée,
807 3436 23 30 il
866 3443 52 24 est
939 3435 88 39 vrai,
1050 3436 90 30 mais
1163 3434 87 41 qu'il
1284 3434 81 33 s'est
1396 3437 182 38 empressé
1616 3435 43 32 de
1687 3436 119 32 renier
1833 3446 85 22 avec
1946 3435 179 34 franchise

135 3491 157 37 quelque
310 3494 117 33 temps
451 3488 114 38 après,
585 3495 139 22 comme
747 3486 174 31 résultant
938 3484 106 33 d'une
1065 3483 205 34 confusion.
