2514 4046
1100 328 389 93 POÈME

275 532 126 54 Moi
452 534 419 56 Flammfolle

271 621 347 59 Chantons
656 629 175 51 cette
871 628 142 54 nuit
1047 644 118 38 sur
1204 628 95 54 les
1339 635 225 50 monts

268 714 78 53 Je
383 715 144 54 vois
566 731 236 49 passer
830 719 99 55 les
957 720 405 63 aéroplanes

271 804 228 57 Points
537 808 84 53 de
671 807 309 57 l'horizon

271 894 124 64 Qui
434 894 350 58 s'allaitent
833 903 39 51 à
911 899 63 55 la
1003 901 155 54 lune

265 1009 119 54 J'ai
423 1010 129 55 soif

268 1110 445 57 Donnez-moi
745 1118 39 51 à
824 1115 187 55 boire
1052 1122 221 51 toutes
1313 1118 94 55 les
1437 1119 287 56 blondes
1762 1124 394 55 chevelures

266 1225 182 54 Dans
486 1226 57 54 le
569 1226 246 57 silence

266 1325 102 56 On
407 1333 154 50 sent
602 1329 283 56 s'enfuir
922 1329 95 58 les
1052 1334 353 54 souvenirs

262 1429 215 64 gibier
514 1434 39 51 à
593 1432 59 54 la
696 1433 406 57 débandade

265 1531 41 53 Il
345 1537 104 50 est
486 1532 226 57 inutile
735 1537 85 55 de
847 1538 222 55 courir
1094 1538 296 56 derrière
1417 1556 131 39 eux

261 1634 112 62 qui
415 1637 305 61 pourrait
740 1639 95 54 les
861 1640 245 56 saisir?

261 1747 343 58 Personne
652 1757 103 49 n'a
784 1769 88 47 pu
909 1759 258 52 arrêter
1198 1773 112 40 ma
1348 1758 273 56 marche

261 1849 192 56 Brille
477 1852 187 56 soleil

740 1957 89 55 La
863 1959 104 54 vie
1007 1965 103 51 est
1149 1961 223 57 bonne

257 2060 80 55 Et
370 2065 116 50 ton
519 2060 320 56 souvenir
876 2062 245 57 chante
1148 2065 172 56 dans
1361 2081 112 40 ma
1499 2072 265 50 montre

257 2172 93 55 Oh
388 2172 196 56 vieux
630 2175 166 54 Tarn

730 2277 181 55 Dans
950 2294 90 39 un
1071 2280 112 56 feu
1215 2281 187 57 follet

251 2376 262 56 Allume
539 2382 117 50 ton
696 2378 223 65 cigare

254 2479 40 55 Il
322 2481 318 63 s'éloigne
678 2496 82 39 en
791 2481 324 57 chantant
1155 2501 122 47 par
1313 2486 96 56 les
1444 2487 325 65 bosquets

250 2583 96 54 Tu
374 2599 195 39 seras
603 2589 189 49 toute
828 2585 61 53 la
937 2585 278 56 lumière
1253 2592 175 52 cette
1468 2591 144 55 nuit

252 2697 126 54 Les
405 2697 357 64 araignées
788 2698 113 63 qui
942 2700 303 61 pendent

247 2797 146 54 Aux
433 2813 244 50 rayons
704 2801 125 54 des
862 2799 235 56 étoiles

247 2900 170 56 Sont
436 2901 484 57 d'admirables
950 2904 489 57 marionnettes

250 3014 221 55 Danse
505 3014 210 56 Vieux
760 3018 165 53 Tam
970 3018 222 54 Danse

245 3114 99 55 Au
377 3116 226 54 milieu
645 3119 122 55 des
804 3125 156 58 sept
998 3121 195 56 nains
1228 3122 87 55 de
1351 3121 60 54 la
1445 3127 366 61 montagne

247 3217 182 55 Dans
461 3217 62 55 la
562 3220 178 54 main
784 3222 257 63 prends

245 3320 183 55 Celui
468 3320 112 64 qui
617 3321 157 64 joue
804 3325 83 54 de
928 3325 62 56 la
1026 3325 166 56 flûte

242 3433 98 55 Ta
367 3437 137 52 tête
547 3437 180 61 pend
768 3438 84 54 de
886 3437 61 55 la
980 3438 231 56 fumée
1253 3441 84 53 de
1372 3446 117 49 ton
1527 3441 223 65 cigare

1121 3593 370 56 VINCENT
1540 3596 436 57 HUIDOBRO
