3347 4236
260 302 314 55 TEK
659 302 60 56 H
805 304 60 54 N
946 304 45 54 E

2604 3745 145 55 107

263 442 279 42 d'actualité?
590 444 58 42 Le
692 444 146 54 cirque
882 443 174 41 romain
1103 460 20 25 a
1171 444 35 41 le
1249 442 116 43 sable
1409 441 20 41 à

261 505 159 51 jamais
449 507 127 52 rougi
606 506 58 40 du
693 521 106 38 sang
828 505 71 42 des
929 517 192 40 martyrs
1149 505 212 42 chrétiens
1392 515 39 30 et

261 566 243 52 symbolise
536 566 297 43 l'écrasement
865 568 259 41 inexorable
1155 568 70 41 des
1258 566 170 42 faibles.

263 628 313 42 Revenons-en
616 628 21 41 à
675 643 41 26 ce
758 628 291 42 romantisme
1089 630 49 40 de
1176 628 110 42 faux
1326 629 101 42 aloi,

260 689 101 53 plus
387 689 181 42 ridicule
595 705 83 39 que
704 690 108 42 celui
841 690 249 41 d'Hernani
1116 702 40 29 et
1182 691 50 40 de
1258 689 173 42 Dumas

262 750 109 52 père.
408 751 141 53 Après
583 752 35 41 le
649 752 146 41 Palais
827 752 50 42 de
908 752 163 42 Justice
1104 755 50 38 de
1186 751 242 43 Bruxelles,

263 813 56 41 les
347 813 104 52 jeux
484 813 197 42 romains
706 813 272 53 complètent
1006 815 35 40 le
1069 813 174 42 tableau
1272 814 49 41 de
1350 827 54 26 no-

263 886 61 29 tre
357 874 203 42 désordre
592 875 214 52 spirituel.
842 875 219 42 Désordre
1093 876 206 41 d'autant
1331 876 99 52 plus

263 935 430 53 incompréhensible
736 951 84 39 que
862 952 116 27 nous
1021 951 190 27 sommes
1255 952 60 26 un
1361 938 70 40 des

263 998 178 51 peuples
468 1000 56 41 les
548 998 100 52 plus
674 998 135 41 riches
833 1013 51 27 en
909 999 229 41 souvenirs
1161 997 267 54 populaires.

331 1058 58 42 Le
430 1060 175 41 tableau
644 1059 127 42 serait
808 1060 245 53 incomplet
1091 1061 47 46 si,
1181 1061 21 41 à
1243 1062 39 41 la
1322 1060 109 42 suite

263 1120 49 41 de
358 1119 126 42 MM.
533 1120 191 55 Georges
770 1121 151 54 Rency
967 1137 39 30 et
1053 1122 137 42 Louis
1234 1122 192 44 Piérard,

263 1197 114 26 nous
410 1197 51 26 ne
493 1182 387 55 signalionsqu'au
913 1198 126 27 cours
1072 1185 50 40 de
1156 1194 104 32 cette
1295 1183 135 42 année

263 1244 59 40 du
356 1244 256 46 centenaire,
651 1244 58 42 les
742 1246 144 42 lettres
919 1246 156 52 belges,
1113 1257 158 31 autant
1306 1246 100 42 fran-

262 1305 126 51 çaises
428 1320 84 39 que
552 1305 264 47 flamandes,
860 1321 82 29 ont
984 1307 62 41 été
1084 1307 346 52 complètement

264 1366 204 43 oubliées.

330 1428 88 41 Des
453 1429 253 41 nombreux
740 1429 202 43 millions
978 1429 204 54 dépensés
1218 1445 50 27 en
1302 1444 102 39 para-

264 1490 84 45 des,
378 1505 76 37 pas
484 1505 60 26 un
573 1491 185 41 centime
787 1491 72 42 n'a
888 1491 62 42 été
976 1492 192 42 attribué
1196 1492 20 41 à
1245 1495 38 40 la
1313 1491 97 42 litté-

263 1563 157 29 rature.
459 1551 80 41 Les
576 1552 127 42 toiles
740 1554 71 40 des
846 1554 190 51 peintres
1073 1564 139 30 morts
1249 1568 81 29 ont
1369 1552 61 42 été

263 1613 216 52 exposées,
506 1613 57 41 les
585 1628 166 27 œuvres
774 1615 71 40 des
865 1614 178 41 vivants
1067 1615 132 40 n'ont
1221 1629 59 38 pu
1306 1627 99 30 trou-

262 1689 72 26 ver
363 1675 78 41 nul
470 1675 93 41 abri
592 1690 116 38 pour
734 1690 40 27 se
804 1676 209 54 grouper!

331 1735 63 42 La
438 1736 212 55 Belgique
694 1737 378 42 deviendrait-elle
1116 1752 59 26 un
1220 1737 211 41 immense

263 1798 175 41 marché
474 1798 51 41 de
561 1798 184 53 regrets?
783 1798 58 44 Et
877 1799 90 40 dire
1004 1799 103 53 qu'à
1145 1798 128 53 Liège
1308 1813 62 28 on
1409 1811 21 26 a

263 1858 176 54 glorifié
473 1859 57 41 les
564 1858 205 54 procédés
801 1860 57 42 les
891 1860 101 53 plus
1024 1859 323 53 perfectionnés
1381 1858 50 41 de

263 1932 126 30 notre
425 1921 230 44 industrie,
693 1921 21 42 à
752 1921 187 44 Anvers,
980 1936 81 27 nos
1095 1920 179 54 progrès
1309 1920 97 41 colo-

264 1982 137 41 niaux
439 1996 42 30 et
517 1982 257 42 maritimes.
814 1982 94 54 N'y
947 1983 199 42 aurait-il
1187 1984 49 40 de
1274 1982 157 42 vivant

263 2058 49 26 en
341 2059 42 26 ce
408 2058 110 39 pays
547 2059 83 39 que
656 2044 57 41 les
742 2045 248 53 puissances
1019 2045 227 53 d'argent?

1227 2105 55 42 G.
1312 2104 48 42 P.

261 2386 788 77 CONCLUSIONS

261 2516 112 55 du
414 2516 119 55 X
540 2519 33 24 II
573 2519 34 24 me
648 2516 360 61 Congrès
1055 2516 327 55 Interna-

260 2613 267 55 tional
565 2615 155 53 des
759 2614 493 54 Architectes

263 2752 157 53 Thème
451 2752 63 53 I.
546 2752 31 53 —
609 2752 157 53 Sujet
806 2768 9 26 :
851 2753 64 42 La
949 2753 189 41 réforme
1172 2753 51 41 de
1258 2754 150 41 l'ensei-

265 2827 212 39 gnement
499 2813 328 53 professionnel
850 2813 307 43 architectural
1180 2814 225 41 conformé-

266 2884 124 34 ment
411 2891 90 27 aux
521 2876 225 52 exigences
769 2876 51 42 de
841 2877 41 41 la
903 2874 217 54 pratique.

330 2975 68 40 En
436 2974 330 41 considération
802 2975 51 41 de
888 2975 39 42 la
963 2974 215 42 situation
1215 2975 50 42 de
1300 2974 108 42 l'éco-

264 3036 149 42 nomie
453 3036 242 46 mondiale,
736 3036 111 42 ainsi
883 3051 84 40 que
1007 3037 71 41 des
1116 3037 314 53 changements

263 3098 209 42 radicaux
507 3097 120 42 subis
660 3113 79 38 par
774 3101 39 43 la
844 3098 273 54 production
1154 3097 275 43 industrielle

267 3160 152 53 depuis
463 3161 40 41 la
547 3160 164 54 grande
753 3174 162 40 guerre,
963 3160 35 42 le
1041 3158 199 55 Congrès
1283 3158 149 43 estime

263 3221 228 42 nécessaire
512 3236 85 39 que
622 3222 362 53 renseignement
1006 3222 71 42 des
1100 3221 330 42 connaissances

262 3282 273 48 financières,
568 3283 314 54 économiques
911 3297 40 30 et
981 3282 356 55 d'organisation
1370 3282 59 42 du

264 3345 157 41 travail
444 3360 159 38 occupe
625 3346 111 40 dans
759 3345 40 42 la
821 3344 250 43 formation
1096 3346 49 40 de
1166 3343 263 45 l'architecte

264 3407 210 41 moderne
510 3421 85 28 une
629 3407 119 53 place
785 3406 310 43 notablement
1130 3406 100 53 plus
1265 3407 165 52 grande

263 3468 310 54 qu'autrefois*

332 3542 36 41 Il
400 3543 149 41 estime
580 3542 229 42 nécessaire
838 3556 84 41 que
952 3544 12 41 1
988 3541 265 55 acquisition
1287 3541 49 42 de
1368 3555 62 28 ces

265 3605 332 41 connaissances
641 3619 51 27 ne
735 3603 87 44 soit
862 3604 102 52 plus
1007 3603 189 53 reléguée
1240 3603 109 42 dans
1392 3603 38 42 la

1579 445 204 55 pratique
1816 445 265 53 postérieure
2118 461 87 27 aux
2242 446 161 42 études,
2444 446 108 42 mais
2588 446 160 55 qu'elle

1582 510 170 42 marche
1777 512 48 40 de
1848 511 95 52 pair
1966 526 98 27 avec
2086 512 57 41 les
2165 512 147 41 études
2336 512 265 54 théoriques.
2627 512 117 43 Pour

1581 586 25 37 y
1643 572 174 44 arriver,
1859 573 34 40 le
1928 573 200 53 Congrès
2163 573 196 42 formule
2397 574 55 41 les
2488 588 132 27 vœux
2660 575 66 40 sui-

1579 646 129 30 vants
1747 649 8 25 :

1657 703 42 32 i°
1743 695 108 41 Sans
1885 698 182 40 toucher
2099 697 22 41 à
2158 698 38 40 la
2231 697 251 43 formation
2518 698 230 54 artistique

1580 756 71 41 des
1678 757 263 45 architectes,
1968 760 38 40 la
2030 760 302 51 composition
2359 761 70 41 des
2453 759 173 43 édifices
2651 760 97 44 doit

1580 817 85 42 être
1702 820 222 53 enseignée
1964 821 49 41 de
2053 821 98 42 telle
2188 822 131 52 façon
2361 838 84 39 que
2486 823 55 42 les
2580 825 167 52 projets

1581 881 202 41 tiennent
1818 893 177 42 compte
2034 883 49 41 de
2121 884 38 42 la
2197 884 146 41 réalité
2378 898 39 30 et
2455 885 142 43 soient
2633 886 113 42 aussi

1580 941 193 42 élaborés
1799 958 39 30 et
1864 944 223 42 examinés
2113 961 53 26 au
2196 946 132 53 point
2356 947 49 41 de
2432 962 82 27 vue
2542 949 50 40 de
2618 947 107 45 l'éco-

1579 1004 163 43 nomie,

1651 1074 47 32 2°
1740 1066 191 44 Comme
1992 1068 318 44 l'architecture
2371 1071 291 55 économique
2725 1088 21 26 a

1578 1142 115 36 pour
1730 1129 99 41 base
1866 1130 38 40 la
1940 1131 314 42 connaissance
2289 1133 188 52 parfaite
2513 1135 71 41 des
2619 1150 101 25 cons-

1579 1190 231 43 tructions,
1841 1191 30 41 il
1900 1191 99 43 faut
2028 1193 215 43 attribuer
2272 1210 84 27 une
2383 1197 164 51 grande
2576 1197 141 51 impor-

1580 1262 121 30 tance
1736 1252 21 41 à
1795 1253 361 54 l'enseignement
2191 1257 71 41 des
2294 1258 306 42 construction
2636 1273 39 30 et
2711 1258 35 41 le

1578 1311 106 43 faire
1711 1313 165 54 figurer
1900 1316 144 52 parmi
2072 1317 56 42 les
2156 1317 198 42 matières
2380 1317 71 43 dès
2480 1321 55 40 les
2560 1320 159 55 premiè-

1578 1389 61 26 res
1668 1375 156 42 années
1853 1377 211 42 d'études.

1650 1444 47 43 3°
1742 1437 339 44 Parallèlement
2126 1441 21 40 à
2191 1442 361 52 l'enseignement
2593 1443 153 53 plutôt

1579 1497 230 55 théorique
1838 1500 50 41 de
1915 1502 39 40 la
1982 1502 310 42 connaissance
2321 1504 70 41 des
2422 1504 261 45 matériaux,
2715 1505 28 41 il

1578 1572 60 29 est
1670 1559 228 44 nécessaire
1930 1563 50 40 de
2011 1563 281 43 familiariser
2323 1566 332 53 pratiquement
2688 1568 56 40 les

1579 1620 132 42 élèves
1742 1637 97 26 avec
1870 1624 56 40 les
1956 1624 259 44 matériaux.
2246 1626 105 41 Cela
2382 1627 248 54 s'applique
2662 1643 55 26 no-

1581 1692 218 36 tamment
1839 1699 87 26 aux
1966 1686 246 42 matériaux
2253 1703 239 27 nouveaux
2530 1691 76 51 qui
2647 1690 74 41 doi-

1578 1756 105 29 vent
1712 1744 85 42 être
1827 1745 164 42 étudiés
2022 1747 110 42 dans
2163 1749 57 40 les
2252 1749 288 43 laboratoires
2570 1752 176 40 d'essais

1580 1820 97 26 avec
1705 1806 39 40 la
1775 1808 315 53 participation
2120 1810 71 41 des
2218 1810 147 42 élèves.

1651 1875 51 44 4°
1744 1867 57 42 Le
1829 1869 198 54 Congrès
2053 1869 114 47 émet
2192 1873 37 41 le
2253 1886 99 29 vœu
2380 1873 113 53 qu'il
2520 1872 85 44 soit
2631 1887 93 38 pres-

1579 1928 91 42 crit,
1709 1943 135 29 avant
1878 1931 38 41 la
1950 1931 244 43 délivrance
2229 1933 59 41 du
2324 1933 198 54 diplôme
2555 1935 166 42 d'archi-

1580 2000 119 34 tecte,
1737 2006 59 26 un
1833 2003 116 42 stage
1985 1993 267 54 obligatoire
2285 1995 22 41 à
2342 2010 143 38 passer
2521 2012 50 26 en
2606 1996 140 54 partie

1582 2065 71 27 sur
1694 2052 56 41 les
1789 2053 231 44 chantiers,
2062 2070 52 27 en
2152 2056 139 53 partie
2332 2057 108 42 dans
2480 2072 60 27 un
2581 2057 163 42 bureau

1580 2113 291 43 d'architecte.

1651 2183 49 46 5°
1729 2175 59 42 Le
1813 2176 198 53 Congrès
2036 2179 149 41 estime
2213 2179 111 53 qu'il
2350 2192 60 29 est
2434 2180 106 42 utile
2566 2196 87 26 aux
2679 2195 45 27 ar-

1580 2236 202 42 chitectes
1817 2250 190 40 prenant
2041 2252 99 40 part
2175 2240 23 41 à
2234 2242 40 41 la
2309 2241 67 41 vie
2411 2242 216 53 pratique,
2669 2242 76 52 d'y

1582 2298 161 42 arriver
1784 2314 98 26 avec
1922 2299 39 42 la
2002 2300 309 43 connaissance
2351 2303 71 41 des
2463 2302 184 43 notions
2686 2303 60 41 du

1587 2359 132 46 droit,
1768 2361 50 41 de
1864 2361 401 44 l'administration
2310 2375 39 30 et
2394 2365 50 40 de
2490 2364 261 41 l'économie

1580 2421 233 55 politique.

1582 2556 174 42 Thème
1784 2556 83 54 II.
1895 2556 27 54 —
1950 2556 137 54 Sujet
2118 2574 8 26 :
2158 2559 81 42 Les
2263 2560 248 41 Chambres
2537 2560 184 43 d'Archi-

1585 2626 126 34 tectes
1741 2628 42 32 et
1813 2619 72 42 des
1914 2618 308 44 Associations
2254 2620 206 43 d'intérêt
2490 2623 72 41 des
2591 2621 134 41 Archi-

1585 2687 139 35 tectes.

1652 2777 59 42 Le
1745 2777 200 55 Congrès
1981 2790 112 31 emet
2127 2779 36 42 le
2196 2795 100 27 vœu
2340 2796 9 25 :

1657 2860 43 32 i°
1735 2852 99 54 Que
1861 2855 36 40 le
1924 2854 100 41 titre
2054 2865 40 31 et
2122 2854 39 41 la
2189 2854 249 54 profession
2470 2855 276 42 d'architecte

1584 2913 142 43 soient
1762 2914 200 54 protégés
1998 2930 79 38 par
2115 2915 57 43 les
2207 2916 81 42 lois
2325 2916 109 42 dans
2469 2916 166 53 chaque
2673 2930 51 27 na-

1582 2975 97 41 tion
1719 2975 120 42 selon
1879 2978 56 41 les
1973 2977 242 43 desiderata
2252 2978 58 41 du
2347 2978 68 41 XI
2421 2987 14 16 e
2473 2978 198 53 Congrès
2707 2988 40 30 et

1582 3052 83 38 que
1693 3038 56 41 les
1776 3038 161 42 mêmes
1964 3038 82 43 lois
2076 3040 228 52 disposent
2331 3055 53 26 au
2411 3039 114 52 sujet
2550 3041 50 40 de
2627 3039 96 42 l'im-

1585 3099 334 43 matriculation
1965 3101 72 42 des
2081 3101 247 41 architectes
2372 3099 219 56 qualifiés,
2639 3099 108 41 ainsi

1583 3175 83 39 que
1705 3161 72 42 des
1813 3162 251 52 poursuites
2101 3174 40 31 et
2179 3163 70 41 des
2286 3162 145 53 peines
2468 3176 116 38 pour
2620 3175 127 39 usage

1583 3222 143 54 illégal
1763 3223 57 41 du
1856 3224 101 42 titre
1991 3224 292 42 d'architecte.

1655 3305 47 32 2°
1731 3296 58 43 Le
1815 3297 197 54 Congrès
2038 3297 149 42 estime
2213 3297 211 42 désirable
2448 3312 84 38 que
2556 3297 71 42 des
2652 3311 71 27 cor-

1582 3358 233 53 porations
1847 3360 298 41 d'architectes
2174 3359 143 43 soient
2345 3356 261 45 constituées
2638 3358 109 44 dans

1582 3421 167 53 chaque
1779 3421 172 46 nation,
1980 3435 74 27 sur
2081 3421 38 41 la
2150 3421 98 41 base
2277 3421 70 40 des
2376 3419 81 42 lois
2483 3432 40 30 et
2549 3421 198 52 chargées

1578 3481 303 54 d'enregistrer
1900 3481 336 54 (immatriculer
2254 3481 15 51 )
2292 3480 55 41 les
2370 3480 249 43 architectes
2640 3493 82 39 qua-

1584 3543 113 41 lifiés
1728 3555 38 30 et
1799 3544 49 40 de
1881 3545 286 53 sauvegarder
2198 3544 108 41 dans
2339 3546 35 40 le
2407 3557 107 39 pays
2547 3543 56 43 les
2634 3542 91 42 inté-

1584 3605 81 41 rêts
1695 3605 219 53 généraux
1945 3606 59 41 du
2036 3620 128 39 corps
2191 3605 71 42 des
2291 3604 265 53 architectes.
