3347 4236
249 299 311 56 TEK
643 299 60 54 H
788 299 62 54 N
929 298 48 53 E

2587 3738 150 55 103

314 440 35 45 Il
379 439 97 44 faut
504 438 206 53 procéder
737 452 77 39 par
844 437 154 52 étapes.
1031 435 61 42 La
1121 434 222 54 première,
1376 434 38 41 la

248 503 99 52 plus
391 512 192 42 urgente,
631 510 59 31 est
733 499 100 41 celle
876 498 178 41 relative
1097 511 87 27 aux
1229 510 187 27 mesures

252 565 108 40 dans
391 560 224 56 lesquelles
645 562 39 41 la
716 559 275 43 tuberculose
1021 572 122 28 cause
1173 558 36 41 le
1236 556 103 55 plus
1369 556 50 41 de

249 639 187 40 ravages.
471 623 115 42 Elles
618 633 103 32 sont
752 621 194 42 habitées
977 635 78 38 par
1089 634 177 40 50,000
1300 618 94 42 indi-

247 687 143 44 vidus,
436 700 41 26 ce
520 685 77 53 qui
641 683 200 43 nécessite
892 696 171 40 12,500
1109 683 244 52 logements
1396 680 20 40 à

247 747 256 43 construire.

318 809 35 41 II
389 819 157 31 ressort
582 807 115 41 donc
732 821 83 39 que
851 806 57 40 les
943 805 178 52 simples
1156 803 176 42 besoins
1369 803 48 41 de

254 871 353 52 remplacement,
652 868 62 44 fies
760 866 176 43 besoins
981 868 58 41 les
1083 866 103 53 plus
1234 865 178 41 réduits,

247 933 176 52 exigent
454 933 40 40 la
524 929 305 43 construction
862 929 50 40 de
946 943 177 39 25,000
1156 927 258 54 logements.

314 993 126 41 Dans
468 992 123 41 l'état
617 991 139 41 actuel
784 990 51 42 de
862 990 40 41 la
931 988 265 56 législation,
1230 987 38 43 la
1297 988 120 41 Ville

249 1056 49 40 de
321 1054 122 42 Paris
469 1068 51 26 ne
543 1066 105 40 peut
672 1051 243 42 construire
937 1066 84 39 que
1046 1051 71 42 des
1139 1049 278 44 habitations

250 1117 21 40 à
306 1116 143 52 loyers
484 1114 210 46 modérés,
732 1114 77 41 elle
843 1128 51 26 ne
927 1125 104 41 peut
1064 1127 77 39 pas
1174 1111 243 42 construire

253 1176 327 43 d'habitations
620 1175 21 41 à
681 1174 91 43 bon
817 1174 186 46 marché,
1047 1174 29 42 il
1116 1173 148 45 fallait
1303 1173 116 41 donc

247 1240 226 41 s'adresser
501 1237 20 42 à
549 1253 84 26 une
659 1236 155 43 société
840 1237 77 54 qui
946 1235 141 43 aurait
1115 1235 88 54 pris
1232 1235 39 42 la
1294 1235 120 54 place

250 1301 49 42 de
331 1301 39 41 la
383 1300 154 42 iVille.

317 1361 120 43 C'est
471 1376 40 26 ce
545 1375 83 39 que
662 1374 191 39 propose
887 1361 36 41 le
958 1359 146 53 projet
1145 1375 9 25 :
1191 1369 200 31 construc-

249 1424 95 41 tion
379 1423 49 41 de
461 1423 245 52 logements
739 1420 120 42 loués
890 1421 21 41 à
945 1421 71 41 des
1048 1432 108 30 taux
1188 1419 229 42 inférieurs

249 1484 21 42 à
295 1488 90 40 leur
410 1484 101 52 prix
536 1484 50 41 de
611 1483 179 42 revient,
819 1493 39 31 et
883 1482 51 41 de
958 1483 245 52 logements
1227 1481 21 41 à
1275 1482 142 51 loyers

248 1545 211 45 modérés,
494 1545 20 41 à
547 1545 71 41 des
648 1543 102 54 prix
779 1543 78 54 qui
889 1543 207 44 excèdent
1128 1543 50 41 de
1211 1557 56 39 33
1303 1556 113 38 pour

253 1620 97 30 cent
384 1608 56 41 les
477 1606 198 43 maxima
710 1605 136 43 fixées
880 1620 78 38 par
995 1606 39 41 la
1071 1604 61 43 loi
1169 1603 248 42 Loucheur,

254 1681 100 33 tout
377 1684 51 26 en
454 1679 164 33 restant
641 1666 232 43 inférieurs
895 1667 50 41 de
971 1681 54 40 25
1055 1666 21 41 à
1101 1681 59 40 30
1183 1679 117 40 pour
1323 1675 97 31 cent

250 1745 87 28 aux
388 1730 101 53 prix
542 1729 225 54 pratiqués
821 1729 108 40 dans
982 1729 56 41 les
1090 1727 328 42 constructions

249 1807 172 27 neuves.

316 1853 142 53 Après
480 1867 61 27 un
567 1852 130 42 débat
722 1851 59 43 où
802 1864 103 29 sont
929 1851 254 42 intervenus
1205 1849 126 42 MM.
1359 1849 58 42 Le

248 1914 246 55 Trocquer,
528 1913 269 44 Alexandre,
831 1912 245 45 Contenot,
1111 1911 238 52 Garchery,
1383 1910 36 41 le

249 1976 147 53 projet
429 1977 58 40 du
519 1975 147 42 Préfet
698 1990 20 26 a
752 1973 62 43 été
845 1973 175 54 adopté.

906 2046 51 54 («
992 2046 59 42 Le
1082 2045 228 44 Bâtiment
1344 2060 40 26 »♦
1404 2044 16 54 )

250 2328 275 44 OLERON.
551 2326 524 44 CONSTRUCTION
1098 2325 160 43 D'UN
1280 2324 103 42 VIA-

251 2390 136 42 DUC
419 2389 218 43 ENTRE
673 2389 35 41 L
730 2389 99 41 ILE
863 2383 327 47 D'OLÊRON
1224 2386 85 41 ET
1344 2385 75 42 LE

249 2450 409 43 CONTINENT.

321 2549 59 42 Le
424 2548 181 43 Conseil
651 2547 171 54 général
869 2547 50 40 de
965 2545 40 42 la
1051 2544 342 43 Charente-Infé-

251 2610 134 42 rieure
408 2610 122 43 vient
555 2610 50 40 de
632 2623 204 27 nommer
862 2609 40 41 la
928 2606 288 47 commission
1243 2604 176 55 chargée

252 2672 216 41 d'étudier
504 2671 35 41 le
573 2671 147 53 projet
755 2670 50 41 de
840 2669 306 42 construction
1183 2669 109 40 d'un
1328 2667 69 42 via-

257 2733 81 41 duc
371 2744 119 31 entre
524 2732 90 42 l'île
647 2731 219 42 d'Oléron
902 2742 39 32 et
976 2730 36 41 le
1043 2729 248 43 continent»
1329 2728 37 44 Il
1400 2741 22 27 a

250 2794 164 44 déclaré
436 2794 161 55 qu'elle
621 2793 126 43 serait
771 2791 229 54 composée
1024 2792 108 41 d'un
1156 2792 111 41 haut
1290 2790 103 42 fonc-

252 2856 221 41 tionnaire
508 2855 58 42 du
601 2854 232 42 Ministère
866 2854 71 41 des
972 2853 219 42 Travaux
1224 2851 192 45 Publics,

250 2916 242 54 président;
523 2917 60 41 du
611 2916 211 42 directeur
849 2914 170 55 général
1048 2915 72 41 des
1146 2913 197 43 chemins
1370 2912 51 42 de

252 2978 64 42 fer
344 2979 50 42 de
423 2978 158 46 l'Etat;
615 2978 50 42 de
691 2976 125 43 MM.
849 2976 175 46 Delteil,
1057 2975 160 44 Massé,
1250 2975 167 53 Voyer,

250 3039 221 45 Himond,
521 3039 168 43 Robin,
742 3038 150 45 Darre,
944 3038 222 41 Bonvalet
1213 3048 39 30 et
1301 3036 90 42 Lan-

252 3101 145 46 dreau,
432 3100 248 42 conseillers
711 3099 241 54 généraux;
989 3099 49 42 de
1069 3098 68 42 M.
1173 3097 244 43 Lombard,

252 3161 228 55 ingénieur
503 3177 50 26 en
577 3161 112 44 chef,
716 3172 39 32 et
780 3161 50 42 de
852 3159 68 43 M.
942 3160 131 43 Petit,
1100 3159 227 55 ingénieur
1350 3159 71 42 des

251 3222 142 44 Ponts
419 3235 39 31 et
484 3222 255 44 Chaussées.
768 3222 61 42 La
855 3221 289 43 commission
1172 3221 183 42 arrêtera
1383 3221 38 41 la

253 3285 94 41 liste
377 3286 71 41 des
477 3285 255 53 entreprises
762 3283 186 43 admises
979 3285 21 41 à
1030 3282 232 43 concourir
1290 3293 40 32 et
1359 3281 42 42 ré-

252 3346 145 54 digera
428 3347 36 42 le
494 3346 119 42 devis
645 3346 59 41 du
736 3359 228 28 concours.

318 3419 131 43 Ainsi
480 3434 83 40 que
595 3434 114 26 nous
740 3419 175 41 l'avons
946 3417 214 45 annoncé,
1196 3418 35 41 le
1261 3417 158 42 viaduc

252 3481 140 42 aurait
415 3481 50 42 de
493 3495 143 32 2,200
662 3480 22 41 à
713 3480 143 45 2,800
883 3480 153 41 mètres
1063 3480 50 41 de
1137 3481 218 52 longueur
1381 3492 38 30 et

254 3540 261 44 franchirait
555 3553 118 31 entre
713 3541 39 42 la
789 3541 156 53 pointe
983 3542 59 40 du
1080 3540 184 54 Chapus
1303 3553 40 30 et
1382 3540 39 42 la

254 3603 152 51 pointe
439 3604 50 41 de
520 3603 40 42 la
592 3602 106 52 jeteé
730 3602 148 46 d'Ors,
915 3617 59 27 un
1007 3602 99 41 bras
1139 3603 51 41 de
1222 3616 89 27 mer
1343 3601 77 53 qui

1567 432 118 41 offre
1714 432 112 41 trois
1853 445 141 39 passes
2026 428 254 55 navigables
2312 429 113 43 dont
2457 428 37 40 la
2526 426 208 54 première

1563 495 110 41 n'est
1699 493 256 53 empruntée
1981 507 84 39 que
2091 506 78 38 par
2197 492 70 40 des
2296 491 188 40 bateaux
2512 490 21 40 à
2562 489 169 41 mâture

1564 555 298 42 démontable.
1898 554 60 41 La
1990 553 182 42 seconde
2202 567 78 38 par
2311 552 70 40 des
2411 550 177 42 voiliers
2620 551 112 40 dont

1564 617 37 45 la
1624 618 188 40 hauteur
1837 616 49 41 de
1912 615 170 41 mâture
2103 628 104 39 peut
2232 612 215 43 atteindre
2481 628 12 25 1
2511 627 22 25 2
2562 611 165 41 mètres,

1569 679 37 40 la
1648 678 220 41 troisième
1908 691 78 38 par
2028 676 71 41 des
2138 690 150 39 cargos
2329 675 114 40 dont
2484 675 37 40 la
2564 672 169 42 mâture

1564 752 103 40 peut
1696 738 173 43 s'élever
1898 738 21 41 à
1954 738 56 41 26
2044 737 167 45 mètres,
2244 752 40 26 ce
2314 736 90 54 qui,
2439 750 50 26 en
2520 734 208 54 principe,

1564 800 196 54 obligera
1793 800 56 41 les
1884 799 247 54 ingénieurs
2164 798 21 41 à
2218 797 155 42 établir
2407 798 39 41 la
2476 795 202 43 chaussée
2712 795 19 41 à

1569 876 54 39 35
1666 861 153 42 mètres
1858 861 229 41 au-dessus
2124 860 59 40 du
2221 859 157 42 niveau
2417 859 49 41 de
2506 859 123 40 l'eau.
2672 857 59 41 La

1569 923 169 53 largeur
1780 922 159 53 prévue
1980 922 50 42 de
2072 922 38 40 la
2152 920 211 44 chaussée,
2408 920 108 41 d'un
2559 919 113 41 bout
2712 920 20 39 à

1565 985 155 41 l'autre
1751 985 50 41 de
1830 985 240 52 l'ouvrage,
2103 993 59 32 est
2194 983 50 41 de
2276 998 22 38 7
2333 997 57 26 m.
2428 996 73 39 50.

2221 1056 15 53 (
2250 1071 21 25 «
2305 1054 58 43 Le
2393 1054 228 44 Bâtiment
2658 1068 38 26 ».
2718 1053 15 53 )

2243 1339 486 45 ALLEMAGNE.

1567 1437 95 42 UN
1690 1435 441 44 GRATTE-CIEL
2163 1435 83 42 EN
2275 1433 269 44 EUROPE.

1633 1534 80 41 Les
1755 1533 143 42 usines
1942 1533 130 43 Zeiss,
2117 1533 21 41 à
2182 1532 116 44 léna,
2345 1543 81 30 ont
2470 1530 259 42 l'intention

1565 1594 179 54 d'ériger
1797 1609 71 26 sur
1920 1596 90 41 leur
2061 1594 160 41 terrain
2275 1609 59 25 un
2387 1592 241 54 gratte-ciel
2682 1592 49 40 de

1569 1672 57 37 24
1663 1656 139 54 étages
1837 1670 39 29 et
1913 1656 133 41 d'une
2082 1656 188 40 hauteur
2306 1656 50 40 de
2395 1655 55 53 85
2493 1655 167 40 mètres.

1633 1730 73 41 On
1746 1745 26 37 y
1813 1729 181 44 établira
2035 1729 71 42 des
2143 1728 278 54 expositions
2460 1742 39 30 et
2538 1728 71 40 des
2649 1727 54 41 bu-

1565 1806 145 31 reaux,
1737 1790 115 42 alors
1875 1805 83 40 que
1983 1793 35 41 le
2042 1790 85 44 toit
2151 1789 157 42 servira
2334 1804 87 28 aux
2446 1789 144 41 usines
2614 1787 117 42 Zeiss

1565 1852 21 41 à
1622 1853 70 40 des
1727 1853 124 41 essais
1885 1852 49 41 de
1966 1851 268 54 projecteurs
2268 1863 39 30 et
2340 1851 191 41 d'autres
2566 1850 142 41 instru-

1567 1925 141 30 ments
1742 1914 220 54 optiques.

2248 2161 483 53 ÉTATS-UNIS.

1570 2265 225 42 LUTTE
1819 2263 266 44 CONTRE
2110 2263 75 42 LE
2207 2262 206 45 BRUIT
2435 2262 115 43 DES
2573 2261 162 46 RUES

1632 2364 101 41 Une
1765 2362 307 43 Commission
2105 2377 20 26 a
2155 2361 61 42 été
2247 2361 223 54 organisée
2502 2361 35 42 le
2571 2376 57 39 30
2661 2375 47 27 oc-

1565 2425 124 42 tobre
1735 2439 136 39 1929,
1911 2423 96 42 Elle
2044 2434 229 42 comporte
2313 2439 21 38 5
2378 2422 181 43 comités
2596 2434 136 36 ayant

1569 2500 115 38 pour
1717 2486 82 42 but
1839 2500 8 26 :
1894 2493 44 33 i°
1974 2483 233 43 D'étudier
2237 2483 146 45 l'effet
2416 2484 58 41 du
2508 2483 123 43 bruit
2663 2496 73 27 sur

1566 2549 55 40 les
1659 2548 105 41 êtres
1802 2547 231 44 humains;
2077 2561 24 26 2
2107 2554 15 16 0
2160 2546 66 41 De
2265 2560 189 27 mesurer
2492 2544 240 42 l'intensité

1566 2610 58 40 du
1662 2609 140 44 bruit;
1846 2623 22 39 3
1877 2617 14 15 0
1927 2607 298 54 D'appliquer
2261 2608 72 40 des
2370 2606 189 42 remèdes
2593 2606 115 53 prati-

1565 2684 123 40 ques;
1725 2684 27 39 4
1758 2677 15 16 0
1803 2669 67 42 De
1900 2668 184 43 codifier
2114 2669 57 41 les
2202 2669 348 45 constructions;
2590 2683 19 38 5
2619 2675 15 16 0
2666 2667 67 41 De

1572 2731 195 41 soutenir
1809 2730 364 41 financièrement
2216 2728 341 54 l'organisation
2602 2729 51 42 de
2696 2728 40 41 la

1569 2794 110 40 lutte
1711 2803 149 31 contre
1894 2792 56 42 les
1981 2792 157 42 bruits.

1634 2865 37 42 Il
1706 2881 21 25 a
1764 2865 61 41 été
1859 2864 150 42 estimé
2042 2865 165 54 qu'une
2242 2878 169 27 somme
2445 2864 102 40 d'au
2584 2862 147 42 moins

1569 2941 177 40 50,000
1790 2926 165 42 dollars
1996 2925 104 42 était
2141 2925 228 41 nécessaire
2411 2938 114 39 pour
2567 2938 166 27 assurer

1567 2988 248 42 l'existence
1873 2987 49 42 de
1981 2987 40 42 la
2079 2986 304 42 commission»
2445 2986 124 41 Dans
2626 2996 106 30 cette

1567 3064 168 27 somme
1769 3064 50 27 ne
1852 3059 103 32 sont
1986 3063 77 39 pas
2092 3048 192 52 compris
2317 3048 35 40 le
2385 3046 193 42 matériel
2613 3046 45 42 ni
2693 3047 36 40 la

1569 3110 329 42 rémunération
1941 3110 71 41 des
2053 3109 265 53 opérateurs.
2363 3108 79 42 Les
2482 3107 136 43 fonds
2660 3107 49 41 né-

1567 3172 192 42 cessaires
1793 3184 148 29 seront
1974 3170 176 43 fournis
2183 3186 78 38 par
2296 3170 113 41 dons
2443 3168 286 42 volontaires.

1569 3234 61 41 La
1655 3233 288 42 commission
1971 3233 49 41 de
2046 3233 180 42 l'action
2252 3232 59 41 du
2335 3231 122 43 bruit
2480 3245 72 28 sur
2577 3231 139 52 Forga

1571 3296 139 41 nisme
1741 3295 187 41 humain
1962 3309 21 26 a
2015 3293 97 53 déjà
2143 3292 158 54 déposé
2332 3307 59 26 un
2426 3305 183 40 rapport
2640 3290 72 54 pré-

1574 3355 231 43 liminaire.
1838 3354 121 44 Celle
1985 3355 52 42 de
2063 3355 38 42 la
2129 3368 165 28 mesure
2324 3354 71 41 des
2422 3351 142 43 bruits
2592 3350 145 43 utilise

1568 3419 115 41 deux
1713 3429 125 42 types
1871 3417 355 54 d'enregistreurs
2257 3416 76 54 qui
2366 3427 102 30 sont
2501 3413 209 42 succincte-

1572 3492 122 31 ment
1736 3479 168 42 décrits.
1952 3478 62 42 La
2058 3477 312 43 classification
2416 3476 71 42 des
2530 3474 181 42 réclama-

1570 3542 119 40 tions
1715 3540 159 42 élevées
1896 3554 78 39 par
2002 3543 34 40 le
2060 3539 150 53 public
2236 3537 192 43 s'établit
2450 3551 173 28 comme
2649 3535 87 42 suit

1568 3617 51 26 en
1650 3616 114 38 pour
1793 3613 96 30 cent
1926 3616 8 27 :
