3347 4236
420 287 1045 112 EDITIONS
2194 292 110 112 H
2362 295 406 126 NE,,

420 569 84 43 LA
538 567 151 47 CITE.
722 565 231 46 Première
983 568 165 43 année.
1189 569 173 53 (Rare)
2497 573 51 43 fr.
2624 576 148 42 60.

724 625 258 46 Deuxième
1006 629 164 43 année.
1205 628 196 56 (Rare).
1430 659 929 18 .......
2623 637 149 43 40.

727 689 32 43 3
760 696 18 19 e
778 721 13 22 ,
818 691 34 42 4
853 696 16 19 e
870 722 12 21 ,
909 688 30 46 se,5
942 697 17 18 e
961 722 12 21 ,
1000 690 32 42 6
1034 698 15 17 e
1052 722 12 20 ,
1094 691 29 41 7
1124 698 17 17 e
1167 696 47 37 et
1239 691 31 42 8
1273 698 15 18 e
1312 691 189 54 années,
1528 691 44 43 le
1594 691 188 45 volume
2622 696 150 45 25.

552 750 90 44 Ces
665 749 212 44 volumes
905 760 204 42 peuvent
1136 756 95 39 être
1262 750 172 44 fournis
1464 751 130 43 reliés
1628 771 56 25 en
1723 754 151 51 pleine
1912 755 109 42 toile
2059 765 287 42 moyennant
2380 774 60 25 un
2477 757 295 52 supplément

413 812 62 42 de
515 812 52 44 15
602 810 164 44 francs.

417 910 83 44 LA
535 910 214 45 REVUE
783 928 24 25 «
846 910 254 45 TEKHNE
1139 929 24 24 »
1199 909 117 44 série
1348 911 427 55 d'avant-guerre),
1825 912 245 45 collection
2116 913 235 54 complète
2398 915 62 45 de
2506 916 45 44 la

555 971 30 42 2
588 978 17 18 e
632 970 150 44 année
821 971 366 54 (1912-1913).
1221 972 125 44 Beau
1375 972 191 44 volume
1610 972 62 45 de
1710 975 100 44 516
1849 990 159 39 pages,
2048 992 76 27 sur
2159 975 164 55 papier
2358 976 191 55 couché,

552 1030 172 45 illustré
762 1030 61 43 de
860 1031 99 46 250
996 1032 166 44 clichés
1272 1068 1082 12 ........
2534 1073 8 9 .
2617 1040 153 43 40.

411 1126 145 48 L'Art
583 1134 47 38 et
655 1128 45 44 la
728 1127 194 56 Société,
952 1148 83 33 par
1065 1132 132 43 H.-P.
1230 1131 204 53 Berlage,
1467 1132 244 44 architecte
1741 1136 27 40 à
1795 1133 314 46 Amsterdam.
2142 1136 129 44 Tirés
2299 1138 28 40 à
2355 1147 104 41 part
2486 1136 60 43 de

550 1190 43 42 la
618 1190 160 43 Revue
804 1209 23 26 «
855 1192 88 42 Art
967 1202 44 31 et
1034 1192 266 52 Technique
1324 1211 23 26 »
1384 1193 288 52 (septembre
1708 1195 78 44 191
1803 1195 47 43 3~
1856 1195 164 44 février
2057 1196 169 53 1914).
2258 1198 73 43 Un
2358 1198 189 42 volume

552 1251 347 43 luxueusement
922 1255 211 48 imprimé
1157 1264 46 32 et
1226 1254 168 43 illustré
1421 1254 58 42 de
1505 1255 62 43 98
1592 1256 166 43 clichés
1883 1291 470 10 ....
2532 1294 8 7 .
2617 1259 155 44 50.

411 1348 66 44 Le
502 1350 143 44 Cœur
670 1348 60 44 de
756 1350 45 42 la
826 1348 124 44 Ville
976 1349 62 45 de
1064 1350 248 55 Bruxelles,
1340 1369 85 34 par
1450 1352 190 45 Charles
1672 1355 117 47 Buis,
1825 1371 112 26 avec
1970 1354 261 44 traduction
2264 1354 141 45 d'une
2436 1373 81 26 con-

551 1409 182 44 férence
761 1409 59 44 de
846 1412 51 43 C.
929 1411 166 44 Ciirlitt
1121 1429 75 25 sur
1222 1413 43 41 la
1297 1431 22 26 «
1352 1413 334 43 Conservation
1728 1414 60 43 du
1829 1433 123 26 cœur
1994 1415 29 43 d
2045 1419 245 41 anciennes
2326 1416 131 44 villes
2500 1437 39 26 ».

550 1472 102 43 Une
678 1471 225 42 brochure
929 1471 58 42 de
1016 1473 60 43 24
1103 1490 143 35 pages
1270 1507 1077 13 ........
2528 1513 8 9 .
2646 1482 46 42 4.
2696 1504 68 8 —

416 1567 256 53 L'Abbaye
696 1568 59 43 de
779 1567 44 44 la
847 1569 216 53 Cambre,
1090 1588 83 33 par
1200 1571 56 43 G.
1287 1571 81 43 des
1394 1571 156 43 Marez
1578 1606 771 12 ......
2529 1610 8 8 .
2648 1580 117 40 4.

412 1665 111 44 Paul
555 1666 194 42 Hankar
786 1667 361 53 (1859-1901),
1182 1686 82 33 par
1294 1668 82 44 Ch.
1411 1669 242 51 Conrardy
1681 1682 44 31 et
1751 1672 160 49 Raym.
1944 1672 211 43 Thibaut.
2187 1674 103 41 Une
2317 1671 226 45 brochure

550 1727 197 42 illustrée
809 1762 1538 14 ...........
2528 1769 7 8 .
2646 1738 117 40 4.

414 1824 274 44 Constantin
718 1824 224 45 Meunier.
974 1825 305 55 L'historique
1306 1827 61 44 de
1396 1843 85 28 son
1510 1837 272 35 monument
1813 1845 58 27 au
1904 1829 177 55 travail,
2117 1847 83 34 par
2234 1831 53 44 R.
2325 1831 141 51 Thiry
2499 1842 47 32 et

553 1887 55 42 G.
644 1886 282 43 Hendrickx.
961 1889 102 42 Une
1093 1887 226 44 brochure
1349 1889 198 42 illustrée
1578 1924 771 11 ......
2530 1928 7 7 .
2647 1896 119 41 4.

413 1982 141 43 L'Art
580 1983 82 44 des
686 1983 184 45 Jardins
896 1995 46 32 et
966 1985 41 42 le
1032 2002 212 26 nouveau
1270 1985 152 54 jardin
1446 1988 294 51 pittoresque,
1772 2005 81 34 par
1881 1988 136 43 Louis
2041 2006 92 24 van
2161 1988 81 43 der
2267 1990 272 47 Swaelmen,

549 2044 528 54 architecte-paysagiste
1116 2081 1232 11 .........
2527 2086 8 7 .
2647 2053 118 42 2.

418 2142 174 43 Belœil.
628 2144 61 43 Le
717 2142 251 44 Versailles
999 2143 155 54 Belge,
1187 2162 82 33 par
1302 2145 136 43 Louis
1468 2162 91 26 van
1589 2145 81 43 der
1705 2143 269 52 Swaelmen,
2015 2147 528 52 architecte-paysagiste
2649 2152 118 41 4.

414 2239 148 43 Etude
587 2255 74 27 sur
684 2240 46 42 la
754 2240 136 44 Forêt
912 2240 63 44 de
997 2241 207 54 Soignes,
1231 2259 82 35 par
1338 2243 135 43 Louis
1497 2260 90 25 van
1621 2243 82 43 der
1727 2244 256 44 Swaelmen
2033 2279 318 9 ...
2530 2279 9 9 .
2648 2249 119 42 4.

413 2335 256 54 L'Abbaye
696 2337 63 44 de
784 2338 45 44 la
855 2338 215 45 Cambre.
1100 2337 324 48 Restauration
1452 2338 84 45 des
1561 2338 182 47 Jardins
1768 2342 134 45 Louis
1925 2342 128 53 XIV,
2078 2360 83 34 par
2186 2344 135 43 Louis
2344 2361 90 26 van
2458 2343 87 44 der

548 2397 270 51 Swaelmen,
858 2399 527 52 architecte-paysagiste
1422 2434 925 14 .......
2527 2440 8 9 .
2645 2409 118 42 4.

411 2493 311 44 L'habitation
753 2495 244 45 coloniale.
1027 2497 60 43 Sa
1118 2500 309 41 construction
1458 2515 57 26 au
1547 2499 165 53 Congo
1750 2501 150 51 Belge,
1941 2518 84 34 par
2061 2503 128 43 Gast.
2231 2502 309 52 Boghemans.

548 2557 101 41 Une
690 2556 226 44 brochure
958 2556 60 44 de
1059 2560 62 43 20
1164 2576 143 35 pages
1346 2558 368 46 abondamment
1755 2561 199 44 illustrée
2034 2596 8 9 .
2188 2597 8 8 .
2342 2597 9 9 .
2531 2597 8 9 .
2649 2567 118 42 4.

412 2650 256 46 Matériaux
695 2653 61 45 de
779 2653 293 45 substitution
1097 2655 118 44 dans
1240 2655 47 45 la
1307 2655 311 47 construction
1649 2657 63 45 de
1740 2657 218 55 maisons,
1991 2677 85 35 par
2106 2660 38 53 J.
2180 2661 185 49 Seroen,
2401 2661 118 44 archi-

550 2724 130 33 tecte.
722 2716 103 43 Une
860 2715 226 44 brochure
1121 2717 199 43 illustrée
1421 2752 927 14 .......
2528 2757 9 9 .
2647 2726 45 42 4.

414 2811 350 44 L'architecture
795 2813 303 54 hollandaise,
1131 2832 82 34 par
1241 2817 96 43 Luc
1369 2815 109 45 Paul
1511 2817 262 45 Haesaerts.
1815 2818 103 43 Une
1954 2817 228 45 brochure
2221 2818 198 44 illustrée
2530 2854 9 9 .
2649 2823 118 42 4.

413 2914 456 61 Réduction
945 2919 114 57 de
1134 2919 107 57 SO
1317 2931 85 50 p.
1478 2931 66 45 c.
1620 2931 165 47 aux
1862 2934 447 47 nouveaux
2371 2925 390 58 abonnés

548 3250 143 45 PRIX
728 3254 81 43 DE
848 3254 487 46 L'ABONNEMENT
1370 3256 29 43 à
1433 3255 182 45 l'année
1643 3274 57 27 en
1727 3274 133 28 cours
1889 3258 61 44 de
1975 3259 47 44 la
2048 3260 162 44 Revue
2239 3279 25 26 «
2297 3263 84 42 LA
2408 3262 136 45 CITE
2575 3279 24 26 »
2629 3269 47 36 et
2702 3260 61 44 de

406 3325 88 26 son
522 3311 296 52 supplément
845 3332 25 25 «
899 3315 255 44 TEKHNE
1187 3335 23 24 »
1250 3334 10 27 :
1290 3316 234 54 Belgique,
1554 3320 66 43 40
1648 3318 167 45 francs.
1846 3321 235 53 Etranger,
2111 3322 66 44 55
2206 3321 168 45 francs.

547 3481 121 44 Pour
695 3481 250 45 s'abonner
969 3485 28 42 à
1027 3504 24 24 «
1083 3488 82 43 LA
1192 3487 136 45 CITE
1359 3505 24 25 »
1415 3502 60 28 ou
1503 3486 183 45 obtenir
1710 3488 83 44 des
1817 3488 151 55 livres,
1993 3491 31 43 il
2050 3488 128 46 suffit
2203 3490 61 44 de
2289 3504 170 40 verser,
2487 3488 117 45 dans
2629 3491 105 43 n'im-

408 3549 137 43 porte
574 3542 107 52 quel
710 3543 172 45 bureau
914 3544 83 45 des
1027 3554 172 47 postes,
1230 3563 59 28 au
1318 3547 146 47 crédit
1495 3547 63 45 du
1583 3556 188 45 compte
1810 3549 199 54 chèques
2046 3558 200 45 postaux
2280 3561 50 33 n°
2375 3553 174 52 166,21
2595 3554 161 44 Revue

414 3622 24 24 «
470 3605 82 45 LA
579 3606 134 44 CITE
743 3622 44 37 »,
813 3605 45 44 la
881 3622 181 28 somme
1086 3606 93 45 due
1205 3615 47 37 et
1276 3608 234 45 d'inscrire
1534 3620 75 33 sur
1633 3610 43 43 le
1700 3610 192 45 bulletin
1916 3611 63 44 de
2003 3619 262 37 versement
2291 3612 44 43 le
2360 3611 104 46 titre
2488 3611 63 46 du
2577 3612 113 45 livre
2716 3618 46 37 et

414 3663 67 43 les
509 3679 113 28 nom
651 3673 45 36 et
726 3665 188 45 adresse
943 3666 65 45 du
1039 3668 320 52 souscripteur.
