2412 4038
1161 382 118 61 237

230 540 144 62 lure
407 541 75 61 de
504 541 420 80 l'ignorance,
946 537 355 62 insensible
1325 542 35 55 à
1382 533 363 80 l'aiguillon
1776 537 76 61 de
1877 538 61 61 la
1969 540 206 76 chair,

233 636 38 55 à
300 631 368 79 l'aiguillon
698 633 77 59 de
804 632 61 60 la
898 633 120 59 vie.
1056 653 33 35 »

317 725 71 58 D.
426 724 160 71 Quel
620 726 93 56 est
745 722 57 60 le
835 722 138 61 vice
999 724 58 58 le
1094 721 143 78 plus
1272 719 233 61 odieux
1529 720 27 57 ?

313 815 72 59 R.
423 813 160 58 C'est
630 813 357 76 l'égoïsme.
1053 811 332 59 L'homme
1447 809 58 59 le
1567 807 147 78 plus
1766 814 393 75 méprisable

235 903 151 61 c'est
414 904 165 58 celui
628 904 133 76 qui,
795 903 209 58 même
1057 903 249 67 savant,
1358 899 208 61 même
1622 908 290 71 croyant,
1959 908 209 57 même

237 994 254 60 modèle
543 998 35 53 à
624 994 279 60 d'autres
957 994 256 78 égards,
1251 1009 35 41 «
1333 992 195 77 garde
1578 1009 166 60 pour
1791 993 89 58 lui
1912 999 142 56 tout
2098 1014 71 42 ce

238 1083 157 79 qu'il
426 1084 225 74 reçoit,
689 1102 63 41 se
783 1084 325 59 renferme
1145 1083 158 58 dans
1355 1082 64 58 la
1448 1082 370 75 jouissance
1852 1086 317 61 exclusive

237 1178 58 56 et
328 1175 413 77 personnelle
804 1176 109 58 des
945 1173 196 60 biens
1184 1172 156 77 qu'il
1399 1190 35 40 a
1484 1172 331 60 recueillis
1857 1196 32 33 »
1927 1176 107 80 (1).
2083 1180 85 55 La

238 1265 241 78 grande
513 1267 235 75 pensée
793 1266 109 57 des
948 1263 437 60 Bouddhistes
1440 1266 92 55 est
1570 1262 304 78 toujours
1907 1266 156 60 celle
2091 1267 78 61 de

237 1351 504 83 Calkya-Mouni
779 1375 11 37 :
855 1354 64 59 la
950 1354 154 59 base
1147 1352 76 59 de
1256 1352 65 59 la
1354 1351 301 78 religion,
1689 1354 152 58 c'est
1872 1355 292 70 l'amour,

238 1446 59 60 le
333 1445 450 74 dévouement,
817 1445 61 58 la
901 1442 454 61 mansuétude.

322 1538 68 58 D.
421 1539 183 57 Jésus
628 1534 245 61 n'a-t-il
897 1553 115 60 pas
1037 1533 363 80 également
1419 1535 457 60 recommandé
1901 1536 275 61 l'amour

240 1627 85 58 du
361 1625 368 78 prochain?

320 1717 70 57 R.
426 1716 141 72 Oui,
605 1716 162 58 mais
804 1712 476 81 Çakya-Mouni
1313 1731 36 40 a
1381 1712 58 58 le
1470 1712 228 59 mérite
1736 1714 78 59 de
1846 1714 295 61 l'antério-

238 1806 143 61 rité.
418 1808 80 56 Le
531 1807 149 74 père
708 1804 231 72 Didon,
973 1804 158 59 dans
1174 1821 117 41 son
1322 1802 162 60 livre
1532 1821 109 39 sur
1689 1802 59 60 le
1800 1804 234 70 Christ,
2070 1823 68 42 re-

239 1902 263 54 connaît
543 1914 120 58 que
708 1893 472 79 Çakya-Mouni
1225 1893 156 69 seul,
1419 1895 192 57 avant
1645 1895 460 75 Jésus-Christ,
2143 1916 34 41 a

239 1985 182 80 parlé
457 1985 77 58 de
564 1985 61 57 la
661 1984 451 59 mansuétude.

319 2079 67 56 D.
444 2075 481 77 Çakya-Mouni
990 2094 76 41 ne
1122 2072 387 79 prêche-t-il
1562 2091 115 60 pas
1730 2076 61 59 la
1841 2076 330 61 solidarité

237 2170 177 57 entre
450 2171 138 54 tous
620 2165 93 60 les
746 2168 164 56 êtres
943 2165 293 59 vivants?

318 2260 73 59 R.
426 2255 141 61 Oui.
604 2257 80 58 Le
727 2254 312 60 Bouddha
1081 2273 78 41 ne
1204 2254 339 76 préconise
1578 2272 115 59 pas
1726 2254 357 60 seulement
2115 2257 62 58 la

239 2347 409 78 compassion
672 2345 78 60 de
776 2345 309 59 l'homme
1110 2362 165 60 pour
1297 2345 309 58 l'homme
1626 2365 11 48 ;
1668 2367 32 32 «
1724 2363 114 41 son
1861 2345 315 60 immense

238 2436 231 77 regard
504 2436 328 58 embrasse
889 2434 63 56 la
1010 2439 226 53 nature
1289 2432 265 60 entière.
1592 2434 122 58 Les
1766 2434 189 69 êtres,
1989 2436 183 75 quels

242 2526 185 77 qu'ils
479 2526 227 67 soient,
764 2527 144 53 sont
957 2526 144 54 tous
1157 2522 285 58 destinés
1503 2540 81 39 au
1616 2522 277 58 Nirvâna
1914 2544 13 48 ;
1966 2527 60 55 et
2053 2542 119 59 par

240 2616 93 58 les
366 2616 165 57 êtres
563 2613 44 56 il
640 2612 140 59 faut
809 2612 306 62 entendre
1156 2611 91 58 les
1280 2611 333 70 animaux,
1650 2612 93 57 les
1773 2615 313 73 végétaux
2114 2616 59 57 et

242 2704 209 58 même
484 2701 92 57 les
624 2718 192 57 corps
859 2700 485 76 inorganiques.
1385 2700 85 58 Le
1524 2700 489 61 Christianisme
2070 2702 105 60 n'a

243 2812 113 58 pas
400 2790 408 60 absolument
850 2790 284 56 contesté
1180 2805 123 41 aux
1345 2789 302 58 animaux
1696 2790 61 58 la
1797 2792 378 75 possession

242 2883 189 59 d'une
459 2881 138 58 âme
620 2879 488 68 rudimentaire,
1127 2880 59 57 et
1211 2878 171 58 saint
1405 2879 316 76 Augustin
1747 2879 139 60 leur
1904 2883 272 59 accorde

240 2992 124 39 une
394 2972 222 58 ombre
647 2969 75 58 de
758 2969 61 57 la
851 2968 475 58 Connaissance
1362 2966 15 77 (
1696 2969 268 61 scienliœ
1994 2970 140 60 simi-

238 3059 245 78 litudo).
524 3060 47 56 Il
598 3077 77 39 va
705 3057 144 76 plus
877 3055 137 60 loin
1047 3074 11 41 :
1106 3057 39 56 il
1184 3057 239 71 admet,
1458 3074 129 42 non
1628 3059 359 61 seulement
2020 3062 151 61 chez

242 3152 91 60 les
366 3149 279 79 plantes,
682 3146 160 59 mais
874 3146 236 77 jusque
1155 3147 150 58 chez
1334 3147 91 58 les
1473 3148 365 74 minéraux,
1895 3152 277 77 quelque

244 3241 192 59 chose
466 3238 110 79 qui
609 3237 346 60 ressemble
985 3241 36 53 à
1051 3237 271 58 l'amour
1357 3238 24 76 (
1846 3260 326 57 corporum

245 3337 281 52 moventa
572 3335 141 51 sunt
756 3325 401 82 ponderum,)
1209 3328 118 58 Les
1372 3327 430 62 Bouddhistes
1834 3331 182 58 n'ont
2060 3349 115 58 pas

245 3438 78 42 eu
380 3417 417 61 d'hésitation
835 3435 11 39 :
893 3416 93 60 les
1054 3416 379 60 substances
1482 3417 486 77 inorganiques,
2023 3419 154 59 elles

305 3596 43 50 1.
382 3592 506 64 Avadâna-Çataka
931 3592 164 63 (Livre
1119 3594 89 48 des
1243 3592 126 50 Cent
1397 3594 298 62 légendes).
