2412 4038
1164 316 120 61 225

312 482 70 58 D.
434 479 325 71 Quest-ce
796 474 166 61 donc
1003 493 122 60 que
1159 474 59 61 le
1252 474 330 60 Nirvana?

311 573 74 59 R.
438 572 84 57 Le
550 569 282 59 Nirvana
862 585 76 40 ne
974 571 156 72 peut
1164 566 440 58 aucunement
1643 561 132 62 être
1811 566 306 77 comparé
2147 571 37 54 à

228 681 89 41 un
350 662 135 61 lieu
526 662 76 60 de
665 660 239 59 délices
959 656 398 62 matérielles
1415 655 381 81 (Mahomet)
1849 672 83 42 ou
1982 657 167 99 spiri-

231 752 231 63 tuelles
491 750 264 81 (Jésus);
796 751 153 60 c'est
989 768 88 40 un
1111 752 133 55 état
1277 747 77 60 de
1388 747 213 60 l'âme.

311 846 70 57 D.
433 842 222 73 Quelle
689 845 93 57 est
810 842 64 58 la
909 837 451 80 signification
1396 837 85 59 du
1528 842 139 55 mot
1695 839 325 59 Nirvana?

312 938 74 57 R.
423 957 34 35 «
490 936 170 58 Dans
684 934 92 60 les
795 931 297 61 versions
1124 930 109 60 des
1263 933 206 57 textes
1502 929 308 61 sanscrits
1843 929 77 61 de
1953 933 221 77 Népal,

231 1025 58 59 le
320 1030 202 55 terme
543 1025 77 59 de
645 1025 281 59 Nirvana
954 1023 92 58 est
1077 1019 208 60 rendu
1308 1038 117 60 par
1448 1019 92 60 les
1566 1025 170 54 mots
1758 1018 387 84 Nyci-ngnan-

247 1113 411 62 las-hdah-ba
714 1113 109 79 qui
890 1110 334 80 signifient
1288 1109 463 61 littéralement
1805 1133 33 35 «
1881 1112 179 61 l'état
2102 1114 77 60 de

234 1206 167 59 celui
434 1206 111 78 qui
579 1209 93 56 est
705 1203 318 62 affranchi
1058 1203 76 59 de
1168 1202 65 58 la
1265 1201 274 59 douleur
1570 1220 34 40 »
1638 1220 83 40 ou
1756 1222 35 38 «
1818 1203 180 61 l'état
2022 1204 160 61 dans

231 1297 211 79 lequel
498 1316 83 41 on
639 1315 64 41 se
753 1302 229 52 trouve
1036 1291 212 80 quand
1307 1310 83 40 on
1458 1293 93 57 est
1609 1291 166 61 ainsi
1832 1295 342 59 affranchi.

231 1387 296 60 D'autres
561 1387 212 60 disent
809 1404 122 59 que
961 1408 32 33 «
1023 1382 154 61 c'est
1213 1385 176 57 l'état
1422 1381 198 61 d'être
1653 1383 317 61 affranchi
2004 1386 76 60 de
2113 1385 65 61 la

235 1479 89 59 loi
359 1479 75 59 de
466 1476 533 74 transmigration
1037 1472 110 79 (1).
1185 1494 33 36 »

315 1570 70 57 D.
437 1568 113 72 Qu'
559 1571 202 56 est-ce
794 1584 122 60 que
952 1566 59 59 le
1048 1565 322 59 Nirvâna?

315 1660 70 60 R.
437 1679 33 36 «
517 1660 82 57 Le
642 1659 305 60 Nirvâna,
994 1653 443 71 c'est-à-dire,
1486 1653 188 61 d'une
1716 1657 287 59 manière
2045 1660 130 56 très

234 1749 326 78 générale,
592 1748 66 58 la
698 1745 370 60 délivrance
1097 1763 83 41 ou
1208 1743 58 58 le
1302 1743 194 74 salut,
1530 1748 93 56 est
1647 1745 58 60 le
1735 1747 118 58 but
1877 1749 300 75 suprême

234 1857 121 60 que
387 1837 57 60 le
468 1838 347 60 fondateur
839 1834 85 60 du
954 1833 447 60 Bouddhisme
1430 1853 35 41 a
1487 1839 282 75 proposé
1801 1855 124 42 aux
1953 1838 224 61 efforts

236 1930 75 59 de
343 1928 327 61 l'homme.
721 1949 34 34 »
791 1925 363 80 (Burnouf.)

314 2021 68 57 D.
439 2017 393 64 Maintenant
895 2016 310 77 qu'est-ce
1265 2034 122 58 que
1455 2018 164 59 cette
1683 2017 373 62 délivrance
2121 2025 59 56 et

234 2109 213 80 quelle
480 2112 94 56 est
606 2109 63 58 la
701 2114 227 53 nature
962 2106 75 59 de
1074 2123 70 42 ce
1180 2105 223 60 salut?

314 2201 73 60 R.
439 2201 167 56 Tous
636 2198 94 59 les
762 2196 463 70 Bouddhistes,
1252 2215 78 41 en
1352 2195 221 61 Orient
1600 2214 249 45 comme
1874 2218 78 42 en
1986 2201 153 60 Occi-

236 2290 175 70 dent,
449 2308 79 41 ne
568 2294 147 55 sont
745 2307 116 58 pas
895 2286 308 60 d'accord
1234 2306 111 39 sur
1379 2306 69 41 ce
1491 2288 211 76 point.

316 2382 72 57 D.
439 2382 80 56 Le
545 2379 299 70 Nirvâna,
867 2379 197 56 est-ce
1086 2375 618 74 l'anéantissement,
1735 2378 440 62 l'extinction?

317 2471 74 55 R.
444 2467 336 58 Plusieurs
841 2464 213 60 écoles
1114 2469 66 54 et
1239 2463 77 60 de
1392 2467 359 58 nombreux
1806 2473 259 56 savants
2116 2472 58 60 le

239 2557 196 60 nient.
465 2560 78 54 Le
569 2561 137 53 mot
735 2556 280 57 Nirvâna
1049 2558 93 54 est
1172 2554 130 58 mal
1333 2554 251 59 traduit
1618 2575 119 58 par
1766 2558 92 60 les
1891 2565 169 55 mots
2095 2562 78 60 de

236 2652 188 52 néant
484 2662 82 41 ou
627 2645 75 58 de
736 2642 140 60 vide
899 2662 14 51 ;
951 2664 34 36 <<
1017 2642 60 60 le
1123 2643 168 71 vide,
1349 2662 165 59 pour
1568 2646 90 60 les
1721 2648 308 79 disciples
2086 2653 87 59 du

234 2735 335 68 Bouddha,
598 2732 151 60 c'est
782 2733 323 58 l'absence
1139 2732 76 59 de
1248 2737 145 55 tout
1425 2753 70 40 ce
1526 2736 110 76 qui
1664 2755 161 42 nous
1859 2741 314 61 enchaîne

239 2844 120 42 aux
400 2822 358 61 servitudes
787 2822 372 59 inhérentes
1191 2827 37 54 à
1250 2822 63 60 la
1345 2824 232 72 forme,
1615 2826 57 61 le
1700 2833 187 55 néant
1929 2831 151 60 c'est
2109 2834 66 60 la

240 2915 373 61 délivrance
669 2911 334 61 définitive
1065 2916 63 55 et
1197 2913 272 61 absolue
1517 2916 77 60 de
1651 2921 142 59 tout
1835 2938 69 43 ce
1945 2924 110 77 qui
2109 2943 65 42 se

235 3004 294 60 rattache
565 3009 37 53 à
635 3021 103 41 ces
773 3001 385 60 servitudes.
1196 3023 34 38 »
1261 3001 90 82 (L.
1389 3004 76 61 de
1501 3008 263 81 Rosny).

319 3098 68 57 D.
409 3097 85 58 Le
517 3094 282 59 Nirvâna
823 3092 195 59 serait
1045 3093 165 61 donc
1236 3094 58 60 le
1319 3097 315 62 maintien
1664 3101 76 59 de
1768 3102 409 66 l'existence?

308 3186 73 57 R.
435 3184 121 60 Oui
592 3231 11 26 ,
648 3183 186 60 l'âme
889 3186 93 57 est
1027 3183 285 79 dégagée
1360 3187 109 60 des
1504 3189 393 65 souffrances
1944 3197 195 78 physi-

230 3290 191 62 ques;
460 3273 120 59 elle
615 3291 78 42 ne
724 3290 78 42 va
828 3272 143 77 plus
997 3273 265 61 habiter
1293 3275 92 60 les
1418 3295 214 61 corps.
1653 3281 134 61 Eile
1815 3290 166 56 reste
2017 3287 158 61 dans

231 3381 84 41 un
361 3367 130 55 état
536 3362 246 78 parfait
835 3362 590 79 d'indépendance.
1481 3388 34 40 «
1564 3371 87 58 Tu
1717 3374 317 62 arriveras
2095 3396 82 41 au

299 3543 43 48 1.
382 3540 255 60 Schmidt,
673 3539 648 57 Deutsch-Worterbuch.

1863 3666 58 48 15
