2412 4038
1160 345 122 57 224

207 506 381 64 considérer
621 522 253 44 comme
908 522 89 40 un
1025 498 517 64 dédoublement
1577 496 88 61 du
1697 494 213 63 même
1947 513 173 44 sexe.
2155 517 32 36 »

214 600 114 80 (De
363 600 249 78 Rosny,
654 595 250 82 Cours.)

1176 1132 52 59 V

999 1404 75 43 LE
1121 1403 285 47 NIRVANA

297 1610 69 58 D.
418 1607 334 73 Qu'est-ce
791 1625 123 61 que
954 1607 284 60 l'Enfer?

294 1703 70 57 R.
419 1723 34 36 «
500 1698 294 75 L'Enfer,
830 1700 254 78 répond
1121 1699 59 61 le
1215 1699 400 62 catéchisme
1648 1698 424 81 catholique,
2108 1699 95 60 est

213 1811 89 42 un
334 1792 134 59 lieu
495 1792 76 59 de
597 1794 371 57 tourments
987 1798 85 53 où
1097 1790 93 61 les
1214 1792 274 59 damnés
1525 1795 151 58 sont
1699 1809 165 60 pour
1892 1790 307 79 toujours

214 1886 265 77 séparés
523 1882 78 61 de
655 1883 184 71 Dieu,
905 1886 60 57 et
1025 1882 318 59 souffrent
1389 1901 155 43 avec
1596 1880 95 61 les
1754 1882 277 61 démons
2084 1882 113 61 des

216 1973 332 80 supplices
587 1973 113 80 qui
733 1991 80 43 ne
848 1972 274 62 finiront
1167 1972 265 80 jamais.
1487 1995 34 35 »

298 2067 73 59 D.
419 2067 88 59 Le
564 2063 451 61 Bouddhisme
1089 2062 440 62 reconnaît-il
1604 2061 378 63 l'existence
2042 2063 152 60 d'un

220 2156 182 64 enfer
421 2159 30 58 ?

298 2251 76 61 R.
425 2247 431 61 Absolument
912 2264 142 62 pas.
1101 2247 52 59 Il
1187 2265 78 42 ne
1309 2246 170 61 croit
1526 2265 118 61 pas
1694 2246 157 82 qu'il
1909 2267 39 59 y
1991 2246 92 62 ait
2126 2246 77 61 de

213 2341 212 79 bagne
460 2340 345 79 perpétuel
842 2357 169 61 pour
1042 2339 94 61 les
1171 2341 202 59 âmes.
1406 2339 50 60 Il
1490 2338 289 62 n'admet
1812 2357 118 61 pas
1971 2338 160 81 qu'il
2160 2359 42 60 y

218 2433 90 63 ait
340 2432 112 62 des
510 2432 216 61 fautes
766 2429 373 75 éternelles,
1185 2430 237 78 punies
1463 2430 527 63 éternellement.
2041 2434 164 59 Tout

216 2524 207 80 péché
457 2527 159 75 peut
649 2524 136 60 être
818 2522 291 62 racheté.
1144 2522 48 60 Il
1224 2521 108 80 n'y
1364 2541 38 42 a
1436 2540 118 63 pas
1590 2523 79 61 de
1702 2522 321 81 Seigneur
2045 2542 118 43 ven-

214 2634 182 61 geur,
435 2613 501 62 éternellement
978 2613 212 60 irrité.

298 2710 71 58 D.
425 2706 330 72 Qu'est-ce
790 2724 124 61 que
948 2703 60 63 le
1042 2705 323 62 Paradis?

300 2797 73 63 R.
409 2801 84 57 Le
529 2797 303 73 Paradis,
868 2796 100 61 dit
1002 2814 239 43 encore
1261 2796 60 62 le
1347 2796 404 62 catéchisme
1792 2797 410 83 catholique,

218 2893 95 58 est
341 2913 33 34 «
409 2909 89 42 un
524 2889 137 61 lieu
688 2889 78 60 de
787 2888 249 62 délices
1058 2896 86 53 où
1173 2889 96 61 les
1289 2891 221 78 Anges
1542 2893 61 58 et
1633 2889 95 62 les
1752 2891 224 61 Saints
1998 2890 176 81 jouis-

220 2987 144 56 sent
396 2982 156 59 d'un
587 2980 303 60 bonheur
919 2980 247 63 éternel
1197 2983 60 58 et
1302 2980 276 80 parfait,
1614 3001 122 62 par
1780 2982 66 62 la
1886 3002 125 42 vue
2053 2987 60 58 et
2144 2983 64 63 la

218 3072 384 81 possession
637 3072 78 59 de
758 3072 187 61 Dieu.
998 3093 34 36 »

302 3164 71 59 D.
425 3166 88 57 Le
552 3162 446 61 Bouddhisme
1032 3163 444 61 reconnaît-il
1507 3164 385 64 l'existence
1933 3166 155 63 d'un
2118 3168 88 62 tel

221 3255 316 62 Paradis?

302 3349 74 61 R.
428 3349 167 58 Non.

302 3443 71 58 D.
435 3437 157 65 Mais
664 3436 260 65 croit-il
995 3444 39 57 à
1097 3437 380 65 l'existence
1544 3440 200 65 d'une
1817 3448 238 78 espèce
2127 3446 79 64 de

223 3531 268 63 Paradis
509 3533 28 58 ?

308 3627 72 59 R.
418 3627 170 59 Non.
