2412 4038
1141 340 117 58 209

205 495 357 61 l'habitude
599 495 74 61 de
707 496 57 60 le
797 501 325 74 respecter
1155 495 119 61 fait
1307 511 123 63 que
1486 494 131 61 l'on
1669 492 177 61 n'ose
1879 491 280 81 prendre

200 586 371 63 l'initiative
610 586 76 61 de
715 586 58 61 le
807 586 303 61 détruire.
1135 588 52 58 Il
1216 585 289 62 faudrait
1537 605 88 40 un
1659 588 293 76 prétexte
1985 584 141 61 vala-

206 677 130 77 ble,
373 696 85 40 un
487 680 288 75 prétexte
808 677 198 61 social
1011 725 12 23 ,
1062 677 537 61 entendez-vous.

284 767 163 61 Dieu
480 786 163 42 nous
679 769 259 59 entend.
977 769 50 57 Il
1061 773 217 67 tonne,
1316 768 147 77 puis
1496 767 47 58 il
1575 767 216 78 pleut;
1827 767 77 59 de
1938 765 218 80 larges

201 863 283 74 gouttes,
525 858 109 59 des
668 858 300 62 crachats
999 859 237 79 plutôt,
1274 862 358 75 ponctuent
1672 858 66 60 la
1787 857 362 81 poussière.

206 952 83 59 Ce
341 950 162 59 n'est
558 966 115 60 pas
733 969 196 56 assez,
988 951 171 60 voici
1234 951 223 60 mieux
1486 971 13 38 :
1562 951 114 60 des
1733 967 223 54 seaux,
2031 950 116 59 des

204 1040 313 61 trombes.
555 1041 47 57 Il
635 1039 183 78 pleut
853 1041 85 60 du
976 1044 313 76 prétexte.

281 1130 192 61 Alors
503 1130 93 61 les
630 1130 282 62 anxieux
952 1131 370 64 effondrent
1355 1130 60 61 le
1448 1131 299 79 principe
1787 1130 76 61 de
1899 1130 252 62 clôture

207 1221 61 60 et
299 1221 79 61 de
409 1224 356 75 propriété,
784 1221 323 79 piétinent
1138 1221 93 61 les
1254 1220 311 80 gardiens
1596 1221 76 60 de
1701 1221 66 59 la
1797 1221 172 80 paix,
2001 1240 114 42 con-

210 1312 302 80 quièrent
540 1310 59 61 le
633 1313 225 61 buffet.
900 1313 325 79 Quelques
1255 1312 283 59 minutes
1584 1314 61 59 et
1688 1310 61 61 le
1783 1312 244 78 pillage
2057 1314 95 57 est

204 1402 304 78 complet.
541 1402 293 61 N'a-t-on
868 1422 114 60 pas
1015 1403 61 61 le
1110 1403 173 60 droit
1320 1402 254 61 naturel
1620 1402 77 59 de
1742 1420 66 41 se
1850 1407 229 56 mettre
2112 1408 39 55 à

204 1492 191 61 l'abri
425 1511 78 41 en
536 1497 214 74 temps
783 1493 301 80 d'orage?

284 1583 95 60 On
417 1586 258 57 éventre
698 1583 66 60 la
798 1585 310 77 virginité
1145 1583 109 60 des
1286 1583 238 78 aspics,
1564 1601 84 42 on
1688 1583 179 60 force
1900 1582 213 61 l'inno-

214 1690 193 43 cence
453 1672 387 62 tremblante
887 1675 110 57 des
1056 1674 598 76 blancs-mangers,
1712 1691 84 42 on
1850 1672 174 61 viole
2055 1674 93 60 les

204 1762 373 80 pyramides
657 1764 77 59 de
822 1764 196 59 fruits
1108 1768 358 74 étrangers,
1556 1783 85 40 on
1730 1764 238 59 souille
2055 1764 94 61 les

200 1854 396 77 compotiers
646 1856 217 77 parés.
925 1853 255 59 Marche
1230 1851 278 63 funèbre
1562 1854 110 60 des
1721 1854 200 79 petits
1964 1853 187 62 fours

200 1944 253 60 tombés
536 1961 83 41 au
700 1944 235 76 champ
1005 1942 395 73 d'honneur,
1472 1943 263 61 oraison
1808 1961 167 62 pour
2054 1944 93 61 les

195 2033 320 60 sucreries
546 2033 315 61 décédées
903 2033 237 61 devant
1171 2033 328 61 l'ennemi.

273 2124 395 80 L'impunité
701 2124 341 61 collective
1077 2124 289 60 autorise
1399 2126 91 59 les
1533 2124 173 79 pires
1742 2124 304 75 audaces,
2086 2129 61 58 et

192 2216 210 61 même
468 2234 77 42 en
615 2218 163 58 cette
837 2216 334 72 anarchie,
1242 2215 317 61 l'instinct
1616 2216 75 60 de
1770 2217 375 79 possession

192 2306 363 77 triomphe;
604 2323 110 41 car
756 2306 111 77 qui
908 2325 39 41 a
983 2305 150 61 volé
1181 2323 126 41 une
1350 2306 258 60 assiette
1646 2306 77 60 de
1772 2309 375 59 sandwichs

196 2397 270 75 prétend
513 2414 79 42 ne
637 2395 66 60 la
747 2400 305 74 partager
1085 2413 152 43 avec
1282 2411 322 61 personne
1639 2399 59 57 et
1736 2396 190 61 hurle
1964 2397 53 60 si
2062 2416 83 41 on

192 2489 170 56 tente
393 2485 76 58 de
496 2486 63 57 la
592 2483 92 60 lui
718 2485 331 61 arracher.

281 2575 164 59 ...La
475 2573 177 77 pluie
684 2592 38 40 a
756 2577 197 55 cessé.
990 2577 86 57 La
1122 2573 176 61 foule
1342 2571 149 63 s'est
1537 2574 217 61 enfuie
1803 2577 241 59 devant
2083 2577 60 60 le

196 2663 170 60 beau
402 2668 240 71 temps;
680 2662 61 58 la
779 2663 230 60 satiété
1048 2664 230 59 chasse
1302 2663 94 60 les
1428 2664 194 78 loups
1651 2665 155 60 hors
1841 2665 86 60 du
1963 2668 171 60 Bois.

277 2753 76 57 Et
384 2750 160 60 dans
576 2750 308 79 quelques
915 2752 306 71 minutes,
1263 2753 219 78 quand
1527 2754 93 60 les
1664 2756 339 61 Messieurs
2050 2757 88 60 du

196 2839 330 79 Syndicat,
555 2841 292 59 retardés
865 2860 120 59 par
1001 2842 264 79 l'orage,
1301 2843 366 61 arriveront
1687 2848 36 56 à
1740 2848 163 59 cette
1926 2846 211 78 place,

199 2931 81 61 ils
312 2950 80 42 ne
419 2936 383 56 trouveront
836 2931 145 79 plus
1011 2950 122 61 que
1170 2933 109 60 des
1307 2933 225 61 ruines
1560 2941 37 55 à
1627 2954 224 60 payer.

1811 3685 58 48 14
