2412 4038
1118 354 118 58 203

228 527 123 43 vue
380 508 79 61 de
488 508 141 61 leur
657 510 309 60 tentative
1001 509 78 60 de
1108 506 401 72 réalisation,
1532 505 160 62 dans
1712 524 125 43 une
1861 505 321 62 Chambre

1496 560 12 18 7

229 618 80 42 en
341 617 251 44 somme
626 600 376 61 réfractaire
1035 604 61 56 et
1133 598 262 61 hostile.

301 684 318 78 Jusqu'ici
658 684 57 60 le
762 682 375 62 socialisme
1195 683 422 77 proprement
1660 680 96 61 dit
1800 682 225 59 n'était
2068 699 116 63 pas

224 777 376 76 représenté
635 781 36 54 à
701 776 64 59 la
798 774 321 61 Chambre
1164 791 82 42 ou
1289 792 82 41 ne
1408 772 204 61 l'était
1660 773 488 79 qu'insuffisam-

225 871 198 56 ment.
452 868 119 59 Les
606 867 287 73 Ferroul,
921 867 94 60 les
1051 866 277 70 Baudin,
1367 865 93 61 les
1494 866 296 61 Thivrier
1841 867 306 78 personni-

226 956 221 61 fiaient
479 957 581 76 incomplètement
1091 955 219 61 l'idéal
1344 956 109 60 des
1482 956 274 72 justices
1796 962 64 55 et
1891 957 110 60 des
2036 960 112 75 éga-

224 1049 146 59 lités
441 1049 384 58 socialistes.
873 1047 105 73 Or,
1018 1049 52 58 si
1134 1049 60 58 la
1230 1049 381 59 médiocrité
1672 1067 167 60 pour
1870 1068 86 39 un
2015 1049 170 77 parti

228 1139 207 60 arrivé
486 1157 251 42 comme
770 1140 57 59 le
878 1138 170 80 parti
1119 1139 408 77 républicain
1562 1141 110 77 qui
1733 1158 325 60 gouverne
2092 1143 93 56 est

228 1229 213 78 plutôt
487 1249 85 38 un
613 1248 158 61 gage
823 1229 75 60 de
962 1229 216 60 stabili
1212 1232 60 57 té
1302 1237 64 53 et
1425 1230 77 60 de
1564 1232 261 59 solidité
1891 1230 293 79 qu'autre

229 1321 215 72 chose,
508 1326 179 55 toute
748 1322 304 77 majorité
1107 1324 176 56 étant
1331 1321 364 62 forcément
1743 1322 327 59 médiocre
2123 1328 62 55 et

229 1412 295 60 d'autant
572 1412 146 76 plus
751 1412 378 70 adhérente,
1168 1411 48 57 il
1250 1428 79 42 en
1371 1430 80 40 va
1496 1417 146 56 tout
1701 1414 369 59 autrement
2105 1431 79 41 en

232 1520 69 42 ce
336 1502 109 78 qui
479 1520 320 43 concerne
833 1521 125 41 une
991 1501 306 61 minorité
1334 1503 345 79 politique.

310 1591 46 61 Il
392 1595 92 57 est
513 1611 80 41 en
626 1595 149 58 effet
803 1594 75 61 de
916 1597 183 55 toute
1134 1592 304 63 évidence
1466 1613 122 58 que
1609 1595 275 70 celle-ci,
1907 1592 196 63 faible
2120 1599 64 56 et

230 1684 250 77 puérile
516 1703 116 58 par
661 1685 58 60 le
755 1685 294 67 nombre,
1070 1700 82 42 ne
1184 1689 154 71 peut
1366 1686 179 59 avoir
1579 1686 391 60 d'existence
2007 1691 63 55 et
2103 1685 78 60 de

229 1775 178 59 force
445 1793 121 58 que
602 1793 118 60 par
745 1776 61 59 la
828 1774 384 79 supériorité
1234 1775 109 59 des
1376 1776 180 61 idées
1592 1783 59 53 et
1678 1778 109 59 des
1818 1780 366 57 caractères

233 1865 108 78 qui
375 1867 64 58 la
470 1870 417 73 composent;
917 1865 120 60 elle
1077 1864 136 60 doit
1248 1883 388 62 compenser
1670 1868 58 60 le
1764 1868 273 61 nombre
2065 1886 120 59 par

228 1954 231 71 l'éclat,
498 1953 308 63 l'étendre
870 1973 118 61 par
1042 1952 352 66 l'intensité
1418 1976 11 54 ;
1463 1957 121 61 elle
1646 1977 80 41 ne
1789 1963 156 74 peut
2002 1958 183 60 vivre

232 2046 143 77 qu'à
417 2046 178 61 force
637 2047 76 60 de
755 2047 208 62 talent
1006 2056 62 53 et
1119 2049 352 79 d'énergie,
1523 2053 64 56 et
1629 2049 47 59 il
1719 2067 77 42 ne
1846 2049 189 79 s'agit
2067 2066 117 61 pas

230 2137 362 61 seulement
623 2156 166 60 pour
817 2140 119 59 elle
972 2142 76 61 de
1082 2143 178 61 vivre
1295 2147 62 55 et
1390 2141 77 60 de
1505 2141 193 61 durer
1739 2160 258 42 comme
2058 2159 124 42 une

228 2229 305 77 majorité
568 2231 198 59 assise
800 2236 64 55 et
897 2234 645 76 gouvernementale,
1578 2234 167 59 mais
1775 2234 76 58 de
1888 2251 63 41 se
2012 2232 128 59 mul-

228 2317 242 79 tiplier,
512 2320 75 58 de
624 2320 364 79 s'imposer,
1030 2324 77 59 de
1142 2324 286 79 grandir,
1468 2323 79 59 de
1584 2342 65 40 se
1696 2340 316 60 procurer
2070 2323 111 59 des

233 2410 264 76 adeptes
531 2414 61 53 et
642 2411 76 59 de
765 2414 336 58 s'annexer
1148 2415 111 57 des
1312 2414 256 76 esprits.
1604 2414 153 58 Cela
1814 2430 80 41 va
1926 2414 78 58 de
2058 2414 119 58 soi.

233 2498 162 59 C'est
422 2518 123 41 une
585 2502 298 75 question
916 2504 79 59 de
1030 2504 179 61 force
1244 2522 338 42 nerveuse.
1617 2505 180 61 Vous
1824 2504 133 59 êtes
1996 2505 189 75 vingt

237 2593 222 55 contre
494 2594 229 71 quatre
759 2597 177 53 cents
978 2598 61 53 et
1068 2611 160 42 vous
1278 2593 197 60 devez
1521 2594 134 59 être
1692 2594 174 59 aussi
1910 2594 168 59 forts
2120 2598 62 55 et

238 2678 146 76 plus
416 2679 185 60 forts.
652 2682 138 57 Une
821 2682 306 60 minorité
1190 2684 78 59 de
1310 2683 360 61 médiocres
1728 2684 265 60 n'existe
2039 2702 139 61 pas,

234 2768 217 60 tandis
494 2770 232 76 qu'une
775 2771 304 77 majorité
1124 2773 77 59 de
1251 2775 361 59 médiocres
1672 2792 77 41 ne
1813 2776 136 60 s'en
1992 2780 189 73 porte

235 2875 122 61 que
385 2858 241 60 mieux.
666 2858 161 60 C'est
861 2878 69 41 ce
968 2880 121 60 que
1127 2881 162 41 nous
1322 2883 205 40 avons
1562 2883 88 59 pu
1682 2865 189 79 juger
1916 2865 160 60 dans
2123 2865 58 61 le

235 2954 273 54 courant
543 2949 76 59 de
656 2950 61 58 la
750 2950 298 63 dernière
1077 2952 262 79 période
1381 2954 387 78 législative.

323 3247 433 79 Aujourd'hui
789 3251 92 62 les
914 3254 226 62 choses
1169 3261 155 54 vont
1357 3260 329 75 peut-être
1716 3260 308 79 changer.
2062 3262 120 59 Les

236 3339 389 80 ballottages
660 3360 77 41 ne
773 3348 146 54 sont
953 3363 114 59 pas
1108 3364 234 43 encore
1374 3351 250 58 scrutés
1661 3368 80 41 au
1766 3355 288 55 moment
2099 3359 81 51 où

229 3426 238 78 j'écris,
497 3430 64 78 je
601 3449 101 42 me
739 3434 256 61 réserve
1028 3434 165 61 donc
1230 3454 166 60 pour
1427 3436 192 78 juger
1652 3439 409 60 décidément
2102 3440 75 59 de

236 3518 64 58 la
333 3519 219 58 valeur
585 3520 76 60 de
694 3522 64 59 la
791 3523 297 61 nouvelle
1122 3525 304 61 minorité
1459 3527 349 61 socialiste.
1848 3529 158 59 Mais
2038 3536 142 54 tout

237 3626 76 42 en
341 3608 344 77 déplorant
718 3612 113 59 dès
866 3614 405 61 maintenant
1300 3616 240 60 l'échec
1570 3617 77 61 de
1669 3619 75 57 M.
1772 3619 403 65 Fourmière,
