2412 4038
1207 338 117 56 194

292 516 82 42 on
415 515 78 40 ne
536 498 151 75 peut
728 498 184 55 noter
959 511 84 39 un
1073 491 410 60 mouvement
1526 489 77 60 de
1642 491 264 60 révolte.
1938 489 261 80 L'appré-

291 587 236 58 ciation
562 584 74 58 de
668 583 76 57 M.
782 581 273 59 Casimir
1093 581 217 58 Périer
1345 583 189 75 parut
1566 597 127 42 aux
1737 579 315 61 électeurs
2086 584 144 56 tout

287 681 35 52 à
353 675 117 58 fait
501 671 398 72 admissible,
936 671 171 76 juste
1143 673 58 58 et
1229 668 405 61 rationnelle.

366 765 77 57 Ce
481 762 117 59 fait
632 761 427 77 d'apparence
1095 760 402 77 quelconque
1543 761 91 56 est
1665 757 152 61 bien
1850 758 385 79 significatif

286 854 83 58 du
402 859 230 70 temps.

363 943 161 58 Sous
588 940 289 78 l'empire
943 940 260 72 second,
1263 958 87 39 un
1411 943 260 54 orateur
1731 938 109 77 qui
1896 941 109 56 eût
2060 938 166 61 ainsi

283 1032 179 77 parlé
488 1033 106 56 eût
627 1030 257 60 soulevé
921 1030 64 59 la
1018 1030 214 60 colère
1277 1028 333 77 publique.
1670 1029 114 57 Les
1826 1033 278 72 gazettes
2142 1029 85 60 du

282 1127 209 70 temps
526 1137 62 42 se
609 1119 249 59 fussent
893 1119 362 78 indignées.
1283 1118 223 58 Thiers
1539 1120 59 58 et
1631 1118 246 68 Guizot,
1924 1117 301 61 Girardin

284 1214 258 56 eussent
578 1212 280 75 protesté
893 1227 80 41 au
1012 1228 145 40 nom
1208 1207 75 59 de
1318 1212 163 54 cette
1519 1207 237 76 grande
1810 1204 414 82 bourgeoisie

286 1300 108 77 qui
446 1303 58 55 et
559 1300 156 57 dont
750 1344 65 14 ...
855 1298 400 60 Maintenant
1300 1297 132 60 cela
1510 1296 157 59 n'est
1726 1315 120 58 que
1905 1297 195 58 banal
2156 1302 61 55 et

286 1388 249 78 simple.
1314 1380 35 26 *

364 1480 113 57 Les
510 1477 280 60 scrutins
848 1476 214 60 d'août
1111 1479 65 57 et
1208 1475 75 59 de
1342 1475 363 76 septembre
1764 1475 457 59 confirmèrent

284 1574 160 54 cette
477 1567 219 79 parole
730 1567 84 59 du
847 1566 356 60 Président.
1223 1566 197 59 Grâce
1450 1570 34 55 à
1515 1566 108 59 des
1655 1565 390 79 ballottages
2078 1565 143 77 plus

281 1661 207 55 francs
522 1675 160 42 nous
720 1656 340 77 pourrions
1093 1658 332 57 connaître
1455 1674 87 40 un
1575 1655 331 59 ministère
1937 1655 246 60 Glémen-

284 1763 177 53 ceau,
498 1747 278 73 Wilson,
808 1745 289 76 Floquet,
1145 1744 299 69 Rouvier,
1495 1745 250 76 Dupuy.
1792 1745 49 57 Il
1882 1748 302 75 représen-

282 1834 189 60 terait
500 1838 128 55 très
662 1834 394 60 exactement
1088 1834 187 59 l'âme
1319 1832 319 77 française
1699 1833 210 76 éprise
1968 1837 75 57 de
2079 1835 141 59 l'art

284 1923 85 58 du
404 1923 96 58 vol
547 1928 60 53 et
636 1923 107 76 qui
778 1923 58 58 le
865 1922 350 79 proclame.

361 2012 82 58 Ce
500 2016 219 54 succès
786 2012 85 58 du
927 2015 502 73 gouvernement
1465 2028 75 40 ne
1601 2011 244 59 saurait
1876 2030 161 40 nous
2070 2031 108 41 sur-

282 2101 294 77 prendre.
617 2103 97 56 Un
759 2101 159 58 tiers
952 2101 108 58 des
1095 2100 312 58 électeurs
1449 2100 146 58 s'est
1625 2100 294 58 abstenu.
1954 2103 80 59 Ce
2070 2108 146 53 sont

282 2190 90 58 les
401 2190 292 59 hommes
717 2189 416 78 d'ignominie
1153 2189 319 58 moindre.
1498 2191 115 56 Les
1650 2194 213 53 autres
1887 2190 328 59 obéissent

282 2284 35 53 à
348 2279 236 61 l'ordre
617 2280 84 58 du
734 2288 231 69 patron
1015 2279 158 59 dont
1204 2279 91 59 les
1323 2279 263 59 salaires
1614 2279 377 77 dispensent
2018 2281 62 57 la
2112 2281 101 59 vie

283 2373 61 53 et
381 2369 298 60 l'homme
728 2369 76 58 de
844 2371 242 74 négoce
1128 2371 268 74 apporte
1429 2366 91 60 les
1562 2371 178 55 votes
1784 2369 75 58 de
1893 2387 116 42 son
2036 2375 144 54 trou-

281 2476 166 58 peau
494 2477 81 40 au
617 2458 301 59 candidat
959 2458 266 77 capable
1271 2456 75 60 de
1392 2456 58 60 le
1492 2459 334 76 prémunir
1867 2463 221 56 contre
2128 2460 92 61 les

279 2549 455 60 indiscrétions
767 2549 84 59 du
884 2549 132 70 fisc,
1054 2548 76 58 de
1161 2548 315 60 favoriser
1501 2566 97 40 ses
1629 2548 263 62 larcins.

358 2638 624 61 Malheureusement
1023 2656 102 41 ces
1168 2638 342 59 candidats
1551 2638 147 59 nuls
1740 2638 139 60 élus
1930 2639 159 59 dans
2128 2638 92 60 les

279 2730 341 76 provinces
660 2747 118 60 par
818 2728 64 59 la
940 2728 200 76 petite
1200 2727 310 79 boutique
1545 2746 80 41 ou
1656 2728 560 61 l'industrialisme

277 2818 150 59 béat
461 2822 180 66 vont,
678 2836 124 41 une
834 2817 125 60 fois
992 2822 37 54 à
1060 2817 64 59 la
1156 2816 598 71 Chambre,donner
1774 2820 140 57 leur
1948 2818 271 78 opinion

278 2926 108 40 sur
421 2906 92 58 les
543 2907 219 77 points
794 2907 391 78 importants
1219 2907 75 59 de
1326 2907 63 59 la
1422 2907 490 78 métaphysique
1952 2909 260 59 sociale.

277 3003 91 52 Un
400 2997 132 58 bon
568 2997 325 58 monsieur
938 3000 192 74 ayant
1175 3001 289 74 emporté
1510 3015 81 41 au
1634 2997 158 60 fond
1840 2997 185 61 d'une
2062 3018 119 58 pro-

274 3084 184 60 vince
491 3085 91 59 les
626 3088 312 73 suffrages
994 3085 109 57 des
1149 3085 362 61 bouilleurs
1571 3088 76 58 de
1707 3105 111 41 cru
1869 3089 217 58 avides
2144 3089 75 60 de

282 3173 141 61 leur
468 3174 328 77 privilège,
833 3175 267 59 traitera
1131 3175 108 59 des
1299 3175 126 60 lois
1459 3179 457 76 économiques
1948 3178 90 60 les
2071 3178 145 77 plus

283 3263 254 72 ardues,
575 3282 64 41 se
673 3264 197 60 devra
904 3264 404 60 débrouiller
1345 3265 207 77 parmi
1600 3267 91 58 les
1726 3267 491 78 complications

279 3353 419 61 formidables
754 3353 150 60 d'un
957 3358 285 73 système
1288 3354 75 59 de
1412 3354 125 60 lois
1575 3356 349 73 ouvrières,
1962 3357 76 60 de
2079 3376 109 60 syn-

284 3445 228 72 dicats,
551 3445 76 58 de
669 3445 503 76 prud'hommes,
1210 3445 311 58 interdire
1584 3446 90 59 les
1722 3446 213 77 pièces
2000 3466 119 59 que
2154 3448 62 59 la

284 3560 266 42 censure
590 3544 225 76 élague
856 3561 80 42 au
973 3547 109 74 gré
1115 3544 84 59 du
1234 3545 299 76 pouvoir.
