2412 4038
1165 370 118 56 219

226 522 221 78 génies
483 525 75 60 de
591 525 403 70 l'humanité,
1023 525 75 60 de
1126 524 494 80 Pythagore,de
1672 521 232 60 Platon
1940 524 223 56 notam
2182 563 11 6 -

229 615 197 69 ment,
468 618 59 56 et
559 615 76 60 de
673 614 177 61 leurs
884 615 325 78 disciples.
1249 618 160 58 Jean
1446 613 317 80 Reynaud
1797 632 37 39 a
1886 610 304 80 expliqué

233 703 381 63 clairement
647 724 70 42 ce
755 705 265 80 qu'était
1052 707 65 58 la
1174 705 540 77 transmigration
1773 722 83 40 ou
1916 708 230 54 métem-

230 813 292 60 psycose,

312 859 69 86 ï).
436 888 135 70 Que
609 887 217 61 dit-il?

314 978 70 56 R.
437 1000 29 30 «
503 977 530 75 L'âme,dit-il,de
1067 978 102 60 vie
1195 997 78 42 en
1303 978 212 70 vie,de
1555 977 235 61 monde
1811 995 78 41 en
1924 975 260 69 monde,

232 1066 472 77 disparaissant
750 1069 75 59 de
874 1069 131 59 l'un
1061 1088 165 59 pour
1264 1072 354 77 reparaître
1669 1071 159 58 dans
1862 1086 85 40 un
1979 1072 203 63 autre,

228 1156 299 79 toujours
546 1163 223 73 portée
795 1178 117 59 par
934 1160 344 60 tendances
1312 1160 226 77 qu'elle
1574 1179 28 41 o
1635 1166 35 54 à
1701 1160 268 58 s'élever
1997 1157 187 59 d'une

230 1248 233 75 sphère
497 1248 348 61 inférieure
879 1255 38 54 à
967 1269 123 41 une
1150 1251 238 75 sphère
1424 1251 401 75 supérieure,
1885 1246 301 79 toujours

232 1338 204 59 douée
466 1339 110 58 des
615 1339 212 60 forces
872 1339 360 80 plastiques
1291 1339 109 79 qui
1442 1340 91 59 lui
1579 1344 145 55 sont
1785 1338 399 61 nécessaires

237 1447 156 56 pour
426 1447 63 41 se
520 1428 244 60 former
794 1430 89 59 les
921 1448 281 61 organes
1246 1430 158 59 dont
1447 1429 118 60 elle
1625 1451 37 38 a
1710 1429 253 70 besoin,
1997 1427 187 61 l'âme

229 1518 357 79 accomplit
621 1538 150 42 avec
803 1521 144 76 plus
980 1540 82 40 ou
1098 1521 212 59 moins
1344 1521 75 58 de
1451 1519 320 61 rectitude
1805 1523 58 56 et
1896 1521 75 58 de
2029 1518 124 61 féli-

233 1608 122 60 cité
389 1608 91 60 les
515 1611 236 75 phases
799 1611 396 60 successives
1240 1611 75 60 de
1380 1630 115 39 son
1555 1611 630 77 perfectionnement

229 1698 188 60 infini
446 1719 12 53 ;
498 1704 117 54 née
658 1701 159 58 dans
847 1700 92 59 les
988 1700 345 61 bas-fonds
1369 1701 75 58 de
1504 1701 329 69 l'univers,
1863 1700 313 59 ballottée

233 1790 157 58 dans
425 1791 108 59 des
566 1790 265 77 régions
853 1809 373 60 moyennes,
1249 1795 192 74 après
1470 1809 120 41 une
1626 1791 161 60 suite
1810 1790 375 79 d'épreuves

229 1879 143 76 plus
414 1898 83 40 ou
544 1879 215 59 moins
811 1879 301 79 longues,
1151 1879 119 59 elle
1321 1899 76 41 en
1452 1880 227 58 atteint
1734 1880 91 58 les
1876 1879 310 77 paisibles

228 1970 388 70 sublimités,
649 1970 310 60 ineffable
992 1973 421 76 récompense
1449 1972 108 58 des
1589 1972 259 59 mérites
1886 1969 230 79 qu'elle
2144 1989 37 41 a

225 2079 74 40 su
333 2060 323 77 acquérir.
710 2083 32 35 »

304 2152 70 58 D.
427 2153 83 56 Le
544 2151 442 61 Bouddhisme
1014 2152 303 60 raisonne
1353 2151 166 59 ainsi
1550 2152 26 56 ?

312 2242 71 57 R.
433 2241 146 59 Oui.
618 2243 171 57 Pour
826 2242 109 70 lui,
980 2264 33 34 «
1060 2243 294 59 lésâmes
1404 2247 265 71 passent
1729 2260 114 59 par
1886 2242 110 58 des
2054 2242 132 60 vies

232 2331 397 60 successives
666 2339 81 52 où
784 2331 246 77 s'opère
1081 2351 116 57 par
1258 2333 233 75 degrés
1547 2332 141 59 leur
1744 2332 436 75 purification.

235 2425 115 53 Les
376 2421 323 59 chrétiens
737 2421 249 60 closent
1027 2427 36 53 à
1103 2422 63 58 la
1208 2426 173 54 mort
1435 2426 186 54 notre
1672 2422 321 60 existence
2043 2440 107 42 cor-

235 2509 266 77 porelle,
521 2510 146 76 puis
699 2529 161 39 nous
889 2511 141 59 font
1066 2510 183 60 subir
1283 2529 83 39 un
1392 2511 336 76 jugement
1758 2514 241 75 unique
2035 2511 149 60 d'où

235 2617 162 40 nous
432 2601 257 55 sortons
745 2599 141 58 élus
921 2617 80 40 ou
1067 2600 290 59 damnés.
1397 2601 73 56 Et
1505 2604 306 72 pourtant
1839 2601 83 59 ils
1956 2605 114 55 ont
2101 2620 84 41 vu

238 2706 121 59 que
392 2692 160 54 cette
583 2689 270 76 opinion
882 2690 153 57 était
1068 2695 141 72 trop
1242 2689 291 72 absolue,
1584 2709 109 40 car
1726 2692 80 58 ils
1838 2697 113 54 ont
1983 2693 170 60 intro-

238 2778 137 58 duit
431 2778 57 58 le
530 2778 371 77 purgatoire
955 2779 108 78 qui
1122 2798 117 59 par
1286 2798 96 41 ses
1443 2780 182 60 effets
1679 2782 311 77 équivaut
2043 2787 36 56 à
2123 2783 64 58 la

239 2867 553 74 transmigration.
844 2888 33 39 »
912 2869 156 78 (Em.
1112 2867 340 82 Burnouf.)

319 2961 74 58 D.
446 2960 130 67 Que
611 2957 193 60 disait
836 2957 57 60 le
929 2960 311 59 Bouddha
1268 2961 508 77 Çakya-Mouni?

319 3050 71 57 R.
444 3070 31 33 «
526 3048 164 58 Tout
724 3052 301 74 composé
1061 3056 98 53 est
1192 3051 382 77 périssable,
1613 3071 69 42 ce
1722 3054 110 78 qui
1876 3061 98 55 est
2015 3075 129 42 com-

239 3140 155 75 posé
431 3137 162 60 n'est
623 3137 237 78 jamais
892 3140 229 60 stable.
1171 3164 19 33 >
1191 3164 7 14 s

322 3228 67 57 D.
442 3228 74 58 Et
550 3231 322 56 comment
896 3229 56 59 le
976 3231 203 77 grand
1206 3233 212 76 prêtre
1443 3233 393 77 Sumangala
1861 3238 289 78 explique-

242 3316 101 58 t-il
376 3320 162 57 cette
572 3318 291 61 doctrine
900 3320 107 59 des
1047 3323 496 59 renaissances?

324 3408 70 57 R.
433 3428 32 34 «
513 3410 119 56 Les
666 3409 449 73 Bouddhistes,
1148 3412 196 70 dit-il,
1387 3431 79 40 ne
1512 3414 245 57 croient
1803 3433 114 59 pas
1952 3417 230 76 qu'une

244 3497 174 59 seule
452 3498 313 58 existence
795 3499 220 59 suflise
1048 3520 156 56 pour
1222 3502 354 77 impliquer
1607 3522 122 40 une
1763 3508 419 74 récompense

244 3603 78 42 ou
350 3605 120 40 une
499 3587 296 76 punition
821 3589 326 61 éternelle.
1171 3593 82 57 Le
1282 3593 208 75 grand
1523 3593 207 60 cercle
1766 3593 108 60 des
1927 3597 255 59 renais-
