3584 4376
1737 140 103 51 341

233 277 144 48 liehen
407 274 339 65 Einleitungen,
776 275 352 66 Bemerkungen
1160 275 114 51 über
1302 275 71 50 die
1399 277 356 66 Vortragsweise

235 371 42 30 u.
306 369 35 31 s.
374 368 56 32 w.
465 367 42 32 u.
538 367 33 32 s.
604 368 53 32 w.
714 354 97 46 Der
860 355 109 46 Plan
1021 354 77 47 des
1146 369 187 50 grossen
1376 355 379 49 Sammelwerkes

231 429 173 47 scheint
435 443 81 32 uns
546 429 243 64 allerdings
819 438 141 41 etwas
987 448 52 29 zu
1071 432 80 47 viel
1175 448 52 29 zu
1259 430 244 56 umfassen,
1526 432 118 48 denn
1673 449 82 31 von

233 504 87 47 den
353 503 320 65 Componisten
705 505 78 47 des
811 507 146 47 XVII.
986 507 338 48 Jahrhunderts
1354 524 55 31 an
1440 505 96 65 (des

231 580 174 48 scheint
428 582 120 48 wohl
573 583 70 48 ein
668 583 338 48 Schreibfehler
1034 601 52 30 zu
1117 583 110 65 sein)
1261 583 64 48 bis
1348 585 81 47 auf
1440 585 317 49 Mendelssohn

237 655 90 48 und
360 656 175 66 Chopin
576 660 53 46 ist
670 659 71 47 die
778 660 233 47 Literatur
1052 659 81 48 der
1164 660 323 47 Ciaviermusik
1529 678 49 32 so
1622 662 108 48 über-

234 734 306 66 schwänglich
571 736 138 56 reich,
739 736 101 47 dass
880 736 116 49 auch
1029 738 80 47 mit
1138 738 269 47 Ausschluss
1437 739 106 47 alles
1573 740 159 49 Unclas-

235 811 174 49 sischen
454 811 114 49 doch
607 813 99 48 eine
746 814 152 47 solche
935 815 168 61 Menge
1139 829 83 33 von
1260 815 258 48 trefflichen
1551 816 207 47 Werken

237 888 137 64 übrig
404 888 156 55 bleibt,
591 889 100 48 dass
722 890 83 46 wir
835 889 123 47 nicht
987 889 249 63 begreifen,
1274 891 84 47 wie
1388 891 80 47 der
1495 893 234 63 Herausge-

240 965 82 48 ber
348 966 64 47 sie
444 965 270 66 bewältigen
745 966 107 52 will,
894 965 58 48 da
982 968 114 47 auch
1128 985 86 30 nur
1244 968 69 48 die
1344 969 155 48 besten
1532 976 131 41 unter
1692 970 45 47 ih-

234 1058 89 32 nen
365 1044 100 46 eine
507 1059 141 48 ganze
678 1041 145 47 Reihe
865 1058 84 32 von
978 1044 238 48 Folianten
1255 1045 269 48 einnehmen
1556 1045 203 51 würden.

233 1119 213 48 Indessen
478 1120 165 46 wollen
673 1119 83 45 wir
786 1117 201 50 darüber
1016 1121 250 65 unbesorgt
1293 1123 108 48 sein.
1434 1125 131 46 Denn
1589 1131 172 40 erstens

233 1196 119 47 steht
375 1195 81 48 auf
482 1195 101 47 dem
607 1194 285 50 Titelblatte:
924 1196 233 51 Colleciion
1184 1199 79 48 des
1289 1197 470 64 oeuvres'choisies,

235 1272 92 47 und
357 1271 205 48 dadurch
595 1271 77 48 hat
699 1272 91 50 sich
822 1275 122 47 Herr
971 1277 196 46 Farrenc
1199 1276 168 48 freilich
1400 1277 77 47 das
1501 1277 160 55 Recht,
1692 1277 70 49 die

233 1347 113 49 Zahl
376 1347 81 49 der
488 1349 179 49 Werke
706 1368 54 30 zu
800 1351 310 50 beschränken
1141 1354 112 48 oder
1282 1354 338 57 auszudehnen,
1660 1371 76 31 vor-

233 1426 231 57 behalten,
511 1427 89 47 und
630 1429 211 48 zweitens
873 1430 109 47 wird
1014 1430 77 48 des
1122 1432 148 47 Guten
1380 1432 274 47 namentlich
1687 1434 75 45 für

234 1501 283 51 Frankreich
598 1506 140 47 schon
767 1506 107 47 sehr
903 1506 80 48 viel
1015 1507 212 57 erreicht,
1264 1524 133 32 wenn
1428 1509 115 47 auch
1574 1525 86 31 nur
1691 1509 71 48 die

235 1589 150 39 ersten
417 1581 171 57 Bände,
631 1582 173 49 welche
846 1582 71 49 die
959 1585 183 47 ältere
1174 1585 326 48 Ciaviermusik
1532 1586 229 47 enthalten

234 1657 203 59 werden,
478 1660 385 49 herauskommen
906 1661 90 48 und
1038 1679 162 32 unsere
1228 1662 249 49 Nachbarn
1517 1664 80 48 mit
1639 1665 124 46 einer

233 1737 204 64 Gattung
465 1752 85 33 von
581 1738 150 47 Musik
769 1737 202 50 bekannt
1012 1740 210 56 machen,
1266 1738 140 49 deren
1438 1741 323 64 Componisten

230 1815 64 47 sie
325 1813 66 49 bis
414 1813 111 65 jetzt
567 1815 138 48 kaum
747 1816 113 48 oder
898 1816 244 49 höchstens
1184 1816 102 49 dem
1316 1817 179 48 Namen
1533 1818 114 47 nach
1684 1835 52 48 ge-

233 1892 142 47 kannt
405 1891 166 48 haben.

348 1968 98 47 Der
475 1968 112 47 Plan
619 1967 76 48 des
720 1970 183 48 Ganzen
932 1970 119 48 zählt
1079 1970 455 66 vierundfünfzig
1565 1972 164 65 Compo-

231 2043 146 49 nisten
408 2045 94 58 auf,
544 2045 71 49 die
658 2046 144 49 durch
842 2047 313 66 ausgewählte
1185 2048 178 49 Werke
1392 2056 222 41 vertreten
1646 2066 87 32 wer-

230 2121 88 48 den
356 2122 160 58 sollen,
558 2122 221 50 darunter
819 2144 36 29 z.
889 2126 47 48 B.
979 2126 72 47 die
1091 2126 214 48 Italiäner
1334 2127 195 56 Merulo,
1573 2128 162 47 Fresco-

234 2198 140 59 baldi,
405 2201 134 48 Bern.
569 2201 233 66 Pasquini,
832 2203 226 54 Durante,
1096 2203 253 49 Domenico
1380 2205 226 55 Scarlatti,
1649 2206 84 47 Por-

231 2293 130 49 pora,
400 2278 235 57 Marcello,
671 2279 161 65 Zipoli,
872 2281 200 54 Martini,
1114 2281 244 56 Clement!;
1400 2281 71 48 die
1500 2282 262 48 Deutschen

229 2354 105 47 Joh.
365 2354 221 58 Kühnau,
624 2356 156 63 Georg
812 2357 162 57 Böhm,
1015 2356 105 49 Joh.
1152 2356 132 66 Casp.
1315 2358 128 55 Kerl,
1485 2358 279 65 Froberger,

229 2432 41 48 J.
301 2432 47 47 S.
379 2432 123 48 Bach
532 2432 93 48 und
656 2432 158 49 dessen
845 2434 173 58 Söhne,
1049 2433 196 57 Händel,
1275 2434 277 59 Mattheson,
1587 2436 151 48 Schaff-

231 2509 122 58 rath,
391 2509 185 66 Haydn,
614 2512 190 57 Mozart,
846 2512 305 65 Kirnberger,
1180 2512 432 66 Albrechtsberger,
1642 2516 91 45 Dus-

230 2587 98 56 sek,
360 2588 52 47 G.
442 2588 176 56 Benda,
654 2591 41 45 J.
724 2591 52 47 B.
807 2591 208 57 Cramer,
1047 2591 235 56 Hummel,
1312 2591 276 58 Beethoven,
1621 2592 48 48 C.
1700 2592 62 48 M.

230 2681 85 32 von
348 2664 197 59 Weber,
587 2666 347 57 Mendelssohn;
976 2667 72 48 die
1085 2668 258 47 Franzosen
1381 2668 246 65 Couperin,
1669 2671 62 47 Ra-

235 2758 151 42 meau,
416 2743 66 47 Le
511 2744 176 64 Begue,
717 2743 318 57 d'Azincourt;
1080 2743 71 50 die
1181 2744 266 64 Engländer
1479 2747 127 48 Will.
1636 2746 126 57 Bird,

233 2819 224 57 Gibbons,
488 2822 194 56 Purcell,
713 2822 152 57 Field;
908 2822 82 48 der
1018 2823 109 47 Pole
1159 2822 191 65 Chopin.

350 2899 86 47 Die
466 2907 118 41 erste
614 2899 247 66 Lieferung
891 2901 194 49 enthält:
1120 2901 46 64 1)
1198 2901 71 48 die
1296 2901 205 48 Vorrede
1532 2901 89 48 und
1654 2902 81 47 Ein-

230 2977 174 63 leitung
435 2975 129 66 (Plan
595 2978 81 47 der
705 2979 272 65 Sammlung
1007 2996 44 30 u.
1080 2996 32 30 s.
1143 2977 104 66 w.);
1291 2978 49 66 2)
1372 2978 160 50 Abriss
1561 2978 80 48 der
1673 2981 60 47 Ge-

230 3054 202 48 schichte
470 3054 79 48 des
590 3055 222 58 Claviers;
864 3054 49 66 3)
950 3055 272 65 allgemeine
1250 3055 356 65 Bemerkungen
1647 3055 117 49 über

230 3132 88 48 den
351 3132 225 64 Vortrag;
620 3133 51 65 4)
703 3134 262 65 Erklärung
1006 3134 80 47 der
1114 3133 352 49 verschiedenen
1496 3134 237 65 Appoggia-

230 3218 132 39 turen
395 3209 90 48 und
518 3210 342 65 Verzierungen
888 3212 44 48 in
962 3212 86 48 den
1077 3212 172 48 älteren
1282 3210 223 50 Werken.

348 3289 97 47 Der
496 3288 242 49 Abschnitt
793 3290 137 49 über
985 3290 102 49 den
1139 3290 247 65 Vortrag
1434 3290 173 49 enthält
1653 3290 110 47 viele

229 3364 411 51 schätzenswerthe
695 3368 357 63 Bemerkungen
1115 3367 117 48 über
1287 3369 115 55 Ton,
1467 3367 296 64 gebundenes

231 3444 140 66 Spiel,
412 3445 319 65 Nuancirung,
774 3445 400 65 Pedalgebrauch,
1202 3447 80 47 Stil
1312 3445 90 50 und
1434 3447 189 63 Tempo.
1669 3448 95 46 Der

230 3523 330 65 Herausgeber
591 3532 147 39 warnt
767 3524 122 47 nicht
919 3542 86 30 nur
1035 3523 157 57 davor,
1235 3523 86 48 den
1359 3524 172 47 älteren
1562 3525 199 64 Tempo-

230 3600 407 65 Bezeichnungen:
662 3602 269 64 Allegretto,
955 3602 206 63 Allegro,
1185 3603 175 53 Presto,
1383 3600 198 50 dieselbe
1603 3603 127 47 Bewe-

231 3694 127 49 gung
385 3696 52 30 zu
470 3679 167 65 geben,
666 3679 72 48 die
767 3680 83 47 wir
880 3680 275 64 heutzutage
1184 3678 142 49 damit
1354 3678 266 58 verbinden,
1656 3697 79 30 son-

230 3755 112 48 dern
372 3755 130 50 eifert
525 3758 80 47 mit
628 3757 160 49 vollem
811 3758 175 48 Rechte
1014 3773 147 50 gegen
1192 3757 71 48 die
1288 3757 370 64 Uebertreibung
1681 3757 81 48 der

230 3833 179 66 Tempi,
438 3834 87 48 wie
551 3837 64 45 sie
645 3835 59 47 im
737 3835 249 50 modernen
1018 3835 288 65 Clavierspiel
1327 3834 138 50 Mode
1495 3833 266 67 geworden,

231 3910 93 50 und
355 3928 45 33 es
428 3911 57 49 ist
512 3911 260 61 erfreulich,
816 3930 83 32 von
941 3913 146 49 einem
1128 3913 173 66 pariser
1327 3913 204 48 Musiker
1570 3930 52 31 zu
1663 3929 72 32 ver-

229 3990 217 59 nehmen,
488 3990 103 50 dass
633 3990 72 50 die
747 3994 245 48 maasslose
1023 3990 325 66 Schnelligkeit
1385 3991 86 49 den
1504 3991 257 50 Charakter

230 4069 83 49 der
347 4069 269 49 classischen
647 4070 148 48 Musik
840 4070 275 51 verunstalte
1153 4069 92 51 und
1287 4069 301 65 entwürdige.
1644 4071 115 47 Dass

1829 279 71 50 bei
1924 279 85 49 den
2035 279 355 69 Aufführungen
2420 287 43 47 in
2486 286 86 48 den
2596 287 622 53 Conservaloire-Concerten
3244 293 70 48 Ila-

1832 355 171 49 beneck
2034 355 121 49 nicht
2186 358 76 48 frei
2291 376 83 33 von
2404 362 102 48 dem
2540 363 219 47 Vorwurf
2782 364 233 64 geblieben
3047 369 77 56 sei,
3166 369 77 47 für
3271 369 69 49 die

1832 433 368 63 Uebertreibung
2229 434 79 50 der
2337 439 158 64 Tempi
2539 439 69 47 ein
2652 439 131 49 böses
2812 442 188 63 Beispiel
3039 446 209 63 gegeben
3288 463 54 31 zu

1832 509 167 56 haben,
2022 509 52 47 ist
2098 510 115 47 auch
2237 527 81 32 von
2343 514 229 57 Anderen,
2595 535 33 29 z.
2653 518 49 47 B.
2727 517 137 56 Fetis,
2892 519 232 50 Schindler
3149 540 40 30 u.
3212 538 31 32 s.
3268 540 75 38 w.,

1830 585 138 47 schon
2001 585 207 49 bemerkt
2237 588 200 51 worden.
2486 593 130 47 Auch
2647 593 102 47 dem
3198 598 145 48 dieser

1833 662 342 48 musicalischen
2220 664 252 50 Krankheit
2512 668 79 47 der
2634 669 214 64 heutigen
2892 670 243 58 Pianisten,
3177 674 167 48 erklärt

1833 740 201 47 Farrenc
2062 739 86 48 den
2182 740 151 64 Krieg.
2384 744 62 45 Er
2482 753 98 55 sagt
2606 763 111 46 ganz
2747 747 177 64 richtig,
2967 748 100 47 dass
3099 750 172 64 Chopin
3301 753 42 46 in

1832 815 144 48 dieser
1999 818 262 63 Beziehung
2284 818 128 48 einen
2435 820 260 50 schlimmen
2719 823 196 49 Einfluss
2944 824 83 48 auf
3048 825 78 47 das
3151 827 169 48 Clavier-

1832 893 106 62 spiel
1981 893 169 63 gehabt
2190 894 98 56 hat;
2333 912 93 30 was
2456 895 70 47 bei
2558 896 90 47 ihm
2679 899 68 46 ein
2775 900 446 50 charakteristischer
3246 903 99 65 Zug

1833 985 112 40 war,
1969 970 80 47 der
2073 971 77 46 mit
2171 971 152 47 seinen
2350 974 334 46 romantischen
2707 975 226 47 Träumen
2957 978 81 47 auf
3055 978 103 49 dem
3182 980 135 47 Piano-

1834 1046 113 47 forte
1975 1049 390 65 zusammenhing,
2396 1050 158 48 wurde
2586 1050 69 48 bei
2686 1051 151 47 seinen
2862 1054 318 49 Nachahmern
3211 1058 111 47 affec-

1832 1123 104 47 tirte
1952 1124 191 58 Manier,
2163 1125 90 47 und
2277 1125 98 48 eine
2399 1126 435 49 verschwimmende
2851 1129 318 65 Tactlosigkeit
3191 1133 157 48 wurde

1834 1200 84 47 wie
1947 1215 48 32 so
2027 1201 189 49 manche
2244 1203 169 48 andere
2437 1205 309 48 musicalische
2770 1205 145 48 Unart
2938 1205 68 47 bei
3029 1205 85 48 den
3137 1209 210 48 Neueren

1834 1276 181 50 beliebt.
2135 1280 76 47 Bei
2251 1280 85 48 den
2364 1281 367 65 Erläuterungen
2770 1281 116 50 über
2914 1283 70 48 die
3015 1283 336 67 Verzierungen

1833 1355 53 47 ist
1917 1355 48 47 C.
1995 1356 80 47 Ph.
2107 1356 99 48 Em.
2237 1357 161 47 Bach's
2437 1360 230 55 „Versuch
2707 1360 111 47 über
2848 1360 69 47 die
2948 1360 154 48 wahre
3132 1363 102 57 Art,
3271 1361 77 50 das

1835 1430 176 48 Ciavier
2037 1449 54 29 zu
2387 1435 208 57 benutzt;
2639 1436 244 48 besonders
2919 1437 241 67 sorgfältig
3188 1439 53 47 ist
3269 1439 82 48 der

1834 1507 243 49 Abschnitt
2106 1509 114 48 über
2249 1510 70 48 die
2349 1511 374 65 Appoggiaturen
2756 1514 258 49 behandelt.

1948 1587 74 46 An
2053 1586 337 50 Musikstücken
2435 1590 170 47 enthält
2642 1590 71 47 die
2752 1599 116 39 erste
2898 1591 243 64 Lieferung
3180 1592 176 49 zwölf

1834 1662 245 49 Sonaten
2112 1680 83 32 von
2228 1665 47 47 C.
2307 1665 139 49 Phil.
2478 1667 180 47 Eman.
2684 1667 170 56 Bach,
2882 1669 107 47 zwei
3020 1670 178 46 Bücher
3229 1670 87 48 Cla-

1834 1738 321 50 vierstücke
2196 1756 84 33 von
2324 1744 271 54 llameau,
2637 1742 153 49 sechs
2834 1745 244 47 Sonaten
3119 1760 83 33 von
3241 1747 72 46 Du-

1835 1832 58 32 ra
1908 1825 91 40 nie
2042 1817 91 47 und
2176 1820 161 47 sechs
2382 1821 190 62 Fugen
2616 1838 83 31 von
2743 1822 271 64 Porpora.

1933 1895 130 49 „Wie
2092 1912 104 31 man
2224 1896 132 58 sieht,
2385 1897 52 47 ist
2470 1897 69 48 bei
2563 1897 79 48 der
2666 1898 296 64 Beihenfolge
2991 1898 70 49 die
3091 1898 261 50 historische

1835 1971 290 66 Anordnung
2167 1973 123 47 nicht
2332 1973 185 66 befolgt,
2559 1975 117 48 denn
2718 1982 123 42 sonst
2883 1980 197 43 müssten
3111 1977 242 48 Durante's

1835 2048 92 47 und
1978 2050 245 48 Rameau's
2266 2050 184 66 (1731)
2501 2052 168 48 Stücke
2717 2052 84 48 den
2850 2053 197 49 Sonaten
3098 2070 82 32 von
3231 2055 121 48 Bach

1837 2125 185 66 (1742)
2053 2128 332 64 vorausgehen,
2415 2130 259 63 abgesehen
2703 2130 161 56 davon,
2893 2130 101 48 dass
3023 2131 70 48 die
3122 2131 119 47 Liste
3269 2131 83 49 der

1833 2220 51 30 zu
1910 2202 483 67 berücksichtigenden
2418 2206 320 65 Componisten
2759 2207 115 47 noch
2896 2208 155 56 ältere,
3074 2208 63 47 als
3160 2207 70 48 die
3254 2208 97 49 hier

1837 2281 430 63 aufgenommenen,
2296 2283 183 49 enthält.
2512 2283 398 50 Wahrscheinlich
2942 2285 78 47 hat
3047 2283 80 49 der
3150 2286 174 47 Heraus-

1837 2356 142 64 geber
2007 2353 161 52 Bach's
2197 2360 202 46 Sonaten
2440 2376 57 32 an
2536 2360 72 48 die
2636 2361 147 63 Spitze
2826 2360 76 48 des
2940 2361 182 48 Ganzen
3165 2362 188 64 gestellt,

1838 2451 75 30 um
1943 2433 144 50 durch
2117 2434 122 50 diese
2269 2436 255 49 trefflichen
2550 2437 367 66 Compositionen
2947 2455 82 30 von
3060 2455 106 32 vorn
3198 2440 155 48 herein

1835 2511 72 49 die
1936 2512 268 49 lebhafteste
2234 2514 299 49 Theilnahme
2570 2517 76 46 für
2674 2516 91 47 sein
2798 2516 337 48 Unternehmen
3165 2533 161 32 anzure-

1835 2589 154 65 gen*).
2027 2591 78 48 Bei
2136 2591 80 47 der
2244 2592 149 47 Kritik
2423 2592 54 48 ist
2505 2593 91 47 ihm
2628 2593 93 47 dies
2750 2592 164 48 bereits
2943 2592 300 49 vollkommen
3274 2611 52 48 ge-

1834 2668 183 64 lungen.
2060 2669 61 46 Es
2149 2668 55 48 ist
2232 2669 283 59 interessant,
2543 2687 52 31 zu
2627 2671 137 54 lesen,
2793 2671 79 47 mit
2900 2671 195 48 welcher
3124 2672 202 63 Begeiste-

1835 2762 119 48 rung
1987 2746 90 48 sich
2121 2746 83 48 der
2244 2747 164 48 Senior
2450 2747 81 48 der
2573 2747 328 49 französischen
2944 2747 217 58 Kritiker,
3203 2748 149 48 Fötis

1834 2822 81 48 der
1957 2823 201 57 Aeltere,
2202 2823 116 50 über
2359 2824 142 49 dieses
2547 2826 147 48 Werk
2737 2824 78 49 des
2857 2826 243 48 deutschen
3144 2826 207 48 Meisters

1835 2899 267 65 ausspricht.

1961 2978 135 57 „Man
2124 2978 138 48 suche
2559 2988 101 56 sagt
2688 2996 48 33 er
2766 2987 130 41 unter
2926 2979 229 49 Anderem
3282 2982 71 53 „in

1835 3054 87 50 den
1951 3057 127 47 sechs
2107 3064 146 40 ersten
2277 3058 197 47 Sonaten
2505 3075 84 30 von
2615 3058 120 47 Bach
2759 3058 105 64 jene
2893 3057 276 65 glänzenden
3194 3058 133 48 Passa-

1834 3149 106 49 gen,
1970 3134 172 48 welche
2169 3134 70 48 die
2270 3135 164 64 Menge
2458 3134 273 57 beklatscht;
2760 3134 71 48 die
2859 3135 98 47 sind
2987 3135 122 47 nicht
3138 3134 72 48 da.
3241 3135 111 47 Hier

1834 3212 55 47 ist
1917 3210 147 49 Musik
2111 3210 83 49 der
2223 3212 249 48 Gedanken
2509 3212 91 48 und
2632 3213 216 56 Gefühle,
2888 3213 154 65 innige
3080 3212 145 48 Musik
3263 3212 90 48 fürs

1834 3289 135 47 Herz.
1999 3289 74 47 Sie
2101 3289 54 47 ist
2182 3289 178 48 schwer
2383 3298 316 58 vorzutragen,
2730 3290 118 47 denn
2872 3289 71 48 die
2966 3290 254 47 technische
3244 3290 79 47 Fer-

1834 3365 159 65 tigkeit
2021 3367 141 48 reicht
2191 3367 112 48 dazu
2342 3367 122 49 nicht
2493 3368 93 56 hin,
2629 3368 85 47 wie
2743 3386 54 29 zu
2827 3367 80 48 der
2938 3368 211 63 heutigen
3178 3367 171 54 Musik;

1834 3461 46 31 es
1912 3443 174 49 kommt
2114 3444 123 48 Alles
2266 3444 83 48 auf
2380 3444 71 48 die
2481 3444 282 66 Auffassung
2790 3444 78 48 des
2898 3445 215 63 richtigen
3146 3443 174 48 Charak-

1833 3529 90 41 ters
1951 3538 71 32 an.
2070 3520 105 50 Und
2216 3522 148 48 dieser
2404 3523 55 47 ist
2500 3523 42 48 in
2580 3523 156 65 jedem
2766 3523 168 48 Stücke
2977 3520 235 50 unendlich
3253 3537 74 32 ver-

1938 3678 136 47 Dann
2105 3676 136 49 heisst
2269 3694 71 31 es:
2392 3679 164 55 „Kann
2597 3694 103 32 man
2731 3684 137 41 etwas
2896 3676 268 56 Schöneres,
3207 3675 117 48 Erhe-

1833 3754 239 57 benderes,
2102 3754 490 49 Tief-Pathetischeres
2622 3755 156 55 hören,
2818 3754 63 47 als
2911 3754 79 47 das
3018 3762 117 39 erste
3165 3754 187 63 Allegro

1833 3833 80 49 der
1941 3834 170 47 vierten
2140 3834 170 47 Sonate
2340 3834 44 47 in
2413 3833 193 51 C-molVl
2646 3834 104 47 Man
2779 3839 168 48 staunt,
2976 3848 132 32 wenn
3140 3848 104 32 man
3276 3831 52 49 be-

1832 3910 153 57 denkt,
2016 3910 100 48 dass
2145 3927 50 31 so
2224 3918 142 42 etwas
2394 3927 80 33 vor
2503 3910 195 50 hundert
2727 3908 89 49 und
2848 3909 199 64 zwanzig
3074 3909 174 48 Jahren
3278 3925 78 48 ge-

1897 4027 38 48 *)
1966 4029 70 34 Die
2067 4029 225 46 Sammlung
2319 4029 51 34 ist
2397 4039 48 24 zu
2472 4027 143 36 haben:
2660 4025 163 47 Paris,
2867 4026 108 37 chex
3019 4025 52 37 M.
3111 4027 242 43 Farrenc,

1960 4088 84 38 Bue
2080 4089 177 37 Taitbout
2287 4091 71 36 No.
2389 4093 61 34 10.
