3584 4376
1734 157 109 51 343

545 288 178 59 Quinte
755 290 29 48 2
794 287 16 28 2
811 287 27 62 /
839 323 16 25 3
889 291 125 48 Fuss.

544 366 46 47 S.
624 366 142 48 Octav
798 367 29 47 2
860 368 128 46 Fuss.

545 443 140 49 Gross
717 445 186 48 Cornett
935 445 219 47 fünffach.

544 520 173 48 Mixtur
745 520 246 48 sechsfach.

546 597 248 64 Trompete
827 596 29 48 8
889 597 127 47 Fuss.

732 673 244 47 Zweites
1018 672 238 48 Manual.

544 749 225 64 Principal
800 749 31 49 8
865 751 126 45 Fuss.

541 824 205 49 Lieblich
779 826 175 48 Gedact
983 824 31 49 8
1043 826 127 47 Fuss.

558 899 128 50 Viola
713 899 53 51 di
788 898 176 51 bractio
997 901 30 48 8
1060 902 128 47 Fuss.

544 979 142 47 Octav
719 979 32 46 4
784 979 124 46 Fuss.

864 1053 169 50 Flauto
1267 1056 205 45 traverso
980 1054 33 47 4
1043 1056 128 48 Fuss.

543 1132 45 45 S.
618 1130 144 47 Octav
794 1130 29 47 2
858 1132 127 48 Fuss.

543 1205 277 49 Basselhorn
851 1207 31 48 8
915 1209 127 48 Fuss.

545 1283 221 49 Clarinett
795 1284 30 48 8
858 1287 128 47 Fuss.

767 1362 224 48 Positiv
1037 1362 181 66 (Echo).

539 1437 236 49 Hohlflöte
807 1438 29 49 8
868 1440 128 49 Fuss.

543 1514 255 57 Quintatön
832 1514 31 50 8
897 1517 126 48 Fuss.

538 1590 171 51 Flauto
738 1591 121 50 dolce
888 1594 33 47 4
953 1595 128 47 Fuss.

543 1669 170 48 dornet
741 1670 217 50 dreifach.

539 1745 235 50 Fernflöte
806 1745 29 50 8
868 1748 129 47 Fuss.

557 1823 95 50 Vax
1136 1824 205 48 humana
914 1824 30 49 B
978 1826 127 46 Fuss.

651 1900 167 50 Pedal
861 1899 152 66 (zwei
1056 1900 282 65 Octaven).

541 1976 281 50 Contrabass
856 1978 65 48 16
955 1980 127 47 Fuss.

540 2054 207 49 Subbass
783 2054 64 49 16
879 2056 130 47 Fuss.

541 2131 226 65 Principal
800 2131 31 50 8
863 2134 128 48 Fuss.

539 2207 132 49 Flöte
703 2207 29 49 8
764 2209 129 48 Fuss.

538 2286 214 47 Posaune
788 2286 65 48 16
884 2287 130 47 Fuss.

541 2364 252 62 Trompete
825 2361 29 50 8
884 2364 131 47 Fuss.

541 2439 185 48 Clairon
757 2440 33 48 4
822 2440 127 48 Fuss.

811 2517 359 65 Nebenzüge.

540 2592 280 65 Expression
850 2593 79 49 des
960 2593 409 65 Haupt-Manuals.

543 2670 278 66 Expression
853 2671 77 48 des
959 2671 178 49 Pedals.

536 2748 320 49 Decrescendo
886 2766 101 31 zum
1019 2747 165 50 dritten
1217 2747 188 50 Ciavier.

538 2826 180 66 Koppel
747 2845 100 30 zum
878 2827 187 48 zweiten
1096 2826 191 49 Ciavier.

536 2903 181 66 Koppel
747 2922 100 31 zum
882 2905 151 48 Pedal.

538 2981 218 49 Tremulo
787 3000 100 30 zum
917 2982 165 48 dritten
1115 2982 190 48 Ciavier.

343 3058 66 47 Im
442 3057 184 51 Ganzen
657 3058 70 51 38
757 3061 141 63 Züge.
922 3088 64 6 -
1009 3060 85 48 Die
1124 3060 144 63 Orgel
1298 3058 78 49 hat
1402 3057 148 50 2050
1580 3057 176 48 Metall-

225 3135 172 48 Pfeifen
428 3135 91 48 und
549 3155 88 29 nur
672 3137 106 50 117
811 3137 339 57 Holz-Pfeifen;
1192 3154 260 30 zusammen
1482 3137 94 47 also
1607 3133 145 50 2167

224 3212 187 50 Pfeifen.

332 3292 94 47 Das
456 3291 371 67 Haupt-Manual
873 3292 89 50 und
1000 3292 80 48 das
1109 3291 137 51 Pedal
1281 3291 148 49 haben
1458 3289 296 66 Kegelladen.

228 3368 85 47 Die
341 3369 416 66 Expressiv-Züge,
803 3371 112 48 oder
955 3371 178 48 besser:
1178 3369 382 64 Collectiv-Züge,
1601 3377 127 39 unter-

225 3446 212 48 scheiden
461 3447 91 48 sich
577 3465 84 31 von
686 3448 85 48 den
797 3448 331 48 französischen
1150 3448 223 55 dadurch,
1390 3446 101 49 dass
1514 3446 113 49 räch
1651 3446 102 48 dem

225 3522 250 49 Abstossen
494 3524 127 65 jedes
646 3526 209 63 Register
878 3526 157 48 stehen
1063 3524 157 55 bleibt,
1245 3524 194 49 welches
1463 3541 103 32 man
1592 3523 164 48 vorher

224 3618 103 31 zum
475 3599 84 70 piano
560 3603 229 50 auswählte.
845 3603 293 48 Sämmtliche
1169 3604 325 64 Registerzüge
1533 3602 221 63 bewegen

225 3678 92 48 sich
350 3681 149 55 leicht,
545 3682 84 48 wie
670 3682 70 48 bei
776 3681 146 49 einem
955 3681 327 57 Harmonium,
1326 3679 89 49 und
1460 3679 71 49 die
1561 3679 195 65 Spielart

225 3754 55 49 ist
309 3756 220 49 ebenfalls
558 3758 246 48 auffallend
836 3758 147 50 leicht.
1014 3758 76 50 Sie
1122 3758 179 65 beträgt
1330 3757 81 49 auf
1435 3757 102 48 dem
1569 3773 185 49 grossen

225 3833 187 50 Manual
450 3834 65 50 10
546 3837 136 56 Loth,
727 3837 82 48 auf
844 3836 103 49 dem
988 3837 188 47 zweiten
1207 3836 187 49 Manual
1437 3834 29 50 8
1500 3834 117 49 Loth
1664 3833 89 50 und

225 3910 84 50 auf
345 3912 104 48 dem
487 3913 165 50 dritten
696 3916 187 48 Manual
916 3916 29 48 6
977 3916 118 48 Loth
1138 3931 84 49 per
1264 3916 151 47 Taste.
1474 3914 94 47 Der
1611 3912 145 51 Wind

226 3988 115 48 wird
385 3989 144 50 durch
568 3990 95 49 drei
709 4010 156 47 grosse
896 3992 298 66 Faltenbälge
1235 3998 188 59 erzeugt
1465 3989 91 50 und
1587 4007 82 30 von
1700 3989 56 48 da

226 4067 143 49 durch
400 4067 72 50 die
501 4069 349 68 Magazinbälge
891 4072 43 48 in
973 4069 348 51 verschiedenen
1353 4068 184 49 Graden
1578 4086 52 30 zu
1669 4067 84 49 den

1830 295 158 51 Laden
2031 296 201 64 geführt.
2285 299 85 48 Die
2412 299 227 64 Koppeln,
2680 315 48 33 so
2769 301 84 48 wie
2893 301 72 51 die
2992 302 225 50 Schleifen
3258 305 79 48 der

1832 371 332 50 Ventil-Laden
2195 374 179 48 werden
2404 374 143 48 durch
2578 376 334 62 pneumatische
2942 379 146 49 Hebel
3119 380 194 65 bewegt.

1945 448 123 46 Herr
2093 448 200 49 Sonreck
2323 468 95 30 war
2444 451 117 48 auch
2591 450 80 48 der
2699 452 147 56 Erste,
2876 455 194 48 welcher
3098 455 70 49 die
3200 474 111 47 pneu-

1830 523 219 49 matische
2078 525 349 63 Spielmaschine
2455 528 43 46 in
2529 526 81 48 der
2638 527 329 66 Rheinprovinz
2996 531 221 64 praktisch
3260 550 53 32 an-

1830 601 199 56 wandte,
2058 601 92 48 und
2177 619 122 31 zwar
2326 619 56 31 an
2410 603 80 49 der
2512 605 291 64 Dom-Orgel
2831 624 52 29 zu
2909 607 183 48 Aachen
3116 610 58 48 im
3197 611 141 48 Jahre

1836 676 160 49 1856.
2233 714 18 21 „
2617 692 102 51 k*
2759 704 21 40 g
2840 695 8 35 ;
2901 706 22 37 j
3027 706 37 37 m
3125 683 40 65 ü
3226 705 116 52 9*;

1943 755 97 47 Das
2060 752 275 65 Orgelwerk
2357 753 44 47 in
2424 753 80 50 der
2524 756 449 51 St.-Ursula-Kirche
3001 758 55 49 ist
3076 758 78 50 das
3175 762 163 47 zwei-

1830 829 106 49 und
1952 831 328 64 fünfzigste,
2324 831 194 47 welches
2556 849 78 31 aus
2670 835 239 48 Sonreck's
2942 836 255 48 Werkstatt
3238 838 76 47 her-

1830 922 336 48 vorgegangen.
2205 908 65 46 Im
2300 907 143 47 Jahre
2478 906 141 49 1856
2651 908 169 50 lieferte
2848 929 49 30 er
2924 912 70 47 ein
3024 929 139 31 neues
3193 912 147 50 Werk

1830 983 115 47 nach
1975 984 131 47 Kiew
2135 984 42 47 in
2210 982 224 49 Russland
2465 983 92 47 und
2594 982 138 51 1859
2763 987 118 47 eines
2909 988 113 47 nach
3051 988 288 50 Oesterreich

1830 1059 44 47 in
1904 1059 70 49 die
1997 1059 442 66 Radetzky-Capelle
2459 1059 71 50 bei
2557 1061 154 48 Wien.
2738 1061 87 48 Die
2852 1063 140 64 Orgel
3020 1064 45 49 in
3093 1066 80 48 der
3201 1067 112 62 Apol-

1832 1137 349 48 linaris-Kirche
2222 1138 71 48 bei
2324 1139 237 64 Remagen
2603 1138 54 48 ist
2695 1138 60 48 im
2783 1138 141 50 Jahre
2958 1139 139 51 1855
3128 1142 212 49 ebenfalls

1830 1228 86 33 von
1945 1213 92 47 ihm
2067 1213 184 65 gebaut.

1949 1290 108 49 Wir
2091 1290 148 50 haben
2280 1307 83 32 uns
2404 1290 143 49 durch
2590 1290 98 49 eine
2728 1290 267 67 sorgfältige
3019 1292 205 65 Prüfung
3264 1293 79 50 der

1833 1382 149 33 neuen
2011 1368 142 63 Orgel
2197 1368 42 48 in
2276 1369 64 47 St.
2370 1368 165 48 Ursula
2576 1368 91 48 und
2712 1368 141 48 durch
2896 1368 70 49 die
3008 1369 336 50 meisterhaften

1834 1443 224 65 Vorträge
2081 1444 76 47 des
2181 1445 152 47 Herrn
2359 1461 94 31 van
2484 1443 205 66 Eyken,
2718 1445 276 64 Organisten
3023 1445 42 47 in
3097 1445 247 58 Elberfeld,

1833 1519 81 48 der
1942 1519 71 48 die
2045 1520 208 64 Vorzüge
2294 1520 236 49 derselben
2572 1520 197 49 trefflich
2798 1539 79 30 zur
2905 1523 198 63 Geltung
3140 1522 203 58 brachte,

1833 1597 267 64 überzeugt,
2129 1597 101 48 dass
2261 1598 121 47 Herr
2411 1597 200 48 Sonreck
2641 1598 57 47 im
2728 1598 237 65 Orgelbau
2995 1599 141 47 durch
3165 1600 152 49 Verfol-

1830 1691 126 49 gung
1985 1674 80 47 der
2088 1691 198 33 neueren
2313 1674 403 65 Verbesserungen
2738 1675 42 47 in
2803 1675 164 49 diesem
2991 1677 151 48 Fache
3173 1677 141 49 bedeu-

1829 1751 135 49 tende
1994 1753 299 47 Fortschritte
2338 1751 214 65 gemacht
2592 1751 93 56 hat,
2733 1750 72 48 die
2840 1751 90 47 ihm
2972 1753 103 47 sehr
3114 1771 78 30 zur
3221 1755 122 47 Ehre

1830 1828 257 64 gereichen.
2143 1829 213 48 Mehrere
2387 1829 197 47 einzelne
2611 1828 220 48 Stimmen
2860 1826 97 49 sind
2986 1830 250 62 vorzüglich
3268 1847 50 48 ge-

1830 1905 186 65 lungen,
2040 1905 146 65 einige
2208 1906 114 47 nach
2346 1905 406 65 eigentümlicher
2777 1905 331 57 Construction,
3132 1908 83 48 wie
3236 1925 35 31 z.
3299 1909 45 47 ß.

1832 1981 71 50 die
1947 1979 129 53 Viola
2383 1980 53 50 di
2535 1979 195 63 braccio,
2406 1981 89 49 und
2526 1981 70 49 die
2620 1980 234 65 Wirkung
2883 1981 76 49 des
2982 1981 141 49 vollen
3149 1984 197 48 Werkes

1832 2059 54 48 ist
1913 2059 105 48 sehr
2048 2059 196 65 mächtig
2270 2059 90 48 und
2385 2059 240 65 klangvoll,
2648 2074 94 33 was
2765 2059 120 48 wohl
2910 2059 333 65 hauptsächlich
3268 2060 78 48 der

1832 2136 308 65 Anwendung
2168 2136 80 49 der
2276 2135 281 66 Kegelladen
2595 2136 57 47 im
2684 2135 138 50 Pedal
2853 2135 89 48 und
2973 2136 367 65 Haupt-Manual

1830 2214 352 48 zuzuschreiben
2213 2214 66 48 ist.
2309 2212 125 65 (Man
2462 2214 252 65 vergleiche
2742 2214 43 47 in
2816 2214 150 63 Bezug
2998 2212 179 50 hierauf
3194 2216 152 47 Herrn

1834 2291 240 48 Sonreck's
2103 2291 191 65 eigenen
2322 2290 188 49 Aufsatz
2538 2290 44 48 in
2608 2290 84 47 Nr.
2723 2289 69 49 39
2825 2289 141 48 dieses
2989 2289 199 64 Blattes.)

3105 2368 53 47 L.
3186 2369 49 47 B.

1861 2595 175 60 Grstes
2065 2595 614 60 Gesellschasts-Concert
2708 2595 59 60 in
2796 2595 117 60 Küln
2942 2595 59 60 im
3030 2595 292 60 Gürzenich.

2020 2724 113 34 unter
2158 2722 166 47 Leitung
2351 2721 64 36 des
2444 2721 232 36 städtischen
2707 2719 306 48 Capellmeisters
3042 2721 120 36 Herrn

2386 2795 237 32 Ferdinand
2651 2795 145 32 Hiller.

2170 2887 207 46 Dinstag
2414 2887 83 35 den
2533 2885 59 39 22.
2632 2886 209 36 October
2879 2885 112 40 1861.

1933 2976 73 33 Die
2026 2974 213 46 Eröffnung
2267 2974 65 35 der
2353 2973 399 36 Winter-Concertzeit
2780 2973 87 35 fand
2896 2985 59 23 am
2979 2972 59 37 22.
3062 2973 34 38 d.
3118 2974 88 37 Mts.
3231 2974 120 36 durch

1832 3045 59 35 die
1919 3044 247 47 Aufführung
2195 3043 65 36 der
2658 3055 73 24 von
2771 3044 97 36 Jos.
2911 3044 171 46 Haydn
3123 3055 67 25 vor
3233 3045 120 34 einem

1830 3115 88 35 sehr
1946 3114 238 35 zahlreichen
2212 3113 78 35 und
2325 3113 138 35 höchst
2504 3112 196 48 eleganten
2730 3113 202 36 Publicum
2961 3114 113 35 Statt.
3128 3114 73 33 Die
3229 3112 104 35 Theil-

1830 3185 136 35 nahme
1996 3195 46 23 an
2072 3183 70 34 den
2171 3181 524 44 Abonnements-Concerten,
2740 3182 110 34 deren
2880 3182 60 34 für
2969 3181 123 35 dieses
3123 3181 80 35 Mal
3241 3181 111 35 zehn

1829 3253 193 36 bestimmt
2049 3252 94 46 sind,
2173 3251 83 35 hält
2283 3251 80 36 sich
2392 3251 70 35 auf
2484 3250 65 36 der
2571 3251 110 35 Höhe
2711 3251 64 35 der
2803 3252 156 44 vorigen
2984 3250 134 46 Jahre,
3142 3251 55 44 ja,
3225 3251 51 34 sie
3304 3252 49 32 ist

1828 3322 97 36 noch
1954 3323 131 33 immer
2110 3322 53 33 im
2190 3320 152 46 Steigen
2370 3320 197 46 begriffen.
2597 3321 51 34 Es
2676 3321 85 34 sind
2789 3332 45 23 an
2866 3318 100 38 1100
2994 3321 201 33 numerirte
3223 3319 128 35 Plätze

1830 3391 186 36 abonnirt.
2071 3390 76 34 Der
2176 3389 100 35 Chor
2302 3389 109 34 füllte
2441 3390 59 34 die
2527 3389 102 35 Sitze
2672 3390 72 33 auf
2775 3389 66 35 der
2867 3390 244 45 geräumigen
3140 3387 208 36 Tonbühne

1827 3461 39 34 in
1895 3459 149 35 dichten
2073 3458 142 35 Reihen
2255 3458 78 35 und
2368 3458 157 44 scheint,
2570 3458 206 37 besonders
2807 3459 97 34 auch
2934 3470 45 23 an
3007 3456 341 38 Männerstimmen,

1827 3540 121 35 gegen
1976 3528 155 46 vorigen
2161 3528 145 34 Winter
2342 3527 98 35 noch
2486 3539 276 35 zugenommen
2799 3539 47 23 zu
2888 3526 138 43 haben;
3074 3527 48 32 im
3151 3524 200 36 Orchester

1827 3597 123 35 haben
1979 3596 59 35 die
2065 3594 178 36 Violinen
2268 3595 79 35 und
2375 3595 66 35 das
2470 3608 122 35 ganze
2619 3596 323 44 Saiten-Quartett
2968 3606 44 23 an
3034 3595 79 34 Ton
3143 3593 76 36 und
3241 3594 110 35 Kraft

1827 3677 218 38 gewonnen.

1929 3738 73 35 Mit
2030 3736 126 35 diesen
2184 3735 152 36 Mitteln
2360 3736 144 35 konnte
2532 3735 60 36 die
2620 3735 251 46 Aufführung,
2914 3733 149 37 obwohl
3099 3745 38 24 es
3167 3734 57 35 die
3253 3738 97 32 erste

1961 3806 143 36 welche
2146 3806 59 35 die
2245 3805 209 47 getheilten
2483 3806 134 35 Kräfte
2646 3804 133 36 wieder
2820 3816 47 23 zu
2905 3805 119 34 einem
3055 3804 155 35 Ganzen
3233 3804 99 35 verei-

1829 3877 115 46 nigte,
1973 3877 111 32 unter
2113 3874 65 35 der
2204 3874 249 46 energischen
2481 3874 163 44 Leitung
2672 3871 153 35 Hiller's
2862 3871 105 35 nicht
2997 3870 235 49 misslingen,
3273 3872 78 35 und

1828 3945 193 47 gewährte
2065 3943 206 37 besonders
2302 3945 37 33 in
2370 3943 70 35 den
2474 3954 155 35 grossen
2658 3941 357 35 Gesammtstücken
3045 3941 66 36 des
3141 3942 210 35 herrlichen

1830 4014 159 37 Werkes
2020 4013 108 36 einen
2156 4013 228 37 köstlichen»
2401 4012 158 43 Genuss,
2608 4010 70 36 den
2713 4010 65 34 der
2814 4010 100 36 volle
2945 4010 90 34 Saal
3071 4020 46 24 zu
3158 4010 193 46 würdigen

1830 4086 154 36 wusste.
