3584 4376
1729 177 109 50 344

342 320 68 35 Die
438 319 77 35 Soli
556 328 139 35 sangen
723 314 176 37 Fräulein
930 314 157 35 Büsch
1103 324 88 35 gen
1233 324 69 23 aus
1346 312 219 44 Crefeld,
1609 312 139 36 welche

238 391 74 31 erst
339 387 90 34 zwei
456 387 104 44 Tage
589 396 66 23 vor
684 384 64 34 der
777 382 242 44 Aufführung
1054 381 57 34 die
1139 381 336 45 Sopran-Partieen
1504 381 63 35 des
1595 378 153 35 Gabriel

236 455 78 33 und
342 453 63 35 der
431 455 80 32 Eva
539 453 264 35 übernommen
833 453 113 42 hatte,
967 451 47 34 da
1028 452 101 34 Frau
1151 450 373 36 Rübsahmen-Veith
1553 450 37 33 in
1612 448 135 35 Kassel

238 521 115 36 durch
383 521 244 35 Unwohlsein
669 521 217 36 verhindert
912 519 140 42 wurde,
1092 518 118 34 ihrem
1239 519 258 46 Engagement
1537 518 60 33 für
1640 526 108 24 unser

235 588 158 36 Concert
433 590 344 42 nachzukommen;
818 589 97 33 Herr
956 586 115 34 Karl
1111 585 261 36 Schneider
1413 598 69 22 aus
1520 582 226 38 Wiesbaden

233 658 75 35 und
336 658 97 35 Herr
461 658 251 36 Gottfried
748 657 186 35 Becker
976 666 67 23 aus
1072 654 231 36 Mannheim.
1359 655 180 34 Fräulein
1567 650 150 37 Büsch-

230 737 84 35 gen
360 725 63 34 hat
464 726 81 34 eine
588 726 104 35 recht
728 721 293 44 wohllautende,
1063 723 36 33 in
1139 722 64 36 der
1231 723 108 34 Höhe
1365 721 202 37 besonders
1596 719 129 35 einneh-

233 794 130 35 mende
391 795 155 34 Stimme
574 795 76 34 und
679 793 91 35 wird
799 793 60 34 bei
890 793 266 45 fortgesetzten
1186 794 158 34 Studien
1374 792 76 35 und
1479 793 241 43 kunstgemäs-

233 872 57 24 ser
308 862 240 45 Ausbildung
575 862 98 34 ihrer
700 866 114 40 guten
835 860 173 46 Anlagen
1028 862 132 35 immer
1179 865 171 42 grössere
1371 860 107 35 Ruhe
1501 860 74 35 und
1598 860 126 34 Sicher-

232 932 78 33 heit
335 932 37 34 in
402 932 62 34 der
483 931 200 34 Coloratur
711 931 190 44 erlangen,
931 942 41 23 so
1002 930 85 34 dass
1115 932 67 43 sie,
1212 930 124 35 zumal
1364 941 105 22 wenn
1499 932 114 31 etwas
1642 928 103 34 mehr

231 999 150 35 Wärme
407 1001 49 32 im
484 999 183 45 Vortrage
695 999 212 42 hinzutritt,
949 1009 77 22 was
1066 998 94 43 jetzt
1202 998 95 34 noch
1327 997 118 34 durch
1474 998 81 34 eine
1583 998 160 45 gewisse

229 1079 94 34 ganz
368 1067 210 35 natürliche
624 1068 271 46 Befangenheit
942 1066 216 35 verhindert
1198 1066 103 43 wird,
1346 1067 80 33 eine
1469 1066 173 34 Zukunft
1688 1066 56 34 als

229 1136 219 35 Künstlerin
476 1137 124 38 haben
631 1137 106 36 wird.
767 1137 97 34 Herr
892 1134 254 36 Schneider
1174 1146 94 34 sang
1297 1135 67 34 wie
1392 1136 142 46 immer,
1565 1135 34 35 d.
1623 1136 35 36 h.
1677 1136 67 32 mit

230 1205 162 35 schönen
421 1206 161 42 Mitteln,
624 1217 158 35 ganzem
809 1203 267 36 Verständniss
1118 1204 122 34 seiner
1267 1203 176 45 Aufgabe
1484 1204 78 34 und
1604 1204 139 34 höchst

229 1274 225 46 gebildetem
474 1276 194 45 Vortrage.
715 1274 95 33 Herr
831 1272 207 46 Becker,
1068 1272 68 33 mit
1163 1272 294 44 einerfrischen,
1485 1273 259 45 klangvollen,

230 1345 305 45 sympathischen
567 1346 151 36 Stimme
748 1341 149 46 begabt,
941 1340 156 35 brachte
1134 1340 202 36 besonders
1365 1342 37 33 in
1432 1340 64 36 der
1522 1342 130 34 Partie
1680 1340 64 35 des

229 1412 167 46 Raphael
429 1412 57 35 die
514 1413 172 44 Vorzüge
716 1410 192 35 derselben
939 1420 66 25 zur
1033 1410 167 45 Geltung
1240 1410 78 34 und
1360 1411 120 45 zeigte
1517 1410 105 35 einen
1661 1410 85 35 sehr

229 1481 243 35 erfreulichen
505 1480 225 35 Fortschritt
757 1481 37 33 in
822 1480 122 33 seiner
972 1478 241 46 Ausbildung
1243 1491 85 22 zum
1357 1480 154 45 Sänger.
1555 1479 71 34 Die
1655 1479 69 34 Ein-

228 1549 165 45 fachgeit
431 1549 77 35 und
534 1548 406 46 Anspruchslosigkeit
981 1547 64 35 des
1075 1548 201 46 Vortrages
1305 1560 77 22 war
1412 1549 63 34 der
1505 1548 140 34 Würde
1677 1548 64 34 des

229 1617 281 46 Gegenstandes
538 1619 37 34 in
605 1618 69 34 den
704 1617 112 35 Arien
846 1628 96 34 ganz
973 1628 258 34 angemessen,
1274 1617 180 34 während
1482 1617 36 33 in
1549 1617 58 33 die
1637 1616 85 34 Reci-

228 1688 116 35 tative
374 1687 76 34 und
478 1688 37 33 in
546 1687 58 34 die
631 1687 129 34 Partie
789 1686 64 34 des
883 1685 120 35 Adam
1044 1689 115 31 etwas
1197 1686 105 35 mehr
1330 1686 122 35 Farbe
1488 1685 76 35 und
1593 1686 151 35 Wärme

229 1756 103 34 hätte
359 1756 128 47 gelegt
515 1756 147 37 werden
692 1756 160 35 können.

520 1984 179 69 Tages-
741 1983 99 53 und
869 1983 579 70 Unterhaltungs-Blatt.

302 2112 174 35 £4olil*
509 2112 75 34 Der
612 2111 170 35 kölner
809 2111 626 46 Männer-Gesangverein,
1466 2110 133 35 dessen
1624 2111 87 34 Pro-

226 2175 214 32 tectorat
468 2173 57 33 Se.
555 2172 179 44 Majestät
764 2171 82 35 der
874 2171 161 44 König
1072 2174 110 31 unter
1209 2169 214 35 huldvoller
1452 2170 284 44 Anerkennung

226 2232 63 35 der
317 2233 230 44 Leistungen
588 2231 194 35 desselben
824 2230 77 34 und
930 2230 296 45 Uebersendung
1268 2229 63 35 der
1366 2241 154 35 grossen
1552 2229 184 45 goldenen

225 2293 178 34 Medaille
446 2293 60 33 für
548 2293 126 33 Kunst
717 2291 285 45 Allergnädigst
1040 2301 46 23 zu
1126 2289 252 35 übernehmen
1421 2288 139 46 geruht
1600 2288 138 46 haben,

227 2352 93 35 wird
349 2363 67 24 am
447 2350 31 37 5.
509 2350 264 36 November
801 2352 56 32 ein
887 2361 148 35 grosses
1059 2348 207 35 Concert
1294 2348 271 43 veranstalten,
1593 2348 37 33 in
1654 2347 65 34 wel-

229 2413 105 34 chem
365 2412 57 34 die
462 2411 130 35 beiden
635 2411 128 34 besten
793 2409 306 46 Compositionen
1127 2409 61 34 für
1216 2409 67 33 das
1311 2408 183 34 deutsehe
1525 2408 218 46 Sängerfest

227 2475 39 32 in
294 2472 207 45 Nürnberg,
544 2472 42 32 F.
615 2470 199 35 Hiller's
843 2469 181 34 Cantate:
1071 2469 100 46 „Das
1460 2479 71 23 von
1562 2468 178 45 Wolfg.

226 2532 200 44 Müller,
471 2531 75 34 und
589 2531 152 33 Franz
782 2529 264 34 Lachner's
1459 2539 71 23 von
1560 2528 180 46 Lenau,

226 2604 66 23 zur
320 2591 238 44 Aufführung
587 2590 171 35 kommen
788 2590 158 35 werden.
988 2588 228 35 Ausserdem
1247 2588 144 35 werden
1422 2590 68 33 wir
1518 2588 58 34 die
1605 2599 114 35 ausge-

225 2653 190 35 zeichnete
442 2650 303 47 Violinspielerin
782 2649 178 35 Fräulein
989 2649 187 33 Amalie
1210 2648 118 36 Bido
1371 2649 116 35 hören
1529 2648 76 34 und
1648 2649 91 33 zwei

227 2714 250 45 Ouvertüren,
508 2711 224 46 ausgeführt
761 2722 82 23 vom
873 2710 393 35 Concert-Orchester.

301 2851 186 38 Wien«
544 2852 68 34 Die
642 2850 321 46 Sing-Akademie
1003 2849 66 35 hat
1097 2862 59 22 am
1187 2849 55 38 14.
1275 2849 33 35 d.
1338 2851 86 34 Mts.
1453 2849 81 37 ihre
1563 2849 178 36 General-

227 2914 285 44 Versammlung
541 2911 224 46 abgehalten
796 2912 77 33 und
903 2911 58 34 die
984 2911 190 45 jährliche
1198 2911 113 34 Wahl
1333 2912 99 33 ihres
1452 2910 176 35 Comite's
1658 2921 63 24 vor-

226 2985 229 28 genommen.
509 2972 173 35 Gewählt
719 2972 152 34 wurden
914 2972 68 34 mit
1019 2971 43 37 81
1096 2971 179 35 Stimmen
1305 2983 70 23 von
1404 2970 50 38 82
1480 2971 258 35 Anwesenden

226 3009 21 10 ij

226 3036 115 35 Fürst
374 3035 154 44 Georg
564 3032 325 45 Czartoryski
931 3032 56 35 als
1016 3032 187 35 Vorstand
1231 3032 75 34 und
1337 3033 97 34 Herr
1462 3032 280 45 Stegmayer

227 3096 56 34 als
312 3094 267 42 Chormeister;
622 3094 120 34 ferner
777 3093 96 35 Herr
911 3092 171 34 Schulz
1125 3092 56 34 als
1214 3091 180 44 Cassirer,
1435 3093 98 34 Herr
1560 3093 179 33 Martin

226 3154 56 35 als
312 3154 275 42 Schriftführer,
630 3153 74 34 und
742 3153 55 34 als
828 3152 383 45 Comite-Mitglieder
1240 3152 58 34 die
1327 3152 143 35 Herren
1497 3153 65 34 Dr.
1591 3152 121 35 Breu-

227 3215 132 43 nings
389 3213 65 37 Dr.
482 3213 96 45 Egg
591 3224 63 31 er,
683 3213 172 42 Krenn,
887 3213 63 35 Dr.
982 3214 44 36 A.
1056 3211 215 35 Schmidt
1299 3212 76 34 und
1404 3211 66 36 Dr.
1503 3211 187 38 Scholz.

302 3274 94 33 Vom
440 3271 128 36 früher
607 3272 249 34 bestandenen
1273 3271 69 35 den
1393 3272 63 34 der
1501 3272 242 35 verstorbene

224 3333 187 35 Fischhof
434 3334 48 32 im
512 3331 334 35 Mauthner'schen
882 3332 132 34 Hause
1052 3332 221 45 gegründet,
1317 3332 77 35 und
1437 3332 69 34 den
1536 3333 99 34 Herr
1664 3332 59 35 Sel-

224 3405 80 22 mar
330 3393 129 45 Bagge
487 3394 127 43 später
642 3392 250 34 fortzusetzen
913 3391 180 34 versucht
1121 3391 115 43 hatte,
1266 3403 124 23 waren
1420 3392 143 35 sowohl
1591 3392 61 35 bei
1680 3392 61 35 Fr.

223 3464 36 24 v.
289 3453 201 34 Mauthner
519 3451 56 33 als
603 3450 99 36 auch
729 3450 59 34 bei
815 3450 121 34 Herrn
957 3451 126 46 Bagge
1113 3452 80 33 eine
1215 3452 147 34 Anzahl
1393 3452 242 35 werthvoller
1656 3453 58 33 Mu-

226 3513 155 35 sicalien
410 3511 212 35 unbenützt
650 3511 226 34 verblieben.
931 3512 70 33 Die
1040 3514 187 42 genannte
1257 3513 188 34 Gönnerin
1489 3512 64 35 der
1593 3515 150 32 ernsten

223 3572 406 45 Kunstbestrebungen
664 3572 50 32 ist
742 3571 140 35 seither
909 3571 209 45 gestorben,
1148 3572 75 34 und
1254 3572 57 35 die
1340 3584 34 22 v.
1405 3572 336 35 Mauthner'schen

223 3634 121 35 Erben
372 3633 121 34 haben
517 3633 111 43 jenen
659 3631 373 45 Musicalienschatz,
1063 3632 203 34 bestehend
1297 3644 67 22 aus
1394 3632 69 35 den
1494 3632 92 35 zehn
1614 3633 128 34 bisher

227 3694 282 46 ausgegebenen
539 3693 154 33 Bünden
723 3691 65 35 der
828 3691 304 45 Bach-Ausgabe
1172 3692 76 34 und
1293 3693 160 34 anderen
1494 3693 247 36 werthvollen

227 3754 292 34 musicalischen
548 3752 161 36 Werken
754 3751 76 34 und
861 3751 200 42 Schriften,
1106 3750 61 34 der
1208 3751 322 46 Sing-Akademie
1571 3752 55 35 als
1670 3752 48 35 Ge-

227 3814 139 34 schenk
394 3813 231 35 Übermacht.
678 3813 94 33 Dem
805 3811 151 44 zufolge
999 3810 67 34 hat
1094 3811 96 34 auch
1217 3811 98 35 Herr
1341 3813 129 45 Bagge
1499 3813 80 33 sich
1609 3824 110 24 veran-

229 3872 94 36 lasst
351 3874 198 45 gefunden,
580 3873 57 34 die
668 3873 58 34 bei
755 3873 74 33 ihm
859 3871 263 34 aufbewahrte
1151 3871 131 46 übrige
1301 3872 216 35 Bibliothek
1539 3872 63 35 des
1623 3874 118 35 Bach-

227 3934 166 42 Vereins,
421 3933 180 35 ebenfalls
631 3944 66 22 aus
727 3933 85 35 sehr
841 3931 206 36 kostbaren
1078 3931 162 35 Werken
1270 3931 214 46 bestehend,
1527 3933 214 38 demselben

228 3994 179 35 Institute
436 3993 265 36 zuzuwenden.

1896 311 188 37 Paris.
2115 314 92 34 Der
2236 309 303 38 elektrische
2567 311 283 42 Metronom,
2880 311 67 34 mit
2968 311 179 36 welchem
3178 310 58 35 bei
3267 309 69 35 den

1819 371 275 36 Berlioz'scheu
2124 372 210 37 Concerten
2364 371 116 36 schon
2508 370 210 45 gelungene
2746 370 194 35 Versuche
2966 371 173 46 gemacht
3168 370 168 36 wurden»

1819 432 93 35 wird
1935 432 95 45 jetzt
2057 433 36 33 in
2124 432 65 35 der
2216 442 153 36 grossen
2400 431 99 45 Oper
2526 430 228 45 eingeführt.
2815 432 77 33 Der
2919 431 299 42 Mechanismus,
3249 429 67 35 wel-

1819 491 88 35 cher
1933 504 85 23 vom
2047 491 287 46 Capellmeister
2362 490 139 35 mittels
2542 491 101 33 eines
2673 490 291 35 Tastenwerkes
3004 492 68 32 mit
3108 491 63 34 der
3208 490 128 35 linken

1817 550 112 34 Hand
1958 551 149 43 dirigirt
2136 550 103 43 wird,
2268 550 264 34 communicirt
2559 551 69 33 mit
2656 550 120 33 einem
2804 549 203 45 Apparate,
3047 549 63 34 der
3139 550 58 34 ein
3227 549 88 33 Tact-

1818 610 180 34 stäbchen
2027 611 38 32 in
2094 610 217 45 Bewegung
2339 613 108 31 setzt.
2502 610 76 33 Der
2604 608 217 46 praktische
2849 608 137 35 Zweck
3016 608 120 35 dieser
3164 607 153 36 Vorrich-

1816 672 96 42 tung
1939 670 51 33 ist
2018 669 59 33 die
2098 669 203 45 Erzielung
2328 680 125 34 genau
2481 667 400 35 übereinstimmender
2899 667 243 45 Tactangabe
3169 669 59 33 für
3255 668 63 34 hin-

1816 732 55 30 ter
1913 728 64 34 der
2005 728 116 35 Scene
2162 729 242 45 gleichzeitig
2447 730 67 33 mit
2555 728 81 35 dem
2666 727 203 36 Orchester
2910 726 259 35 mitwirkende
3199 726 137 46 Chöre,

1816 787 285 45 Militärmusik,
2132 787 115 45 Orgel
2275 799 38 24 u.
2344 787 75 46 dgl.
2457 787 4 46 •

2176 3561 71 51 pie

1813 3621 185 36 erscheint
2028 3622 114 45 jeden
2181 3624 171 45 Samstag
2394 3625 38 33 in
2476 3625 122 33 einem
2640 3637 147 34 ganzen
2821 3626 131 45 Bogen
2995 3625 69 33 mit
3098 3622 242 47 zwanglosen

1814 3672 192 47 Beilagen.
2113 3674 77 33 Der
2212 3674 383 47 Abonnementspreis
2616 3676 148 46 beträgt
2797 3677 60 32 für
2886 3676 65 34 das
2972 3674 186 45 Halbjahr
3187 3672 22 36 2
3225 3675 116 43 Thlr.,

1813 3723 60 36 bei
1901 3724 70 34 den
1993 3725 47 33 K.
2068 3735 141 35 preuss.
2233 3726 308 35 Post-Anstalten
2569 3725 23 37 2
2608 3726 102 35 Thlr.
2736 3726 21 37 5
2778 3726 81 46 Sgr.
2915 3726 95 33 Eine
3039 3725 169 34 einzelne
3227 3725 84 36 Num-

1813 3786 78 23 mer
1917 3773 25 37 4
1970 3775 81 45 Sgr*

1915 3827 125 33 Briefe
2067 3826 79 34 und
2164 3826 276 48 Zusendungen
2473 3827 93 36 aller
2584 3829 70 34 Art
2682 3827 151 35 werden
2861 3831 110 31 unter
2999 3826 64 36 der
3086 3826 164 38 Adresse
3280 3827 63 37 der

1812 3878 53 34 M.
1895 3878 538 46 DuMont-Schauberg'schen
2461 3879 304 46 Buchhandlung
2793 3880 38 32 in
2860 3879 102 35 Köln
2991 3880 163 36 erbeten.

1818 3945 13 9 LI
1875 3945 13 9 Ul
1892 3945 4 17 :
1901 3945 4 17 .
2148 3945 42 10 LAL-I
2228 3946 5 9 I
2252 3946 9 5 11
2611 3945 83 11 lIUJML-JJ
2743 3945 25 9 JL.
2784 3946 5 9 -I
2921 3947 26 9 -U-.
2981 3947 11 9 II
3001 3947 17 9 ,!■
3032 3947 35 11 1.1.
3072 3947 33 10 J.q
3108 3945 50 17 JUM.
3161 3948 15 10 Jg
3207 3948 13 9 'II
3221 3945 2 17 I
3232 3947 107 11 .»—ngq

1932 3993 355 34 Verantwortlicher
2316 3994 283 45 Herausgeber:
2630 3993 100 35 Prof.
2763 3992 34 35 L
2802 4019 10 10 •
2841 3992 175 46 Btschoff
3038 3996 39 32 in
3106 3994 114 37 Köln.

1819 4067 16 21 r
1838 4043 2 49 -
1889 4044 195 46 Verleger:
2117 4044 52 35 M.
2199 4043 426 47 DuMont-Schauberg'
2632 4045 87 33 sehe
2747 4045 302 47 Buchhandlung
3079 4047 38 33 in
3147 4046 115 36 Köln.

1847 4096 190 37 Drucker:
2069 4095 53 37 M.
2154 4094 413 48 DuMont-Schauberg
2595 4096 38 34 in
2661 4096 113 44 Köln,
2813 4097 242 36 Breitstrasse
3084 4097 49 38 76
3158 4110 35 23 u.
3225 4098 61 39 78.

2348 996 452 83 änknnbuptitgen.

2355 1169 56 35 An
2442 1170 58 34 die
2528 1171 169 34 Besitzer
2726 1183 72 23 von

2632 1230 96 56 ttnb
2780 1232 144 68 crflcit
2966 1227 216 62 Btudicit

2190 1316 517 35 BSeetßiO¥eii'§cher
2735 1316 235 37 Werke.

1920 1377 74 34 Die
2026 1376 331 35 Unterzeichneten
2377 1376 285 46 beabsichtigen,
2684 1377 51 34 im
2751 1377 363 36 Einverständnisse
3142 1377 66 36 mit
3236 1380 101 35 allen

1818 1427 248 47 berechtigten
2099 1426 192 48 Original-
2305 1427 204 46 Verlegern
2550 1427 82 35 eine
2671 1427 356 37 kritisch-revidirte
3055 1429 174 47 Ausgabe
3265 1443 72 23 von

1816 1479 284 35 Beethoven
2122 1490 16 22 s
2178 1478 256 35 sämmtlichen
2475 1478 157 35 Werken
2660 1491 46 22 zu
2739 1481 273 42 veranstalten,
3053 1481 83 34 und
3163 1481 89 35 sind
3279 1483 56 33 be-

1817 1530 115 44 müht,
1963 1530 123 47 dafür
2114 1530 73 34 den
2214 1530 303 46 umfassendsten
2546 1530 181 44 Apparat
2763 1542 46 22 zu
2837 1531 224 44 beschaffen.
3116 1531 137 35 Dieser
3280 1533 57 35 be-

1816 1581 95 35 steht
1949 1582 52 34 im
2039 1581 267 35 Wesentlichen
2347 1582 40 33 in
2429 1581 72 34 den
2542 1580 506 47 Original-Handschriften
3089 1582 63 35 des
3185 1583 150 45 Compo-

1815 1633 125 35 nisten
1966 1633 83 34 und
2076 1632 72 35 den
2177 1637 123 30 ersten
2325 1632 203 46 Ausgaben
2556 1632 69 34 der
2655 1632 142 47 Werke,
2827 1645 101 23 ivozu
2955 1634 41 34 in
3026 1632 194 37 einzelnen
3242 1634 93 35 Fäl-

1816 1684 61 35 len
1905 1684 96 34 noch
2029 1683 243 47 Abschriften
2310 1684 180 40 kommen,
2532 1683 133 35 ivelche
2693 1684 68 34 der
2792 1684 213 46 Componist
3022 1685 76 45 für
3127 1685 74 35 den
3231 1685 107 36 Stich

1816 1735 92 35 oder
1933 1747 47 23 zu
2008 1734 171 36 anderen
2206 1734 178 36 Zwecken
2411 1735 108 34 selbst
2546 1735 281 46 durchgesehen
2857 1736 76 35 hat.

1920 1786 147 35 Bereits
2091 1785 48 35 ist
2168 1785 81 35 eine
2274 1786 166 34 ziemlich
2464 1798 128 35 grosse
2612 1785 107 44 Zahl,
2748 1787 230 35 namentlich
3001 1786 336 48 Original-Hand-

1814 1837 195 46 schriften,
2040 1837 72 35 den
2143 1838 331 34 Unterzeichneten
2502 1838 174 43 bekannt,
2706 1839 83 34 und
2815 1838 198 36 theilioeise
3041 1839 122 35 durch
3183 1838 60 36 die
3267 1839 66 35 Li-

1815 1888 177 35 beralität
2029 1888 69 35 der
2126 1888 166 35 Besitzer
2319 1889 113 35 schon
2460 1889 42 35 in
2529 1888 111 36 ihren
2668 1890 183 35 Händen.
2906 1890 54 35 Es
2985 1890 49 35 ist
3062 1890 90 35 aber
3172 1892 76 43 für
3277 1890 61 36 die

1807 1940 268 45 plangemässe
2102 1940 313 47 Durchführung
2441 1940 62 35 des
2542 1941 298 35 Unternehmens
2868 1954 73 23 von
2966 1944 166 44 gr'össter
3164 1941 173 48 Wichtig-

1815 1991 85 45 keit,
1931 1991 60 34 die
2008 1997 222 40 genannten
2245 1992 241 46 Hülfsmittel
2512 2004 38 23 so
2570 1992 238 47 vollständig,
2834 1994 57 35 als
2918 1994 52 35 sie
2999 1992 216 46 überhaupt
3241 1994 98 35 noch

1813 2042 226 35 vorhanden
2067 2041 97 45 sind,
2195 2043 179 35 benutzten
2401 2056 45 22 zu
2474 2043 160 35 können.
2690 2045 186 34 Desshalb
2915 2045 128 46 ergeht
3070 2045 185 35 hiedurch
3285 2058 51 22 an

1814 2094 74 34 alle
1903 2092 169 36 Besitzer
2093 2105 73 23 von
2195 2094 680 47 Original-Handschriften,
2907 2102 169 29 ersten
3105 2097 234 35 Drucken

1814 2145 92 34 oder
1935 2144 97 35 auch
2059 2144 280 36 revidirten
2369 2145 326 46 Abschriften
2710 2148 37 32 B
2759 2147 243 35 eethoven'
3014 2147 138 34 scher
3180 2148 159 34 Werke

1813 2196 60 34 die
1902 2196 88 34 eben
2017 2206 38 24 so
2085 2196 212 45 dringende
2326 2197 56 34 als
2410 2197 213 45 ergebenste
2650 2197 112 43 Bitte,
2792 2198 73 34 den
2902 2197 336 36 Unterzeichneten
3265 2210 74 23 von

1811 2246 121 35 ihrem
1959 2246 145 35 Besitze
2135 2246 211 37 Nachricht
2371 2259 45 23 zu
2444 2246 181 36 ertheilen
2664 2247 83 36 und
2784 2260 45 23 zu
2867 2249 193 44 erlauben,
3103 2248 79 37 sich
3211 2261 127 35 wegen

1815 2298 62 35 des
1917 2297 185 36 Weiteren
2129 2299 65 34 mit
2221 2299 116 34 ihnen
2364 2311 47 22 zu
2438 2298 239 35 vernehmen.

1915 2349 270 45 Ausführliche
2214 2349 201 45 Prospecte
2451 2350 69 35 der
2545 2362 46 22 zu
2618 2351 336 35 veranstaltenden
2982 2350 175 48 Ausgabe
3187 2351 152 37 werden

1815 2400 220 34 demnächst
2074 2401 275 44 veröffentlicht
2390 2401 162 35 werden.
2610 2401 100 35 Hier
2745 2401 52 35 sei
2838 2415 78 22 nur
2943 2404 188 46 vorläufig
3161 2403 176 47 bemerkt,

1815 2452 87 34 dass
1931 2463 35 23 es
1994 2451 155 47 darauf
2178 2452 207 46 abgesehen
2425 2453 58 43 ist,
2522 2453 230 35 sämmtliche
2791 2453 130 36 Werke
2960 2454 42 35 in
3043 2455 69 35 der
3145 2455 194 46 Original-

1810 2504 147 44 gestalt,
2001 2503 73 34 alle
2102 2503 314 47 mehrstimmigen
2444 2504 122 35 daher
2592 2504 41 35 in
2661 2504 192 47 Partitur,
2891 2506 317 46 herauszugeben.
3264 2507 75 34 Die

1825 2554 184 35 Verehrer
2036 2554 247 35 Beethove
2295 2568 55 21 ris
2378 2555 149 35 iverden
2557 2556 113 34 schon
2698 2556 155 34 hieraus
2892 2558 206 45 erkennen,
3142 2558 88 35 dass
3258 2559 81 34 eine

1813 2605 64 35 des
1901 2617 155 34 grossen
2084 2606 174 35 Meisters
2285 2606 169 47 würdige
2481 2606 175 46 Ausgabe
2696 2612 288 31 unternommen
3020 2609 107 42 wird,
3169 2609 83 35 und
3279 2609 60 35 die

1823 2656 331 36 Unterzeichneten
2183 2657 141 46 dürfen
2353 2658 121 34 daher
2496 2657 101 36 Wohl
2636 2657 136 47 hoffen,
2808 2659 252 47 freundliche
3088 2660 251 37 Berücksich-

1813 2708 130 46 tigung
1970 2707 105 35 ihrer
2103 2708 101 35 Bitte
2231 2722 46 22 zu
2296 2709 153 45 finden.

1920 2759 188 47 Gefällige
2136 2761 294 46 Mittheilungen
2458 2761 150 35 werden
2638 2762 119 35 d'rect
2785 2761 121 37 durch
2935 2763 59 35 die
3023 2762 92 36 Post
3144 2763 158 35 erbeten.

1915 2810 220 48 Leipzig,
2166 2825 61 22 am
2255 2815 34 32 1.
2324 2813 155 35 October
2507 2815 113 33 1861.

2554 2862 347 49 Breithopf
2918 2864 50 51 &
2996 2861 240 42 MMiirtet.

1916 2966 51 37 So
1997 2968 89 35 eben
2115 2967 167 37 erschien
2305 2969 51 35 im
2385 2969 159 48 Verlage
2571 2981 75 24 von
2679 2969 37 37 C.
2746 2970 47 35 F.
2834 2970 52 36 W.
2915 2969 170 48 Siegel
3110 2971 42 35 in
3180 2971 159 47 Leipzig

1812 3019 82 35 und
1921 3019 47 35 ist
1995 3019 121 36 durch
2145 3021 73 35 alle
2246 3020 127 36 Buch-
2403 3021 82 35 und
2512 3021 486 47 Musicalienhandlungen
3027 3034 47 24 zu
3104 3021 193 37 beziehen:

1812 3093 124 36 Lobe,
1964 3094 42 31 J.
2037 3094 30 31 C
2089 3115 9 17 ,
2137 3089 266 36 Vereinfachte
2432 3091 312 34 Harmonielehre
2779 3091 61 34 für
2867 3091 235 35 Dilettanten
3133 3091 77 35 und
3239 3092 100 35 Ken-

2120 3162 81 25 ner.
2231 3149 32 37 L
2293 3150 81 45 Bd.,
2404 3162 55 33 gr.
2487 3148 47 47 8.,
2563 3151 56 35 br.
2652 3149 72 46 V/z
2752 3151 106 36 Thlr.

1918 3247 83 35 Alle
2031 3247 40 36 in
2099 3248 124 35 dieser
2252 3248 309 48 Musik-Zeitung
2590 3249 280 45 besprochenen
2911 3250 83 34 und
3030 3250 312 47 angekündigten

1814 3298 231 37 Musicalien
2074 3306 63 28 etc.
2175 3300 89 35 sind
2298 3313 47 22 zu
2384 3300 173 36 erhalten
2584 3301 42 35 in
2653 3301 69 34 der
2749 3307 86 29 stets
2862 3301 230 47 vollständig
3117 3302 226 34 assortirten

1814 3350 465 48 Musicalien-Handlung
2307 3352 82 35 und
2406 3352 246 35 Leihanstalt
2678 3364 74 23 von
2773 3352 314 37 BERNHARD
3108 3352 234 36 BREUER

1812 3400 42 36 in
1881 3401 117 45 Köln,
2034 3414 129 34 grosse
2191 3403 247 46 Budengasse
2468 3404 72 36 Nr.
2572 3408 33 42 1,
2650 3417 40 23 so
2734 3405 67 35 wie
2843 3403 57 37 bei
2940 3405 36 34 J.
3008 3404 84 36 FR.
3134 3403 205 44 WEBER,

1815 3454 330 45 Appellhofsplatz
2175 3455 74 36 Nr.
2277 3457 62 33 22.
