3088 4346
1018 289 132 71 LA
1211 289 590 84 QUINZAINE

2567 290 98 94 67

132 449 308 35 commencer
477 437 43 48 la
563 437 347 48 traditionnelle
948 438 270 49 randonnée
1261 457 99 30 vers
1404 440 63 47 les
1505 440 129 48 villes
1675 440 182 48 d'eaux.
1899 441 43 48 Si
1989 441 123 48 donc
2158 459 76 29 ma
2272 440 228 48 mémoire
2539 438 137 49 m'est

135 503 204 64 infidèle,
367 525 92 46 que
485 508 97 47 l'on
611 508 168 47 veuille
809 511 106 46 bien
944 511 263 47 m'excuser

276 578 77 47 En
381 592 104 34 tout
512 582 202 61 premier
739 581 96 47 lieu
861 582 30 46 il
920 584 222 45 convient
1169 583 54 46 de
1250 582 198 63 signaler
1470 582 63 48 les
1559 582 274 48 exécutions
1860 582 142 48 d'une
2041 582 341 63 irréprochable
2410 583 260 47 correction

132 647 209 49 données
369 668 78 43 par
474 651 269 47 l'orchestre
772 652 63 46 du
863 652 358 47 Conservatoire
1247 671 106 29 sous
1383 653 42 46 la
1451 654 227 46 direction
1707 654 56 46 de
1786 653 76 48 M.
1890 653 186 66 Sylvain
2119 654 203 61 Dupuis.
2365 653 69 48 Ce
2474 656 198 59 premier

131 734 197 33 concert
379 722 112 47 était
546 723 314 47 entièrement
912 724 220 47 consacré
1169 724 25 47 à
1233 724 213 61 Brahms,
1487 724 41 47 le
1566 725 153 47 soliste
1757 725 77 49 M.
1876 725 159 47 Serato
2067 728 110 63 joua
2208 725 40 47 le
2507 743 56 28 en
2608 724 62 47 ré.

132 788 300 50 L'orchestre
455 794 157 46 donna
1169 794 40 46 \&
1228 794 238 62 symphonie
963 813 56 28 en
1049 808 52 33 ut
1128 797 203 58 mineur,
1359 794 64 47 les
1735 813 75 29 sur
1839 813 61 29 un
1931 795 158 47 thème
2112 798 56 44 de
2196 797 175 64 Haydn
2399 809 46 33 et
2470 813 111 29 avec
2609 795 63 47 les

132 861 205 61 chœurs,
366 863 39 47 le
765 864 155 47 Chant
1123 866 58 45 du
1294 865 176 47 Destin.

273 934 82 47 Au
383 936 247 47 deuxième
658 950 192 33 concert
878 936 141 47 Pablo
1048 935 158 48 Casais
1244 939 232 60 triomphe
1519 954 112 31 avec
1663 938 287 48 l'admirable
2213 958 57 28 en
2310 939 47 48 ré
2397 939 54 47 de
2493 939 174 65 Haydn

131 1014 46 34 et
202 1020 47 29 se
286 1005 81 46 fait
394 1006 241 62 applaudir
662 1007 114 46 dans
813 1007 43 46 la
1670 1007 214 46 Sérénade
2178 1009 238 61 Espagnole
1419 1009 56 44 de
1514 1007 320 63 Glazounow,
1877 1011 105 46 bien
2022 1028 170 44 pauvre
2230 1012 214 60 musique
2484 1011 113 46 mais
2634 1011 33 46 si

132 1073 257 49 bellement
417 1077 239 61 présentée
684 1095 88 46 que
800 1077 102 62 plus
927 1079 115 45 d'un
1068 1077 69 65 s'y
1166 1079 130 45 laissa
1321 1079 212 60 prendre.
1565 1080 75 48 M.
1672 1080 188 61 Dupuis
1896 1082 234 46 conduisit
2167 1082 42 46 la
2248 1081 252 65 Symphonie
2535 1100 59 28 en
2633 1082 34 46 si

132 1145 155 48 bémol
329 1147 56 46 de
425 1148 290 61 Schumann,
1405 1150 52 45 les
1585 1148 207 64 Equipées
2083 1150 52 44 de
2272 1148 98 46 Till
2511 1148 165 64 Eulensp
1649 1152 54 45 de
1743 1151 204 47 Richard
1984 1152 177 47 Strauss
2199 1165 45 34 et

158 1212 294 51 Tannhàuser
455 1218 55 46 de
538 1219 215 63 Wagner
780 1236 111 29 avec
917 1218 42 46 la
987 1218 240 47 virtuosité
1258 1221 320 59 remarquable
1604 1223 79 60 qui
1712 1221 40 47 le
1780 1222 284 48 caractérise.
2105 1223 80 46 Au
2213 1223 235 46 troisième
2473 1235 194 34 concert

131 1302 118 32 nous
275 1288 160 47 eûmes
461 1288 44 47 la
931 1288 252 65 Symphonie
1482 1288 268 64 fantastique
1085 1289 56 46 de
1164 1288 186 47 Berlioz
1371 1292 76 60 qui
1476 1289 132 47 n'eut
1636 1308 76 45 pas
1731 1292 145 62 grand
1903 1293 159 47 succès
2087 1293 175 62 malgré
2289 1311 94 29 une
2413 1293 252 47 exécution

130 1357 79 47 des
235 1358 102 61 plus
364 1360 224 47 fouillées.
620 1360 116 47 Cela
772 1378 46 29 se
858 1360 273 61 comprend.
1161 1360 92 47 Les
1289 1362 248 47 modernes
1576 1376 84 31 ont
1697 1364 178 46 enrichi
1914 1364 454 47 considérablement
2412 1364 42 46 la
2495 1366 170 60 palette

129 1429 280 47 orchestrale
437 1442 46 34 et
511 1430 62 47 les
601 1430 249 47 hardiesses
877 1432 62 44 du
966 1432 165 44 maître
1157 1432 299 59 romantique
1486 1449 56 28 ne
1571 1449 117 30 nous
1720 1433 229 47 étonnent
1988 1434 114 61 plus.
2145 1434 91 47 Les
2275 1434 138 47 belles
2451 1435 215 46 couleurs

129 1498 55 47 de
211 1517 69 29 ses
306 1500 216 48 tableaux
550 1515 84 33 ont
663 1503 103 61 pâli.
798 1501 168 55 Quant
991 1501 25 46 à
1043 1501 42 46 la
1110 1514 233 34 structure
1369 1514 46 33 et
1453 1520 92 28 aux
1584 1503 123 47 idées
1745 1505 56 45 de
1842 1505 200 61 Berlioz,
2072 1508 157 44 mieux
2265 1519 111 33 vaut
2415 1507 109 45 n'en
2566 1508 96 44 rien

127 1569 113 48 dire.
272 1570 75 47 M.
380 1571 189 63 Dupuis
606 1585 47 33 et
691 1590 83 30 son
816 1571 186 47 brillant
1040 1573 234 45 orchestre
1302 1573 343 59 remportèrent
1673 1592 62 28 un
1764 1574 101 61 plus
1890 1575 130 46 franc
2048 1589 44 33 et
2120 1578 223 44 unanime
2369 1576 160 47 succès
2553 1594 111 29 avec

127 1640 42 46 le
211 1641 220 47 Chaseeur
468 1642 198 47 Maudit
706 1644 56 45 de
809 1644 186 45 Franck
1028 1655 47 33 et
1119 1642 41 46 la
1207 1642 284 47 Chevauchée
1531 1646 67 45 des
1646 1644 264 64 ÎValkyries.
1960 1646 67 47 Le
2072 1647 153 46 soliste
2265 1647 54 46 de
2365 1665 52 29 ce
2457 1661 207 47 concert,

126 1711 79 47 M.
228 1711 312 65 Eisenberger
555 1715 113 62 joua
689 1715 111 46 dans
827 1731 64 30 un
921 1714 113 60 goût
1062 1714 90 47 très
1178 1731 85 43 pur
1291 1726 45 33 et
1362 1731 113 30 avec
1504 1733 93 28 une
1623 1733 97 28 rare
1743 1716 297 62 intelligence
2063 1717 39 46 le
2324 1735 59 29 en
2406 1731 52 33 ut
2479 1720 187 46 mineur

129 1782 54 46 de
214 1782 197 47 Mozart
437 1797 46 32 et
508 1785 120 45 celui
657 1802 60 28 en
745 1797 50 33 ut
825 1785 129 47 dièze
977 1786 185 44 mineur
1190 1785 56 45 de
1275 1785 511 63 Rimsky-Korsakow.

273 1853 487 48 Incontestablement
786 1856 41 45 le
855 1854 258 63 quatrième
1140 1867 45 34 et
1213 1856 183 44 dernier
1424 1870 190 31 concert
1642 1857 70 44 fut
1738 1858 117 46 aussi
1882 1857 42 46 le
1952 1857 102 62 plus
2081 1860 111 45 beau
2222 1870 45 35 et
2294 1860 94 45 l'on
2412 1861 254 44 ovationna

129 1922 76 49 M.
251 1923 190 64 Dupuis
478 1943 113 45 pour
637 1943 81 30 son
765 1927 293 62 intelligente
1103 1924 357 64 interprétation
1503 1927 26 44 d
1731 1928 55 46 de
1833 1927 302 48 Monteverdi
2175 1942 44 33 et
2260 1929 40 47 la
2608 1931 56 47 de

129 1993 293 49 Beethoven.

270 2067 47 45 A
362 2065 107 47 côté
513 2067 56 45 de
606 2067 268 47 l'orchestre
912 2067 62 45 du
1015 2067 356 47 Conservatoire
1407 2084 60 30 on
1509 2081 111 48 peut
1658 2084 164 47 ranger
1860 2068 264 47 l'orchestre
2152 2070 77 46 des
2256 2070 167 63 grands
2448 2084 214 35 concerts

125 2138 373 62 symphoniques
535 2138 147 63 dirigé
720 2155 78 45 par
827 2138 75 47 M.
934 2138 228 47 Debefve.
1194 2138 114 45 Non
1336 2139 131 60 point
1494 2139 176 61 qu'une
1697 2142 315 59 comparaison
2041 2143 149 58 puisse
2214 2142 202 46 s'établir
2441 2155 132 35 entre
2600 2143 64 47 les

124 2206 278 47 exécutions
430 2208 309 61 impeccables
765 2209 61 44 du
856 2210 200 59 premier
1094 2220 44 33 et
1178 2209 153 60 celles,
1372 2208 102 61 plus
1512 2209 246 61 relâchées,
1797 2210 61 46 du
1902 2213 187 44 second.
2136 2211 127 47 Mais
2304 2229 132 43 parce
2481 2230 90 45 que
2600 2214 62 46 les

124 2291 215 33 concerts
357 2279 62 45 du
438 2277 359 47 Conservatoire
817 2279 302 47 n'accordent
1141 2296 89 44 que
1251 2296 90 45 peu
1362 2279 339 62 d'importance
1728 2298 90 29 aux
1846 2281 245 46 modernes
2110 2282 151 46 tandis
2280 2300 89 45 que
2390 2282 270 49 l'orchestre

122 2349 57 45 de
207 2349 78 47 M.
317 2349 218 47 Debefve
555 2351 113 61 joue
695 2361 183 35 surtout
905 2351 77 45 des
1006 2366 184 30 oeuvres
1228 2351 55 45 de
1326 2366 81 30 nos
1442 2352 392 60 contemporains.
1863 2350 166 56 Qu'on
2068 2370 57 28 en
2169 2352 110 63 juge
2309 2369 9 30 :
2360 2371 60 30 au
2459 2357 199 59 premier

121 2432 211 49 Concert,
364 2420 76 47 M.
470 2420 170 47 Cortot
662 2422 112 62 joua
800 2420 41 47 le
866 2432 182 36 concerto
1073 2439 56 28 en
1160 2432 51 35 ut
1240 2422 187 45 mineur
1466 2421 55 46 de
1560 2421 297 48 Saint-Saëns
1895 2435 46 33 et
1978 2441 94 28 une
2110 2423 261 47 excellente
2410 2427 224 60 transcrip-

121 2492 99 44 tion
249 2491 62 44 du
338 2502 184 34 concerto
549 2507 114 43 pour
690 2507 143 46 orgue
861 2491 56 44 de
946 2489 235 47 Wilhelm
1211 2491 287 45 Friedmann
1537 2491 145 48 Bach.
1725 2491 296 48 L'orchestre
2059 2492 196 47 exécuta
2293 2512 91 28 une
2422 2496 239 62 symphonie

121 2562 56 44 de
221 2561 253 61 Borodine,
882 2561 54 62 Phosphoréine
937 2562 79 44 de
1017 2561 107 48 M.
1125 2561 83 47 E.
1209 2561 190 59 Mawet,
1976 2563 56 46 de
2072 2564 167 46 Albert
2286 2564 195 47 Roussel
2528 2578 44 33 et
2618 2567 42 46 la

121 2632 197 64 'Joyeuse
563 2630 56 49 Marche
620 2633 70 44 de
691 2632 225 47 Chabrier.
962 2633 76 44 Au
1075 2633 171 46 second
1284 2646 193 33 concert
1517 2651 64 28 un
2098 2652 118 29 nous
2260 2633 52 48 fit
2347 2638 243 46 connaître
2617 2638 41 46 le

117 2714 184 35 concerto
328 2721 56 28 en
412 2703 35 46 si
475 2703 186 46 mineur
689 2719 115 45 pour
832 2702 154 47 violon
1015 2703 55 44 de
1098 2703 95 62 Jos.
1222 2703 187 62 Jongen
1437 2703 365 47 excellemment
1828 2704 251 61 interprété
2106 2722 79 43 par
2213 2704 76 48 M.
2318 2705 93 49 Ch.
2444 2708 213 47 Herman

116 2775 80 61 qui
249 2773 200 47 exécuta
492 2775 115 45 aussi
661 2790 63 28 un
767 2771 171 64 Adagio
983 2774 267 61 pathétique
1294 2774 55 46 de
1392 2774 211 46 Marsick
1646 2788 46 33 et
1738 2793 92 28 une
1868 2775 263 46 Passacaille
2169 2778 56 44 de
2267 2777 75 46 M.
2384 2778 271 48 Thomson.

118 2845 77 47 M.
226 2844 77 48 M.
333 2844 232 47 Dambois
592 2843 52 47 fit
671 2845 194 45 chanter
902 2862 83 28 son
1014 2844 274 47 violoncelle
1315 2862 57 28 en
1400 2845 156 46 artiste
1584 2845 112 46 dans
1724 2845 40 46 la
1791 2845 145 61 prière
1971 2845 251 62 hébraïque
2599 2850 56 46 de

120 2915 75 47 M.
225 2915 238 47 Smulders
489 2926 46 35 et
560 2914 42 45 le
633 2914 297 45 Concertstïïck
958 2914 55 45 de
1042 2910 122 49 M'"°
1192 2914 205 47 Faivilla.
1429 2914 69 47 Le
1536 2931 296 46 programme
1858 2916 248 46 orchestral
2134 2920 293 58 comprenait
2454 2917 177 49 l'ouver-

116 3000 103 33 ture
247 2986 56 46 de
332 2986 242 46 Hermann
604 2996 39 36 et
668 2985 219 47 Dorothée
913 2985 54 46 de
1007 2986 61 46 A.
1100 2985 202 61 Dupuis,
1333 3003 62 28 un
1437 2985 183 47 Scherzo
1659 2987 53 45 de
1755 2986 75 47 M.
1860 2986 124 64 Sylv.
2015 2986 189 62 Dupuis
2241 3001 45 33 et
2324 3008 94 28 une
2445 2992 210 46 curieuse

125 3056 147 48 Vision
295 3056 55 46 de
379 3056 92 47 Ch.
502 3056 217 47 Radoux.
752 3056 71 46 M'
827 3058 19 19 u
851 3057 14 20 *
898 3056 158 46 Fassin
1095 3057 172 45 chanta
1305 3072 63 30 un
1407 3056 65 44 air
1512 3056 54 46 de
1810 3057 53 46 de
1907 3057 185 46 Franck
2130 3070 46 33 et
2215 3058 78 47 des
2332 3060 224 48 mélodies
2600 3062 56 45 de

120 3127 143 48 MM.
295 3127 93 47 Ch.
418 3127 203 47 Radoux
649 3138 46 35 et
720 3127 178 62 Jaspar.

418 3226 24 61 (
471 3224 46 48 A
612 3224 194 63 suivre.)
2012 3225 302 43 Guillaume
2345 3227 197 42 Waitz.

729 3355 640 99 L'Edition
1438 3360 619 95 Musicale

256 3516 85 47 Un
371 3516 367 61 correspondant
766 3516 56 46 de
851 3515 40 47 la
921 3516 165 47 Revue
1106 3533 46 30 se
1180 3516 222 64 plaignait
1427 3516 168 47 l'autre
1617 3519 106 62 jour
1751 3519 112 45 dans
1890 3535 75 31 ces
1991 3537 136 45 pages
2154 3520 79 47 des
2258 3520 168 48 allures
2446 3523 215 59 profanes

113 3590 57 46 de
197 3605 82 31 son
310 3587 249 63 organiste.
582 3587 57 63 Je
665 3589 138 45 serais
830 3589 105 44 bien
965 3586 130 47 tenté
1123 3587 54 46 de
1206 3587 65 46 lui
1300 3587 226 63 répondre
1554 3587 141 63 qu'en
1727 3589 165 47 dehors
1919 3590 54 46 de
2003 3590 42 47 la
2073 3592 214 60 musique
2315 3592 199 61 rituelle,
2545 3594 116 47 dont

114 3661 42 46 le
185 3658 273 47 formulaire
486 3670 68 35 est
583 3658 253 47 nécessaire
863 3658 25 46 à
916 3658 41 46 la
984 3658 285 47 célébration
1298 3660 62 45 du
1388 3658 141 61 culte,
1552 3660 29 45 il
1613 3678 56 27 ne
1698 3672 110 50 peut
1829 3678 29 47 y
1879 3662 125 46 avoir
2032 3662 54 46 de
2116 3664 213 59 musique
2357 3679 304 47 proprement

115 3730 261 63 religieuse,
424 3730 112 47 dans
574 3747 65 28 un
677 3730 138 47 siècle
855 3730 61 47 où
955 3730 63 47 les
1057 3730 254 47 Béatitudes
1314 3769 12 22 ,
1366 3731 42 46 la
1449 3730 258 47 Damoiselle
1745 3731 112 47 Elue
1893 3745 46 33 et
1979 3732 40 46 le
2062 3732 379 48 Vendredi-Saint
2476 3754 47 29 se
2555 3750 106 34 sont

117 3799 207 50 installés
361 3817 61 31 au
448 3799 196 49 théâtre.
674 3801 144 61 Mais,
847 3802 94 58 oui,
971 3813 105 35 tout
1120 3812 136 36 notre
1283 3802 212 61 musique
1538 3801 241 63 religieuse
1806 3820 98 29 sera
1929 3802 264 48 forcément
2229 3805 207 62 profane,
2466 3808 196 61 puisque

122 3886 136 35 notre
306 3873 218 61 musique
551 3872 192 62 profane
790 3886 66 34 est
896 3873 211 46 devenue
1153 3872 255 65 religieuse.
1439 3872 159 48 L'état
1641 3873 155 48 d'âme
1822 3873 56 47 de
1906 3873 263 64 l'auditeur,
2215 3877 77 62 qui
2320 3876 127 49 laisse
2476 3892 187 36 montre
