3088 4346
1379 325 62 70 S.
1512 327 54 68 I.
1637 325 107 72 M.

280 351 51 63 4

273 468 156 56 faites
457 470 77 54 les
564 469 233 56 lectures
828 491 75 34 ou
932 474 509 53 communications.
1487 473 108 53 Les
1638 471 268 54 décisions
1948 473 169 71 prises
2147 473 229 54 doivent
2406 474 113 53 être
2550 473 216 73 portées
2795 473 50 54 le

274 549 127 74 plus
430 550 346 73 rapidement
805 550 239 73 possible
1074 551 28 54 à
1130 551 50 54 la
1207 551 383 55 connaissance
1619 551 95 53 des
1745 550 246 51 membre
2022 550 77 52 du
2129 550 263 74 Congrès.

430 653 206 55 Article
674 671 84 56 15.
893 657 53 52 A
973 656 186 54 l'issue
1190 657 67 53 de
1286 656 48 52 la
1364 657 188 51 séance
1582 653 464 74 d'inauguration,
2077 653 78 52 les
2185 654 233 54 sections
2448 675 57 33 se
2532 654 313 55 réunissent

274 731 133 53 dans
437 731 147 53 leurs
614 732 157 53 salles
801 734 326 73 respectives
1158 752 141 53 pour
1329 732 301 72 compléter
1658 729 149 55 leurs
1848 731 245 53 bureaux
2123 743 52 41 et
2204 750 141 53 pour
2375 732 132 53 fixer
2533 732 202 54 l'ordre
2764 733 79 52 du

263 808 134 75 jour
428 811 67 52 de
524 811 48 52 la
600 812 270 71 première
899 811 189 53 séance
1116 811 69 53 de
1214 809 207 55 travail.

428 913 208 54 Article
674 916 84 52 16.
894 916 80 52 Le
1004 927 178 61 temps
1213 915 222 54 accordé
1467 913 27 55 à
1524 934 75 33 un
1629 926 197 41 auteur
1855 932 142 54 pour
2027 911 49 55 la
2104 912 206 55 lecture
2338 935 75 33 ou
2441 915 241 73 l'exposé
2706 916 133 53 d'un

270 990 192 54 travail
501 1011 68 33 ne
608 1006 135 59 peut
787 992 226 55 excéder
1044 993 200 74 quinze
1289 992 260 67 minutes,
1592 991 27 53 à
1662 991 180 53 moins
1886 1010 108 55 que
2037 990 49 53 la
2132 991 215 52 Section
2390 992 279 55 consultée
2714 993 127 54 n'en

273 1068 189 55 décide
491 1082 328 42 autrement.

428 1174 208 53 Article
674 1192 83 53 17.
894 1175 131 52 Une
1070 1175 181 52 même
1295 1194 272 53 personne
1614 1193 66 33 ne
1726 1184 134 62 peut
1906 1173 235 73 prendre
2183 1171 123 74 plus
2349 1174 69 53 de
2461 1174 145 53 deux
2649 1173 103 55 fois
2789 1174 52 54 la

269 1250 187 72 parole
485 1251 134 54 dans
649 1273 110 33 une
788 1253 306 53 discussion
1126 1272 92 33 sur
1248 1273 109 32 une
1388 1254 178 51 même
1596 1251 273 75 question.
1905 1253 105 52 Ces
2053 1251 400 54 interventions
2483 1272 67 33 ne
2593 1265 245 60 peuvent

270 1330 154 52 avoir
466 1330 95 53 des
605 1330 196 53 durées
843 1331 457 73 respectivement
1345 1330 343 72 supérieures
1732 1330 28 53 à
1802 1330 122 74 cinq
1973 1330 242 52 minutes
2243 1352 13 44 ;
2302 1349 140 53 pour
2483 1330 233 53 l'auteur
2759 1331 78 54 du

270 1407 189 54 travail
491 1428 68 33 en
589 1407 325 69 discussion,
946 1428 85 33 ces
1061 1407 197 54 durées
1289 1420 246 60 peuvent
1564 1410 112 51 être
1707 1410 68 52 de
1806 1409 91 52 dix
1928 1409 256 52 minutes.

425 1510 203 54 Article
675 1515 83 50 18.
918 1512 108 52 Les
1068 1510 324 54 manuscrits
1441 1510 94 54 des
1581 1512 490 53 communications
2121 1510 228 55 doivent
2397 1512 113 52 être
2556 1512 163 52 remis
2764 1531 69 34 au

273 1588 291 54 Secrétaire
594 1589 69 53 de
692 1589 47 52 la
771 1590 213 52 Section
1013 1589 28 52 à
1070 1588 47 53 la
1148 1588 72 52 fin
1252 1588 67 53 de
1348 1588 51 53 la
1428 1589 187 53 séance
1644 1590 75 52 où
1748 1589 50 53 la
1827 1590 463 54 communication
2320 1609 29 33 a
2380 1589 85 53 été
2494 1587 145 55 faite.

430 1692 203 53 Article
680 1711 80 53 19.
923 1693 105 52 Les
1073 1711 298 53 personnes
1416 1692 94 74 qui
1554 1706 269 58 prennent
1873 1693 49 54 la
1969 1693 186 73 parole
2202 1693 135 54 dans
2380 1715 109 32 une
2532 1693 300 55 discussion

270 1768 229 53 doivent
529 1782 256 41 remettre
814 1790 68 33 au
914 1769 290 54 Secrétaire
1228 1769 66 52 de
1324 1769 50 52 la
1404 1769 215 54 Section
1653 1791 74 32 un
1760 1769 216 55 résumé
2000 1772 67 52 de
2098 1791 58 33 ce
2185 1771 229 73 qu'elles
2437 1785 99 40 ont
2566 1772 79 52 dit
2673 1783 163 42 avant

268 1846 50 53 la
348 1846 72 52 fin
453 1847 67 52 de
550 1847 49 52 la
628 1848 187 52 séance
847 1847 91 72 (au
969 1846 124 73 plus
1125 1847 119 53 tard
1276 1847 132 52 dans
1437 1846 79 54 les
1545 1847 405 74 vingts-quatre
1981 1849 239 72 heures).

424 1951 206 53 Article
661 1968 88 36 20.
885 1952 166 52 Deux
1082 1971 73 33 ou
1187 1950 272 73 plusieurs
1505 1951 242 53 Sections
1790 1965 244 60 peuvent
2077 1973 56 33 se
2175 1954 186 53 réunir
2395 1974 142 52 pour
2568 1955 264 53 entendre

268 2029 96 52 des
393 2030 491 52 communications
913 2030 94 73 qui
1036 2029 77 53 les
1144 2030 324 53 intéressent
1498 2029 323 74 également.

451 2219 88 57 La
590 2232 163 44 carte
805 2218 72 58 de
933 2219 434 79 Congressiste,
1416 2219 273 60 donnant
1741 2220 53 57 le
1849 2220 161 60 droit
2061 2222 298 59 d'assister
2410 2223 32 58 à
2495 2238 200 45 toutes
2747 2225 84 59 les

265 2305 262 74 séances,
574 2307 306 73 réunions,
931 2309 306 59 auditions
1272 2323 57 45 et
1364 2308 151 60 fêtes
1550 2310 82 58 du
1674 2310 274 82 Congrès
2001 2335 222 58 pourra
2269 2314 126 57 être
2446 2313 217 60 retirée
2707 2337 122 37 aux

265 2398 274 58 bureaux
575 2398 72 58 de
692 2401 56 55 la
793 2398 262 74 Société,
1096 2420 76 59 29
1211 2422 107 36 rue
1354 2402 90 57 La
1479 2399 236 74 Boétie,
1768 2401 31 59 à
1844 2404 193 79 partir
2072 2404 79 58 du
2201 2425 72 38 10
2311 2406 141 58 mai.
2494 2406 118 58 Son
2665 2407 160 80 prix,

264 2510 157 58 pour
457 2503 136 45 tous
642 2511 155 36 ceux
843 2492 107 79 qui
998 2512 72 36 ne
1120 2490 134 59 font
1307 2512 104 60 pas
1459 2493 194 79 partie
1700 2492 73 58 de
1822 2495 55 57 la
1930 2493 239 60 Société
2222 2495 478 59 Internationale
2752 2497 72 59 de

265 2581 324 80 Musique,
626 2596 86 43 est
748 2577 117 62 fixé
903 2582 57 69 à
995 2578 118 74 30
1153 2580 165 73 frs.

444 2672 181 58 Nous
659 2693 75 35 ne
768 2674 269 57 saurions
1087 2688 137 66 trop
1280 2674 468 58 recommander
1792 2674 31 59 à
1870 2698 106 37 nos
2009 2676 259 59 lecteurs
2303 2676 74 59 de
2410 2677 304 59 s'associer
2748 2700 72 37 en

258 2759 168 59 foule
480 2760 32 58 à
565 2777 160 43 cette
781 2763 226 78 grande
1059 2761 480 74 manifestation,
1594 2766 109 79 qui
1755 2787 124 37 sera
1933 2768 54 57 la
2039 2766 303 82 première
2387 2768 74 58 de
2516 2789 67 37 ce
2636 2791 186 58 genre

259 2850 313 81 organisée
608 2873 108 58 par
758 2868 170 42 notre
965 2874 162 61 pays.
1168 2855 139 71 Car,
1351 2855 221 79 jamais
1614 2878 80 36 un
1735 2855 273 82 Congrès
2061 2859 255 57 musical
2368 2873 357 57 autonome,
2762 2876 58 43 et

255 2940 417 82 indépendant
707 2942 179 58 d'une
922 2944 369 79 Exposition
1322 2945 305 72 officielle,
1656 2947 94 57 n'a
1776 2968 220 37 encore
2033 2962 143 43 tenu
2204 2968 88 38 ses
2325 2949 202 59 assises
2561 2948 32 60 à
2630 2951 185 58 Paris.

255 3033 53 57 Il
344 3034 268 79 importe
640 3033 159 57 donc
835 3055 117 58 que
988 3033 269 62 l'intérêt
1284 3052 59 43 et
1378 3034 199 61 l'éclat
1608 3037 72 58 de
1709 3051 159 46 cette
2222 3038 32 60 à
2288 3041 263 80 laquelle
2587 3042 203 57 assiste-

256 3140 137 42 ront
428 3125 84 57 les
547 3121 282 82 délégués
865 3123 250 60 officiels
1149 3125 74 58 de
1256 3128 176 79 vingt
1464 3127 538 60 Gouvernements
2049 3130 351 80 Etrangers,
2428 3131 117 60 soit
2571 3152 75 37 en
2682 3145 136 46 tout

251 3216 181 79 point
467 3213 185 82 digne
688 3213 72 59 de
796 3229 174 43 notre
1006 3216 190 79 grand
1233 3239 143 58 pays
1412 3232 58 44 et
1506 3217 74 59 de
1615 3232 174 45 notre
1825 3218 202 59 bonne
2062 3220 182 58 Ville.

2077 3338 102 57 La
2230 3338 511 57 Rédaction.
