3088 4346
684 385 184 71 Les
919 384 321 72 Titres
1290 382 510 88 dépréciés
1851 391 92 66 et
1995 385 95 74 la
2143 386 366 73 Bourse

1077 591 67 42 De
1168 602 94 31 tous
1284 591 57 41 les
1365 607 112 42 pays,
1497 590 75 57 j'ai
1597 606 99 43 reçu
1731 590 71 43 des
1826 591 141 42 lettres
1990 591 53 43 de
2067 593 178 43 lecteurs
2279 592 294 59 m'indiquant
2597 591 38 43 la
2668 591 94 42 liste
2786 590 71 43 des

945 656 118 42 titres
1085 655 126 58 qu'ils
1235 665 76 32 ont
1335 671 53 26 eu
1411 654 312 57 l'imprudence
1747 654 215 43 d'acheter
1997 672 80 27 aux
2101 657 216 43 émissions
2352 669 41 31 et
2417 673 69 26 me
2521 656 264 43 demandant
2820 656 37 41 le

944 736 157 43 moyen
1125 717 53 44 de
1202 730 163 31 rentrer
1390 718 103 43 dans
1515 719 38 42 le
1578 719 153 57 capital
1756 718 220 44 déboursé.

1071 783 80 57 J'ai
1184 783 190 56 organisé
1398 800 59 26 un
1483 783 154 42 service
1661 783 150 57 spécial
1837 783 151 55 chargé
2013 783 54 43 de
2091 785 211 56 répondre
2327 787 20 41 à
2372 797 138 32 toutes
2535 802 65 26 ces
2624 783 233 45 demandes

943 859 42 32 et
1009 848 53 43 de
1086 849 92 41 leur
1202 847 167 43 donner
1393 847 254 43 satisfaction
1673 847 103 43 dans
1799 848 38 41 la
1861 863 164 26 mesure
2050 847 58 43 du
2133 849 194 55 possible.

1073 913 112 42 Pour
1223 913 234 55 beaucoup,
1483 912 29 41 il
1552 912 102 41 était
1691 927 154 26 encore
1885 923 137 45 temps
2060 911 53 43 de
2153 913 209 42 remédier
2404 930 52 26 au
2482 914 98 53 mal,
2606 913 122 55 grâce
2763 913 21 42 à
2819 911 38 43 la

332 975 292 43 combinaison
649 991 83 42 que
751 974 75 57 j'ai
852 991 52 27 eu
928 976 127 42 l'idée
1080 976 52 42 de
1157 988 152 30 mettre
1336 978 19 41 à
1379 976 225 42 exécution
1646 986 40 32 et
1711 976 74 57 qui
1811 991 68 27 me
1903 986 165 47 permet
2105 976 52 42 de
2181 976 192 43 racheter
2396 993 65 26 ces
2486 978 116 42 titres
2639 976 215 59 dépréciés

333 1040 177 42 environ
543 1053 14 27 I
572 1051 19 43 5
621 1056 54 25 ou
705 1054 56 26 20
787 1055 107 41 pour
918 1052 98 30 cent
1040 1040 52 42 de
1117 1042 92 56 plus
1233 1057 83 41 que
1340 1041 92 41 leur
1456 1041 141 42 valeur
1622 1040 192 42 actuelle.

461 1103 425 43 Malheureusement
911 1121 108 40 pour
1042 1105 320 57 quelques-uns,
1388 1105 28 41 il
1441 1116 58 30 est
1524 1116 95 45 trop
1644 1105 108 52 tard,
1776 1105 40 41 le
1839 1104 83 41 mal
1948 1115 59 30 est
2033 1104 269 56 irréparable,
2327 1105 109 41 leurs
2470 1106 118 42 titres
2612 1105 124 43 n'ont
2761 1105 93 57 plus

332 1169 162 57 qu'une
517 1169 142 40 valeur
685 1167 179 42 minime
888 1185 55 26 ou
969 1172 138 39 même
1132 1169 117 42 nulle
1272 1179 41 32 et
1338 1169 158 55 malgré
1520 1185 67 26 ma
1613 1169 142 42 bonne
1773 1169 188 51 volonté,
1982 1168 27 41 il
2027 1168 120 41 m'est
2167 1168 242 57 impossible
2425 1167 52 44 de
2496 1169 280 42 reconstituer
2795 1185 58 26 un

332 1232 153 57 capital
510 1247 97 26 avec
631 1231 71 42 des
725 1232 203 42 éléments
944 1233 103 42 aussi
1067 1233 227 56 dépréciés.
1311 1234 165 41 Autant
1491 1233 166 42 vouloir
1675 1233 153 42 rendre
1847 1233 21 42 à
1887 1233 37 42 la
1943 1232 66 42 vie
2030 1249 57 25 un
2108 1232 247 53 moribond,
2373 1249 51 26 au
2441 1233 104 42 seuil
2562 1232 53 43 de
2633 1234 38 41 la
2691 1233 161 43 tombe.

461 1296 99 47 Que
584 1296 87 41 cela
696 1311 111 26 serve
832 1295 53 43 de
908 1297 122 57 leçon
1055 1298 22 40 à
1100 1308 94 30 tous
1218 1312 104 26 ceux
1346 1296 73 57 qui
1445 1313 39 25 se
1507 1297 168 42 laissent
1698 1297 165 42 séduire
1902 1312 74 41 par
1999 1297 38 41 le
2061 1296 159 55 mirage
2255 1296 72 42 des
2350 1308 244 45 prospectus
2633 1296 220 54 ronflants,

334 1359 70 42 des
428 1360 165 42 affiches
617 1359 302 43 mirobolantes
943 1371 41 32 et
1008 1360 70 42 des
1102 1376 226 40 promesses
1363 1360 251 43 alléchantes
1648 1360 72 43 des
1745 1362 186 57 banques
1965 1360 244 42 d'émission
2252 1372 41 30 et
2317 1360 71 42 des
2428 1361 332 42 établissements
2801 1360 53 43 de

333 1423 150 53 crédit,
508 1423 75 58 qui
608 1440 54 25 ne
686 1435 157 30 cessent
878 1424 345 56 d'empoisonner
1247 1423 38 42 la
1325 1424 131 56 petite
1497 1426 182 55 épargne
1704 1442 96 25 avec
1837 1425 71 42 des
1932 1425 256 55 obligations
2225 1424 223 42 soi-disant
2488 1425 53 42 de
2583 1435 96 32 tout
2719 1440 135 41 repos,

334 1488 101 41 mais
459 1486 108 43 dont
591 1488 39 41 le
654 1503 120 26 cours
798 1487 129 42 baisse
950 1487 54 42 de
1035 1501 13 28 1
1064 1499 18 44 5
1113 1489 21 40 à
1162 1501 56 28 20
1244 1503 108 41 pour
1376 1499 97 31 cent
1497 1489 171 42 aussitôt
1691 1489 176 58 qu'elles
1906 1499 96 32 sont
2041 1490 156 56 passées
2222 1488 53 43 de
2299 1489 110 42 leurs
2449 1489 224 57 opulentes
2714 1489 140 42 caisses

334 1551 101 42 dans
459 1552 56 41 les
539 1552 134 41 mains
697 1550 53 42 de
773 1552 91 41 leur
887 1552 196 41 clientèle
1106 1552 226 41 confiante.

461 1614 250 43 L'émission
750 1616 222 52 terminée,
1010 1616 38 41 la
1089 1615 271 42 commission
1402 1615 219 53 encaissée,
1663 1616 39 42 le
1743 1628 97 32 tour
1880 1628 59 31 est
1969 1617 120 56 joué,
2113 1618 40 41 le
2192 1616 228 43 détenteur
2462 1618 97 41 naïf
2593 1617 69 42 n'a
2697 1633 83 42 que
2816 1618 38 41 la

332 1694 224 37 ressource,
581 1679 62 41 s'il
669 1696 21 24 a
715 1679 143 41 besoin
884 1679 53 42 de
972 1695 73 26 son
1072 1690 160 44 argent,
1258 1679 147 41 d'aller
1428 1679 159 42 vendre
1626 1680 21 41 à
1687 1681 38 41 la
1764 1680 155 43 Bourse
1957 1682 20 40 à
2018 1695 92 42 400
2134 1698 56 25 ou
2216 1695 92 42 420
2344 1681 135 41 francs
2503 1681 56 41 les
2599 1681 254 55 obligations

331 1743 107 57 qu'il
464 1760 20 25 a
509 1744 187 41 achetées
715 1741 91 58 460
832 1759 54 26 ou
911 1745 92 54 480
1028 1744 134 41 francs
1186 1759 79 26 aux
1289 1743 189 55 guichets
1503 1743 52 42 de
1579 1760 64 25 ces
1666 1744 187 43 luxueux
1877 1745 330 42 établissements
2231 1745 109 42 dont
2363 1745 57 42 les
2438 1746 249 41 succursales
2712 1755 141 32 seront

333 1807 167 42 bientôt
524 1807 103 42 aussi
652 1806 272 43 nombreuses
948 1823 80 26 aux
1051 1807 116 42 coins
1191 1807 70 42 des
1284 1823 94 26 rues
1401 1823 83 42 que
1508 1807 56 41 les
1588 1807 212 42 débitants
1824 1808 194 43 d'alcool.

461 1871 114 43 C'est
598 1872 38 40 le
660 1872 169 55 progrès
856 1871 7 42 !
890 1871 226 42 dira-t-on.
1144 1870 225 53 D'accord,
1394 1871 103 41 mais
1522 1871 28 41 il
1575 1872 88 42 faut
1687 1872 132 42 savoir
1843 1873 173 56 profiter
2040 1872 58 43 du
2124 1874 169 55 progrès
2317 1889 90 26 sans
2432 1889 52 25 en
2509 1873 180 42 souffrir.

460 1936 271 43 Servez-vous
755 1934 71 42 des
850 1935 171 43 services
1045 1935 214 58 pratiques
1292 1935 210 55 organisés
1525 1950 74 42 par
1623 1936 56 41 les
1707 1936 330 42 établissements
2061 1936 53 42 de
2138 1936 134 43 crédit
2297 1953 109 41 pour
2431 1937 145 42 traiter
2599 1954 71 26 vos
2694 1936 158 43 affaires

331 1998 245 43 financières
602 2016 8 25 :
637 1998 132 56 dépôt
793 2001 275 40 momentané
1093 1999 53 42 de
1169 2015 71 26 vos
1264 1999 123 42 fonds
1421 1998 275 58 disponibles,
1722 2011 171 45 compte
1917 2000 52 42 de
2005 2000 196 58 chèques,
2228 2001 303 42 encaissement
2555 2000 54 43 de
2645 2017 206 41 coupons,

330 2062 121 42 achat
475 2079 55 26 ou
555 2074 125 31 vente
704 2062 54 41 de
781 2063 174 52 valeurs,
981 2074 220 46 emprunts
1226 2079 66 26 sur
1317 2063 131 52 titres,
1474 2063 102 42 mais
1600 2080 54 25 ne
1677 2080 102 25 vous
1802 2064 139 44 laissez
1960 2080 69 41 pas
2052 2064 214 43 embobiner
2287 2081 73 40 par
2378 2065 47 42 <le
2449 2065 178 42 commis
2649 2066 75 57 qui
2749 2082 102 26 vous

327 2127 134 55 prône
486 2127 116 42 telles
626 2143 55 26 ou
706 2126 115 42 telles
845 2127 254 54 obligations
1123 2127 146 42 émises
1292 2143 75 41 par
1392 2143 39 26 sa
1456 2127 184 58 banque,
1665 2127 108 42 dont
1799 2127 28 42 il
1863 2128 162 58 perçoit
2062 2145 84 26 une
2183 2129 273 42 commission
2494 2145 68 26 sur
2601 2140 119 32 votre
2759 2129 90 43 dos.

330 2190 112 42 Pour
466 2206 154 40 gagner
649 2206 21 26 2
697 2206 55 26 ou
782 2204 20 41 3
831 2192 135 40 francs
990 2207 74 41 par
1089 2191 112 52 titre,
1228 2191 28 41 il
1282 2190 226 43 n'hésitera
1543 2208 70 40 pas
1638 2192 21 41 à
1683 2208 102 26 vous
1825 2192 102 42 faire
1969 2191 171 43 acheter
2180 2209 85 26 une
2305 2193 238 55 obligation
2583 2193 54 42 de
2662 2192 92 58 460
2793 2210 56 26 ou

327 2256 92 54 480
443 2256 134 40 francs
602 2254 107 42 dont
733 2270 101 27 vous
858 2271 53 25 ne
936 2270 179 42 pourrez
1141 2255 100 42 tirer
1265 2271 83 41 que
1373 2269 92 42 420
1491 2271 55 26 ou
1572 2256 140 41 même
1736 2256 139 41 moins
1900 2256 30 41 si
1955 2272 101 26 vous
2080 2256 149 45 voulez
2253 2257 38 41 la
2316 2257 221 43 revendre.

456 2318 68 42 Eh
548 2319 99 41 bien
673 2318 8 42 !
708 2317 28 43 il
761 2320 89 41 faut
873 2335 84 41 que
981 2329 110 32 cette
1116 2319 278 57 exploitation
1420 2335 107 25 cesse
1552 2337 11 34 ;
1599 2320 118 52 aussi,
1743 2320 205 44 n'hésitez
1973 2336 71 40 pas
2067 2321 20 41 à
2112 2336 68 26 me
2204 2321 179 55 signaler
2417 2321 57 41 les
2499 2322 117 41 titres
2640 2338 84 41 que
2747 2338 102 26 vous

326 2397 96 29 avez
447 2383 163 42 achetés
635 2381 102 44 dans
762 2399 64 26 ces
849 2382 245 43 conditions
1119 2394 40 31 et
1178 2384 43 56 je
1245 2399 101 27 vous
1370 2382 207 43 donnerai
1612 2384 39 41 le
1675 2399 157 41 moyen
1858 2383 52 43 de
1934 2395 163 31 rentrer
2133 2384 102 43 dans
2258 2401 71 26 vos
2353 2385 124 42 fonds
2512 2385 31 42 si
2568 2386 39 41 le
2631 2386 83 42 mal
2740 2385 109 43 n'est

325 2461 70 41 pas
419 2462 151 26 encore
595 2446 266 57 irréparable.

1221 2511 122 43 P.-E.
1372 2511 193 54 PENAUD,
1590 2510 212 44 directeur
1825 2510 59 45 du
1908 2513 122 42 Livre
2052 2528 23 26 a
2099 2528 49 27 un
2170 2528 62 27 sou
2234 2546 11 20 ,
2275 2515 41 51 8,
2340 2529 76 26 rue
2441 2513 187 54 Drouot,
2656 2514 126 43 Paris.

453 2627 45 40 P.
524 2627 38 40 S.
675 2625 102 43 Une
801 2625 218 43 circulaire
1044 2625 174 56 spéciale
1244 2636 59 31 est
1342 2625 183 43 adressée
1562 2627 307 54 gratuitement
1910 2643 68 26 sur
2018 2627 212 43 demande
2270 2639 261 31 concernant
2575 2629 38 41 le
2651 2629 197 43 meilleur

325 2704 156 41 moyen
506 2688 52 42 de
582 2689 101 42 faire
708 2689 202 57 produire
932 2690 38 41 le
995 2690 235 42 maximum
1255 2689 179 58 possible
1458 2689 53 43 de
1534 2706 158 27 revenu
1717 2691 78 42 soit
1821 2707 80 27 aux
1925 2691 195 58 capitaux
2145 2691 273 58 disponibles,
2444 2693 80 42 soit
2548 2709 82 27 aux
2655 2693 119 43 titres
2792 2709 53 27 en

324 2753 286 56 portefeuille.

452 2830 44 42 P.
526 2830 38 42 S.
590 2827 67 59 J-e
678 2832 76 40 suis
776 2846 23 26 a
821 2830 39 42 la
882 2832 211 54 disposition
1116 2832 63 41 des
1200 2830 157 44 lecteurs
1379 2832 45 42 de
1445 2830 40 44 la
1507 2834 38 40 S.
1570 2833 38 41 I.
1634 2833 67 41 M.
1727 2843 79 32 tous
1827 2832 52 44 les
1889 2832 113 54 jours
2024 2834 46 42 de
2093 2846 30 43 4
2145 2833 38 43 h.
2207 2848 25 28 a
2258 2845 24 43 7
2308 2834 38 42 h.
2371 2849 24 27 a
2419 2848 79 28 mon
2522 2833 146 44 bureau
2670 2869 11 19 ,
2711 2837 41 50 8,
2778 2850 69 28 rue

322 2895 152 41 Drouot
492 2910 24 26 a
538 2896 129 51 Paris,
691 2909 43 27 ou
748 2905 83 46 par
855 2895 338 56 Correspondance.

417 3818 10 44 (
431 3817 86 33 Cette
537 3816 155 48 rubrique
711 3832 18 18 n
745 3830 121 35 engage
880 3827 61 37 pas
960 3818 33 35 la
1014 3818 244 47 responsabilité
1273 3820 38 34 de
1330 3819 33 36 la
1384 3822 139 43 Revue).

780 3055 113 37 BON
927 3055 151 38 POUR
1110 3056 77 37 UN
1220 3056 509 40 RENSEIGNEMENT
1763 3058 321 38 FINANCIER
2117 3057 275 39 GRATUIT

512 3137 76 52 J'ai
611 3151 47 24 en
681 3135 247 56 portefeuille
949 3135 54 41 les
1025 3136 162 41 Valeurs
1208 3138 195 40 suivantes
1424 3156 8 22 :
1455 3140 156 49 Dois-je
1632 3138 53 41 les
1706 3141 142 50 garder
1869 3155 53 25 ou
1944 3138 53 42 les
2017 3140 146 39 vendre
2183 3144 13 34 ?

511 3394 76 52 J'ai
610 3408 54 24 un
688 3393 144 55 capital
853 3396 48 38 de
1248 3394 129 41 francs
1398 3399 22 37 à
1441 3395 144 55 placer.
1610 3396 102 45 Quel
1734 3396 147 56 emploi
1904 3398 141 50 dois-je
2066 3410 49 26 en
2136 3396 97 40 faire
2253 3401 15 35 ?

511 3541 135 39 Ecrire
667 3540 242 40 lisiblement
933 3559 9 22 :
1061 3544 121 46 Nom,
1206 3546 186 50 prénoms
1413 3554 38 29 et
1472 3545 150 39 adresse
1644 3563 10 21 :

651 3664 213 52 Découper
886 3678 42 24 ce
951 3663 79 39 bon
1053 3674 37 29 et
1111 3664 202 54 l'envoyer
1334 3680 89 24 sous
1445 3664 218 56 enveloppe
1685 3667 21 39 à
1730 3667 65 38 M.
1821 3666 178 48 Penaud,
2026 3671 36 45 8,
2088 3681 70 24 rue
2180 3668 174 47 Drouot,
2381 3668 121 38 Paris.

2249 3773 58 7 _
