3088 4346
1472 264 63 69 S.
1605 263 53 71 I.
1727 263 108 70 M.

386 287 28 43 J
450 287 36 43 4

373 414 64 58 ni
503 411 199 59 moins
766 413 355 58 sommaires
1186 433 119 60 que
1370 432 156 38 ceux
1586 410 108 81 qui
1759 409 341 59 fournirent
2165 411 31 59 à
2265 414 276 79 Wagner
2605 434 86 37 ses
2754 414 180 79 sujets

374 501 294 84 d'opéras.

559 594 80 57 Et
674 592 144 59 c'est
853 594 150 59 ainsi
1040 594 192 81 qu'un
1271 590 404 60 MacDowell
1709 611 32 37 a
1778 612 81 58 pu
1910 589 193 61 écrire
2137 613 118 37 une
2791 608 59 45 et
2895 616 38 59 y

377 698 221 46 mettre
632 683 436 83 l'atmosphère
1096 684 100 59 des
1230 684 230 80 plaines
1495 696 57 43 et
1589 682 81 58 du
1695 683 316 79 wigwam,
2038 684 155 57 aussi
2229 684 139 59 bien
2405 706 120 60 que
2559 686 101 58 des
2696 683 238 61 thèmes

377 776 258 70 indiens,
672 775 196 59 tandis
904 777 193 79 qu'un
1138 771 251 61 Dvorak
1425 792 80 37 ou
1540 792 82 37 un
1661 772 258 57 Puccini
1956 794 73 36 en
2060 769 169 84 dépit
2265 773 70 59 de
2372 788 135 46 tout
2541 776 132 57 leur
2706 776 228 58 arsenal

376 866 73 58 de
484 863 296 61 mélodies
814 880 57 44 et
908 866 72 57 de
1015 865 274 81 rhytmes
1323 861 236 60 indiens
1592 875 60 44 et
1686 860 214 81 nègres
1934 884 74 37 ne
2044 879 296 64 pourront
2358 866 219 79 jamais
2611 888 323 59 composer

377 979 118 37 une
546 954 295 61 véritable
893 955 369 82 symphonie
1314 974 79 37 ou
1449 973 81 36 un
1585 951 119 60 réel
1757 951 183 83 opéra
1986 952 80 59 du
2713 957 221 65 Quelle

376 1046 137 61 idée
548 1048 225 71 même,
810 1048 71 58 de
909 1049 55 57 la
998 1060 132 68 part
1166 1045 143 58 d'un
1337 1042 152 59 latin
1524 1065 81 37 ou
1641 1042 141 60 d'un
1830 1041 288 84 tchèque,
2155 1044 292 85 d'essayer
2481 1068 83 37 un
2610 1048 152 80 sujet
2813 1069 119 60 que

377 1139 155 58 seuls
576 1139 83 57 les
710 1136 237 60 enfants
999 1136 80 58 du
1130 1136 186 56 vieux
1359 1147 59 44 et
1468 1134 246 58 robuste
1754 1135 287 80 pionnier
2091 1134 331 60 américain
2461 1152 264 64 peuvent
2761 1159 129 37 com-

378 1229 258 81 prendre
672 1244 58 44 et
764 1227 239 59 réaliser
1036 1225 490 79 artistiquement
1562 1224 9 59 !

566 1321 249 57 Passons
867 1340 75 35 au
995 1317 421 81 puritanisme.
1460 1314 262 60 Artistes
1771 1330 60 44 et
1882 1316 329 59 musiciens
2263 1317 85 57 lui
2404 1317 368 81 reprochent
2814 1340 119 36 une

380 1410 303 59 influence
719 1407 227 61 néfaste
980 1429 99 38 sur
1114 1420 172 44 notre
1321 1404 331 60 sensibilité
1688 1420 58 44 et
1780 1427 101 38 sur
1915 1421 174 44 notre
2138 1408 430 80 imagination.
2607 1408 53 59 Il
2693 1423 87 45 est
2814 1408 119 61 très

377 1502 130 59 vrai
542 1500 151 81 qu'il
726 1498 215 82 naquit
975 1517 144 39 avec
1153 1497 84 57 les
1271 1496 215 57 allures
1520 1496 83 57 du
1637 1493 339 64 fanatisme.
2023 1498 188 70 Mais,
2246 1497 145 59 dans
2441 1519 108 38 son
2602 1498 329 74 ensemble,

380 1606 59 45 et
473 1605 241 46 surtout
748 1590 143 58 dans
924 1590 55 57 la
1012 1587 306 82 pratique,
1364 1586 44 58 il
1451 1608 32 36 a
1517 1586 149 80 joué
1700 1587 56 59 le
1792 1589 123 57 rôle
1951 1587 184 59 d'une
2179 1587 74 60 de
2298 1609 98 38 ces
2428 1587 194 61 forces
2676 1592 257 58 morales

381 1684 109 79 qui
524 1680 334 81 endiguent
893 1694 58 43 et
987 1675 297 61 clarifient
1318 1677 83 58 les
1435 1677 268 80 peuples.
1743 1679 93 57 En
1874 1693 193 57 outre,
2104 1693 59 44 et
2197 1680 121 57 l'on
2347 1700 75 37 ne
2456 1681 222 59 saurait
2714 1695 137 68 trop
2878 1683 54 57 le

381 1773 150 70 dire,
584 1771 44 59 il
681 1792 31 37 a
764 1791 202 38 connu
1018 1789 107 37 son
1180 1766 188 60 heure
1421 1768 424 81 d'inspiration
1901 1768 314 81 poétique.
2273 1769 52 58 Il
2378 1768 96 61 fut
2528 1792 120 37 une
2693 1774 239 79 passion

380 1859 374 72 d'austérité,
790 1860 238 80 passion
1064 1855 305 61 cérébrale
1404 1857 149 59 dont
1587 1878 151 38 nous
1771 1879 187 39 avons
1991 1873 136 45 tous
2161 1858 97 60 été
2292 1858 299 81 possédés.

562 1952 117 57 Les
714 1971 143 60 gens
891 1951 106 78 qui
1051 1949 237 57 avaient
1336 1948 57 58 le
1441 1970 263 59 courage
1749 1948 210 58 ardent
1994 1948 73 58 de
2102 1971 321 60 composer
2456 1967 58 42 et
2561 1951 73 59 de
2678 1951 254 59 chanter

380 2042 576 81 quotidiennement
990 2039 102 59 des
1126 2038 277 81 strophes
1437 2060 247 38 comme
1719 2041 267 57 celles-ci
2018 2061 11 37 :

921 2216 227 55 Eternal
1176 2216 227 74 plagues
1431 2217 108 52 and
1571 2217 174 73 heavy
1773 2217 200 69 chains,

919 2293 372 74 Tormenting
1318 2295 154 52 racks
1500 2293 106 54 and
1636 2293 133 75 fiery
1797 2293 159 69 coals,

922 2371 126 55 And
1082 2372 146 52 darts
1257 2370 211 54 t'inflict
1497 2371 276 53 immortal
1801 2372 232 54 wounds

921 2450 141 71 Dipt
1089 2448 53 52 in
1175 2448 94 54 the
1298 2447 170 55 blood
1496 2445 67 57 of
1582 2448 238 55 damned
1850 2448 167 54 soûls.

926 2617 177 52 Maux
1131 2615 233 54 éternels
1394 2629 54 40 et
1474 2615 224 54 lourdes
1727 2616 234 69 chaînes,

922 2693 188 54 Roues
1140 2695 68 52 de
1237 2705 239 42 tortures
1506 2706 52 41 et
1587 2692 267 55 charbons
1883 2693 236 69 ardents,

922 2771 75 52 Et
1026 2771 161 53 dards
1216 2772 94 73 qui
1341 2771 249 74 infligent
1619 2771 95 53 des
1743 2770 271 54 blessures
2043 2771 357 55 immortelles

919 2847 271 74 Trempés
1219 2848 133 55 dans
1380 2848 51 54 le
1460 2869 132 53 sang
1622 2848 95 54 des
1745 2848 146 54 âmes
1920 2848 273 54 damnées.

378 3035 118 57 Les
532 3052 165 61 gens,
733 3030 403 72 disons-nous,
1189 3033 106 80 qui
1336 3033 335 80 pouvaient
1707 3031 579 80 quotidiennement
2338 3031 402 60 s'enflammer
2773 3055 158 60 pour

376 3146 99 38 ces
509 3123 259 80 hymnes
810 3120 455 60 incandescents
1318 3137 267 66 peuvent
1622 3121 425 59 difficilement
2080 3121 126 59 être
2240 3121 244 61 accusés
2518 3123 73 58 de
2632 3146 299 59 manquer

378 3215 74 59 de
486 3213 332 60 sentiment
852 3210 340 60 chaleureux
1225 3227 59 43 et
1319 3213 468 80 d'imagination
1822 3210 388 82 fantastique.

562 3301 103 62 Où
701 3316 387 44 trouve-t-on
1125 3325 118 37 une
1276 3302 280 61 fantaisie
1589 3304 134 80 plus
1763 3302 293 81 poétique
2091 3325 120 58 que
2257 3302 155 61 chez
2447 3303 414 74 Hawthorne,
2897 3304 33 60 à

376 3398 181 57 l'âme
611 3391 307 81 ascétique
946 3393 19 57 ?
1025 3395 127 63 Qui
1205 3408 94 44 sut
1352 3396 235 56 manier
1639 3415 145 38 avec
1837 3395 135 80 plus
2025 3392 73 60 de
2144 3393 299 60 tendresse
2495 3396 56 57 le
2598 3397 329 57 sentiment

378 3486 271 58 national
684 3504 118 61 que
835 3482 56 57 le
927 3480 176 82 poète
1140 3482 230 80 quaker
1407 3483 303 59 Whittier
1738 3486 19 56 ?
1820 3485 78 56 Et
1934 3481 141 60 d'où
2108 3485 395 58 viennent-ils
2558 3499 135 44 tous
2847 3486 83 58 les

380 3576 257 71 Lowell,
673 3576 82 57 les
790 3569 412 83 Longfellow,
1234 3574 84 58 les
1351 3574 285 72 Holmes,
1671 3575 83 58 les
1789 3575 248 79 Bryant,
2065 3574 81 58 les
2174 3575 319 71 Emerson,
2528 3576 83 57 les
2636 3574 292 61 Thoreau

380 3683 59 44 et
496 3669 83 57 les
639 3664 303 71 Howells,
1138 3664 174 58 sinon
1366 3665 71 58 de
1489 3666 55 57 la
1608 3665 306 81 puritaine
1977 3664 286 59 Nouvelle
2312 3668 343 77 Angleterre
2681 3666 29 60 ?
2762 3668 169 58 Dans
