3088 4346
448 329 94 92 3»

1518 326 60 70 S.
1647 326 53 69 I.
1769 326 104 69 M.

565 473 271 45 GATARD
864 474 90 56 (A.)
1065 476 68 43 La
1158 475 212 57 Musique
1387 470 298 60 grégorienne
1710 471 134 58 (in-8°
1869 471 61 44 de
1959 471 89 45 124
2071 486 61 43 p.,
2162 471 145 58 Paris,
2337 471 246 58 Laurens).

564 563 181 57 Simple
784 562 181 59 exposé
1006 564 61 44 de
1104 562 280 45 l'ensemble
1422 562 60 43 de
1520 560 44 43 la
1602 560 236 59 question,
1877 560 112 44 telle
2027 561 173 57 qu'elle
2237 560 176 46 résulte
2451 562 61 43 de
2550 561 44 44 la
2629 562 315 42 restauration

437 625 323 55 bénédictine,
786 628 44 43 le
854 628 116 44 livre
996 629 61 42 de
1085 629 127 42 Dom
1236 625 182 45 Gatard
1444 628 71 40 est
1540 639 94 29 une
1658 621 96 47 très
1778 624 223 58 pratique
2036 623 290 46 conférence
2361 626 61 44 de
2446 625 341 57 vulgarisation
2824 641 122 42 pour

435 690 44 44 le
551 691 154 55 grand
731 691 164 57 public
980 706 95 30 non
1100 689 133 45 initié
1268 704 59 28 au
1359 689 137 56 sujet.
1533 689 52 56 Je
1622 703 60 28 ne
1717 687 311 57 reprocherai
2053 703 86 41 pas
2164 692 109 53 trop
2309 686 27 46 à
2370 689 201 44 l'auteur
2606 689 71 43 les
2712 690 234 58 quelques

436 767 227 43 passages
687 770 143 33 rares,
858 770 59 29 en
941 754 207 60 lesquels
1173 754 31 43 il
1228 753 113 43 s'est
1365 756 109 53 trop
1500 749 189 46 montré
1714 751 213 56 partisan
1962 751 87 43 des
2084 751 246 45 doctrines
2354 753 61 43 de
2444 753 125 44 Dom
2599 753 344 57 Mocquereau.

436 818 95 44 Son
557 818 116 45 livre
699 823 70 40 est
793 835 65 27 un
882 819 207 44 aimable
1114 829 322 44 compagnon,
1463 829 117 30 avec
1604 814 160 59 lequel
1790 828 63 31 on
1877 817 116 54 peut
2018 828 166 43 passer
2210 830 93 29 une
2328 816 148 44 heure
2502 816 271 57 profitable.

2483 894 54 43 A.
2563 891 253 47 GASTOUÉ.

578 1003 287 60 SPAETH,
896 1004 60 61 (S.
987 1002 99 61 G.).
1223 998 73 48 M
1296 1001 52 46 lit
1352 1019 48 27 on
1421 1019 17 27 s
1479 1001 261 61 Knowledge
1780 1001 53 63 of
1858 998 154 47 Music
2016 1038 10 10 .
2070 1000 286 62 (Princeton,
2399 1002 289 64 University,
2731 1004 214 62 Library,

444 1087 144 49 1913,
619 1074 127 46 in-8°
773 1076 55 44 de
863 1073 92 46 186
984 1073 95 61 pp.)

574 1170 139 47 Cette
739 1171 286 45 dissertation
1053 1169 71 44 fut
1145 1166 235 62 présentée
1408 1167 24 45 à
1458 1167 43 45 la
1528 1167 195 46 Faculté
1752 1167 54 45 de
1834 1164 308 48 l'Université
2170 1167 55 45 de
2246 1165 251 48 Princeton
2526 1185 114 43 pour
2666 1167 279 47 l'obtention

435 1241 61 44 du
518 1242 104 43 titre
650 1242 53 43 de
733 1240 210 46 Docteur
970 1256 57 28 en
1058 1238 309 59 Philosophie.
1392 1236 129 47 C'est
1549 1255 62 28 un
1640 1237 157 47 travail
1837 1237 91 45 très
1954 1238 374 58 consciencieux,
2357 1237 89 46 très
2473 1237 283 47 documenté
2782 1252 47 32 et
2856 1240 90 44 fort

433 1309 287 48 intéressant.
748 1310 37 46 Il
807 1327 25 28 a
857 1326 114 43 pour
999 1310 81 43 but
1100 1309 55 44 de
1176 1308 117 62 jeter
1319 1307 199 62 quelque
1547 1307 213 46 nouvelle
1788 1307 194 46 lumière
2008 1324 76 29 sur
2125 1306 41 46 le
2204 1307 231 45 caractère
2473 1318 46 34 et
2556 1307 42 46 la
2636 1308 310 61 personnalité

436 1381 55 44 de
520 1381 195 57 Milton,
743 1379 133 62 grâce
901 1379 25 45 à
952 1378 188 59 l'étude,
1169 1378 111 45 dans
1318 1395 68 28 ses
1411 1394 237 45 ouvrages,
1677 1378 55 45 de
1760 1388 102 35 tout
1888 1395 52 28 ce
1968 1378 77 61 qui
2086 1378 169 45 touche
2300 1377 24 45 à
2366 1377 42 45 la
2451 1379 227 60 musique.
2719 1378 226 47 L'auteur

436 1450 161 45 réussit
623 1451 24 44 à
674 1461 221 45 montrer,
922 1447 128 60 après
1078 1465 63 27 un
1169 1464 197 28 examen
1395 1448 76 44 des
1498 1460 162 47 textes,
1688 1449 193 59 patient,
1909 1447 257 62 judicieux,
2206 1458 45 34 et
2285 1447 288 46 habilement
2608 1449 209 59 conduit,
2856 1466 89 44 que

437 1520 41 44 la
516 1520 209 59 musique
764 1520 69 44 fut
871 1519 117 44 chez
1032 1517 40 45 le
1112 1517 148 60 poète,
1301 1534 78 42 par
1416 1518 208 60 aptitude
1667 1517 241 60 naturelle,
1947 1529 45 33 et
2030 1518 116 44 aussi
2185 1534 80 43 par
2303 1515 264 63 éducation,
2606 1535 65 29 un
2714 1519 136 45 mode
2890 1520 55 44 de

435 1589 165 60 pensée
626 1590 33 45 si
687 1587 204 46 habituel
919 1587 141 61 qu'on
1088 1599 109 47 peut
1223 1587 199 45 affirmer
1449 1604 89 44 que
1565 1588 43 44 la
1634 1588 181 44 Nature
1841 1604 44 29 se
1921 1586 187 46 révélait
2145 1586 26 46 à
2208 1586 63 46 lui
2312 1586 100 61 plus
2450 1604 78 43 par
2571 1604 67 29 ses
2681 1589 265 46 harmonies

435 1677 89 42 que
569 1676 77 42 par
688 1675 66 28 ses
794 1656 210 47 couleurs
1032 1679 10 34 ;
1091 1669 44 32 et
1187 1658 112 58 ceci,
1340 1657 153 45 même
1531 1656 116 47 alors
1684 1656 111 61 qu'il
1834 1656 111 46 était
1997 1673 168 29 encore
2209 1656 305 64 clairvoyant.
2570 1659 153 58 Ainsi,
2778 1659 67 44 dit
2883 1659 62 60 S.,

436 1745 114 43 pour
579 1728 192 58 Milton,
800 1727 40 44 la
866 1726 371 62 caractéristique
1265 1727 55 45 de
1347 1726 42 45 la
1416 1727 115 46 forêt
1559 1726 116 47 n'est
1703 1728 131 59 point
1872 1727 144 45 d'être
2056 1739 141 48 verte,
2239 1728 113 45 mais
2390 1729 56 44 de
2487 1727 109 46 faire
2640 1728 225 46 entendre
2904 1728 41 46 le

437 1815 238 29 murmure
697 1798 75 44 des
798 1796 176 46 feuilles
1001 1809 45 33 et
1067 1796 41 45 le
1134 1798 143 44 chant
1304 1797 76 45 des
1406 1797 200 45 oiseaux.

575 1866 156 47 Fidèle
750 1884 89 28 aux
868 1866 241 46 méthodes
1136 1868 75 59 qui
1239 1879 105 33 sont
1371 1884 168 28 encore
1565 1866 63 46 les
1656 1865 169 60 nôtres,
1849 1867 45 61 je
1922 1883 119 29 veux
2069 1866 94 45 dire
2197 1866 26 46 à
2267 1866 42 46 la
2348 1866 176 47 théorie
2562 1867 281 46 d'influence
2883 1869 62 46 du

434 1937 159 45 milieu
636 1948 45 33 et
724 1937 61 44 du
830 1950 227 45 moment,
1099 1936 42 47 S.
1181 1953 216 29 consacre
1439 1937 42 45 le
1515 1938 198 59 premier
1754 1937 205 58 chapitre
2003 1936 53 44 de
2098 1952 47 29 sa
2189 1935 125 48 thèse
2359 1936 25 45 à
2429 1936 177 47 étudier
2641 1937 43 46 la
2730 1939 210 60 musique

433 2007 197 61 anglaise
673 2025 58 26 au
770 2005 150 46 XVII
924 2011 16 21 e
976 2005 153 47 siècle.
1178 2005 85 48 On
1300 2024 30 45 y
1368 2018 164 34 trouve
1571 2017 121 35 cette
1731 2007 235 58 assertion,
2006 2022 125 29 assez
2166 2006 289 61 inattendue,
2482 2025 91 43 que
2601 2007 41 45 la
2667 2007 124 46 seule
2818 2007 127 47 école

432 2076 218 46 musicale
691 2089 139 49 ayant
873 2075 202 61 quelque
1117 2076 171 60 valeur,
1334 2075 24 46 à
1408 2087 121 35 cette
1580 2076 192 61 époque,
1824 2076 71 45 fut
1944 2074 163 46 l'école
2150 2076 215 62 anglaise.
2413 2077 92 46 Les
2554 2077 269 60 Flamands,
2874 2079 66 45 dit

433 2147 209 57 Fauteur,
672 2145 301 63 déployèrent
1001 2147 240 59 beaucoup
1268 2145 262 61 d'habileté,
1559 2145 389 61 principalement
1975 2145 111 46 dans
2114 2145 40 46 le
2194 2146 390 60 développement
2622 2148 56 45 de
2715 2148 43 46 la
2796 2148 146 46 forme

432 2216 410 61 madrigalesque...
871 2216 113 45 mais
1009 2215 122 46 leurs
1156 2218 334 57 compositeurs
1515 2215 173 46 étaient
1715 2214 145 47 forcés
1887 2216 55 44 de
1968 2216 217 44 satisfaire
2212 2216 24 45 à
2262 2233 92 28 une
2382 2216 106 45 telle
2521 2217 170 46 variété
2718 2218 55 45 de
2811 2218 134 62 goûts

429 2286 233 60 qu'aucun
703 2284 116 64 style
858 2285 367 62 caractéristique
1263 2303 59 28 ne
1358 2286 131 45 sortit
1528 2286 53 44 de
1621 2286 97 45 leur
1756 2285 174 60 plume.
1963 2284 345 63 L'Allemagne
2334 2288 224 59 produisit
2584 2286 260 47 seulement
2871 2305 65 28 un

430 2373 60 28 ou
518 2356 118 43 deux
663 2356 113 45 bons
802 2356 345 59 compositeurs.
1178 2354 210 61 L'ltalie,
1417 2354 283 61 préoccupée
1729 2355 54 46 de
1811 2354 40 47 la
1880 2354 347 47 re-découverte
2260 2356 61 45 du
2350 2356 171 45 monde
2560 2359 183 58 ancien,
2771 2355 167 48 n'offre

430 2427 95 43 rien
555 2425 52 44 de
647 2442 80 28 son
770 2442 160 42 propre
971 2425 134 46 fonds
1144 2425 23 46 à
1207 2425 43 45 la
1290 2427 210 59 musique
1526 2424 310 61 européenne,
1877 2426 112 44 mais
2025 2442 46 28 se
2106 2437 220 35 contente
2354 2427 76 45 des
2457 2444 221 45 ouvrages
2716 2427 219 61 importés

430 2495 78 45 des
548 2495 230 45 Flandres.
901 2494 199 46 Chacun
1138 2495 128 45 étant
1303 2496 112 45 ainsi
1454 2495 86 46 mis
1576 2495 25 45 à
1637 2512 83 28 son
1757 2511 129 46 rang,
1926 2496 134 60 (nous
2098 2495 185 47 laissons
2320 2496 25 46 à
2384 2496 196 46 l'auteur
2622 2498 43 45 la
2702 2514 210 44 responsa-

435 2563 125 46 bilité
587 2564 55 45 de
667 2580 66 29 ses
759 2564 315 61 affirmations)
1101 2564 317 63 l'Angleterre
1445 2577 114 33 reste
1586 2564 140 46 seule.

572 2633 68 46 Ce
667 2634 76 59 qui
772 2645 65 34 est
864 2646 102 33 tout
992 2634 24 45 à
1042 2635 80 44 fait
1150 2634 199 60 notable,
1378 2634 111 46 c'est
1515 2635 41 45 la
1584 2635 127 60 place
1738 2634 219 46 accordée
1985 2652 78 43 par
2086 2635 180 46 Milton
2293 2635 25 46 à
2345 2636 42 45 la
2415 2637 226 60 musique.
2668 2637 273 60 Reprenant

428 2703 63 46 les
517 2702 196 47 théories
739 2703 379 61 platoniciennes,
1146 2705 29 44 il
1203 2722 58 28 ne
1288 2704 42 46 la
1355 2704 239 46 considère
1633 2721 75 43 pas
1747 2715 99 34 tant
1884 2722 186 28 comme
2108 2722 64 28 un
2210 2717 69 33 art
2317 2707 263 58 particulier
2618 2724 91 43 que
2747 2724 186 29 comme

426 2773 296 60 l'expression
750 2773 152 45 même
930 2774 55 44 de
1011 2773 274 47 l'harmonie
1313 2775 76 45 des
1416 2775 207 45 mondes.
1654 2774 291 60 Philosophe,
1974 2776 132 58 poète
2133 2786 45 34 et
2204 2775 210 46 chrétien
2454 2776 29 46 il
2523 2777 127 60 puisa
2675 2794 83 29 son
2793 2778 117 60 inspi-

427 2844 147 44 ration
605 2842 110 45 dans
740 2860 81 27 son
849 2842 143 47 idéale
1018 2846 277 58 conception
1324 2844 54 45 de
1406 2844 42 45 la
1474 2845 225 60 musique.
1729 2844 122 46 Pour
1877 2844 80 59 lui,
1987 2844 40 45 la
2051 2843 312 62 signification
2391 2846 53 45 de
2472 2846 43 45 la
2543 2848 209 60 musique
2781 2859 67 34 est
2874 2864 58 29 en

432 2912 192 45 relation
653 2911 161 46 étroite
841 2929 109 29 avec
976 2912 219 47 l'univers
1221 2915 163 46 entier.

2454 2997 76 49 M.
2571 2997 303 49 DAUBRESSE.

577 3101 292 48 GRATIA.
993 3103 202 46 VEtude
1220 3106 57 44 du
1296 3104 132 62 piano
1432 3142 12 22 ,
1472 3105 42 61 (1
1548 3104 89 47 vol.
1674 3106 115 60 petit
1827 3106 45 44 in
1913 3121 29 42 4
1947 3111 17 20 0
2002 3105 62 45 ill.
2107 3105 54 46 de
2200 3122 30 43 4
2269 3106 219 62 planches
2521 3109 257 45 hors-texte
2817 3120 45 34 et
2890 3110 55 44 de

438 3173 65 47 60
529 3172 182 62 figures.
741 3171 91 47 Ch.
863 3171 294 64 Delagrave.)

574 3267 100 45 Nul
715 3267 158 44 mieux
913 3284 88 42 que
1041 3267 76 47 M.
1147 3268 56 47 L.
1233 3269 56 47 E.
1320 3268 166 49 Gratia
1524 3269 163 46 n'était
1724 3268 185 63 qualifié
1949 3287 115 43 pour
2105 3272 157 44 traiter
2302 3290 63 27 un
2394 3272 61 45 tel
2493 3274 132 62 sujet.
2665 3274 278 46 Nombreux

432 3350 104 34 sont
563 3337 62 45 les
651 3352 222 45 ouvrages
898 3338 78 59 qui
1004 3350 83 32 ont
1114 3337 72 46 été
1213 3338 134 47 écrits
1383 3356 76 28 sur
1496 3338 174 47 l'étude
1710 3341 62 44 du
1809 3341 151 58 piano.
2003 3340 67 45 Ce
2110 3341 181 45 dernier
2328 3342 59 45 né
2413 3360 24 27 a
2464 3344 95 44 ceci
2587 3344 54 43 de
2679 3344 265 59 particulier

432 3407 111 62 qu'il
585 3406 179 45 résume
792 3418 102 33 tout
919 3423 52 28 ce
999 3408 75 59 qui
1101 3425 26 27 a
1153 3407 71 46 été
1251 3410 82 59 dit,
1360 3422 46 32 et
1431 3422 190 47 apporte
1648 3410 76 45 des
1762 3409 120 46 idées
1920 3410 253 47 nouvelles.
2215 3410 360 48 L'ordonnance
2614 3413 77 45 des
2731 3413 213 47 matières

432 3491 66 32 est
557 3476 315 61 méthodique.
931 3475 99 46 Des
1084 3477 214 46 tableaux
1347 3480 300 61 synoptiques
1696 3480 158 45 aident
1905 3479 42 45 le
2003 3479 175 46 lecteur
2227 3481 25 45 à
2301 3482 305 60 comprendre
2655 3482 286 62 l'ensemble,

431 3559 45 33 et
516 3547 63 45 lui
621 3557 286 49 permettent
943 3546 54 45 de
1035 3562 45 29 se
1121 3560 201 46 reporter
1360 3550 178 44 ensuite
1576 3566 91 28 aux
1707 3566 134 44 pages
1884 3549 239 61 indiquées
2160 3550 101 60 plus
2298 3568 114 43 pour
2450 3552 174 60 amples
2663 3552 171 47 détails.
2865 3554 77 47 De

432 3618 295 44 nombreuses
771 3614 167 63 figures
981 3628 45 32 et
1070 3617 234 59 exemples
1348 3618 209 60 ajoutent
1603 3618 24 46 à
1672 3618 41 46 la
1757 3618 141 46 clarté
1943 3619 75 45 des
2063 3619 404 61 démonstrations,
2513 3634 44 33 et
2603 3623 101 44 font
2748 3641 87 44 que
2880 3624 63 46 les

429 3703 217 45 passages,
668 3687 77 60 qui
769 3686 165 60 parfois
954 3687 264 59 pourraient
1239 3687 95 45 être
1357 3704 62 28 un
1445 3705 88 43 peu
1556 3690 135 43 ardus
1712 3689 24 45 à
1757 3688 41 46 la
1820 3688 190 60 lecture,
2034 3690 283 46 deviennent
2343 3690 188 47 aussitôt
2552 3693 392 47 essentiellement
