3088 4346
283 1202 93 47 Les
415 1202 165 63 jeunes
608 1201 198 47 Chinois
832 1202 77 61 qui
940 1219 58 28 en
1026 1218 53 29 ce
1109 1214 217 33 moment
1351 1201 234 47 achèvent
1622 1202 123 49 leurs
1770 1202 164 49 études
1959 1220 60 29 en
2048 1220 84 29 nos
2158 1202 221 63 capitales
2404 1221 60 30 ne
2492 1205 200 48 bornent

138 1290 82 45 pas
261 1272 102 47 leur
390 1272 219 47 curiosité
635 1290 91 28 aux
769 1272 207 47 sciences
1003 1271 55 46 de
1086 1270 283 49 l'Occident
1397 1294 11 35 ;
1439 1289 82 29 nos
1547 1285 91 36 arts
1664 1286 45 35 et
1738 1291 83 30 nos
1846 1274 178 62 plaisirs
2065 1272 103 49 leur
2193 1275 291 47 deviennent
2511 1276 181 48 bientôt

137 1343 240 47 familiers.
407 1342 233 47 Plusieurs
665 1342 183 46 d'entre
876 1359 90 29 eux
997 1340 137 47 n'ont
1161 1359 78 43 pas
1266 1341 229 63 dédaigné
1523 1342 307 62 d'apprendre
1874 1343 65 49 les
1966 1345 162 47 danses
2152 1343 26 47 à
2205 1343 43 47 la
2276 1345 156 61 mode,
2461 1346 161 62 depuis
2649 1346 43 48 la

140 1413 121 47 valse
282 1412 218 66 jusqu'au
527 1425 160 50 tango,
714 1425 48 34 et
787 1412 135 63 grâce
950 1412 26 46 à
1001 1428 92 28 une
1136 1411 204 47 habileté
1366 1415 158 44 native
1552 1413 52 47 ils
1630 1416 105 44 font
1760 1432 60 30 en
1848 1432 66 30 un
1947 1415 70 47 bal
2043 1417 118 45 aussi
2191 1417 174 58 bonne,
2391 1417 137 46 sinon
2556 1417 108 47 meil-

137 1484 130 47 leure
287 1483 150 64 figure
460 1502 91 45 que
579 1484 105 46 bien
712 1483 79 46 des
816 1481 291 62 Européens.
1131 1481 72 48 La
1225 1481 158 48 Chine
1408 1501 121 29 nous
1554 1484 153 47 devait
1732 1503 65 30 un
1826 1497 159 36 retour
2011 1503 11 30 :
2051 1486 317 62 l'expérience
2389 1488 57 46 de
2466 1486 225 49 l'histoire

140 1569 189 33 montre
373 1573 61 28 en
479 1554 110 47 effet
614 1572 89 44 que
749 1554 64 46 les
858 1554 290 45 institutions
1173 1564 46 35 et
1263 1553 65 47 les
1355 1571 178 30 mœurs
1557 1568 107 34 sont
1708 1558 146 64 objets
1893 1557 276 63 d'échange,
2198 1569 47 36 et
2288 1558 118 62 qu'il
2447 1558 121 48 n'est
2612 1577 79 45 pas

138 1625 290 47 d'influence
467 1643 104 29 sans
597 1624 289 61 réciprocité.
917 1624 112 47 Une
1072 1624 141 46 danse
1241 1625 208 46 chinoise
1477 1627 128 45 vient
1648 1627 27 45 à
1718 1630 136 59 point
1879 1628 199 48 nommé
2103 1629 211 47 combler
2358 1629 43 47 le
2428 1630 107 46 vide
2559 1629 131 50 laissé

138 1714 80 43 par
246 1696 43 46 la
316 1696 318 46 transmission
661 1695 79 46 des
761 1694 171 60 nôtres,
961 1705 47 35 et
1035 1710 61 30 on
1125 1710 58 30 ne
1200 1695 171 46 saurait
1398 1707 103 49 trop
1529 1695 199 48 féliciter
1755 1698 41 45 le
1824 1698 165 47 maître
2015 1699 123 47 avisé
2165 1702 79 59 qui
2273 1717 118 29 nous
2412 1699 43 47 la
2475 1717 211 46 propose,

140 1766 176 47 d'avoir
341 1769 35 44 si
400 1768 259 62 justement
686 1765 167 46 deviné
881 1764 62 47 les
970 1782 140 29 vœux
1142 1765 54 44 de
1224 1764 43 47 la
1293 1776 181 36 nature.

284 1836 101 48 Dès
428 1837 44 45 la
515 1836 102 61 plus
661 1837 139 45 haute
827 1835 231 61 antiquité
1083 1835 65 47 les
1177 1835 199 47 Chinois
1402 1848 84 35 ont
1512 1837 124 47 aimé
1661 1837 43 47 la
1731 1840 155 58 danse,
1914 1851 47 35 et
1987 1840 56 47 de
2089 1841 122 46 brefs
2235 1840 193 62 poèmes
2453 1843 64 45 du

150 1910 70 44 des
344 1907 93 61 Vers,
438 1909 30 61 qui
494 1919 107 35 sont
627 1906 64 47 les
715 1909 232 44 chansons
988 1906 261 61 populaires
1275 1906 114 47 d'un
1418 1907 168 61 peuple
1611 1910 162 47 raffiné
1798 1911 57 45 de
1882 1912 253 59 naissance,
2158 1924 280 35 conservent
2464 1911 198 50 délicate-

141 1992 134 32 ment
302 1978 43 47 la
366 1980 92 63 joie
486 1978 79 46 des
592 1978 204 61 rustique
816 1977 275 47 assemblées
1115 1994 10 30 :

846 2119 48 46 A
922 2118 42 47 la
990 2131 134 49 porte
1153 2119 55 45 de
1236 2118 104 47 l'est
1365 2121 78 45 des
1468 2137 169 45 ormes,

846 2188 64 47 Et
936 2189 77 46 des
1040 2189 173 46 chênes
1238 2206 78 30 sur
1342 2189 43 46 la
1411 2189 171 47 colline
1608 2213 12 36 ;

848 2259 71 48 La
943 2259 97 47 fille
1067 2260 55 46 de
1150 2260 145 47 Tzeu
1304 2301 19 24 3
1331 2260 274 64 -Tchoung
1614 2301 14 25 x
1639 2298 13 23 ,
1681 2263 42 46 la
1751 2262 117 47 belle

848 2329 208 48 Dessous
1082 2330 65 47 les
1171 2331 155 47 arbres
1351 2348 57 29 va
1435 2331 239 47 dansante.

846 2471 87 50 On
960 2474 169 45 choisit
1158 2472 118 46 belle
1303 2472 223 54 matinée.

846 2544 82 45 Au
955 2544 84 45 sud
1067 2555 67 34 est
1161 2561 94 28 une
1280 2545 94 46 aire
1401 2544 156 47 élevée
1582 2566 14 37 ;

846 2612 106 48 Elle
979 2631 58 29 ne
1064 2613 79 47 file
1171 2632 77 44 pas
1272 2613 42 47 le
1341 2616 222 58 chanvre,

846 2683 130 49 Mais
1001 2702 77 30 sur
1105 2685 43 47 la
1175 2686 130 61 place
1330 2704 57 29 va
1412 2686 243 47 dansante.

847 2825 86 49 On
960 2839 95 33 sort
1082 2845 80 43 par
1191 2827 118 47 belle
1338 2827 223 62 matinée,

844 2897 65 47 Et
935 2914 62 30 on
1027 2899 191 46 marche
1243 2916 59 28 en
1331 2898 175 63 grande
1531 2897 253 48 assemblée
1808 2918 14 37 ;

846 2968 133 45 Belle
1006 2969 25 46 à
1056 2969 101 46 voir
1183 2986 188 29 comme
1398 2969 116 46 fleur
1539 2969 57 46 de
1623 2986 187 41 mauve,

847 3038 102 47 Des
974 3040 155 61 grains
1154 3040 56 45 de
1238 3040 158 60 poivre
1422 3057 60 28 en
1510 3055 77 31 ma
1614 3040 130 45 main
1770 3055 123 45 pose.

282 3179 103 48 Des
409 3190 249 36 coutumes
682 3181 115 46 aussi
825 3180 195 63 goûtées
1044 3180 247 48 attirèrent
1312 3181 54 46 de
1396 3182 157 46 bonne
1580 3182 143 46 heure
1744 3180 271 48 l'attention
2036 3181 78 46 des
2141 3181 258 48 moralistes
2415 3204 14 38 ;
2457 3182 42 47 la
2526 3184 157 59 danse,

137 3266 190 33 comme
354 3250 43 45 la
424 3250 213 62 musique
665 3250 73 47 fut
763 3250 320 63 réglementée
1110 3262 47 36 et
1187 3253 116 45 mise
1330 3269 58 29 au
1413 3252 176 46 service
1614 3251 57 46 de
1714 3250 163 48 l'Etat.
1906 3250 88 49 On
2022 3251 139 47 dansa
2187 3252 113 47 dans
2325 3252 66 47 les
2415 3253 198 63 temples
2639 3267 48 35 et

136 3322 175 47 devant
336 3320 42 47 le
405 3321 268 58 souverain;
701 3339 61 29 on
790 3322 141 47 dansa
956 3340 117 43 pour
1095 3323 203 46 honorer
1314 3322 65 47 les
1403 3322 211 47 ancêtres
1639 3322 56 46 de
1717 3321 157 47 même
1900 3339 90 44 que
2011 3339 116 44 pour
2154 3321 169 67 égayer
2348 3323 65 47 les
2439 3326 247 62 banquets.

136 3391 166 62 Enfin,
330 3408 79 45 par
437 3391 353 48 l'intervention
818 3393 78 46 des
922 3394 109 46 rites
1055 3394 79 61 qui
1163 3394 286 60 prescrivent
1474 3392 26 48 à
1525 3394 187 46 chacun
1740 3392 77 47 des
1854 3403 127 37 actes
2006 3393 56 46 de
2088 3392 274 49 l'existence
2389 3396 230 48 humaine
2644 3396 43 48 la

253 3528 115 37 Dans
402 3524 54 42 les
496 3527 304 54 transcriptions
835 3528 49 40 de
904 3537 107 31 mots
1031 3529 172 48 chinois,
1225 3527 54 41 les
1300 3529 154 39 indices
1473 3527 131 55 placés
1623 3529 113 53 après
1756 3525 38 42 la
1815 3525 150 56 syllabe
1986 3528 215 53 indiquent
2221 3527 38 41 le
2278 3538 73 32 ton
2372 3543 69 27 sur
2460 3529 133 55 lequel
2613 3530 77 42 elle

133 3600 41 24 se
212 3584 166 40 module
399 3599 8 27 :
437 3600 15 23 i
479 3582 89 52 égal
602 3586 218 54 supérieur,
844 3601 22 26 2
890 3585 89 52 égal
1012 3586 204 50 inférieur,
1243 3601 19 36 3
1289 3596 203 40 montant,
1516 3603 26 34 4
1563 3585 158 55 fuyant,
1747 3599 21 38 5
1793 3595 173 31 entrant.
2004 3587 292 55 L'apostrophe
2326 3596 59 32 est
2420 3587 36 41 le
2492 3590 114 51 signe
2638 3591 49 41 de

134 3642 265 56 l'aspiration,
