3088 4346
1048 305 170 70 LES
1284 301 357 73 LIVRES

2528 320 92 73 37

219 451 326 51 WAGNER
573 451 193 64 (Peter).
1726 450 358 62 Neumenkunde,
1282 450 330 62 Palâographie
1640 450 79 47 des
1745 449 304 63 liturgischen
2078 447 258 65 Gesanges,
2361 463 28 34 2
2393 451 17 21 e
2430 447 194 60 édition,

77 543 142 29 revue
246 538 46 33 et
319 525 301 63 augmentée,
649 524 237 63 (Leipzig.
916 524 255 61 Breitkopf
1192 536 45 33 et
1265 522 184 60 Hârtel,
1479 522 146 64 grand
1670 520 127 48 in-8°
1836 521 55 46 de
1931 520 127 48 XVI
2096 521 44 48 &
2184 521 97 61 506
2321 538 152 47 pages,
2512 536 112 31 avec

75 596 353 61 transcriptions
456 595 245 47 musicales
729 607 46 33 et
802 595 303 45 nombreuses
1133 593 314 64 phototypies.
1484 607 57 33 12
1573 592 96 64 M.)

219 691 94 49 Cet
338 710 203 46 ouvrage
568 690 321 50 considérable
917 691 150 47 forme
1096 690 41 47 le
1166 704 127 33 tome
1321 689 47 48 II
1397 691 78 46 des
1502 690 161 48 études
1689 690 63 47 du
1775 687 48 50 D
1829 691 14 21 r
1863 689 216 63 Wagner
2105 707 76 29 sur
2256 689 367 47 l'lntroduction

78 780 94 31 aux
200 762 225 49 mélodies
450 762 334 65 grégoriennes
878 762 117 46 dont
1023 779 118 30 nous
1166 779 179 29 venons
1372 761 55 47 de
1455 762 115 46 citer
1597 761 42 47 le
1665 762 201 60 premier
1891 760 207 47 volume.

220 835 85 47 Un
333 835 113 47 livre
473 836 118 46 aussi
620 834 230 60 éminent,
878 845 46 36 et
950 835 79 62 qui
1057 834 183 47 résume
1282 851 94 30 une
1418 835 71 44 vie
1528 832 226 61 d'études,
1782 832 57 47 de
1879 844 195 34 travaux
2112 842 49 36 et
2199 830 425 66 d'enseignements

77 905 257 48 mériterait
360 924 94 29 une
480 906 174 62 longue
682 917 46 33 et
748 905 199 47 sérieuse
968 905 203 63 analyse,
1194 917 45 33 et
1260 905 116 47 aussi
1413 921 94 29 une
1542 905 269 47 traduction
1850 903 240 60 française.
2128 902 216 47 L'érudit
2366 903 252 61 professeur

75 976 56 47 de
159 976 297 48 l'Académie
484 977 55 46 de
569 976 234 63 Fribourg
830 992 170 45 expose
1025 976 398 47 successivement
1448 991 111 30 avec
1585 992 94 29 une
1707 973 195 48 énorme
1930 974 388 46 documentation
2340 973 65 46 les
2425 973 197 47 diverses

74 1048 184 61 espèces
286 1048 55 47 de
370 1048 215 47 notation
613 1048 78 61 qui
720 1048 161 46 furent
907 1046 170 48 usitées
1101 1065 61 28 au
1189 1046 302 64 moyen-âge.
1522 1046 146 48 Trois
1695 1063 104 47 gros
1837 1046 231 61 chapitres
2105 1056 106 35 sont
2250 1044 241 47 consacrés
2528 1062 91 29 aux

74 1119 154 62 signes
253 1119 79 46 des
359 1118 331 47 lectionnaires
717 1118 265 60 orientaux,
1010 1135 91 30 aux
1131 1133 197 31 neumes
1354 1117 268 63 byzantins,
1651 1135 146 29 russes
1823 1128 47 34 et
1895 1114 282 48 arméniens.

216 1189 145 61 Mais,
389 1189 25 47 à
440 1189 106 47 côté
574 1190 55 46 de
658 1188 176 48 l'étude
863 1189 407 64 paléographique,
1300 1187 42 47 le
1371 1187 47 47 D
1424 1190 15 19 r
1467 1189 215 62 Wagner
1709 1189 168 46 aborde
1905 1187 42 47 la
1973 1188 213 61 question
2217 1184 400 65 d'interprétation

73 1273 47 34 et
148 1260 56 47 de
232 1262 189 63 rythme
449 1281 12 38 ;
491 1260 29 46 il
548 1273 241 34 remontre
817 1278 81 43 par
926 1259 233 61 exemple,
1187 1258 235 47 l'identité
1449 1260 270 62 rythmique
1747 1260 54 46 de
1830 1258 41 47 la
2079 1258 64 45 du
2410 1270 47 33 et
2483 1258 55 45 de
2577 1256 42 46 la

74 1330 136 62 virga
237 1333 149 61 jacens
389 1369 13 23 ,
431 1331 113 46 dans
582 1330 66 47 les
685 1348 208 46 passages
930 1330 296 65 syllabiques,
1255 1342 46 34 et
1340 1329 29 46 il
1397 1347 174 43 prouve
1598 1329 27 47 à
1650 1329 133 48 l'aide
1811 1328 115 48 d'un
1955 1340 127 36 texte
2111 1345 216 30 nouveau
2355 1328 62 47 du
2444 1345 84 30 ms.
2558 1328 60 47 C.

77 1401 185 64 58.275
292 1402 58 46 de
378 1401 43 47 la
447 1401 320 64 bibliothèque
795 1402 58 45 de
881 1402 182 46 Zurich
1093 1400 119 62 (XII
1216 1404 15 19 e
1256 1400 56 63 s.)
1338 1418 92 44 que
1457 1401 229 46 certaines
1714 1401 151 47 écoles
1891 1413 86 34 ont
2006 1399 190 63 indiqué
2225 1416 78 44 par
2326 1399 42 47 la
2554 1397 65 47 les

77 1486 133 35 notes
235 1475 212 61 longues,
477 1486 45 35 et
550 1491 80 44 par
668 1474 44 47 le
1428 1484 208 52 punctum
994 1472 64 47 les
1096 1472 176 60 brèves,
1314 1472 115 46 mais
1465 1471 264 47 seulement
1768 1474 115 45 dans
1922 1472 62 46 les
2022 1488 212 47 groupes,
2264 1488 53 29 ce
2355 1471 79 61 qui
2474 1470 145 61 paraît

73 1545 382 48 contradictoire.
508 1545 87 48 On
647 1545 107 47 s'est
804 1543 313 63 précisément
1168 1542 233 47 demandé
1437 1543 34 46 si
1512 1560 52 29 ce
1604 1561 59 28 ne
1700 1545 138 45 serait
1889 1560 77 46 pas
2004 1542 42 47 là
2084 1541 42 47 le
2177 1541 201 62 premier
2424 1542 68 62 jet
2543 1541 76 46 des

73 1616 292 62 propriétates
404 1617 55 45 de
506 1616 42 47 la
593 1616 215 47 notation
855 1613 400 64 proportionnelle
1301 1615 62 45 du
1409 1612 128 48 XIII
1541 1617 16 19 e
1594 1615 155 47 siècle.
1792 1613 97 64 (Cf.
1930 1613 224 47 Tribune
2194 1613 56 47 de
2297 1612 66 48 St.
2405 1611 212 49 Gervais.

75 1686 273 47 Décembre
384 1687 162 63 1913).

215 1756 268 64 L'ouvrage
522 1758 63 46 du
625 1757 48 47 D
681 1759 14 21 r
732 1757 217 63 Wagner
987 1768 69 36 est
1093 1773 66 30 un
1187 1757 287 46 instrument
1502 1756 54 45 de
1584 1756 159 47 travail
1772 1754 339 64 indispensable
2138 1753 25 48 à
2189 1772 122 29 ceux
2349 1753 77 62 qui
2462 1750 134 50 s'inté-

73 1839 176 36 ressent
271 1846 79 44 par
371 1819 167 56 métier
560 1846 61 29 ou
643 1846 79 44 par
746 1829 236 60 vocation,
1004 1844 58 31 au
1090 1828 144 46 chant
1255 1827 252 63 liturgique
1529 1839 46 35 et
1597 1825 24 49 à
1641 1827 103 47 l'art
1766 1827 194 47 musical
1982 1827 63 45 du
2072 1825 302 65 moyen-âge.

2147 1923 54 47 F.
2244 1922 230 47 RAUGEL.

199 2059 312 60 JEANNIN.
681 2059 62 45 Le
788 2057 142 45 chanl
976 2057 251 59 liturgique
1272 2057 151 59 syrien
1471 2057 137 58 (in-8°
1653 2058 62 46 de
1761 2057 92 48 205
1900 2072 165 45 pages.
2116 2058 149 59 Paris,
2311 2055 306 61 Imprimerie

74 2124 297 58 Nationale.)

205 2215 79 45 Un
309 2215 241 46 excellent
574 2215 117 45 livre
717 2229 61 31 en
804 2218 104 42 tout
933 2228 124 42 sens,
1085 2213 65 44 tel
1175 2217 73 40 est
1273 2228 56 32 ce
1354 2214 170 46 travail
1684 2213 285 48 bénédictin
2069 2215 117 45 c'est
2222 2215 113 45 bien
2370 2214 45 46 le
2448 2229 81 31 cas
2554 2214 63 46 de

73 2280 43 44 le
143 2280 119 57 dire,
289 2295 80 29 sur
393 2281 44 43 le
463 2281 150 43 chant
638 2280 61 44 de
724 2278 184 59 l'église
934 2276 286 47 chrétienne
1244 2279 236 44 orientale
1504 2280 62 44 de
1592 2280 150 60 Syrie,
1770 2276 299 48 c'est-à-dire
2095 2280 62 44 de
2182 2280 122 44 celle
2324 2280 97 60 qui,
2443 2280 174 58 depuis

72 2345 236 58 l'origine,
347 2346 231 45 continue
618 2345 62 44 de
719 2342 220 47 célébrer
977 2344 122 44 dans
1136 2342 44 45 la
1218 2344 176 58 langue
1432 2347 48 42 et
1517 2359 120 30 avec
1662 2345 68 44 les
1766 2347 255 44 coutumes
2045 2345 266 60 syriaques,
2356 2345 45 43 la
2425 2345 192 57 liturgie

73 2410 377 44 traditionnelle.

202 2474 139 58 Mais,
369 2474 38 44 si
431 2473 69 46 les
525 2472 194 60 paroles
745 2473 62 45 de
832 2487 82 31 ces
938 2471 167 47 offices
1129 2474 291 56 remontent,
1448 2487 60 31 en
1533 2473 186 59 grande
1744 2473 170 59 partie,
1951 2488 62 30 au
2051 2473 72 45 III
2129 2478 16 22 e
2181 2471 161 54 siècle,
2378 2487 94 46 que
2507 2476 110 42 sont

69 2553 77 29 ses
172 2537 236 47 mélodies
428 2539 18 43 ?
474 2539 83 56 Ici,
583 2538 32 44 il
640 2538 80 60 n'y
745 2553 28 29 a
797 2538 188 44 d'autre
1009 2537 147 57 guide
1181 2552 96 44 que
1301 2537 44 44 la
1369 2538 233 44 tradition
1626 2538 146 46 orale.
1806 2538 63 43 Et
1893 2538 247 58 l'ouvrage
2166 2538 63 44 de
2256 2539 128 45 Dom
2410 2539 204 59 Jeannin

70 2603 115 44 fruit
209 2603 63 44 de
296 2604 84 43 dix
404 2601 183 46 années
613 2603 60 43 de
699 2603 183 56 travail,
910 2605 72 41 est
1015 2601 264 58 justement
1315 2601 234 58 précieux
1574 2617 146 43 parce
1758 2601 117 60 qu'il
1912 2601 110 55 fixe,
2062 2617 118 30 avec
2218 2618 65 29 un
2319 2603 107 44 soin
2464 2603 149 57 infini,

69 2667 216 45 l'instant
309 2667 62 46 de
407 2670 128 42 cette
572 2666 231 46 tradition
840 2666 81 60 qui
959 2680 122 31 nous
1107 2669 71 42 est
1203 2667 387 56 contemporain.
1617 2667 191 59 Jamais,
1847 2681 61 31 en
1943 2667 134 51 effet,
2114 2665 184 61 l'église
2333 2667 226 59 syrienne
2586 2665 26 47 à

69 2736 109 55 part
202 2731 244 46 d'infimes
472 2731 265 58 exemples,
765 2731 77 44 n'a
868 2745 161 30 connu
1054 2731 61 43 de
1142 2731 220 44 notation
1387 2731 233 44 musicale
1644 2749 9 28 :
1692 2731 46 46 la
1775 2730 204 56 théorie,
2006 2728 99 49 très
2147 2732 274 59 complexe,
2462 2732 120 45 demi-

66 2798 148 43 arabe
239 2801 48 42 et
312 2798 379 57 demi-persane,
717 2797 153 57 jointe
897 2794 27 47 à
948 2796 46 43 la
1019 2796 335 44 transmission
1381 2797 131 44 orale
1542 2796 87 44 des
1654 2794 251 61 mélodies,
1942 2812 28 29 a
2006 2796 120 45 suffi.
2168 2797 76 56 Et,
2283 2797 62 44 de
2383 2797 227 57 celles-ci,

68 2862 203 44 l'auteur
296 2862 164 44 donne
486 2862 87 44 des
596 2864 141 57 types
761 2876 135 30 assez
921 2860 286 54 nombreux,
1236 2860 122 45 dans
1382 2864 109 42 tous
1517 2860 68 46 les
1608 2874 189 45 genres,
1824 2876 125 44 pour
1978 2862 148 59 qu'on
2151 2863 93 43 soit
2270 2862 342 58 parfaitement

70 2924 299 47 documenté
394 2940 80 30 sur
498 2925 46 45 la
569 2925 240 60 question.

199 2991 370 59 Critiquement,
597 2993 47 41 et
667 3004 120 30 avec
811 2991 106 43 tout
941 3003 56 30 ce
1023 3003 95 44 que
1142 2990 48 57 je
1215 2990 93 44 sais
1334 2990 65 43 du
1424 2989 149 44 chant
1598 2990 218 52 oriental,
1843 2990 47 58 je
1916 2991 124 45 tiens
2065 3004 124 44 pour
2214 2989 178 59 parfait
2415 2990 44 43 le
2493 2989 119 45 livre

68 3056 62 44 de
158 3056 129 43 Dom
312 3055 224 59 jeannin:
563 3052 264 62 appuyées,
855 3053 117 45 d'un
997 3052 125 60 côté,
1148 3069 80 30 sur
1255 3070 62 28 un
1343 3055 259 57 rigoureux
1630 3055 407 57 enregistrement
2063 3055 88 44 des
2175 3053 166 59 pièces
2365 3052 245 60 chantées,

68 3125 48 40 et
141 3121 117 43 d'un
282 3122 150 51 autre,
451 3133 80 30 sur
552 3133 92 30 une
670 3118 245 46 érudition
940 3118 62 45 de
1028 3120 99 43 bon
1151 3118 111 54 aloi,
1288 3133 78 30 ses
1390 3118 310 46 conclusions
1725 3135 60 29 ne
1810 3123 214 55 peuvent
2041 3118 188 61 qu'être
2248 3117 257 60 acceptées
2525 3133 88 42 par

65 3188 106 42 tout
197 3183 347 58 musicologue.
573 3184 69 43 Le
667 3182 169 45 travail
861 3183 63 44 de
952 3183 128 44 Dom
1104 3183 206 60 Jeannin
1336 3187 72 40 est
1433 3182 246 59 précieux,
1706 3187 136 42 entre
1866 3188 164 41 autres
2054 3186 164 55 points
2242 3183 62 44 de
2328 3197 103 42 vue,
2455 3198 87 42 par
2566 3183 44 44 la

65 3249 404 46 documentation
493 3248 319 59 authentique
837 3248 118 59 qu'il
981 3263 122 29 nous
1138 3247 125 45 offre
1301 3248 62 46 de
1401 3248 174 44 chants
1612 3249 202 58 syriens,
1853 3250 116 44 bien
2011 3247 217 59 éloignés
2266 3248 62 44 de
2366 3247 216 45 l'orienta-

65 3315 139 45 lisme
229 3319 104 41 tout
359 3314 378 44 conventionnel
762 3313 122 44 dont
908 3314 210 44 certains
1142 3318 196 39 auteurs
1363 3328 122 29 nous
1509 3314 252 58 objectent
1785 3314 70 44 les
1879 3314 197 57 formes,
2114 3313 141 61 qu'ils
2290 3327 61 30 ne
2387 3314 192 43 connais-

65 3384 108 40 sent
197 3394 97 44 que
319 3394 88 43 par
431 3376 27 47 à
482 3393 98 43 peu
604 3375 124 61 près.
755 3377 43 45 A
822 3393 56 30 ce
903 3379 126 55 titre,
1056 3381 79 42 cet
1159 3391 213 45 ouvrage
1397 3381 119 55 peut
1540 3379 136 44 aider
1711 3376 28 48 à
1772 3380 125 57 jeter
1932 3379 62 44 de
2020 3380 132 43 vives
2187 3374 228 48 lumières
2449 3391 80 30 sur
2566 3377 43 45 la

66 3442 416 61 compréhension
507 3442 66 45 du
597 3443 193 59 rythme
816 3443 205 58 original
1046 3442 89 46 des
1159 3443 174 44 chants
1355 3440 300 62 grégoriens,
1682 3447 49 42 et
1756 3443 118 46 c'est
1909 3441 28 48 à
1973 3443 115 60 quoi
2128 3443 128 45 Dom
2289 3441 207 60 Jeannin
2532 3442 78 45 n'a

68 3525 87 43 pas
182 3506 227 62 manqué.

192 3573 55 58 Je
272 3570 276 47 n'émettrai
573 3570 149 61 qu'un
747 3572 103 44 seul
875 3586 115 30 voeu
1016 3588 8 28 :
1052 3572 119 44 c'est
1208 3586 95 44 que
1328 3570 47 45 le
1399 3575 170 41 savant
1592 3575 171 42 auteur
1801 3587 123 30 nous
1961 3572 167 44 donne
2152 3567 189 48 bientôt
2365 3569 45 45 la
2435 3570 150 46 collec-

65 3639 102 44 tion
195 3636 246 60 complète
466 3636 88 46 des
578 3634 238 48 mélodies
841 3638 252 59 syriaques
1118 3640 48 42 et
1190 3634 333 48 chaldéennes
1547 3638 121 45 dont
1693 3638 31 44 il
1749 3652 28 30 a
1801 3636 216 47 recueilli
2043 3636 44 45 le
2112 3634 281 60 répertoire.

2144 3727 56 45 A.
2225 3724 256 48 GASTOUÉ.
