4889 6609
55 6513 81 38 166

69 63 103 53 (Jen
205 66 212 50 Schritte
454 71 104 47 und
592 73 322 61 ungestalten
953 74 379 64 Bewegungen,
1366 75 185 63 empfin-

71 133 102 52 den
214 139 92 47 mit
347 138 207 51 Grauen
593 144 108 46 und
739 144 223 49 Staunen
1002 145 92 48 das
1137 145 119 48 tiefe
1296 144 148 61 Loch,
1485 146 91 47 das

69 208 112 48 Sein
222 208 384 52 Hineinwerfen
643 215 51 48 in
732 214 93 48 das
864 215 209 49 Wasser
1110 216 143 60 reißt,
1293 215 164 48 ahnen
1496 215 81 50 die

68 276 408 66 (ungebärdigen,
521 283 404 62 überwältigend
968 286 205 47 starfeen
1218 286 359 61 Bewegungen

68 346 71 52 Im
167 348 209 50 Wasser
398 352 106 46 und
527 353 202 48 denken
755 369 64 33 an
845 355 80 47 die
951 355 114 48 acht
1083 357 188 57 Linien,
1299 357 89 46 mit
1411 355 166 48 denen

70 427 59 40 fes
176 419 91 47 der
315 422 219 60 Japaner
580 423 217 48 hinwarf
843 453 59 5 —
948 425 105 47 und
1099 425 307 48 bewundern
1455 440 120 46 nun,

69 486 242 64 plötzlich
353 492 290 60 erleuchtet,
688 493 83 52 die
815 496 137 45 zarte
995 495 365 61 Organisation
1405 495 171 48 dieses

73 557 240 63 Körpers,
338 562 160 47 soviel
521 562 395 60 verblüffender,
941 563 235 61 fremder,
1203 563 376 49 unnatürlicher

68 624 79 57 lals
170 629 92 47 der
289 630 213 49 Elefant.
559 631 104 48 Aus
691 633 162 46 einem
880 648 133 46 ganz
1035 634 302 61 dumpfigen
1364 634 211 48 Grunde

68 696 171 52 khnen
290 701 108 58 wir,
449 701 101 46 daß
600 715 56 33 es
708 701 167 50 dieses
928 703 359 48 Wunderliche
1338 706 81 57 ist,
1471 718 103 34 was

68 777 100 44 Uns
190 768 233 62 ergreift:
461 770 168 47 dieses
655 769 308 62 Künstliche,
989 773 294 48 verwulstet
1306 773 236 49 Unzweck-

68 838 224 61 mäßige,
333 839 243 49 während
619 842 87 46 wir
742 842 263 51 instinktiv
1044 846 204 57 wissen,
1289 843 100 47 daß
1433 844 142 48 diese

68 907 464 49 atemberaubende
589 910 391 62 Formlosigkeit
1035 914 79 47 ein
1167 912 155 49 subtil
1374 915 174 60 organi-

68 977 179 50 siertes
273 978 129 49 Netz
423 992 101 39 von
551 979 200 48 Nerven
775 980 305 62 durchläuft,
1105 983 106 47 daß
1236 984 79 47 ein
1340 983 207 48 Willens-

65 1044 190 64 -Bm£>uls
305 1048 82 47 die
435 1048 336 50 vollendetste
819 1051 473 63 Zweckmäßigkeit
1340 1052 51 50 in
1440 1053 136 51 allen;

66 1115 176 51 Teilen
277 1116 239 50 herstellt.
584 1119 117 47 Und
734 1120 138 48 dann
908 1121 194 48 werfen
1139 1122 87 48 wir
1260 1122 129 49 noch
1425 1125 148 46 einen

66 1183 144 52 Blicik
237 1187 91 47 auf
356 1187 93 48 das
482 1187 248 62 Nilpferd,
763 1191 100 47 wie
891 1205 54 35 es
978 1193 92 51 mit
1100 1192 100 48 fast
1228 1192 345 49 schwimmen-

66 1253 101 54 Öen
208 1255 247 51 Schritten
499 1258 127 53 über
663 1259 83 48 die
794 1259 197 50 Fliesen
1032 1261 257 60 schleicht,
1333 1261 105 49 sich
1481 1265 93 46 mit

64 1325 142 57 feiner
232 1325 379 51 unbeholfenen
640 1329 278 62 Wendung
944 1331 51 48 in
1023 1331 94 48 das
1145 1331 209 49 Wasser
1383 1332 30 47 h
1417 1332 133 50 inein
1555 1358 18 9 -

66 1395 155 60 twirft,
258 1397 108 48 und
401 1398 82 47 ein
521 1398 188 48 Niesen
743 1400 109 48 und
891 1400 194 50 Pfeifen
1121 1398 160 51 hören
1319 1401 119 59 läßt,
1476 1401 95 50 das

63 1462 87 57 flie
176 1464 276 50 fabelhafte
483 1468 138 48 Kraft
649 1468 165 49 ahnen
841 1469 183 50 macht.
1082 1470 47 47 O
1156 1472 100 47 wie
1280 1470 162 49 heiter
1465 1471 105 48 und

64 1532 220 53 fröhlich
324 1537 251 48 erscheint
614 1538 165 49 neben
818 1539 195 48 diesem
1051 1540 372 63 grauenhaften
1463 1541 105 48 und

63 1604 394 57 Unerklärbaren
491 1607 188 50 Wesen
710 1608 93 49 der
836 1609 169 59 Löwe,
1040 1609 154 48 welch
1227 1611 344 60 angenehmer

67 1673 370 63 Repräsentant
462 1677 90 47 der
576 1678 627 51 menschenfreundlichen
1228 1680 149 48 Tiere
1400 1695 168 47 gegen

63 1740 177 57 Öjesen
280 1745 434 62 unbegreiflichen
757 1748 172 50 Feind.
997 1749 117 48 Wie
1150 1749 420 50 öelbstverständ-

62 1810 102 56 Kdi
190 1815 85 47 die
306 1816 287 49 Institution
623 1817 92 49 des
746 1817 196 63 Tigers,
971 1821 92 46 mit
1091 1820 192 47 seinem
1315 1818 255 50 durchaus

61 1883 310 62 möglichen,
411 1887 382 49 mathematisch
830 1888 229 55 sicheren
1101 1889 276 49 Exterieur.
1446 1890 124 48 Wer

61 1950 135 51 Hoch
230 1955 148 49 einen
411 1970 61 35 so
505 1955 334 63 behaglichen
877 1959 161 48 Hund
1069 1956 153 63 hätte,
1258 1960 98 47 wie
1391 1959 175 49 diesen

61 2022 365 62 (aufgerechten
458 2026 200 48 weißen
690 2027 367 60 Schneemann,
1089 2029 90 47 der
1211 2028 243 49 natürlich
1486 2032 80 45 ein

65 2093 180 52 Eisbär
269 2095 79 49 ist
409 2095 189 48 Fühlen
624 2094 83 50 Sie
732 2097 107 49 sich
865 2097 137 48 nicht
1027 2100 168 59 erregt
1220 2099 105 47 und
1350 2102 51 46 in
1427 2099 141 49 einer

59 2163 279 62 günstigen
374 2162 319 64 Disposition
728 2180 62 34 zu
824 2166 277 49 scherzen?
1151 2168 96 60 Ah,
1281 2168 80 48 Sie
1399 2169 166 49 haben

57 2227 111 59 fetch
189 2247 95 34 aus
306 2233 116 48 dem
447 2235 250 60 Irrgarten
722 2234 138 49 Ihres
883 2236 222 50 Gehirns
1128 2236 438 64 herausgedrängt

58 2302 109 53 Und
201 2301 148 61 eilen,
383 2315 100 43 yon
519 2303 318 62 plötzlichem
880 2308 145 48 Frost
1058 2307 106 47 und
1200 2308 138 48 einer
1373 2308 165 50 unwill-

57 2369 326 63 kommenen,
433 2374 389 50 unmotivierten
869 2374 287 51 Sehnsucht
1203 2376 261 63 ergriffen,
1514 2380 51 53 in

58 2438 97 54 Bas
195 2441 131 48 Cafe
372 2443 76 58 K.,
489 2457 86 33 wo
617 2443 82 52 Sie
740 2443 83 51 bei
864 2445 166 53 einem
1073 2446 149 64 Grog
1261 2460 101 36 von
1406 2446 159 54 Arrak

56 2511 110 55 Und
201 2510 115 50 fünf
350 2511 277 51 Stückchen
663 2514 210 60 Zucker,
908 2515 320 64 aufgesogen
1262 2532 99 33 von
1397 2518 166 50 einem

57 2577 123 55 Beta'
226 2580 374 51 menschlichen
652 2583 341 64 Organismus
1042 2586 317 51 wundervoll
1410 2602 123 48 ange-

57 2651 193 63 paßten
295 2651 293 60 Korbstuhl,
630 2652 341 63 Gelegenheit
1013 2653 191 63 finden*
1250 2656 82 48 Ihr
1370 2656 193 54 kleines

59 2718 292 53 Abenteuer
394 2721 434 50 aufzuschreiben.

58 2993 298 122 Oskar
400 2997 555 121 Kokoschka

185 3183 110 47 Wir
328 3183 248 49 schreiten
610 3184 169 50 sofort
812 3186 159 49 durch
1006 3188 100 48 den
1141 3188 198 65 großen
1373 3191 52 47 in
1461 3189 100 49 den

57 3247 203 57 Weinen
301 3252 342 62 Zeichensaal,
682 3256 150 48 einen
874 3258 240 60 Zwinger
1151 3270 101 35 von
1294 3259 268 60 Barinnen,

60 3319 231 62 täppisch
297 3322 262 48 tänzelnde
609 3323 364 63 Weibskörper
1018 3340 94 35 ans
1161 3328 166 48 einem
1378 3327 185 62 altger-

58 3388 296 54 Imanischen
396 3392 271 61 Festzuge;
707 3394 145 48 Meth
891 3394 145 49 fließt
1071 3398 150 46 unter
1254 3397 145 48 ihren
1438 3398 101 48 Fell-

57 3456 205 55 häuten.
323 3459 138 51 Mein
494 3461 252 65 Begleiter
774 3464 211 50 flüchtet
1011 3467 51 47 in
1091 3465 101 49 den
1220 3467 196 62 großen
1446 3467 116 49 Saal

57 3530 202 60 ajurück,
303 3545 54 34 er
394 3530 66 50 ist
500 3533 82 47 ein
625 3533 362 59 Troubadour;
1030 3536 86 48 die
1156 3536 260 62 Herzogin
1460 3547 100 39 Von

57 3596 336 64 IMontesqiou
444 3599 177 53 Rohian
668 3604 67 48 ist
784 3601 333 51 lauschender
1177 3606 127 48 nach
1366 3608 194 47 seinem

56 3664 156 57 Hede
235 3669 80 49 als
339 3670 90 48 das
449 3671 299 49 Bärenweib
775 3673 89 49 auf
880 3674 245 61 plumpen
1141 3675 418 51 Knollensohlen.

53 3737 154 49 Denn
276 3740 498 52 Treibhäuswunder
836 3745 116 47 sind
1023 3746 336 49 Kokoschkas
1425 3746 112 49 Prin-

53 3810 286 59 zessinnen,
373 3823 121 36 man
527 3812 135 48 kann
696 3812 107 50 ihre
841 3813 167 49 feinen
1042 3815 181 48 Staub-
1254 3815 105 49 und
1398 3816 133 53 Raub-

52 3877 159 51 fäden
260 3880 194 49 zählen.
537 3881 379 64 Blutsaugende
970 3884 446 50 Pflanzlichkeiten
1465 3885 96 50 alle

52 3950 145 47 Seine
244 3950 273 48 atmenden
564 3950 393 66 Schöpfungen;
1021 3954 112 48 ihre
1178 3955 383 50 erschütternde

53 4015 633 55 Äehnlichkeitswahrheit
755 4022 326 50 verschleiert
1135 4026 85 47 ein
1283 4024 128 48 Duft
1467 4038 95 36 aus

57 4086 315 52 Höflichkeit
420 4105 304 47 gewonnen.
802 4093 211 48 Warum
1062 4094 166 49 denke
1276 4094 79 49 ich
1404 4095 159 61 plötz-

53 4155 100 52 Kch
218 4173 67 31 an
354 4159 189 49 Klimt?
642 4161 64 48 Er
766 4164 67 46 ist
899 4162 288 62 Botaniker,
1255 4164 305 50 Kokoschka

58 4226 248 50 Pflanzer.
375 4229 101 47 Wo
515 4229 153 50 Klimt
704 4231 207 61 pflückt,
950 4232 151 65 gräbt
1139 4232 304 51 Kokoschka
1478 4236 81 47 die

54 4294 207 55 SVurzel
300 4312 95 33 aus
433 4326 61 6 —
532 4314 87 34 wo
660 4301 154 49 Klimt
852 4303 102 49 den
991 4302 279 55 Menschen
1310 4303 249 63 entfaltet,

54 4364 212 65 gedeiht
298 4368 113 47 eine
450 4370 143 46 Farm
630 4370 300 63 Geschöpfe
962 4381 96 40 auß
1095 4374 334 49 Kokoschkas
1447 4376 87 48 Far-

55 4434 118 53 ben.
242 4432 86 51 Ich'
371 4435 277 51 schaudere
697 4449 94 39 Vor
839 4442 97 47 den
1001 4443 152 64 rissig
1211 4444 349 61 gewordenen

54 4505 198 61 Spitzen
292 4506 336 62 Fangzähnen
663 4510 116 49 dort
812 4513 68 46 im
916 4512 285 49 bläulichten
1240 4513 192 49 Fleisch
1467 4515 92 48 des

55 4571 453 66 Greisenmundes,
550 4578 124 48 aber
710 4580 92 49 auf
840 4581 118 51 dem
1002 4581 144 49 Bilde
1188 4583 92 48 der
1317 4584 242 49 lachende

57 4644 235 48 Italiener
339 4649 128 45 zerrt
511 4648 165 62 gierig
721 4665 82 32 am
852 4651 193 49 Genußi
1088 4653 96 48 des
1228 4654 331 61 prangenden

53 4711 216 55 Lebens.
337 4716 304 49 Kokoschka
671 4720 98 47 wie
804 4720 155 49 Klimt
989 4722 128 47 oder
1150 4723 153 49 Klimt
1333 4726 95 46 wie
1461 4725 67 48 Ko-

53 4779 228 56 koschka
328 4785 160 48 sehen
534 4787 105 47 und
686 4790 125 48 säen
857 4789 95 49 das
998 4792 118 49 Tier
1159 4794 67 48 im
1278 4794 280 48 Menschen

54 4853 108 47 lind
199 4857 177 45 ernten
411 4870 60 32 es
505 4855 127 48 nach
669 4858 134 47 ihrer
841 4860 173 49 Farbe.
1081 4862 336 49 Liebesmüde
1454 4863 107 49 läßt

54 4920 86 52 die
175 4922 164 49 Dame
368 4924 101 48 den
502 4925 442 52 schmeichelnden
977 4930 118 48 Leib
1128 4936 97 44 aus!
1253 4948 306 46 grausamen

54 4990 257 54 Träumen
357 5008 88 33 zur
490 4995 129 47 Erde
664 4996 204 61 gleiten,
912 5000 179 47 immer
1131 5003 130 46 wird
1301 5005 76 45 sie
1420 5003 140 49 Sanft

54 5061 92 49 lauf
179 5061 142 49 ihren
356 5065 351 50 rosenweißen
744 5067 200 48 Krallen
979 5069 166 50 fallen.
1197 5071 104 49 Das
1304 5061 2 73 1
1333 5072 228 62 Gerippe

54 5128 93 53 Her
184 5132 320 48 männlichen
544 5134 154 47 Hand
737 5137 296 60 gegenüber
1068 5139 116 48 dem
1226 5142 334 50 Frauenbilde

53 5198 71 52 Ist
167 5202 82 46 ein
295 5201 233 49 zeitloses
578 5204 146 60 Blatt,
768 5208 145 45 seine
955 5209 276 62 gewaltige
1274 5210 179 49 Blunte
1495 5215 66 49 ist

53 5268 97 51 des
197 5270 147 49 Dalai
390 5272 178 48 Lamas
617 5274 190 61 Haupt.
883 5275 145 49 Auch
1066 5279 101 46 den
1211 5281 206 47 Wiener
1473 5281 58 49 be-

53 5336 226 53 kannten
307 5341 322 49 Architekten
653 5343 221 48 erkenne
898 5344 82 49 ich
1002 5358 81 36 am
1085 5336 3 64 1
1108 5345 263 52 Lauschen
1394 5353 166 47 seiner

54 5409 167 53 bösen
256 5410 461 62 Gorillenpupillen
749 5414 108 48 und
891 5416 167 47 seiner
1090 5420 256 46 stummen
1384 5419 149 50 Affen-

53 5479 460 64 geschwindigkeit
540 5482 197 60 wieder,
764 5485 85 46 ein
872 5485 141 47 Tanz
1037 5485 135 50 ohne
1198 5489 186 49 Musik.
1418 5491 141 49 Mein

52 5550 259 62 Begleiter
371 5553 148 47 weist
575 5554 95 46 mit
727 5557 142 44 einer
926 5555 488 64 Troubadourgeste
1470 5560 90 48 auf

53 5621 205 54 Imeinen
279 5619 228 50 blonden
533 5621 230 58 Hamlet;
788 5624 50 46 in
862 5624 278 49 ironischer
1163 5627 398 66 Kriegshaltung

52 5686 202 66 kämpft
289 5692 271 48 Herwarth
594 5691 216 49 Waiden
845 5708 167 47 gegen
1045 5695 100 49 den
1178 5696 192 62 kargen
1405 5714 154 46 argen

52 5758 165 53 Geist.
303 5761 103 48 Auf
456 5761 135 50 allen
648 5762 204 49 Bildern
908 5761 329 55 Kokoschkas
1290 5767 137 49 steht
1476 5771 83 46 ein

54 5825 182 54 Strahl.
313 5831 105 49 Aus
465 5833 90 48 der
597 5833 463 49 Schwermutfärbe
1104 5834 96 54 desj
1241 5835 288 51 Bethlehem-

54 5895 237 54 himmels
321 5902 198 47 reichen
547 5905 129 46 zwei
703 5904 370 50 Marienhände
1101 5905 97 48 das
1227 5906 148 49 Kind.
1420 5908 141 50 Viele

54 5964 221 56 Wolken
312 5971 104 47 und
452 5971 206 50 Sonnen
695 5973 107 48 und
837 5973 201 50 Welten
1073 5975 185 60 nahen,
1294 5975 127 49 Blau
1459 5978 103 48 tritt

54 6043 99 45 laus
192 6037 143 52 Blau.
410 6040 102 49 Der
551 6041 196 50 Schnee
784 6043 187 50 brennt
1008 6044 92 50 auf
1135 6046 171 54 deiner
1345 6046 216 52 Schnee-

56 6104 303 54 Ilandschlaft.
427 6109 83 49 Sie
544 6114 66 46 ist
645 6113 296 66 ehrwürdig
978 6117 94 48 wie
1106 6117 116 47 eine
1257 6115 275 61 JubiläumS-

56 6177 426 64 fvergangenheit:
549 6181 177 62 Dürer,
775 6184 331 51 Grünewald.

182 6247 173 49 Oskar
423 6250 328 51 Kokoschkas
819 6256 211 51 Malerei
1094 6258 68 47 ist
1224 6258 114 47 eine
1403 6258 160 61 junge

58 6316 423 64 Piiestergestalt,
511 6320 277 51 himmelnd
818 6327 145 47 seine
991 6325 355 51 blauerfüllten
1378 6323 182 68 Augen

55 6387 107 53 lind
195 6390 228 60 zögernd
454 6391 106 47 und
591 6390 311 64 hochmütig.
969 6396 66 48 Er
1063 6396 209 50 berührt
1302 6396 81 50 die
1417 6399 109 47 Men-

1712 75 155 49 sehen
1914 77 98 47 wie
2061 75 166 64 Dinge
2275 78 104 47 und
2424 77 136 49 stellt
2603 78 92 58 sie,
2741 77 350 63 barmherzige
3141 79 50 48 Fi-

1713 146 241 61 gürchen,
1988 145 228 50 lächelnd
2247 146 91 49 auf
2365 150 139 48 seine
2538 146 169 50 Hand.
2771 149 184 47 Immer
2982 150 123 47 sehe
3138 147 76 50 ich

1710 215 87 49 ihn
1846 217 98 47 wie
1985 216 160 47 durch
2190 218 114 46 eine
2351 217 152 62 Lupe,
2548 217 79 52 ich
2672 214 203 67 glaube,
2922 233 57 33 er
3022 221 66 47 ist
3132 222 81 48 ein

1714 284 162 53 Riese.
1951 285 162 48 Breite
2154 286 261 49 Schultern
2458 286 160 49 ruhen
2658 286 90 47 auf
2786 289 193 46 seinem
3019 288 169 48 schlan-

1710 353 99 51 kien
1859 355 210 59 Stamm,
2117 356 140 48 seine
2307 355 212 63 doppelt
2565 355 261 64 gewölbte
2876 356 131 49 Stirn
3056 357 160 48 denkt

1709 422 261 54 zweifach.
2051 426 90 47 Ein
2186 426 380 65 schweigender
2613 426 191 62 Hindu,
2850 427 212 49 erwählt
3107 427 105 50 und

1709 495 226 62 geweiht
1973 523 60 6 —
2072 498 140 48 seine
2252 497 182 61 Zunge
2471 496 255 60 ungelöst.

2361 567 156 49 Else
2558 566 598 50 Lasker-Schüler

1707 814 517 139 Gespräche
2275 814 156 118 mit
2478 814 400 142 Kalypso

1705 968 218 71 Ueber
1952 968 105 73 die
2087 968 226 71 Musik

1703 1068 124 52 Von
1874 1069 195 51 Alfred
2104 1066 203 54 Döblin

1706 1152 204 51 Achtes
1976 1151 323 64 Gespräch:
2372 1152 167 53 Indes
2604 1152 91 53 die
2756 1152 195 53 Göttin
3022 1154 193 51 krank

1701 1234 148 66 liegt
1881 1234 25 66 /
1942 1235 123 53 Von
2103 1235 111 53 den
2250 1237 257 53 hôheren
2545 1237 463 66 Tonordnungen

2925 1320 248 40 Fortsetzung

1709 1403 132 49 Der
1895 1406 222 63 Junge

1830 1475 102 47 Mir
1966 1474 166 63 klingt
2167 1476 50 60 ja
2255 1475 240 50 manches
2535 1476 163 50 fremd
2738 1476 104 49 und
2879 1475 335 51 befremdlich

1703 1557 67 35 an
1825 1543 137 60 dem,
2019 1558 109 38 was
2188 1545 82 47 Du
2326 1548 161 61 sägst
2576 1545 85 47 Du
2719 1546 153 47 hältst
2929 1546 110 47 also
3095 1548 119 59 jene;

1703 1614 220 61 größere
1958 1615 148 48 Form
2139 1614 127 49 oder
2296 1614 636 65 Zusammenhangsweise
2964 1616 137 48 nicht
3133 1614 81 50 für

1704 1684 112 51 eine
1866 1683 207 50 Urform
2121 1684 91 49 der
2259 1686 195 57 Musik;
2514 1686 78 47 sie
2636 1687 66 51 ist
2752 1686 93 48 Dir
2887 1685 325 62 keineswegs

1702 1753 114 52 dne
1843 1753 92 49 Art
1962 1753 239 61 Urnebel,
2228 1755 82 48 die
2334 1752 313 53 sinfonische
2675 1755 271 64 Ordnung,
2971 1769 97 35 aus
3091 1756 118 49 dem

1701 1823 109 49 sich
1841 1823 82 49 die
1955 1824 256 61 größeren
2246 1824 103 50 und
2380 1824 256 50 kleineren
2669 1825 202 49 Welten
2904 1825 168 49 ballen
3104 1825 106 50 und

1703 1891 270 53 losreißen.
2050 1893 136 49 Aber
2228 1894 215 50 verzeih'
2490 1896 120 47 mir:
2658 1895 85 51 Du
2784 1895 149 49 mußt
2976 1897 97 49 mir
3115 1896 93 51 da&

1698 1962 162 49 schon
1893 1962 278 50 deutlicher
2200 1978 177 48 sagen.
2442 1964 81 49 Ich
2553 1963 185 51 dachte
2769 1967 79 46 nie
2880 1965 127 49 über
3036 1966 173 48 Musik

1702 2032 142 52 nach.

1703 2115 133 49 Der
1897 2116 157 51 Alte

1827 2185 83 51 Ich
1946 2187 104 49 will
2087 2187 91 49 Dir
2211 2189 209 60 weisen,
2454 2190 98 51 wie
2587 2188 86 49 die
2707 2185 188 64 Musik,
2931 2187 135 50 ohne
3101 2188 108 50 sich

1698 2268 66 37 zu
1794 2255 221 61 bannen,
2047 2258 53 52 in
2133 2257 83 48 die
2246 2257 233 61 straffen,
2512 2258 188 54 kurzen
2733 2258 336 63 Ordnungen,
3100 2259 107 49 und

1701 2324 133 49 ohne
1869 2327 109 48 sich
2013 2326 320 61 aufzulösen,
2371 2329 50 48 in
2457 2327 81 49 die
2580 2327 373 61 Riesenreihen,
2991 2332 98 50 wie
3124 2329 84 49 die

1697 2395 165 61 große
1889 2395 300 50 liedfremde
2214 2398 174 48 Musik
2411 2397 109 49 sich
2542 2399 112 47 eine
2681 2398 256 64 Ordnung
2962 2400 243 61 gewinnt.

1701 2465 68 48 Es
1804 2464 138 50 stellt
1977 2465 111 50 sich
2124 2466 175 49 Musik
2332 2467 94 49 dar
2461 2469 53 46 in
2554 2467 389 64 Nachahmung,
2981 2469 195 52 Wieder-

1696 2532 126 53 kehr
1869 2535 105 54 und
2022 2537 325 49 veränderter
2393 2537 334 50 Wiederkehr
2774 2539 139 47 einer
2972 2541 233 60 einzigen

1697 2602 283 64 Tonfolge;
2039 2606 138 48 stellt
2219 2606 107 48 sich
2370 2608 68 49 im
2483 2608 136 59 Lied,
2667 2608 157 61 Fuge,
2873 2609 181 49 Kanon
3098 2609 107 49 dar.

1698 2671 120 51 Nun
1852 2673 171 51 taucht
2051 2675 83 50 die
2170 2675 162 66 Frage
2360 2676 90 50 auf
2464 2693 11 32 :
2520 2676 114 65 gibt
2663 2692 56 34 es
2750 2676 176 50 Musik
2952 2678 253 52 zwischen

1695 2743 129 50 zwei
1863 2743 231 50 fremden
2134 2746 293 62 Tonfolgen
2469 2747 103 49 und
2608 2746 224 65 beliebig
2869 2748 164 53 vielen
3072 2749 102 47 Ton-

1698 2812 178 63 folgen
1890 2815 24 47 ?
1984 2814 80 49 An
2105 2815 167 49 dieser
2316 2817 164 62 Frage
2518 2817 158 62 hängt
2717 2816 137 51 nicht
2894 2818 189 61 gerade
3122 2818 85 52 die

1694 2884 165 61 große
1899 2884 189 61 Musik,
2127 2885 137 49 denn
2302 2886 159 48 schon
2499 2887 82 48 die
2619 2890 116 45 eine
2774 2888 258 65 Tonfolge
3069 2889 136 49 kann

1694 2952 108 51 sich
1833 2956 148 46 unter
2009 2954 263 63 kundigen
2306 2956 219 49 Händen
2554 2972 63 34 zu
2647 2957 206 62 großer,
2884 2957 121 50 sehr
3017 2959 190 62 großer

1696 3023 172 51 Musik
1925 3025 329 58 entwickeln;
2327 3026 125 48 aber
2509 3027 92 49 der
2654 3028 295 62 Tonfolgen
2994 3028 111 64 gibt
3150 3040 57 42 eg

1693 3091 145 61 viele,
1890 3094 105 49 und
2042 3109 58 34 es
2151 3094 165 62 hieße,
2364 3095 177 50 diesen
2594 3096 263 53 Reichtum
2923 3098 283 51 verderben

1697 3160 168 52 lassen
1906 3165 104 47 und
2049 3164 296 50 willkürlich
2384 3166 82 49 die
2503 3167 173 52 Musik
2713 3182 281 46 verarmen,
3034 3168 171 52 wollte

1692 3240 123 40 taan
1845 3246 97 34 nur
1970 3234 114 49 eine
2114 3234 259 62 Tonfolge
2402 3249 89 33 zur
2520 3236 425 52 Musikbildnerin
2976 3238 227 49 machen.

1693 3298 170 50 Schön
1910 3302 82 51 die
2041 3303 370 63 Veränderung
2456 3300 82 53 bei
2584 3304 93 50 der
2721 3304 335 52 Wiederkehr
3103 3306 103 50 ruft

1693 3370 93 48 auf
1820 3370 142 50 diese
2001 3371 143 49 Bahn
2183 3373 105 47 und
2321 3371 207 64 spricht,
2563 3376 178 48 indem'
2774 3378 77 47 sie
2883 3376 181 52 ändert
3099 3378 111 48 und'

1697 3439 135 50 nicht
1874 3441 205 62 gleicht,
2124 3442 84 49 die
2253 3443 163 63 große
2463 3445 201 49 Formel
2706 3445 92 49 der
2845 3447 194 50 Künste
3083 3458 97 40 au&
3181 3439 2 67 (
3189 3464 16 33 :

1693 3522 104 36 von
1839 3510 91 49 der
1969 3511 289 51 Gleichheit
2298 3513 125 49 aber
2459 3515 54 48 in
2554 3514 92 49 der
2689 3515 372 63 Ungleichheit,
3104 3532 101 34 von

1693 3579 93 48 der
1835 3580 201 51 Einheit
2082 3581 125 49 aber
2252 3584 53 47 in
2351 3583 92 51 der
2492 3584 232 62 Vielheit,
2774 3601 101 33 von
2923 3586 119 49 dem
3108 3588 66 47 Zu-

1693 3649 391 64 sammenhang,
2110 3652 92 48 der
2228 3667 83 35 um
2338 3664 62 38 so
2424 3653 281 50 deutlicher
2727 3657 147 59 wird,
2899 3671 65 34 an
2989 3657 49 61 je
3063 3657 144 49 mehr

1693 3733 57 38 er
1797 3718 110 50 sich
1957 3723 217 59 erweist,
2225 3737 170 49 gegen
2443 3725 49 59 je
2541 3724 147 49 mehr
2739 3740 55 34 er
2841 3726 108 49 sich
2949 3718 3 68 1
3002 3729 204 48 erweist

1697 3789 105 50 und
1836 3804 171 48 gegen
2045 3792 50 59 je
2130 3791 350 64 ungleicheres
2518 3809 55 33 er
2605 3794 107 50 sich
2713 3789 3 66 1
2750 3795 305 51 durchsetzt.
3110 3798 97 49 Die

1694 3859 164 61 große
1891 3860 173 52 Musik
2095 3860 116 50 ruht
2240 3862 91 49 auf
2361 3864 139 47 einer
2530 3864 255 64 Ordnung
2815 3867 255 48 zwischen
3100 3882 80 35 ver-

1693 3928 308 51 schiedenen
2055 3931 337 54 aufeinander
2445 3933 279 62 folgenden
2780 3937 113 46 Ton
2897 3936 307 52 verbänden.

1695 3999 152 48 Zwar
1878 3999 138 49 kann
2047 4000 131 50 auch
2211 4002 52 50 in
2296 4002 91 49 der
2417 4004 200 62 großen
2653 4005 172 48 Musik
2857 4005 93 49 der
2978 4008 227 48 einzelne

1695 4068 344 51 Tonverband
2079 4072 169 50 seiner
2288 4072 243 65 Neigung
2574 4073 176 63 folgen
2792 4075 109 48 und
2940 4077 110 48 sich
3088 4090 87 41 aus-

1693 4136 231 63 gliedern
1969 4141 51 47 in
2067 4141 199 60 Kanon,
2314 4143 144 64 Fuge
2497 4143 128 49 oder
2669 4145 135 60 Lied,
2850 4145 187 61 jedoch'
3077 4149 128 51 wird

1693 4207 83 49 die
1841 4209 332 51 umfassende
2222 4211 441 65 Ordnungsweise
2712 4215 82 48 die
2843 4215 212 51 Glieder
3103 4232 102 38 von

1693 4276 202 50 soldier
1937 4279 325 64 Ausbildung
2303 4297 128 50 gern
2475 4282 302 63 fernhalten,
2818 4285 82 49 die
2942 4287 138 49 nicht
3135 4289 73 49 im

1694 4347 190 51 Wesen
1929 4348 91 49 der
2061 4349 460 67 Gesamtordnung
2565 4353 124 65 liegt
2729 4355 107 48 und
2879 4355 99 49 den
3024 4355 181 54 Schein

1693 4417 255 61 gereihter
1989 4418 194 50 kleiner
2225 4422 172 48 Musik
2440 4424 235 49 er\VeCkt.

1697 4499 409 65 Derjunge

1820 4570 126 49 Also
1996 4572 85 50 Du
2131 4573 179 62 fragst,
2359 4577 98 48 wie
2504 4574 112 50 sich'
2663 4577 194 52 fremde
2907 4580 297 65 Tonfolgen

1692 4640 318 62 verknüpfen
2045 4642 244 49 können?
2354 4646 104 48 Laß
2494 4645 137 54 mich'
2661 4647 215 50 denken.
2928 4677 60 7 —
3038 4651 166 48 Wenn

1692 4709 81 50 ich
1813 4712 127 47 zwei
1984 4712 170 49 Bilder
2193 4712 134 50 habe
2367 4716 105 47 und
2513 4716 105 51 will
2658 4718 75 47 sie
2773 4733 67 33 an
2880 4723 113 46 eine
3035 4721 170 49 Wand

1692 4777 205 63 hängen
1935 4809 77 31 —,
2050 4783 216 51 verzeih'
2304 4785 121 49 mir:
2477 4794 135 53 ganz
2648 4785 164 50 fremd
2850 4788 206 50 können
3095 4791 108 49 und

1692 4849 186 49 dürfen
1926 4851 163 51 Deine
2131 4852 185 49 beiden
2361 4855 293 61 Tonfolgen
2699 4856 137 49 nicht
2878 4861 127 59 sein,
3052 4875 152 35 wenn

1692 4920 75 50 sie
1808 4922 173 47 Musik
2022 4920 233 50 schaffen
2298 4923 202 51 wollen.
2561 4927 197 60 Fremd,
2800 4927 96 50 das
2937 4928 142 57 heißt
3118 4931 58 48 be-

1692 4987 346 64 ziehungslos!,
2128 4992 317 63 gleichgiltig
2531 4998 439 59 gegeneinander;
3062 5000 137 49 denn

1693 5059 174 51 Musik
1897 5061 101 48 soll
2031 5063 50 59 ja
2116 5064 112 46 eine
2262 5064 637 64 Zusammenhängsweise
2933 5069 92 48 der
3057 5071 147 49 Töne

1691 5130 127 59 sein,
1866 5131 107 47 und
2023 5132 84 48 Du
2155 5131 224 50 forderst
2425 5136 353 62 unmögliches
2825 5151 104 35 von
2973 5140 94 60 ihr,
3116 5141 82 50 die

1689 5198 95 48 das
1824 5198 431 64 Beziehungslose
2291 5231 61 6 —
2387 5203 246 50 beziehen
2669 5207 115 50 soll.
2852 5209 200 61 Fremd,
3089 5211 111 49 dies

1690 5268 139 49 kann
1874 5285 97 33 nur
2014 5272 136 50 sein:
2213 5271 136 50 nicht
2392 5274 182 62 gleich,
2621 5277 105 48 und
2774 5277 137 52 nicht
2956 5294 97 35 nur
3097 5292 81 39 ver-

1690 5339 195 49 ändert.
1946 5340 138 48 Aber
2111 5341 191 49 welche
2332 5342 296 65 Beziehung
2653 5346 161 50 bleibt
2840 5348 155 50 ihnen
3026 5350 137 49 dann
3177 5353 25 47 ?

1693 5408 151 49 Nicht
1903 5408 303 63 Gleichheit,
2259 5413 136 50 nicht
2444 5413 364 64 Aehnlichkeit,
2873 5447 60 6 —
2996 5420 174 57 Gegen-

1690 5480 147 47 satz?

1695 5561 133 50 Der
1889 5563 156 50 Alte

1818 5632 170 63 Wohl,
2025 5634 111 50 dies
2174 5636 68 48 ist
2278 5638 125 48 eins.
2474 5639 152 49 Erfaß
2667 5640 124 49 aber
2829 5642 133 48 noch
2999 5644 203 61 einmal,

1692 5716 110 34 was
1849 5703 83 50 die
1985 5705 201 48 Formel
2233 5704 93 50 der
2375 5708 194 49 Künste
2617 5710 344 62 aussprechen
3011 5713 190 62 wollte,

1692 5770 100 49 den
1837 5772 285 50 Gedanken
2169 5789 102 34 von
2316 5776 119 49 dem
2480 5806 61 6 —
2586 5778 302 63 Gedanken,
2935 5796 102 35 von
3083 5783 118 49 dem

1693 5840 468 66 Zusammenhang,
2207 5844 93 49 der
2344 5861 86 33 um
2477 5862 63 35 so
2585 5850 283 64 mächtiger
2911 5852 82 60 ist,
3041 5867 66 34 an
3154 5855 51 60 je

1692 5909 144 49 mehr
1880 5927 57 33 er
1979 5913 110 50 sich
2134 5916 205 48 erweist
2383 5917 109 49 und
2534 5932 174 47 gegen
2750 5920 52 60 je
2845 5921 356 61 ungleicheres

1692 5993 56 33 er
1795 5979 110 50 sich
1951 5983 305 50 durchsetzt.
2341 5986 97 51 Die
2487 5987 219 50 Vielheit
2754 5989 92 48 der
2896 5992 306 62 ungleichen

1691 6048 295 66 Tonfolgen
2061 6053 128 50 wird
2262 6052 109 52 ihre
2443 6057 238 48 Grenzen
2757 6059 167 50 haben
2997 6076 68 34 an
3139 6093 60 5 —

1693 6132 120 44 uns;
1887 6135 157 35 unser
2098 6123 314 53 Gedäditnis
2470 6126 166 49 höhnt
2690 6127 119 49 dem
2868 6131 185 49 Willen
3111 6133 94 49 der

1695 6189 180 62 Kunst,
1913 6220 60 6 —
2009 6208 86 33 wo
2131 6195 95 47 wir
2258 6195 164 50 nichts
2460 6197 273 50 festhalten
2770 6198 222 64 können,
3028 6205 174 47 setzen

1692 6261 94 48 wir
1824 6261 175 48 weder
2036 6262 290 51 Gleichheit
2365 6267 131 48 noch
2538 6267 542 57 Unterschiedlichkeit
3118 6288 81 35 an.

1694 6330 120 49 Und
1857 6346 62 34 so
1967 6331 161 50 findet
2170 6333 131 49 auch
2343 6336 99 49 das
2487 6337 229 61 Fremde,
2762 6339 93 49 das

1691 6401 100 52 wie
1826 6401 84 50 Du
1942 6401 126 64 klug
2101 6403 183 62 erfaßt,
2316 6407 178 49 seinen
2530 6407 145 50 Zaun
2708 6409 106 49 und
2846 6413 140 47 seine
3021 6413 182 55 Mauer

3348 79 53 47 in
3433 76 92 48 der
3562 78 185 56 Kunst;
3801 104 59 6 —
3906 89 136 48 ganz
4077 74 458 62 Beziehungsloses
4570 75 280 58 kannnidit

3348 146 527 61 zusammengehängt
3918 145 223 48 werden.
4203 173 59 5 —
4322 145 136 48 Aber
4498 145 110 48 dies
4651 148 64 47 ist
4757 162 93 39 uns

3346 215 160 49 schon
3569 216 233 60 wichtig:
3878 215 93 47 der
4029 214 297 62 Gegensatz
4386 217 120 46 eint.
4585 216 117 48 Und
4764 223 82 49 auf

3351 284 197 48 Einheit
3630 284 194 48 fußend
3895 285 86 47 hat
4046 300 57 32 er
4169 284 100 47 den
4339 284 223 61 Vorzug,
4630 286 99 48 daß
4795 306 51 36 er

3346 354 100 47 den
3547 354 333 47 Unterschied
3980 355 88 46 des
4171 352 469 49 Unterschiedenen
4736 361 109 50 aufs

3346 422 249 49 schärfste
3654 422 322 49 hervorhebt.
4072 424 66 46 Er
4194 422 138 48 stellt
4392 423 83 47 die
4535 424 308 56 Grundform

3345 493 92 48 des
3503 493 246 47 Fremden
3809 493 105 47 und
3973 493 132 46 doch
4166 493 309 61 Bezogenen
4535 493 116 58 dar;
4712 499 133 50 seine

3349 563 174 48 Macht
3557 565 67 46 ist
3659 563 180 47 darum
3878 563 129 61 groß
4048 564 49 45 in
4132 562 125 47 aller
4297 564 177 47 Kunst.
4530 563 146 47 Denn
4713 566 132 53 darin

3348 633 160 62 hängt
3536 633 150 48 alles:
3735 633 98 48 den
3869 632 261 51 Reichtum
4162 634 49 46 in
4242 635 159 45 satter
4433 632 137 49 Fülle
4600 648 62 33 zu
4679 638 166 60 zeigen

3348 703 104 49 und
3479 703 133 48 doch
3638 704 52 47 in
3718 704 117 47 dem
3867 703 234 47 Prunken
4127 703 94 46 der
4246 703 240 61 Spangen
4513 703 105 47 und
4646 705 198 66 Mäntel,

3344 775 54 47 in
3444 773 116 47 dem
3611 772 344 49 überladenen
4006 773 162 59 Pomp
4215 773 91 46 der
4355 772 351 49 Heerschären
4752 777 92 51 den

3350 845 169 60 König
3569 843 103 48 und
3722 846 166 45 zuerst
3935 842 87 47 ihn
4068 842 159 50 sehen
4276 857 61 33 zu
4389 842 183 49 lassen.
4651 872 59 5 —
4784 848 59 50 Es

3345 912 210 61 scheint,
3585 913 76 48 als
3693 913 67 47 ob
3790 913 107 47 sich
3926 912 109 47 hier
4061 915 83 47 ein
4173 912 191 48 Gesetz
4392 913 287 48 entwickelt
4707 914 135 66 habe,

3344 983 94 48 das
3466 983 83 48 die
3581 985 165 48 Kunst
3773 997 94 33 aus
3895 981 106 49 sich
4028 982 186 47 heraus
4244 982 391 64 bildungsfähig
4662 987 180 52 macht:

3347 1053 117 48 Nun
3494 1052 132 62 folgt
3650 1052 93 49 auf
3768 1053 93 48 das
3889 1053 283 60 Langsame
4198 1052 94 47 das
4319 1053 228 61 weniger
4572 1054 272 60 Langsame

3348 1123 103 47 und
3498 1123 209 59 Rasche,
3751 1123 94 48 das
3891 1122 142 48 Leise
4075 1122 135 48 zieht
4252 1122 96 47 das
4393 1123 335 63 Kräftiglaute
4770 1142 70 48 an,

3347 1193 104 46 und
3485 1207 62 33 so
3580 1192 83 48 bei
3700 1192 99 47 den
3834 1194 240 45 weiteren
4114 1192 419 62 Bestimmungen
4569 1193 93 47 der
4695 1195 146 65 Töne,

3346 1261 244 49 wodurch
3626 1262 83 48 die
3749 1261 396 65 Abwechslung,
4184 1262 179 48 besser
4396 1263 112 47 eine
4551 1263 263 53 Unendlich-

3343 1332 104 47 keit
3489 1332 93 47 des
3628 1332 433 62 Mannigfaltigen
4108 1332 378 62 gewährleistet
4528 1333 143 48 wird.
4734 1335 107 52 Und

3344 1401 52 49 in
3428 1401 92 49 der
3550 1399 97 50 Tat
3680 1403 64 46 ist
3773 1401 110 48 dies
3915 1404 83 47 ein
4029 1399 202 50 solches
4259 1401 209 60 Gesetz,
4500 1402 175 48 sofern
4709 1404 108 50 über-

3344 1471 160 61 haupt
3531 1471 220 50 Gesetze
3779 1471 188 49 bilden.
4029 1471 105 48 Aus
4162 1472 108 47 sich
4299 1470 185 50 heraus
4513 1472 124 49 aber
4665 1472 176 54 fließen

3344 1541 144 47 Töne
3522 1541 160 57 nicht;
3732 1541 95 48 das
3862 1541 190 49 Gesetz
4082 1541 190 48 schafft
4305 1542 148 47 keine
4490 1542 350 67 Handlungen,

3343 1610 226 49 sondern
3613 1610 177 49 richtet
3829 1612 90 47 sie.
3994 1609 246 64 Vielartig
4281 1612 116 48 sind
4438 1611 83 51 die
4565 1612 248 68 Bindungs-

3343 1681 192 49 weisen
3567 1681 233 47 niederer
3832 1681 270 65 Ordnung,
4135 1681 193 48 welche
4359 1681 85 49 die
4477 1682 172 48 Musik
4650 1681 2 66 1
4681 1682 159 65 kennt,

3342 1749 389 53 tifcerbestimint
3766 1750 101 49 fast
3901 1747 79 54 bis
4016 1766 90 34 zur
4139 1751 452 50 Unbestimmtheit
4622 1753 114 48 sind
4769 1754 73 51 die

3343 1819 261 50 einzelnen
3657 1819 320 62 Tonfolgen:
4042 1820 72 48 So
4166 1820 160 48 findet
4376 1821 94 48 das
4521 1822 192 48 Gesetz
4760 1824 82 50 der

3345 1889 473 62 Mannigfaltigkeit
3872 1889 77 49 als
4008 1886 293 54 wählendes
4363 1890 165 54 reiche
4585 1892 254 63 Tätigkeit

3343 1957 129 54 Bald
3528 1960 189 62 drängt
3770 1959 110 52 sich
3933 1960 160 61 diese,
4148 1961 120 47 bald
4324 1962 118 60 jene
4500 1962 341 68 Bestimmung

3344 2027 440 66 richtunggebend
3818 2030 204 58 hervor;
4085 2030 94 48 das
4215 2033 64 46 ist
4312 2031 246 48 natürlich
4591 2034 83 49 ein
4708 2034 131 62 Narr,

3340 2099 92 50 der
3470 2101 134 47 etwa
3642 2099 196 62 glaubt,
3878 2100 83 48 die
4000 2100 171 48 Musik
4210 2100 199 62 erfolge
4452 2116 104 34 nun
4595 2116 92 34 aus
4725 2103 112 63 sich',

3343 2168 105 54 und
3483 2168 138 49 nicht
3656 2169 244 49 vielmehr
3936 2184 94 34 aus
4066 2171 116 47 dem
4222 2171 242 49 Musiker.
4532 2170 167 50 Schön
4734 2174 106 50 weil

3341 2251 56 37 er
3423 2238 84 52 die
3536 2238 223 66 jeweilig
3790 2239 472 64 richtunggebende
4294 2241 354 62 Bestimmung
4677 2243 160 51 wählt.

3467 2365 144 48 Nach
3656 2366 115 48 dem
3822 2365 188 49 Gesetz
4055 2366 90 48 des
4192 2365 353 62 Gegensatzes
4594 2367 103 48 und
4757 2366 82 49 der

3342 2434 486 64 Mannigfaltigkeit,
3857 2435 93 50 das
3981 2451 131 47 ganz
4141 2436 69 50 im
4242 2437 336 61 allgemeinen
4607 2437 229 61 herrscht,

3340 2503 130 50 hebe
3508 2505 79 49 ich
3625 2507 111 46 eins
3776 2504 202 61 heraus,
4015 2506 111 60 das,
4164 2506 106 47 ihm
4312 2507 413 61 untergeordnet,
4762 2507 51 49 be-

3339 2573 215 49 sonders
3594 2574 83 48 die
3721 2575 199 49 Einheit
3958 2575 150 49 sucht
4143 2578 94 48 mit
4277 2575 140 49 Hilfe
4458 2576 95 49 des
4590 2575 222 51 Wirfdich-

3340 2642 316 51 keitswertes
3696 2644 94 48 der
3826 2644 313 63 Tonfolgen.
4215 2645 155 49 Diese
4409 2646 263 64 Tonfolge
4712 2646 126 51 führt

3340 2727 65 36 zu
3424 2714 141 48 einer
3583 2714 225 49 anderen
3831 2714 105 49 und
3956 2715 187 49 dritten
4168 2714 246 64 fremden,
4437 2715 398 63 verschiedenen,

3338 2782 172 50 indem
3551 2785 76 47 sie
3670 2784 325 64 folgerichtig
4035 2785 191 63 gerade
4265 2786 83 48 die
4391 2785 443 64 Ordnungsweise,,

3338 2852 193 49 welche
3558 2854 83 47 die
3669 2854 347 51 Wirklichkeit
4042 2855 151 60 stellt,
4221 2856 303 61 entwickelt,
4552 2856 145 48 mehr
4723 2856 114 49 oder

3338 2924 229 61 weniger
4029 2924 204 62 epische
4276 2925 353 63 Stimmungs-,
4648 2926 162 48 Seelen-

3337 2991 164 52 bilder
3528 2993 239 50 entwirft.
3823 2993 83 50 Sie
3937 2994 138 49 führt
4099 2995 140 50 dicht
4264 3010 67 33 an
4359 2996 84 48 die
4472 2995 347 52 Reihenmüsik
4819 2991 4 56 1
4823 3035 10 11 .

3342 3062 118 49 Und
3493 3078 62 33 so
3589 3062 112 63 gibt
3734 3078 56 34 es
3822 3064 135 48 noch
3989 3065 219 48 vielerlei
4247 3066 191 63 Regeln
4472 3067 106 47 und
4611 3067 222 60 Gesetze,

3337 3147 96 35 aus
3466 3133 101 48 den
3602 3134 354 62 Werkzeugen
3991 3136 105 47 und
4128 3149 63 36 so
4226 3136 189 48 weiter.
4469 3135 126 49 Bald
4631 3138 101 47 tritt
4761 3136 73 47 die

3337 3202 361 49 Wirksamkeit
3739 3204 186 59 dieses,
3967 3204 121 48 bald
4131 3205 142 59 jenes
4315 3205 249 48 Gesetzes
4606 3205 144 48 mehr
4784 3207 48 49 in

3336 3271 101 48 den
3463 3271 390 62 Vordergrund;
3893 3271 83 51 die
4001 3273 172 48 Musik
4196 3275 67 46 ist
4285 3273 222 49 überaus
4530 3287 271 34 zusammen-

3336 3343 212 60 gesetzt,
3588 3342 104 47 und
3729 3354 121 35 man
3888 3341 128 51 wird
4053 3342 79 50 ihr
4166 3344 93 46 mit
4295 3345 301 60 einseitigen
4635 3343 170 49 Bestim-

3336 3424 226 48 mungen
3603 3411 105 48 und
3751 3411 192 62 Regeln
3983 3411 137 51 nicht
4154 3411 221 64 gerecht.
4432 3413 172 48 Vieles
4639 3412 167 49 berück-

3336 3480 206 63 sichtigt
3579 3481 92 49 der
3708 3481 245 60 Musiker,
3992 3482 107 48 und
4138 3482 137 48 Alles
4316 3482 140 48 führt
4492 3482 88 52 ihn
4618 3482 88 48 auf
4740 3483 69 47 ein-

3335 3549 128 59 mal;
3520 3565 154 34 wenn
3715 3550 133 50 auch
3889 3551 83 51 die
4014 3552 230 49 Musiker
4283 3553 109 49 sich
4435 3555 52 48 in
4530 3552 91 49 der
4663 3553 141 47 Bevor-

3335 3633 212 49 zugung
3597 3619 93 49 der
3725 3619 396 52 Verschiedenen
4160 3622 478 62 Ordnungsweisen
4679 3624 129 47 unter-

3334 3686 240 51 scheiden
3619 3691 109 48 und
3772 3692 323 63 gruppieren.
4172 3691 128 49 Hier
4342 3691 166 64 klingt
4554 3694 114 46 eine
4710 3693 93 47 Ton-

3337 3757 166 65 folge:
3569 3759 107 49 Das
3707 3761 183 48 Gehen
3924 3762 141 52 eines
4100 3762 254 64 Kriegers,
4387 3762 155 49 mein'
4577 3761 96 62 ich,
4705 3762 129 47 dient

3335 3829 79 49 ihr
3434 3841 91 37 zur
3549 3829 456 64 Ordnungsweise,
4032 3830 111 64 gibt
4165 3831 79 51 ihr
4266 3832 101 47 den
4392 3832 291 48 schärferen
4706 3831 125 60 Sinn,

3336 3898 171 51 miacht
3544 3900 75 49 sie
3660 3900 164 50 höher
3864 3900 351 60 musikalisch;
4270 3902 145 48 diese
4457 3902 158 65 Folge
4657 3900 177 50 windet

3335 3968 106 50 sich
3493 3969 201 49 zierlich
3746 3972 94 48 mit
3889 3971 343 62 geschnürten
4286 3972 214 60 Hüften,
4552 3972 279 49 schlankem

3337 4037 274 62 Hälschen,
3648 4040 197 61 spitzen
3888 4041 255 61 Füßchen,
4182 4070 60 6 —
4277 4041 316 63 begreiflich,
4631 4042 99 48 daß
4767 4043 65 47 sie

3336 4109 176 48 weiter
3543 4109 295 62 balanciert,
3871 4110 108 50 daßi
4010 4110 152 62 höhe,
4199 4111 173 49 rasche
4412 4113 219 61 Figuren
4668 4110 166 50 leichte

3334 4177 203 63 Spitzen
3569 4178 128 49 über
3727 4182 78 46 sie
3834 4180 212 61 werfen,
4077 4182 102 48 daß
4214 4183 82 46 ein
4331 4181 310 50 Brummbäß
4674 4193 159 52 gegen

3334 4249 75 48 sie
3448 4251 252 60 antapert,
3740 4251 78 47 sie
3857 4250 204 48 zärtlich
4062 4248 3 64 1
4102 4251 251 61 verdreht,
4395 4254 303 55 verstimmt;
4766 4251 68 47 sie

3333 4318 264 51 kreischen
3654 4320 103 47 und
3813 4320 231 59 kichern;
4127 4323 115 46 eine
4297 4321 189 49 andere
4544 4321 157 63 Folge
4756 4320 77 49 hat

3334 4387 209 49 Seufzer
3569 4390 53 48 in
3651 4390 110 47 sich
3787 4391 301 61 getrunken,
4118 4406 104 33 nun
4252 4392 243 48 schleicht
4523 4392 105 48 und
4656 4389 177 53 kriecht

3333 4472 57 34 es
3435 4458 134 49 ohne
3616 4459 155 49 Ende.
3848 4460 98 50 Die
3989 4461 154 48 Faust
4184 4462 258 62 schwingt
4484 4462 140 48 diese
4670 4460 158 64 Folge,

3334 4527 165 49 höhnt
3541 4529 104 48 und
3685 4529 156 49 droht
3881 4530 106 50 und
4028 4530 108 49 läßt
4174 4531 108 48 sich
4326 4530 138 50 nicht
4502 4531 325 62 besänftigen.

3337 4597 326 50 Bekümmert
3686 4600 104 47 und
3813 4598 232 64 schämig
4065 4600 161 49 bleibt
4247 4602 141 48 dieSte
4411 4602 91 48 auf
4524 4602 116 48 dem
4668 4599 163 50 Flecke

3334 4668 197 61 stehen,
3564 4668 127 62 geht
3723 4670 129 48 nach
3888 4672 83 46 ein
4004 4683 124 49 paar
4160 4671 249 49 Schritten
4443 4674 182 46 immer
4656 4670 174 52 wieder

3332 4737 187 50 zurück
3564 4739 108 48 und
3718 4740 69 49 im
3839 4741 174 49 Kreise
4059 4743 98 46 wie
4204 4744 83 50 ein
4336 4741 315 49 verlassenes
4700 4737 97 52 Mäd-

3333 4807 144 50 chen.
3540 4808 354 50 Ueberblickst
3927 4811 84 48 Du
4039 4812 83 49 ein
4154 4811 231 62 längeres
4419 4811 331 60 Musikstück,
4778 4821 52 35 so

3333 4878 143 48 wirst
3523 4878 84 49 Du
3653 4878 192 63 finden,
3891 4881 101 47 daß
4038 4882 83 46 die
4171 4882 348 62 Fortführung
4563 4883 92 47 der
4711 4881 89 46 Ton-

3336 4946 178 64 folgen
3551 4948 92 49 auf
3680 4950 121 48 sehr
3839 4950 349 49 wechselnder
4224 4951 301 64 Grundlage
4566 4948 261 66 geschieht.

3336 5019 129 60 Jetzt
3487 5020 130 49 wird
3640 5021 95 47 mit
3759 5022 164 47 einem
3948 5021 267 62 zagsaften
4241 5023 161 48 Zwie-
4425 5023 107 47 und
4550 5020 253 51 Zwitscher-

3333 5088 251 62 gespräch
3638 5089 293 62 begonnen,
3986 5093 121 58 jetzt
4163 5092 207 48 fordern
4423 5090 82 50 die
4560 5088 268 66 singenden

3332 5157 298 50 Saitentöne
3670 5161 115 48 eine
3828 5160 381 63 Abwechslung
4250 5164 52 45 in
4342 5158 485 52 aufschmetternden

3333 5229 327 61 Trompeten,
3694 5230 83 48 die
3811 5230 143 48 ihren
3989 5231 166 48 Glanz
4187 5232 105 48 und
4325 5233 109 48 ihre
4472 5234 237 60 Eigenart
4741 5226 87 51 erst

3332 5312 171 47 gegen
3567 5299 217 62 dumpfe
3835 5300 305 49 Holzbläser
4201 5303 250 48 erweisen
4502 5303 201 58 wollen,
4752 5307 74 40 um

3333 5368 192 47 wieder
3556 5369 85 47 die
3674 5369 297 50 Saitentöne
4005 5370 363 50 hervorzittern
4401 5387 65 34 zu
4498 5373 192 57 lassen;
4724 5364 105 66 jetzt

3334 5436 139 50 ladet
3508 5439 113 50 eine
3654 5440 169 52 kleine
3857 5441 259 64 Tonfolge
4149 5455 64 35 zu
4248 5439 204 64 breiter,
4488 5438 343 54 liedähnlicher

3336 5507 338 64 Ausführung
3714 5511 107 57 ein;
3895 5511 248 48 nachdem
4188 5514 51 46 in
4280 5513 350 48 wechselnder
4668 5505 161 53 Stärke

3332 5575 221 65 gespielt
3576 5579 195 61 wurde,
3800 5580 94 65 gilt
3917 5596 57 34 es
4001 5596 122 46 nun,
4149 5582 94 48 auf
4267 5582 398 63 gleichmäßiger
4690 5575 138 53 Höhe

3332 5660 65 37 zu
3436 5646 203 50 bleiben
3680 5651 107 47 und
3830 5650 150 63 ruhig
4020 5651 401 63 fortzuspinnen.
4495 5653 87 49 Bei
4627 5651 168 49 Anwen-

3332 5714 146 64 dung
3509 5717 169 53 dieser
3710 5718 285 63 einfachen,
4030 5721 121 48 sehr
4181 5722 268 49 einfachen
4484 5723 108 48 und
4624 5713 179 68 begreif-

3332 5785 181 60 lichen,
3556 5788 134 48 doch
3691 5785 2 69 1
3734 5789 359 50 wechselnden
4140 5792 194 62 Regeln
4375 5794 92 47 des
4513 5794 281 47 Zusammen-

3332 5853 167 65 hangs
3536 5858 153 61 stpielt
3724 5861 345 62 naturgemäß!
4104 5862 93 48 der
4230 5862 298 61 Charakter,
4566 5862 91 48 das
4696 5859 100 46 Tem-

3332 5930 281 58 perament,
3658 5928 82 52 die
3791 5931 242 62 Eigenart
4077 5932 91 49 des
4215 5932 255 50 Musikers
4515 5933 87 52 die
4646 5925 152 63 Haupt-

3334 5994 139 51 rolle.
3536 5997 85 49 Du
3650 5999 150 49 Imußt
3829 6000 132 51 mich
3991 6001 139 49 nicht
4159 6003 393 59 mißverstehen,
4583 6013 146 35 wenn
4757 5990 70 58 ich

3332 6079 143 49 sage,
3515 6066 84 50 die
3640 6069 175 52 Musik
3857 6073 148 63 trüge
4041 6070 112 54 ihre
4189 6072 225 49 Gesetze
4454 6072 137 50 nicht
4627 6070 52 50 in
4716 6062 96 56 sidh
4812 6059 3 77 1
4816 6098 9 22 ,

3331 6137 227 48 sondern
3584 6138 69 50 im
3683 6139 243 51 Musiker.
3986 6142 85 47 Ich
4071 6135 2 57 1
4095 6142 106 49 will
4226 6140 133 51 mich
4388 6143 137 49 nicht
4550 6135 276 55 verstecken

3331 6203 167 55 hinter
3537 6207 118 51 dem
3656 6203 3 72 1
3700 6210 308 61 Herrichter,
4050 6240 56 6 —
4150 6212 96 47 das
4287 6215 193 60 mögen
4522 6211 188 49 andere
4747 6207 78 46 tun

3333 6276 105 48 und
3473 6276 289 54 schwätzen
3800 6293 101 36 von
3938 6281 122 52 dem'
4090 6281 418 63 schöpferischen
4544 6279 179 50 Willen
4756 6297 68 32 —>

3330 6345 245 51 vielmehr
3619 6347 89 50 hat
3751 6351 51 59 ja
3846 6350 125 50 alles
4016 6351 302 50 Betrachten
4364 6353 92 49 der
4502 6352 163 50 Kunst
4708 6344 115 50 eben

3331 6413 178 56 diesen
3544 6416 141 62 Sinn,
3726 6420 134 49 Herr
3895 6435 65 34 zu
3994 6421 209 50 werden
4240 6423 169 53 dieses
4453 6423 179 55 Herrn,
4669 6417 154 48 dieses
