2527 3289
692 1623 242 48 KUNST
973 1619 157 48 UND
1166 1603 344 57 RELIGION

578 1731 80 32 DIE
687 1728 168 33 KUNST
884 1726 109 33 UND
1024 1722 79 34 DIE
1131 1710 285 42 RELIGIOESE
1445 1702 177 38 MENGE

803 1825 98 29 VON
923 1820 145 33 HARRY
1090 1817 114 30 GRAF
1225 1809 176 34 KESSLER

209 1925 110 81 DIE
339 1935 149 26 Geschichte
508 1934 63 35 zeigt
591 1933 35 26 als
646 1933 47 25 den
712 1930 261 37 unerschöpflichsten
988 1926 78 36 Quell

296 1984 51 16 von
354 1976 81 23 Kunst
446 1974 39 26 die
492 1973 126 35 Religion.
641 1971 88 26 Haben
741 1971 89 26 immer
841 1969 93 27 wieder
941 1970 56 24 Not
1008 1966 58 26 oder

210 2008 99 30 Zufälle
324 2013 40 26 die
375 2014 80 25 Kunst
469 2013 26 25 in
510 2012 47 25 den
569 2013 84 24 Dienst
668 2010 40 26 des
724 2009 126 26 Glaubens
865 2007 109 37 gestellt?
999 2004 68 27 Oder

210 2045 83 31 deutet
314 2052 66 26 diese
400 2051 130 35 Stetigkeit
552 2048 185 38 gesetzmäfsige
759 2048 171 35 Beziehungen
950 2055 44 20 an,
1016 2042 51 28 und

210 2088 68 35 neigt
298 2101 49 16 von
360 2093 85 24 Natur
459 2090 39 26 die
513 2090 67 25 Seele
599 2090 75 29 dazu,
690 2089 100 25 Bahnen
809 2087 124 26 zwischen
950 2084 116 34 Religion

211 2127 50 25 und
277 2130 82 26 Kunst
376 2140 31 16 zu
426 2129 99 27 bilden?
552 2128 72 26 Mufs
642 2126 150 36 notwendig
809 2125 113 36 religiöse
941 2125 127 32 Erregung

210 2171 30 18 zu
258 2168 195 27 Kunstschaffen
473 2168 52 26 und
541 2165 172 37 Kunstgenufs
734 2165 100 29 führen,
853 2163 51 27 und
924 2162 66 26 kann
1010 2170 38 16 um-

213 2203 102 32 gekehrt
336 2206 171 37 Kunstgenufs
529 2217 29 16 zu
580 2206 126 35 religiöser
727 2206 127 34 Erregung
875 2201 114 27 werden?
1022 2199 46 26 Die

210 2242 132 30 Aesthetik
363 2247 65 26 wird
449 2246 70 26 nicht
545 2246 90 25 umhin
663 2244 116 29 können,
806 2242 83 25 diesen
906 2238 146 28 Wechselbe-

211 2279 139 41 riehungen
364 2284 223 30 nachzuforschen,
599 2283 88 27 sobald
701 2284 33 24 sie
749 2282 52 26 sich
815 2287 45 19 erst
874 2280 57 26 dem
942 2276 126 36 Ratgeben

211 2325 159 25 entwachsen
382 2323 68 27 fühlt
461 2323 53 27 und
524 2333 46 16 nur
578 2322 92 27 darauf
677 2322 113 35 ausgeht,
799 2321 41 25 das
853 2317 144 27 ästhetische
1005 2316 48 25 Phä-

212 2366 92 22 nomen
317 2364 126 25 verstehen
453 2373 28 16 zu
490 2363 91 29 lernen,
591 2362 50 26 wie
653 2372 23 16 es
688 2360 98 27 auftritt
797 2359 53 26 und
861 2358 50 26 wie
922 2367 23 15 es
954 2353 114 30 verläuft.

271 2402 47 25 Die
338 2402 66 26 Seele
423 2403 35 24 im
480 2401 170 26 Umwandeln
669 2411 50 16 von
737 2400 119 34 Religion
875 2398 25 25 in
917 2398 80 24 Kunst
1016 2392 53 27 und

213 2443 50 20 von
278 2442 81 25 Kunst
374 2442 25 24 in
414 2441 118 36 Religion
547 2438 129 38 begriffen,
698 2455 33 4 —
748 2438 192 33 Verbindungen
954 2443 50 17 von
1019 2434 34 24 Ge-

213 2471 88 34 fühlen
315 2481 52 25 und
379 2481 107 30 Bildern,
501 2480 39 25 die
554 2489 30 16 zu
599 2479 46 26 den
659 2479 99 35 ewigen
773 2477 50 26 und
835 2475 128 36 typischen
974 2471 82 27 Seelen-

213 2521 143 33 vorgängen
370 2520 122 35 gehören,
508 2518 73 26 deren
595 2520 95 23 Wesen
704 2517 57 26 aber
775 2516 60 26 eben
850 2516 41 24 der
903 2510 108 28 Wandel
1029 2510 39 28 ist,

215 2565 34 7 —
265 2556 41 26 ein
320 2558 179 26 verfliefsender
514 2557 53 26 und
580 2556 116 37 jedesmal
711 2557 51 25 wie
777 2565 59 16 vom
847 2552 83 28 Zufall
945 2549 124 38 gewebter

214 2590 106 31 Schleier
334 2608 50 15 von
397 2597 117 26 Inbrunst
527 2596 53 26 und
594 2595 177 30 Sinnlichkeit,
785 2593 50 27 und
851 2591 49 28 auf
910 2591 90 25 diesem
1015 2596 53 16 eine

213 2637 49 20 von
282 2635 47 26 den
348 2636 235 27 unwandelbarsten
601 2635 200 35 Erscheinungen
822 2632 42 26 der
884 2626 184 31 menschlichen

214 2669 248 41 Geistesgeschichte,
482 2676 42 25 der
538 2674 147 26 schillernde
699 2672 168 37 Regenbogen
883 2670 39 26 des
938 2667 130 35 religiösen

1143 1917 172 31 Kunstwerks:
1333 1929 32 6 —
1386 1920 73 18 wenn
1478 1908 41 27 der
1536 1906 71 27 Lohn
1627 1903 58 26 kein
1699 1902 100 27 anderer
1812 1901 43 30 ist,
1875 1911 27 16 so
1922 1902 66 25 wird

1144 1970 55 17 zum
1213 1957 135 28 mindesten
1363 1952 65 27 doch
1442 1949 40 26 das
1498 1944 139 36 Schauspiel
1652 1943 147 25 sehenswert
1813 1940 59 26 sein.

1201 2114 48 26 Die
1263 2110 111 35 religiöse
1389 2108 125 31 Erregung
1528 2101 30 25 ist
1572 2100 78 25 ihrem
1661 2099 94 24 Wesen
1769 2096 64 26 nach
1849 2097 86 25 immer
1950 2096 39 27 die

1144 2152 145 29 Sehnsucht,
1313 2148 41 25 das
1376 2139 205 32 Ueberweltliche
1606 2138 79 25 klarer
1702 2135 220 31 wahrzunehmen,
1946 2145 44 16 um

1145 2204 23 16 es
1186 2189 162 34 inbrünstiger
1365 2183 86 28 fühlen
1472 2189 29 17 zu
1521 2178 109 26 können.
1657 2176 72 25 Beide
1748 2175 137 30 Elemente,
1906 2175 26 25 in
1951 2174 40 26 die

1145 2233 76 26 schon
1230 2229 42 26 der
1282 2227 69 25 naive
1360 2225 58 25 Sinn
1430 2221 39 25 die
1480 2218 207 32 Seelenvorgänge
1697 2212 115 28 zerfallen
1823 2214 71 30 sieht,
1908 2213 83 26 haben

1146 2272 50 26 also
1209 2279 29 15 an
1249 2267 38 26 ihr
1297 2266 46 25 den
1354 2261 110 37 gleichen
1475 2256 95 28 Anteil:
1582 2255 39 25 die
1632 2252 253 36 Vorstellungen,
1897 2252 38 25 die
1948 2262 43 16 aus

1146 2310 45 26 den
1213 2300 275 38 Sinnesempfindungen
1508 2295 50 26 und
1580 2294 72 26 deren
1673 2291 261 36 Erinnerungsbildern
1955 2301 25 17 er-

1145 2348 125 28 wachsen,
1283 2342 51 27 und
1348 2341 39 25 die
1398 2337 154 28 Reaktionen
1566 2333 40 26 des
1617 2330 189 28 Seelenverlaufs
1819 2330 47 27 auf
1877 2331 40 26 die
1928 2333 49 24 Vor-

1145 2387 149 33 stellungen,
1315 2380 39 26 die
1374 2388 51 16 von
1448 2377 42 25 der
1512 2382 104 17 neueren
1641 2371 164 35 Psychologie
1827 2371 43 25 seit
1890 2371 103 27 Wundt

1146 2432 70 21 unter
1233 2424 57 24 dem
1309 2421 98 25 Namen
1426 2412 114 30 Gefühl
1559 2409 230 36 zusammengefafst
1802 2410 110 27 werden.
1946 2411 47 26 Die

1146 2461 159 33 Verbindung
1320 2456 122 28 zwischen
1457 2454 79 25 einem
1552 2450 67 27 Bilde
1634 2450 40 26 des
1686 2449 146 27 Göttlichen
1848 2449 52 27 und
1915 2450 79 26 einem

1145 2502 97 28 starken
1257 2496 93 29 Gefühl
1371 2494 53 26 ihm
1444 2491 138 37 gegenüber
1601 2490 30 25 ist
1649 2489 42 26 der
1708 2489 60 26 Eine
1782 2491 79 29 Kern,
1881 2489 43 26 der
1944 2500 51 16 von

1145 2542 42 26 der
1209 2533 230 38 Mannigfaltigkeit
1464 2531 41 27 der
1525 2530 132 35 religiösen
1677 2528 179 36 Gestaltungen
1883 2530 111 26 umhüllt

1145 2579 71 29 wird.
1233 2575 57 28 Und
1301 2574 62 27 auch
1371 2573 64 25 diese
1444 2570 178 34 Gestaltungen
1633 2566 165 28 durchlaufen
1806 2569 89 26 immer
1902 2570 93 27 wieder

1146 2619 103 33 analoge
1267 2614 113 29 Bahnen;
1399 2611 65 25 denn
1482 2609 46 27 den
1548 2603 124 31 zahllosen
1691 2608 99 26 Bildern
1810 2609 52 26 und
1877 2609 105 27 Gefühls-

1145 2657 203 32 schattierungen,
1361 2661 42 17 aus
1414 2650 78 26 denen
1503 2649 33 26 sie
1547 2648 272 31 zusammenwachsen,
1830 2648 89 27 dienen
1930 2650 67 27 doch

471 1488 69 11 LUDWIG
552 1487 35 11 VON
600 1487 96 13 HOFMANN,
707 1486 65 11 REITEK

1186 2852 0 0 163
