2527 3289
549 337 143 37 aufgehört,
712 340 43 26 das
773 342 158 39 ehrwürdige
945 346 57 27 Alte
1016 357 29 17 zu
1060 348 89 28 lieben.
1190 351 64 26 Aber
1268 354 22 34 je
1305 352 61 26 älter
1377 363 25 16 er

548 377 77 27 selber
642 379 97 31 wurde,
754 390 43 17 um
812 392 28 17 so
854 383 136 29 beflissener
1004 388 77 35 zeigte
1095 399 26 16 er
1134 390 61 31 sich,
1210 389 42 28 für
1262 392 42 26 das
1319 393 82 30 Neue,

548 416 43 26 das
606 419 143 26 Werdende
763 430 29 17 zu
806 421 79 29 leben.
926 426 57 26 Sein
997 428 63 26 Herz
1075 439 54 15 war
1147 430 25 25 in
1194 430 87 26 beiden
1296 433 105 33 Lagern,

547 457 66 25 ohne
629 457 52 27 dafs
697 469 25 16 er
735 470 23 16 es
772 470 29 17 zu
816 463 73 26 teilen
904 464 126 28 brauchte.
1072 470 57 23 Nur
1149 469 43 25 das
1205 471 96 35 Tempo
1324 470 77 27 seines

547 496 132 36 Schiagens
693 509 54 16 war
768 503 165 32 verschieden,
956 505 57 26 dort
1027 506 123 36 langsam,
1176 509 83 35 ruhig,
1285 509 116 36 behäbig,

547 535 95 28 drüben
657 537 92 38 hurtig,
764 541 165 29 teilnehmend
941 545 52 25 und
1005 544 49 27 fast
1066 547 162 36 ungeduldig.
1270 550 31 24 Er
1312 548 90 27 wollte

546 584 27 16 so
595 575 73 28 vieles
683 580 67 25 noch
764 580 104 33 erleben,
883 583 44 26 ehe
942 594 23 15 es
979 595 58 15 zum
1051 586 101 25 Sterben
1176 586 121 27 kommen
1318 587 81 27 sollte.

545 615 32 25 So
592 617 114 27 manches
727 619 24 26 in
767 619 41 28 der
821 622 101 26 Familie
943 624 52 25 und
1011 634 27 15 so
1056 625 117 26 manches
1194 626 68 26 noch
1284 626 116 27 draufsen

543 663 26 17 in
584 654 41 27 der
640 658 78 28 Welt.
759 661 202 30 „Mitßismarck
979 680 32 2 —
1027 674 53 15 was
1090 664 64 26 wird
1170 664 43 26 das
1227 666 67 25 noch
1309 665 90 36 geben?

543 695 50 25 Das
604 696 46 25 mit
662 697 132 34 Bismarck,
808 700 43 26 das
862 702 94 25 möcht'
967 702 42 26 ich
1023 703 66 25 noch
1247 705 58 25 Und
1320 704 34 26 als
1366 705 33 25 ob

542 733 43 27 das
597 735 125 28 Schicksal
744 739 52 25 ihm
817 741 89 33 gerade
930 741 82 26 diesen
1027 742 117 25 Wunsch
1165 752 60 26 gern
1243 744 66 25 noch
1331 744 68 25 hätte

542 772 105 29 erfüllen
668 777 103 35 wollen,
792 778 55 26 liefs
868 789 24 16 es
917 780 43 25 ihn
981 780 62 30 „das
1057 781 47 26 mit
1285 783 66 25 noch
1364 782 35 26 bis

541 822 29 17 zu
585 814 67 26 Ende
674 817 156 31 miterleben,
852 818 53 26 und
925 820 44 25 hat
989 829 25 16 es
1034 819 26 26 in
1082 821 183 35 vorsorglicher
1283 821 74 26 Liebe
1371 832 28 16 so

541 851 95 39 gefügt,
655 855 53 27 dafs
723 857 42 26 das
784 857 72 26 letzte
870 857 68 32 Lied,
954 857 42 27 das
1011 868 25 16 er
1049 868 47 16 uns
1111 869 69 26 sang,
1194 862 55 33 jene
1264 860 123 36 ergreifen-

542 892 48 26 den
611 896 72 24 Verse
697 895 64 30 sind,
782 896 25 25 in
823 896 78 26 denen
916 907 24 16 er
956 907 48 16 uns
1018 898 83 32 „nach
1121 898 155 27 dreitausend

540 931 47 27 den
605 934 285 37 epheuübersponnenen
909 936 176 26 Sachsenwald
1104 937 34 25 als
1159 938 42 25 das
1220 939 118 25 Grabmal
1358 940 40 25 des

539 967 159 42 Gewaltigen
713 974 72 35 zeigt,
800 974 25 26 in
837 973 57 27 dem
905 975 39 25 die
958 975 125 26 lärmende
1098 976 89 26 Freude
1200 980 81 33 später
1292 978 106 30 Waller,

538 1020 50 16 von
603 1012 124 27 Schauern
742 1014 142 34 angeweht,
895 1013 108 37 jählings
1017 1022 154 19 verstummt.

596 1051 168 27 Dreihundert
778 1053 70 32 Jahre
862 1052 204 27 zurückschauen
1085 1054 51 25 und
1157 1055 157 26 dreitausend
1326 1056 71 33 Jahre

536 1093 132 28 vorwärts,
685 1090 42 26 das
739 1101 55 16 war
807 1101 28 15 so
850 1092 68 25 recht
933 1102 52 16 was
1007 1091 42 27 für
1071 1094 46 24 den
1129 1094 81 26 Alten.
1253 1095 87 25 Damit
1355 1094 28 27 be-

536 1129 97 26 währte
652 1138 26 17 er
702 1130 66 25 seine
792 1129 124 27 köstliche
939 1131 160 36 Spannkraft.
1140 1133 58 25 Und
1220 1133 89 26 immer
1330 1134 67 26 noch

536 1167 48 27 den
608 1168 110 26 leisesten
744 1169 143 36 Pulsschlag
914 1170 43 26 der
980 1173 153 33 Gegenwart
1161 1172 111 26 daneben
1294 1172 102 27 fühlen:

536 1207 51 25 wie
611 1208 50 25 nah
684 1207 100 26 brachte
806 1209 45 25 ihn
874 1209 43 25 das
933 1210 64 25 allen
1011 1211 105 34 Jungen,
1142 1211 65 26 allen
1222 1212 174 26 Werdenden!

536 1248 85 24 Kaum
643 1246 77 26 kennt
739 1247 39 26 die
793 1249 150 25 Geschichte
964 1249 40 25 ein
1023 1249 99 26 anderes
1138 1250 115 36 Beispiel,
1277 1250 54 27 dafs
1355 1252 40 25 ein

535 1285 70 26 Alter
619 1295 51 16 von
686 1287 66 25 einer
767 1287 58 25 aller
840 1288 176 25 Umstürzlerei
1040 1288 164 37 bezichtigten
1228 1290 96 36 Jugend
1349 1291 47 25 mit

535 1324 111 26 solchem
674 1326 190 26 Enthusiasmus
892 1326 48 26 auf
970 1326 47 27 den
1049 1327 85 27 Schild
1158 1329 112 34 gehoben
1298 1330 96 29 wurde,

534 1364 50 24 wie
599 1365 25 24 in
640 1374 104 16 unseren
758 1366 84 34 Tagen
858 1365 43 26 der
916 1365 49 26 alte
978 1367 119 25 Fontane.
1138 1367 44 25 Als
1193 1367 49 26 wir
1256 1368 36 25 im
1304 1370 92 32 Januar

539 1412 7 15 i
557 1403 53 26 800
631 1413 42 16 zur
697 1404 65 25 Feier
782 1405 76 25 seines
883 1404 143 36 siebzigsten
1041 1405 176 37 Geburtstages
1238 1408 157 25 versammelt

535 1451 97 21 waren,
663 1442 59 26 kam
747 1442 42 26 das
813 1444 47 25 mit
887 1443 118 36 geradezu
1034 1444 159 27 elementarer
1219 1447 90 25 Macht
1336 1456 58 16 zum

533 1481 143 26 Ausdruck.
704 1481 67 26 Alles
783 1492 53 16 war
846 1481 94 27 darauf
948 1483 122 36 angelegt,
1085 1493 27 16 so
1127 1485 69 25 recht
1210 1485 54 25 eine
1278 1486 115 35 würdige

532 1520 65 25 Feier
613 1520 34 25 im
673 1520 185 27 traditionellen
879 1521 46 26 Stil
939 1531 30 16 zu
984 1522 110 27 werden.
1134 1525 46 23 Ein
1195 1525 115 24 Minister
1325 1525 67 25 hatte

532 1559 163 36 gesprochen,
711 1560 46 25 mit
771 1561 102 25 Humor
887 1561 52 25 und
955 1561 176 30 Bonhommie,
1151 1563 51 25 und
1218 1563 39 25 die
1269 1564 110 35 Altersge-

530 1607 90 16 nossen
635 1600 120 24 Fontanes
769 1598 87 26 hatten
872 1600 52 24 sich
939 1600 26 25 in
979 1602 59 23 Vers
1057 1601 53 25 und
1125 1602 74 25 Prosa
1224 1612 43 24 gar
1291 1602 101 26 lieblich

530 1646 131 26 ergangen,
676 1647 45 16 um
732 1637 48 26 den
787 1638 94 33 Jubilar
891 1639 26 25 in
925 1638 146 27 Ehrbarkeit
1083 1638 41 27 für
1135 1641 52 24 sich
1198 1641 193 27 einzuheimsen.

530 1677 30 24 Es
578 1685 55 17 war
646 1677 56 25 eine
715 1675 139 32 friedliche,
878 1679 140 34 gesättigte,
1040 1678 104 36 mollige
1160 1680 150 34 Stimmung.
1352 1682 40 24 Da

530 1714 120 36 plötzlich
668 1716 76 25 erhob
772 1716 62 30 sich,
857 1726 62 25 ganz
933 1717 288 36 unprogrammgemäfs,
1248 1719 72 24 Ernst
1341 1729 50 15 von

529 1754 155 36 Wolzogen,
700 1754 89 36 schlug
795 1755 50 25 hell
856 1756 50 24 und
923 1756 95 25 tönend
1033 1766 42 15 ans
1084 1757 60 25 Glas
1156 1756 51 25 und
1219 1757 97 34 begann
1327 1757 68 29 „auf

529 1793 84 35 eigene
752 1795 39 24 ein
806 1796 76 24 Poem
897 1795 153 29 vorzulesen,
1065 1795 42 25 das
1121 1795 59 25 dem
1194 1795 68 26 alten
1276 1798 113 34 Kämpen

529 1831 48 26 den
591 1832 95 30 „Dank
695 1833 42 25 der
868 1834 109 25 brachte.
1002 1834 59 25 Und
1073 1834 70 25 solch
1156 1832 125 28 fröhliche
1289 1836 100 25 Wucht

528 1870 65 36 legte
600 1871 146 36 Wolzogen
754 1873 26 24 in
788 1873 183 29 seineStimme,
983 1872 54 26 dafs
1045 1873 40 26 die
1093 1873 296 36 hinausgeschmetterten

527 1912 74 23 Verse
616 1911 50 25 wie
680 1911 41 25 ein
735 1912 100 25 wahrer
849 1912 192 35 Siegeshymnus
1065 1912 135 37 erklangen
1217 1929 33 3 —
1267 1913 53 26 und
1342 1914 46 25 mit

528 1949 80 26 einem
620 1950 54 26 Mal
684 1950 75 26 brach
770 1950 40 26 ein
817 1950 71 33 Jubel
900 1951 46 30 los,
961 1961 28 16 so
997 1951 165 37 hellstimmig
1177 1952 50 26 und
1241 1953 147 35 jugendlich

528 1988 141 30 dröhnend,
685 1989 33 25 als
734 1989 34 26 sei
783 1990 54 25 eine
851 1991 107 25 Schanze
972 1994 117 22 erstürmt
1104 1992 50 25 und
1171 1992 53 25 eine
1232 2001 65 16 neue
1307 1992 80 26 Fahne

527 2026 140 36 aufgehifst
681 2028 115 26 worden.
837 2030 108 25 Bestürzt
960 2029 111 26 blickten
1086 2030 52 25 sich
1153 2030 40 26 die
1208 2031 92 25 älteren
1311 2033 62 24 Herr-

527 2066 113 26 schaften
652 2068 154 35 gegenseitig
821 2077 40 21 an,
877 2068 150 26 schüttelten
1041 2069 182 36 mifsbilligend
1238 2071 41 25 die
1294 2070 92 36 Köpfe,

526 2105 189 27 verschränkten
731 2108 91 34 trotzig
835 2106 40 26 die
890 2110 75 23 Arme
981 2124 33 3 —
1031 2107 57 27 aber
1101 2118 24 16 es
1139 2119 55 16 war
1217 2119 53 16 nun
1294 2110 93 26 einmal

526 2144 148 34 geschehen!
696 2147 109 24 Fontane
820 2147 51 24 und
887 2147 146 35 Wolzogen
1049 2147 74 26 eilten
1142 2147 49 27 auf
1206 2149 119 26 einander
1348 2159 38 20 zu,

526 2183 50 26 und
592 2184 41 26 ich
647 2184 101 36 glaube,
774 2185 34 25 sie
829 2185 72 36 lagen
926 2187 52 25 sich
1004 2187 26 25 in
1048 2187 46 25 den
1109 2188 101 25 Armen.
1252 2188 46 26 Ein
1316 2188 70 33 Jeder

527 2221 56 27 aber
594 2223 94 25 wufste
698 2226 64 33 jetzt,
775 2225 64 25 auch
850 2225 43 25 der
900 2226 252 30 Widerstrebendste,
1164 2226 53 26 dafs
1228 2226 42 27 der
1278 2226 95 37 Siebzig-

524 2261 95 36 jährige
637 2262 52 26 und
709 2262 40 26 die
762 2264 127 25 zwischen
903 2265 122 35 Zwanzig
1036 2265 51 26 und
1103 2265 111 36 Dreifsig
1228 2276 50 16 von
1293 2266 93 27 diesem

525 2300 118 26 Moment
663 2311 32 16 an
718 2302 52 25 eine
784 2304 47 24 Art
848 2303 241 27 Blutsbruderschaft
1110 2305 157 35 geschlossen
1291 2306 95 26 hatten.

583 2340 39 24 An
633 2342 80 32 jenem
724 2342 68 34 Tage
803 2341 124 27 leuchtete
939 2342 41 26 der
988 2345 83 24 Name
1086 2345 118 28 ,Fontane
1207 2349 7 10 c
1228 2344 26 26 in
1269 2344 116 26 hellerem

525 2376 78 27 Glanz
615 2378 48 26 auf
669 2379 35 26 als
715 2380 83 34 jemals
809 2390 83 17 zuvor.
915 2381 58 26 Und
988 2381 77 27 dieser
1071 2383 80 25 Glanz
1163 2384 30 24 ist
1204 2383 102 26 seitdem
1314 2384 71 25 nicht

525 2414 143 29 schwächer
679 2419 144 34 geworden.
865 2422 32 24 Er
906 2420 44 27 hat
961 2421 52 26 sich
1026 2422 34 25 im
1071 2422 130 35 Gegenteil
1213 2424 67 24 noch
1292 2423 94 26 reicher

525 2454 97 26 vertieft
649 2458 53 25 und
729 2458 137 36 vergoldet.
912 2462 50 24 Der
989 2460 187 37 merkwürdige
1204 2461 105 31 Anlauf,
1337 2463 48 25 den

525 2492 109 27 Fontane
642 2496 25 24 in
675 2496 47 26 den
734 2498 122 35 sechziger
865 2499 88 32 Jahren
965 2499 76 26 seines
1053 2501 101 29 Lebens,
1165 2510 41 16 am
1218 2501 165 26 deutlichsten

525 2530 46 25 mit
586 2533 145 36 „Irrungen,
943 2548 151 26 genommen
1109 2540 78 31 hatte,
1198 2550 27 16 er
1238 2539 84 28 führte
1337 2547 47 20 erst

526 2567 26 25 in
566 2569 46 25 den
630 2571 115 37 siebziger
757 2576 97 31 Jahren,
870 2577 46 25 mit
930 2579 79 28 „Frau
1024 2580 79 33 Jenny
1248 2580 54 26 und
1315 2579 68 32 „Effi

631 2611 51 24 und
698 2621 39 16 am
751 2613 247 35 geheimnisvollsten
1018 2618 48 24 mit
1087 2618 57 25 dem
1339 2618 47 28 auf

526 2642 39 26 die
573 2646 66 26 volle
647 2646 170 33 Sonnenhöhe
831 2655 76 25 seiner
917 2657 83 24 Kunst
1014 2656 98 27 hinauf.
1135 2657 119 27 Welcher
1265 2658 118 26 Wunder

1482 355 218 26 wundersamstes!
1722 357 28 24 In
1762 355 47 27 den
1816 357 97 32 Jahren,
1926 357 31 25 da
1966 367 25 16 er
2001 359 64 25 nach
2076 359 58 25 dem
2146 355 191 39 gewöhnlichen

1482 393 68 26 Lauf
1563 393 43 26 der
1621 395 79 35 Dinge
1719 395 40 25 ein
1778 395 173 26 verbrauchter
1965 398 81 24 Mann
2065 398 69 25 hätte
2158 399 50 24 sein
2234 399 103 23 müssen,

1481 432 87 26 rückte
1580 443 25 16 er
1619 433 120 36 plötzlich
1753 435 25 25 in
1794 434 39 26 die
1857 435 125 26 vorderste
1996 436 79 30 Linie,
2096 437 168 34 thatenlustig,
2291 431 47 27 fast

1480 471 147 36 rauflustig,
1646 473 46 25 mit
1713 473 138 26 stählernen
1864 474 118 26 Muskeln
1997 475 51 25 und
2059 476 111 26 Nerven.
2211 467 126 34 Während

1480 511 61 25 weit
1555 513 104 33 Jüngere
1678 511 35 26 als
1728 521 25 16 er
1763 513 67 35 rings
1846 513 158 30 erbleichten,
2020 515 61 24 oder
2095 515 77 26 durch
2197 510 140 40 zappelndes

1481 549 269 27 Mitkommenwollen
1781 552 52 25 und
1859 553 146 34 honigsüfse
2030 555 92 24 Worte
2145 553 118 36 lediglich
2287 550 50 26 ihre

1479 587 112 27 Unkraft
1609 589 131 31 bewiesen,
1765 591 133 25 schüttelte
1917 593 109 24 Fontane
2050 592 136 36 gleichsam
2207 593 39 26 die
2267 591 68 25 letzte

1480 626 178 37 Befangenheit
1673 638 52 16 von
1741 629 52 26 sich
1808 630 30 25 ab
1853 631 51 25 und
1920 631 88 26 wurde
2021 634 56 32 jetzt
2092 639 48 19 erst
2164 642 69 25 ganz,
2258 631 42 25 der
2313 635 23 17 er

1479 676 62 17 war.
1583 667 43 25 Als
1648 668 40 25 ein
1707 669 171 26 unversehrter
1899 671 80 24 Mann
1998 670 68 26 hatte
2078 681 25 16 er
2125 671 52 26 sich
2203 670 36 27 bis
2263 667 72 28 dahin

1480 715 52 16 von
1546 705 43 27 der
1603 707 132 35 Zeitwoge
1755 714 85 29 tragen
1864 708 78 27 lassen
1967 709 51 26 und
2033 709 214 36 gewissermafsen
2272 707 63 27 seine

1480 744 66 26 beste
1562 744 71 27 Kraft
1648 744 41 27 für
1703 746 52 25 sein
1769 747 82 26 letztes
1866 747 221 36 Lebensjahrzehnt
2102 748 150 38 aufgespart.
2287 748 49 31 Lag

1479 784 55 25 eine
1548 785 112 34 Ahnung
1674 785 25 25 in
1713 785 61 30 ihm,
1800 786 53 26 dafs
1878 786 43 26 der
1932 787 138 37 Zeitpunkt
2084 787 41 26 für
2140 789 44 25 ihn
2199 789 36 25 bis
2260 785 75 28 dahin

1479 823 70 25 nicht
1557 823 150 35 gekommen
1722 827 67 23 war?
1811 827 65 24 War
1887 835 23 16 es
1922 826 53 26 eine
1987 827 205 35 geheimnisvolle
2203 824 132 29 Weisheit,

1479 861 40 26 die
1530 862 53 25 ihm
1591 869 126 24 zuraunte,
1726 863 52 26 dafs
1787 864 51 26 sein
1849 864 97 36 eigener
1954 865 94 36 grofser
2055 868 116 24 Moment
2182 872 136 20 zusammen-

1479 899 77 27 fallen
1568 905 81 22 müsse
1664 902 46 25 mit
1725 902 57 26 dem
1800 902 100 36 grofsen
1920 905 209 34 geschichtlichen
2149 907 125 28 Moment,
2296 901 39 27 der

1479 940 52 25 sich
1546 939 41 26 für
1598 940 40 26 die
1652 941 119 26 deutsche
1783 942 129 37 Dichtung
1927 943 111 36 langsam
2054 945 115 25 bereitete
2177 947 8 23 ?
2204 940 130 38 Jedenfalls

1479 979 34 25 als
1528 979 43 25 der
1588 980 194 35 geschichtliche
1797 983 116 24 Moment
1927 981 69 31 kam,
2011 993 43 15 wo
2070 984 39 24 die
2125 985 105 24 Dämme
2245 980 75 29 durch-

1479 1017 108 27 brochen
1603 1019 114 30 wurden,
1731 1019 51 26 und
1797 1020 40 25 die
1850 1028 111 28 gestaute
1972 1021 73 26 Kraft
2059 1023 44 25 der
2114 1023 96 35 Jugend
2225 1023 52 25 sich
2288 1019 46 26 mit

1477 1057 179 34 jauchzendem
1663 1059 103 36 Anprall
1782 1060 24 24 in
1822 1059 39 25 die
1876 1059 135 27 deutschen
2024 1062 207 26 Litteraturlande
2246 1056 89 39 ergofs,

1478 1095 31 27 da
1524 1106 54 16 war
1591 1097 65 25 auch
1671 1099 108 24 Fontane
1794 1099 46 24 mit
1855 1100 81 25 einem
1950 1100 54 25 Mal
2020 1100 59 26 aller
2092 1101 76 26 Fessel
2183 1101 74 36 ledig,
2282 1095 49 29 und

1477 1134 80 26 neben
1573 1135 46 26 den
1633 1138 95 34 Jungen
1743 1137 140 26 schwamm
1905 1138 42 25 der
1962 1139 57 25 Alte
2039 1140 47 25 mit
2106 1140 109 35 rüstigen
2230 1142 101 24 Armen,

1478 1174 39 26 ein
1532 1183 48 17 neu
1596 1175 151 31 Geborener,
1762 1176 92 28 einher.

1536 1214 38 24 Bis
1589 1214 77 25 dahin
1680 1215 67 25 hatte
1762 1225 32 23 er,
1811 1216 56 25 alles
1883 1216 25 26 in
1923 1216 82 31 allem,
2021 1218 66 25 noch
2103 1218 25 25 in
2142 1218 66 26 einer
2222 1220 46 24 Art
2283 1223 47 19 von

1476 1252 180 26 Halbschatten
1671 1254 142 34 gestanden.
1839 1255 144 33 Jahrzehnte
1998 1256 58 36 lang
2067 1257 68 25 hatte
2150 1266 25 16 er
2188 1258 65 24 seine
2269 1256 63 25 beste

1475 1290 73 26 Kraft
1563 1292 26 25 in
1603 1292 267 27 Redaktionsbureaux
1892 1294 162 36 ausgegeben.
2094 1296 65 25 Aber
2180 1297 62 25 weit
2264 1294 68 27 mehr

1474 1329 73 26 Kraft
1562 1332 68 24 hatte
1645 1341 25 16 er
1684 1332 123 26 nebenher
1822 1333 72 36 stetig
1910 1334 25 25 in
1949 1334 53 26 sich
2014 1335 199 35 eingenommen.
2255 1335 76 25 Einen

1474 1369 178 35 Jungbrunnen
1664 1371 69 26 hatte
1744 1382 25 15 er
1779 1371 136 36 gefunden,
1930 1373 47 25 den
1989 1383 25 15 er
2028 1373 123 26 durchaus
2165 1375 69 25 nicht
2248 1377 70 31 ängst-

1474 1408 50 26 lich
1540 1409 86 25 hütete
1651 1409 33 26 als
1700 1411 84 34 irgend
1809 1411 39 25 ein
1872 1411 126 26 kostbares
2014 1413 152 26 Geheimnis.
2221 1412 110 27 Sondern

1474 1457 44 16 vor
1534 1448 58 25 aller
1607 1449 72 25 Welt
1704 1449 73 26 trank
1802 1459 24 17 er
1840 1450 142 37 unablässig
2004 1451 87 26 daraus
2109 1453 53 25 und
2178 1452 86 26 badete
2278 1449 51 27 sich

1474 1487 70 25 darin
1559 1487 65 26 seine
1639 1487 108 28 Glieder.
1769 1489 194 26 Wanderschaft
1977 1490 62 26 hiefs
2054 1492 77 25 dieser
2142 1492 188 35 Jungbrunnen,

1473 1525 51 26 und
1536 1525 42 26 das
1590 1526 117 37 doppelte
1716 1527 84 31 Elixir,
1812 1527 43 26 das
1869 1529 35 25 als
1916 1529 179 27 Zaubermittel
2110 1531 69 25 darin
2194 1531 136 33 verborgen

1473 1564 48 35 lag,
1536 1564 63 26 hiefs
1614 1564 59 27 freie
1690 1565 60 27 Luft
1765 1567 51 25 und
1831 1569 144 34 Berührung
1988 1570 47 24 mit
2050 1570 56 25 dem
2120 1570 145 26 Volkstum.
2297 1569 33 23 So

1471 1603 31 26 ist
1517 1613 25 15 er
1557 1610 62 19 trotz
1633 1603 49 27 fast
1695 1605 90 25 zweier
1800 1608 198 25 Menschenalter
2012 1608 91 30 ,Berlin
2104 1614 7 10 c
2136 1608 66 27 doch
2226 1606 104 28 niemals

1471 1641 166 28 verberlinert.
1689 1644 126 26 Vielmehr
1829 1645 65 25 blieb
1910 1656 24 15 er
1949 1647 127 26 zeitlebens
2092 1647 41 26 der
2148 1647 95 26 biedere
2258 1648 72 25 Neu-

1471 1681 136 36 Ruppiner,
1632 1681 42 27 der
1695 1683 25 25 in
1748 1683 41 26 die
1811 1684 138 27 märkische
1964 1686 152 36 Hauptstadt
2145 1685 184 37 eingewandert

1471 1730 63 19 war,
1553 1720 53 26 und
1620 1721 25 25 in
1660 1720 79 27 dieser
1752 1723 119 26 staunend
1893 1724 145 31 miterlebte,
2058 1726 51 26 wie
2130 1726 52 26 sich
2203 1726 42 26 das
2261 1725 68 32 Ding

1470 1759 47 25 mit
1537 1759 97 26 starken
1650 1760 193 37 Adlerschlägen
1867 1773 43 15 zur
1924 1764 137 26 Weltstadt
2087 1765 141 25 auswuchs.
2269 1762 57 28 Und

1470 1797 125 27 vielleicht
1614 1799 42 25 hat
1671 1801 90 26 Keiner
1775 1811 28 16 so
1821 1801 52 26 fein
1888 1802 52 26 und
1959 1803 78 26 sicher
2058 1802 151 38 empfunden
2230 1804 50 25 wie
2295 1811 32 18 er,

1470 1836 53 26 dafs
1540 1844 69 19 unter
1628 1838 42 26 der
1688 1839 153 27 blendenden
1855 1841 78 27 Hülle
1957 1841 41 27 der
2021 1842 207 37 neugebackenen
2241 1840 69 28 Welt-

1469 1875 65 26 stadt
1555 1876 35 25 als
1605 1878 98 26 wahrer
1717 1879 168 27 Wesenskern
1900 1880 66 26 doch
1987 1882 89 25 immer
2096 1883 68 25 noch
2186 1882 41 26 das
2243 1879 68 29 Welt-

1468 1914 61 26 dorf
1540 1915 101 31 steckte,
1656 1917 44 26 das
1715 1917 178 28 kurfürstliche
1907 1921 73 30 Nest,
2005 1921 60 25 über
2089 1921 42 25 das
2155 1921 39 26 die
2210 1920 104 27 Civilisa-

1467 1954 187 27 tionsbarbaren
1688 1957 26 26 in
1750 1957 94 27 bunten
1875 1960 269 25 Hurmenschwärmen
2180 1970 50 16 von
2262 1958 64 27 allen

1467 1994 274 38 Himmelsrichtungen
1755 1997 227 36 hereingebrochen
1997 2009 93 16 waren.

1881 2090 29 26 11.

1525 2153 50 24 Das
1590 2152 130 26 Wandern
1740 2163 55 16 war
1816 2164 50 15 von
1884 2153 60 27 früh
1964 2154 47 27 auf
2025 2155 65 26 seine
2104 2158 67 25 Lust.
2214 2158 28 24 Es
2258 2153 65 28 mufs

1466 2190 53 26 ihm
1534 2190 72 26 wohl
1622 2191 34 25 im
1668 2192 58 25 Blut
1736 2193 110 34 gesteckt
1861 2194 88 30 haben,
1970 2194 34 26 als
2025 2195 39 25 ein
2079 2197 58 24 Rest
2158 2194 165 27 unruhvollen

1466 2231 218 34 Gascognertums.
1740 2233 71 24 Denn
1837 2234 144 34 Gascogner
2004 2243 55 17 war
2073 2235 108 25 Fontane
2205 2235 42 25 der
2271 2233 35 27 Ab-

1465 2274 142 30 stammung
1618 2270 73 29 nach,
1706 2270 35 26 als
1758 2271 79 26 reiner
1847 2273 98 35 Sprosse
1953 2272 41 26 der
2005 2271 185 28 französischen
2205 2272 115 27 Colonie.

1465 2306 67 26 Aber
1546 2309 35 24 im
1595 2308 69 26 Lauf
1677 2319 50 16 von
1743 2310 146 27 anderthalb
1909 2311 195 33 Jahrhunderten
2132 2313 68 25 hatte
2219 2313 51 25 sich
2297 2311 24 25 in

1465 2347 76 25 seiner
1556 2348 100 25 Familie
1680 2348 53 26 eine
1758 2349 189 27 vollkommene
1968 2351 83 26 innere
2065 2354 149 33 Anpassung
2235 2361 30 16 an
2281 2350 39 26 die

1464 2395 64 16 neue
1542 2387 153 35 Umgebung
1713 2387 147 37 vollzogen:
1886 2388 42 27 das
1943 2392 87 24 Gesetz
2054 2390 42 26 der
2120 2391 135 35 ,mimicry'
2279 2390 43 25 hat

1464 2425 53 25 sich
1529 2424 38 27 bei
1576 2425 52 26 ihm
1640 2425 65 27 auPs
1717 2427 164 26 Glänzendste
1892 2428 122 27 bewährt.
2040 2431 64 24 Herz
2113 2430 51 25 und
2175 2431 146 32 Gesinnung

1464 2464 53 25 und
1533 2464 150 27 Denkweise
1697 2476 86 16 waren
1803 2467 112 34 deutsch,
1933 2468 40 25 die
1987 2468 261 36 Lebensgewöhnung
2267 2469 40 25 des-

1463 2503 121 35 gleichen,
1601 2504 50 26 und
1661 2514 45 16 nur
1718 2505 26 25 in
1752 2506 125 26 einzelnen
1889 2507 148 26 individuell
2048 2508 168 35 gewordenen
2223 2510 96 33 Zügen,

1463 2542 26 25 in
1504 2543 122 34 gewissen
1652 2543 151 27 triebhaften
1817 2546 215 35 Anwandlungen
2049 2547 52 26 und
2116 2547 203 36 ursprünglichen

1463 2582 119 25 Talenten
1596 2582 89 36 schlug
1700 2583 41 26 das
1756 2584 49 26 alte
1816 2585 191 26 Franzosenblut
2021 2586 116 26 neckisch
2152 2586 52 27 und
2224 2586 83 26 förder-

1463 2630 52 16 sam
1530 2620 86 26 durch.
1657 2623 153 26 Kurmärker
1826 2624 52 25 und
1894 2627 144 33 Gascogner
2065 2635 29 16 zu
2122 2626 52 26 sein
2200 2626 26 26 in
2253 2625 66 26 einer

1462 2660 111 36 einzigen
1589 2662 98 29 Person,
1712 2661 42 26 das
1774 2661 49 27 fast
1837 2663 180 36 Antipodische
2045 2664 26 26 in
2098 2663 220 36 liebenswürdiger

1502 2853 0 0 154
