2880 4084
850 168 522 94 Parsifal
1438 171 74 89 à
1578 163 498 118 l'Opéra

1206 409 255 47 Messieurs
1487 407 65 46 les
1578 408 254 46 directeurs
1858 409 55 45 de
1941 406 201 62 l'Opéra
2177 425 46 29 se
2263 408 144 45 tirent
2435 424 96 29 non
2573 406 127 47 seule-

1066 493 133 33 ment
1242 479 123 47 saufs
1410 479 114 45 mais
1563 478 27 45 à
1634 479 99 45 leur
1761 480 216 45 honneur
2017 479 56 45 de
2108 479 42 46 la
2189 478 102 61 plus
2311 477 253 64 effroyable
2604 477 100 47 diffi-

1064 550 126 47 culté
1218 552 76 59 qui
1325 550 189 59 pouvait
1541 549 96 45 être
1666 550 222 60 proposée
1914 550 25 45 à
1968 549 121 46 leurs
2115 548 174 48 efforts.
2319 548 183 47 L'idéal
2531 567 58 26 ne
2615 548 109 47 s'est

1064 634 148 34 certes
1251 638 77 43 pas
1366 620 232 59 consenti,
1628 637 79 43 par
1746 621 161 46 faveur
1944 620 214 61 spéciale,
2198 620 25 45 à
2262 620 43 45 la
2342 619 281 46 réalisation.
2654 619 69 46 La

1066 692 258 61 perfection
1370 707 59 28 ne
1469 692 190 59 pouvait
1704 693 155 44 même
1905 708 77 44 pas
2021 693 97 43 être
2155 689 261 61 approchée
2457 691 56 44 ici
2560 701 166 34 autant

1064 762 110 62 qu'à
1200 762 258 61 Bayreuth.
1482 761 56 61 Je
1565 762 84 45 sais
1675 760 143 63 qu'on
1846 781 25 27 a
1899 761 124 61 parlé
2050 779 64 27 un
2144 762 175 44 instant
2347 760 56 45 de
2481 759 241 64 Bayreuth

1065 834 24 45 à
1118 832 124 46 Paris
1272 830 7 47 !
1356 834 30 22 u
1409 833 78 45 des
1514 832 178 46 mêmes
1718 834 179 45 artistes
1927 831 8 48 !
1977 833 56 44 de
2061 832 268 45 conditions
2368 831 266 60 identiques
2663 828 8 49 !

1065 904 257 45 Tam-tam
1350 915 104 33 tout
1482 903 99 45 cela
1609 901 8 47 !
1648 903 222 63 Enghien
1898 905 120 43 chez
2043 902 65 46 soi
2138 918 143 44 passe,
2310 912 47 34 et
2395 918 188 43 encore,
2611 903 115 45 mais

1065 974 41 46 le
1145 973 102 61 plus
1286 973 204 45 éclatant
1536 974 190 46 miracle
1766 975 55 45 de
1865 973 105 47 l'art
2011 990 57 28 ne
2113 971 178 61 s'opère
2330 988 79 44 pas
2452 988 188 30 comme
2677 990 46 29 se

1064 1044 158 47 réalise
1251 1061 94 28 une
1373 1044 239 61 opération
1641 1044 345 46 commerciale.

1206 1114 295 47 Examinons
1541 1115 118 46 alors
1697 1115 287 46 l'exécution
2027 1115 54 45 de
2124 1112 188 47 Parsifal
2352 1130 87 43 que
2471 1131 114 29 nous
2623 1114 100 47 leur

1065 1187 174 44 devons
1265 1199 62 47 et,
1356 1203 117 43 pour
1500 1186 43 44 la
1580 1187 160 44 mieux
1774 1187 150 61 juger,
1954 1185 337 61 plaçons-nous
2328 1186 393 45 successivement

1062 1274 91 28 aux
1182 1258 112 44 trois
1321 1258 154 58 points
1501 1258 55 44 de
1583 1274 87 28 vue
1700 1257 55 45 de
1784 1256 41 46 la
1865 1256 166 61 poésie,
2072 1256 57 44 de
2167 1255 43 45 la
2248 1255 214 61 musique
2502 1268 45 34 et
2585 1257 56 45 de
2679 1257 44 45 la

1063 1328 155 44 danse.

275 1307 156 53 (Dessin
462 1308 45 37 de
536 1305 227 50 Kufferath)

329 1404 70 47 Le
428 1403 166 61 poème
634 1402 152 46 devait
830 1399 276 46 fatalement
1149 1398 126 46 subir
1321 1397 40 45 la
1407 1408 178 34 torture
1627 1397 143 47 d'une
1812 1397 283 45 traduction.
2128 1395 230 46 Rendons
2382 1395 136 63 grâce
2558 1397 101 64 déjà
2695 1398 26 46 à

189 1474 257 47 Messieurs
489 1473 241 61 Messager
787 1482 47 34 et
877 1469 233 47 Broussan
1152 1467 175 47 d'avoir
1368 1468 144 46 choisi
1554 1467 43 45 la
1641 1467 242 47 meilleure
1944 1468 79 61 qui
2086 1467 65 45 ait
2210 1465 73 47 été
2328 1467 109 45 faite
2486 1467 235 63 jusqu'ici.

189 1545 178 55 Quand
397 1544 155 46 même
578 1543 40 45 le
646 1541 271 47 traducteur
942 1558 26 29 a
994 1540 62 46 dû
1096 1540 126 46 subir
1261 1538 42 47 la
1341 1538 60 45 loi
1439 1550 47 35 et
1528 1536 218 63 sacrifier,
1774 1538 154 47 tantôt
1972 1538 304 45 l'intonation
2318 1554 116 45 pour
2470 1539 253 46 maintenir

188 1615 301 47 l'exactitude
528 1614 62 44 du
627 1629 118 42 sens,
785 1610 171 61 tantôt,
982 1611 133 46 sinon
1144 1609 43 46 le
1216 1625 105 31 sens
1356 1627 60 28 au
1455 1609 153 46 moins
1650 1625 82 30 son
1775 1609 230 61 ampleur,
2034 1624 117 44 pour
2196 1620 186 35 trouver
2422 1606 301 50 l'intonation

183 1688 138 62 juste.
340 1686 137 46 Nous
504 1684 109 45 n'en
641 1684 257 59 prendrons
923 1680 149 63 qu'un
1098 1680 99 47 seul
1224 1679 233 61 exemple,
1477 1680 114 46 mais
1617 1696 118 30 nous
1760 1696 31 47 y
1812 1680 268 46 insisterons
2100 1677 214 47 d'autant
2335 1679 102 61 plus
2455 1677 115 64 qu'il
2587 1679 134 64 s'agit

188 1757 56 46 de
270 1755 304 47 l'invocation
602 1752 213 63 capitale,
843 1754 56 44 de
926 1764 124 34 cette
1078 1751 147 61 prière
1251 1751 35 46 si
1313 1751 193 44 ardente
1533 1751 78 61 qui
1655 1762 199 33 traverse
1881 1750 42 45 le
1967 1750 160 45 drame
2168 1766 117 45 pour
2328 1748 147 47 n'être
2516 1751 205 47 exaucée

188 1845 91 44 que
305 1827 181 61 lorsque
513 1825 204 58 Parsifal,
745 1836 200 50 prenant
970 1823 252 61 possession
1251 1822 57 46 de
1349 1821 265 60 lui-même,
1639 1822 209 60 aperçoit
1873 1839 58 28 en
1977 1821 83 60 lui,
2088 1839 58 28 en
2173 1837 82 31 son
2286 1821 244 47 humanité
2570 1821 151 48 éclose

185 1915 60 29 au
289 1897 146 59 divin,
474 1896 64 46 les
579 1896 234 60 aptitudes
851 1912 59 28 au
950 1891 206 49 sacrifice
1200 1892 298 61 rédempteur
1542 1902 63 48 et,
1643 1893 334 60 compatissant
2019 1891 121 47 alors
2180 1910 60 28 au
2281 1891 109 61 réel,
2429 1891 40 45 le
2509 1891 212 48 sanctifie

187 1968 195 47 d'idéale
407 1968 309 60 acceptation.
799 1964 170 49 Durch
1015 1963 181 47 mitleid
1255 1964 198 45 wissend
1550 1963 214 46 contient
1803 1975 304 34 exactement
2135 1980 10 29 :
2246 1962 42 47 le
2329 1963 193 46 sachant
2561 1981 80 43 par
2678 1963 46 48 la

188 2039 289 60 compassion
559 2055 61 28 ou
646 2053 170 30 encore
847 2053 10 30 :
955 2034 138 49 Celui
1139 2051 89 45 que
1256 2033 42 46 la
1324 2034 291 61 compassion
1660 2033 167 47 éclaire
1906 2056 13 35 ;
1961 2046 47 33 et
2047 2032 79 47 n'a
2169 2044 224 50 pourtant
2418 2051 77 43 pas
2539 2033 180 62 trouvé,

187 2128 91 45 que
301 2112 47 61 je
372 2110 154 59 sache,
554 2108 180 46 d'autre
761 2107 268 47 traduction
1067 2123 47 29 se
1142 2105 313 61 rapprochant
1500 2105 62 45 du
1586 2121 121 44 sens,
1733 2117 47 33 et
1824 2104 246 61 adaptable
2113 2123 59 28 au
2217 2117 127 33 texte
2390 2104 211 61 musical,
2627 2123 94 45 que

241 2179 121 48 Pitié
387 2179 113 46 rend
529 2196 106 45 sage
733 2208 68 7 —
881 2176 193 47 Mitleid
1223 2175 42 46 la
1291 2175 294 61 compassion
1677 2176 214 45 contient
1918 2175 43 46 la
1998 2174 129 62 pitié,
2156 2176 116 45 mais
2299 2174 62 47 les
2399 2175 122 45 deux
2547 2187 174 35 termes

189 2268 58 29 ne
272 2263 106 34 sont
405 2267 77 43 pas
507 2265 302 47 synonymes.
833 2248 70 47 Le
931 2248 200 61 premier
1157 2258 67 35 est
1252 2244 273 48 infiniment
1564 2244 102 62 plus
1704 2245 123 62 large
1867 2263 87 44 que
1990 2245 182 47 l'autre.
2202 2245 71 47 La
2300 2245 112 61 pitié
2443 2245 276 62 n'implique

185 2321 43 47 la
255 2321 197 47 douleur
477 2338 89 44 que
593 2337 188 30 comme
809 2319 366 61 représentation
1204 2330 46 33 et
1276 2316 43 47 la
1345 2316 366 62 représentation
1751 2330 66 33 est
1857 2334 80 43 par
1975 2334 188 30 essence
2199 2316 337 64 anesthésique.
2565 2345 69 7 —
2672 2316 44 48 Si

189 2394 105 44 bien
321 2410 93 43 que
439 2391 43 46 la
508 2390 112 62 pitié
646 2391 145 61 prend
820 2390 41 46 le
889 2406 114 30 nom
1031 2390 55 46 de
1115 2389 236 61 prudence
1379 2389 118 45 chez
1524 2387 119 47 celui
1671 2389 79 61 qui
1777 2404 47 30 se
1849 2387 249 63 l'applique
2125 2389 25 45 à
2170 2387 266 47 lui-même.

329 2461 129 47 Mais
485 2461 42 47 la
554 2461 290 60 compassion
871 2461 78 60 qui
969 2471 67 34 est
1062 2457 398 48 essentiellement
1481 2457 269 64 généreuse,
1769 2474 58 29 ne
1848 2460 172 44 saurait
2038 2460 97 44 être
2152 2457 244 62 appliquée
2413 2457 24 47 à
2456 2458 65 46 soi
2544 2457 174 61 même,

188 2532 274 62 puisqu'elle
489 2532 225 62 implique
743 2531 40 46 le
811 2545 186 48 partage
1025 2530 143 47 d'une
1194 2528 283 59 souffrance;
1500 2528 43 47 la
1562 2527 263 48 souffrance
1853 2528 113 46 d'un
1995 2542 150 47 autre,
2173 2541 46 34 et
2246 2531 55 44 de
2330 2541 103 34 tous
2459 2528 63 47 les
2547 2542 171 46 autres,

187 2604 219 46 ressentie
428 2604 167 61 jusque
623 2604 112 45 dans
762 2602 43 47 la
830 2603 129 45 chair
985 2618 79 45 par
1089 2602 121 46 suite
1238 2601 142 45 d'une
1421 2599 315 63 répercussion
1766 2601 64 44 du
1857 2601 147 45 moral
2031 2617 77 29 sur
2135 2601 42 45 le
2217 2602 240 62 physique.
2486 2598 80 61 Et,
2594 2599 125 47 deux

187 2674 101 59 fois,
315 2691 59 28 au
409 2688 16 31 I
435 2676 33 19 er
495 2684 46 35 et
566 2691 59 28 au
656 2687 27 48 3
689 2674 51 21 uie
764 2686 120 45 acte,
909 2671 188 47 Parsifal
1124 2669 277 61 s'évanouit,
1420 2687 68 29 ses
1514 2671 147 45 forces
1688 2669 280 47 matérielles
1990 2671 184 60 brisées,
2202 2671 27 45 à
2255 2671 42 47 la
2321 2671 127 45 seule
2476 2669 168 62 pensée
2664 2669 57 47 de

187 2744 41 46 la
254 2744 199 46 détresse
482 2744 238 46 humaine.
750 2742 220 47 Détresse
998 2742 154 59 fatale,
1182 2740 269 59 invincible,
1481 2758 90 45 que
1597 2739 328 62 l'acceptation
1952 2742 127 45 seule
2107 2742 203 59 rachète,
2333 2743 192 60 puisque
2551 2740 62 46 du
2636 2740 84 47 fait

184 2814 98 48 seul
310 2814 146 47 d'être
485 2814 58 46 né
569 2814 29 46 il
627 2815 187 61 quittait
841 2814 100 64 déjà
969 2813 296 61 Herzeleide,
1291 2829 49 31 sa
1365 2811 127 47 mère
1520 2810 138 47 réelle
1685 2824 163 48 certes,
1877 2814 115 46 mais
2017 2813 116 62 qu'il
2160 2813 100 45 faut
2287 2811 307 61 comprendre
2617 2811 104 61 plus

185 2885 366 62 profondément
590 2886 135 59 aussi,
767 2884 114 46 d'un
924 2885 132 60 point
1097 2885 56 45 de
1196 2902 88 29 vue
1326 2883 371 63 métaphysique.
1727 2881 220 49 Détresse
1975 2883 340 64 régénératrice
2342 2884 133 58 aussi,
2498 2881 218 64 puisqu'il

184 2955 65 47 lui
277 2956 99 45 faut
402 2956 126 45 avoir
554 2954 193 47 souffert
772 2954 44 45 la
841 2952 259 49 souffrance
1128 2972 198 43 aperçue
1352 2970 59 29 en
1440 2952 258 60 Amfortas,
1724 2965 140 34 avant
1891 2954 56 45 de
1976 2955 131 44 venir
2135 2952 128 47 enfin
2291 2951 126 48 offrir
2439 2952 42 46 la
2500 2969 184 30 commu-

185 3029 111 44 nion
325 3027 216 46 salutaire
569 3026 113 46 dans
708 3025 63 46 les
795 3025 235 63 symboles
1056 3025 157 47 réunis
1239 3026 55 46 de
1317 3025 44 46 la
1388 3024 135 45 lance
1549 3038 46 31 et
1623 3025 62 44 du
1712 3040 114 47 sang
1849 3046 13 37 ;
1890 3025 63 46 du
1978 3024 207 48 sacrifice
2212 3036 47 35 et
2286 3025 56 46 de
2370 3024 348 59 l'acceptation.

184 3096 245 65 Symboles
466 3096 25 46 à
524 3096 163 63 jamais
722 3111 103 29 sans
863 3095 157 45 valeur
1059 3095 173 45 devant
1270 3095 42 45 la
1347 3093 126 47 seule
1512 3093 301 63 intelligence
1849 3107 47 35 et
1921 3097 79 60 qui
2031 3112 57 30 ne
2114 3112 46 30 se
2188 3096 213 44 donnent
2429 3093 292 61 pénétrables

183 3167 108 64 qu'à
316 3167 45 46 la
386 3166 322 65 clairvoyance
736 3166 63 46 du
825 3182 148 31 cœur.
1056 3165 120 47 Pitié
1252 3165 119 47 n'est
1399 3166 122 44 donc
1548 3165 76 61 ici,
1652 3182 57 28 en
1738 3165 221 61 présence
1989 3167 56 46 de
2072 3166 44 47 la
2141 3167 234 60 musique,
2401 3181 91 45 que
2518 3163 45 49 la
2583 3165 109 47 meil-

183 3238 99 47 leur
324 3237 265 47 traduction
632 3236 196 61 possible
871 3236 56 45 de
1026 3237 290 61 compassion
1408 3248 46 33 et
1498 3252 51 29 ce
1596 3234 214 47 meilleur
1855 3237 196 61 possible
2102 3250 118 34 reste
2266 3234 275 63 incomplet.
2601 3236 117 48 Ceci

183 3309 212 46 entendu
472 3307 112 61 pitié
611 3307 111 46 rend
750 3323 105 45 sage
935 3323 47 30 se
1008 3308 255 60 rapproche
1291 3307 56 46 de
1374 3306 303 47 l'exactitude
1707 3308 114 46 mais
1845 3307 27 47 à
1910 3308 41 46 la
1989 3308 245 47 condition
2279 3323 172 30 encore
2495 3307 58 46 de
2587 3323 100 31 com-

183 3380 198 61 prendre
409 3378 114 63 qu'il
551 3378 133 62 s'agit
714 3378 55 46 ici
799 3378 54 44 de
880 3389 123 35 cette
1041 3394 174 46 sagesse
1256 3377 242 63 originelle
1533 3377 165 63 jamais
1735 3379 174 60 perdue
1931 3378 50 63 (')
2009 3380 116 45 mais
2150 3391 103 48 trop
2291 3389 201 35 souvent
2528 3378 191 47 enfouie

329 3487 47 51 (')
401 3519 52 7 ....
489 3487 104 39 doch
630 3486 75 39 bist
728 3487 54 37 du
804 3485 117 40 selbst
942 3500 48 24 zu
1013 3487 87 38 ihm
1121 3486 170 39 erkoren
1316 3485 124 40 bleibt
1463 3486 62 38 dir
1558 3486 65 38 die
1660 3487 152 39 Kunde
1843 3486 252 42 unverloren.
2133 3486 63 40 Cf.
2232 3487 195 53 partition
2453 3487 55 39 K.
2546 3486 172 42 Klindw

181 3546 92 40 orth
296 3560 101 39 page
420 3548 66 46 64.
