2880 4084
345 1660 249 92 Sur
637 1663 125 91 la
815 1673 325 81 mort
1193 1663 158 94 de
1402 1665 404 92 Raoul
1872 1665 409 112 Pugno

2338 1682 13 23 I

224 1886 40 47 Il
293 1887 120 46 n'est
439 1887 117 61 plus.
587 1888 84 46 Un
700 1887 321 63 télégramme,
1044 1905 63 29 un
1135 1889 106 59 soir,
1261 1887 94 46 m'a
1382 1887 182 61 replacé
1592 1890 313 45 brutalement
1927 1908 57 27 en
2008 1891 98 45 face
2129 1893 56 43 de
2210 1890 190 48 l'amère
2428 1892 187 63 énigme

83 1958 55 45 de
166 1957 42 45 la
235 1970 139 48 mort,
403 1957 26 46 à
456 1975 167 43 propos
649 1959 57 45 de
732 1958 126 46 l'ami
888 1959 260 62 très-grand
1178 1970 46 35 et
1241 1958 228 46 très-cher
1504 1960 79 60 qui
1613 1976 58 28 ne
1707 1960 242 46 reviendra
1971 1962 164 62 jamais
2159 1978 9 30 :
2199 1974 45 33 et
2271 1980 60 27 on
2361 1980 73 27 me
2462 1961 152 47 confie

84 2027 41 46 le
152 2028 299 45 douloureux
491 2028 221 63 privilège
741 2030 54 44 de
832 2029 148 61 parler
1021 2030 57 45 ici
1107 2030 56 45 de
1190 2028 81 47 lui.
1302 2028 262 47 Comment
1604 2029 43 46 le
1674 2032 254 61 pourrai-je
1950 2030 15 46 ?
2006 2031 70 46 Le
2104 2049 129 28 cœur
2261 2049 76 28 me
2363 2050 203 45 manque
2591 2033 26 46 à

82 2098 137 46 l'idée
247 2098 155 47 d'user
431 2099 77 46 des
535 2112 122 33 mots
695 2101 77 60 qui
800 2113 185 33 servent
1022 2100 26 45 à
1074 2099 43 46 la
1143 2100 275 59 littérature,
1448 2112 45 33 et
1531 2100 115 45 dont
1673 2100 42 45 la
1741 2101 156 46 vanité
1934 2119 60 27 ne
2020 2101 274 62 m'apparaît
2314 2104 164 62 jamais
2515 2103 102 60 plus

83 2169 174 62 grande
286 2170 142 61 qu'en
456 2170 57 45 de
558 2169 130 47 telles
722 2171 221 46 minutes.
985 2169 225 65 Puissé-je
1238 2188 59 27 ne
1326 2181 149 35 tracer
1500 2188 92 43 que
1620 2187 122 29 ceux
1770 2173 79 59 qui
1878 2172 208 45 naîtront
2112 2173 61 45 du
2200 2174 192 61 chagrin
2434 2173 114 46 dont
2570 2175 45 62 je

81 2240 91 46 suis
199 2242 168 44 envahi
396 2257 10 30 :
454 2240 234 63 puissé-je,
734 2241 113 45 dans
890 2258 53 29 ce
984 2240 141 60 deuil,
1154 2240 149 46 n'être
1345 2240 132 60 point
1521 2258 64 27 un
1614 2240 219 60 écrivain,
1879 2243 115 44 mais
2020 2242 260 47 seulement
2318 2261 63 28 un
2423 2245 193 45 homme

84 2310 217 61 pleurant
328 2328 65 28 un
421 2310 148 62 grand
596 2310 106 46 aîné
729 2313 78 59 qui
836 2311 62 46 lui
929 2312 70 45 fut
1027 2329 64 28 un
1119 2310 214 61 exemple
1362 2311 56 45 de
1446 2310 166 46 beauté
1638 2312 161 60 depuis
1823 2311 352 48 l'adolescence.

223 2381 85 47 Un
336 2381 217 61 exemple
581 2381 55 46 de
667 2381 165 46 beauté
941 2383 46 62 je
1014 2383 117 45 crois
1157 2399 91 44 que
1274 2380 113 47 c'est
1414 2381 42 46 là
1482 2394 104 33 tout
1613 2399 52 28 ce
1692 2381 112 61 qu'il
1832 2382 87 46 fut.
1949 2382 90 47 Son
2069 2385 233 43 existence
2330 2385 55 44 de
2413 2385 202 45 virtuose

81 2468 111 30 aura
219 2451 74 47 été
321 2452 114 46 dans
475 2463 135 35 notre
639 2465 151 48 temps
816 2470 65 28 un
924 2451 299 63 phénomène
1263 2451 289 62 météorique
1590 2463 47 34 et
1663 2453 379 46 extraordinaire.
2071 2453 38 46 Il
2151 2471 30 45 y
2206 2471 26 27 a
2258 2454 133 62 vingt
2427 2472 98 43 ans,
2551 2454 66 46 les

82 2523 188 45 intimes
297 2522 56 46 de
380 2540 52 28 ce
460 2523 315 60 compositeur
813 2522 141 63 léger,
983 2522 64 46 fin
1076 2534 46 35 et
1148 2524 246 44 charmant
1422 2521 175 46 étaient
1636 2540 168 28 encore
1830 2522 121 46 seuls
1977 2522 25 46 à
2025 2525 148 44 savoir
2199 2541 91 44 que
2319 2524 40 45 le
2387 2526 225 44 musicien

84 2593 54 45 de
166 2593 135 62 grâce
329 2594 226 58 française
582 2593 277 46 dissimulait
886 2611 64 28 un
978 2593 136 63 génie
1142 2594 62 45 du
1232 2593 152 60 piano.
1413 2593 84 45 Un
1539 2593 178 60 hasard,
1745 2609 208 45 presque,
1982 2593 42 46 le
2051 2593 150 46 révéla
2225 2611 11 29 :
2279 2594 40 45 le
2346 2594 268 47 lendemain

83 2663 27 45 il
138 2662 111 47 était
287 2663 200 61 célèbre,
515 2675 46 34 et
587 2663 118 46 alors
742 2663 215 47 s'alluma
983 2664 43 45 la
1063 2663 126 47 fusée
1228 2662 308 46 éblouissante
1564 2663 55 45 de
1658 2674 124 34 cette
1820 2663 211 60 carrière,
2060 2665 79 61 qui
2162 2664 137 64 jaillit
2333 2676 47 34 et
2406 2677 209 50 emporta

85 2733 312 62 éperdûment
424 2734 25 46 à
470 2747 173 33 travers
670 2733 42 46 le
740 2747 122 32 vaste
892 2735 175 45 monde
1093 2752 66 27 un
1187 2733 353 45 flamboiement
1567 2733 55 45 de
1649 2733 104 46 l'art
1780 2734 212 58 français.

221 2804 169 63 Pugno
416 2805 73 46 fut
516 2822 66 29 un
609 2805 324 45 ambassadeur
960 2805 55 45 de
1044 2816 133 34 notre
1197 2816 69 33 art
1294 2804 112 45 dans
1427 2802 235 47 l'univers.
1692 2802 193 47 Partout
1907 2804 30 45 il
1963 2806 229 62 subjugua
2219 2822 10 30 :
2260 2818 202 48 partout,
2488 2806 129 60 après

82 2877 123 44 avoir
232 2876 82 46 fait
341 2875 225 47 étinceler
592 2892 47 29 sa
667 2876 221 61 magique
915 2875 374 60 interprétation,
1319 2874 30 45 il
1376 2875 173 45 acheva
1575 2872 196 47 l'œuvre
1798 2892 58 28 en
1886 2876 231 60 imposant
2138 2875 299 47 l'irrésistible
2458 2877 157 45 attrait

197 3013 11 23 1
228 3008 228 55 Rappelons
479 3008 53 40 les
554 3008 238 55 principales
813 3013 132 49 étapes
966 3009 48 38 de
1036 3007 37 40 la
1095 3009 166 39 carrière
1282 3009 49 38 de
1354 3007 132 40 Raoul
1508 3009 159 48 Pugno.
1693 3010 61 36 Né
1775 3022 48 24 en
1848 3022 119 38 1852,
1988 3007 28 40 il
2037 3006 124 41 révèle
2179 3009 49 38 de
2249 3010 76 37 très
2340 3008 132 38 bonne
2495 3009 121 39 heure

83 3067 64 39 des
177 3068 255 53 dispositions
463 3066 334 55 exceptionnelles
828 3081 103 39 pour
961 3065 37 40 la
1030 3067 195 50 musique.
1262 3065 34 40 Il
1326 3076 110 28 entre
1466 3068 22 35 à
1519 3064 153 41 l'Ecole
1704 3067 285 52 Niedermeyer
2009 3067 88 52 puis
2117 3081 51 24 au
2192 3067 301 38 Conservatoire
2514 3069 54 36 où
2589 3066 28 39 il

84 3136 197 42 remporte
302 3126 49 38 de
373 3126 226 38 nombreux
620 3128 134 36 succès
774 3124 195 40 scolaires.
994 3125 214 48 Organiste
1230 3126 22 37 à
1275 3124 111 38 Saint
1409 3126 166 47 Eugène
1596 3124 139 52 depuis
1763 3129 119 43 1872,
1905 3123 29 40 il
1956 3124 159 39 devient
2132 3123 219 53 professeur
2373 3138 51 24 au
2447 3125 144 38 Conser-

84 3184 146 38 vatoire
260 3197 49 25 en
348 3189 120 45 1892,
501 3199 26 37 y
558 3184 187 49 enseigne
776 3182 241 39 l'harmonie
1035 3183 187 49 jusqu'en
1250 3185 104 47 1896
1378 3191 37 29 et
1437 3180 34 39 le
1492 3182 121 52 piano
1635 3182 187 50 jusqu'en
1857 3197 119 35 1901.
2002 3180 35 39 Il
2058 3196 21 24 a
2102 3185 185 35 consacré
2309 3183 21 37 à
2351 3180 38 39 la
2410 3182 207 38 virtuosité

84 3238 51 41 les
166 3243 113 48 vingt
314 3243 198 38 dernières
545 3245 144 35 années
722 3242 49 38 de
802 3255 40 24 sa
874 3241 60 38 vie
955 3250 39 28 et
1015 3242 88 36 s'est
1120 3239 72 38 fait
1214 3237 212 56 applaudir
1446 3239 98 38 dans
1567 3238 34 39 le
1624 3240 148 37 monde
1794 3241 125 37 entier
1943 3257 11 32 ;
1975 3238 26 39 il
2024 3239 190 38 demeura
2244 3239 179 52 pendant
2444 3249 110 29 toute
2575 3253 40 26 sa

84 3300 163 38 carrière
276 3298 35 40 le
347 3298 115 40 fidèle
500 3300 219 52 champion
755 3300 48 37 de
841 3298 37 39 la
915 3298 154 39 maison
1105 3296 134 54 Pleyel
1272 3298 70 51 qui
1376 3298 96 52 perd
1506 3311 48 24 en
1578 3296 56 39 lui
1658 3311 54 24 un
1735 3298 47 38 de
1804 3312 56 24 ses
1881 3296 89 54 plus
1992 3295 182 40 vaillants
2202 3295 236 40 défenseurs.
2474 3295 35 40 Il
2539 3296 74 49 fut,

83 3357 175 51 pendant
278 3357 175 53 dix-sept
473 3371 82 33 ans,
580 3355 275 55 l'inséparable
877 3369 257 40 compagnon
1157 3356 174 51 d'Ysaye
1352 3368 92 25 avec
1467 3355 68 51 qui
1558 3353 28 39 il
1608 3356 135 37 donna
1775 3353 309 41 d'inoubliables
2114 3352 155 40 récitals
2300 3355 48 37 de
2380 3364 165 28 sonates.
2580 3354 35 39 Il

82 3411 108 42 laisse
211 3416 48 38 de
280 3418 77 36 très
378 3415 258 39 nombreuses
658 3415 289 52 compositions
968 3414 48 38 de
1039 3413 183 52 musique
1244 3411 128 51 légère
1397 3413 221 52 (opérettes,
1643 3411 149 48 ballets,
1816 3413 285 53 pantomines),
2125 3412 67 38 des
2213 3412 127 53 pièces
2361 3412 47 38 de
2431 3413 182 50 musique

82 3470 47 39 de
150 3473 201 48 chambre,
377 3487 54 24 un
454 3477 120 49 opéra
595 3487 47 25 en
667 3471 291 40 collaboration
981 3484 95 26 avec
1101 3472 129 38 Nadia
1253 3469 240 50 Boulanger,
1517 3471 43 37 la
1583 3470 100 38 Ville
1702 3472 128 37 Morte
1850 3480 38 29 et
1910 3470 67 39 des
1998 3471 146 52 projets
2166 3470 48 38 de
2235 3470 154 37 drames
2407 3467 174 54 lyriques
2605 3488 8 21 :

82 3529 42 37 la
143 3531 231 51 Rédemption
397 3532 47 37 de
464 3531 109 40 Colin
595 3533 129 36 Muset
724 3561 9 17 ,
757 3531 49 37 de
828 3530 190 39 Maurice
1042 3532 108 36 Léna
1172 3538 37 30 et
1233 3543 54 24 un
1309 3528 147 51 Orphée
1476 3528 48 38 de
1545 3528 276 39 d'Annunzio.
1857 3526 35 40 Il
1923 3537 56 30 est
2010 3537 106 29 mort
2147 3529 21 37 à
2192 3528 190 46 Moscou,
2416 3540 50 25 au
2498 3541 117 25 cours

83 3586 118 41 d'une
223 3592 167 37 tournée
411 3590 49 37 de
482 3599 194 37 concerts,
700 3587 34 40 le
760 3603 19 34 3
803 3588 163 51 Janvier
994 3603 121 36 1914.
