2989 3048
1462 2514 71 73 14

1267 498 60 33 len,
1357 509 47 17 wo
1431 497 75 29 euch
1536 497 191 36 Langeweile

1268 538 111 34 quälte*
1427 537 51 28 Ihr
1507 537 110 29 werdet
1645 536 80 29 reich

1267 587 73 23 sein,
1349 579 57 26 wie
1417 588 28 17 es
1456 576 47 29 die
1511 576 122 36 Könige
1643 576 83 29 nicht

1267 616 77 33 sind,
1379 615 62 29 und
1473 615 91 29 Liebe
1596 615 131 29 nehmen

1269 655 61 28 und
1352 654 127 37 geben*”

1307 710 40 28 So
1369 710 75 29 wird
1465 721 72 17 man
1568 720 36 19 zu
1634 710 93 28 ihnen

1267 760 93 25 sagen
1382 751 131 32 müssen,
1535 749 47 29 die
1597 752 47 26 ein
1659 749 68 29 Bild

1267 788 176 29 betrachten
1458 789 120 33 wollen,
1599 789 68 29 weil
1686 791 41 26 sie

1268 828 72 28 kein
1379 828 187 28 Kunstwerk
1608 828 118 28 erleben

1268 867 134 28 können*
1450 867 38 28 Es
1518 867 70 28 hilft
1617 867 110 33 nichts,

1268 906 67 29 dass
1364 909 54 25 wir
1446 909 42 26 sie
1517 918 55 17 vor
1598 910 47 25 ein
1668 907 39 28 Ge-

1267 945 99 28 mälde
1382 956 99 18 zerren
1496 945 62 29 und
1573 945 94 29 ihnen
1679 946 48 28 die

1268 983 165 29 Schönheit
1456 983 50 29 der
1527 984 117 29 Farben
1664 985 61 28 und

1268 1022 106 28 Linien
1393 1014 254 37 ERKLÄREN*
1677 1023 49 28 Da

1267 1063 38 26 ist
1326 1061 97 28 nichts
1443 1071 37 20 zu
1496 1061 147 34 erklären,
1665 1061 61 29 und

1268 1111 104 18 unsere
1383 1100 106 29 Worte
1500 1100 118 30 werden
1633 1101 75 28 höch-

1268 1145 79 23 stens
1382 1140 251 36 Klugschwätzer
1672 1151 54 17 aus

1267 1179 93 29 ihnen
1372 1179 138 29 machen*
1533 1180 117 29 Farben
1664 1179 62 30 und

1267 1219 107 29 Linien
1418 1220 111 28 wollen
1576 1232 56 17 nur
1680 1220 46 28 die

1266 1258 84 29 Seele
1385 1259 49 29 des
1468 1259 99 29 Bildes
1599 1259 126 29 wirken*

1266 1298 72 28 Wer
1388 1298 46 28 die
1484 1299 84 28 nicht
1618 1298 108 33 erlebt,

1266 1337 69 29 dem
1364 1337 117 29 bleiben
1510 1341 41 25 sie
1574 1343 46 23 tot
1645 1342 80 25 trotz

593 1375 72 28 aller
687 1375 132 28 schönen
841 1375 115 28 Worte*
998 1375 89 28 Wem
1109 1374 69 29 aber
1200 1375 78 29 diese
1299 1375 83 29 Seele
1405 1386 67 20 zum

593 1414 135 29 Wunder
749 1414 84 33 wird,
855 1414 67 29 dem
945 1414 119 28 werden
1090 1417 41 25 sie
1156 1414 130 34 wirken,
1313 1415 36 28 ob
1377 1426 29 18 er
1431 1418 42 26 sie

593 1457 41 25 im
657 1453 162 30 Einzelnen
841 1465 53 24 gar
915 1453 84 28 nicht
1025 1453 136 28 erkennt*
1204 1454 63 28 Das
1289 1454 96 29 Werk
1410 1455 62 28 will

593 1504 55 18 nur
670 1492 57 29 den
750 1495 85 26 einen
858 1493 116 35 Klang*
1010 1492 69 28 Und
1101 1504 60 17 wer
1182 1496 31 25 in
1235 1494 110 28 diesem
1368 1494 103 36 Klang

592 1532 130 28 fröhlich
752 1532 159 35 geworden
941 1534 51 30 ist,
1024 1531 57 29 den
1110 1532 84 28 kann
1223 1533 71 28 kein
1325 1533 147 30 einzelner

593 1570 72 29 Ton
686 1571 149 35 freudiger
856 1570 137 28 machen*

652 1610 59 28 Die
742 1610 207 29 Einzelheiten
980 1610 119 28 werden
1130 1610 55 28 ihn
1217 1611 83 28 nicht
1332 1622 37 19 zu
1405 1612 67 28 dem

593 1649 110 33 Werk,
725 1660 56 17 nur
802 1659 37 19 zu
861 1649 68 28 dem
950 1649 144 28 Künstler
1119 1649 119 28 führen*
1280 1650 49 29 Sie
1354 1651 118 28 werden

592 1689 53 29 ihn
676 1689 57 29 den
753 1689 100 28 Mann
882 1687 183 29 bewundern
1094 1688 111 33 lassen,
1237 1689 49 28 der
1315 1701 32 17 so
1377 1690 96 28 sicher

592 1728 100 29 sieben
721 1728 117 28 Farben
869 1728 186 29 dahinsetzte
1086 1728 61 28 und
1179 1728 130 34 glauben
1341 1729 131 33 machte,

593 1779 29 17 es
644 1771 40 25 sei
707 1770 48 26 ein
777 1778 111 25 ganzer
908 1767 220 36 Regenbogen*

653 1806 71 29 Und
758 1818 88 17 wenn
879 1809 41 26 sie
954 1818 54 17 vor
1038 1806 127 36 Ludwig
1195 1806 127 28 Richter
1355 1806 117 29 bleiben

592 1846 61 29 und
675 1846 84 29 nicht
781 1857 37 19 zu
839 1846 130 29 Böcfclin
991 1846 143 29 kommen
1156 1845 124 34 wollen,
1302 1846 95 28 sollen
1419 1849 53 26 wir

592 1888 41 26 sie
667 1886 38 28 da
739 1886 106 28 lassen*
895 1886 67 28 Ihre
996 1886 104 28 Seelen
1133 1885 65 29 sind
1233 1897 56 17 nur
1322 1885 52 29 auf
1408 1888 64 32 jene

593 1925 135 28 Wunder
753 1928 161 33 gestimmt*
960 1925 97 29 Selbst
1083 1936 89 17 wenn
1198 1936 29 18 es
1257 1930 131 31 gezerrte
1414 1925 40 28 Ge-

593 1964 211 35 spreiztheiten
829 1965 65 28 sind
923 1967 58 26 wie
1005 1965 263 29 Wandmalereien
1298 1967 30 26 in
1355 1964 98 36 König-

593 2004 99 28 lichen
707 2004 128 28 Museen
857 2004 61 29 und
940 2004 79 28 noch
1040 2005 186 28 schlimmere
1245 2003 228 35 Trivialitäten,

592 2054 56 17 vor
669 2043 96 28 denen
786 2046 42 26 sie
857 2043 63 29 sich
949 2043 227 30 wiederfinden:
1206 2055 30 18 es
1266 2044 68 28 hilft
1364 2043 109 34 nichts,

593 2081 66 29 dass
695 2085 53 26 wir
786 2085 41 26 sie
865 2083 172 29 fortzerren*
1092 2083 38 28 Es
1170 2084 81 35 giebt
1290 2083 111 29 keinen
1439 2094 33 18 so

593 2121 175 28 schlimmen
789 2122 113 34 Maler,
925 2122 66 29 dass
1018 2134 30 17 er
1073 2123 83 28 nicht
1181 2123 81 28 noch
1287 2123 187 28 schlimmere

593 2160 197 29 Bewunderer
813 2161 101 29 fände*
957 2161 71 29 Und
1054 2173 59 17 wer
1140 2168 55 23 erst
1222 2161 188 34 bewundert,
1435 2165 38 25 ist

592 2200 182 28 schliesslich
800 2212 54 16 vor
876 2201 68 28 dem
969 2201 214 34 schlimmsten,
1209 2201 67 28 dem
1297 2201 177 36 Klugreden

593 2244 137 31 gerettet*
775 2239 72 29 Wer
872 2240 84 28 mehr
981 2243 31 26 in
1037 2241 63 28 sich
1126 2241 69 34 hat,
1223 2241 74 28 wird
1327 2251 36 19 zu
1389 2240 85 29 mehr

593 2279 157 28 kommen*
796 2278 71 28 Und
893 2290 89 17 wenn
1008 2280 97 28 nicht:
1130 2283 106 25 immer
1261 2280 80 28 noch
1368 2279 106 34 besser,

593 2318 66 29 dass
685 2321 81 25 einer
792 2317 113 29 ehrlich
932 2319 108 34 Quark
1067 2319 189 34 bewundert,
1281 2320 44 28 als
1351 2319 67 28 dass
1443 2330 31 17 er

591 2358 49 28 für
662 2360 47 26 ein
730 2357 133 28 Rechtes
884 2357 217 37 Begeisterung
1121 2359 151 29 heuchelt*

652 2397 64 28 Das
742 2397 70 28 alles
838 2407 72 25 sage
936 2397 49 27 ich
1010 2400 55 25 mir
1086 2409 49 17 am
1159 2398 127 35 Abend,
1312 2410 88 17 wenn
1427 2397 46 29 die

593 2436 113 35 Lampe
728 2435 58 29 den
809 2435 86 35 Kopf
920 2435 76 30 heiss
1022 2437 102 28 macht
1151 2437 60 29 und
1238 2437 46 29 die
1310 2438 83 29 Welt
1418 2440 55 26 mit

1521 1379 118 26 meinen
1665 1377 262 28 Fensterscheiben
1954 1377 53 28 auf
2009 1377 78 29 hört*
2128 1376 84 29 Aber
2238 1387 89 18 wenn
2353 1387 49 17 am

1521 1416 131 36 Morgen
1681 1415 47 29 die
1758 1415 255 29 Sonnenstrahlen
2045 1417 52 28 das
2132 1417 110 28 fernste
2272 1415 129 29 Gewölk

1521 1458 96 30 röten,
1639 1455 146 28 erscheint
1807 1466 28 18 es
1858 1458 55 26 mir
1935 1456 67 28 eitel
2024 1456 171 28 Flunkerei*

1582 1495 57 27 Die
1669 1495 167 28 Menschen
1866 1495 65 28 sind
1960 1496 84 28 nicht
2074 1495 84 29 mehr
2187 1498 83 26 naiv*
2320 1493 82 34 Alle,

1521 1533 47 29 die
1598 1533 36 29 da
1667 1536 31 26 in
1733 1534 47 29 die
1810 1535 104 28 Natur
1950 1535 153 35 geschickt
2137 1535 133 33 werden,
2302 1533 99 29 haben

1521 1573 94 28 schon
1637 1573 98 29 Bilder
1762 1574 143 36 gesehen,
1931 1573 65 28 sind
2022 1577 54 25 mit
2098 1574 119 29 Bildern
2245 1585 80 25 gross
2353 1584 32 25 ge-

1522 1622 106 26 zogen*
1670 1612 48 29 Sie
1748 1613 100 28 haben
1878 1613 84 28 nicht
1991 1624 56 17 nur
2076 1614 63 28 ihre
2164 1614 114 28 Freude
2308 1613 93 29 daran

1523 1651 126 36 gehabt,
1678 1655 41 26 sie
1748 1653 67 28 sind
1845 1652 78 29 auch
1953 1651 172 31 beeinflusst
2154 1653 132 29 worden*
2330 1652 70 29 Und

1521 1702 62 18 was
1605 1693 41 27 sie
1668 1692 42 28 als
1730 1691 167 29 Schönheit
1918 1694 31 26 in
1972 1692 49 28 der
2036 1692 82 28 Welt
2139 1693 91 28 sehen
2254 1692 61 28 und
2338 1702 62 18 was

1521 1733 41 26 sie
1588 1731 42 28 als
1656 1730 171 37 Stimmung
1853 1731 134 36 ergreift,
2018 1731 52 29 das
2095 1734 37 26 ist
2162 1731 46 29 die
2234 1731 166 29 Schönheit

1523 1769 59 28 und
1605 1770 46 28 die
1673 1770 172 36 Stimmung
1865 1770 135 28 IHRER
2021 1770 109 29 Bilder*
2167 1771 71 28 Und
2260 1771 66 28 weil
2348 1773 53 26 wir

1521 1820 55 16 vor
1598 1811 79 26 einer
1699 1810 185 28 Generation
1905 1810 121 33 stehen,
2052 1809 46 29 die
2123 1810 64 28 ihre
2213 1810 131 36 Bildung
2370 1813 31 25 in

1521 1850 79 26 einer
1621 1848 67 29 Zeit
1709 1849 108 33 nahm,
1844 1861 47 17 wo
1913 1861 70 17 man
2005 1849 200 35 empfindsam
2226 1861 77 22 war,
2328 1854 73 24 statt

1521 1897 37 19 zu
1588 1888 171 34 empfinden
1788 1888 62 29 und
1881 1889 197 33 „schönlich”
2108 1894 72 24 statt
2210 1889 108 33 schön,
2352 1900 48 17 wo

1521 1937 71 17 man
1614 1938 52 18 aus
1689 1927 89 29 allem
1800 1928 47 29 die
1871 1928 159 29 falscheste
2051 1928 255 29 Sentimentalität
2332 1939 69 25 zog,

1521 1965 88 29 selbst
1632 1978 53 17 aus
1707 1967 57 29 den
1787 1979 119 24 grossen
1928 1967 109 29 Alten:
2063 1969 73 28 wird
2158 1971 42 26 sie
2222 1968 49 28 der
2297 1971 104 33 eigene

1522 2005 94 36 Hang
1638 2009 103 26 immer
1762 2007 108 29 abseits
1893 2007 49 29 der
1964 2007 102 29 Kunst
2087 2008 120 28 führen*

1580 2045 78 28 Man
1683 2046 86 28 sollte
1798 2049 42 26 sie
1869 2046 122 29 deshalb
2021 2050 55 25 mit
2101 2048 62 28 List
2194 2047 60 29 und
2281 2047 120 28 Gewalt

1521 2096 55 16 vor
1602 2096 76 17 neue
1700 2086 204 28 Kunstwerke
1928 2086 157 35 schleifen,
2110 2098 71 17 man
2207 2087 86 28 sollte
2318 2086 83 28 nicht

1521 2123 96 28 ruhen
1639 2127 55 25 mit
1712 2125 174 29 Hinweisen
1907 2126 61 28 und
1985 2126 196 36 Deutungen*
2216 2126 78 28 Man
2315 2126 86 28 sollte

1522 2173 101 25 grosse
1643 2163 100 29 Bilder
1765 2164 49 28 der
1836 2165 80 27 alten
1938 2165 134 34 Meister,
2098 2165 219 29 Dichterworte
2339 2163 62 29 und

1522 2201 165 30 Erlebnisse
1722 2213 68 19 zum
1820 2203 162 36 Vergleich
2015 2205 198 28 heranholen*
2266 2204 61 28 Um
2360 2205 41 26 sie

1523 2241 163 36 gleichsam
1719 2245 154 34 suggestiv
1906 2253 36 20 zu
1978 2247 153 33 zwingen,
2167 2255 39 17 an
2243 2243 46 29 die
2325 2252 76 18 neue

1522 2280 165 30 Schönheit
1708 2292 39 19 zu
1768 2282 260 34 „GLAUBEN”*
2065 2284 71 28 Und
2158 2283 36 28 ob
2218 2282 50 29 der
2283 2281 118 28 Glaube

1523 2322 47 25 ein
1600 2331 252 25 angenommener
1881 2325 52 31 ist,
1966 2323 151 29 vielleicht
2151 2321 119 36 ergreift
2302 2331 29 17 er
2360 2323 41 26 sie

1523 2359 78 29 doch
1633 2361 121 28 einmal*
1806 2361 163 29 Vielleicht
2001 2363 124 28 können
2156 2364 41 25 sie
2233 2359 168 35 überhaupt

1522 2410 56 17 nur
1600 2392 261 38 ÜBERREDET
1883 2402 118 28 werden
2026 2401 61 29 und
2114 2399 65 30 sind
2205 2399 105 29 anders
2336 2411 49 24 gar-

1521 2438 84 28 nicht
1631 2440 194 36 zugänglich*
1868 2441 163 28 Vielleicht
2056 2442 115 32 springt
2197 2441 79 27 eines
2298 2437 103 38 Tages

317 1196 159 23 STUDIEN

287 1235 71 24 ZUR
382 1235 110 24 KREUZ-

300 1275 193 23 ABNAHME.

324 1110 151 29 JOHANN

294 1150 32 23 V.
345 1142 166 30 KRÄMER.
