2993 3048
1384 2505 74 72 17

1203 509 53 18 aus
1288 499 49 28 der
1365 501 133 29 falschen
1524 503 130 36 Begeiste-

1202 549 76 23 rung-
1304 549 47 17 ein
1380 540 107 29 Funke
1516 552 44 19 ins
1590 543 80 30 Herz

1202 577 61 27 und
1272 577 110 29 zündet
1397 589 46 17 ein
1455 580 113 30 rechtes
1577 581 93 29 Feuer

1201 626 49 17 an*
1273 616 70 28 Und
1357 628 101 18 wenns
1478 630 54 17 nur
1549 620 119 29 brennt!

1201 654 91 28 Dann
1313 660 37 23 ist
1372 667 28 17 es
1422 657 108 35 gleich,
1556 659 37 28 ob
1617 659 50 29 das

1201 692 78 30 Holz
1295 704 52 18 aus
1364 695 66 28 dem
1441 706 123 25 eigenen
1576 698 90 28 Wald

1199 731 127 29 kommt*

1237 770 39 28 So
1307 772 118 28 werden
1456 784 53 17 wir
1539 774 48 29 für
1620 776 45 28 die

1198 809 100 29 Kunst
1318 810 200 31 UNSERER
1540 813 66 29 Zeit

1197 848 60 28 und
1281 849 50 28 das
1352 853 109 26 müsste
1482 862 71 18 man
1572 853 93 28 ihnen

1198 887 76 28 auch
1304 889 79 27 noch
1417 890 81 28 recht
1534 891 130 29 deutlich

1195 926 141 34 machen,
1375 928 65 29 dass
1474 939 52 18 wir
1559 930 104 30 anders

1195 965 105 28 fühlen
1325 966 42 28 als
1388 978 103 18 unsere
1520 969 126 29 Grossvä-

1195 1009 57 28 ter,
1282 1005 65 28 dass
1377 1006 45 28 die
1447 1006 198 31 Renaissance-

1194 1044 159 28 menschen
1388 1045 104 29 anders
1533 1046 129 35 fühlten,

1195 1083 42 28 als
1267 1083 45 29 die
1334 1083 157 35 Griechen,
1512 1086 61 28 und
1596 1086 65 29 dass

1194 1122 62 28 sich
1285 1122 106 29 daraus
1421 1123 48 28 für
1501 1124 63 34 jede
1595 1125 65 29 Zeit

1193 1161 77 29 auch
1302 1172 47 18 ein
1380 1173 88 17 neuer
1498 1162 162 30 Ausdruck

1192 1200 77 28 ihres
1298 1212 95 17 neuen
1423 1201 139 34 Gefühls,
1595 1213 64 18 eine

1192 1250 75 17 neue
1288 1239 100 29 Kunst
1414 1251 61 17 von
1500 1241 88 28 selbst
1617 1253 28 17 er-

1192 1278 80 35 giebt
1351 1290 32 16 so
1405 1279 116 28 werden
1543 1290 53 18 wir
1611 1281 48 28 für

1191 1317 46 28 die
1259 1317 99 28 Kunst
1374 1317 199 30 UNSERER
1592 1320 66 28 Zeit

540 1363 80 19 zwar
640 1355 89 28 keine
750 1355 121 29 wahren
889 1356 112 35 Jünger
1022 1366 165 25 gewonnen
1209 1356 109 34 haben,
1339 1356 69 29 aber

541 1392 76 28 doch
647 1394 179 34 Menschen,
859 1395 46 28 die
935 1406 28 17 es
992 1405 52 18 aus
1076 1400 101 30 gutem
1206 1395 110 29 Willen
1346 1406 61 18 sein

540 1432 151 30 möchten.

597 1471 39 29 So
667 1473 78 28 denk
777 1473 48 29 ich
860 1484 48 18 am
936 1473 138 35 Morgen.
1122 1472 83 29 Aber
1238 1484 86 17 wenn
1357 1474 49 27 ich

538 1510 78 28 nach
638 1511 66 29 dem
724 1512 113 36 Mittag
861 1515 41 26 im
923 1512 89 29 Wald
1038 1512 90 35 liege,
1153 1523 46 16 wo
1225 1511 47 29 die
1292 1511 114 30 Bienen

536 1559 39 17 an
606 1550 55 28 den
690 1551 109 29 Blüten
828 1552 121 35 hängen
981 1551 60 28 und
1072 1550 92 29 bunte
1192 1550 94 29 Käfer
1316 1551 89 29 Gras-

535 1590 113 33 stengel
670 1590 47 28 für
738 1590 80 28 hohe
839 1590 113 28 Bäume
973 1590 114 32 halten,
1108 1600 70 24 sage
1198 1589 49 28 ich
1267 1600 68 17 mir:

595 1628 99 30 Wozu
716 1630 39 28 all
778 1629 45 29 die
846 1629 158 35 Quälerei?
1045 1629 56 28 Die
1123 1629 101 28 Kunst
1248 1631 37 26 ist
1307 1630 95 28 weder

534 1676 68 20 zum
634 1667 144 30 Erziehen
811 1669 52 33 da,
893 1668 78 29 noch
1003 1678 35 19 zu
1070 1672 80 24 sonst
1182 1670 97 26 einem
1310 1673 91 30 guten

533 1705 121 30 Zweck.
696 1707 76 29 Also
794 1708 95 28 lassen
915 1709 52 27 wir
992 1707 46 28 die
1063 1706 165 29 Menschen
1253 1706 93 29 damit
1370 1710 31 26 in

532 1745 101 28 Ruhe.
668 1745 48 30 Sie
737 1749 36 26 ist
794 1747 183 35 notwendig.
1013 1745 75 29 Gut!
1124 1745 73 28 Eine
1217 1745 183 30 Thatsache.

533 1783 91 28 Dann
645 1785 116 28 kommt
783 1797 28 16 es
837 1788 55 25 wie
921 1785 46 28 bei
997 1785 77 28 allen
1097 1785 134 34 Dingen,
1260 1795 32 18 so
1322 1786 78 27 auch

531 1822 47 28 bei
598 1823 47 28 ihr
670 1824 105 28 darauf
800 1835 54 22 an,
879 1824 65 28 dass
969 1826 41 26 sie
1036 1823 111 29 Freude
1173 1824 111 27 macht.
1326 1824 73 29 Was

530 1861 93 28 sollen
644 1864 52 27 wir
718 1863 37 28 da
777 1863 174 35 gewaltsam
971 1862 118 29 zerren?
1130 1862 33 28 In
1189 1873 117 18 unserer
1330 1874 67 17 son-

529 1899 141 30 derbaren
691 1902 81 27 Welt
796 1904 37 25 ist
857 1913 62 16 nun
944 1902 107 27 einmal
1077 1901 70 28 alles
1172 1903 31 26 in
1228 1904 77 25 einer
1330 1913 66 17 son-

529 1939 139 29 derbaren
695 1940 157 36 Ordnung.
898 1940 59 28 Wo
983 1942 47 26 ein
1055 1940 143 28 Künstler
1223 1943 30 25 in
1280 1940 115 30 Farben

528 1978 69 29 oder
623 1979 124 28 Worten
772 1979 70 28 oder
867 1977 109 30 Tönen
1002 1984 90 23 etwas
1118 1979 103 29 Neues
1247 1985 81 31 sagt,
1357 1981 38 29 da

528 2016 64 29 sind
615 2018 78 27 auch
717 2020 102 26 immer
844 2017 120 34 Öhren,
990 2018 46 29 die
1061 2018 92 28 hören
1182 2019 122 33 wollen,
1334 2020 60 29 und

1457 1357 127 35 Herzen,
1600 1359 47 29 die
1658 1360 62 28 sich
1732 1361 79 28 nach
1826 1373 89 18 neuer
1926 1363 157 31 Botschaft
2098 1367 123 30 sehnen*
2252 1370 76 29 Dass

1456 1407 28 17 es
1500 1398 145 29 zunächst
1659 1410 57 17 nur
1730 1410 116 26 wenige
1860 1402 76 33 sind,
1957 1415 70 25 mag
2043 1405 66 29 dem
2126 1407 202 31 betreffenden

1456 1436 124 30 Messias
1606 1440 47 26 ein
1679 1438 92 30 Trost
1795 1443 77 32 sein,
1901 1453 89 18 wenn
2015 1455 30 18 er
2070 1456 38 18 an
2135 1447 60 29 alte
2219 1449 88 28 Wahr-

1456 1475 99 29 heiten
1578 1477 92 29 denkt
1738 1489 61 19 was
1821 1486 83 30 sagte
1927 1482 78 29 doch
2027 1487 79 32 jener
2120 1497 72 18 vom
2207 1487 106 29 Beifall-

1455 1514 157 30 klatschen
1639 1517 49 29 der
1712 1517 138 31 Athener
1938 1523 61 29 und
2025 1524 57 29 den
2103 1525 134 36 Jüngern
2263 1530 64 26 eine

1454 1553 123 29 Freude.
1626 1555 48 30 Sie
1703 1557 92 29 feiern
1824 1559 134 30 nachher
1989 1562 52 29 das
2070 1564 176 36 Pfingstfest
2278 1578 49 17 um

1453 1602 31 18 so
1506 1593 116 30 stolzer*

1512 1632 77 30 Dass
1616 1634 100 30 Kunst
1742 1637 60 28 und
1829 1637 85 29 Volk
1943 1641 78 27 noch
2050 1644 49 26 nie
2128 1647 103 25 soweit
2261 1656 49 18 aus-

1452 1672 322 36 einandergefcommen
1799 1677 81 34 sind,
1909 1678 44 29 als
1978 1682 29 25 in
2036 1692 118 18 unserer
2180 1682 80 32 Zeit,
2289 1687 36 26 ist

1451 1712 64 26 eine
1550 1723 71 24 gern
1655 1714 61 29 und
1750 1715 43 28 oft
1827 1719 255 34 ausgesprochene
2113 1720 211 38 Behauptung.

1451 1748 141 37 Freilich,
1627 1764 86 17 wenn
1744 1765 70 18 man
1850 1755 46 29 die
1928 1756 119 30 Summe
2082 1758 72 29 aller
2185 1760 120 29 Krämer-

1449 1789 95 28 seelen
1575 1791 47 28 für
1655 1792 50 29 das
1738 1793 85 28 Volk
1852 1795 118 28 nimmt!
2022 1796 97 34 Aber,
2153 1809 59 18 wer
2245 1801 79 27 nach

1446 1827 242 34 Jahrhunderten
1724 1842 104 18 unsere
1862 1833 65 28 Zeit
1966 1845 54 17 aus
2054 1835 85 28 ihren
2174 1837 150 35 Büchern,

1448 1866 223 37 Zeitschriften,
1696 1870 117 29 Briefen
1835 1871 60 28 und
1917 1870 222 38 Tagebüchern
2166 1876 91 33 sieht,
2284 1878 36 28 ob

1446 1905 49 29 der
1516 1907 83 28 nicht
1622 1908 45 29 die
1683 1909 116 29 Wellen
1822 1911 71 28 aller
1913 1922 119 24 grossen
2048 1913 113 29 Werke
2177 1915 145 30 erkennt?

1444 1944 52 29 Ich
1519 1946 107 33 denke,
1649 1947 45 29 die
1716 1948 190 30 Menschheit
1929 1950 52 28 hat
2003 1951 79 28 noch
2103 1955 104 28 immer
2235 1958 85 27 einen

1444 1994 31 17 so
1506 1995 118 24 grossen
1650 1986 129 37 Magen,
1809 1988 65 28 dass
1904 1991 40 26 sie
1975 1990 78 28 auch
2082 1991 65 29 ihre
2174 1994 146 30 Künstler

1444 2023 139 28 verdaut.

1206 2122 200 29 WILHELM
1428 2116 205 37 SCHÄFER.

2414 742 157 25 STUDIEN
2599 745 46 22 ZU

2467 782 111 24 EINEM

2420 816 205 30 PHARISÄER

2446 860 76 24 UND
2539 862 72 22 ZUR

2458 900 94 23 KREUZ
2571 900 19 23 -

2426 937 191 26 ABNAHME.

2453 657 150 28 JOHANN

2420 696 32 23 V.
2470 691 164 28 KRÄMER.

2458 2289 101 28 JOSEF

2400 2328 216 24 HOFFMANN.
