2989 3048
1555 2500 71 67 4

698 479 42 29 als
761 491 72 17 man
854 478 62 30 will
931 499 7 8 ♦
954 499 8 9 ♦
977 500 8 8 ♦
1029 480 69 29 Und
1129 479 52 31 das
1203 480 144 37 Unglück
1373 482 118 28 verliert
1513 481 63 29 sich

697 530 31 17 in
749 519 206 29 Einzelheiten
970 539 7 8 ♦
993 539 8 8 ♦
1017 539 7 8 ♦
1067 520 99 29 Wenn
1187 521 49 28 ich
1258 520 70 29 aber
1349 521 90 28 allein
1454 521 122 29 komme

697 578 8 8 ♦
717 578 8 7 *
738 578 7 7 *
759 558 98 35 gleich
879 558 46 29 bei
947 559 57 28 den
1026 565 95 23 ersten
1142 560 127 28 Worten
1281 580 8 8 *
1302 580 7 8 ♦
1322 580 7 8 ♦
1345 571 32 17 so
1399 570 61 19 wie.
1471 560 48 28 ich
1534 571 42 18 sie

697 597 99 28 kenne
811 617 8 8 ♦
835 617 8 8 ♦
858 617 8 9 ♦
883 598 51 29 das
960 601 80 26 wäre
1068 609 37 20 zu
1134 599 201 29 schrecklich!
1377 599 74 28 Gott
1479 610 95 23 weiss,

697 647 61 18 was
780 637 169 35 geschehen
970 638 101 29 würde
1086 658 8 8 ♦
1109 658 8 8 ♦
1133 658 7 8 ♦
1170 639 100 28 Wenn
1285 649 53 18 wir
1353 639 69 28 aber
1437 639 118 29 abwech-

697 676 81 28 selnd
800 677 153 34 sprechen,
975 678 94 28 hören
1084 688 52 23 sie,
1157 689 62 18 was
1234 688 54 18 wir
1302 689 103 25 sagen,
1426 679 61 28 und
1509 690 48 17 ver-

697 726 103 25 gessen
815 716 136 34 darüber,
965 717 50 28 der
1026 717 176 28 schlimmen
1213 717 158 29 Botschaft
1383 718 54 28 in's
1450 718 123 28 Gesicht

696 765 36 19 zu
754 755 91 29 sehen
860 776 8 8 *
884 776 7 8 *
907 776 8 7 *
958 756 148 34 Bedenkt,
1128 756 65 29 dass
1216 756 47 29 die
1281 757 115 28 Mutter
1418 757 86 28 dabei
1526 762 47 29 ist,

695 795 61 28 und
778 795 67 28 dass
866 795 47 28 ihr
935 795 99 28 Leben
1056 807 39 17 an
1116 807 32 17 so
1170 807 99 24 wenig
1284 796 97 36 hängt
1396 816 8 8 *
1420 816 7 8 *
1443 816 8 8 *
1480 797 38 28 Es
1536 802 37 23 ist

696 840 64 30 gut,
775 846 88 17 wenn
878 835 47 28 die
940 840 74 23 erste
1029 835 99 36 Woge
1142 835 63 29 sich
1221 847 38 17 an
1275 846 47 18 ein
1336 847 72 23 paar
1420 838 153 27 unnützen

695 874 126 28 Worten
842 874 97 28 bricht
954 894 8 8 ♦
978 894 8 8 ♦
1002 894 8 8 ♦
1052 875 77 28 Man
1154 886 79 17 muss
1255 885 30 17 in
1308 875 181 35 Gegenwart
1511 886 62 17 von

696 913 245 35 Unglücklichen
973 914 198 34 sprechen
1203 914 61 28 und
1296 924 41 18 sie
1370 914 83 27 nicht
1483 915 90 27 allein

694 952 106 28 lassen*
843 953 61 27 Der
926 953 233 35 gleichgiltigste
1183 952 128 28 Mensch
1343 958 106 22 nimmt
1480 953 92 28 ihnen

695 997 91 23 etwas
799 1003 61 17 von
872 991 94 29 ihrem
978 991 158 29 Schmerze
1150 991 50 33 ab,
1218 991 79 28 ohne
1310 1002 28 17 es
1351 1002 36 18 zu
1399 1002 105 17 wissen
1516 1011 8 8 *
1540 1011 8 8 ♦
1564 1012 7 7 ♦

694 1030 67 29 Auf
782 1031 78 28 diese
882 1031 101 28 Weise
1004 1030 141 28 vertheilt
1167 1041 29 17 er
1217 1030 63 28 sich
1302 1030 80 28 ohne
1398 1030 59 28 viel
1472 1031 100 32 Lärm,

695 1070 80 28 ohne
795 1070 109 32 Mühe,
926 1080 56 17 wie
1004 1069 71 28 Luft
1097 1069 60 28 und
1179 1069 88 28 Licht
1283 1089 7 7 ♦
1306 1089 8 7 ♦
1330 1089 8 8 ♦

754 1117 86 27 DER
864 1116 190 28 FREMDE:
1087 1116 76 28 Eure
1185 1116 123 29 Kleider
1335 1117 65 28 sind
1422 1128 68 17 nass
1511 1116 61 29 und

694 1155 119 35 tropfen
835 1155 52 28 auf
909 1154 46 29 die
977 1154 109 29 Steine*

754 1194 86 28 DER
859 1193 130 30 ALTE:
1012 1195 37 28 Es
1064 1200 37 23 ist
1116 1206 55 17 nur
1186 1195 50 29 der
1250 1195 92 29 Saum
1356 1207 112 18 meines
1482 1196 67 28 Man-

694 1234 54 28 tels
769 1244 68 18 nass
856 1234 159 35 geworden
1029 1254 8 8 *
1053 1254 8 9 ♦
1077 1254 7 8 ♦
1114 1235 50 29 Ihr
1179 1235 114 29 scheint
1308 1246 37 20 zu
1360 1236 116 28 frieren*
1504 1236 67 28 Auf

694 1273 90 28 Eurer
806 1273 87 29 Brust
914 1278 37 24 ist
973 1274 76 29 Erde
1063 1294 8 8 ♦
1087 1295 8 8 ♦
1110 1295 8 8 ♦
1160 1275 52 28 Ich
1244 1275 85 28 hatte
1360 1275 53 29 das
1445 1276 51 27 auf
1521 1275 50 29 der

693 1311 113 31 Strasse
827 1313 84 28 nicht
933 1313 148 35 bemerkt;
1106 1326 28 17 es
1156 1326 62 17 war
1240 1326 31 17 so
1294 1315 112 28 dunkel
1421 1334 8 8 *
1445 1335 8 7 *
1468 1334 9 9 ♦

753 1360 85 29 DER
870 1360 190 29 FREMDE:
1096 1361 52 28 Ich
1176 1361 51 29 bin
1257 1361 44 29 bis
1323 1373 39 17 an
1384 1362 47 29 die
1453 1362 117 29 Hüften

692 1400 55 28 in's
770 1400 120 28 Wasser
911 1411 169 25 gegangen*

752 1447 86 27 DER
861 1445 129 29 ALTE:
1020 1447 108 29 Hattet
1155 1447 50 29 Ihr
1232 1458 42 19 sie
1295 1448 93 29 schon
1409 1449 90 36 lange
1520 1460 34 25 ge-

692 1485 124 33 funden,
837 1486 44 28 als
902 1486 48 28 ich
973 1486 76 30 dazu
1071 1486 90 29 kam?

752 1525 86 27 DER
861 1525 190 29 FREMDE:
1074 1526 104 29 Kaum
1193 1537 47 17 ein
1258 1538 74 23 paar
1346 1527 222 36 Augenblicke*

692 1564 52 27 Ich
767 1574 72 25 ging
862 1564 51 28 auf
935 1564 52 29 das
1009 1565 76 28 Dorf
1106 1575 51 24 zu;
1179 1576 29 17 es
1230 1577 62 17 war
1313 1566 93 29 schon
1428 1570 65 31 spät
1508 1567 61 28 und

693 1603 143 28 dunkelte
857 1614 50 17 am
929 1603 83 28 Ufer*
1054 1604 51 28 Ich
1127 1604 85 29 hatte
1233 1605 47 29 die
1301 1605 113 36 Augen
1439 1606 52 28 auf
1513 1606 56 28 den

692 1642 83 28 Fluss
797 1642 145 36 geheftet,
963 1642 78 28 denn
1064 1654 28 17 es
1114 1654 61 17 war
1191 1644 64 28 dort
1271 1645 92 28 heller
1377 1645 44 28 als
1436 1645 51 28 auf
1502 1645 67 29 dem

691 1681 110 36 Wege;
834 1681 38 29 da
904 1681 144 35 plötzlich
1079 1682 55 28 sah
1165 1683 49 27 ich
1247 1689 91 23 etwas
1360 1684 209 34 Sonderbares,

690 1731 74 19 zwei
786 1721 112 28 Schritt
920 1732 62 17 von
997 1731 96 19 einem
1108 1721 218 29 Schilfbüschel
1341 1742 8 8 ♦
1364 1743 8 8 ♦
1388 1743 8 8 ♦
1424 1724 52 27 Ich
1492 1724 77 35 gehe

690 1761 107 28 darauf
818 1772 37 19 zu
877 1761 61 28 und
953 1761 70 28 sehe
1091 1760 46 29 ihr
1152 1761 96 33 Haar,
1270 1761 52 28 das
1337 1762 62 28 sich
1415 1763 72 28 über
1502 1763 66 29 dem

690 1800 102 34 Kopfe
813 1800 59 28 fast
894 1800 190 36 kreisförmig
1104 1800 140 28 vertheilt
1259 1800 85 29 hatte
1359 1802 60 27 und
1435 1812 41 17 im
1490 1803 59 27 Wir-

689 1839 47 28 bel
758 1839 50 29 des
830 1839 116 29 Flusses
968 1840 62 28 sich
1053 1839 103 29 drehte
1171 1858 7 9 *
1194 1859 8 8 *
1218 1859 8 8 *

754 1878 58 28 (Die
839 1878 89 23 beiden
954 1880 91 28 jungen
1067 1878 128 23 Mädchen
1213 1879 36 21 im
1266 1878 112 23 Zimmer
1395 1879 107 23 wenden
1520 1880 48 22 den

689 1909 72 29 Kopf
778 1910 64 22 nach
860 1910 58 23 dem
937 1910 120 28 Fenster*)

749 1949 86 29 DER
858 1949 129 29 ALTE:
1010 1949 76 30 Saht
1108 1950 61 34 Ihr,
1190 1961 57 18 wie
1269 1950 52 29 das
1343 1951 86 28 Haar
1443 1952 53 28 auf
1511 1952 56 28 den

689 1988 158 29 Schultern
869 1989 78 29 ihrer
968 1989 188 29 Schwestern
1177 1990 133 30 zitterte?

748 2028 87 29 DER
858 2029 191 28 FREMDE:
1073 2029 48 28 Sie
1142 2029 100 29 haben
1264 2030 57 29 den
1343 2030 85 35 Kopf
1449 2030 118 29 hierher

689 2067 124 35 gedreht
828 2087 8 8 *
852 2087 8 8 *
876 2087 8 8 *
913 2068 49 28 Sie
983 2068 100 29 haben
1105 2069 119 28 einfach
1246 2069 57 29 den
1325 2070 85 34 Kopf
1432 2070 133 35 gedreht*

689 2106 51 28 Ich
763 2107 78 28 habe
863 2107 151 29 vielleicht
1037 2118 36 19 zu
1095 2108 63 29 laut
1181 2109 192 35 gesprochen*
1404 2116 58 28 (Die
1474 2117 92 29 jungen

689 2152 127 23 Mädchen
826 2154 108 22 nehmen
943 2153 40 23 die
994 2154 49 23 alte
1053 2155 114 29 Haltung
1176 2155 94 23 wieder
1280 2155 59 28 ein*)
1372 2148 84 28 Aber
1473 2148 93 28 schon

689 2184 90 29 sehen
801 2196 41 18 sie
863 2186 83 28 nicht
967 2187 84 28 mehr
1072 2187 53 28 her
1139 2207 9 7 *
1163 2207 8 8 *
1187 2206 8 9 *
1232 2187 52 28 Ich
1310 2187 51 28 bin
1382 2187 45 28 bis
1448 2199 39 17 an
1509 2187 57 29 den

689 2224 105 28 Gürtel
816 2225 55 28 in's
892 2225 120 29 Wasser
1034 2237 170 25 gegangen,
1225 2226 61 29 und
1305 2226 79 29 habe
1399 2236 41 19 sie
1454 2226 47 29 bei
1517 2227 49 28 der

689 2263 92 28 Hand
812 2275 178 24 genommen
1019 2266 61 28 und
1110 2266 80 28 ohne
1216 2265 98 29 Mühe
1335 2266 64 28 an's
1422 2266 73 28 Ufer
1517 2278 33 24 ge-

688 2313 96 25 zogen
796 2322 8 8 *
816 2322 8 8 *
837 2322 8 8 *
867 2303 49 29 Sie
927 2315 62 17 war
1000 2316 32 17 so
1047 2305 106 33 schön,
1167 2316 57 17 wie
1239 2305 64 29 ihre
1317 2305 187 28 Schwestern
1516 2325 8 8 *
1537 2325 7 8 *
1557 2325 8 8 *

748 2342 86 28 DER
847 2341 129 30 ALTE:
993 2343 48 29 Sie
1052 2356 62 16 war
1125 2345 152 28 vielleicht
1289 2345 79 28 noch
1380 2344 124 29 schöner
1516 2364 8 8 *
1536 2364 8 8 *
1557 2364 8 8 ♦

687 2381 52 28 Ich
762 2391 84 19 weiss
868 2381 95 34 nicht,
984 2383 48 27 ich
1054 2383 79 29 habe
1154 2384 79 28 allen
1254 2384 93 29 Muth
1369 2384 135 29 verloren
1516 2404 8 8 *
1537 2404 8 8 *
1557 2404 8 8 *

747 2421 86 28 DER
857 2421 191 29 FREMDE:
1080 2423 147 29 Welchen
1255 2424 93 28 Muth
1377 2429 93 23 meint
1498 2423 68 29 Ihr?

1625 482 65 29 Wir
1711 482 100 30 haben
1832 483 78 29 doch
1941 483 72 30 alles
2045 484 124 36 gethan,
2200 496 62 17 was
2294 487 47 26 ein
2372 486 127 29 Mensch

1624 522 77 29 thun
1736 523 115 28 konnte
1865 543 31 8 ♦♦
1912 543 9 8 ♦
1970 523 50 29 Sie
2050 536 62 16 war
2147 530 54 23 seit
2232 525 85 29 mehr
2346 527 43 28 als
2421 538 79 18 einer

1624 561 114 29 Stunde
1759 562 88 29 todt♦
1863 582 8 9 ♦
1887 582 8 9 ♦

1683 601 86 28 DER
1785 600 130 30 ALTE:
1938 603 70 28 Und
2024 603 77 29 lebte
2117 604 77 28 doch
2209 605 79 28 noch
2303 605 99 29 diesen
2417 606 62 28 Mor-

1624 640 71 36 gen!
1736 641 52 28 Ich
1820 640 164 37 begegnete
2006 642 56 34 ihr,
2084 643 43 28 als
2158 654 41 18 sie
2231 655 53 18 aus
2315 645 50 29 der
2387 645 113 29 Kirche

1623 679 73 29 kam
1717 700 38 8 ♦♦
1778 700 7 8 ♦
1848 680 49 29 Sie
1931 687 84 30 sagte
2049 693 66 22 mir,
2149 693 41 18 sie
2226 694 90 25 ginge
2350 685 73 33 fort;
2458 695 42 18 sie

1622 719 102 29 wollte
1745 730 36 19 zu
1804 720 77 28 ihrer
1903 720 201 30 Grossmutter
2133 722 51 29 auf
2212 723 49 28 der
2287 724 111 28 andern
2420 724 79 29 Seite

1623 758 49 29 des
1694 759 126 33 Flusses,
1842 770 39 17 an
1903 759 66 29 dem
1995 760 50 29 Ihr
2074 771 41 19 sie
2145 762 150 35 gefunden
2325 763 83 28 habt*
2451 763 48 29 Sie

1622 803 108 23 wusste
1751 798 94 34 nicht,
1866 810 90 17 wann
1978 800 48 28 ich
2048 810 41 18 sie
2110 801 200 29 Wiedersehen
2328 803 101 28 würde
2443 823 8 8 *
2466 823 8 8 *
2491 823 7 8 *

1622 836 48 29 Sie
1691 849 79 17 muss
1792 848 40 18 im
1854 838 114 36 Begriff
1990 850 135 25 gewesen
2155 851 72 23 sein,
2255 852 56 18 mir
2341 847 91 23 etwas
2462 853 36 19 zu

1621 888 106 24 sagen;
1760 877 80 28 dann
1872 878 69 28 aber
1973 878 53 29 hat
2058 889 41 19 sie
2125 891 29 17 es
2183 881 83 27 nicht
2296 887 119 30 gewagt
2437 882 61 28 und

1621 915 54 29 hat
1696 916 80 28 mich
1798 917 143 34 plötzlich
1963 918 104 28 stehen
2089 919 105 28 lassen*
2223 919 84 30 Aber
2321 932 61 17 nun
2401 920 97 29 denke

1621 955 48 27 ich
1692 955 103 28 daran*
1838 956 70 29 Und
1937 957 49 28 ich
2018 958 85 28 hatte
2125 958 77 29 doch
2232 959 97 29 nichts
2355 960 142 35 gesehen!

1621 993 49 28 Sie
1684 994 139 33 lächelte,
1838 1005 56 18 wie
1908 1007 71 17 man
1994 997 121 33 lächelt,
2136 1009 89 17 wenn
2239 1010 71 17 man
2329 999 169 36 schweigen

1621 1032 72 33 will,
1715 1032 70 28 oder
1806 1044 87 17 wenn
1914 1046 71 17 man
2006 1035 141 35 fürchtet,
2168 1038 83 28 nicht
2267 1038 179 29 verstanden
2461 1049 36 19 zu

1622 1071 117 28 werden
1755 1091 32 8 ♦♦
1802 1091 8 8 ♦
1853 1072 48 29 Sie
1922 1074 102 27 schien
2046 1075 93 28 kaum
2162 1077 78 27 noch
2262 1088 37 18 zu
2321 1077 105 29 hoffen
2441 1098 32 8 ♦♦
2489 1098 7 8 ♦

1621 1110 68 28 Ihre
1709 1110 113 36 Augen
1843 1123 100 17 waren
1965 1113 83 28 nicht
2070 1114 67 28 klar
2158 1115 60 28 und
2241 1115 132 30 blickten
2389 1128 38 17 an
2442 1128 55 18 mir

1621 1149 103 29 vorbei
1739 1170 8 8 *
1763 1170 8 9 ♦
1786 1170 8 9 ♦

1680 1198 86 28 DER
1790 1198 189 29 FREMDE:
2012 1200 58 28 Die
2091 1200 119 29 Bauern
2233 1207 105 30 sagten
2359 1214 65 23 mir,
2456 1215 41 17 sie

1620 1237 105 29 hätten
1755 1248 41 18 sie
1825 1238 43 29 bis
1898 1249 68 19 zum
1995 1239 111 29 Abend
2134 1252 49 17 am
2213 1241 73 29 Ufer
2315 1241 182 30 herumirren

1620 1277 91 28 sehen
1725 1297 32 8 **
1773 1297 7 8 *
1824 1277 49 29 Sie
1905 1278 154 36 glaubten,
2090 1290 42 18 sie
2163 1281 104 28 suchte
2299 1281 126 29 Blumen
2440 1302 31 8 **
2487 1302 8 8 *

1620 1316 163 28 Vielleicht
1805 1328 62 17 war
1888 1317 46 28 ihr
1956 1317 70 30 Tod
2041 1338 8 8 *
2065 1338 8 8 *
2089 1339 8 7 ♦

1678 1363 86 28 DER
1787 1362 130 29 ALTE:
1945 1364 62 29 Das
2029 1375 85 18 weiss
2135 1377 71 17 man
2227 1367 83 27 nicht
2326 1387 32 8 **
2374 1387 8 8 ♦
2425 1369 70 28 Und

1618 1413 62 17 was
1701 1413 84 18 weiss
1807 1414 71 17 man
1899 1403 78 28 denn
1999 1403 183 35 überhaupt!
2211 1404 49 29 Sie
2281 1406 125 35 gehörte
2423 1408 58 28 viel-

1618 1442 91 28 leicht
1728 1452 37 19 zu
1780 1442 117 33 Denen,
1920 1442 47 29 die
1981 1443 98 28 nichts
2094 1455 92 24 sagen
2201 1445 119 33 wollen,
2341 1447 61 27 und
2418 1447 77 34 jeder

1617 1484 81 33 trägt
1720 1492 30 17 in
1772 1492 93 18 seiner
1887 1482 87 29 Brust
1995 1482 85 29 mehr
2101 1483 42 28 als
2166 1494 86 18 einen
2274 1484 116 34 Grund,
2411 1486 84 29 nicht

1617 1521 85 28 mehr
1722 1531 37 19 zu
1781 1521 85 28 leben
1882 1541 7 8 *
1905 1541 8 9 *
1929 1541 8 8 *
1968 1522 77 28 Man
2066 1522 78 29 sieht
2165 1533 31 18 in
2218 1523 47 29 die
2286 1523 103 30 Seelen
2410 1526 84 28 nicht

1618 1560 113 33 hinein,
1752 1571 57 17 wie
1830 1572 71 17 man
1922 1571 31 18 in
1975 1562 91 28 dieses
2087 1562 130 29 Zimmer
2238 1563 86 29 sieht*
2367 1563 48 30 Sie
2429 1565 65 28 sind

1618 1599 57 28 alle
1696 1611 32 17 so
1744 1619 31 8 ♦♦
1791 1619 8 8 ♦
1841 1599 49 29 Sie
1910 1600 89 29 reden
2018 1613 61 16 von
2094 1601 253 31 oberflächlichen
2362 1604 133 36 Dingen,

1617 1638 61 29 und
1700 1639 141 28 niemand
1864 1639 75 28 ahnt
1968 1645 91 24 etwas
2074 1660 32 9 **
2122 1661 8 8 *
2172 1642 77 28 Man
2278 1643 60 28 lebt
2366 1643 129 29 Monate

1617 1678 72 35 lang
1719 1684 55 22 mit
1806 1679 116 33 Einem,
1954 1679 49 28 der
2030 1680 83 28 nicht
2134 1681 84 28 mehr
2239 1692 37 19 zu
2299 1682 92 29 dieser
2412 1683 82 29 Welt

1618 1717 117 36 gehört,
1764 1718 61 28 und
1856 1718 102 29 dessen
1988 1718 83 29 Seele
2093 1720 63 27 sich
2177 1721 84 28 nicht
2282 1721 85 29 mehr
2388 1722 88 28 herab-

1617 1767 108 25 neigen
1756 1757 98 34 kann;
1886 1768 71 18 man
1986 1758 111 34 spricht
2118 1764 54 23 mit
2194 1760 74 34 ihm,
2299 1761 79 28 ohne
2401 1761 92 29 daran

1617 1806 36 19 zu
1676 1796 132 29 denken:
1830 1797 61 28 und
1913 1797 51 28 Ihr
1985 1797 76 33 seht,
2083 1808 61 18 was
2167 1799 79 28 dann
2269 1800 46 28 die
2331 1800 93 36 Folge
2445 1806 48 23 ist*

1617 1834 49 29 Sie
1686 1835 91 28 sehen
1799 1846 53 18 aus
1874 1846 56 18 wie
1956 1836 110 29 leblose
2092 1837 137 35 Puppen,
2260 1839 61 28 und
2353 1850 31 17 in
2415 1840 79 29 ihrer

1617 1873 83 30 Seele
1721 1875 73 35 geht
1816 1875 77 29 doch
1915 1887 32 17 so
1969 1876 59 28 viel
2050 1888 55 17 vor
2119 1896 32 9 ♦♦
2166 1897 9 8 ♦
2217 1877 49 29 Sie
2283 1889 107 19 wissen
2404 1879 89 29 selbst

1616 1913 94 34 nicht,
1731 1925 62 18 was
1814 1925 41 18 sie
1877 1915 65 28 sind
1957 1935 31 8 **
2004 1935 8 9 *
2054 1915 49 30 Sie
2124 1916 85 29 hätte
2231 1918 108 35 gelebt,
2368 1929 57 18 wie
2447 1919 46 28 die

1617 1953 112 29 andern
1751 1954 56 28 alle
1822 1974 32 8 ♦♦
1869 1974 8 8 ♦
1920 1954 48 29 Sie
1990 1955 85 29 hätte
2096 1955 43 30 bis
2161 1966 37 20 zu
2220 1957 95 28 ihrem
2334 1956 88 30 Tode
2444 1969 33 25 ge-

1616 1998 80 30 sagt:
1727 1993 106 33 „Mein
1855 1993 88 34 Herr,
1970 2006 28 17 es
2026 1995 74 29 wird
2122 1996 90 28 heute
2234 1996 174 37 Vormittag
2430 2009 48 24 reg-

1616 2032 89 33 nen”,
1727 2032 83 29 oder:
1833 2033 87 33 „Wir
1941 2034 109 28 wollen
2070 2035 212 35 frühstücken;
2304 2047 54 18 wir
2375 2037 118 28 werden

1615 2071 90 29 heute
1727 2071 140 30 dreizehn
1888 2072 47 29 bei
1957 2072 113 30 Tische
2091 2075 94 33 sein”,
2206 2075 70 28 oder
2292 2076 92 28 auch:
2408 2076 84 33 „Das

1616 2110 78 29 Obst
1716 2116 36 23 ist
1774 2111 79 28 noch
1874 2112 83 28 nicht
1979 2113 85 28 reif”*
2106 2113 49 29 Sie
2181 2114 143 35 sprechen
2353 2115 139 28 lächelnd

1615 2161 62 17 von
1712 2150 57 28 den
1804 2150 207 37 abgefallenen
2046 2152 132 29 Blüthen
2212 2154 61 28 und
2305 2164 115 18 weinen
2452 2164 40 17 im

1615 2189 146 28 Dunkeln
1774 2209 9 8 *
1798 2209 8 8 ♦
1822 2209 15 8 *•
1859 2190 96 29 Selbst
1977 2202 47 18 ein
2046 2192 95 36 Engel
2156 2192 115 29 könnte
2292 2192 83 28 nicht
2390 2192 102 34 sehen,

1614 2239 62 17 was
1697 2239 72 17 man
1790 2229 91 28 sehen
1907 2242 94 22 muss;
2033 2231 60 29 und
2126 2231 50 29 der
2207 2231 128 29 Mensch
2366 2231 126 36 begreift

1615 2272 68 29 erst,
1703 2279 88 17 wenn
1813 2280 28 17 es
1863 2279 37 20 zu
1921 2272 67 32 spät
2009 2275 37 24 ist
2061 2290 32 9 **
2108 2291 9 8 *
2153 2271 125 28 Gestern
2299 2270 110 29 Abend
2431 2283 60 17 sass

1614 2317 41 18 sie
1678 2307 37 28 da
1737 2307 46 29 bei
1805 2308 50 28 der
1876 2308 124 36 Lampe,
2029 2320 57 18 wie
2117 2310 64 28 ihre
2202 2309 198 35 Schwestern,
2431 2311 60 29 und

1615 2346 50 28 Ihr
1680 2347 114 29 würdet
1809 2358 41 17 sie
1864 2348 84 29 nicht
1963 2349 102 33 sehen,
2084 2359 57 18 wie
2155 2360 71 17 man
2240 2359 42 18 sie
2296 2349 91 28 sehen
2401 2361 91 23 muss,

1614 2396 88 17 wenn
1724 2386 63 29 Das
1809 2387 83 29 nicht
1914 2388 169 35 geschehen
2112 2390 89 26 wäre*
2243 2388 38 29 Es
2312 2400 79 18 muss
2423 2400 68 20 zum

1615 2425 230 35 gewöhnlichen
1857 2427 100 28 Leben
1972 2432 91 24 etwas
2078 2427 93 30 hinzu
2185 2432 106 29 treten,
2312 2429 93 29 damit
2420 2442 71 17 man
