2993 3048
1405 2468 70 72 9

564 475 61 17 von
647 463 223 28 Unbekannten
891 463 80 27 lässt*
1013 462 37 28 Es
1080 462 72 28 sähe
1184 462 79 29 dann
1295 474 63 22 aus,
1390 463 43 28 als

564 502 84 29 hätte
668 513 70 17 man
760 502 91 28 ihnen
873 506 90 23 etwas
985 500 210 29 vorenthalten
1215 502 108 28 wollen
1338 521 7 8 *
1361 521 8 8 *
1384 521 8 9 *

623 549 85 28 DER
731 548 188 28 FREMDE:
952 547 37 28 Es
1015 549 37 26 ist
1077 547 77 28 auch
1183 558 53 24 gar
1257 548 88 28 keine
1366 549 65 27 Zeit

563 588 97 34 mehr;
682 588 48 28 ich
752 588 72 27 höre
846 587 51 28 das
913 586 149 28 Murmeln
1078 586 49 29 der
1141 586 113 36 Menge
1268 587 92 28 schon
1375 607 8 8 ♦
1399 607 7 8 ♦
1422 607 8 8 ♦

622 634 153 28 MARIE:
803 633 48 28 Sie
872 633 63 28 sind
958 633 38 29 da
1011 652 7 9 ♦
1034 652 8 9 ♦
1058 653 8 8 ♦
1107 633 82 29 Eben
1211 633 97 35 gehen
1329 636 41 26 sie
1392 645 38 17 an

563 674 50 28 der
634 673 106 28 Hecke
760 672 126 29 vorüber
901 692 7 8 *
924 692 8 8 *
947 692 8 8 *
998 679 111 28 (Martha
1126 679 118 29 kommt.)

620 718 212 30 MARTHA:
864 719 49 28 Da
944 718 50 29 bin
1026 719 58 28 ich*
1125 719 52 28 Ich
1208 719 78 29 habe
1317 722 41 26 sie
1386 719 43 29 bis

562 759 116 28 hierher
699 758 153 37 gebracht*
895 758 51 28 Ich
968 758 78 28 habe
1066 760 41 26 sie
1129 758 163 36 gehiessen,
1314 758 51 28 auf
1380 758 50 28 der

561 798 112 28 Strasse
694 808 37 19 ZU
752 802 123 24 warten*
910 804 73 29 (Man
999 804 56 23 hört
1072 804 228 29 Kindergeschrci.)
1334 797 93 28 Weh!

561 838 58 28 Die
640 837 115 29 Kinder
776 837 131 28 schreien
928 836 89 29 noch*
1058 836 51 28 Ich
1131 836 84 28 hatte
1236 836 91 28 ihnen
1350 836 77 28 doch

561 876 153 34 verboten,
728 876 235 30 mitzukommen
978 895 8 8 ♦
1002 895 8 8 ♦
1025 895 8 8 ♦
1061 875 83 28 Aber
1160 877 40 26 sie
1215 875 119 28 wollten
1349 875 77 28 auch

560 916 140 34 Zusehen,
717 916 60 28 und
792 915 47 30 die
857 915 114 29 Mütter
986 915 96 36 gaben
1097 914 91 28 ihnen
1202 914 78 28 nach
1295 933 8 8 *
1319 933 7 8 *
1341 933 8 8 *
1374 914 52 28 Ich

560 956 60 27 will
641 955 91 28 ihnen
754 966 91 25 sagen
860 974 7 8 *
883 974 8 8 *
906 974 8 8 *
953 954 94 33 Nein,
1069 956 40 26 sie
1129 953 64 29 sind
1215 953 92 29 schon
1328 953 97 35 ruhig*

619 994 40 29 lst
680 995 63 28 hier
765 994 70 29 alles
856 1005 32 18 so
909 993 87 29 weit?
1077 993 51 28 lch
1143 992 78 29 habe
1236 992 55 29 den
1306 992 120 29 kleinen

559 1034 84 36 Ring
664 1033 209 36 mitgebracht,
895 1033 55 29 den
971 1043 70 18 man
1063 1043 38 17 an
1124 1032 46 28 ihr
1190 1032 70 28 fand
1277 1051 8 9 ♦
1300 1051 7 9 ♦
1323 1051 8 8 ♦
1374 1031 51 28 Ich

560 1073 77 28 habe
658 1073 78 28 auch
758 1078 90 23 etwas
871 1071 77 29 Obst
969 1072 47 28 für
1031 1072 51 29 das
1102 1071 82 29 Kind
1198 1090 8 9 ♦
1221 1090 8 8 ♦
1245 1090 8 8 ♦
1281 1070 52 28 Ich
1348 1070 77 29 habe

559 1115 41 25 sie
621 1112 87 29 selbst
730 1112 52 28 auf
803 1112 46 28 die
870 1111 98 29 Bahre
989 1111 108 36 gelegt*
1132 1110 48 29 Sie
1201 1110 75 29 sieht
1298 1121 63 21 aus,
1382 1109 42 29 als

559 1151 36 28 ob
618 1154 41 25 sie
679 1151 121 29 schliefe
815 1170 8 9 ♦
839 1170 8 8 ♦
862 1170 8 8 ♦
911 1151 52 27 Ich
992 1150 77 28 habe
1098 1150 58 28 viel
1182 1149 96 28 Mühe
1299 1148 124 36 gehabt;

558 1190 47 28 ihr
626 1190 85 28 Haar
740 1201 61 17 war
829 1189 223 36 widerspänstig
1071 1208 8 8 ♦
1095 1208 8 8 ♦
1118 1208 8 8 ♦
1168 1188 51 28 Ich
1244 1188 78 28 habe
1347 1187 77 29 auch

558 1229 192 29 Feldblumen
775 1229 141 35 pflücken
940 1229 104 27 lassen*
1093 1227 125 33 Schade,
1244 1227 64 28 dass
1336 1227 88 27 keine

558 1268 133 29 besseren
712 1268 38 29 da
771 1278 99 18 waren
882 1287 8 8 ♦
906 1287 8 8 ♦
930 1286 7 8 ♦
978 1267 83 28 Aber
1082 1278 61 17 was
1164 1266 86 28 treibt
1276 1266 49 28 Ihr
1347 1265 75 29 denn

558 1307 80 29 hier?
679 1308 125 28 Warum
826 1306 59 29 seid
907 1306 49 28 Ihr
976 1306 84 28 nicht
1082 1305 45 28 bei
1152 1305 108 28 ihnen?
1276 1324 7 9 ♦
1298 1324 8 8 ♦
1322 1324 8 8 ♦
1371 1311 51 28 (Sie

558 1353 78 23 blickt
653 1354 63 22 nach
738 1353 57 23 dem
812 1353 127 27 Fenster.)'
973 1344 48 29 Sie
1041 1347 114 26 weinen
1176 1343 101 29 nicht?
1304 1343 48 29 Sie
1367 1363 8 8 *
1390 1363 8 8 *
1414 1363 8 8 *

558 1385 50 28 Ihr
629 1385 97 29 habPs
748 1385 80 28 wohl
849 1384 82 29 nicht
953 1383 121 37 gesagt?
1089 1403 8 8 ♦
1112 1403 8 8 ♦
1135 1403 8 8 ♦

617 1424 85 29 DER
724 1423 129 29 ALTE:
883 1423 133 33 Martha,
1038 1422 134 33 Martha,
1198 1433 28 17 es
1248 1424 36 26 ist
1305 1432 36 18 zu
1363 1421 58 28 viel

557 1463 99 28 Leben
687 1466 30 25 in
748 1463 111 28 Deiner
887 1462 91 28 Seele*
1024 1462 49 28 Du
1105 1461 109 28 kannst
1244 1460 83 28 nicht
1358 1471 48 17 ver-

557 1502 104 28 stehen
675 1521 8 9 ♦
699 1521 8 9 ♦
723 1521 7 9 ♦

615 1540 212 29 MARTHA:
856 1540 125 29 Warum
1002 1540 53 28 soll
1076 1538 48 29 ich
1144 1537 82 29 nicht
1248 1537 173 29 verstehen?

556 1579 52 28 (Sie
641 1579 121 30 schweigt
794 1579 86 29 lange,
914 1578 65 23 dann
1011 1579 25 21 in
1069 1576 223 24 vorwurfsvollem
1325 1575 95 29 Tone.)

556 1611 186 32 Grossvater,
763 1611 50 28 Ihr
834 1610 73 29 habt
925 1621 28 17 es
967 1609 83 28 nicht
1065 1608 93 29 über's
1174 1608 80 29 Herz
1269 1607 150 36 gebracht*

614 1650 85 28 DER
722 1648 128 29 ALTE:
871 1648 135 33 Martha,
1027 1648 49 27 Du
1098 1650 96 25 weisst
1215 1647 83 28 nicht
1313 1666 8 9 *
1336 1667 8 8 *
1359 1667 8 8 *

615 1687 212 29 MARTHA:
848 1688 52 28 Ich
922 1688 59 28 will
1003 1698 29 17 es
1053 1686 90 28 ihnen
1164 1696 100 25 sagen*

613 1728 86 27 DER
721 1725 128 30 ALTE:
881 1726 82 29 Bleib
994 1725 72 33 hier,
1095 1727 78 26 mein
1199 1724 96 34 Kind;
1327 1725 92 29 schau

554 1769 86 25 einen
661 1765 193 35 Augenblick
876 1765 129 28 dorthin*

612 1803 212 29 MARTHA:
860 1804 63 33 Oh,
957 1806 56 25 wie
1043 1802 194 36 unglücklich
1268 1803 64 28 sind
1364 1803 54 29 sie!

553 1842 49 29 Sie
622 1843 122 28 können
765 1843 83 27 nicht
868 1842 83 28 mehr
972 1847 111 23 warten
1099 1860 8 9 ♦
1123 1861 8 8 ♦
1146 1860 8 9 ♦

612 1881 85 28 DER
720 1880 128 28 ALTE:
870 1881 122 29 Warum
1016 1880 100 28 nicht?

611 1918 212 29 MARTHA:
858 1919 51 28 Ich
941 1922 83 25 weiss
1057 1919 94 33 nicht,
1185 1919 69 28 aber
1286 1931 28 17 es
1346 1921 72 35 geht

551 1958 84 28 nicht
651 1977 8 8 *
674 1977 8 8 *
697 1977 8 8 *

611 1996 85 28 DER
718 1995 129 29 ALTE:
869 1996 112 29 Komm
1002 1997 127 33 hierher,
1149 2000 78 26 mein
1250 1997 82 29 Kind
1349 2018 7 8 *
1372 2019 7 8 *
1396 2019 7 8 .

610 2034 212 30 MARTHA:
844 2036 67 29 Wie
933 2036 139 36 geduldig
1094 2039 41 26 sie
1155 2037 65 29 sind
1235 2056 8 9 ♦
1259 2057 8 8 ♦
1282 2057 7 8 ♦

610 2075 86 28 DER
718 2073 129 30 ALTE:
870 2075 112 28 Komm
1004 2075 126 34 hierher,
1151 2079 78 26 mein
1251 2077 83 29 Kind
1349 2097 8 9 ♦
1372 2097 8 9 ♦
1396 2097 8 9 ♦

610 2113 211 30 MARTHA:
864 2122 62 28 (sich
951 2122 175 29 umdrehend.)
1169 2116 60 29 Wo
1263 2117 60 28 seid
1358 2117 60 34 Ihr,

552 2153 193 31 Grossvater?
772 2154 51 28 Ich
839 2153 49 30 bin
910 2165 31 18 so
963 2155 205 35 unglücklich,
1190 2156 65 29 dass
1270 2156 48 29 ich
1334 2157 83 29 Euch

550 2194 83 29 nicht
654 2194 84 29 mehr
758 2194 69 29 sehe
842 2214 7 8 ♦
866 2214 7 8 ♦
889 2214 8 8 ♦
939 2194 51 28 Ich
1012 2197 84 26 weiss
1118 2195 77 29 auch
1217 2196 82 29 nicht
1324 2197 94 33 mehr,

550 2246 47 17 wo
620 2237 47 26 ein
689 2234 59 29 und
771 2245 52 18 aus
838 2253 8 8 ♦
862 2253 8 8 ♦
885 2253 8 8 ♦

610 2274 85 29 DER
714 2272 128 30 ALTE:
864 2273 70 29 Sieh
948 2273 83 29 nicht
1046 2274 83 29 mehr
1146 2274 63 35 hin,
1219 2274 43 30 bis
1278 2278 41 26 sie
1332 2275 84 30 Alles

550 2324 106 18 wissen
671 2334 7 8 *
694 2334 8 8 *
717 2333 9 9 *

609 2352 212 30 MARTHA:
842 2352 52 29 Ich
916 2352 59 29 will
996 2355 54 26 mit
1071 2353 84 29 Euch
1176 2354 211 36 hineingehen*

609 2393 85 28 DER
725 2392 128 29 ALTE:
889 2393 94 33 Nein,
1011 2393 135 33 Martha,
1176 2393 76 30 bleib
1283 2393 62 29 hier
1361 2414 7 8 *
1384 2414 8 9 *
1408 2414 7 8 *

1482 463 67 31 Setz
1578 465 68 28 dich
1676 475 37 19 zu
1742 466 100 30 deiner
1862 468 175 38 Schwester,
2062 474 66 30 dort
2153 477 53 28 auf
2227 478 46 29 die
2295 481 57 28 alte

1482 503 177 34 Steinbanfc,
1685 516 96 24 g-egfen
1803 506 45 29 die
1869 509 119 35 Mauer,
2017 513 61 28 und
2100 516 63 27 sieh
2185 518 83 28 nicht
2289 519 63 28 hin.

1481 542 50 28 Du
1552 542 57 29 bist
1630 553 36 19 zu
1688 546 82 33 jung,
1792 544 39 30 du
1853 547 142 30 könntest
2016 552 85 29 nicht
2122 565 156 25 vergessen
2297 577 8 8 .
2321 577 7 9 .
2344 577 8 8 .

1480 581 49 28 Du
1551 582 110 28 kannst
1682 582 83 28 nicht
1786 587 116 32 wissen,
1931 598 62 18 was
2019 593 47 25 ein
2089 592 123 30 Gesicht
2234 598 30 25 in
2287 597 65 28 dem

1478 619 195 36 Augenblick
1700 622 121 34 spricht,
1851 635 47 17 wo
1921 626 49 28 der
1991 626 70 31 Tod
2084 630 125 31 darüber
2230 634 120 37 hinweg

1479 659 72 34 geht
1566 678 7 9 .
1589 678 9 9 .
1613 678 8 9 .
1651 659 159 30 Vielleicht
1826 664 116 28 werden
1963 668 42 26 sie
2026 670 142 31 jammern
2184 691 7 7 .
2206 691 9 8 .
2230 692 9 8 .
2267 674 83 29 Dreh

1479 698 67 28 dich
1567 698 83 28 nicht
1671 709 51 18 um
1737 719 55 8 ...
1821 701 160 31 Vielleicht
2000 706 73 29 wird
2094 709 98 29 nichts
2207 720 38 20 zu
2259 713 91 28 sehen

1477 738 61 26 sein
1554 755 55 9 ...
1655 737 65 28 Vor
1749 739 87 29 allem
1858 741 72 29 dreh
1960 742 69 29 dich
2058 746 84 29 nicht
2171 759 62 22 um,
2262 762 87 18 wenn

1477 775 39 28 du
1537 775 98 28 nichts
1665 775 82 30 hörst
1761 797 31 8 ..
1808 797 9 9 .
1856 780 75 28 Man
1958 781 82 29 kann
2062 785 83 29 nicht
2167 789 39 26 im
2229 788 120 31 Voraus

1477 816 116 31 wissen,
1608 815 132 28 welchen
1756 816 77 37 Weg
1849 818 50 29 der
1913 819 138 33 Schmerz
2069 824 130 29 nehmen
2213 828 73 28 wird
2299 848 49 9 ...

1477 852 55 28 Ein
1553 853 106 29 kurzes
1680 853 185 33 Schluchzen
1886 869 54 17 aus
1964 860 92 29 tiefen
2078 863 128 34 Quellen
2287 869 60 27 und

1477 891 92 28 damit
1593 894 38 26 ist
1653 893 190 35 gewöhnlich
1873 897 70 29 alles
1974 899 101 29 vorbei
2090 920 32 9 ..
2137 921 8 9 .
2187 903 52 28 Ich
2262 909 85 26 weiss

1475 930 88 29 selbst
1591 931 94 34 nicht,
1713 944 61 18 was
1803 935 48 28 ich
1880 935 76 29 thun
1985 938 107 35 werde,
2121 952 87 17 wenn
2238 944 49 27 ich
2316 956 30 18 es

1475 969 74 29 höre
1564 989 30 8 ..
1609 990 8 8 .
1659 971 62 29 Das
1744 972 53 30 hat
1818 977 54 26 mit
1894 975 108 30 diesem
2024 977 99 30 Leben
2143 980 97 30 nichts
2261 984 85 28 mehr

1475 1018 36 19 zu
1532 1008 77 29 thun
1624 1029 54 8 ...
1721 1011 142 31 Umarme
1883 1015 80 28 mich
1983 1017 79 28 noch
2085 1020 119 33 einmal,
2227 1021 48 28 eh*
2296 1023 48 28 ich

1476 1047 85 36 gehe,
1582 1051 79 25 mein
1683 1049 83 30 Kind
1782 1070 8 9 .
1806 1071 8 8 .
1829 1071 8 8 .

1537 1094 62 27 (Das
1616 1094 128 24 Murmeln
1761 1098 31 21 ist
1808 1099 90 23 immer
1914 1101 77 22 näher
2009 1103 161 29 gekommen.
2201 1106 47 23 Ein
2266 1106 78 24 Theil

1474 1126 42 20 der
1533 1129 92 25 Menge
1643 1125 83 31 dringt
1742 1129 25 21 in
1786 1129 48 22 den
1852 1129 101 26 Garten.
1977 1133 62 23 Man
2057 1134 55 24 hört
2123 1135 102 31 dumpfe
2238 1137 106 25 Schritte

1472 1156 50 21 und
1541 1156 139 23 halblautes
1698 1157 145 31 Sprechen*)

1532 1195 84 29 DER
1639 1196 189 32 FREMDE:
2240 1209 42 27 (zu
1909 1209 48 24 den
1973 1211 113 30 Leuten.)
2117 1206 96 31 Bleibt
2235 1209 37 29 da
2287 1229 55 9 ...

1474 1234 125 29 Kommt
1620 1235 83 29 nicht
1724 1238 93 29 näher
1837 1240 64 29 an's
1923 1241 120 31 Fenster
2057 1264 55 9 ...
2145 1247 60 28 Wo
2226 1250 36 27 ist
2284 1249 59 29 sie?

1531 1273 131 30 EINER
1685 1275 84 30 AUS
1792 1278 84 30 DER
1900 1280 168 31 MENGE:
2090 1284 91 30 Wer?

1530 1352 80 25 DFR
1620 1352 58 25 SFT
1693 1354 49 23 RF
1841 1318 27 27 D
1866 1358 9 17 f
1871 1322 26 25 k
1908 1320 126 30 Andem
2045 1341 7 9 *
2065 1342 9 8 ‘
2086 1344 8 7 ‘
2107 1324 46 29 die
2292 1346 29 9 ••
2332 1347 9 9 •

1788 1356 48 29 Sie
1865 1358 142 30 kommen
2036 1364 31 25 in
2093 1362 49 30 der
2167 1364 99 35 Allee,
2294 1367 48 28 die

1472 1402 68 19 zum
1561 1391 104 30 Thore
1686 1393 82 29 führt
1783 1414 8 8 .
1807 1415 7 8 .
1830 1416 7 8 ,

1471 1460 17 4 _
1499 1463 9 6 „
1534 1429 34 29 (^
1571 1438 24 14 er
1607 1429 60 24 Alte
1685 1432 66 28 geht.
1785 1432 81 25 Marie
1884 1437 50 23 und
1952 1438 102 24 Martha
2066 1443 81 22 setzen
2161 1442 52 23 sich
2225 1445 46 21 mit
2283 1443 57 24 dem

1471 1460 106 23 Rucken
1599 1470 77 21 gegen
1698 1462 44 24 das
1764 1464 100 24 Fenster
1886 1468 42 22 auf
1949 1468 39 24 die
2011 1470 137 25 Steinbanfc
2165 1474 93 24 nieder.
2293 1475 32 23 Ge-

1469 1494 107 20 murmel
1594 1500 25 15 in
1637 1494 42 21 der
1697 1494 111 30 Menge*)

1528 1523 85 29 DER
1637 1524 188 32 FREMDE:
1848 1529 67 29 Pst!
1938 1532 83 29 nicht
2043 1536 155 32 sprechen!

1532 1562 58 28 (Die
1616 1564 76 23 ältere
1718 1565 140 26 Schwester
1883 1570 63 22 steht
1972 1571 42 23 auf
2038 1573 51 23 und
2111 1575 56 23 will
2185 1575 48 23 den
2250 1576 89 28 Riegel

1469 1595 184 27 vorschieben.)
2300 1595 13 11 &

1528 1625 213 31 MARTHA:
1763 1629 48 30 Sie
1834 1631 113 30 öffnet?

1527 1664 85 29 DER
1646 1666 189 32 FREMDE:
1870 1671 44 29 Im
1946 1673 189 36 Gegentheil,
2165 1680 41 25 sie
2237 1678 101 28 macht

1468 1713 47 19 ZU*
1558 1710 179 32 (Schweigen.)

1527 1742 212 32 MARTHA:
1761 1747 40 28 Ist
1824 1748 175 31 Grossvater
2019 1752 79 28 noch
2118 1754 84 28 nicht
2218 1755 120 28 herein?

1527 1782 85 29 DER
1629 1783 188 31 FREMDE:
1833 1787 83 29 Flein
1928 1808 7 8 ♦
1949 1808 7 8 ♦
1969 1809 7 8 ♦
2002 1790 48 29 Sie
2064 1796 73 25 setzt
2152 1793 63 28 sich
2230 1794 108 29 wieder

1467 1820 95 29 neben
1591 1822 46 28 die
1667 1824 114 29 Mutter
1795 1844 31 9 **
1842 1846 7 7 ♦
1891 1827 57 29 Die
1977 1828 141 30 Anderen
2144 1831 109 29 rühren
2274 1834 62 28 sich

1466 1860 94 34 nicht,
1574 1862 60 28 und
1647 1861 51 30 das
1710 1863 83 29 Kind
1804 1865 108 28 schläft
1923 1867 78 30 nach
2013 1871 56 25 wie
2081 1880 63 17 vor*
2156 1877 180 32 (Schweigen.)

1525 1899 213 30 MARTHA:
1777 1902 251 37 Schwesterchen,
2062 1908 66 35 gieb
2164 1912 55 26 mir
2253 1911 84 29 deine

1467 1938 92 28 Hand
1575 1958 8 8 *
1599 1958 7 8 *
1622 1959 8 7 *

1524 1977 154 29 MARIE:
1700 1979 125 29 Martha
1840 2000 31 9 **
1886 2001 8 8 *
1937 1989 51 28 (Sie
2014 1993 175 30 umschlingen
2211 1996 52 22 sich
2286 1997 50 23 und

1466 2015 79 29 geben
1562 2016 52 22 sich
1632 2017 71 22 einen
1720 2018 88 28 Kuss.)

1525 2048 85 28 DER
1634 2048 188 30 FREMDE:
1848 2051 38 29 Er
1907 2064 78 18 muss
2007 2055 138 35 geklopft
2167 2057 99 30 haben
2281 2080 8 8 *
2305 2081 8 8 ♦
2328 2081 8 8 .

1466 2085 48 29 Sie
1535 2086 98 29 haben
1656 2087 56 29 alle
1733 2089 135 36 zugleich
1891 2092 185 36 aufgeblickt
2091 2115 32 8 **
2138 2116 7 8 *
2181 2096 49 30 Sie
2245 2099 92 29 sehen

1465 2125 63 29 sich
1550 2137 39 17 an
1604 2146 8 8 *
1628 2146 8 9 ♦
1651 2146 8 9 ♦

1524 2165 196 29 MARTHA
1728 2188 7 6 *
1759 2167 63 34 Oh,
1838 2180 78 17 mein
1933 2182 103 23 armes,
2051 2184 93 20 armes
2160 2176 159 32 Schwester-

1466 2205 75 28 chen
1556 2225 32 8 **
1603 2225 8 8 *
1652 2205 52 29 Ich
1725 2218 77 18 muss
1824 2209 78 28 auch
1924 2214 114 26 weinen
2054 2232 31 9 ♦♦
2101 2233 8 8 ♦

1529 2244 51 28 (Sie
1598 2244 109 30 verbirgt
1724 2245 38 23 ihr
1780 2246 101 24 Gesicht
1899 2256 41 15 am
1958 2250 81 23 Busen
2057 2252 43 23 der
2118 2252 159 27 Schwester.')

1524 2276 85 29 DER
1635 2277 188 30 FREMDE:
1859 2279 38 29 Er
1926 2293 77 18 muss
2032 2285 80 28 noch
2141 2287 124 36 klopfen
2281 2309 31 8 **
2327 2309 8 8 *

1466 2316 60 29 Der
1541 2316 94 28 Vater
1648 2317 77 28 sieht
1739 2317 78 29 nach
1833 2319 49 29 der
1896 2318 89 32 Thür
1996 2342 28 9 **
2036 2343 8 9 *
2077 2324 38 29 Er
2129 2327 79 28 steht
2224 2329 51 28 auf
2287 2348 27 9 **
2328 2349 7 8 *

1523 2354 211 30 MARTHA:
1750 2356 174 37 Schwester,
1935 2360 175 38 Schwester,
2121 2366 49 27 ich
2183 2367 60 28 will
2257 2368 78 28 auch

1464 2395 102 28 hinein
1580 2415 8 8 *
1604 2415 8 8 *
1628 2415 8 8 «
1664 2395 48 29 Sie
1727 2396 104 29 dürfen
1845 2398 83 29 nicht
1943 2401 84 29 mehr
2045 2403 89 29 allein
2150 2404 114 31 bleiben
2278 2426 9 8 *
2303 2426 8 9 *
2327 2427 8 8 *
