4592 6627
4233 6461 96 68 63

243 108 124 93 So,
425 113 189 88 also,
670 111 200 71 Herr
916 113 458 94 Westheim,
1429 118 401 73 ruinieren
1886 118 129 73 Sie
2065 118 127 73 die

247 223 367 73 Existenz
697 228 215 71 eines
990 229 434 72 Künstlers.
1559 231 633 75 Fürchterliches

245 346 325 66 müssen
650 340 127 74 Sie
843 343 174 71 ihm
1083 345 510 91 geschrieben
1649 348 283 90 haben,
2011 348 180 75 dass

245 455 127 71 Sie
423 455 140 69 ihn
618 478 98 48 zu
772 456 299 73 diesem
1126 463 579 71 verzweifelten
1762 463 429 73 Schreiben

240 570 332 91 bringen
631 580 373 64 konnten.
1110 575 331 73 Grosser
1493 577 200 88 Gott,
1749 580 154 69 wie
1954 580 98 71 ist
2104 602 87 49 so

242 688 243 66 etwas
541 707 154 49 nur
745 688 399 90 möglich?
1244 690 257 73 Wann
1568 692 133 73 hat
1766 693 206 72 denn
2028 717 161 48 nun

240 798 203 70 Herr
497 798 578 94 Campendonk
1126 804 218 72 recht
1380 807 335 93 gehabt?
1766 809 83 69 In
1889 810 302 70 seinem

242 920 259 65 ersten
555 915 223 71 Brief
844 917 197 73 oder
1114 920 81 70 in
1276 920 181 71 dem
1532 924 381 71 zweiten?
2015 922 177 73 Und

240 1051 164 49 was
491 1052 174 50 war
750 1030 140 73 das
977 1035 128 68 für
1188 1035 173 72 eine
1444 1037 181 71 Art
1725 1037 188 71 der
2013 1058 118 72 ge-

238 1146 618 91 pflogenen
938 1151 1002 93 Korrespondenz?
2031 1156 156 71 Das

238 1281 220 49 muss
497 1259 210 73 doch
743 1264 174 71 eine
955 1264 135 71 Art
1126 1284 355 72 gewesen
1523 1267 190 90 sein,
1769 1267 127 72 die
1933 1269 253 71 Herrn

242 1372 78 70 W
321 1374 15 36 7
345 1374 332 71 estheim
736 1378 281 71 keinen
1056 1381 322 69 Zweifel
1430 1383 207 86 liess,
1695 1379 179 75 dass
1913 1408 86 47 er
2035 1384 151 71 den

240 1488 225 72 Brief
509 1494 654 72 veröffentlichen
1220 1494 283 73 dürfe?
1590 1499 98 70 Es
1742 1523 220 49 muss
2018 1503 173 71 eine

240 1601 137 71 Art
414 1603 143 71 der
592 1606 657 93 Korrespondenz
1286 1630 359 71 gewesen
1684 1613 166 71 sein
1879 1655 93 7 —
1999 1640 187 66 nun,

237 1738 167 51 was
458 1720 131 69 für
641 1721 173 70 eine
853 1723 135 68 Art
1039 1745 170 49 war
1269 1725 139 71 das
1463 1726 264 77 wohl?
1811 1730 100 71 Es
1965 1755 221 49 muss

240 1840 242 66 etwas
538 1836 395 72 zwischen
990 1836 269 75 diesen
1317 1842 283 72 beiden
1640 1845 376 73 Männern
2057 1867 87 74 ge-

237 1950 416 71 schrieben
731 1952 330 71 worden
1137 1957 190 88 sein,
1407 1957 140 71 das
1618 1960 256 71 Herrn
1932 1962 204 73 West-

237 2065 211 71 heim
506 2067 79 69 in
643 2065 152 73 den
851 2068 242 70 Stand
1148 2077 248 85 setzte,
1464 2074 578 93 Campendonk
2089 2101 97 47 zu

238 2180 305 71 seinem
597 2178 417 73 Widerruf
1065 2206 96 47 zu
1212 2187 381 90 zwingen.
1700 2190 223 70 Denn
1993 2211 193 71 ganz

235 2302 335 85 spontan
653 2297 134 69 hat
863 2299 168 69 sich
1087 2299 575 95 Campendonk
1735 2305 125 72 die
1937 2307 249 71 Kehle

238 2410 219 70 nicht
535 2410 765 92 durchgeschnitten.
1429 2419 103 69 Ist
1603 2404 430 89 Ähnliches
2104 2424 80 90 je

233 2524 505 90 geschehen?
839 2527 107 70 Er
997 2529 352 73 beteuert
1402 2532 293 72 Wauer
1769 2537 80 68 in
1913 2537 269 90 jedem

233 2639 230 90 Brief,
545 2641 179 71 dass
780 2664 86 48 er
917 2644 217 71 nicht
1187 2670 147 45 nur
1390 2646 127 73 die
1569 2649 424 73 Erlaubnis
2043 2676 141 48 zur

231 2754 729 97 Veröffentlichung
997 2761 217 69 nicht
1247 2764 339 88 gegeben
1628 2764 155 92 hat,
1835 2768 346 71 sondern

235 2868 179 72 dass
470 2895 85 45 er
606 2873 111 69 sie
772 2874 201 72 auch
1041 2876 125 70 nie
1253 2880 484 89 gegeben
1825 2883 354 71 haben

231 2985 398 72 würde.
733 2988 106 69 Er
892 2988 132 71 hat
1061 3012 231 67 sogar
1325 2993 227 71 einen
1595 2995 277 71 Grund
1910 2996 264 73 dafür:

231 3100 216 71 nicht
501 3101 150 70 den
706 3103 528 91 mildernden,
1290 3106 179 73 dass
1510 3132 86 49 er
1632 3112 215 71 seine
1882 3115 297 90 groben

230 3213 354 73 Ausfälle
667 3240 154 48 nur
905 3220 375 90 privatim
1358 3222 201 72 habe
1644 3232 137 62 tun
1859 3228 318 70 wollen.

231 3328 224 90 Nein,
536 3354 85 47 er
672 3333 171 70 will
907 3333 217 71 nicht
1185 3337 81 69 in
1337 3338 464 73 Polemiken
1866 3340 269 73 hinein-

228 3465 339 73 gezogen
619 3447 347 71 werden.
1049 3450 176 71 Und
1281 3452 138 73 das
1471 3454 100 69 ist
1608 3477 161 48 nun
1808 3455 369 71 wirklich

231 3560 141 71 das
426 3562 341 93 Einzige,
844 3587 168 48 was
1090 3589 80 47 es
1249 3567 173 71 hier
1491 3592 97 46 zu
1649 3569 283 71 lachen
1996 3572 179 88 gibt.

230 3675 425 94 Ungefragt
729 3679 165 71 und
971 3682 439 90 ungebeten
1488 3684 345 71 schreibt
1920 3686 259 71 dieser

231 3791 187 69 Cam
433 3791 376 91 pendonk
838 3794 227 69 einen
1087 3796 563 72 Schmähbrief
1671 3799 198 71 über
1884 3799 293 71 andere

228 3906 373 71 Künstler
685 3907 166 72 und
936 3911 410 71 hinterher
1429 3914 293 70 schreit
1798 3938 103 68 er,
1987 3940 188 47 man

226 4019 207 73 habe
509 4023 141 69 ihn
728 4024 79 70 in
888 4026 173 69 eine
1115 4028 361 71 Polemik
1529 4028 643 94 hineingezogen!

228 4134 164 73 Soll
472 4138 139 71 das
697 4141 125 69 ein
900 4141 204 69 Witz
1180 4144 218 68 sein?
1498 4144 677 94 Hineingezogen?

226 4248 190 73 Wer
452 4249 135 72 hat
621 4253 139 69 ihn
800 4253 663 95 hineingezogen?
1496 4258 222 71 Doch
1750 4258 424 74 höchstens

226 4365 168 71 sein
460 4385 312 73 grosser
824 4370 317 69 Freund
1195 4371 455 73 Westheim.
1755 4373 209 73 Aber
2028 4376 142 70 der

225 4478 139 73 hat
433 4481 171 70 ihm
662 4481 150 72 den
868 4483 214 93 Kopf
1148 4488 465 88 gewaschen
1688 4488 164 70 und
1930 4490 247 73 daran

226 4595 371 90 erinnert,
655 4595 181 73 dass
892 4620 85 48 er
1027 4619 193 71 ganz
1273 4608 335 83 spontan
1664 4603 510 90 geschrieben

226 4708 158 93 hat,
440 4730 194 73 ganz
687 4720 335 85 spontan
1080 4717 513 90 geschrieben
1632 4717 257 73 haben
1930 4744 242 47 muss.

220 4823 528 78 Verstanden!
870 4829 178 71 Und
1120 4830 139 71 das
1337 4830 361 73 Wunder
1774 4835 401 90 geschieht

221 4939 229 71 auch.
555 4940 100 73 Es
733 4944 284 69 wurde
1095 4942 547 95 denkbar,
1723 4947 180 71 dass
1976 4949 199 71 Herr

220 5054 442 73 Westheim
716 5057 171 73 sich
943 5061 127 69 für
1119 5059 428 93 berechtigt
1584 5062 265 71 halten
1889 5062 280 73 durfte.

221 5169 173 73 Nur
447 5171 567 74 denkbar?
1075 5177 586 94 Meinetwegen.
1718 5179 209 71 Aber
1964 5179 205 73 doch

221 5282 527 77 denkbar.
885 5287 178 73 Und
1149 5313 88 49 so
1324 5298 240 66 etwas
1661 5294 169 71 fällt
1913 5296 256 71 Herrn

225 5399 582 93 Campendonk
861 5411 156 64 erst
1068 5408 149 86 ein,
1273 5406 391 73 nachdem
1717 5411 140 69 ihn
1911 5411 207 71 West-

221 5514 217 71 heim
492 5518 479 89 angefahren
1026 5519 181 73 hat?
1293 5521 95 73 Ic
1415 5523 48 69 h
1530 5525 202 71 habe
1784 5548 80 48 es
1920 5526 247 71 schon

216 5630 231 91 lange
474 5631 425 92 bewiesen,
931 5633 179 73 dass
1142 5660 80 47 es
1251 5636 205 71 auch
1485 5640 291 71 vorher
1813 5640 357 72 denkbar

218 5767 195 62 war,
465 5745 186 71 sehr
706 5746 372 75 denkbar.
1180 5750 179 71 Und
1439 5775 161 48 nun
1673 5755 157 90 gibt
1893 5779 79 47 es
2026 5755 143 73 der

216 5858 457 75 Verstockte
726 5863 318 71 endlich
1083 5867 241 69 selbst
1358 5889 118 49 zu.
1557 5870 224 69 Denn
1837 5894 84 47 er
1957 5872 210 71 wirft

216 5973 295 73 Wauer
560 5994 168 72 vor,
782 5977 261 72 dieser
1095 5980 205 71 habe
1336 5983 174 70 eine
1546 5980 240 75 Stelle
1822 5983 135 73 des
1996 5990 127 66 ent-

216 6090 630 93 schuldigenden
900 6095 469 73 Schreibens
1457 6099 373 71 falsch
1908 6122 192 49 aus-

215 6207 389 90 gelegt.
690 6209 156 71 Das
883 6210 209 71 wird
1126 6234 216 49 zwar
1376 6234 274 51 ausser
1686 6214 152 73 den
1881 6215 283 72 beiden

2426 122 300 72 Herren
2744 123 573 95 Campendonk
3349 126 162 73 und
3527 128 432 74 Westheim
3991 131 377 73 niemand

2426 236 293 73 finden.
2797 238 210 73 Aber
3058 241 115 71 sie
3224 243 250 71 sollen
3511 243 232 73 beide
3777 246 246 72 Recht
4072 246 293 75 haben:

2426 351 296 73 Wauer
2785 353 135 71 hat
2990 355 249 71 falsch
3303 360 415 91 ausgelegt.
3823 360 100 71 Es
3975 384 173 49 war
4199 365 168 71 also

2433 468 130 70 für
2599 468 575 93 Campendonk
3210 470 244 73 schon
3491 475 276 69 früher
3820 473 545 97 denkbar,

2428 582 179 72 dass
2621 583 440 73 Westheim
3090 587 269 71 seinen
3379 588 215 72 Brief
3601 588 457 75 abdrucken
4075 594 290 72 werde.

2426 697 176 71 Wie
2685 699 191 71 aber
2959 700 153 92 legt
3193 700 205 71 Herr
3469 702 574 95 Campendonk
4126 709 242 71 selbst

2426 810 127 73 die
2582 812 250 73 falsch
2860 817 441 90 ausgelegte
3330 817 236 71 Stelle
3593 820 81 70 in
3703 822 261 70 einem
3992 820 371 75 früheren

2426 929 220 71 Brief
2689 953 127 47 an-
2843 929 296 74 Wauer
3190 934 189 71 aus?

3401 1103 505 98 „Seeshaupt,
3960 1110 114 71 30.
4131 1110 63 71 1.
4248 1112 115 73 21.

2426 1273 15 13 .
2499 1273 12 11 .
2575 1215 261 83 „Nach
2897 1218 156 71 wie
3129 1242 145 49 vor
3349 1220 135 69 bin
3561 1220 130 73 ich
3769 1222 140 71 der
3970 1223 393 95 Meinung,

2426 1330 180 71 dass
2709 1330 125 71 Sie
2936 1330 127 73 die
3161 1334 615 93 Angelegenheit
3874 1339 144 69 mit
4109 1340 256 71 Herrn

2421 1445 81 71 P.
2558 1447 437 71 Westheim
3064 1452 266 90 regeln
3383 1459 376 84 müssten,
3840 1454 100 71 da
4014 1455 131 72 ich
4224 1455 139 73 das

2419 1562 251 71 Recht
2748 1560 225 92 habe,
3059 1566 80 69 in
3219 1566 850 74 Privatbriefen
4146 1571 217 71 mich

2418 1677 198 70 über
2699 1679 254 91 Dinge
3036 1682 655 90 auszusprechen,
3796 1686 151 69 wie
4043 1708 80 47 es
4209 1686 156 69 mir

2423 1792 306 92 behagt,
2809 1794 259 70 sofern
3125 1794 129 70 ich
3310 1794 213 73 diese
3576 1797 215 72 nicht
3860 1801 175 69 für
4119 1803 244 71 eine

2414 1906 1238 98 Veröffentlichung
3752 1916 606 73 schreibe.

2419 2021 268 73 Dass
2793 2023 236 71 dies
3132 2026 313 71 nicht
3545 2031 529 92 geschah,
4179 2035 179 69 bin

2418 2136 176 71 ich
2687 2136 570 93 jederzeit
3364 2141 107 70 in
3574 2141 188 73 der
3860 2146 280 92 Lage
4240 2172 122 47 zu

2418 2424 157 69 Der
2651 2424 349 73 Himmel
3075 2427 379 73 bewahre
3530 2455 146 47 uns
3740 2434 176 88 alle,
3996 2432 139 73 das
4207 2436 153 71 wir

2418 2539 252 73 dieses
2726 2541 425 73 Schreiben
3208 2543 610 94 Campendonks
3870 2549 251 71 falsch
4175 2575 138 47 aus-

2412 2656 246 90 legen.
2782 2658 186 71 Hier
3044 2659 232 73 steht:
3374 2661 141 71 der
3596 2663 219 69 Brief
3891 2686 169 50 war
4143 2666 217 71 nicht

2781 2757 10 9 •
2798 2757 9 11 •

2414 2769 129 72 für
2597 2771 127 71 die
2761 2773 586 73 Öffentlichkeit
3396 2776 427 71 bestimmt.
3892 2780 195 71 Dort
4123 2781 232 71 steht:

2414 2883 440 73 Westheim
2931 2886 213 71 hatte
3222 2888 139 73 das
3437 2890 266 89 Recht,
3787 2891 139 72 ihn
4006 2917 95 47 zu
4177 2917 135 49 ver-

2419 3000 527 73 öffentlichen.
2970 3001 172 72 Und
3168 3001 213 73 diese
3406 3005 287 71 beiden
3711 3007 645 74 Erzwahrheiten

2412 3112 315 74 heissen
2753 3118 891 93 zusammengekoppelt
3667 3120 159 71 und
3854 3144 447 50 zusammen-

2412 3230 536 91 geschweisst:
3003 3233 437 72 Westheim
3479 3235 210 71 hatte
3727 3235 138 71 das
3904 3237 263 86 Recht,
4216 3237 139 73 das

2409 3369 97 46 zu
2560 3347 672 91 veröffentlichen,
3295 3372 164 49 was
3515 3350 576 93 Campendonk
4141 3354 217 71 nicht

2412 3459 510 93 geschrieben
2978 3462 234 93 hatte,
3293 3464 249 73 damit
3616 3489 80 49 es
3774 3467 582 71 veröffentlicht

2409 3574 293 73 werde.
2805 3577 363 71 Versteht
3244 3579 166 71 dies
3486 3581 337 71 Keiner?
3923 3581 22 69 I
3975 3603 43 49 c
4047 3581 52 69 h
4175 3604 134 49 ver-

2411 3692 217 70 stehe
2658 3714 102 49 es.
2810 3692 102 71 Es
2944 3692 266 73 heisst:
3261 3696 195 69 Paul
3486 3696 435 71 Westheim
3975 3697 380 72 durfte

2409 3806 364 90 glauben,
2853 3806 179 73 dass
3098 3807 576 94 Campendonk
3743 3811 388 71 trotzdem
4211 3814 144 70 mit

2418 3918 140 72 der
2656 3919 723 97 Veröffentlichung
3479 3926 605 71 einverstanden
4185 3929 165 70 sein

2407 4034 292 73 werde.
2756 4036 178 71 Und
2970 4039 164 70 sein
3174 4039 304 72 Glaube
3530 4063 169 48 war
3750 4041 181 71 kein
3967 4041 383 92 irrender,

2407 4150 348 71 sondern
2807 4151 127 70 ein
2988 4153 317 71 wahrer
3357 4155 324 72 Glaube.
3779 4156 574 93 Campendonk

2407 4287 171 49 war
2631 4266 367 71 wirklich
3051 4268 144 69 mit
3249 4268 141 71 der
3423 4270 723 93 Veröffentlichung
4184 4278 126 66 ein-

2399 4380 498 71 verstanden.
2954 4382 178 69 Und
3185 4382 252 72 dieses
3474 4385 320 71 endlich
3847 4387 240 71 heisst
4126 4395 229 64 unter

2409 4515 147 49 uns
2597 4495 347 69 anderen
2983 4495 456 73 Menschen:
3520 4498 190 71 der
3762 4502 313 71 Brief
4133 4524 218 51 war

2407 4610 177 68 für
2695 4608 176 73 die
2971 4612 1079 98 Veröffentlichung
4160 4619 126 71 be-

2407 4724 441 71 stimmt.

2406 4837 181 71 Nun
2639 4840 100 70 ist
2790 4839 127 73 die
2951 4840 415 75 Wahrheit
3410 4868 142 49 ans
3589 4845 229 73 Licht
3854 4849 492 90 gekommen.

2406 4952 179 71 Und
2638 4954 247 73 damit
2924 4956 201 72 Herr
3161 4957 459 93 Westheim,
3674 4962 169 70 will
3896 4962 129 70 ich
4065 4962 124 71 Sie
4226 4964 125 69 für

2404 5066 235 74 heute
2668 5093 153 49 von
2849 5071 183 71 dem
3047 5072 395 73 Verdacht
3469 5074 141 71 der
3635 5076 523 73 Indiskretion
4189 5079 121 70 for-

2409 5186 193 69 mell
2638 5186 560 93 freisprechen.
3263 5189 169 73 Nur
3466 5191 340 74 formell.
3869 5193 227 69 Denn
4135 5216 79 48 es
4250 5196 100 69 ist

2407 5303 175 69 eine
2633 5303 264 71 blosse
2948 5303 293 91 Laune,
3317 5328 237 48 wenn
3615 5308 132 71 ich
3798 5330 100 49 an
3953 5308 395 93 Campenr

2406 5414 257 73 donks
2741 5418 279 69 letzten
3098 5418 222 71 Brief
3386 5421 302 90 glaube.
3825 5421 313 71 Ebenso
4216 5430 132 84 gut

2406 5531 294 71 könnte
2749 5531 131 71 ich
2932 5555 100 47 an
3086 5535 270 69 seinen
3410 5540 257 66 ersten
3720 5536 222 70 Brief
3982 5538 361 90 glauben,

2404 5665 191 71 ganz
2648 5648 154 71 wie
2856 5670 81 49 es
2990 5650 159 68 mir
3200 5652 283 89 gefällt.
3586 5652 229 69 Dann
3870 5652 209 89 aber,
4146 5653 202 71 Herr

2402 5760 458 91 Westheim,
2914 5763 267 71 hätten
3220 5763 127 71 Sie
3398 5763 207 73 doch
3644 5765 127 71 die
3823 5765 520 74 Indiskretion

2401 5875 428 93 begangen,
2904 5875 128 75 die
3083 5877 542 93 Campendorf
3676 5878 240 73 Ihnen
3972 5885 371 70 vorwarf.

2402 5990 336 93 Solange
2768 5994 154 69 mir
2949 5992 129 73 die
3105 5994 298 71 Herren
3430 5995 219 70 nicht
3684 6016 258 74 sagen,
3996 5999 350 72 welcher

2399 6104 137 71 Art
2589 6104 127 72 die
2766 6105 454 93 gepflogene
3256 6109 657 93 Korrespondenz
3964 6136 189 68 war,
4207 6114 133 69 bin

2397 6219 132 71 ich
2607 6220 217 72 nicht
2900 6222 513 92 verpflichtet,
3491 6224 141 73 das
3689 6227 193 73 Eine
3945 6227 195 73 oder
4201 6227 140 73 das
