4592 6627
242 6460 100 64 60

229 123 159 90 der,
476 118 206 76 ohne
762 120 200 74 dazu
1038 120 447 76 autorisiert
1558 142 96 49 zu
1739 118 190 90 sein,
2015 138 156 51 von

227 238 259 71 einem
542 231 15 11 '
598 233 350 76 anderen
1058 231 552 92 Rühmliches,
1724 228 447 95 Lobendes,

225 348 410 77 Ehrendes
688 350 314 78 mitteilt
1055 348 196 75 oder
1301 347 465 76 verbreitet?
1858 345 313 74 Wollen

227 465 125 73 Sie
415 462 140 76 das
616 472 166 86 tun,
862 467 203 71 Herr
1113 462 489 78 Westheim?
1704 460 60 75 0
1844 462 105 93 ja,
2047 458 127 75 Sie

223 587 138 66 tun
401 602 104 53 es.
589 580 119 75 Im
745 580 425 95 Gegensatz
1204 601 95 50 zu
1338 577 349 74 anderen
1722 575 447 75 Menschen.

225 695 229 75 Denn
471 699 128 74 Sie
625 695 564 94 beschuldigen
1219 694 214 73 mich
1453 690 142 77 der
1621 690 552 92 Indiskretion,

224 812 184 73 weil
516 811 129 74 ich
760 811 254 93 einige
1129 809 647 93 Brieffragmente
1875 806 299 94 August

225 926 390 76 Stramms
669 926 648 93 veröffentlichte,
1375 922 127 77 die
1555 924 154 73 den
1758 922 411 75 Kanaillen

225 1044 266 92 zeigen
528 1041 307 91 sollten,
874 1063 100 51 an
1002 1037 393 77 welchem
1421 1056 325 76 grossen
1781 1037 390 90 Künstler,

227 1181 98 50 an
362 1156 392 75 welchem
806 1153 527 76 leuchtenden
1373 1153 424 74 Menschen
1836 1154 113 73 sie
2000 1149 174 76 ihre

229 1273 433 74 Bestialität
738 1271 398 93 getrieben
1218 1269 282 75 haben.
1602 1269 171 75 Nur
1824 1266 130 78 Sie
2005 1266 169 75 und

225 1396 219 67 sonst
493 1388 183 71 kein
728 1385 324 74 Mensch
1104 1386 142 71 auf
1289 1383 142 74 der
1478 1383 209 74 Welt
1739 1390 242 66 nennt
2032 1381 139 75 das

229 1505 174 73 eine
478 1501 548 73 Indiskretion.
1155 1500 320 74 Merken
1556 1498 127 75 Sie
1759 1496 170 73 sich
2008 1495 163 93 das,

227 1620 203 73 Herr
479 1617 459 89 Westheim,
1002 1615 168 73 und
1221 1615 328 73 merken
1605 1613 126 75 Sie
1783 1613 212 75 sichs
2049 1613 127 73 für

227 1735 154 71 alle
432 1732 286 73 Zeiten.
818 1732 173 73 Nur
1043 1730 153 93 ich,
1273 1730 131 75 ich
1483 1730 243 73 selbst
1802 1728 164 75 und
2042 1728 131 75 ich

227 1867 190 73 ganz
493 1847 239 73 allein
809 1845 205 75 habe
1092 1844 139 74 das
1307 1845 268 92 Recht,
1661 1845 215 75 mich
1958 1845 218 75 einer

225 1960 527 75 Indiskretion
835 1984 96 49 zu
1006 1959 591 94 beschuldigen.
1731 1960 228 73 Denn
2042 1959 127 72 ich

230 2077 202 73 habe
484 2076 205 74 auch
742 2074 140 74 das
920 2076 267 91 Recht,
1240 2074 216 74 mich
1509 2074 660 96 freizusprechen,

229 2192 184 73 weil
474 2192 158 73 mir
703 2191 217 74 diese
992 2189 634 74 Indiskretionen
1690 2214 154 51 von
1922 2189 245 74 Ihnen

229 2306 166 74 und
462 2306 583 95 Ihresgleichen
1109 2313 342 88 erpresst
1509 2304 349 76 werden.
1961 2306 213 73 Ganz

225 2423 242 89 recht,
522 2421 203 73 Herr
774 2421 464 86 Westheim,
1314 2421 127 73 Sie
1492 2421 315 91 wissen,
1861 2423 323 71 worauf

225 2538 131 74 ich
422 2538 374 95 anspiele.
881 2536 135 75 Ich
1070 2534 332 97 spreche
1453 2536 313 73 sowohl
1815 2558 156 51 von
2020 2534 153 73 den

227 2653 704 95 Brieffragmenten
969 2653 249 71 Franz
1251 2651 280 92 Marcs,
1583 2651 156 75 wie
1775 2651 205 73 auch
2017 2673 157 51 von

232 2768 149 75 den
452 2768 334 92 Briefen,
865 2765 127 74 die
1057 2765 132 74 ich
1258 2765 237 74 heute
1555 2765 621 76 veröffentliche.

230 2885 400 74 Niemand
681 2885 142 71 auf
867 2882 142 74 der
1050 2883 208 75 Welt
1309 2905 274 51 ausser
1631 2882 249 74 Ihnen
1934 2888 244 66 nennt

232 3000 271 73 solche
594 2997 827 95 Veröffentlichungen
1522 2995 652 93 Indiskretionen,

229 3139 96 47 zu
378 3114 259 74 denen
688 3114 130 72 ich
855 3136 139 49 um
1031 3110 143 76 der
1209 3112 579 93 Ehrenrettung
1824 3110 355 75 Anderer

230 3232 271 73 willen
564 3249 481 74 gezwungen
1096 3227 298 74 werde.
1488 3229 207 72 Mein
1746 3229 284 72 Zweck
2081 3229 98 71 ist

232 3369 80 51 es
383 3346 238 91 nicht,
698 3346 177 71 hier
925 3342 577 98 Campendonk
1577 3344 597 73 blosszustellen

232 3486 137 49 um
423 3461 143 72 der
601 3461 528 91 Blosstellung
1180 3461 295 71 willen.
1529 3456 212 76 Aber
1790 3457 129 75 ich
1956 3481 218 51 muss

229 3577 142 73 ihn
456 3577 484 87 biosstellen,
1041 3574 100 75 da
1241 3598 87 49 er
1426 3572 129 75 die
1654 3574 210 73 Ehre
1964 3572 212 73 eines

230 3691 368 74 Anderen
686 3689 311 73 schwer
1079 3689 325 71 verletzt
1488 3688 158 72 hat.
1749 3684 180 75 Und
2012 3710 162 49 nun

230 3808 297 71 wollen
562 3806 153 73 wir
760 3804 266 90 sehen,
1080 3804 104 72 ob
1236 3803 176 73 Ihre
1450 3801 728 95 Veröffentlichung

232 3920 137 74 des
457 3918 847 96 Campendonk'schen
1389 3918 298 73 Briefes
1788 3940 148 52 vor
1988 3916 185 73 dem

230 4036 381 75 Vorwurf
671 4033 140 75 der
869 4033 530 75 Indiskretion
1463 4040 318 86 gerettet
1847 4033 327 75 werden

232 4155 234 71 kann.
567 4152 136 74 Ich
781 4150 206 73 habe
1063 4150 248 73 schon
1383 4150 158 73 viel
1621 4148 230 75 dafür
1927 4157 247 88 getan.

229 4268 133 73 Ich
415 4268 206 73 habe
655 4265 248 74 Ihnen
942 4267 386 93 geglaubt,
1383 4263 180 75 dass
1604 4265 574 93 Campendonk

234 4384 269 72 seinen
584 4382 219 71 Brief
884 4400 234 73 „ganz
1665 4378 511 94 geschrieben

232 4499 154 72 hat.
474 4497 208 73 Aber
732 4519 138 49 um
923 4495 247 73 Ihnen
1221 4519 96 49 zu
1351 4495 422 92 beweisen,
1831 4494 181 74 dass
2047 4494 131 74 ich

230 4614 248 73 Ihnen
530 4636 97 49 zu
681 4610 347 75 Unrecht
1077 4610 359 95 geglaubt
1492 4610 227 92 habe,
1790 4610 191 94 gebe
2047 4609 129 74 ich

230 4727 248 75 Ihnen
532 4749 140 51 aus
725 4727 264 73 einem
1041 4724 349 74 anderen
1429 4726 256 72 Briefe
1737 4748 99 50 an
1885 4726 294 74 Wauer

235 4841 254 76 dieses
542 4866 96 51 zu
689 4844 259 73 lesen:

992 5071 503 95 „Seeshaupt,
1549 5073 112 73 18.
1714 5073 294 71 Januar
2057 5071 117 75 21.

234 5247 15 17 .
307 5245 15 17 .
374 5186 429 76 Jedenfalls
869 5188 288 71 bekam
1231 5186 132 73 ich
1441 5188 212 71 eines
1707 5186 245 93 Tages
2018 5208 156 51 von

234 5305 254 73 Herrn
503 5303 196 73 Paul
713 5300 435 78 Westheim
1175 5301 479 92 einenßrief,
1683 5301 81 71 in
1785 5301 391 73 welchem

234 5442 86 51 er
369 5420 298 91 anfrug,
743 5418 104 73 ob
897 5418 133 75 ich
1084 5418 198 73 über
1345 5416 127 75 die
1526 5416 271 92 Dinge,
1873 5415 306 73 welche

234 5533 250 75 Franz
533 5533 215 75 Marc
806 5555 205 75 resp.
1077 5532 281 76 dessen
1411 5532 287 76 Witwe
1771 5530 148 76 mit
1993 5528 186 75 dem

633 5648 315 95 erlebte,
987 5647 515 76 unterrichtet
1536 5647 132 76 sei.
1719 5645 137 75 Ich
1888 5652 295 69 wusste

235 5762 348 76 darüber
608 5764 256 72 nichts
894 5762 166 74 und
1094 5818 130 22 ...
1263 5760 119 76 Ob
1419 5759 533 98 aufgefordert
1988 5759 195 76 oder

239 5879 240 86 nicht,
564 5879 140 74 das
781 5880 98 73 ist
952 5880 159 72 mir
1185 5880 400 90 entfallen,
1659 5877 133 75 ich
1868 5875 313 75 schrieb

230 5994 420 93 jedenfalls
686 5996 278 72 weiter
1002 6053 14 15 .
1057 6051 13 17 .
1113 6051 15 17 .
1180 5996 159 72 Der
1372 5994 113 73 im
1522 5992 449 75 Kunstblatt
2005 6014 134 51 ver-

239 6109 477 76 öffentlichte
777 6109 171 75 Teil
1035 6111 298 74 meines
1417 6109 297 75 Briefes
1797 6107 100 73 ist
1980 6107 164 75 voll-

240 6222 375 77 kommen
669 6231 476 87 wortgetreu
1199 6283 13 16 .

2408 115 118 74 Da
2579 138 81 51 es
2714 116 168 73 also
2935 115 250 74 leider
3238 115 257 74 Herrn
3548 110 580 98 Campendonk
4179 115 129 69 ent-

2405 230 240 73 fallen
2698 252 189 69 war,
2943 231 102 73 ob
3099 253 88 51 er
3234 252 158 52 von
3446 226 247 75 Ihnen
3747 250 97 51 zu
3895 225 271 74 seinen
4216 225 93 73 be-

2406 342 501 94 leidigenden
2960 328 554 112 Äusserungen
3593 338 532 98 aufgefordert
4183 360 172 53 war

2406 458 197 73 oder
2686 460 238 92 nicht,
3012 482 89 51 so
3187 460 259 73 haben
3526 458 127 75 Sie
3737 453 403 78 vielleicht
4227 452 128 74 die

2406 574 837 94 Liebenswürdigkeit,
3282 575 155 71 mir
3482 572 345 74 darüber
3861 570 496 93 Aufklärung

2405 714 96 49 zu
2555 689 517 74 verschaffen.
3129 729 88 10 —
3273 687 126 74 Sie
3451 689 395 72 schütteln
3901 685 151 73 den
4101 685 254 93 Kopf?

2408 806 127 72 Sie
2587 806 297 72 wollen
2948 804 269 74 nicht?
3319 804 254 91 Dann,
3636 804 205 71 Herr
3890 800 462 90 Westheim,

2406 929 320 64 müssen
2765 919 151 74 wir
2965 917 466 93 versuchen,
3485 922 230 68 unter
3747 914 608 78 Zuhilfenahme

2408 1036 135 74 des
2645 1036 411 93 gemeinen
3161 1032 603 75 menschlichen
3851 1029 503 76 Scharfsinns

2408 1153 259 74 hinter
2735 1151 140 74 das
2929 1149 461 76 Geheimnis
3443 1171 98 49 zu
3592 1148 403 72 kommen.
4098 1146 254 74 Herrn

2408 1266 574 97 Campendonk
3034 1266 168 73 also
3256 1286 170 51 war
3487 1285 81 51 es
3637 1263 400 89 entfallen,
4111 1261 105 75 ob
4269 1283 86 51 er

2406 1383 171 73 sich
2647 1403 264 73 ganz
2972 1386 479 90 spontan
3526 1383 399 90 geäussert
3974 1376 136 75 hat
4159 1374 198 77 oder

2406 1498 234 75 nicht.
2740 1496 396 94 Richtiger
3187 1501 289 89 gesagt:
3564 1517 83 49 es
3712 1515 171 53 war
3951 1491 172 75 ihm
4193 1496 123 68 ent-

3813 1591 12 12 •
3830 1590 11 14 •

2406 1613 264 92 fallen,
2728 1613 100 71 ob
2867 1635 86 49 er
2990 1612 127 72 die
3151 1608 605 95 beleidigenden
3796 1608 553 92 Äusserungen

2408 1735 488 88 spontan
2950 1725 508 95 geschrieben
3514 1725 233 73 hatte.
3807 1723 221 73 Denn
4072 1720 282 74 dessen

2408 1845 393 73 erinnerte
2902 1844 166 72 sich
3158 1860 230 77 sogar
3470 1842 201 71 Herr
3756 1835 598 98 Campendonk,

2408 1959 178 72 dass
2640 1982 86 49 er
2777 1959 112 72 sie
2957 1957 216 73 nicht
3246 1976 263 72 ganz
3581 1960 334 90 spontan
3995 1950 364 97 gemacht

2406 2076 237 72 hatte.
2709 2076 219 89 Sie,
2984 2074 203 71 Herr
3222 2070 463 94 Westheim,
3741 2070 264 73 hatten
4045 2067 171 76 sich
4254 2089 100 51 an

2406 2191 139 72 ihn
2611 2187 368 97 gewandt
3058 2187 166 73 und
3299 2186 140 72 ihn
3500 2208 141 50 um
3693 2184 393 74 Auskunft
4161 2182 199 73 über

2405 2306 174 73 ihre
3505 2324 100 50 an
3659 2301 251 73 Franz
3959 2301 213 73 Marc
4223 2318 88 74 ge-

2405 2421 255 73 beten.
2764 2418 179 74 Und
2996 2418 103 72 da
3150 2414 577 98 Campendonk
3791 2414 248 75 Ihnen
4103 2414 251 73 damit

2408 2534 218 75 nicht
2689 2531 290 76 dienen
3040 2534 318 90 konnte,
3432 2531 287 73 beeilte
3795 2551 88 51 er
3957 2529 193 92 sich,
4228 2528 129 72 Sie

2406 2651 144 71 mit
2603 2650 381 74 anderem
3029 2650 356 72 Material
3437 2666 239 77 gegen
3732 2643 154 76 den
3940 2646 266 75 Sturm
4259 2666 96 51 zu

2408 2766 406 75 versehen.
3812 2785 140 51 um
4006 2760 170 76 sich
4227 2760 130 74 bei

2406 2880 247 74 Ihnen
2706 2904 96 50 zu
2853 2882 544 91 beschweren,
3476 2878 182 75 dass
3734 2900 86 51 er
3881 2876 219 75 nicht
4149 2875 205 74 auch

2410 3003 228 66 unter
2713 2995 154 74 den
2919 2997 525 72 Entlaufenen
3524 2998 340 92 genannt
3939 2992 135 74 sei.
4174 2990 180 73 Man

2408 3134 220 51 muss
2708 3112 125 73 ein
2911 3112 438 74 Westheim
3434 3110 191 92 sein,
3712 3132 140 49 um
3937 3129 88 51 so
4111 3112 244 68 etwas

2416 3247 332 73 „ganz
3288 3249 97 49 zu
3453 3249 337 51 nennen.
3893 3222 281 74 Hätten
4230 3220 127 75 Sie

2413 3366 152 49 nur
2633 3342 510 93 geschrieben
3761 3362 88 51 so
3901 3342 273 70 wären
4228 3334 131 76 Sie

2411 3456 215 74 nicht
2687 3479 153 51 nur
2902 3456 185 74 dem
3141 3457 332 73 wahren
3529 3452 516 78 Sachverhalt
4108 3450 252 75 näher

2410 3574 497 93 gekommen,
2985 3574 127 73 Sie
3185 3572 268 73 hätten
3522 3571 205 74 auch
3783 3567 577 99 Campendonk

2411 3711 136 49 um
2638 3688 231 72 einen
2948 3686 215 74 Grad
3236 3686 351 93 weniger
3663 3682 694 97 kompromittiert.

2410 3803 208 73 Aber
2669 3803 311 73 freilich
3034 3825 221 51 muss
3309 3825 81 49 es
3446 3799 183 75 dem
3668 3798 498 76 Geschmack
4220 3794 137 75 des

2410 3918 481 93 Beleidigers
2970 3918 464 73 überlassen
3509 3914 340 92 bleiben,
3935 3913 102 73 ob
4115 3933 86 51 er
4276 3933 81 49 es

2408 4033 376 93 vorzieht,
2863 4033 217 73 seine
3133 4030 614 94 Beleidigungen
3818 4030 295 93 gefragt
4162 4026 198 75 oder

2410 4148 404 93 ungefragt
2863 4152 400 88 geäussert
3312 4168 98 50 zu
3461 4145 285 73 haben.
3802 4145 160 71 Für
4015 4143 149 93 Sie,
4218 4141 142 75 der

2410 4260 128 76 Sie
2589 4263 356 73 Material
3026 4282 240 74 gegen
3348 4260 150 74 den
3556 4260 266 74 Sturm
3896 4258 463 93 brauchten,

3612 4358 12 14 •
3629 4358 12 13 •

2410 4400 169 51 war
2626 4378 176 73 eine
2855 4397 266 75 ganz
3172 4384 387 88 spontane
3595 4375 455 95 Äusserung
4084 4375 239 73 effekt-

2408 4495 276 73 voller.
2764 4492 210 74 Aber
3009 4490 579 97 Campendonk
3624 4514 171 51 war
3841 4514 81 51 es
3959 4492 401 73 entfallen.

2411 4609 102 73 Es
2567 4632 169 50 war
2811 4607 173 73 ihm
3060 4609 394 84 entfallen,
3531 4605 365 95 obgleich
3951 4605 125 75 Sie
4128 4604 234 74 dafür

2410 4731 306 86 gesorgt
2767 4722 291 93 hatten,
3116 4722 181 75 dass
3351 4744 81 51 es
3483 4722 175 73 ihm
3712 4722 217 75 nicht
3979 4722 380 73 entfallen

2410 4841 316 73 konnte.
2853 4841 109 71 Er
3046 4837 383 77 brauchte
3512 4859 156 53 nur
3747 4837 234 73 Ihren
4059 4836 303 72 Artikel

2408 4956 632 95 aufzuschlagen,
3094 4980 137 47 um
3272 4952 169 77 sich
3475 4974 98 51 zu
3609 4954 518 93 überzeugen,
4176 4949 184 76 dass

2410 5095 84 49 er
2545 5091 191 73 ganz
2789 5078 340 88 spontan
3204 5093 100 49 an
3360 5069 127 73 Sie
3561 5068 511 93 geschrieben
4127 5066 233 74 hatte.

2411 5184 212 75 Oder
2696 5188 230 71 sollte
3006 5184 398 75 vielleicht
3458 5181 577 97 Campendonk
4111 5183 251 73 selbst

2410 5306 350 68 erstaunt
2811 5320 362 74 gewesen
3228 5300 196 84 sein,
3492 5298 181 74 dass
3727 5322 85 49 er
3864 5296 171 75 sich
4098 5317 267 76 ganz

2411 5423 337 88 spontan
2835 5420 399 90 geäussert
3317 5415 259 73 hatte?
3676 5413 239 76 Wäre
3998 5437 81 51 es
4164 5413 161 75 viel-

2410 5530 240 73 leicht
2733 5528 208 76 doch
3018 5528 382 97 möglich,
3488 5528 183 75 dass
3749 5527 129 76 Sie
3961 5528 128 73 ein
4172 5545 195 76 ganz

2410 5645 213 73 klein
2701 5645 262 93 wenig
3036 5684 95 14 —
3204 5645 210 75 wie?
3488 5684 95 12 •—
3659 5645 129 75 ein
3873 5662 194 76 ganz
4149 5643 215 73 klein

2411 5759 261 93 wenig
2723 5782 81 51 es
2855 5760 174 73 ihm
3080 5760 462 95 nahegelegt
3590 5759 328 74 haben?
3968 5799 93 10 —
4111 5757 254 76 Nein?

2411 5874 176 74 Wie
2659 5872 127 76 Sie
2860 5877 323 93 wollen,
3261 5877 204 73 Herr
3537 5874 466 76 Westheim.
4105 5872 260 76 Wenn

2413 5990 129 75 Sie
2594 6013 153 50 nur
2797 5990 221 75 nicht
3068 5992 512 95 geschrieben
3634 5990 313 77 hätten:
4035 6007 333 77 »ganz

2940 6106 154 93 Qui
3131 6109 371 75 s'excuse.
3597 6102 181 76 Und
3812 6126 167 54 was
4017 6104 350 74 schreibt

2415 6219 211 78 denn
2669 6217 259 80 dieser
2962 6221 574 98 Campendonk
3587 6222 127 72 für
3764 6222 229 72 einen
4034 6217 286 77 sonder-
