3444 4356
1718 130 59 52 18

117 270 123 51 kam.
273 270 138 51 Seine
435 269 195 62 Silvana,
656 269 86 52 den
759 267 104 53 Abu
878 268 180 52 Hassan
1080 287 42 34 u.
1140 287 34 34 s.
1193 288 56 33 w.
1274 272 92 50 und
1382 270 113 52 auch
1512 272 69 49 die
1601 270 95 52 drei

120 371 194 50 grossen
328 353 404 52 Clavier-Sonaten
751 354 124 48 halte
893 371 50 31 er
968 352 111 52 aber
1099 354 166 52 bereits
1284 354 313 67 geschrieben.
1630 357 66 48 Im

118 438 141 51 Jahre
284 437 153 52 1817
458 457 95 33 war
567 456 49 31 er
629 438 62 49 als
706 437 347 68 Capellmeister
1067 439 81 51 der
1171 439 250 51 deutschen
1441 441 129 67 Oper
1581 438 115 52 nach

125 524 209 50 Dresden
367 524 289 66 gekommen,
689 522 92 49 und
812 523 133 50 dahin
972 524 161 50 sandte
1166 524 89 50 ihm
1277 526 266 48 Marschner
1574 523 123 51 seine

126 608 146 69 Oper.
334 607 218 51 Weber's
592 606 285 52 freundliche
908 608 219 51 Antwort
1160 608 91 50 und
1284 608 93 50 sein
1410 625 166 50 ganzes
1607 608 59 50 Be-

124 692 195 49 nehmen
351 706 148 49 gegen
543 689 87 51 den
670 691 226 67 jüngeren
929 691 327 70 Componisten
1291 692 202 66 gereicht
1524 692 171 49 seinem

127 775 254 49 Charakter
414 791 83 33 zur
529 778 214 64 grössten
775 776 138 49 Ehre.
948 777 109 50 Wie
1090 776 179 66 freudig
1301 794 95 31 war
1428 776 268 51 Marschner

124 862 224 55 erstaunt,
411 857 64 51 als
522 858 80 50 der
648 858 187 51 Meister
893 860 125 49 nicht
1061 877 89 32 nur
1194 860 70 49 die
1310 860 222 66 Sendung
1590 860 106 49 sehr

122 941 259 51 freundlich
413 943 212 50 aufnahm
658 943 92 50 und
784 942 89 51 sich
907 943 186 68 günstig
1133 943 114 50 über
1278 943 71 50 die
1382 943 314 69 Composition

125 1026 272 70 aussprach,
437 1027 201 50 sondern
670 1042 136 53 sogar
844 1026 144 67 gleich
1021 1027 42 50 in
1096 1027 102 50 dem
1232 1035 154 43 ersten
1418 1027 147 51 Briefe
1595 1044 75 34 ver-

127 1110 137 61 hiess,
295 1111 70 50 die
398 1111 129 69 Oper
559 1111 81 51 auf
665 1111 69 50 die
766 1111 250 51 dresdener
1033 1112 161 50 Bühne
1226 1131 56 31 zu
1314 1111 214 70 bringen!

256 1195 213 49 Darüber
510 1195 188 67 verging
738 1195 151 51 indess
936 1196 99 50 eine
1037 1215 5 12 l
1066 1213 218 49 geraume
1315 1196 115 59 Zeit,
1476 1196 219 51 während

129 1279 202 49 welcher
361 1279 91 49 sich
484 1279 268 49 Marschner
784 1279 80 49 mit
889 1279 82 49 der
1001 1279 313 67 Composition
1347 1280 124 50 einer
1503 1280 194 50 zweiten

130 1363 147 68 Oper,
600 1382 87 31 von
717 1361 287 52 Hornbostel
1046 1364 313 67 beschäftigte.
1418 1363 153 52 Kaum
1617 1382 53 49 ge-

130 1446 164 51 dachte
337 1463 48 32 er
427 1446 118 50 noch
578 1446 79 50 des
689 1446 348 69 Versprechens
1077 1465 88 33 von
1198 1448 197 59 Weber,
1437 1449 62 49 als
1531 1448 90 50 ihm
1653 1448 43 50 in

127 1530 125 50 einer
275 1530 354 50 Sommernacht
661 1530 203 67 (1819)
894 1535 190 55 träumt,
1115 1549 50 32 er
1193 1531 109 51 sitze
1333 1533 59 49 im
1424 1531 274 51 Hoftheater

129 1630 57 34 zu
209 1613 231 59 Dresden,
471 1614 81 50 das
583 1632 49 32 er
663 1614 71 51 nie
756 1617 203 64 gesehen
982 1615 144 60 hatte,
1157 1615 94 51 und
1278 1617 136 49 harre
1444 1617 79 48 mit
1551 1617 116 49 Herz-

127 1697 186 69 klopfen
360 1698 80 49 der
471 1697 295 68 Aufführung
812 1700 147 49 seiner
991 1700 142 68 Oper.
1193 1700 85 50 Die
1311 1700 264 50 Ouvertüre
1617 1699 53 50 be-

129 1782 144 66 ginnt,
304 1799 49 32 er
384 1783 241 49 vernimmt
651 1782 137 67 jeden
819 1784 101 50 Ton
957 1784 257 57 derselben,
1253 1784 92 51 und
1378 1802 71 32 am
1481 1784 216 50 Schlüsse

131 1864 155 67 dringt
332 1865 311 51 rauschender
687 1865 155 51 Beifall
891 1868 42 50 in
981 1868 94 51 sein
1119 1868 267 51 entzücktes
1430 1868 116 50 Ohr.
1602 1868 95 48 Der

131 1949 221 66 Vorhang
384 1952 109 66 geht
524 1952 88 58 auf,
644 1951 70 49 die
733 1952 301 67 Vorstellung
1063 1953 160 50 nimmt
1254 1952 126 51 ihren
1414 1952 282 66 geordneten

126 2034 135 58 Lauf,
308 2033 71 51 die
422 2034 151 50 Musik
619 2034 169 66 gefällt,
833 2034 92 51 und
972 2037 209 49 mehrere
1209 2037 256 49 Nummern
1510 2036 187 49 werden

126 2116 146 50 durch
332 2117 155 51 lauten
545 2118 207 67 Applaus
813 2119 365 66 ausgezeichnet.
1242 2121 69 48 Da
1372 2121 203 48 erwacht
1632 2137 65 42 er,

126 2201 182 68 springt
355 2203 80 47 auf
469 2220 88 32 von
605 2202 170 50 seinem
818 2205 167 64 Lager,
1029 2205 91 49 und
1155 2203 104 51 halb
1301 2221 86 32 von
1421 2203 277 59 Wehmutb,

124 2283 105 51 halb
247 2302 90 33 von
355 2285 240 67 Hoffnung
614 2285 200 67 bewegt,
847 2287 201 50 schreibt
1079 2306 50 31 er
1160 2287 90 51 sich
1270 2288 98 65 Tag
1401 2287 92 50 und
1518 2287 179 51 Stunde

125 2367 95 51 und
253 2367 71 51 die
355 2370 254 48 Nummern
640 2368 83 50 der
755 2370 353 66 Gesangstücke
1138 2371 90 58 auf,
1275 2371 70 49 die
1390 2389 72 30 am
1505 2371 191 49 meisten

129 2451 257 51 beklatscht
418 2452 207 51 worden.
686 2453 132 50 Dann
865 2453 111 66 geht
1020 2471 50 32 er
1114 2455 80 49 mit
1239 2455 241 48 mehreren
1522 2455 173 67 jungen

127 2536 266 58 Freunden,
435 2536 68 48 die
548 2536 75 50 ihn
666 2537 46 49 in
755 2537 80 50 der
866 2537 154 50 Frühe
1052 2537 212 59 abholen,
1310 2539 81 49 auf
1416 2539 98 48 eine
1545 2539 120 49 Land-

130 2619 234 67 partie.—
386 2621 127 47 Nach
548 2620 111 48 zehn
692 2621 157 66 Tagen
880 2622 149 49 erhält
1062 2639 48 32 er
1143 2622 131 50 einen
1306 2621 127 50 Brief
1457 2639 88 33 von
1579 2624 78 48 We-

127 2702 107 51 ber:
294 2704 95 49 sein
436 2704 213 49 Heinrich
698 2706 76 50 IV.
822 2706 57 50 ist
936 2706 42 48 in
1025 2706 81 50 der
1151 2707 119 49 That
1314 2724 55 33 an
1430 2706 265 50 demselben

126 2786 211 59 Abende,
375 2805 74 32 wo
480 2805 50 31 er
563 2786 88 51 den
681 2789 170 49 Traum
887 2789 184 66 gehabt,
1103 2790 275 61 aufgeführt,
1413 2790 69 50 die
1514 2790 151 50 Ouver-

126 2878 104 42 türe
263 2870 271 58 beklatscht,
567 2871 78 50 das
673 2871 155 50 Ganze
861 2871 193 69 beilällig
1085 2875 353 65 aufgenommen
1471 2874 93 49 und
1590 2874 107 66 jene

126 2955 272 55 Nummern,
442 2973 85 32 von
563 2955 146 55 denen
742 2973 47 30 er
822 2973 47 32 es
903 2974 50 32 so
986 2956 170 51 lebhaft
1198 2963 249 61 geträumt,
1495 2956 203 51 wirklich

127 3038 84 49 alle
258 3039 353 66 ausgezeichnet
658 3039 216 49 worden!
933 3040 217 66 Zugleich
1194 3040 179 52 schrieb
1406 3040 197 60 Weber,
1649 3058 49 32 er

130 3121 115 50 habe
278 3123 70 49 die
380 3124 206 65 freudige
610 3121 364 70 Genugthuung,
1005 3125 56 49 im
1086 3127 224 66 Aultrage
1341 3127 80 48 des
1447 3125 250 51 Geheimen

129 3207 170 48 Rathes
333 3205 165 50 Grafen
532 3224 87 32 von
654 3207 233 49 Vitzthum
922 3208 94 49 ihm
1049 3209 144 48 zehn
1228 3210 276 49 Ducaten
1534 3210 130 49 Hono-

129 3307 75 32 rar
235 3289 287 51 übersenden
555 3307 56 33 zu
647 3290 197 50 können.

259 3373 85 49 Die
378 3374 128 66 Oper
808 3375 159 49 wurde
999 3395 86 30 von
1118 3375 81 51 der
1231 3377 251 49 deutschen
1515 3378 181 66 Opern-

129 3455 301 51 Gesellschaft
460 3458 41 48 in
535 3458 259 67 Pressburg
836 3458 225 67 gegeben,
1106 3467 183 58 erregte
1321 3461 111 49 aber
1463 3459 70 51 bei
1566 3461 106 48 zwei-

130 3539 189 66 maliger
351 3539 294 68 Aufführung
675 3541 202 67 (1819)
921 3542 131 49 keine
1085 3543 311 51 Theilnahme.
1457 3544 62 49 Es
1562 3543 138 50 fehlte

127 3623 83 50 der
244 3622 247 67 Handlung
531 3641 55 32 an
619 3624 129 49 allem
783 3626 335 49 dramatischen
1151 3627 244 49 Interesse.
1442 3628 67 48 Im
1540 3627 158 49 Druck

127 3707 71 55 ist,
231 3725 18 16 r
257 3725 25 31 o
305 3707 80 48 viel
416 3725 85 31 uns
529 3707 213 58 bekannt,
771 3727 79 32 aus
878 3709 160 50 beiden
1058 3711 160 66 Opern
1246 3711 148 49 nichts
1416 3711 282 49 erschienen.

262 3792 49 47 In
346 3789 277 69 Pressburg,
671 3810 72 32 wo
774 3793 269 50 Marschner
1075 3795 100 49 eine
1207 3795 98 48 Zeit
1339 3795 105 66 lang
1475 3795 113 50 auch
1635 3795 65 49 als

126 3873 311 50 Musiklehrer
477 3873 177 59 wirkte,
700 3875 178 49 schrieb
924 3894 50 31 er
1018 3877 146 66 einige
1208 3877 147 50 kleine
1401 3878 92 50 und
1540 3894 160 50 grosse

130 3958 185 50 Messen
379 3957 92 51 und
532 3958 210 50 mehrere
797 3960 430 58 Orchesterstücke,
1287 3962 260 51 Sinfonieen
1607 3961 94 51 und

126 4043 315 58 Ouvertüren,
474 4042 69 48 die
576 4060 49 32 er
657 4041 109 51 aber
797 4043 122 50 nicht
950 4045 334 51 veröffentlicht
1317 4046 90 50 hat.
1439 4046 113 50 Eine
1583 4063 118 31 neue

129 4125 147 68 Oper,
661 4126 119 50 Text
814 4144 85 32 von
934 4127 294 67 Ekschlager,
1275 4130 172 49 damals
1479 4130 219 49 Theater-

1794 272 217 49 Secretär
2040 269 43 52 in
2115 270 275 70 Pressburg,
2422 273 181 68 begann
2634 291 50 33 er
2714 274 57 51 im
2802 275 142 50 Jahre
2981 277 174 61 1820,
3189 279 146 51 vollen-

1792 355 104 50 dete
1927 355 63 50 sie
2021 354 110 50 aber
2163 364 94 42 erst
2294 355 154 52 1826
2493 358 93 51 und
2618 358 189 52 brachte
2838 358 63 51 sie
2931 359 42 51 in
3009 362 179 67 Danzig
3222 371 137 43 unter

1794 441 148 49 seiner
1988 439 190 66 eigenen
2210 442 201 67 Leitung
2453 443 80 50 mit
2575 444 157 50 vielem
2765 444 151 50 Beifall
2961 446 80 49 auf
3080 446 70 49 die
3182 448 175 51 Bühne.

1792 524 76 49 Sie
1899 523 81 51 soll
2016 523 220 50 treffliche
2258 524 154 51 Chöre
2443 527 91 49 und
2556 527 410 52 Ensemblestücke
2998 528 250 53 enthalten.
3282 531 76 50 Ob

1791 607 64 51 sie
1886 614 129 44 sonst
2055 608 121 50 noch
2218 608 240 67 irgendwo
2502 611 263 67 aufgeführt
2810 613 207 59 worden,
3062 613 167 51 wissen
3274 616 85 48 wir

1788 691 138 50 nicht.
1957 692 238 48 Gedruckt
2238 692 95 48 sind
2368 693 163 50 daraus
3295 697 53 47 B
3349 698 17 51 als

1791 776 90 68 Op.
1918 775 93 59 51,
2055 775 70 49 die
2153 775 267 50 Ouvertüre
2463 777 67 50 für
2563 780 257 50 Orchester
2863 783 89 49 und
2987 781 262 51 Pianoforte
3293 782 64 50 als

1794 861 90 67 Op.
1918 860 72 50 68
2026 860 220 67 (Leipzig,
2277 858 72 51 bei
2382 861 223 70 Ristner),
2650 865 92 49 und
2785 865 69 49 ein
3151 866 83 67 (als
3264 867 92 68 Op.

1792 943 131 69 90?)
1955 943 70 50 bei
2055 943 142 66 Nagel
2229 943 43 50 in
2303 945 263 52 Hannover.

1918 1029 65 49 Im
2015 1027 139 50 Jahre
2195 1026 146 51 1821
2384 1029 182 50 verliess
2596 1031 271 51 Marschner
2900 1031 184 66 Ungarn
3126 1034 93 50 und
3250 1035 109 67 ging

1790 1111 114 52 nach
1935 1110 228 59 Dresden,
2209 1111 155 51 wohin
2411 1112 73 50 ihn
2531 1112 70 50 die
2647 1114 141 50 Liebe
2835 1115 90 51 und
2981 1117 276 69 Verehrung
3301 1136 56 33 zu

1791 1196 50 50 C.
1872 1196 61 50 M.
1968 1213 86 33 von
2088 1194 181 52 Weber
2300 1213 101 49 zog.
2446 1195 198 61 Weber,
2676 1199 170 49 damals
2881 1197 73 52 35
2990 1201 141 50 Jahre
3161 1203 77 57 alt,
3271 1220 87 33 nur

1791 1281 113 50 zehn
1936 1280 141 50 Jahre
2107 1279 117 51 älter
2255 1279 63 51 als
2350 1281 283 60 Marschner,
2680 1283 136 50 nahm
2862 1284 73 51 ihn
2968 1285 107 51 sehr
3105 1286 251 52 freundlich

1790 1365 89 60 auf,
1910 1364 94 51 und
2034 1364 105 51 sehr
2169 1363 105 50 bald
2303 1363 170 53 bildete
2505 1365 91 50 sich
2627 1366 224 51 zwischen
2877 1368 161 50 beiden
3064 1369 264 68 hochbegab-

1791 1457 76 41 ten
1899 1449 222 49 Männern
2162 1446 129 68 jenes
2337 1448 170 50 schöne
2540 1449 301 60 Verhältniss,
2888 1451 80 50 das
3014 1469 81 33 aus
3128 1453 83 50 der
3241 1455 85 48 Ver-

1792 1531 303 51 wandtschaft
2124 1531 120 50 ihrer
2277 1531 180 59 Seelen,
2502 1531 80 50 der
2614 1533 253 51 Gleichheit
2909 1535 82 50 der
3023 1535 209 52 Gefühls-
3264 1539 93 51 und

1792 1617 482 66 Anschauungsweise
2307 1617 210 49 erblühte
2561 1618 91 49 und
2695 1618 42 49 in
2784 1618 103 51 dem
2920 1619 206 51 edelsten
3156 1622 200 52 Streben

1794 1700 69 49 für
1894 1700 71 50 die
1995 1700 154 50 Kunst
2192 1717 79 32 um
2317 1699 82 50 der
2429 1702 153 48 Kunst
2614 1700 147 51 willen
2804 1703 92 49 und
2939 1702 43 50 in
3025 1703 83 49 der
3149 1705 208 66 gleichen

1795 1784 397 66 Geistesrichtung
2223 1784 162 50 Beider
2416 1784 223 67 Nahrung
2666 1784 91 51 und
2789 1787 158 49 Dauer
2977 1787 118 51 fand.
3151 1789 112 50 Fast
3287 1791 47 66 je-

1792 1868 90 52 den
1915 1868 185 58 Abend,
2145 1868 88 50 den
2279 1868 123 51 nicht
2448 1869 80 50 das
2567 1871 202 48 Theater
2813 1869 44 51 in
2909 1872 247 67 Anspruch
3202 1874 156 59 nahm,

1795 1952 190 51 brachte
2013 1952 270 52 Marschner
2328 1952 70 51 bei
2432 1953 181 51 Weber
2656 1953 91 51 und
2780 1953 163 52 dessen
2977 1956 155 50 Gattin
3164 1976 74 42 zu,
3282 1976 72 33 wo

1794 2037 119 49 dann
1956 2036 113 49 über
2114 2037 72 49 die
2230 2036 312 50 musicalische
2576 2038 269 66 Bewegung
2876 2038 82 50 der
2989 2041 97 49 Zeit
3118 2041 93 51 und
3244 2041 114 51 über

1794 2121 72 49 die
1912 2119 223 51 höchsten
2167 2121 263 51 Interessen
2478 2121 83 49 der
2592 2122 155 50 Kunst
2792 2122 72 50 die
2896 2123 248 51 Gedanken
3191 2142 139 51 ausge-

1794 2205 182 49 tauscht
2008 2205 207 49 wurden.
2248 2205 126 49 Aber
2406 2206 122 49 nicht
2558 2224 88 31 nur
2677 2205 254 50 Gedanken
2962 2208 93 50 und
3089 2210 268 58 Ansichten,

1792 2290 116 48 auch
1940 2288 80 50 das
2051 2306 71 32 am
2154 2291 127 63 Tage
2322 2288 283 51 musicalisch
2638 2290 297 50 Geschaffene
2980 2292 92 51 und
3118 2295 245 49 entweder

1792 2373 60 50 im
1884 2372 148 67 Kopfe
2060 2373 187 65 Fertige
2280 2372 110 51 oder
2423 2373 145 50 schon
2587 2372 498 69 Niedergeschriebene
3117 2377 240 50 tauschten

1794 2457 71 50 die
1896 2457 213 50 Freunde
2140 2457 190 50 Abends
2375 2475 150 50 gegen
2567 2457 215 51 einander
2822 2476 74 32 am
2931 2460 177 49 Ciavier
3149 2479 82 33 aus
3264 2462 93 50 und

1795 2541 188 50 theilten
2016 2541 216 51 einander
2274 2542 69 49 ihr
2370 2541 97 51 Für
2507 2542 112 50 oder
2651 2544 216 49 Dawider
2907 2544 94 49 mit.
3058 2545 120 49 Dass
3210 2546 148 51 dieser

1791 2633 234 41 vertraute
2056 2626 214 66 Umgang
2300 2629 74 45 lür
2404 2626 268 50 Marschner
2708 2626 70 51 ein
2815 2627 42 49 in
2890 2627 165 50 hohem
3088 2629 156 49 Grade
3276 2648 52 32 an-

1794 2709 224 67 regender
2064 2710 92 48 und
2203 2710 163 66 geistig
2413 2710 268 50 lördernder
2713 2711 93 49 sein
2839 2718 190 49 musste,
3075 2730 97 32 war
3202 2718 129 44 natür-

1792 2791 98 51 lich.
1940 2793 146 48 Allein
2131 2793 105 49 dass
2281 2810 49 31 er
2378 2794 68 48 ein
2479 2793 193 49 Schüler
2700 2793 219 52 Weber's
2963 2794 41 49 in
3047 2795 104 50 dem
3184 2796 149 66 eigent-

1795 2876 143 50 lichen
1973 2876 90 50 und
2097 2878 348 64 gewöhnlichen
2477 2876 138 51 Sinne
2660 2879 80 48 des
2783 2879 195 49 Wortes
3024 2895 233 50 gewesen,
3301 2881 58 50 ist

1794 2960 100 50 eine
1927 2978 123 30 zwar
2079 2960 83 48 viel
2194 2960 274 50 verbreitete
2493 2960 207 66 Angabe,
2732 2960 71 51 die
2836 2961 139 50 Einer
3005 2961 102 51 dem
3138 2964 221 51 Anderen

1792 3043 313 58 nachschrieb,
2136 3044 112 50 aber
2279 3045 62 49 sie
2373 3044 177 50 streitet
2575 3044 228 51 durchaus
2830 3062 148 49 gegen
3005 3045 70 50 die
3097 3047 260 53 Wahrheit.

1792 3128 118 49 Dass
1942 3127 122 49 seine
2096 3128 190 49 nächste
2317 3144 160 51 grosse
2510 3128 143 67 Oper,
2699 3129 81 48 der
2812 3129 216 69 Vampyr,
3074 3130 43 50 in
3159 3130 81 51 der
3282 3149 50 32 ro-

1792 3210 284 51 mantischen
2117 3212 251 66 Richtung,
2412 3212 42 48 in
2500 3210 82 50 der
2627 3212 348 50 harmonischen
3031 3213 236 68 Färbung,
3314 3215 40 50 in

1794 3294 101 50 dem
1924 3294 235 66 Geistigen
2191 3295 81 50 der
2296 3297 129 48 Töne
2458 3294 259 69 überhaupt
2749 3295 91 51 sich
2872 3295 103 51 dem
2996 3298 253 50 Charakter
3281 3298 81 51 der

1794 3378 339 51 Weber'schen
2164 3379 149 49 Musik
2346 3378 250 58 anschioss,
2639 3397 96 32 war
2763 3398 76 31 um
2881 3398 50 32 so
2963 3382 291 57 natürlicher,
3299 3382 62 51 als

1794 3462 124 49 nicht
1951 3480 85 31 nur
2067 3462 81 51 der
2172 3463 267 66 allgemeine
2464 3463 198 51 Einfluss
2694 3464 80 50 der
2792 3466 261 58 Romantik,
3084 3466 175 50 welche
3291 3466 70 50 die

1795 3546 99 49 Zeit
1926 3546 313 59 beherrschte,
2286 3547 201 49 sondern
2517 3547 116 49 auch
2674 3548 81 50 der
2785 3548 257 50 besondere
3074 3549 288 67 persönliche

1796 3626 211 70 Umgang
2036 3628 81 50 mit
2152 3628 194 59 Weber,
2387 3629 64 50 als
2483 3631 102 49 dem
2618 3632 278 66 Koryphäen
2928 3631 240 52 derselben
3201 3633 43 50 in
3276 3633 87 50 der

1794 3712 260 57 Tonkunst,
2098 3713 266 66 unmöglich
2411 3715 117 49 ohne
2562 3715 298 64 Einwirkung
2902 3716 82 48 auf
3020 3715 87 50 den
3149 3716 187 51 fünfund-

1795 3796 416 67 zwanzigjährigen
2236 3797 176 67 jungen
2443 3800 135 49 Mann
2614 3797 179 51 bleiben
2826 3798 217 51 konnten.
3107 3801 108 49 Wir
3244 3817 89 33 wer-

1795 3880 89 49 den
1915 3883 157 64 später
2102 3881 120 49 noch
2255 3882 161 50 einmal
2448 3883 80 49 auf
2554 3883 153 49 diesen
2742 3882 151 50 Punkt
2926 3883 406 51 zurückkommen.

1922 3963 128 50 Aber
2096 3965 113 49 auch
2244 3965 181 53 Weber
2468 3974 174 42 wusste
2685 3966 72 48 die
2785 3965 130 51 Nähe
2944 3967 309 50 Marschner's
3283 3985 82 50 gar

1800 4047 122 50 wohl
1983 4066 53 32 zu
2098 4049 233 58 schätzen,
2392 4066 164 33 wovon
2615 4049 278 50 schliesslich
2952 4051 71 48 die
3084 4050 282 68 Anstellung

1797 4130 304 51 Marschner's
2131 4132 64 51 als
2229 4132 280 66 königlicher
2539 4132 390 51 Musik-Director
2962 4134 71 50 bei
3065 4135 82 49 der
3178 4135 167 49 italiäni-
