<?xml version="1.0" encoding="UTF-8"?>
<alto xmlns:xsi="http://www.w3.org/2001/XMLSchema-instance" xmlns="http://www.loc.gov/standards/alto/ns-v2#" xsi:schemaLocation="http://www.loc.gov/standards/alto/ns-v2# http://www.loc.gov/standards/alto/alto-v2.0.xsd" xmlns:xlink="http://www.w3.org/1999/xlink">
	<Description>
		<MeasurementUnit>mm10</MeasurementUnit>
		<sourceImageInformation>
			<fileName>//fileserver7/IN2/Princeton/jp2/pudl0097/2980652/007/19160101_01/00000007.jp2</fileName>
		</sourceImageInformation>
		<OCRProcessing ID="OCRPROCESSING_1">
			<preProcessingStep>
				<processingSoftware>
					<softwareCreator>CCS Content Conversion Specialists GmbH, Germany</softwareCreator>
					<softwareName>CCS docWORKS</softwareName>
					<softwareVersion>6.6-0.29</softwareVersion>
				</processingSoftware>
			</preProcessingStep>
			<ocrProcessingStep>
				<processingSoftware>
					<softwareCreator>ABBYY (BIT Software), Russia</softwareCreator>
					<softwareName>FineReader</softwareName>
					<softwareVersion>10.0</softwareVersion>
				</processingSoftware>
			</ocrProcessingStep>
		</OCRProcessing>
		<OCRProcessing ID="OCRPROCESSING_2">
			<preProcessingStep>
				<processingSoftware>
					<softwareCreator>CCS Content Conversion Specialists GmbH, Germany</softwareCreator>
					<softwareName>CCS docWORKS</softwareName>
					<softwareVersion>6.6-0.29</softwareVersion>
				</processingSoftware>
			</preProcessingStep>
			<ocrProcessingStep>
				<processingSoftware>
					<softwareCreator>ABBYY (BIT Software), Russia</softwareCreator>
					<softwareName>NA</softwareName>
				</processingSoftware>
			</ocrProcessingStep>
		</OCRProcessing>
	</Description>
	<Styles>
		<TextStyle ID="TXT_0" FONTSIZE="10" FONTFAMILY="Times New Roman"/>
		<ParagraphStyle ID="PAR_RIGHT" ALIGN="Right"/>
		<ParagraphStyle ID="PAR_LEFT" ALIGN="Left"/>
		<ParagraphStyle ID="PAR_BLOCK" ALIGN="Block"/>
	</Styles>
	<Layout>
		<Page ID="P3" PHYSICAL_IMG_NR="3" HEIGHT="4297" WIDTH="3091" PRINTED_IMG_NR="111" PC="0.955">
			<TopMargin ID="P3_TM00001" HPOS="0" VPOS="0" WIDTH="3091" HEIGHT="6"/>
			<LeftMargin ID="P3_LM00001" HPOS="0" VPOS="6" WIDTH="8" HEIGHT="4120"/>
			<RightMargin ID="P3_RM00001" HPOS="3084" VPOS="6" WIDTH="7" HEIGHT="4120"/>
			<BottomMargin ID="P3_BM00001" HPOS="0" VPOS="4126" WIDTH="3091" HEIGHT="171">
				<TextBlock ID="P3_TB00001" HPOS="2914" VPOS="4128" WIDTH="51" HEIGHT="23" STYLEREFS="TXT_0 PAR_RIGHT">
					<TextLine ID="P3_TL00001" HPOS="2926" VPOS="4129" WIDTH="39" HEIGHT="22">
						<String ID="P3_ST00001" HPOS="2926" VPOS="4129" WIDTH="39" HEIGHT="22" CONTENT="111" WC="0.39" CC="746"/>
					</TextLine>
				</TextBlock>
			</BottomMargin>
			<PrintSpace ID="P3_PS00001" HPOS="8" VPOS="6" WIDTH="3076" HEIGHT="4120">
				<TextBlock ID="P3_TB00002" HPOS="122" VPOS="237" WIDTH="900" HEIGHT="1766" STYLEREFS="TXT_0 PAR_LEFT">
					<TextLine ID="P3_TL00002" HPOS="128" VPOS="238" WIDTH="893" HEIGHT="35">
						<String ID="P3_ST00002" HPOS="128" VPOS="238" WIDTH="140" HEIGHT="33" CONTENT="glauben." WC="0.98" CC="96670064"/>
						<SP ID="P3_SP00001" HPOS="268" VPOS="271" WIDTH="31"/>
						<String ID="P3_ST00003" HPOS="299" VPOS="238" WIDTH="65" HEIGHT="28" CONTENT="Den" WC="0.96" CC="208"/>
						<SP ID="P3_SP00002" HPOS="364" VPOS="271" WIDTH="23"/>
						<String ID="P3_ST00004" HPOS="387" VPOS="238" WIDTH="170" HEIGHT="34" CONTENT="Gläubigen" WC="0.99" CC="540707005"/>
						<SP ID="P3_SP00003" HPOS="557" VPOS="272" WIDTH="21"/>
						<String ID="P3_ST00005" HPOS="578" VPOS="240" WIDTH="109" HEIGHT="33" CONTENT="gehört" WC="1.00" CC="000200"/>
						<SP ID="P3_SP00004" HPOS="687" VPOS="273" WIDTH="22"/>
						<String ID="P3_ST00006" HPOS="709" VPOS="242" WIDTH="46" HEIGHT="29" CONTENT="die" WC="0.98" CC="040"/>
						<SP ID="P3_SP00005" HPOS="755" VPOS="273" WIDTH="21"/>
						<String ID="P3_ST00007" HPOS="776" VPOS="242" WIDTH="90" HEIGHT="28" CONTENT="Welt." WC="0.98" CC="40404"/>
						<SP ID="P3_SP00006" HPOS="866" VPOS="273" WIDTH="29"/>
						<String ID="P3_ST00008" HPOS="895" VPOS="240" WIDTH="126" HEIGHT="28" CONTENT="Warum" WC="0.97" CC="06086"/>
					</TextLine>
					<TextLine ID="P3_TL00003" HPOS="129" VPOS="290" WIDTH="762" HEIGHT="33">
						<String ID="P3_ST00009" HPOS="129" VPOS="291" WIDTH="93" HEIGHT="27" CONTENT="seilen" WC="0.97" CC="077507"/>
						<SP ID="P3_SP00007" HPOS="222" VPOS="318" WIDTH="27"/>
						<String ID="P3_ST00010" HPOS="249" VPOS="299" WIDTH="55" HEIGHT="20" CONTENT="nur" WC="0.92" CC="659"/>
						<SP ID="P3_SP00008" HPOS="304" VPOS="319" WIDTH="21"/>
						<String ID="P3_ST00011" HPOS="325" VPOS="290" WIDTH="191" HEIGHT="33" CONTENT="Ungläubige" WC="0.99" CC="0596660000"/>
						<SP ID="P3_SP00009" HPOS="516" VPOS="323" WIDTH="26"/>
						<String ID="P3_ST00012" HPOS="542" VPOS="291" WIDTH="50" HEIGHT="29" CONTENT="auf" WC="0.95" CC="067"/>
						<SP ID="P3_SP00010" HPOS="592" VPOS="323" WIDTH="23"/>
						<String ID="P3_ST00013" HPOS="615" VPOS="293" WIDTH="54" HEIGHT="29" CONTENT="der" WC="1.00" CC="000"/>
						<SP ID="P3_SP00011" HPOS="669" VPOS="323" WIDTH="23"/>
						<String ID="P3_ST00014" HPOS="692" VPOS="293" WIDTH="80" HEIGHT="29" CONTENT="Erde" WC="1.00" CC="0000"/>
						<SP ID="P3_SP00012" HPOS="772" VPOS="323" WIDTH="23"/>
						<String ID="P3_ST00015" HPOS="795" VPOS="294" WIDTH="96" HEIGHT="28" CONTENT="leben." WC="0.99" CC="300064"/>
					</TextLine>
					<TextLine ID="P3_TL00004" HPOS="184" VPOS="341" WIDTH="838" HEIGHT="31">
						<String ID="P3_ST00016" HPOS="184" VPOS="341" WIDTH="99" HEIGHT="29" CONTENT="Wenn" WC="0.96" CC="6076"/>
						<SP ID="P3_SP00013" HPOS="283" VPOS="370" WIDTH="44"/>
						<String ID="P3_ST00017" HPOS="327" VPOS="341" WIDTH="47" HEIGHT="28" CONTENT="die" WC="0.95" CC="940"/>
						<SP ID="P3_SP00014" HPOS="374" VPOS="370" WIDTH="40"/>
						<String ID="P3_ST00018" HPOS="414" VPOS="341" WIDTH="156" HEIGHT="30" CONTENT="Preussen" WC="0.63" CC="76080025"/>
						<SP ID="P3_SP00015" HPOS="570" VPOS="371" WIDTH="44"/>
						<String ID="P3_ST00019" HPOS="614" VPOS="344" WIDTH="76" HEIGHT="28" CONTENT="doch" WC="0.97" CC="0425"/>
						<SP ID="P3_SP00016" HPOS="690" VPOS="372" WIDTH="42"/>
						<String ID="P3_ST00020" HPOS="732" VPOS="346" WIDTH="98" HEIGHT="26" CONTENT="meine" WC="0.98" CC="00850"/>
						<SP ID="P3_SP00017" HPOS="830" VPOS="372" WIDTH="38"/>
						<String ID="P3_ST00021" HPOS="868" VPOS="343" WIDTH="154" HEIGHT="28" CONTENT="Preussen" WC="0.84" CC="00070005"/>
					</TextLine>
					<TextLine ID="P3_TL00005" HPOS="127" VPOS="390" WIDTH="895" HEIGHT="33">
						<String ID="P3_ST00022" HPOS="127" VPOS="394" WIDTH="116" HEIGHT="26" CONTENT="wären." WC="0.98" CC="070181"/>
						<SP ID="P3_SP00018" HPOS="243" VPOS="420" WIDTH="32"/>
						<String ID="P3_ST00023" HPOS="275" VPOS="391" WIDTH="128" HEIGHT="28" CONTENT="Warum" WC="0.98" CC="05080"/>
						<SP ID="P3_SP00019" HPOS="403" VPOS="420" WIDTH="23"/>
						<String ID="P3_ST00024" HPOS="426" VPOS="391" WIDTH="120" HEIGHT="30" CONTENT="können" WC="0.97" CC="506615"/>
						<SP ID="P3_SP00020" HPOS="546" VPOS="421" WIDTH="24"/>
						<String ID="P3_ST00025" HPOS="570" VPOS="394" WIDTH="47" HEIGHT="28" CONTENT="die" WC="1.00" CC="000"/>
						<SP ID="P3_SP00021" HPOS="617" VPOS="422" WIDTH="24"/>
						<String ID="P3_ST00026" HPOS="641" VPOS="397" WIDTH="79" HEIGHT="26" CONTENT="zwei" WC="0.99" CC="0005"/>
						<SP ID="P3_SP00022" HPOS="720" VPOS="423" WIDTH="22"/>
						<String ID="P3_ST00027" HPOS="742" VPOS="393" WIDTH="169" HEIGHT="30" CONTENT="Milliarden" WC="0.99" CC="2617690008"/>
						<SP ID="P3_SP00023" HPOS="911" VPOS="423" WIDTH="25"/>
						<String ID="P3_ST00028" HPOS="936" VPOS="390" WIDTH="65" HEIGHT="28" CONTENT="Men" SUBS_TYPE="HypPart1" SUBS_CONTENT="Menschen" WC="0.96" CC="717"/>
						<HYP HPOS="1001" VPOS="390" WIDTH="21" CONTENT="-"/>
					</TextLine>
					<TextLine ID="P3_TL00006" HPOS="127" VPOS="441" WIDTH="895" HEIGHT="35">
						<String ID="P3_ST00029" HPOS="127" VPOS="442" WIDTH="93" HEIGHT="29" CONTENT="schen" SUBS_TYPE="HypPart2" SUBS_CONTENT="Menschen" WC="0.99" CC="00007"/>
						<SP ID="P3_SP00024" HPOS="220" VPOS="471" WIDTH="29"/>
						<String ID="P3_ST00030" HPOS="249" VPOS="442" WIDTH="50" HEIGHT="28" CONTENT="auf" WC="0.96" CC="047"/>
						<SP ID="P3_SP00025" HPOS="299" VPOS="471" WIDTH="28"/>
						<String ID="P3_ST00031" HPOS="327" VPOS="443" WIDTH="52" HEIGHT="27" CONTENT="der" WC="0.99" CC="200"/>
						<SP ID="P3_SP00026" HPOS="379" VPOS="471" WIDTH="26"/>
						<String ID="P3_ST00032" HPOS="405" VPOS="442" WIDTH="79" HEIGHT="29" CONTENT="Erde" WC="0.97" CC="4009"/>
						<SP ID="P3_SP00027" HPOS="484" VPOS="471" WIDTH="29"/>
						<String ID="P3_ST00033" HPOS="513" VPOS="444" WIDTH="80" HEIGHT="29" CONTENT="nicht" WC="0.98" CC="63061"/>
						<SP ID="P3_SP00028" HPOS="593" VPOS="473" WIDTH="30"/>
						<String ID="P3_ST00034" HPOS="623" VPOS="446" WIDTH="56" HEIGHT="27" CONTENT="alle" WC="0.97" CC="4450"/>
						<SP ID="P3_SP00029" HPOS="679" VPOS="473" WIDTH="27"/>
						<String ID="P3_ST00035" HPOS="706" VPOS="445" WIDTH="100" HEIGHT="29" CONTENT="rechts" WC="1.00" CC="000300"/>
						<SP ID="P3_SP00030" HPOS="806" VPOS="474" WIDTH="27"/>
						<String ID="P3_ST00036" HPOS="833" VPOS="442" WIDTH="106" HEIGHT="34" CONTENT="gehen." WC="0.99" CC="000044"/>
						<SP ID="P3_SP00031" HPOS="939" VPOS="476" WIDTH="37"/>
						<String ID="P3_ST00037" HPOS="976" VPOS="441" WIDTH="46" HEIGHT="27" CONTENT="Da" WC="0.90" CC="10"/>
					</TextLine>
					<TextLine ID="P3_TL00007" HPOS="127" VPOS="489" WIDTH="893" HEIGHT="38">
						<String ID="P3_ST00038" HPOS="127" VPOS="494" WIDTH="44" HEIGHT="26" CONTENT="sie" WC="0.98" CC="040"/>
						<SP ID="P3_SP00032" HPOS="171" VPOS="520" WIDTH="28"/>
						<String ID="P3_ST00039" HPOS="199" VPOS="493" WIDTH="108" HEIGHT="29" CONTENT="keinen" WC="0.98" CC="005607"/>
						<SP ID="P3_SP00033" HPOS="307" VPOS="522" WIDTH="30"/>
						<String ID="P3_ST00040" HPOS="337" VPOS="492" WIDTH="139" HEIGHT="31" CONTENT="Glauben" WC="0.98" CC="4508008"/>
						<SP ID="P3_SP00034" HPOS="476" VPOS="523" WIDTH="30"/>
						<String ID="P3_ST00041" HPOS="506" VPOS="494" WIDTH="109" HEIGHT="33" CONTENT="haben," WC="0.97" CC="690640"/>
						<SP ID="P3_SP00035" HPOS="615" VPOS="527" WIDTH="31"/>
						<String ID="P3_ST00042" HPOS="646" VPOS="497" WIDTH="132" HEIGHT="28" CONTENT="könnten" WC="0.98" CC="0086008"/>
						<SP ID="P3_SP00036" HPOS="778" VPOS="527" WIDTH="30"/>
						<String ID="P3_ST00043" HPOS="808" VPOS="495" WIDTH="43" HEIGHT="26" CONTENT="sie" WC="0.98" CC="050"/>
						<SP ID="P3_SP00037" HPOS="851" VPOS="527" WIDTH="31"/>
						<String ID="P3_ST00044" HPOS="882" VPOS="500" WIDTH="31" HEIGHT="21" CONTENT="es" WC="0.66" CC="06"/>
						<SP ID="P3_SP00038" HPOS="913" VPOS="527" WIDTH="30"/>
						<String ID="P3_ST00045" HPOS="943" VPOS="489" WIDTH="77" HEIGHT="29" CONTENT="doch" WC="0.98" CC="6400"/>
					</TextLine>
					<TextLine ID="P3_TL00008" HPOS="128" VPOS="543" WIDTH="894" HEIGHT="32">
						<String ID="P3_ST00046" HPOS="128" VPOS="543" WIDTH="108" HEIGHT="29" CONTENT="einmal" WC="0.97" CC="086496"/>
						<SP ID="P3_SP00039" HPOS="236" VPOS="572" WIDTH="25"/>
						<String ID="P3_ST00047" HPOS="261" VPOS="545" WIDTH="54" HEIGHT="26" CONTENT="mit" WC="0.98" CC="050"/>
						<SP ID="P3_SP00040" HPOS="315" VPOS="572" WIDTH="26"/>
						<String ID="P3_ST00048" HPOS="341" VPOS="545" WIDTH="116" HEIGHT="29" CONTENT="diesem" WC="1.00" CC="040010"/>
						<SP ID="P3_SP00041" HPOS="457" VPOS="574" WIDTH="28"/>
						<String ID="P3_ST00049" HPOS="485" VPOS="545" WIDTH="137" HEIGHT="30" CONTENT="Glauben" WC="0.98" CC="5407025"/>
						<SP ID="P3_SP00042" HPOS="622" VPOS="575" WIDTH="26"/>
						<String ID="P3_ST00050" HPOS="648" VPOS="545" WIDTH="182" HEIGHT="29" CONTENT="versuchen." WC="1.00" CC="0030200060"/>
						<SP ID="P3_SP00043" HPOS="830" VPOS="575" WIDTH="45"/>
						<String ID="P3_ST00051" HPOS="875" VPOS="543" WIDTH="87" HEIGHT="28" CONTENT="Denn" WC="0.96" CC="5067"/>
						<SP ID="P3_SP00044" HPOS="962" VPOS="575" WIDTH="28"/>
						<String ID="P3_ST00052" HPOS="990" VPOS="548" WIDTH="32" HEIGHT="20" CONTENT="es" WC="1.00" CC="00"/>
					</TextLine>
					<TextLine ID="P3_TL00009" HPOS="126" VPOS="592" WIDTH="895" HEIGHT="34">
						<String ID="P3_ST00053" HPOS="126" VPOS="595" WIDTH="118" HEIGHT="29" CONTENT="kommt" WC="0.98" CC="00880"/>
						<SP ID="P3_SP00045" HPOS="244" VPOS="624" WIDTH="24"/>
						<String ID="P3_ST00054" HPOS="268" VPOS="596" WIDTH="28" HEIGHT="30" CONTENT="ja" WC="0.30" CC="85"/>
						<SP ID="P3_SP00046" HPOS="296" VPOS="626" WIDTH="24"/>
						<String ID="P3_ST00055" HPOS="320" VPOS="603" WIDTH="54" HEIGHT="20" CONTENT="nur" WC="0.95" CC="580"/>
						<SP ID="P3_SP00047" HPOS="374" VPOS="626" WIDTH="28"/>
						<String ID="P3_ST00056" HPOS="402" VPOS="595" WIDTH="52" HEIGHT="28" CONTENT="auf" WC="0.94" CC="554"/>
						<SP ID="P3_SP00048" HPOS="454" VPOS="626" WIDTH="25"/>
						<String ID="P3_ST00057" HPOS="479" VPOS="597" WIDTH="54" HEIGHT="29" CONTENT="das" WC="0.97" CC="700"/>
						<SP ID="P3_SP00049" HPOS="533" VPOS="626" WIDTH="25"/>
						<String ID="P3_ST00058" HPOS="558" VPOS="597" WIDTH="139" HEIGHT="29" CONTENT="Glauben" WC="0.97" CC="6646507"/>
						<SP ID="P3_SP00050" HPOS="697" VPOS="626" WIDTH="25"/>
						<String ID="P3_ST00059" HPOS="722" VPOS="605" WIDTH="45" HEIGHT="20" CONTENT="an." WC="0.96" CC="083"/>
						<SP ID="P3_SP00051" HPOS="767" VPOS="626" WIDTH="33"/>
						<String ID="P3_ST00060" HPOS="800" VPOS="595" WIDTH="54" HEIGHT="27" CONTENT="Die" WC="0.99" CC="300"/>
						<SP ID="P3_SP00052" HPOS="854" VPOS="626" WIDTH="25"/>
						<String ID="P3_ST00061" HPOS="879" VPOS="592" WIDTH="81" HEIGHT="28" CONTENT="Welt" WC="0.99" CC="0050"/>
						<SP ID="P3_SP00053" HPOS="960" VPOS="626" WIDTH="24"/>
						<String ID="P3_ST00062" HPOS="984" VPOS="593" WIDTH="37" HEIGHT="26" CONTENT="ist" WC="0.97" CC="502"/>
					</TextLine>
					<TextLine ID="P3_TL00010" HPOS="127" VPOS="643" WIDTH="894" HEIGHT="37">
						<String ID="P3_ST00063" HPOS="127" VPOS="653" WIDTH="34" HEIGHT="20" CONTENT="so" WC="1.00" CC="00"/>
						<SP ID="P3_SP00054" HPOS="161" VPOS="673" WIDTH="28"/>
						<String ID="P3_ST00064" HPOS="189" VPOS="644" WIDTH="84" HEIGHT="36" CONTENT="groß," WC="0.98" CC="91202"/>
						<SP ID="P3_SP00055" HPOS="273" VPOS="680" WIDTH="29"/>
						<String ID="P3_ST00065" HPOS="302" VPOS="646" WIDTH="121" HEIGHT="28" CONTENT="können" WC="0.97" CC="706807"/>
						<SP ID="P3_SP00056" HPOS="423" VPOS="680" WIDTH="27"/>
						<String ID="P3_ST00066" HPOS="450" VPOS="649" WIDTH="58" HEIGHT="26" CONTENT="wir" WC="0.98" CC="050"/>
						<SP ID="P3_SP00057" HPOS="508" VPOS="680" WIDTH="29"/>
						<String ID="P3_ST00067" HPOS="537" VPOS="648" WIDTH="80" HEIGHT="29" CONTENT="nicht" WC="0.99" CC="05000"/>
						<SP ID="P3_SP00058" HPOS="617" VPOS="680" WIDTH="30"/>
						<String ID="P3_ST00068" HPOS="647" VPOS="646" WIDTH="108" HEIGHT="29" CONTENT="einmal" WC="0.98" CC="045435"/>
						<SP ID="P3_SP00059" HPOS="755" VPOS="680" WIDTH="29"/>
						<String ID="P3_ST00069" HPOS="784" VPOS="644" WIDTH="51" HEIGHT="29" CONTENT="auf" WC="0.92" CC="668"/>
						<SP ID="P3_SP00060" HPOS="835" VPOS="680" WIDTH="26"/>
						<String ID="P3_ST00070" HPOS="861" VPOS="644" WIDTH="53" HEIGHT="28" CONTENT="der" WC="0.97" CC="700"/>
						<SP ID="P3_SP00061" HPOS="914" VPOS="680" WIDTH="27"/>
						<String ID="P3_ST00071" HPOS="941" VPOS="643" WIDTH="80" HEIGHT="28" CONTENT="Erde" WC="0.98" CC="6200"/>
					</TextLine>
					<TextLine ID="P3_TL00011" HPOS="126" VPOS="692" WIDTH="896" HEIGHT="38">
						<String ID="P3_ST00072" HPOS="126" VPOS="695" WIDTH="150" HEIGHT="34" CONTENT="Ordnung" WC="0.98" CC="0007669"/>
						<SP ID="P3_SP00062" HPOS="276" VPOS="729" WIDTH="25"/>
						<String ID="P3_ST00073" HPOS="301" VPOS="696" WIDTH="111" HEIGHT="34" CONTENT="halten," WC="0.99" CC="0510060"/>
						<SP ID="P3_SP00063" HPOS="412" VPOS="730" WIDTH="27"/>
						<String ID="P3_ST00074" HPOS="439" VPOS="699" WIDTH="60" HEIGHT="28" CONTENT="wie" WC="0.97" CC="062"/>
						<SP ID="P3_SP00064" HPOS="499" VPOS="730" WIDTH="26"/>
						<String ID="P3_ST00075" HPOS="525" VPOS="698" WIDTH="94" HEIGHT="29" CONTENT="sollen" WC="0.98" CC="034406"/>
						<SP ID="P3_SP00065" HPOS="619" VPOS="730" WIDTH="26"/>
						<String ID="P3_ST00076" HPOS="645" VPOS="698" WIDTH="57" HEIGHT="27" CONTENT="wir" WC="1.00" CC="000"/>
						<SP ID="P3_SP00066" HPOS="702" VPOS="730" WIDTH="27"/>
						<String ID="P3_ST00077" HPOS="729" VPOS="704" WIDTH="55" HEIGHT="20" CONTENT="uns" WC="0.95" CC="760"/>
						<SP ID="P3_SP00067" HPOS="784" VPOS="730" WIDTH="23"/>
						<String ID="P3_ST00078" HPOS="807" VPOS="696" WIDTH="30" HEIGHT="26" CONTENT="in" WC="0.51" CC="45"/>
						<SP ID="P3_SP00068" HPOS="837" VPOS="730" WIDTH="26"/>
						<String ID="P3_ST00079" HPOS="863" VPOS="694" WIDTH="52" HEIGHT="28" CONTENT="der" WC="0.97" CC="017"/>
						<SP ID="P3_SP00069" HPOS="915" VPOS="730" WIDTH="25"/>
						<String ID="P3_ST00080" HPOS="940" VPOS="692" WIDTH="82" HEIGHT="30" CONTENT="Welt" WC="0.99" CC="0060"/>
					</TextLine>
					<TextLine ID="P3_TL00012" HPOS="125" VPOS="745" WIDTH="896" HEIGHT="34">
						<String ID="P3_ST00081" HPOS="125" VPOS="746" WIDTH="241" HEIGHT="33" CONTENT="zurechtfinden." WC="0.99" CC="26001007655060"/>
						<SP ID="P3_SP00070" HPOS="366" VPOS="779" WIDTH="35"/>
						<String ID="P3_ST00082" HPOS="401" VPOS="750" WIDTH="62" HEIGHT="29" CONTENT="Der" WC="0.98" CC="006"/>
						<SP ID="P3_SP00071" HPOS="463" VPOS="779" WIDTH="26"/>
						<String ID="P3_ST00083" HPOS="489" VPOS="750" WIDTH="165" HEIGHT="28" CONTENT="nüchterne" WC="0.98" CC="702760561"/>
						<SP ID="P3_SP00072" HPOS="654" VPOS="779" WIDTH="25"/>
						<String ID="P3_ST00084" HPOS="679" VPOS="748" WIDTH="133" HEIGHT="27" CONTENT="Preusse" WC="0.84" CC="3004300"/>
						<SP ID="P3_SP00073" HPOS="812" VPOS="779" WIDTH="23"/>
						<String ID="P3_ST00085" HPOS="835" VPOS="745" WIDTH="96" HEIGHT="29" CONTENT="findet" WC="0.97" CC="758006"/>
						<SP ID="P3_SP00074" HPOS="931" VPOS="779" WIDTH="26"/>
						<String ID="P3_ST00086" HPOS="957" VPOS="745" WIDTH="64" HEIGHT="28" CONTENT="sich" WC="0.98" CC="0056"/>
					</TextLine>
					<TextLine ID="P3_TL00013" HPOS="126" VPOS="795" WIDTH="895" HEIGHT="38">
						<String ID="P3_ST00087" HPOS="126" VPOS="806" WIDTH="37" HEIGHT="20" CONTENT="zu" WC="0.57" CC="08"/>
						<SP ID="P3_SP00075" HPOS="163" VPOS="826" WIDTH="18"/>
						<String ID="P3_ST00088" HPOS="181" VPOS="797" WIDTH="63" HEIGHT="29" CONTENT="Fuß" WC="0.91" CC="788"/>
						<SP ID="P3_SP00076" HPOS="244" VPOS="826" WIDTH="19"/>
						<String ID="P3_ST00089" HPOS="263" VPOS="799" WIDTH="78" HEIGHT="27" CONTENT="nach" WC="0.98" CC="7000"/>
						<SP ID="P3_SP00077" HPOS="341" VPOS="826" WIDTH="20"/>
						<String ID="P3_ST00090" HPOS="361" VPOS="801" WIDTH="171" HEIGHT="32" CONTENT="Aegypten." WC="0.99" CC="019560070"/>
						<SP ID="P3_SP00078" HPOS="532" VPOS="833" WIDTH="28"/>
						<String ID="P3_ST00091" HPOS="560" VPOS="800" WIDTH="84" HEIGHT="27" CONTENT="Noch" WC="0.98" CC="0117"/>
						<SP ID="P3_SP00079" HPOS="644" VPOS="833" WIDTH="20"/>
						<String ID="P3_ST00092" HPOS="664" VPOS="798" WIDTH="122" HEIGHT="32" CONTENT="leugnet" WC="0.97" CC="5589700"/>
						<SP ID="P3_SP00080" HPOS="786" VPOS="833" WIDTH="21"/>
						<String ID="P3_ST00093" HPOS="807" VPOS="804" WIDTH="31" HEIGHT="20" CONTENT="er" WC="1.00" CC="00"/>
						<SP ID="P3_SP00081" HPOS="838" VPOS="833" WIDTH="24"/>
						<String ID="P3_ST00094" HPOS="862" VPOS="796" WIDTH="56" HEIGHT="27" CONTENT="den" WC="0.97" CC="007"/>
						<SP ID="P3_SP00082" HPOS="918" VPOS="833" WIDTH="20"/>
						<String ID="P3_ST00095" HPOS="938" VPOS="795" WIDTH="63" HEIGHT="28" CONTENT="Him" SUBS_TYPE="HypPart1" SUBS_CONTENT="Himmel." WC="0.97" CC="760"/>
						<HYP HPOS="1001" VPOS="795" WIDTH="20" CONTENT="-"/>
					</TextLine>
					<TextLine ID="P3_TL00014" HPOS="125" VPOS="846" WIDTH="896" HEIGHT="34">
						<String ID="P3_ST00096" HPOS="125" VPOS="850" WIDTH="68" HEIGHT="28" CONTENT="mel." SUBS_TYPE="HypPart2" SUBS_CONTENT="Himmel." WC="0.96" CC="9083"/>
						<SP ID="P3_SP00083" HPOS="193" VPOS="878" WIDTH="33"/>
						<String ID="P3_ST00097" HPOS="226" VPOS="850" WIDTH="47" HEIGHT="27" CONTENT="Ihr" WC="0.95" CC="164"/>
						<SP ID="P3_SP00084" HPOS="273" VPOS="878" WIDTH="23"/>
						<String ID="P3_ST00098" HPOS="296" VPOS="851" WIDTH="87" HEIGHT="29" CONTENT="auch." WC="0.97" CC="88060"/>
						<SP ID="P3_SP00085" HPOS="383" VPOS="880" WIDTH="34"/>
						<String ID="P3_ST00099" HPOS="417" VPOS="852" WIDTH="80" HEIGHT="27" CONTENT="Aber" WC="1.00" CC="0000"/>
						<SP ID="P3_SP00086" HPOS="497" VPOS="880" WIDTH="23"/>
						<String ID="P3_ST00100" HPOS="520" VPOS="851" WIDTH="44" HEIGHT="27" CONTENT="ihr" WC="0.97" CC="203"/>
						<SP ID="P3_SP00087" HPOS="564" VPOS="880" WIDTH="26"/>
						<String ID="P3_ST00101" HPOS="590" VPOS="849" WIDTH="93" HEIGHT="28" CONTENT="findet" WC="0.98" CC="566000"/>
						<SP ID="P3_SP00088" HPOS="683" VPOS="880" WIDTH="25"/>
						<String ID="P3_ST00102" HPOS="708" VPOS="848" WIDTH="76" HEIGHT="28" CONTENT="euch" WC="0.97" CC="4720"/>
						<SP ID="P3_SP00089" HPOS="784" VPOS="880" WIDTH="23"/>
						<String ID="P3_ST00103" HPOS="807" VPOS="847" WIDTH="80" HEIGHT="28" CONTENT="nicht" WC="0.98" CC="41108"/>
						<SP ID="P3_SP00090" HPOS="887" VPOS="880" WIDTH="25"/>
						<String ID="P3_ST00104" HPOS="912" VPOS="846" WIDTH="109" HEIGHT="29" CONTENT="einmal" WC="0.98" CC="075004"/>
					</TextLine>
					<TextLine ID="P3_TL00015" HPOS="125" VPOS="897" WIDTH="896" HEIGHT="36">
						<String ID="P3_ST00105" HPOS="125" VPOS="901" WIDTH="26" HEIGHT="26" CONTENT="in" WC="0.39" CC="38"/>
						<SP ID="P3_SP00091" HPOS="151" VPOS="927" WIDTH="23"/>
						<String ID="P3_ST00106" HPOS="174" VPOS="909" WIDTH="93" HEIGHT="21" CONTENT="euren" WC="0.97" CC="07606"/>
						<SP ID="P3_SP00092" HPOS="267" VPOS="930" WIDTH="25"/>
						<String ID="P3_ST00107" HPOS="292" VPOS="903" WIDTH="108" HEIGHT="30" CONTENT="eignen" WC="0.97" CC="044757"/>
						<SP ID="P3_SP00093" HPOS="400" VPOS="933" WIDTH="20"/>
						<String ID="P3_ST00108" HPOS="420" VPOS="901" WIDTH="140" HEIGHT="28" CONTENT="Ländern" WC="0.99" CC="0060003"/>
						<SP ID="P3_SP00094" HPOS="560" VPOS="933" WIDTH="23"/>
						<String ID="P3_ST00109" HPOS="583" VPOS="898" WIDTH="135" HEIGHT="29" CONTENT="zurecht." WC="0.99" CC="06400004"/>
						<SP ID="P3_SP00095" HPOS="718" VPOS="933" WIDTH="39"/>
						<String ID="P3_ST00110" HPOS="757" VPOS="898" WIDTH="116" HEIGHT="28" CONTENT="Darum" WC="0.99" CC="00450"/>
						<SP ID="P3_SP00096" HPOS="873" VPOS="933" WIDTH="24"/>
						<String ID="P3_ST00111" HPOS="897" VPOS="897" WIDTH="44" HEIGHT="29" CONTENT="ihr" WC="1.00" CC="000"/>
						<SP ID="P3_SP00097" HPOS="941" VPOS="933" WIDTH="24"/>
						<String ID="P3_ST00112" HPOS="965" VPOS="898" WIDTH="38" HEIGHT="28" CONTENT="Be" SUBS_TYPE="HypPart1" SUBS_CONTENT="Befehlenden," WC="0.97" CC="30"/>
						<HYP HPOS="1003" VPOS="898" WIDTH="18" CONTENT="-"/>
					</TextLine>
					<TextLine ID="P3_TL00016" HPOS="123" VPOS="950" WIDTH="898" HEIGHT="35">
						<String ID="P3_ST00113" HPOS="123" VPOS="951" WIDTH="173" HEIGHT="32" CONTENT="fehlenden," SUBS_TYPE="HypPart2" SUBS_CONTENT="Befehlenden," WC="0.99" CC="6505063077"/>
						<SP ID="P3_SP00098" HPOS="296" VPOS="983" WIDTH="36"/>
						<String ID="P3_ST00114" HPOS="332" VPOS="953" WIDTH="44" HEIGHT="29" CONTENT="ihr" WC="0.96" CC="530"/>
						<SP ID="P3_SP00099" HPOS="376" VPOS="983" WIDTH="32"/>
						<String ID="P3_ST00115" HPOS="408" VPOS="953" WIDTH="95" HEIGHT="28" CONTENT="freien" WC="0.98" CC="400406"/>
						<SP ID="P3_SP00100" HPOS="503" VPOS="983" WIDTH="35"/>
						<String ID="P3_ST00116" HPOS="538" VPOS="952" WIDTH="131" HEIGHT="33" CONTENT="Geister," WC="1.00" CC="60000002"/>
						<SP ID="P3_SP00101" HPOS="669" VPOS="985" WIDTH="33"/>
						<String ID="P3_ST00117" HPOS="702" VPOS="950" WIDTH="79" HEIGHT="29" CONTENT="lernt" WC="0.98" CC="50501"/>
						<SP ID="P3_SP00102" HPOS="781" VPOS="985" WIDTH="34"/>
						<String ID="P3_ST00118" HPOS="815" VPOS="950" WIDTH="55" HEIGHT="28" CONTENT="das" WC="1.00" CC="000"/>
						<SP ID="P3_SP00103" HPOS="870" VPOS="985" WIDTH="33"/>
						<String ID="P3_ST00119" HPOS="903" VPOS="950" WIDTH="99" HEIGHT="28" CONTENT="Gehor" SUBS_TYPE="HypPart1" SUBS_CONTENT="Gehorchen." WC="0.98" CC="61040"/>
						<HYP HPOS="1002" VPOS="950" WIDTH="19" CONTENT="-"/>
					</TextLine>
					<TextLine ID="P3_TL00017" HPOS="125" VPOS="1001" WIDTH="896" HEIGHT="33">
						<String ID="P3_ST00120" HPOS="125" VPOS="1003" WIDTH="86" HEIGHT="30" CONTENT="chen." SUBS_TYPE="HypPart2" SUBS_CONTENT="Gehorchen." WC="0.99" CC="06004"/>
						<SP ID="P3_SP00104" HPOS="211" VPOS="1033" WIDTH="32"/>
						<String ID="P3_ST00121" HPOS="243" VPOS="1004" WIDTH="92" HEIGHT="30" CONTENT="Lernt" WC="0.98" CC="00064"/>
						<SP ID="P3_SP00105" HPOS="335" VPOS="1034" WIDTH="25"/>
						<String ID="P3_ST00122" HPOS="360" VPOS="1005" WIDTH="47" HEIGHT="27" CONTENT="die" WC="0.98" CC="040"/>
						<SP ID="P3_SP00106" HPOS="407" VPOS="1034" WIDTH="23"/>
						<String ID="P3_ST00123" HPOS="430" VPOS="1004" WIDTH="136" HEIGHT="28" CONTENT="Wunder" WC="0.99" CC="065000"/>
						<SP ID="P3_SP00107" HPOS="566" VPOS="1034" WIDTH="25"/>
						<String ID="P3_ST00124" HPOS="591" VPOS="1002" WIDTH="54" HEIGHT="28" CONTENT="der" WC="0.99" CC="003"/>
						<SP ID="P3_SP00108" HPOS="645" VPOS="1034" WIDTH="25"/>
						<String ID="P3_ST00125" HPOS="670" VPOS="1001" WIDTH="157" HEIGHT="33" CONTENT="Ordnung." WC="0.99" CC="02066704"/>
						<SP ID="P3_SP00109" HPOS="827" VPOS="1034" WIDTH="36"/>
						<String ID="P3_ST00126" HPOS="863" VPOS="1001" WIDTH="84" HEIGHT="28" CONTENT="Auch" WC="0.98" CC="0830"/>
						<SP ID="P3_SP00110" HPOS="947" VPOS="1034" WIDTH="27"/>
						<String ID="P3_ST00127" HPOS="974" VPOS="1002" WIDTH="47" HEIGHT="27" CONTENT="die" WC="0.98" CC="031"/>
					</TextLine>
					<TextLine ID="P3_TL00018" HPOS="126" VPOS="1051" WIDTH="895" HEIGHT="33">
						<String ID="P3_ST00128" HPOS="126" VPOS="1054" WIDTH="103" HEIGHT="29" CONTENT="Sonne" WC="0.98" CC="02770"/>
						<SP ID="P3_SP00111" HPOS="229" VPOS="1083" WIDTH="31"/>
						<String ID="P3_ST00129" HPOS="260" VPOS="1056" WIDTH="116" HEIGHT="28" CONTENT="scheint" WC="0.98" CC="0070484"/>
						<SP ID="P3_SP00112" HPOS="376" VPOS="1084" WIDTH="27"/>
						<String ID="P3_ST00130" HPOS="403" VPOS="1054" WIDTH="81" HEIGHT="28" CONTENT="nicht" WC="0.98" CC="75001"/>
						<SP ID="P3_SP00113" HPOS="484" VPOS="1084" WIDTH="28"/>
						<String ID="P3_ST00131" HPOS="512" VPOS="1054" WIDTH="74" HEIGHT="28" CONTENT="nach" WC="0.96" CC="7017"/>
						<SP ID="P3_SP00114" HPOS="586" VPOS="1084" WIDTH="30"/>
						<String ID="P3_ST00132" HPOS="616" VPOS="1052" WIDTH="95" HEIGHT="29" CONTENT="ihrem" WC="0.99" CC="50000"/>
						<SP ID="P3_SP00115" HPOS="711" VPOS="1084" WIDTH="30"/>
						<String ID="P3_ST00133" HPOS="741" VPOS="1051" WIDTH="155" HEIGHT="29" CONTENT="Belieben." WC="0.99" CC="005420164"/>
						<SP ID="P3_SP00116" HPOS="896" VPOS="1084" WIDTH="40"/>
						<String ID="P3_ST00134" HPOS="936" VPOS="1052" WIDTH="85" HEIGHT="28" CONTENT="Auch" WC="0.97" CC="0740"/>
					</TextLine>
					<TextLine ID="P3_TL00019" HPOS="126" VPOS="1103" WIDTH="895" HEIGHT="35">
						<String ID="P3_ST00135" HPOS="126" VPOS="1105" WIDTH="48" HEIGHT="29" CONTENT="die" WC="0.96" CC="540"/>
						<SP ID="P3_SP00117" HPOS="174" VPOS="1134" WIDTH="22"/>
						<String ID="P3_ST00136" HPOS="196" VPOS="1106" WIDTH="102" HEIGHT="28" CONTENT="Sonne" WC="0.98" CC="06650"/>
						<SP ID="P3_SP00118" HPOS="298" VPOS="1134" WIDTH="20"/>
						<String ID="P3_ST00137" HPOS="318" VPOS="1106" WIDTH="37" HEIGHT="28" CONTENT="ist" WC="0.99" CC="300"/>
						<SP ID="P3_SP00119" HPOS="355" VPOS="1134" WIDTH="21"/>
						<String ID="P3_ST00138" HPOS="376" VPOS="1104" WIDTH="184" HEIGHT="34" CONTENT="preussisch." WC="0.74" CC="91060050004"/>
						<SP ID="P3_SP00120" HPOS="560" VPOS="1138" WIDTH="31"/>
						<String ID="P3_ST00139" HPOS="591" VPOS="1104" WIDTH="86" HEIGHT="29" CONTENT="Auch" WC="0.99" CC="0500"/>
						<SP ID="P3_SP00121" HPOS="677" VPOS="1138" WIDTH="22"/>
						<String ID="P3_ST00140" HPOS="699" VPOS="1104" WIDTH="53" HEIGHT="28" CONTENT="der" WC="0.99" CC="030"/>
						<SP ID="P3_SP00122" HPOS="752" VPOS="1138" WIDTH="22"/>
						<String ID="P3_ST00141" HPOS="774" VPOS="1103" WIDTH="95" HEIGHT="28" CONTENT="Mond" WC="0.97" CC="0470"/>
						<SP ID="P3_SP00123" HPOS="869" VPOS="1138" WIDTH="23"/>
						<String ID="P3_ST00142" HPOS="892" VPOS="1105" WIDTH="60" HEIGHT="28" CONTENT="und" WC="0.96" CC="640"/>
						<SP ID="P3_SP00124" HPOS="952" VPOS="1138" WIDTH="22"/>
						<String ID="P3_ST00143" HPOS="974" VPOS="1104" WIDTH="47" HEIGHT="28" CONTENT="die" WC="0.99" CC="030"/>
					</TextLine>
					<TextLine ID="P3_TL00020" HPOS="125" VPOS="1154" WIDTH="897" HEIGHT="31">
						<String ID="P3_ST00144" HPOS="125" VPOS="1157" WIDTH="119" HEIGHT="28" CONTENT="Sterne." WC="0.99" CC="0044600"/>
						<SP ID="P3_SP00125" HPOS="244" VPOS="1185" WIDTH="26"/>
						<String ID="P3_ST00145" HPOS="270" VPOS="1156" WIDTH="84" HEIGHT="28" CONTENT="Auch" WC="0.99" CC="0600"/>
						<SP ID="P3_SP00126" HPOS="354" VPOS="1185" WIDTH="17"/>
						<String ID="P3_ST00146" HPOS="371" VPOS="1156" WIDTH="47" HEIGHT="28" CONTENT="die" WC="0.98" CC="040"/>
						<SP ID="P3_SP00127" HPOS="418" VPOS="1185" WIDTH="18"/>
						<String ID="P3_ST00147" HPOS="436" VPOS="1155" WIDTH="168" HEIGHT="28" CONTENT="Menschen" WC="0.99" CC="40501057"/>
						<SP ID="P3_SP00128" HPOS="604" VPOS="1185" WIDTH="16"/>
						<String ID="P3_ST00148" HPOS="620" VPOS="1154" WIDTH="89" HEIGHT="29" CONTENT="leben" WC="0.98" CC="50007"/>
						<SP ID="P3_SP00129" HPOS="709" VPOS="1185" WIDTH="20"/>
						<String ID="P3_ST00149" HPOS="729" VPOS="1155" WIDTH="83" HEIGHT="28" CONTENT="nicht" WC="0.96" CC="56193"/>
						<SP ID="P3_SP00130" HPOS="812" VPOS="1185" WIDTH="18"/>
						<String ID="P3_ST00150" HPOS="830" VPOS="1155" WIDTH="78" HEIGHT="28" CONTENT="nach" WC="0.94" CC="5659"/>
						<SP ID="P3_SP00131" HPOS="908" VPOS="1185" WIDTH="17"/>
						<String ID="P3_ST00151" HPOS="925" VPOS="1154" WIDTH="97" HEIGHT="29" CONTENT="ihrem" WC="0.98" CC="60600"/>
					</TextLine>
					<TextLine ID="P3_TL00021" HPOS="125" VPOS="1206" WIDTH="897" HEIGHT="30">
						<String ID="P3_ST00152" HPOS="125" VPOS="1207" WIDTH="153" HEIGHT="29" CONTENT="Belieben." WC="0.99" CC="314600073"/>
						<SP ID="P3_SP00132" HPOS="278" VPOS="1236" WIDTH="32"/>
						<String ID="P3_ST00153" HPOS="310" VPOS="1207" WIDTH="52" HEIGHT="28" CONTENT="Sie" WC="0.98" CC="040"/>
						<SP ID="P3_SP00133" HPOS="362" VPOS="1236" WIDTH="22"/>
						<String ID="P3_ST00154" HPOS="384" VPOS="1206" WIDTH="134" HEIGHT="29" CONTENT="sterben." WC="0.99" CC="00006054"/>
						<SP ID="P3_SP00134" HPOS="518" VPOS="1236" WIDTH="31"/>
						<String ID="P3_ST00155" HPOS="549" VPOS="1206" WIDTH="68" HEIGHT="29" CONTENT="Und" WC="0.97" CC="350"/>
						<SP ID="P3_SP00135" HPOS="617" VPOS="1236" WIDTH="23"/>
						<String ID="P3_ST00156" HPOS="640" VPOS="1214" WIDTH="92" HEIGHT="20" CONTENT="wenn" WC="0.97" CC="0077"/>
						<SP ID="P3_SP00136" HPOS="732" VPOS="1236" WIDTH="25"/>
						<String ID="P3_ST00157" HPOS="757" VPOS="1207" WIDTH="43" HEIGHT="27" CONTENT="sie" WC="0.97" CC="330"/>
						<SP ID="P3_SP00137" HPOS="800" VPOS="1236" WIDTH="23"/>
						<String ID="P3_ST00158" HPOS="823" VPOS="1207" WIDTH="78" HEIGHT="28" CONTENT="nach" WC="0.98" CC="7300"/>
						<SP ID="P3_SP00138" HPOS="901" VPOS="1236" WIDTH="26"/>
						<String ID="P3_ST00159" HPOS="927" VPOS="1206" WIDTH="95" HEIGHT="29" CONTENT="ihrem" WC="0.99" CC="60300"/>
					</TextLine>
					<TextLine ID="P3_TL00022" HPOS="124" VPOS="1256" WIDTH="898" HEIGHT="33">
						<String ID="P3_ST00160" HPOS="124" VPOS="1257" WIDTH="146" HEIGHT="30" CONTENT="Belieben" WC="0.99" CC="01440005"/>
						<SP ID="P3_SP00139" HPOS="270" VPOS="1287" WIDTH="22"/>
						<String ID="P3_ST00161" HPOS="292" VPOS="1258" WIDTH="87" HEIGHT="28" CONTENT="leben" WC="0.98" CC="50006"/>
						<SP ID="P3_SP00140" HPOS="379" VPOS="1287" WIDTH="23"/>
						<String ID="P3_ST00162" HPOS="402" VPOS="1257" WIDTH="121" HEIGHT="32" CONTENT="wollen," WC="0.99" CC="0337060"/>
						<SP ID="P3_SP00141" HPOS="523" VPOS="1289" WIDTH="23"/>
						<String ID="P3_ST00163" HPOS="546" VPOS="1259" WIDTH="85" HEIGHT="27" CONTENT="töten" WC="0.98" CC="90006"/>
						<SP ID="P3_SP00142" HPOS="631" VPOS="1289" WIDTH="25"/>
						<String ID="P3_ST00164" HPOS="656" VPOS="1259" WIDTH="43" HEIGHT="27" CONTENT="sie" WC="0.99" CC="020"/>
						<SP ID="P3_SP00143" HPOS="699" VPOS="1289" WIDTH="23"/>
						<String ID="P3_ST00165" HPOS="722" VPOS="1256" WIDTH="73" HEIGHT="30" CONTENT="sich." WC="0.99" CC="03004"/>
						<SP ID="P3_SP00144" HPOS="795" VPOS="1289" WIDTH="32"/>
						<String ID="P3_ST00166" HPOS="827" VPOS="1258" WIDTH="43" HEIGHT="28" CONTENT="Ist" WC="0.97" CC="340"/>
						<SP ID="P3_SP00145" HPOS="870" VPOS="1289" WIDTH="22"/>
						<String ID="P3_ST00167" HPOS="892" VPOS="1258" WIDTH="54" HEIGHT="28" CONTENT="das" WC="1.00" CC="000"/>
						<SP ID="P3_SP00146" HPOS="946" VPOS="1289" WIDTH="23"/>
						<String ID="P3_ST00168" HPOS="969" VPOS="1265" WIDTH="36" HEIGHT="21" CONTENT="na" SUBS_TYPE="HypPart1" SUBS_CONTENT="natürlich?" WC="0.96" CC="70"/>
						<HYP HPOS="1005" VPOS="1265" WIDTH="17" CONTENT="-"/>
					</TextLine>
					<TextLine ID="P3_TL00023" HPOS="122" VPOS="1308" WIDTH="133" HEIGHT="30">
						<String ID="P3_ST00169" HPOS="122" VPOS="1308" WIDTH="133" HEIGHT="30" CONTENT="türlich?" SUBS_TYPE="HypPart2" SUBS_CONTENT="natürlich?" WC="0.98" CC="74765070"/>
					</TextLine>
					<TextLine ID="P3_TL00024" HPOS="181" VPOS="1359" WIDTH="841" HEIGHT="34">
						<String ID="P3_ST00170" HPOS="181" VPOS="1360" WIDTH="30" HEIGHT="28" CONTENT="In" WC="0.35" CC="66"/>
						<SP ID="P3_SP00147" HPOS="211" VPOS="1388" WIDTH="33"/>
						<String ID="P3_ST00171" HPOS="244" VPOS="1359" WIDTH="56" HEIGHT="29" CONTENT="den" WC="0.99" CC="002"/>
						<SP ID="P3_SP00148" HPOS="300" VPOS="1388" WIDTH="34"/>
						<String ID="P3_ST00172" HPOS="334" VPOS="1359" WIDTH="118" HEIGHT="34" CONTENT="Dingen" WC="0.98" CC="337002"/>
						<SP ID="P3_SP00149" HPOS="452" VPOS="1393" WIDTH="35"/>
						<String ID="P3_ST00173" HPOS="487" VPOS="1359" WIDTH="52" HEIGHT="29" CONTENT="der" WC="0.98" CC="005"/>
						<SP ID="P3_SP00150" HPOS="539" VPOS="1393" WIDTH="31"/>
						<String ID="P3_ST00174" HPOS="570" VPOS="1359" WIDTH="81" HEIGHT="29" CONTENT="Erde" WC="0.97" CC="6500"/>
						<SP ID="P3_SP00151" HPOS="651" VPOS="1393" WIDTH="34"/>
						<String ID="P3_ST00175" HPOS="685" VPOS="1361" WIDTH="68" HEIGHT="27" CONTENT="sind" WC="0.98" CC="0440"/>
						<SP ID="P3_SP00152" HPOS="753" VPOS="1393" WIDTH="33"/>
						<String ID="P3_ST00176" HPOS="786" VPOS="1360" WIDTH="47" HEIGHT="28" CONTENT="die" WC="1.00" CC="000"/>
						<SP ID="P3_SP00153" HPOS="833" VPOS="1393" WIDTH="33"/>
						<String ID="P3_ST00177" HPOS="866" VPOS="1360" WIDTH="156" HEIGHT="28" CONTENT="Preussen" WC="0.76" CC="03080034"/>
					</TextLine>
					<TextLine ID="P3_TL00025" HPOS="123" VPOS="1411" WIDTH="899" HEIGHT="33">
						<String ID="P3_ST00178" HPOS="123" VPOS="1411" WIDTH="152" HEIGHT="33" CONTENT="Künstler." WC="0.99" CC="608006060"/>
						<SP ID="P3_SP00154" HPOS="275" VPOS="1444" WIDTH="17"/>
						<String ID="P3_ST00179" HPOS="292" VPOS="1411" WIDTH="87" HEIGHT="28" CONTENT="Denn" WC="0.98" CC="0063"/>
						<SP ID="P3_SP00155" HPOS="379" VPOS="1444" WIDTH="22"/>
						<String ID="P3_ST00180" HPOS="401" VPOS="1412" WIDTH="43" HEIGHT="28" CONTENT="sie" WC="0.98" CC="050"/>
						<SP ID="P3_SP00156" HPOS="444" VPOS="1444" WIDTH="22"/>
						<String ID="P3_ST00181" HPOS="466" VPOS="1411" WIDTH="67" HEIGHT="28" CONTENT="sind" WC="0.98" CC="0170"/>
						<SP ID="P3_SP00157" HPOS="533" VPOS="1444" WIDTH="21"/>
						<String ID="P3_ST00182" HPOS="554" VPOS="1411" WIDTH="211" HEIGHT="31" CONTENT="erfinderisch." WC="0.99" CC="0163600260003"/>
						<SP ID="P3_SP00158" HPOS="765" VPOS="1444" WIDTH="19"/>
						<String ID="P3_ST00183" HPOS="784" VPOS="1411" WIDTH="143" HEIGHT="33" CONTENT="Künstler" WC="0.99" CC="20709404"/>
						<SP ID="P3_SP00159" HPOS="927" VPOS="1444" WIDTH="21"/>
						<String ID="P3_ST00184" HPOS="948" VPOS="1413" WIDTH="74" HEIGHT="28" CONTENT="über" WC="0.99" CC="0005"/>
					</TextLine>
					<TextLine ID="P3_TL00026" HPOS="125" VPOS="1462" WIDTH="897" HEIGHT="35">
						<String ID="P3_ST00185" HPOS="125" VPOS="1463" WIDTH="57" HEIGHT="30" CONTENT="den" WC="0.95" CC="427"/>
						<SP ID="P3_SP00160" HPOS="182" VPOS="1493" WIDTH="19"/>
						<String ID="P3_ST00186" HPOS="201" VPOS="1463" WIDTH="118" HEIGHT="33" CONTENT="Dingen" WC="0.99" CC="041004"/>
						<SP ID="P3_SP00161" HPOS="319" VPOS="1496" WIDTH="22"/>
						<String ID="P3_ST00187" HPOS="341" VPOS="1463" WIDTH="101" HEIGHT="28" CONTENT="dieser" WC="0.99" CC="040300"/>
						<SP ID="P3_SP00162" HPOS="442" VPOS="1496" WIDTH="17"/>
						<String ID="P3_ST00188" HPOS="459" VPOS="1462" WIDTH="81" HEIGHT="30" CONTENT="Erde" WC="0.99" CC="3000"/>
						<SP ID="P3_SP00163" HPOS="540" VPOS="1496" WIDTH="20"/>
						<String ID="P3_ST00189" HPOS="560" VPOS="1463" WIDTH="127" HEIGHT="29" CONTENT="werden" WC="0.99" CC="000008"/>
						<SP ID="P3_SP00164" HPOS="687" VPOS="1496" WIDTH="23"/>
						<String ID="P3_ST00190" HPOS="710" VPOS="1465" WIDTH="44" HEIGHT="27" CONTENT="sie" WC="0.98" CC="050"/>
						<SP ID="P3_SP00165" HPOS="754" VPOS="1496" WIDTH="20"/>
						<String ID="P3_ST00191" HPOS="774" VPOS="1464" WIDTH="74" HEIGHT="33" CONTENT="sein," WC="0.99" CC="10130"/>
						<SP ID="P3_SP00166" HPOS="848" VPOS="1497" WIDTH="20"/>
						<String ID="P3_ST00192" HPOS="868" VPOS="1472" WIDTH="91" HEIGHT="21" CONTENT="wenn" WC="0.99" CC="0060"/>
						<SP ID="P3_SP00167" HPOS="959" VPOS="1497" WIDTH="19"/>
						<String ID="P3_ST00193" HPOS="978" VPOS="1464" WIDTH="44" HEIGHT="28" CONTENT="sie" WC="0.96" CC="360"/>
					</TextLine>
					<TextLine ID="P3_TL00027" HPOS="123" VPOS="1512" WIDTH="899" HEIGHT="38">
						<String ID="P3_ST00194" HPOS="123" VPOS="1512" WIDTH="164" HEIGHT="30" CONTENT="finderisch" WC="0.99" CC="0596004000"/>
						<SP ID="P3_SP00168" HPOS="287" VPOS="1542" WIDTH="22"/>
						<String ID="P3_ST00195" HPOS="309" VPOS="1514" WIDTH="76" HEIGHT="29" CONTENT="sind." WC="0.98" CC="40603"/>
						<SP ID="P3_SP00169" HPOS="385" VPOS="1543" WIDTH="30"/>
						<String ID="P3_ST00196" HPOS="415" VPOS="1514" WIDTH="63" HEIGHT="29" CONTENT="Der" WC="0.99" CC="200"/>
						<SP ID="P3_SP00170" HPOS="478" VPOS="1543" WIDTH="23"/>
						<String ID="P3_ST00197" HPOS="501" VPOS="1513" WIDTH="132" HEIGHT="33" CONTENT="Mörser," WC="1.00" CC="0060000"/>
						<SP ID="P3_SP00171" HPOS="633" VPOS="1546" WIDTH="24"/>
						<String ID="P3_ST00198" HPOS="657" VPOS="1514" WIDTH="53" HEIGHT="29" CONTENT="der" WC="0.98" CC="005"/>
						<SP ID="P3_SP00172" HPOS="710" VPOS="1546" WIDTH="24"/>
						<String ID="P3_ST00199" HPOS="734" VPOS="1514" WIDTH="148" HEIGHT="29" CONTENT="erfunden" WC="0.99" CC="00667006"/>
						<SP ID="P3_SP00173" HPOS="882" VPOS="1546" WIDTH="24"/>
						<String ID="P3_ST00200" HPOS="906" VPOS="1515" WIDTH="116" HEIGHT="35" CONTENT="wurde," WC="0.98" CC="076307"/>
					</TextLine>
					<TextLine ID="P3_TL00028" HPOS="122" VPOS="1564" WIDTH="899" HEIGHT="34">
						<String ID="P3_ST00201" HPOS="122" VPOS="1565" WIDTH="49" HEIGHT="33" CONTENT="ist," WC="0.97" CC="2063"/>
						<SP ID="P3_SP00174" HPOS="171" VPOS="1598" WIDTH="31"/>
						<String ID="P3_ST00202" HPOS="202" VPOS="1564" WIDTH="76" HEIGHT="28" CONTENT="auch" WC="0.96" CC="6630"/>
						<SP ID="P3_SP00175" HPOS="278" VPOS="1598" WIDTH="29"/>
						<String ID="P3_ST00203" HPOS="307" VPOS="1564" WIDTH="79" HEIGHT="29" CONTENT="ohne" WC="0.98" CC="6040"/>
						<SP ID="P3_SP00176" HPOS="386" VPOS="1598" WIDTH="30"/>
						<String ID="P3_ST00204" HPOS="416" VPOS="1564" WIDTH="56" HEIGHT="29" CONTENT="daß" WC="0.98" CC="050"/>
						<SP ID="P3_SP00177" HPOS="472" VPOS="1598" WIDTH="31"/>
						<String ID="P3_ST00205" HPOS="503" VPOS="1573" WIDTH="31" HEIGHT="21" CONTENT="er" WC="0.94" CC="01"/>
						<SP ID="P3_SP00178" HPOS="534" VPOS="1598" WIDTH="26"/>
						<String ID="P3_ST00206" HPOS="560" VPOS="1565" WIDTH="146" HEIGHT="29" CONTENT="zerstößt." WC="1.00" CC="010003404"/>
						<SP ID="P3_SP00179" HPOS="706" VPOS="1598" WIDTH="38"/>
						<String ID="P3_ST00207" HPOS="744" VPOS="1565" WIDTH="63" HEIGHT="29" CONTENT="Das" WC="0.98" CC="050"/>
						<SP ID="P3_SP00180" HPOS="807" VPOS="1598" WIDTH="28"/>
						<String ID="P3_ST00208" HPOS="835" VPOS="1564" WIDTH="186" HEIGHT="33" CONTENT="Kunstwerk" WC="0.99" CC="776000057"/>
					</TextLine>
					<TextLine ID="P3_TL00029" HPOS="122" VPOS="1615" WIDTH="617" HEIGHT="34">
						<String ID="P3_ST00209" HPOS="122" VPOS="1616" WIDTH="48" HEIGHT="32" CONTENT="ist," WC="0.99" CC="6000"/>
						<SP ID="P3_SP00181" HPOS="170" VPOS="1648" WIDTH="26"/>
						<String ID="P3_ST00210" HPOS="196" VPOS="1615" WIDTH="77" HEIGHT="29" CONTENT="auch" WC="0.95" CC="3837"/>
						<SP ID="P3_SP00182" HPOS="273" VPOS="1648" WIDTH="24"/>
						<String ID="P3_ST00211" HPOS="297" VPOS="1616" WIDTH="77" HEIGHT="28" CONTENT="ohne" WC="0.97" CC="0523"/>
						<SP ID="P3_SP00183" HPOS="374" VPOS="1648" WIDTH="23"/>
						<String ID="P3_ST00212" HPOS="397" VPOS="1617" WIDTH="57" HEIGHT="29" CONTENT="daß" WC="0.94" CC="852"/>
						<SP ID="P3_SP00184" HPOS="454" VPOS="1648" WIDTH="24"/>
						<String ID="P3_ST00213" HPOS="478" VPOS="1625" WIDTH="68" HEIGHT="19" CONTENT="man" WC="0.95" CC="068"/>
						<SP ID="P3_SP00185" HPOS="546" VPOS="1648" WIDTH="24"/>
						<String ID="P3_ST00214" HPOS="570" VPOS="1624" WIDTH="33" HEIGHT="20" CONTENT="es" WC="0.91" CC="01"/>
						<SP ID="P3_SP00186" HPOS="603" VPOS="1648" WIDTH="23"/>
						<String ID="P3_ST00215" HPOS="626" VPOS="1615" WIDTH="113" HEIGHT="34" CONTENT="glaubt." WC="0.99" CC="0017002"/>
					</TextLine>
					<TextLine ID="P3_TL00030" HPOS="181" VPOS="1667" WIDTH="841" HEIGHT="34">
						<String ID="P3_ST00216" HPOS="181" VPOS="1667" WIDTH="49" HEIGHT="29" CONTENT="Ich" WC="0.96" CC="630"/>
						<SP ID="P3_SP00187" HPOS="230" VPOS="1696" WIDTH="26"/>
						<String ID="P3_ST00217" HPOS="256" VPOS="1667" WIDTH="91" HEIGHT="33" CONTENT="hoffe," WC="0.98" CC="655503"/>
						<SP ID="P3_SP00188" HPOS="347" VPOS="1700" WIDTH="25"/>
						<String ID="P3_ST00218" HPOS="372" VPOS="1667" WIDTH="166" HEIGHT="33" CONTENT="Preussen," WC="0.79" CC="000800072"/>
						<SP ID="P3_SP00189" HPOS="538" VPOS="1700" WIDTH="27"/>
						<String ID="P3_ST00219" HPOS="565" VPOS="1667" WIDTH="58" HEIGHT="29" CONTENT="daß" WC="0.98" CC="004"/>
						<SP ID="P3_SP00190" HPOS="623" VPOS="1700" WIDTH="27"/>
						<String ID="P3_ST00220" HPOS="650" VPOS="1668" WIDTH="44" HEIGHT="28" CONTENT="ihr" WC="0.93" CC="575"/>
						<SP ID="P3_SP00191" HPOS="694" VPOS="1700" WIDTH="25"/>
						<String ID="P3_ST00221" HPOS="719" VPOS="1676" WIDTH="32" HEIGHT="21" CONTENT="es" WC="0.95" CC="00"/>
						<SP ID="P3_SP00192" HPOS="751" VPOS="1700" WIDTH="26"/>
						<String ID="P3_ST00222" HPOS="777" VPOS="1668" WIDTH="131" HEIGHT="33" CONTENT="glauben" WC="0.97" CC="9496406"/>
						<SP ID="P3_SP00193" HPOS="908" VPOS="1701" WIDTH="28"/>
						<String ID="P3_ST00223" HPOS="936" VPOS="1669" WIDTH="86" HEIGHT="27" CONTENT="lernt." WC="0.98" CC="115710"/>
					</TextLine>
					<TextLine ID="P3_TL00031" HPOS="124" VPOS="1718" WIDTH="897" HEIGHT="34">
						<String ID="P3_ST00224" HPOS="124" VPOS="1718" WIDTH="62" HEIGHT="28" CONTENT="Der" WC="0.98" CC="004"/>
						<SP ID="P3_SP00194" HPOS="186" VPOS="1746" WIDTH="30"/>
						<String ID="P3_ST00225" HPOS="216" VPOS="1718" WIDTH="118" HEIGHT="29" CONTENT="Glaube" WC="0.97" CC="575860"/>
						<SP ID="P3_SP00195" HPOS="334" VPOS="1747" WIDTH="32"/>
						<String ID="P3_ST00226" HPOS="366" VPOS="1719" WIDTH="50" HEIGHT="28" CONTENT="hat" WC="0.95" CC="651"/>
						<SP ID="P3_SP00196" HPOS="416" VPOS="1747" WIDTH="33"/>
						<String ID="P3_ST00227" HPOS="449" VPOS="1718" WIDTH="75" HEIGHT="29" CONTENT="euch" WC="0.97" CC="0508"/>
						<SP ID="P3_SP00197" HPOS="524" VPOS="1747" WIDTH="31"/>
						<String ID="P3_ST00228" HPOS="555" VPOS="1727" WIDTH="38" HEIGHT="20" CONTENT="zu" WC="0.60" CC="25"/>
						<SP ID="P3_SP00198" HPOS="593" VPOS="1747" WIDTH="29"/>
						<String ID="P3_ST00229" HPOS="622" VPOS="1719" WIDTH="155" HEIGHT="28" CONTENT="Preussen" WC="0.72" CC="06060106"/>
						<SP ID="P3_SP00199" HPOS="777" VPOS="1747" WIDTH="32"/>
						<String ID="P3_ST00230" HPOS="809" VPOS="1719" WIDTH="151" HEIGHT="33" CONTENT="gemacht," WC="0.99" CC="90090003"/>
						<SP ID="P3_SP00200" HPOS="960" VPOS="1752" WIDTH="30"/>
						<String ID="P3_ST00231" HPOS="990" VPOS="1727" WIDTH="31" HEIGHT="20" CONTENT="er" WC="1.00" CC="00"/>
					</TextLine>
					<TextLine ID="P3_TL00032" HPOS="123" VPOS="1768" WIDTH="677" HEIGHT="33">
						<String ID="P3_ST00232" HPOS="123" VPOS="1769" WIDTH="79" HEIGHT="28" CONTENT="kann" WC="0.95" CC="0796"/>
						<SP ID="P3_SP00201" HPOS="202" VPOS="1797" WIDTH="24"/>
						<String ID="P3_ST00233" HPOS="226" VPOS="1769" WIDTH="75" HEIGHT="28" CONTENT="euch" WC="0.98" CC="0800"/>
						<SP ID="P3_SP00202" HPOS="301" VPOS="1797" WIDTH="19"/>
						<String ID="P3_ST00234" HPOS="320" VPOS="1768" WIDTH="77" HEIGHT="29" CONTENT="auch" WC="0.96" CC="3516"/>
						<SP ID="P3_SP00203" HPOS="397" VPOS="1797" WIDTH="21"/>
						<String ID="P3_ST00235" HPOS="418" VPOS="1778" WIDTH="38" HEIGHT="19" CONTENT="zu" WC="0.51" CC="18"/>
						<SP ID="P3_SP00204" HPOS="456" VPOS="1797" WIDTH="20"/>
						<String ID="P3_ST00236" HPOS="476" VPOS="1769" WIDTH="164" HEIGHT="32" CONTENT="Künstlern" WC="0.99" CC="907004046"/>
						<SP ID="P3_SP00205" HPOS="640" VPOS="1801" WIDTH="22"/>
						<String ID="P3_ST00237" HPOS="662" VPOS="1769" WIDTH="138" HEIGHT="30" CONTENT="machen." WC="0.99" CC="0420104"/>
					</TextLine>
					<TextLine ID="P3_TL00033" HPOS="180" VPOS="1819" WIDTH="731" HEIGHT="34">
						<String ID="P3_ST00238" HPOS="180" VPOS="1820" WIDTH="93" HEIGHT="29" CONTENT="Jeder" WC="0.99" CC="00602"/>
						<SP ID="P3_SP00206" HPOS="273" VPOS="1849" WIDTH="19"/>
						<String ID="P3_ST00239" HPOS="292" VPOS="1819" WIDTH="51" HEIGHT="30" CONTENT="hat" WC="0.97" CC="006"/>
						<SP ID="P3_SP00207" HPOS="343" VPOS="1849" WIDTH="20"/>
						<String ID="P3_ST00240" HPOS="363" VPOS="1821" WIDTH="54" HEIGHT="28" CONTENT="das" WC="0.97" CC="900"/>
						<SP ID="P3_SP00208" HPOS="417" VPOS="1849" WIDTH="21"/>
						<String ID="P3_ST00241" HPOS="438" VPOS="1821" WIDTH="106" HEIGHT="32" CONTENT="Recht," WC="0.98" CC="916503"/>
						<SP ID="P3_SP00209" HPOS="544" VPOS="1853" WIDTH="19"/>
						<String ID="P3_ST00242" HPOS="563" VPOS="1821" WIDTH="134" HEIGHT="29" CONTENT="Preusse" WC="0.89" CC="0008000"/>
						<SP ID="P3_SP00210" HPOS="697" VPOS="1853" WIDTH="21"/>
						<String ID="P3_ST00243" HPOS="718" VPOS="1831" WIDTH="34" HEIGHT="19" CONTENT="zu" WC="0.57" CC="08"/>
						<SP ID="P3_SP00211" HPOS="752" VPOS="1853" WIDTH="23"/>
						<String ID="P3_ST00244" HPOS="775" VPOS="1821" WIDTH="136" HEIGHT="28" CONTENT="werden." WC="0.98" CC="9006071"/>
					</TextLine>
					<TextLine ID="P3_TL00034" HPOS="179" VPOS="1869" WIDTH="531" HEIGHT="31">
						<String ID="P3_ST00245" HPOS="179" VPOS="1869" WIDTH="61" HEIGHT="29" CONTENT="Auf" WC="0.92" CC="677"/>
						<SP ID="P3_SP00212" HPOS="240" VPOS="1898" WIDTH="17"/>
						<String ID="P3_ST00246" HPOS="257" VPOS="1872" WIDTH="84" HEIGHT="27" CONTENT="seine" WC="0.98" CC="00460"/>
						<SP ID="P3_SP00213" HPOS="341" VPOS="1899" WIDTH="22"/>
						<String ID="P3_ST00247" HPOS="363" VPOS="1871" WIDTH="62" HEIGHT="29" CONTENT="Art." WC="1.00" CC="0000"/>
						<SP ID="P3_SP00214" HPOS="425" VPOS="1900" WIDTH="29"/>
						<String ID="P3_ST00248" HPOS="454" VPOS="1870" WIDTH="83" HEIGHT="30" CONTENT="Aber" WC="0.99" CC="0500"/>
						<SP ID="P3_SP00215" HPOS="537" VPOS="1900" WIDTH="20"/>
						<String ID="P3_ST00249" HPOS="557" VPOS="1880" WIDTH="31" HEIGHT="20" CONTENT="er" WC="0.65" CC="06"/>
						<SP ID="P3_SP00216" HPOS="588" VPOS="1900" WIDTH="17"/>
						<String ID="P3_ST00250" HPOS="605" VPOS="1872" WIDTH="45" HEIGHT="28" CONTENT="sei" WC="0.95" CC="506"/>
						<SP ID="P3_SP00217" HPOS="650" VPOS="1900" WIDTH="18"/>
						<String ID="P3_ST00251" HPOS="668" VPOS="1879" WIDTH="42" HEIGHT="21" CONTENT="es." WC="0.99" CC="003"/>
					</TextLine>
					<TextLine ID="P3_TL00035" HPOS="181" VPOS="1921" WIDTH="840" HEIGHT="34">
						<String ID="P3_ST00252" HPOS="181" VPOS="1921" WIDTH="114" HEIGHT="29" CONTENT="Darum" WC="0.97" CC="67070"/>
						<SP ID="P3_SP00218" HPOS="295" VPOS="1950" WIDTH="28"/>
						<String ID="P3_ST00253" HPOS="323" VPOS="1923" WIDTH="86" HEIGHT="32" CONTENT="singe" WC="0.98" CC="06800"/>
						<SP ID="P3_SP00219" HPOS="409" VPOS="1955" WIDTH="25"/>
						<String ID="P3_ST00254" HPOS="434" VPOS="1922" WIDTH="46" HEIGHT="28" CONTENT="ich" WC="0.94" CC="717"/>
						<SP ID="P3_SP00220" HPOS="480" VPOS="1955" WIDTH="30"/>
						<String ID="P3_ST00255" HPOS="510" VPOS="1922" WIDTH="55" HEIGHT="28" CONTENT="das" WC="1.00" CC="000"/>
						<SP ID="P3_SP00221" HPOS="565" VPOS="1955" WIDTH="28"/>
						<String ID="P3_ST00256" HPOS="593" VPOS="1922" WIDTH="148" HEIGHT="29" CONTENT="Hohelied" WC="0.99" CC="71404700"/>
						<SP ID="P3_SP00222" HPOS="741" VPOS="1955" WIDTH="32"/>
						<String ID="P3_ST00257" HPOS="773" VPOS="1923" WIDTH="51" HEIGHT="28" CONTENT="des" WC="0.95" CC="705"/>
						<SP ID="P3_SP00223" HPOS="824" VPOS="1955" WIDTH="28"/>
						<String ID="P3_ST00258" HPOS="852" VPOS="1922" WIDTH="151" HEIGHT="29" CONTENT="Preussen" SUBS_TYPE="HypPart1" SUBS_CONTENT="Preussenturns." WC="0.78" CC="00270007"/>
						<HYP HPOS="1003" VPOS="1922" WIDTH="18" CONTENT="-"/>
					</TextLine>
					<TextLine ID="P3_TL00036" HPOS="125" VPOS="1975" WIDTH="88" HEIGHT="26">
						<String ID="P3_ST00259" HPOS="125" VPOS="1975" WIDTH="88" HEIGHT="26" CONTENT="turns." SUBS_TYPE="HypPart2" SUBS_CONTENT="Preussenturns." WC="0.37" CC="967804"/>
					</TextLine>
				</TextBlock>
				<TextBlock ID="P3_TB00003" HPOS="668" VPOS="2023" WIDTH="319" HEIGHT="31" STYLEREFS="TXT_0 PAR_LEFT">
					<TextLine ID="P3_TL00037" HPOS="669" VPOS="2025" WIDTH="317" HEIGHT="29">
						<String ID="P3_ST00260" HPOS="669" VPOS="2025" WIDTH="166" HEIGHT="29" CONTENT="Herwarth" WC="0.98" CC="71405077"/>
						<SP ID="P3_SP00224" HPOS="835" VPOS="2054" WIDTH="20"/>
						<String ID="P3_ST00261" HPOS="855" VPOS="2025" WIDTH="131" HEIGHT="29" CONTENT="Walden" WC="1.00" CC="240145"/>
					</TextLine>
				</TextBlock>
				<TextBlock ID="P3_TB00004" HPOS="123" VPOS="2221" WIDTH="339" HEIGHT="57" STYLEREFS="TXT_0 PAR_LEFT">
					<TextLine ID="P3_TL00038" HPOS="123" VPOS="2221" WIDTH="339" HEIGHT="56">
						<String ID="P3_ST00262" HPOS="123" VPOS="2221" WIDTH="339" HEIGHT="56" CONTENT="Märehen" WC="0.99" CC="0665000"/>
					</TextLine>
				</TextBlock>
				<TextBlock ID="P3_TB00005" HPOS="123" VPOS="2299" WIDTH="908" HEIGHT="1797" STYLEREFS="TXT_0 PAR_RIGHT">
					<TextLine ID="P3_TL00039" HPOS="472" VPOS="2299" WIDTH="25" HEIGHT="26">
						<String ID="P3_ST00263" HPOS="472" VPOS="2299" WIDTH="25" HEIGHT="26" CONTENT="/" WC="0.25" CC="7"/>
					</TextLine>
					<TextLine ID="P3_TL00040" HPOS="181" VPOS="2329" WIDTH="841" HEIGHT="30">
						<String ID="P3_ST00264" HPOS="181" VPOS="2331" WIDTH="63" HEIGHT="28" CONTENT="Das" WC="0.96" CC="550"/>
						<SP ID="P3_SP00225" HPOS="244" VPOS="2359" WIDTH="22"/>
						<String ID="P3_ST00265" HPOS="266" VPOS="2330" WIDTH="187" HEIGHT="29" CONTENT="schlesische" WC="0.70" CC="03770540040"/>
						<SP ID="P3_SP00226" HPOS="453" VPOS="2359" WIDTH="23"/>
						<String ID="P3_ST00266" HPOS="476" VPOS="2330" WIDTH="78" HEIGHT="29" CONTENT="Volk" WC="0.96" CC="6463"/>
						<SP ID="P3_SP00227" HPOS="554" VPOS="2359" WIDTH="24"/>
						<String ID="P3_ST00267" HPOS="578" VPOS="2331" WIDTH="78" HEIGHT="28" CONTENT="wird" WC="0.98" CC="0630"/>
						<SP ID="P3_SP00228" HPOS="656" VPOS="2359" WIDTH="25"/>
						<String ID="P3_ST00268" HPOS="681" VPOS="2329" WIDTH="80" HEIGHT="30" CONTENT="nicht" WC="0.97" CC="85064"/>
						<SP ID="P3_SP00229" HPOS="761" VPOS="2359" WIDTH="24"/>
						<String ID="P3_ST00269" HPOS="785" VPOS="2337" WIDTH="55" HEIGHT="22" CONTENT="nur" WC="0.97" CC="601"/>
						<SP ID="P3_SP00230" HPOS="840" VPOS="2359" WIDTH="23"/>
						<String ID="P3_ST00270" HPOS="863" VPOS="2330" WIDTH="54" HEIGHT="27" CONTENT="mit" WC="0.93" CC="667"/>
						<SP ID="P3_SP00231" HPOS="917" VPOS="2359" WIDTH="24"/>
						<String ID="P3_ST00271" HPOS="941" VPOS="2329" WIDTH="81" HEIGHT="28" CONTENT="einer" WC="0.98" CC="04723"/>
					</TextLine>
					<TextLine ID="P3_TL00041" HPOS="125" VPOS="2379" WIDTH="898" HEIGHT="36">
						<String ID="P3_ST00272" HPOS="125" VPOS="2382" WIDTH="233" HEIGHT="33" CONTENT="„Schlesischen" WC="0.74" CC="9050410500005"/>
						<SP ID="P3_SP00232" HPOS="358" VPOS="2415" WIDTH="26"/>
						<String ID="P3_ST00273" HPOS="384" VPOS="2381" WIDTH="240" HEIGHT="33" CONTENT='Volkszeitung"' WC="0.99" CC="0140084353043"/>
						<SP ID="P3_SP00233" HPOS="624" VPOS="2415" WIDTH="25"/>
						<String ID="P3_ST00274" HPOS="649" VPOS="2381" WIDTH="153" HEIGHT="34" CONTENT="beglückt," WC="0.99" CC="007406002"/>
						<SP ID="P3_SP00234" HPOS="802" VPOS="2415" WIDTH="27"/>
						<String ID="P3_ST00275" HPOS="829" VPOS="2382" WIDTH="46" HEIGHT="27" CONTENT="die" WC="0.98" CC="040"/>
						<SP ID="P3_SP00235" HPOS="875" VPOS="2415" WIDTH="26"/>
						<String ID="P3_ST00276" HPOS="901" VPOS="2379" WIDTH="105" HEIGHT="33" CONTENT="„Schle" SUBS_TYPE="HypPart1" SUBS_CONTENT="„Schlesische" WC="0.66" CC="017450"/>
						<HYP HPOS="1006" VPOS="2379" WIDTH="17" CONTENT="-"/>
					</TextLine>
					<TextLine ID="P3_TL00042" HPOS="124" VPOS="2431" WIDTH="899" HEIGHT="34">
						<String ID="P3_ST00277" HPOS="124" VPOS="2434" WIDTH="100" HEIGHT="29" CONTENT="sische" SUBS_TYPE="HypPart2" SUBS_CONTENT="„Schlesische" WC="0.82" CC="000550"/>
						<SP ID="P3_SP00236" HPOS="224" VPOS="2463" WIDTH="34"/>
						<String ID="P3_ST00278" HPOS="258" VPOS="2434" WIDTH="239" HEIGHT="31" CONTENT='Volkszeitung"' WC="0.99" CC="8550010707093"/>
						<SP ID="P3_SP00237" HPOS="497" VPOS="2465" WIDTH="39"/>
						<String ID="P3_ST00279" HPOS="536" VPOS="2432" WIDTH="52" HEIGHT="29" CONTENT="hat" WC="0.96" CC="650"/>
						<SP ID="P3_SP00238" HPOS="588" VPOS="2465" WIDTH="40"/>
						<String ID="P3_ST00280" HPOS="628" VPOS="2441" WIDTH="92" HEIGHT="24" CONTENT="sogar" WC="0.99" CC="04000"/>
						<SP ID="P3_SP00239" HPOS="720" VPOS="2465" WIDTH="44"/>
						<String ID="P3_ST00281" HPOS="764" VPOS="2433" WIDTH="46" HEIGHT="27" CONTENT="ein" WC="0.95" CC="048"/>
						<SP ID="P3_SP00240" HPOS="810" VPOS="2465" WIDTH="38"/>
						<String ID="P3_ST00282" HPOS="848" VPOS="2431" WIDTH="175" HEIGHT="29" CONTENT="Feuilleton." WC="0.99" CC="60726405440"/>
					</TextLine>
					<TextLine ID="P3_TL00043" HPOS="123" VPOS="2483" WIDTH="900" HEIGHT="35">
						<String ID="P3_ST00283" HPOS="123" VPOS="2485" WIDTH="66" HEIGHT="30" CONTENT="Nun" WC="0.94" CC="447"/>
						<SP ID="P3_SP00241" HPOS="189" VPOS="2515" WIDTH="20"/>
						<String ID="P3_ST00284" HPOS="209" VPOS="2486" WIDTH="50" HEIGHT="28" CONTENT="bin" WC="0.95" CC="245"/>
						<SP ID="P3_SP00242" HPOS="259" VPOS="2515" WIDTH="21"/>
						<String ID="P3_ST00285" HPOS="280" VPOS="2484" WIDTH="47" HEIGHT="29" CONTENT="ich" WC="1.00" CC="000"/>
						<SP ID="P3_SP00243" HPOS="327" VPOS="2515" WIDTH="20"/>
						<String ID="P3_ST00286" HPOS="347" VPOS="2493" WIDTH="99" HEIGHT="24" CONTENT="gegen" WC="0.97" CC="90905"/>
						<SP ID="P3_SP00244" HPOS="446" VPOS="2517" WIDTH="20"/>
						<String ID="P3_ST00287" HPOS="466" VPOS="2486" WIDTH="55" HEIGHT="28" CONTENT="das" WC="0.99" CC="030"/>
						<SP ID="P3_SP00245" HPOS="521" VPOS="2517" WIDTH="20"/>
						<String ID="P3_ST00288" HPOS="541" VPOS="2484" WIDTH="90" HEIGHT="30" CONTENT="Wort" WC="0.98" CC="1500"/>
						<SP ID="P3_SP00246" HPOS="631" VPOS="2517" WIDTH="19"/>
						<String ID="P3_ST00289" HPOS="650" VPOS="2484" WIDTH="177" HEIGHT="32" CONTENT="Feuilleton," WC="0.99" CC="70563500452"/>
						<SP ID="P3_SP00247" HPOS="827" VPOS="2517" WIDTH="20"/>
						<String ID="P3_ST00290" HPOS="847" VPOS="2492" WIDTH="97" HEIGHT="26" CONTENT="gegen" WC="0.96" CC="90957"/>
						<SP ID="P3_SP00248" HPOS="944" VPOS="2518" WIDTH="21"/>
						<String ID="P3_ST00291" HPOS="965" VPOS="2483" WIDTH="58" HEIGHT="29" CONTENT="den" WC="0.96" CC="316"/>
					</TextLine>
					<TextLine ID="P3_TL00044" HPOS="124" VPOS="2534" WIDTH="899" HEIGHT="35">
						<String ID="P3_ST00292" HPOS="124" VPOS="2535" WIDTH="117" HEIGHT="34" CONTENT="Begriff" WC="0.98" CC="7341606"/>
						<SP ID="P3_SP00249" HPOS="241" VPOS="2569" WIDTH="21"/>
						<String ID="P3_ST00293" HPOS="262" VPOS="2535" WIDTH="59" HEIGHT="29" CONTENT="und" WC="0.97" CC="520"/>
						<SP ID="P3_SP00250" HPOS="321" VPOS="2569" WIDTH="22"/>
						<String ID="P3_ST00294" HPOS="343" VPOS="2543" WIDTH="100" HEIGHT="26" CONTENT="gegen" WC="0.99" CC="00005"/>
						<SP ID="P3_SP00251" HPOS="443" VPOS="2569" WIDTH="23"/>
						<String ID="P3_ST00295" HPOS="466" VPOS="2536" WIDTH="48" HEIGHT="28" CONTENT="die" WC="0.98" CC="050"/>
						<SP ID="P3_SP00252" HPOS="514" VPOS="2569" WIDTH="26"/>
						<String ID="P3_ST00296" HPOS="540" VPOS="2535" WIDTH="213" HEIGHT="34" CONTENT="„Schlesische" WC="0.80" CC="200040064050"/>
						<SP ID="P3_SP00253" HPOS="753" VPOS="2569" WIDTH="21"/>
						<String ID="P3_ST00297" HPOS="774" VPOS="2534" WIDTH="249" HEIGHT="34" CONTENT='Volkszeitung".' WC="0.99" CC="75700006055904"/>
					</TextLine>
					<TextLine ID="P3_TL00045" HPOS="124" VPOS="2585" WIDTH="899" HEIGHT="31">
						<String ID="P3_ST00298" HPOS="124" VPOS="2587" WIDTH="64" HEIGHT="28" CONTENT="Das" WC="0.95" CC="435"/>
						<SP ID="P3_SP00254" HPOS="188" VPOS="2615" WIDTH="38"/>
						<String ID="P3_ST00299" HPOS="226" VPOS="2587" WIDTH="254" HEIGHT="29" CONTENT="Vorhandensein" WC="0.99" CC="0116410080027"/>
						<SP ID="P3_SP00255" HPOS="480" VPOS="2616" WIDTH="41"/>
						<String ID="P3_ST00300" HPOS="521" VPOS="2587" WIDTH="101" HEIGHT="28" CONTENT="dieses" WC="1.00" CC="050000"/>
						<SP ID="P3_SP00256" HPOS="622" VPOS="2616" WIDTH="40"/>
						<String ID="P3_ST00301" HPOS="662" VPOS="2585" WIDTH="119" HEIGHT="30" CONTENT="Blattes" WC="0.99" CC="6400000"/>
						<SP ID="P3_SP00257" HPOS="781" VPOS="2616" WIDTH="38"/>
						<String ID="P3_ST00302" HPOS="819" VPOS="2585" WIDTH="110" HEIGHT="30" CONTENT="wurde" WC="0.98" CC="06070"/>
						<SP ID="P3_SP00258" HPOS="929" VPOS="2616" WIDTH="38"/>
						<String ID="P3_ST00303" HPOS="967" VPOS="2585" WIDTH="56" HEIGHT="29" CONTENT="mir" WC="0.94" CC="474"/>
					</TextLine>
					<TextLine ID="P3_TL00046" HPOS="127" VPOS="2636" WIDTH="897" HEIGHT="35">
						<String ID="P3_ST00304" HPOS="127" VPOS="2637" WIDTH="93" HEIGHT="30" CONTENT="durch" WC="0.98" CC="45500"/>
						<SP ID="P3_SP00259" HPOS="220" VPOS="2667" WIDTH="26"/>
						<String ID="P3_ST00305" HPOS="246" VPOS="2639" WIDTH="65" HEIGHT="27" CONTENT="eine" WC="0.97" CC="0760"/>
						<SP ID="P3_SP00260" HPOS="311" VPOS="2667" WIDTH="26"/>
						<String ID="P3_ST00306" HPOS="337" VPOS="2638" WIDTH="300" HEIGHT="33" CONTENT="Rechtsverletzung" WC="1.00" CC="9000000006000779"/>
						<SP ID="P3_SP00261" HPOS="637" VPOS="2671" WIDTH="22"/>
						<String ID="P3_ST00307" HPOS="659" VPOS="2637" WIDTH="145" HEIGHT="29" CONTENT="bekannt." WC="0.99" CC="00063601"/>
						<SP ID="P3_SP00262" HPOS="804" VPOS="2671" WIDTH="33"/>
						<String ID="P3_ST00308" HPOS="837" VPOS="2637" WIDTH="40" HEIGHT="28" CONTENT="Es" WC="0.69" CC="60"/>
						<SP ID="P3_SP00263" HPOS="877" VPOS="2671" WIDTH="24"/>
						<String ID="P3_ST00309" HPOS="901" VPOS="2636" WIDTH="123" HEIGHT="29" CONTENT="handelt" WC="0.99" CC="6340040"/>
					</TextLine>
					<TextLine ID="P3_TL00047" HPOS="125" VPOS="2687" WIDTH="899" HEIGHT="35">
						<String ID="P3_ST00310" HPOS="125" VPOS="2690" WIDTH="64" HEIGHT="29" CONTENT="sich" WC="0.96" CC="0665"/>
						<SP ID="P3_SP00264" HPOS="189" VPOS="2719" WIDTH="32"/>
						<String ID="P3_ST00311" HPOS="221" VPOS="2690" WIDTH="116" HEIGHT="28" CONTENT="wieder" WC="1.00" CC="060000"/>
						<SP ID="P3_SP00265" HPOS="337" VPOS="2719" WIDTH="36"/>
						<String ID="P3_ST00312" HPOS="373" VPOS="2698" WIDTH="50" HEIGHT="21" CONTENT="um" WC="0.55" CC="71"/>
						<SP ID="P3_SP00266" HPOS="423" VPOS="2719" WIDTH="36"/>
						<String ID="P3_ST00313" HPOS="459" VPOS="2690" WIDTH="57" HEIGHT="28" CONTENT="den" WC="0.99" CC="003"/>
						<SP ID="P3_SP00267" HPOS="516" VPOS="2719" WIDTH="35"/>
						<String ID="P3_ST00314" HPOS="551" VPOS="2688" WIDTH="254" HEIGHT="34" CONTENT="unberechtigten" WC="1.00" CC="06002000059004"/>
						<SP ID="P3_SP00268" HPOS="805" VPOS="2722" WIDTH="35"/>
						<String ID="P3_ST00315" HPOS="840" VPOS="2687" WIDTH="184" HEIGHT="30" CONTENT="Nachdruck" WC="1.00" CC="000000700"/>
					</TextLine>
					<TextLine ID="P3_TL00048" HPOS="127" VPOS="2740" WIDTH="897" HEIGHT="35">
						<String ID="P3_ST00316" HPOS="127" VPOS="2743" WIDTH="83" HEIGHT="27" CONTENT="eines" WC="0.96" CC="75850"/>
						<SP ID="P3_SP00269" HPOS="210" VPOS="2770" WIDTH="29"/>
						<String ID="P3_ST00317" HPOS="239" VPOS="2741" WIDTH="166" HEIGHT="29" CONTENT="Gedichtes" WC="0.99" CC="605200000"/>
						<SP ID="P3_SP00270" HPOS="405" VPOS="2770" WIDTH="30"/>
						<String ID="P3_ST00318" HPOS="435" VPOS="2749" WIDTH="62" HEIGHT="21" CONTENT="von" WC="0.96" CC="046"/>
						<SP ID="P3_SP00271" HPOS="497" VPOS="2770" WIDTH="28"/>
						<String ID="P3_ST00319" HPOS="525" VPOS="2742" WIDTH="118" HEIGHT="33" CONTENT="August" WC="0.98" CC="370600"/>
						<SP ID="P3_SP00272" HPOS="643" VPOS="2775" WIDTH="28"/>
						<String ID="P3_ST00320" HPOS="671" VPOS="2740" WIDTH="145" HEIGHT="33" CONTENT="Stramm," WC="1.00" CC="0000040"/>
						<SP ID="P3_SP00273" HPOS="816" VPOS="2775" WIDTH="28"/>
						<String ID="P3_ST00321" HPOS="844" VPOS="2740" WIDTH="94" HEIGHT="34" CONTENT="„über" WC="0.99" CC="40000"/>
						<SP ID="P3_SP00274" HPOS="938" VPOS="2775" WIDTH="30"/>
						<String ID="P3_ST00322" HPOS="968" VPOS="2740" WIDTH="56" HEIGHT="27" CONTENT="das" WC="0.95" CC="750"/>
					</TextLine>
					<TextLine ID="P3_TL00049" HPOS="124" VPOS="2791" WIDTH="899" HEIGHT="36">
						<String ID="P3_ST00323" HPOS="124" VPOS="2793" WIDTH="58" HEIGHT="28" CONTENT="wir" WC="0.93" CC="961"/>
						<SP ID="P3_SP00275" HPOS="182" VPOS="2821" WIDTH="27"/>
						<String ID="P3_ST00324" HPOS="209" VPOS="2794" WIDTH="40" HEIGHT="27" CONTENT="im" WC="1.00" CC="00"/>
						<SP ID="P3_SP00276" HPOS="249" VPOS="2821" WIDTH="31"/>
						<String ID="P3_ST00325" HPOS="280" VPOS="2792" WIDTH="150" HEIGHT="35" CONTENT="Einklang" WC="0.97" CC="54686969"/>
						<SP ID="P3_SP00277" HPOS="430" VPOS="2827" WIDTH="29"/>
						<String ID="P3_ST00326" HPOS="459" VPOS="2801" WIDTH="35" HEIGHT="21" CONTENT="so" WC="0.53" CC="36"/>
						<SP ID="P3_SP00278" HPOS="494" VPOS="2827" WIDTH="31"/>
						<String ID="P3_ST00327" HPOS="525" VPOS="2792" WIDTH="138" HEIGHT="30" CONTENT="ziemlich" WC="0.99" CC="02004410"/>
						<SP ID="P3_SP00279" HPOS="663" VPOS="2827" WIDTH="32"/>
						<String ID="P3_ST00328" HPOS="695" VPOS="2792" WIDTH="54" HEIGHT="28" CONTENT="mit" WC="0.98" CC="040"/>
						<SP ID="P3_SP00280" HPOS="749" VPOS="2827" WIDTH="31"/>
						<String ID="P3_ST00329" HPOS="780" VPOS="2791" WIDTH="54" HEIGHT="29" CONTENT="der" WC="0.98" CC="005"/>
						<SP ID="P3_SP00281" HPOS="834" VPOS="2827" WIDTH="30"/>
						<String ID="P3_ST00330" HPOS="864" VPOS="2792" WIDTH="159" HEIGHT="33" CONTENT="gesamten" WC="0.99" CC="00060008"/>
					</TextLine>
					<TextLine ID="P3_TL00050" HPOS="127" VPOS="2841" WIDTH="897" HEIGHT="36">
						<String ID="P3_ST00331" HPOS="127" VPOS="2844" WIDTH="177" HEIGHT="33" CONTENT="deutschen," WC="0.99" CC="0170007061"/>
						<SP ID="P3_SP00282" HPOS="304" VPOS="2877" WIDTH="25"/>
						<String ID="P3_ST00332" HPOS="329" VPOS="2846" WIDTH="139" HEIGHT="31" CONTENT="weniger" WC="0.99" CC="0053002"/>
						<SP ID="P3_SP00283" HPOS="468" VPOS="2877" WIDTH="25"/>
						<String ID="P3_ST00333" HPOS="493" VPOS="2843" WIDTH="163" HEIGHT="29" CONTENT="stürmisch" WC="1.00" CC="000002050"/>
						<SP ID="P3_SP00284" HPOS="656" VPOS="2877" WIDTH="26"/>
						<String ID="P3_ST00334" HPOS="682" VPOS="2843" WIDTH="201" HEIGHT="33" CONTENT="veranlagten" WC="0.99" CC="00057059001"/>
						<SP ID="P3_SP00285" HPOS="883" VPOS="2877" WIDTH="27"/>
						<String ID="P3_ST00335" HPOS="910" VPOS="2841" WIDTH="114" HEIGHT="30" CONTENT="Presse" WC="0.98" CC="109740"/>
					</TextLine>
					<TextLine ID="P3_TL00051" HPOS="125" VPOS="2893" WIDTH="899" HEIGHT="37">
						<String ID="P3_ST00336" HPOS="125" VPOS="2895" WIDTH="91" HEIGHT="35" CONTENT="lustig" WC="0.97" CC="676019"/>
						<SP ID="P3_SP00286" HPOS="216" VPOS="2930" WIDTH="27"/>
						<String ID="P3_ST00337" HPOS="243" VPOS="2904" WIDTH="37" HEIGHT="20" CONTENT="zu" WC="0.61" CC="07"/>
						<SP ID="P3_SP00287" HPOS="280" VPOS="2930" WIDTH="26"/>
						<String ID="P3_ST00338" HPOS="306" VPOS="2895" WIDTH="130" HEIGHT="29" CONTENT="machen" WC="0.98" CC="054006"/>
						<SP ID="P3_SP00288" HPOS="436" VPOS="2930" WIDTH="27"/>
						<String ID="P3_ST00339" HPOS="463" VPOS="2904" WIDTH="55" HEIGHT="20" CONTENT="uns" WC="0.94" CC="627"/>
						<SP ID="P3_SP00289" HPOS="518" VPOS="2930" WIDTH="28"/>
						<String ID="P3_ST00340" HPOS="546" VPOS="2895" WIDTH="188" HEIGHT="28" CONTENT='erlaubten."' WC="0.99" CC="10165000234"/>
						<SP ID="P3_SP00290" HPOS="734" VPOS="2930" WIDTH="38"/>
						<String ID="P3_ST00341" HPOS="772" VPOS="2893" WIDTH="55" HEIGHT="29" CONTENT="Die" WC="0.97" CC="440"/>
						<SP ID="P3_SP00291" HPOS="827" VPOS="2930" WIDTH="27"/>
						<String ID="P3_ST00342" HPOS="854" VPOS="2893" WIDTH="170" HEIGHT="33" CONTENT="Erlaubnis," WC="0.99" CC="1442605400"/>
					</TextLine>
					<TextLine ID="P3_TL00052" HPOS="128" VPOS="2945" WIDTH="896" HEIGHT="34">
						<String ID="P3_ST00343" HPOS="128" VPOS="2947" WIDTH="46" HEIGHT="29" CONTENT="die" WC="0.96" CC="640"/>
						<SP ID="P3_SP00292" HPOS="174" VPOS="2976" WIDTH="28"/>
						<String ID="P3_ST00344" HPOS="202" VPOS="2955" WIDTH="69" HEIGHT="20" CONTENT="man" WC="1.00" CC="000"/>
						<SP ID="P3_SP00293" HPOS="271" VPOS="2976" WIDTH="29"/>
						<String ID="P3_ST00345" HPOS="300" VPOS="2948" WIDTH="86" HEIGHT="27" CONTENT="sonst" WC="0.99" CC="04500"/>
						<SP ID="P3_SP00294" HPOS="386" VPOS="2976" WIDTH="28"/>
						<String ID="P3_ST00346" HPOS="414" VPOS="2946" WIDTH="118" HEIGHT="29" CONTENT="Verbot" WC="0.99" CC="003040"/>
						<SP ID="P3_SP00295" HPOS="532" VPOS="2976" WIDTH="26"/>
						<String ID="P3_ST00347" HPOS="558" VPOS="2948" WIDTH="102" HEIGHT="31" CONTENT="nennt," WC="0.98" CC="607700"/>
						<SP ID="P3_SP00296" HPOS="660" VPOS="2979" WIDTH="37"/>
						<String ID="P3_ST00348" HPOS="697" VPOS="2947" WIDTH="39" HEIGHT="26" CONTENT="ist" WC="0.98" CC="400"/>
						<SP ID="P3_SP00297" HPOS="736" VPOS="2979" WIDTH="36"/>
						<String ID="P3_ST00349" HPOS="772" VPOS="2945" WIDTH="54" HEIGHT="28" CONTENT="der" WC="0.98" CC="006"/>
						<SP ID="P3_SP00298" HPOS="826" VPOS="2979" WIDTH="38"/>
						<String ID="P3_ST00350" HPOS="864" VPOS="2946" WIDTH="160" HEIGHT="32" CONTENT="gesamten" WC="1.00" CC="00040203"/>
					</TextLine>
					<TextLine ID="P3_TL00053" HPOS="128" VPOS="2996" WIDTH="896" HEIGHT="34">
						<String ID="P3_ST00351" HPOS="128" VPOS="2997" WIDTH="167" HEIGHT="30" CONTENT="deutschen" WC="1.00" CC="003011006"/>
						<SP ID="P3_SP00299" HPOS="295" VPOS="3027" WIDTH="28"/>
						<String ID="P3_ST00352" HPOS="323" VPOS="2999" WIDTH="138" HEIGHT="31" CONTENT="weniger" WC="0.99" CC="0043900"/>
						<SP ID="P3_SP00300" HPOS="461" VPOS="3030" WIDTH="29"/>
						<String ID="P3_ST00353" HPOS="490" VPOS="2997" WIDTH="164" HEIGHT="29" CONTENT="stürmisch" WC="1.00" CC="000005000"/>
						<SP ID="P3_SP00301" HPOS="654" VPOS="3030" WIDTH="28"/>
						<String ID="P3_ST00354" HPOS="682" VPOS="2996" WIDTH="201" HEIGHT="33" CONTENT="veranlagten" WC="0.99" CC="07035509006"/>
						<SP ID="P3_SP00302" HPOS="883" VPOS="3030" WIDTH="27"/>
						<String ID="P3_ST00355" HPOS="910" VPOS="2996" WIDTH="114" HEIGHT="28" CONTENT="Presse" WC="1.00" CC="000000"/>
					</TextLine>
					<TextLine ID="P3_TL00054" HPOS="128" VPOS="3046" WIDTH="896" HEIGHT="34">
						<String ID="P3_ST00356" HPOS="128" VPOS="3048" WIDTH="136" HEIGHT="30" CONTENT="schlecht" WC="0.98" CC="07750360"/>
						<SP ID="P3_SP00303" HPOS="264" VPOS="3078" WIDTH="27"/>
						<String ID="P3_ST00357" HPOS="291" VPOS="3048" WIDTH="193" HEIGHT="30" CONTENT="bekommen." WC="0.99" CC="000400074"/>
						<SP ID="P3_SP00304" HPOS="484" VPOS="3078" WIDTH="46"/>
						<String ID="P3_ST00358" HPOS="530" VPOS="3047" WIDTH="91" HEIGHT="30" CONTENT="Zwar" WC="1.00" CC="0000"/>
						<SP ID="P3_SP00305" HPOS="621" VPOS="3078" WIDTH="29"/>
						<String ID="P3_ST00359" HPOS="650" VPOS="3048" WIDTH="79" HEIGHT="28" CONTENT="kann" WC="0.95" CC="5575"/>
						<SP ID="P3_SP00306" HPOS="729" VPOS="3078" WIDTH="28"/>
						<String ID="P3_ST00360" HPOS="757" VPOS="3046" WIDTH="172" HEIGHT="34" CONTENT="unmöglich" WC="0.99" CC="700005230"/>
						<SP ID="P3_SP00307" HPOS="929" VPOS="3080" WIDTH="28"/>
						<String ID="P3_ST00361" HPOS="957" VPOS="3046" WIDTH="67" HEIGHT="32" CONTENT="jede" WC="0.98" CC="8000"/>
					</TextLine>
					<TextLine ID="P3_TL00055" HPOS="127" VPOS="3097" WIDTH="899" HEIGHT="34">
						<String ID="P3_ST00362" HPOS="127" VPOS="3100" WIDTH="111" HEIGHT="28" CONTENT="Aktion" WC="0.97" CC="644708"/>
						<SP ID="P3_SP00308" HPOS="238" VPOS="3128" WIDTH="35"/>
						<String ID="P3_ST00363" HPOS="273" VPOS="3100" WIDTH="66" HEIGHT="28" CONTENT="eine" WC="0.99" CC="0030"/>
						<SP ID="P3_SP00309" HPOS="339" VPOS="3128" WIDTH="31"/>
						<String ID="P3_ST00364" HPOS="370" VPOS="3099" WIDTH="152" HEIGHT="31" CONTENT="Reaktion" WC="0.99" CC="70000005"/>
						<SP ID="P3_SP00310" HPOS="522" VPOS="3130" WIDTH="35"/>
						<String ID="P3_ST00365" HPOS="557" VPOS="3107" WIDTH="164" HEIGHT="24" CONTENT="erzeugen," WC="1.00" CC="000040061"/>
						<SP ID="P3_SP00311" HPOS="721" VPOS="3131" WIDTH="35"/>
						<String ID="P3_ST00366" HPOS="756" VPOS="3097" WIDTH="77" HEIGHT="29" CONTENT="auch" WC="0.96" CC="6306"/>
						<SP ID="P3_SP00312" HPOS="833" VPOS="3131" WIDTH="35"/>
						<String ID="P3_ST00367" HPOS="868" VPOS="3106" WIDTH="92" HEIGHT="20" CONTENT="wenn" WC="0.97" CC="0056"/>
						<SP ID="P3_SP00313" HPOS="960" VPOS="3131" WIDTH="33"/>
						<String ID="P3_ST00368" HPOS="993" VPOS="3105" WIDTH="33" HEIGHT="20" CONTENT="es" WC="1.00" CC="00"/>
					</TextLine>
					<TextLine ID="P3_TL00056" HPOS="128" VPOS="3149" WIDTH="896" HEIGHT="33">
						<String ID="P3_ST00369" HPOS="128" VPOS="3151" WIDTH="77" HEIGHT="29" CONTENT="noch" WC="0.97" CC="8303"/>
						<SP ID="P3_SP00314" HPOS="205" VPOS="3180" WIDTH="27"/>
						<String ID="P3_ST00370" HPOS="232" VPOS="3158" WIDTH="34" HEIGHT="20" CONTENT="so" WC="0.68" CC="06"/>
						<SP ID="P3_SP00315" HPOS="266" VPOS="3180" WIDTH="26"/>
						<String ID="P3_ST00371" HPOS="292" VPOS="3150" WIDTH="70" HEIGHT="28" CONTENT="sehr" WC="0.96" CC="0909"/>
						<SP ID="P3_SP00316" HPOS="362" VPOS="3180" WIDTH="25"/>
						<String ID="P3_ST00372" HPOS="387" VPOS="3151" WIDTH="183" HEIGHT="31" CONTENT="gewünscht" WC="0.99" CC="900060000"/>
						<SP ID="P3_SP00317" HPOS="570" VPOS="3182" WIDTH="22"/>
						<String ID="P3_ST00373" HPOS="592" VPOS="3151" WIDTH="87" HEIGHT="27" CONTENT="wird." WC="0.98" CC="03304"/>
						<SP ID="P3_SP00318" HPOS="679" VPOS="3182" WIDTH="32"/>
						<String ID="P3_ST00374" HPOS="711" VPOS="3150" WIDTH="68" HEIGHT="29" CONTENT="Und" WC="0.97" CC="240"/>
						<SP ID="P3_SP00319" HPOS="779" VPOS="3182" WIDTH="25"/>
						<String ID="P3_ST00375" HPOS="804" VPOS="3149" WIDTH="143" HEIGHT="30" CONTENT="Verluste" WC="0.99" CC="00456040"/>
						<SP ID="P3_SP00320" HPOS="947" VPOS="3182" WIDTH="25"/>
						<String ID="P3_ST00376" HPOS="972" VPOS="3157" WIDTH="35" HEIGHT="24" CONTENT="ge" SUBS_TYPE="HypPart1" SUBS_CONTENT="geschehen" WC="1.00" CC="00"/>
						<HYP HPOS="1007" VPOS="3157" WIDTH="17" CONTENT="-"/>
					</TextLine>
					<TextLine ID="P3_TL00057" HPOS="128" VPOS="3200" WIDTH="896" HEIGHT="34">
						<String ID="P3_ST00377" HPOS="128" VPOS="3201" WIDTH="134" HEIGHT="30" CONTENT="schehen" SUBS_TYPE="HypPart2" SUBS_CONTENT="geschehen" WC="0.99" CC="0070406"/>
						<SP ID="P3_SP00321" HPOS="262" VPOS="3231" WIDTH="30"/>
						<String ID="P3_ST00378" HPOS="292" VPOS="3201" WIDTH="94" HEIGHT="28" CONTENT="durch" WC="0.98" CC="38140"/>
						<SP ID="P3_SP00322" HPOS="386" VPOS="3231" WIDTH="30"/>
						<String ID="P3_ST00379" HPOS="416" VPOS="3201" WIDTH="59" HEIGHT="28" CONTENT="den" WC="0.98" CC="006"/>
						<SP ID="P3_SP00323" HPOS="475" VPOS="3231" WIDTH="29"/>
						<String ID="P3_ST00380" HPOS="504" VPOS="3200" WIDTH="105" HEIGHT="29" CONTENT="Sturm" WC="0.98" CC="00740"/>
						<SP ID="P3_SP00324" HPOS="609" VPOS="3231" WIDTH="30"/>
						<String ID="P3_ST00381" HPOS="639" VPOS="3202" WIDTH="59" HEIGHT="27" CONTENT="und" WC="0.95" CC="760"/>
						<SP ID="P3_SP00325" HPOS="698" VPOS="3231" WIDTH="29"/>
						<String ID="P3_ST00382" HPOS="727" VPOS="3201" WIDTH="82" HEIGHT="28" CONTENT="nicht" WC="0.98" CC="74300"/>
						<SP ID="P3_SP00326" HPOS="809" VPOS="3231" WIDTH="29"/>
						<String ID="P3_ST00383" HPOS="838" VPOS="3208" WIDTH="99" HEIGHT="26" CONTENT="gegen" WC="0.96" CC="90906"/>
						<SP ID="P3_SP00327" HPOS="937" VPOS="3234" WIDTH="29"/>
						<String ID="P3_ST00384" HPOS="966" VPOS="3201" WIDTH="58" HEIGHT="28" CONTENT="den" WC="0.97" CC="025"/>
					</TextLine>
					<TextLine ID="P3_TL00058" HPOS="129" VPOS="3250" WIDTH="896" HEIGHT="32">
						<String ID="P3_ST00385" HPOS="129" VPOS="3253" WIDTH="111" HEIGHT="29" CONTENT="Sturm." WC="0.98" CC="328404"/>
						<SP ID="P3_SP00328" HPOS="240" VPOS="3282" WIDTH="33"/>
						<String ID="P3_ST00386" HPOS="273" VPOS="3253" WIDTH="92" HEIGHT="28" CONTENT="Jeder" WC="1.00" CC="00000"/>
						<SP ID="P3_SP00329" HPOS="365" VPOS="3282" WIDTH="19"/>
						<String ID="P3_ST00387" HPOS="384" VPOS="3252" WIDTH="124" HEIGHT="29" CONTENT="Verlust" WC="0.99" CC="0006700"/>
						<SP ID="P3_SP00330" HPOS="508" VPOS="3282" WIDTH="22"/>
						<String ID="P3_ST00388" HPOS="530" VPOS="3250" WIDTH="54" HEIGHT="29" CONTENT="des" WC="1.00" CC="000"/>
						<SP ID="P3_SP00331" HPOS="584" VPOS="3282" WIDTH="21"/>
						<String ID="P3_ST00389" HPOS="605" VPOS="3251" WIDTH="120" HEIGHT="30" CONTENT="Sturms" WC="1.00" CC="003000"/>
						<SP ID="P3_SP00332" HPOS="725" VPOS="3282" WIDTH="22"/>
						<String ID="P3_ST00390" HPOS="747" VPOS="3253" WIDTH="37" HEIGHT="26" CONTENT="ist" WC="0.98" CC="500"/>
						<SP ID="P3_SP00333" HPOS="784" VPOS="3282" WIDTH="20"/>
						<String ID="P3_ST00391" HPOS="804" VPOS="3252" WIDTH="75" HEIGHT="28" CONTENT="aber" WC="0.97" CC="9003"/>
						<SP ID="P3_SP00334" HPOS="879" VPOS="3282" WIDTH="20"/>
						<String ID="P3_ST00392" HPOS="899" VPOS="3252" WIDTH="46" HEIGHT="28" CONTENT="ein" WC="0.97" CC="035"/>
						<SP ID="P3_SP00335" HPOS="945" VPOS="3282" WIDTH="20"/>
						<String ID="P3_ST00393" HPOS="965" VPOS="3250" WIDTH="40" HEIGHT="29" CONTENT="Ge" SUBS_TYPE="HypPart1" SUBS_CONTENT="Gewinn." WC="0.97" CC="50"/>
						<HYP HPOS="1005" VPOS="3250" WIDTH="20" CONTENT="-"/>
					</TextLine>
					<TextLine ID="P3_TL00059" HPOS="129" VPOS="3302" WIDTH="896" HEIGHT="32">
						<String ID="P3_ST00394" HPOS="129" VPOS="3304" WIDTH="90" HEIGHT="28" CONTENT="winn." SUBS_TYPE="HypPart2" SUBS_CONTENT="Gewinn." WC="0.97" CC="07654"/>
						<SP ID="P3_SP00336" HPOS="219" VPOS="3332" WIDTH="23"/>
						<String ID="P3_ST00395" HPOS="242" VPOS="3304" WIDTH="87" HEIGHT="28" CONTENT="Denn" WC="0.97" CC="0076"/>
						<SP ID="P3_SP00337" HPOS="329" VPOS="3332" WIDTH="19"/>
						<String ID="P3_ST00396" HPOS="348" VPOS="3312" WIDTH="68" HEIGHT="20" CONTENT="was" WC="1.00" CC="010"/>
						<SP ID="P3_SP00338" HPOS="416" VPOS="3332" WIDTH="21"/>
						<String ID="P3_ST00397" HPOS="437" VPOS="3303" WIDTH="80" HEIGHT="30" CONTENT="nicht" WC="0.98" CC="71400"/>
						<SP ID="P3_SP00339" HPOS="517" VPOS="3333" WIDTH="21"/>
						<String ID="P3_ST00398" HPOS="538" VPOS="3304" WIDTH="53" HEIGHT="27" CONTENT="mit" WC="0.98" CC="050"/>
						<SP ID="P3_SP00340" HPOS="591" VPOS="3333" WIDTH="22"/>
						<String ID="P3_ST00399" HPOS="613" VPOS="3304" WIDTH="69" HEIGHT="28" CONTENT="dem" WC="1.00" CC="000"/>
						<SP ID="P3_SP00341" HPOS="682" VPOS="3333" WIDTH="21"/>
						<String ID="P3_ST00400" HPOS="703" VPOS="3302" WIDTH="104" HEIGHT="29" CONTENT="Sturm" WC="0.99" CC="00640"/>
						<SP ID="P3_SP00342" HPOS="807" VPOS="3333" WIDTH="21"/>
						<String ID="P3_ST00401" HPOS="828" VPOS="3302" WIDTH="87" HEIGHT="29" CONTENT="leben" WC="0.99" CC="00006"/>
						<SP ID="P3_SP00343" HPOS="915" VPOS="3333" WIDTH="21"/>
						<String ID="P3_ST00402" HPOS="936" VPOS="3302" WIDTH="89" HEIGHT="32" CONTENT="kann," WC="0.98" CC="05112"/>
					</TextLine>
					<TextLine ID="P3_TL00060" HPOS="130" VPOS="3351" WIDTH="896" HEIGHT="37">
						<String ID="P3_ST00403" HPOS="130" VPOS="3355" WIDTH="70" HEIGHT="28" CONTENT="muf" WC="0.26" CC="758"/>
						<SP ID="P3_SP00344" HPOS="200" VPOS="3383" WIDTH="28"/>
						<String ID="P3_ST00404" HPOS="228" VPOS="3354" WIDTH="197" HEIGHT="34" CONTENT="untergehen." WC="0.99" CC="87000000054"/>
						<SP ID="P3_SP00345" HPOS="425" VPOS="3388" WIDTH="37"/>
						<String ID="P3_ST00405" HPOS="462" VPOS="3353" WIDTH="55" HEIGHT="29" CONTENT="Die" WC="0.98" CC="120"/>
						<SP ID="P3_SP00346" HPOS="517" VPOS="3388" WIDTH="27"/>
						<String ID="P3_ST00406" HPOS="544" VPOS="3353" WIDTH="169" HEIGHT="29" CONTENT="Aktionäre" WC="1.00" CC="006003000"/>
						<SP ID="P3_SP00347" HPOS="713" VPOS="3388" WIDTH="28"/>
						<String ID="P3_ST00407" HPOS="741" VPOS="3353" WIDTH="52" HEIGHT="29" CONTENT="der" WC="0.99" CC="002"/>
						<SP ID="P3_SP00348" HPOS="793" VPOS="3388" WIDTH="29"/>
						<String ID="P3_ST00408" HPOS="822" VPOS="3352" WIDTH="115" HEIGHT="30" CONTENT="Presse" WC="1.00" CC="030020"/>
						<SP ID="P3_SP00349" HPOS="937" VPOS="3388" WIDTH="28"/>
						<String ID="P3_ST00409" HPOS="965" VPOS="3351" WIDTH="61" HEIGHT="31" CONTENT="und" WC="0.94" CC="456"/>
					</TextLine>
					<TextLine ID="P3_TL00061" HPOS="131" VPOS="3403" WIDTH="900" HEIGHT="32">
						<String ID="P3_ST00410" HPOS="131" VPOS="3406" WIDTH="53" HEIGHT="28" CONTENT="der" WC="0.97" CC="062"/>
						<SP ID="P3_SP00350" HPOS="184" VPOS="3434" WIDTH="16"/>
						<String ID="P3_ST00411" HPOS="200" VPOS="3406" WIDTH="153" HEIGHT="28" CONTENT="Literatur" WC="0.99" CC="240034080"/>
						<SP ID="P3_SP00351" HPOS="353" VPOS="3434" WIDTH="19"/>
						<String ID="P3_ST00412" HPOS="372" VPOS="3405" WIDTH="132" HEIGHT="30" CONTENT="rechnen" WC="0.99" CC="2000606"/>
						<SP ID="P3_SP00352" HPOS="504" VPOS="3435" WIDTH="19"/>
						<String ID="P3_ST00413" HPOS="523" VPOS="3405" WIDTH="73" HEIGHT="29" CONTENT="aber" WC="0.98" CC="4042"/>
						<SP ID="P3_SP00353" HPOS="596" VPOS="3435" WIDTH="20"/>
						<String ID="P3_ST00414" HPOS="616" VPOS="3404" WIDTH="78" HEIGHT="30" CONTENT="noch" WC="0.99" CC="6000"/>
						<SP ID="P3_SP00354" HPOS="694" VPOS="3435" WIDTH="20"/>
						<String ID="P3_ST00415" HPOS="714" VPOS="3412" WIDTH="55" HEIGHT="20" CONTENT="aus" WC="0.98" CC="500"/>
						<SP ID="P3_SP00355" HPOS="769" VPOS="3435" WIDTH="17"/>
						<String ID="P3_ST00416" HPOS="786" VPOS="3404" WIDTH="99" HEIGHT="31" CONTENT="jedem" WC="0.98" CC="60600"/>
						<SP ID="P3_SP00356" HPOS="885" VPOS="3435" WIDTH="17"/>
						<String ID="P3_ST00417" HPOS="902" VPOS="3403" WIDTH="129" HEIGHT="29" CONTENT="Verlust'" WC="0.99" CC="00047004"/>
					</TextLine>
					<TextLine ID="P3_TL00062" HPOS="130" VPOS="3453" WIDTH="896" HEIGHT="36">
						<String ID="P3_ST00418" HPOS="130" VPOS="3455" WIDTH="148" HEIGHT="34" CONTENT="mühselig" WC="0.98" CC="95020659"/>
						<SP ID="P3_SP00357" HPOS="278" VPOS="3489" WIDTH="27"/>
						<String ID="P3_ST00419" HPOS="305" VPOS="3457" WIDTH="85" HEIGHT="28" CONTENT="einen" WC="0.98" CC="03373"/>
						<SP ID="P3_SP00358" HPOS="390" VPOS="3489" WIDTH="26"/>
						<String ID="P3_ST00420" HPOS="416" VPOS="3456" WIDTH="130" HEIGHT="29" CONTENT="Gewinn" WC="0.98" CC="500406"/>
						<SP ID="P3_SP00359" HPOS="546" VPOS="3489" WIDTH="28"/>
						<String ID="P3_ST00421" HPOS="574" VPOS="3457" WIDTH="122" HEIGHT="28" CONTENT="heraus." WC="0.99" CC="0060504"/>
						<SP ID="P3_SP00360" HPOS="696" VPOS="3489" WIDTH="35"/>
						<String ID="P3_ST00422" HPOS="731" VPOS="3453" WIDTH="85" HEIGHT="29" CONTENT="Noch" WC="0.98" CC="0540"/>
						<SP ID="P3_SP00361" HPOS="816" VPOS="3489" WIDTH="26"/>
						<String ID="P3_ST00423" HPOS="842" VPOS="3454" WIDTH="49" HEIGHT="29" CONTENT="bin" WC="0.96" CC="055"/>
						<SP ID="P3_SP00362" HPOS="891" VPOS="3489" WIDTH="27"/>
						<String ID="P3_ST00424" HPOS="918" VPOS="3454" WIDTH="46" HEIGHT="29" CONTENT="ich" WC="0.98" CC="600"/>
						<SP ID="P3_SP00363" HPOS="964" VPOS="3489" WIDTH="27"/>
						<String ID="P3_ST00425" HPOS="991" VPOS="3462" WIDTH="35" HEIGHT="20" CONTENT="so" WC="1.00" CC="00"/>
					</TextLine>
					<TextLine ID="P3_TL00063" HPOS="130" VPOS="3505" WIDTH="896" HEIGHT="34">
						<String ID="P3_ST00426" HPOS="130" VPOS="3506" WIDTH="93" HEIGHT="33" CONTENT="reich," WC="0.99" CC="407002"/>
						<SP ID="P3_SP00364" HPOS="223" VPOS="3539" WIDTH="23"/>
						<String ID="P3_ST00427" HPOS="246" VPOS="3507" WIDTH="55" HEIGHT="28" CONTENT="daß" WC="1.00" CC="000"/>
						<SP ID="P3_SP00365" HPOS="301" VPOS="3539" WIDTH="24"/>
						<String ID="P3_ST00428" HPOS="325" VPOS="3507" WIDTH="47" HEIGHT="28" CONTENT="ich" WC="0.97" CC="530"/>
						<SP ID="P3_SP00366" HPOS="372" VPOS="3539" WIDTH="21"/>
						<String ID="P3_ST00429" HPOS="393" VPOS="3507" WIDTH="154" HEIGHT="28" CONTENT="verlieren" WC="0.99" CC="005500105"/>
						<SP ID="P3_SP00367" HPOS="547" VPOS="3539" WIDTH="25"/>
						<String ID="P3_ST00430" HPOS="572" VPOS="3507" WIDTH="89" HEIGHT="28" CONTENT="kann." WC="0.98" CC="01374"/>
						<SP ID="P3_SP00368" HPOS="661" VPOS="3539" WIDTH="33"/>
						<String ID="P3_ST00431" HPOS="694" VPOS="3505" WIDTH="68" HEIGHT="29" CONTENT="Und" WC="0.98" CC="320"/>
						<SP ID="P3_SP00369" HPOS="762" VPOS="3539" WIDTH="24"/>
						<String ID="P3_ST00432" HPOS="786" VPOS="3512" WIDTH="68" HEIGHT="21" CONTENT="was" WC="0.98" CC="050"/>
						<SP ID="P3_SP00370" HPOS="854" VPOS="3539" WIDTH="22"/>
						<String ID="P3_ST00433" HPOS="876" VPOS="3506" WIDTH="64" HEIGHT="28" CONTENT="sich" WC="0.98" CC="0700"/>
						<SP ID="P3_SP00371" HPOS="940" VPOS="3539" WIDTH="25"/>
						<String ID="P3_ST00434" HPOS="965" VPOS="3513" WIDTH="61" HEIGHT="20" CONTENT="von" WC="0.97" CC="032"/>
					</TextLine>
					<TextLine ID="P3_TL00064" HPOS="130" VPOS="3557" WIDTH="896" HEIGHT="34">
						<String ID="P3_ST00435" HPOS="130" VPOS="3558" WIDTH="57" HEIGHT="28" CONTENT="mir" WC="0.94" CC="970"/>
						<SP ID="P3_SP00372" HPOS="187" VPOS="3586" WIDTH="26"/>
						<String ID="P3_ST00436" HPOS="213" VPOS="3558" WIDTH="152" HEIGHT="28" CONTENT="verlieren" WC="0.99" CC="004050006"/>
						<SP ID="P3_SP00373" HPOS="365" VPOS="3586" WIDTH="28"/>
						<String ID="P3_ST00437" HPOS="393" VPOS="3558" WIDTH="89" HEIGHT="33" CONTENT="kann," WC="0.98" CC="00084"/>
						<SP ID="P3_SP00374" HPOS="482" VPOS="3591" WIDTH="27"/>
						<String ID="P3_ST00438" HPOS="509" VPOS="3558" WIDTH="51" HEIGHT="29" CONTENT="hat" WC="0.97" CC="090"/>
						<SP ID="P3_SP00375" HPOS="560" VPOS="3591" WIDTH="28"/>
						<String ID="P3_ST00439" HPOS="588" VPOS="3558" WIDTH="78" HEIGHT="29" CONTENT="mich" WC="0.99" CC="0500"/>
						<SP ID="P3_SP00376" HPOS="666" VPOS="3591" WIDTH="28"/>
						<String ID="P3_ST00440" HPOS="694" VPOS="3558" WIDTH="47" HEIGHT="28" CONTENT="nie" WC="0.95" CC="750"/>
						<SP ID="P3_SP00377" HPOS="741" VPOS="3591" WIDTH="27"/>
						<String ID="P3_ST00441" HPOS="768" VPOS="3558" WIDTH="159" HEIGHT="28" CONTENT="besessen." WC="1.00" CC="000010050"/>
						<SP ID="P3_SP00378" HPOS="927" VPOS="3591" WIDTH="37"/>
						<String ID="P3_ST00442" HPOS="964" VPOS="3557" WIDTH="62" HEIGHT="28" CONTENT="Aus" WC="0.96" CC="056"/>
					</TextLine>
					<TextLine ID="P3_TL00065" HPOS="130" VPOS="3606" WIDTH="897" HEIGHT="32">
						<String ID="P3_ST00443" HPOS="130" VPOS="3608" WIDTH="138" HEIGHT="30" CONTENT="Planken" WC="0.98" CC="0646006"/>
						<SP ID="P3_SP00379" HPOS="268" VPOS="3638" WIDTH="29"/>
						<String ID="P3_ST00444" HPOS="297" VPOS="3609" WIDTH="99" HEIGHT="29" CONTENT="bauen" WC="0.97" CC="76407"/>
						<SP ID="P3_SP00380" HPOS="396" VPOS="3638" WIDTH="28"/>
						<String ID="P3_ST00445" HPOS="424" VPOS="3609" WIDTH="63" HEIGHT="28" CONTENT="sich" WC="0.98" CC="0530"/>
						<SP ID="P3_SP00381" HPOS="487" VPOS="3638" WIDTH="29"/>
						<String ID="P3_ST00446" HPOS="516" VPOS="3609" WIDTH="47" HEIGHT="29" CONTENT="die" WC="0.98" CC="040"/>
						<SP ID="P3_SP00382" HPOS="563" VPOS="3638" WIDTH="31"/>
						<String ID="P3_ST00447" HPOS="594" VPOS="3610" WIDTH="156" HEIGHT="27" CONTENT="Literaten" WC="0.99" CC="550000006"/>
						<SP ID="P3_SP00383" HPOS="750" VPOS="3638" WIDTH="30"/>
						<String ID="P3_ST00448" HPOS="780" VPOS="3608" WIDTH="44" HEIGHT="29" CONTENT="ihr" WC="0.98" CC="005"/>
						<SP ID="P3_SP00384" HPOS="824" VPOS="3638" WIDTH="28"/>
						<String ID="P3_ST00449" HPOS="852" VPOS="3606" WIDTH="175" HEIGHT="30" CONTENT="Schiffchen" WC="0.99" CC="0104600007"/>
					</TextLine>
					<TextLine ID="P3_TL00066" HPOS="132" VPOS="3657" WIDTH="894" HEIGHT="34">
						<String ID="P3_ST00450" HPOS="132" VPOS="3667" WIDTH="188" HEIGHT="24" CONTENT="zusammen," WC="1.00" CC="060000050"/>
						<SP ID="P3_SP00385" HPOS="320" VPOS="3691" WIDTH="19"/>
						<String ID="P3_ST00451" HPOS="339" VPOS="3659" WIDTH="56" HEIGHT="29" CONTENT="daß" WC="0.99" CC="010"/>
						<SP ID="P3_SP00386" HPOS="395" VPOS="3691" WIDTH="19"/>
						<String ID="P3_ST00452" HPOS="414" VPOS="3667" WIDTH="32" HEIGHT="21" CONTENT="es" WC="1.00" CC="00"/>
						<SP ID="P3_SP00387" HPOS="446" VPOS="3691" WIDTH="18"/>
						<String ID="P3_ST00453" HPOS="464" VPOS="3667" WIDTH="55" HEIGHT="20" CONTENT="nur" WC="0.95" CC="660"/>
						<SP ID="P3_SP00388" HPOS="519" VPOS="3691" WIDTH="17"/>
						<String ID="P3_ST00454" HPOS="536" VPOS="3660" WIDTH="66" HEIGHT="28" CONTENT="eine" WC="0.98" CC="3250"/>
						<SP ID="P3_SP00389" HPOS="602" VPOS="3691" WIDTH="15"/>
						<String ID="P3_ST00455" HPOS="617" VPOS="3660" WIDTH="129" HEIGHT="28" CONTENT="Versart" WC="1.00" CC="0010000"/>
						<SP ID="P3_SP00390" HPOS="746" VPOS="3691" WIDTH="18"/>
						<String ID="P3_ST00456" HPOS="764" VPOS="3659" WIDTH="60" HEIGHT="28" CONTENT="hat." WC="0.98" CC="0604"/>
						<SP ID="P3_SP00391" HPOS="824" VPOS="3691" WIDTH="28"/>
						<String ID="P3_ST00457" HPOS="852" VPOS="3657" WIDTH="174" HEIGHT="29" CONTENT="Schiffchen" WC="0.99" CC="0001560615"/>
					</TextLine>
					<TextLine ID="P3_TL00067" HPOS="132" VPOS="3709" WIDTH="895" HEIGHT="34">
						<String ID="P3_ST00458" HPOS="132" VPOS="3710" WIDTH="106" HEIGHT="30" CONTENT="sinken" WC="0.97" CC="077633"/>
						<SP ID="P3_SP00392" HPOS="238" VPOS="3740" WIDTH="30"/>
						<String ID="P3_ST00459" HPOS="268" VPOS="3710" WIDTH="75" HEIGHT="28" CONTENT="oder" WC="0.98" CC="0007"/>
						<SP ID="P3_SP00393" HPOS="343" VPOS="3740" WIDTH="29"/>
						<String ID="P3_ST00460" HPOS="372" VPOS="3710" WIDTH="125" HEIGHT="30" CONTENT="werden" WC="0.99" CC="000006"/>
						<SP ID="P3_SP00394" HPOS="497" VPOS="3740" WIDTH="29"/>
						<String ID="P3_ST00461" HPOS="526" VPOS="3710" WIDTH="158" HEIGHT="33" CONTENT="versenkt," WC="1.00" CC="000006000"/>
						<SP ID="P3_SP00395" HPOS="684" VPOS="3743" WIDTH="40"/>
						<String ID="P3_ST00462" HPOS="724" VPOS="3718" WIDTH="90" HEIGHT="21" CONTENT="wenn" WC="1.00" CC="0010"/>
						<SP ID="P3_SP00396" HPOS="814" VPOS="3743" WIDTH="38"/>
						<String ID="P3_ST00463" HPOS="852" VPOS="3717" WIDTH="70" HEIGHT="22" CONTENT="man" WC="0.99" CC="003"/>
						<SP ID="P3_SP00397" HPOS="922" VPOS="3743" WIDTH="39"/>
						<String ID="P3_ST00464" HPOS="961" VPOS="3709" WIDTH="66" HEIGHT="28" CONTENT="eine" WC="0.99" CC="0300"/>
					</TextLine>
					<TextLine ID="P3_TL00068" HPOS="132" VPOS="3758" WIDTH="896" HEIGHT="35">
						<String ID="P3_ST00465" HPOS="132" VPOS="3760" WIDTH="98" HEIGHT="29" CONTENT="Flette" WC="0.62" CC="668001"/>
						<SP ID="P3_SP00398" HPOS="230" VPOS="3789" WIDTH="27"/>
						<String ID="P3_ST00466" HPOS="257" VPOS="3760" WIDTH="61" HEIGHT="29" CONTENT="hat." WC="0.98" CC="0204"/>
						<SP ID="P3_SP00399" HPOS="318" VPOS="3789" WIDTH="37"/>
						<String ID="P3_ST00467" HPOS="355" VPOS="3760" WIDTH="68" HEIGHT="27" CONTENT="Und" WC="0.93" CC="818"/>
						<SP ID="P3_SP00400" HPOS="423" VPOS="3789" WIDTH="27"/>
						<String ID="P3_ST00468" HPOS="450" VPOS="3768" WIDTH="66" HEIGHT="21" CONTENT="was" WC="0.98" CC="050"/>
						<SP ID="P3_SP00401" HPOS="516" VPOS="3789" WIDTH="27"/>
						<String ID="P3_ST00469" HPOS="543" VPOS="3761" WIDTH="81" HEIGHT="28" CONTENT="nicht" WC="0.98" CC="52300"/>
						<SP ID="P3_SP00402" HPOS="624" VPOS="3789" WIDTH="29"/>
						<String ID="P3_ST00470" HPOS="653" VPOS="3760" WIDTH="192" HEIGHT="29" CONTENT="versenkbar" WC="0.99" CC="0009070090"/>
						<SP ID="P3_SP00403" HPOS="845" VPOS="3789" WIDTH="27"/>
						<String ID="P3_ST00471" HPOS="872" VPOS="3761" WIDTH="49" HEIGHT="32" CONTENT="ist," WC="0.99" CC="2000"/>
						<SP ID="P3_SP00404" HPOS="921" VPOS="3793" WIDTH="27"/>
						<String ID="P3_ST00472" HPOS="948" VPOS="3758" WIDTH="80" HEIGHT="29" CONTENT="habe" WC="1.00" CC="0000"/>
					</TextLine>
					<TextLine ID="P3_TL00069" HPOS="132" VPOS="3809" WIDTH="896" HEIGHT="35">
						<String ID="P3_ST00473" HPOS="132" VPOS="3812" WIDTH="48" HEIGHT="28" CONTENT="ich" WC="0.93" CC="566"/>
						<SP ID="P3_SP00405" HPOS="180" VPOS="3840" WIDTH="18"/>
						<String ID="P3_ST00474" HPOS="198" VPOS="3812" WIDTH="96" HEIGHT="28" CONTENT="selbst" WC="1.00" CC="005000"/>
						<SP ID="P3_SP00406" HPOS="294" VPOS="3840" WIDTH="17"/>
						<String ID="P3_ST00475" HPOS="311" VPOS="3812" WIDTH="141" HEIGHT="32" CONTENT="gerettet," WC="1.00" CC="900000000"/>
						<SP ID="P3_SP00407" HPOS="452" VPOS="3844" WIDTH="19"/>
						<String ID="P3_ST00476" HPOS="471" VPOS="3812" WIDTH="98" HEIGHT="28" CONTENT="bevor" WC="0.99" CC="00040"/>
						<SP ID="P3_SP00408" HPOS="569" VPOS="3844" WIDTH="22"/>
						<String ID="P3_ST00477" HPOS="591" VPOS="3811" WIDTH="47" HEIGHT="29" CONTENT="die" WC="0.99" CC="030"/>
						<SP ID="P3_SP00409" HPOS="638" VPOS="3844" WIDTH="21"/>
						<String ID="P3_ST00478" HPOS="659" VPOS="3812" WIDTH="115" HEIGHT="29" CONTENT="andern" WC="0.98" CC="380005"/>
						<SP ID="P3_SP00410" HPOS="774" VPOS="3844" WIDTH="23"/>
						<String ID="P3_ST00479" HPOS="797" VPOS="3819" WIDTH="32" HEIGHT="21" CONTENT="es" WC="1.00" CC="00"/>
						<SP ID="P3_SP00411" HPOS="829" VPOS="3844" WIDTH="20"/>
						<String ID="P3_ST00480" HPOS="849" VPOS="3819" WIDTH="55" HEIGHT="21" CONTENT="nur" WC="0.93" CC="574"/>
						<SP ID="P3_SP00412" HPOS="904" VPOS="3844" WIDTH="20"/>
						<String ID="P3_ST00481" HPOS="924" VPOS="3809" WIDTH="104" HEIGHT="29" CONTENT="finden" WC="0.97" CC="616706"/>
					</TextLine>
					<TextLine ID="P3_TL00070" HPOS="134" VPOS="3860" WIDTH="894" HEIGHT="35">
						<String ID="P3_ST00482" HPOS="134" VPOS="3862" WIDTH="142" HEIGHT="29" CONTENT="konnten." WC="0.99" CC="34720052"/>
						<SP ID="P3_SP00413" HPOS="276" VPOS="3891" WIDTH="37"/>
						<String ID="P3_ST00483" HPOS="313" VPOS="3862" WIDTH="46" HEIGHT="28" CONTENT="Da" WC="1.00" CC="00"/>
						<SP ID="P3_SP00414" HPOS="359" VPOS="3891" WIDTH="27"/>
						<String ID="P3_ST00484" HPOS="386" VPOS="3860" WIDTH="125" HEIGHT="33" CONTENT="lungern" WC="0.99" CC="1550034"/>
						<SP ID="P3_SP00415" HPOS="511" VPOS="3893" WIDTH="29"/>
						<String ID="P3_ST00485" HPOS="540" VPOS="3862" WIDTH="43" HEIGHT="28" CONTENT="sie" WC="0.98" CC="130"/>
						<SP ID="P3_SP00416" HPOS="583" VPOS="3893" WIDTH="28"/>
						<String ID="P3_ST00486" HPOS="611" VPOS="3871" WIDTH="49" HEIGHT="20" CONTENT="am" WC="0.91" CC="10"/>
						<SP ID="P3_SP00417" HPOS="660" VPOS="3893" WIDTH="27"/>
						<String ID="P3_ST00487" HPOS="687" VPOS="3861" WIDTH="83" HEIGHT="34" CONTENT="Ufer," WC="0.99" CC="05000"/>
						<SP ID="P3_SP00418" HPOS="770" VPOS="3895" WIDTH="30"/>
						<String ID="P3_ST00488" HPOS="800" VPOS="3862" WIDTH="76" HEIGHT="28" CONTENT="nach" WC="0.99" CC="6000"/>
						<SP ID="P3_SP00419" HPOS="876" VPOS="3895" WIDTH="28"/>
						<String ID="P3_ST00489" HPOS="904" VPOS="3862" WIDTH="124" HEIGHT="31" CONTENT="Resten," WC="1.00" CC="0000050"/>
					</TextLine>
					<TextLine ID="P3_TL00071" HPOS="134" VPOS="3911" WIDTH="894" HEIGHT="35">
						<String ID="P3_ST00490" HPOS="134" VPOS="3913" WIDTH="61" HEIGHT="27" CONTENT="und" WC="0.94" CC="871"/>
						<SP ID="P3_SP00420" HPOS="195" VPOS="3940" WIDTH="34"/>
						<String ID="P3_ST00491" HPOS="229" VPOS="3921" WIDTH="111" HEIGHT="25" CONTENT="wagen" WC="0.99" CC="05000"/>
						<SP ID="P3_SP00421" HPOS="340" VPOS="3946" WIDTH="37"/>
						<String ID="P3_ST00492" HPOS="377" VPOS="3911" WIDTH="63" HEIGHT="29" CONTENT="sich" WC="1.00" CC="0000"/>
						<SP ID="P3_SP00422" HPOS="440" VPOS="3946" WIDTH="38"/>
						<String ID="P3_ST00493" HPOS="478" VPOS="3912" WIDTH="80" HEIGHT="28" CONTENT="nicht" WC="0.97" CC="75600"/>
						<SP ID="P3_SP00423" HPOS="558" VPOS="3946" WIDTH="36"/>
						<String ID="P3_ST00494" HPOS="594" VPOS="3913" WIDTH="46" HEIGHT="28" CONTENT="ins" WC="0.96" CC="550"/>
						<SP ID="P3_SP00424" HPOS="640" VPOS="3946" WIDTH="33"/>
						<String ID="P3_ST00495" HPOS="673" VPOS="3912" WIDTH="88" HEIGHT="28" CONTENT="Meer" WC="1.00" CC="0000"/>
						<SP ID="P3_SP00425" HPOS="761" VPOS="3946" WIDTH="37"/>
						<String ID="P3_ST00496" HPOS="798" VPOS="3912" WIDTH="117" HEIGHT="29" CONTENT="hinaus." WC="0.99" CC="0673003"/>
						<SP ID="P3_SP00426" HPOS="915" VPOS="3946" WIDTH="44"/>
						<String ID="P3_ST00497" HPOS="959" VPOS="3911" WIDTH="69" HEIGHT="28" CONTENT="Und" WC="0.97" CC="044"/>
					</TextLine>
					<TextLine ID="P3_TL00072" HPOS="135" VPOS="3960" WIDTH="893" HEIGHT="36">
						<String ID="P3_ST00498" HPOS="135" VPOS="3962" WIDTH="169" HEIGHT="34" CONTENT="schimpfen" WC="0.99" CC="007500606"/>
						<SP ID="P3_SP00427" HPOS="304" VPOS="3996" WIDTH="30"/>
						<String ID="P3_ST00499" HPOS="334" VPOS="3964" WIDTH="51" HEIGHT="27" CONTENT="auf" WC="0.96" CC="405"/>
						<SP ID="P3_SP00428" HPOS="385" VPOS="3996" WIDTH="30"/>
						<String ID="P3_ST00500" HPOS="415" VPOS="3963" WIDTH="47" HEIGHT="27" CONTENT="die" WC="0.97" CC="260"/>
						<SP ID="P3_SP00429" HPOS="462" VPOS="3996" WIDTH="28"/>
						<String ID="P3_ST00501" HPOS="490" VPOS="3970" WIDTH="98" HEIGHT="21" CONTENT="neuen" WC="0.99" CC="70300"/>
						<SP ID="P3_SP00430" HPOS="588" VPOS="3996" WIDTH="29"/>
						<String ID="P3_ST00502" HPOS="617" VPOS="3962" WIDTH="124" HEIGHT="29" CONTENT="Schiffe." WC="0.99" CC="02066703"/>
						<SP ID="P3_SP00431" HPOS="741" VPOS="3996" WIDTH="38"/>
						<String ID="P3_ST00503" HPOS="779" VPOS="3962" WIDTH="103" HEIGHT="29" CONTENT="Meine" WC="0.98" CC="15430"/>
						<SP ID="P3_SP00432" HPOS="882" VPOS="3996" WIDTH="32"/>
						<String ID="P3_ST00504" HPOS="914" VPOS="3960" WIDTH="114" HEIGHT="31" CONTENT="Schiffe" WC="0.99" CC="0001660"/>
					</TextLine>
					<TextLine ID="P3_TL00073" HPOS="134" VPOS="4012" WIDTH="894" HEIGHT="34">
						<String ID="P3_ST00505" HPOS="134" VPOS="4012" WIDTH="106" HEIGHT="30" CONTENT="fahren" WC="0.99" CC="542000"/>
						<SP ID="P3_SP00433" HPOS="240" VPOS="4042" WIDTH="38"/>
						<String ID="P3_ST00506" HPOS="278" VPOS="4014" WIDTH="94" HEIGHT="27" CONTENT="durch" WC="0.99" CC="00043"/>
						<SP ID="P3_SP00434" HPOS="372" VPOS="4042" WIDTH="38"/>
						<String ID="P3_ST00507" HPOS="410" VPOS="4014" WIDTH="46" HEIGHT="27" CONTENT="die" WC="0.98" CC="410"/>
						<SP ID="P3_SP00435" HPOS="456" VPOS="4042" WIDTH="37"/>
						<String ID="P3_ST00508" HPOS="493" VPOS="4012" WIDTH="106" HEIGHT="29" CONTENT="Meere" WC="1.00" CC="00000"/>
						<SP ID="P3_SP00436" HPOS="599" VPOS="4042" WIDTH="38"/>
						<String ID="P3_ST00509" HPOS="637" VPOS="4014" WIDTH="59" HEIGHT="27" CONTENT="und" WC="0.97" CC="500"/>
						<SP ID="P3_SP00437" HPOS="696" VPOS="4042" WIDTH="36"/>
						<String ID="P3_ST00510" HPOS="732" VPOS="4014" WIDTH="47" HEIGHT="27" CONTENT="die" WC="0.98" CC="150"/>
						<SP ID="P3_SP00438" HPOS="779" VPOS="4042" WIDTH="38"/>
						<String ID="P3_ST00511" HPOS="817" VPOS="4012" WIDTH="211" HEIGHT="34" CONTENT="„Schlesische" WC="0.84" CC="103040000404"/>
					</TextLine>
					<TextLine ID="P3_TL00074" HPOS="135" VPOS="4062" WIDTH="892" HEIGHT="34">
						<String ID="P3_ST00512" HPOS="135" VPOS="4063" WIDTH="238" HEIGHT="33" CONTENT='Volkszeitung"' WC="0.99" CC="6779040403597"/>
						<SP ID="P3_SP00439" HPOS="373" VPOS="4096" WIDTH="43"/>
						<String ID="P3_ST00513" HPOS="416" VPOS="4065" WIDTH="71" HEIGHT="28" CONTENT="sitzt" WC="0.98" CC="06006"/>
						<SP ID="P3_SP00440" HPOS="487" VPOS="4096" WIDTH="41"/>
						<String ID="P3_ST00514" HPOS="528" VPOS="4071" WIDTH="29" HEIGHT="20" CONTENT="in" WC="0.60" CC="34"/>
						<SP ID="P3_SP00441" HPOS="557" VPOS="4096" WIDTH="41"/>
						<String ID="P3_ST00515" HPOS="598" VPOS="4063" WIDTH="138" HEIGHT="29" CONTENT="Breslau." WC="0.99" CC="53900053"/>
						<SP ID="P3_SP00442" HPOS="736" VPOS="4096" WIDTH="54"/>
						<String ID="P3_ST00516" HPOS="790" VPOS="4062" WIDTH="116" HEIGHT="33" CONTENT="Gewiß," WC="0.98" CC="007662"/>
						<SP ID="P3_SP00443" HPOS="906" VPOS="4096" WIDTH="46"/>
						<String ID="P3_ST00517" HPOS="952" VPOS="4062" WIDTH="75" HEIGHT="28" CONTENT="auch" WC="0.98" CC="0700"/>
					</TextLine>
				</TextBlock>
				<TextBlock ID="P3_TB00006" HPOS="1101" VPOS="235" WIDTH="900" HEIGHT="3858" STYLEREFS="TXT_0 PAR_BLOCK">
					<TextLine ID="P3_TL00075" HPOS="1103" VPOS="236" WIDTH="894" HEIGHT="30">
						<String ID="P3_ST00518" HPOS="1103" VPOS="236" WIDTH="127" HEIGHT="29" CONTENT="Breslau" WC="0.99" CC="3000514"/>
						<SP ID="P3_SP00444" HPOS="1230" VPOS="265" WIDTH="30"/>
						<String ID="P3_ST00519" HPOS="1260" VPOS="236" WIDTH="39" HEIGHT="28" CONTENT="ist" WC="0.99" CC="100"/>
						<SP ID="P3_SP00445" HPOS="1299" VPOS="265" WIDTH="32"/>
						<String ID="P3_ST00520" HPOS="1331" VPOS="236" WIDTH="64" HEIGHT="27" CONTENT="eine" WC="0.98" CC="0620"/>
						<SP ID="P3_SP00446" HPOS="1395" VPOS="265" WIDTH="29"/>
						<String ID="P3_ST00521" HPOS="1424" VPOS="236" WIDTH="114" HEIGHT="28" CONTENT="schöne" WC="0.99" CC="030040"/>
						<SP ID="P3_SP00447" HPOS="1538" VPOS="265" WIDTH="37"/>
						<String ID="P3_ST00522" HPOS="1575" VPOS="236" WIDTH="98" HEIGHT="29" CONTENT="Stadt." WC="0.99" CC="205004"/>
						<SP ID="P3_SP00448" HPOS="1673" VPOS="265" WIDTH="44"/>
						<String ID="P3_ST00523" HPOS="1717" VPOS="236" WIDTH="68" HEIGHT="28" CONTENT="Und" WC="0.98" CC="050"/>
						<SP ID="P3_SP00449" HPOS="1785" VPOS="265" WIDTH="39"/>
						<String ID="P3_ST00524" HPOS="1824" VPOS="236" WIDTH="173" HEIGHT="30" CONTENT="schließlich" WC="0.99" CC="06044501200"/>
					</TextLine>
					<TextLine ID="P3_TL00076" HPOS="1103" VPOS="285" WIDTH="895" HEIGHT="36">
						<String ID="P3_ST00525" HPOS="1103" VPOS="289" WIDTH="80" HEIGHT="27" CONTENT="kann" WC="0.97" CC="0166"/>
						<SP ID="P3_SP00450" HPOS="1183" VPOS="316" WIDTH="33"/>
						<String ID="P3_ST00526" HPOS="1216" VPOS="287" WIDTH="47" HEIGHT="28" CONTENT="die" WC="0.98" CC="050"/>
						<SP ID="P3_SP00451" HPOS="1263" VPOS="316" WIDTH="34"/>
						<String ID="P3_ST00527" HPOS="1297" VPOS="285" WIDTH="212" HEIGHT="34" CONTENT="„Schlesische" WC="0.86" CC="510030041000"/>
						<SP ID="P3_SP00452" HPOS="1509" VPOS="319" WIDTH="33"/>
						<String ID="P3_ST00528" HPOS="1542" VPOS="287" WIDTH="239" HEIGHT="32" CONTENT='Volkszeitung"' WC="0.99" CC="0770050326604"/>
						<SP ID="P3_SP00453" HPOS="1781" VPOS="319" WIDTH="34"/>
						<String ID="P3_ST00529" HPOS="1815" VPOS="287" WIDTH="183" HEIGHT="34" CONTENT="behaupten," WC="1.00" CC="0000700043"/>
					</TextLine>
					<TextLine ID="P3_TL00077" HPOS="1104" VPOS="335" WIDTH="893" HEIGHT="32">
						<String ID="P3_ST00530" HPOS="1104" VPOS="336" WIDTH="51" HEIGHT="29" CONTENT="auf" WC="0.92" CC="766"/>
						<SP ID="P3_SP00454" HPOS="1155" VPOS="365" WIDTH="30"/>
						<String ID="P3_ST00531" HPOS="1185" VPOS="338" WIDTH="81" HEIGHT="26" CONTENT="einer" WC="0.98" CC="04650"/>
						<SP ID="P3_SP00455" HPOS="1266" VPOS="365" WIDTH="32"/>
						<String ID="P3_ST00532" HPOS="1298" VPOS="335" WIDTH="87" HEIGHT="30" CONTENT="Stufe" WC="0.98" CC="00862"/>
						<SP ID="P3_SP00456" HPOS="1385" VPOS="365" WIDTH="32"/>
						<String ID="P3_ST00533" HPOS="1417" VPOS="337" WIDTH="52" HEIGHT="27" CONTENT="mit" WC="0.98" CC="040"/>
						<SP ID="P3_SP00457" HPOS="1469" VPOS="365" WIDTH="32"/>
						<String ID="P3_ST00534" HPOS="1501" VPOS="336" WIDTH="59" HEIGHT="28" CONTENT="den" WC="0.97" CC="105"/>
						<SP ID="P3_SP00458" HPOS="1560" VPOS="365" WIDTH="30"/>
						<String ID="P3_ST00535" HPOS="1590" VPOS="338" WIDTH="167" HEIGHT="29" CONTENT="modernen" WC="0.99" CC="05000105"/>
						<SP ID="P3_SP00459" HPOS="1757" VPOS="367" WIDTH="30"/>
						<String ID="P3_ST00536" HPOS="1787" VPOS="338" WIDTH="210" HEIGHT="29" CONTENT="literarischen" WC="1.00" CC="0000106402005"/>
					</TextLine>
					<TextLine ID="P3_TL00078" HPOS="1102" VPOS="386" WIDTH="897" HEIGHT="36">
						<String ID="P3_ST00537" HPOS="1102" VPOS="386" WIDTH="215" HEIGHT="30" CONTENT="Zeitschriften" WC="0.99" CC="0040046066007"/>
						<SP ID="P3_SP00460" HPOS="1317" VPOS="416" WIDTH="23"/>
						<String ID="P3_ST00538" HPOS="1340" VPOS="396" WIDTH="36" HEIGHT="20" CONTENT="zu" WC="0.46" CC="28"/>
						<SP ID="P3_SP00461" HPOS="1376" VPOS="416" WIDTH="23"/>
						<String ID="P3_ST00539" HPOS="1399" VPOS="386" WIDTH="117" HEIGHT="33" CONTENT="stehen," WC="0.99" CC="0005080"/>
						<SP ID="P3_SP00462" HPOS="1516" VPOS="419" WIDTH="22"/>
						<String ID="P3_ST00540" HPOS="1538" VPOS="388" WIDTH="44" HEIGHT="27" CONTENT="sie" WC="0.99" CC="011"/>
						<SP ID="P3_SP00463" HPOS="1582" VPOS="419" WIDTH="22"/>
						<String ID="P3_ST00541" HPOS="1604" VPOS="388" WIDTH="55" HEIGHT="28" CONTENT="alle" WC="0.98" CC="6300"/>
						<SP ID="P3_SP00464" HPOS="1659" VPOS="419" WIDTH="22"/>
						<String ID="P3_ST00542" HPOS="1681" VPOS="389" WIDTH="115" HEIGHT="28" CONTENT="wissen" WC="1.00" CC="012000"/>
						<SP ID="P3_SP00465" HPOS="1796" VPOS="419" WIDTH="22"/>
						<String ID="P3_ST00543" HPOS="1818" VPOS="388" WIDTH="92" HEIGHT="34" CONTENT="nicht," WC="0.99" CC="743000"/>
						<SP ID="P3_SP00466" HPOS="1910" VPOS="422" WIDTH="21"/>
						<String ID="P3_ST00544" HPOS="1931" VPOS="397" WIDTH="68" HEIGHT="20" CONTENT="was" WC="0.94" CC="860"/>
					</TextLine>
					<TextLine ID="P3_TL00079" HPOS="1103" VPOS="438" WIDTH="894" HEIGHT="31">
						<String ID="P3_ST00545" HPOS="1103" VPOS="438" WIDTH="98" HEIGHT="31" CONTENT="Kunst" WC="0.98" CC="07700"/>
						<SP ID="P3_SP00467" HPOS="1201" VPOS="469" WIDTH="27"/>
						<String ID="P3_ST00546" HPOS="1228" VPOS="440" WIDTH="47" HEIGHT="26" CONTENT="ist." WC="0.98" CC="4004"/>
						<SP ID="P3_SP00468" HPOS="1275" VPOS="469" WIDTH="38"/>
						<String ID="P3_ST00547" HPOS="1313" VPOS="438" WIDTH="175" HEIGHT="29" CONTENT="Außerdem" WC="0.98" CC="08029606"/>
						<SP ID="P3_SP00469" HPOS="1488" VPOS="469" WIDTH="28"/>
						<String ID="P3_ST00548" HPOS="1516" VPOS="439" WIDTH="81" HEIGHT="28" CONTENT="kann" WC="0.95" CC="0668"/>
						<SP ID="P3_SP00470" HPOS="1597" VPOS="469" WIDTH="29"/>
						<String ID="P3_ST00549" HPOS="1626" VPOS="439" WIDTH="73" HEIGHT="28" CONTENT="aber" WC="0.99" CC="0015"/>
						<SP ID="P3_SP00471" HPOS="1699" VPOS="469" WIDTH="30"/>
						<String ID="P3_ST00550" HPOS="1729" VPOS="439" WIDTH="46" HEIGHT="29" CONTENT="die" WC="0.98" CC="040"/>
						<SP ID="P3_SP00472" HPOS="1775" VPOS="469" WIDTH="29"/>
						<String ID="P3_ST00551" HPOS="1804" VPOS="440" WIDTH="193" HEIGHT="29" CONTENT="Schlesische" WC="0.85" CC="10740000200"/>
					</TextLine>
					<TextLine ID="P3_TL00080" HPOS="1102" VPOS="488" WIDTH="896" HEIGHT="35">
						<String ID="P3_ST00552" HPOS="1102" VPOS="489" WIDTH="220" HEIGHT="34" CONTENT="Volkszeitung" WC="1.00" CC="061001030370"/>
						<SP ID="P3_SP00473" HPOS="1322" VPOS="523" WIDTH="28"/>
						<String ID="P3_ST00553" HPOS="1350" VPOS="488" WIDTH="81" HEIGHT="30" CONTENT="nicht" WC="0.98" CC="71500"/>
						<SP ID="P3_SP00474" HPOS="1431" VPOS="523" WIDTH="29"/>
						<String ID="P3_ST00554" HPOS="1460" VPOS="489" WIDTH="113" HEIGHT="33" CONTENT="fassen," WC="1.00" CC="5100010"/>
						<SP ID="P3_SP00475" HPOS="1573" VPOS="523" WIDTH="41"/>
						<String ID="P3_ST00555" HPOS="1614" VPOS="489" WIDTH="56" HEIGHT="27" CONTENT="daß" WC="0.95" CC="057"/>
						<SP ID="P3_SP00476" HPOS="1670" VPOS="523" WIDTH="36"/>
						<String ID="P3_ST00556" HPOS="1706" VPOS="490" WIDTH="48" HEIGHT="28" CONTENT="ich" WC="0.97" CC="520"/>
						<SP ID="P3_SP00477" HPOS="1754" VPOS="523" WIDTH="38"/>
						<String ID="P3_ST00557" HPOS="1792" VPOS="490" WIDTH="57" HEIGHT="30" CONTENT="den" WC="0.95" CC="094"/>
						<SP ID="P3_SP00478" HPOS="1849" VPOS="523" WIDTH="39"/>
						<String ID="P3_ST00558" HPOS="1888" VPOS="490" WIDTH="110" HEIGHT="29" CONTENT="Hofrat" WC="0.99" CC="716000"/>
					</TextLine>
					<TextLine ID="P3_TL00081" HPOS="1102" VPOS="539" WIDTH="895" HEIGHT="33">
						<String ID="P3_ST00559" HPOS="1102" VPOS="539" WIDTH="76" HEIGHT="28" CONTENT="Paul" WC="0.97" CC="0652"/>
						<SP ID="P3_SP00479" HPOS="1178" VPOS="567" WIDTH="29"/>
						<String ID="P3_ST00560" HPOS="1207" VPOS="539" WIDTH="180" HEIGHT="30" CONTENT="Schienther" WC="0.99" CC="0005658000"/>
						<SP ID="P3_SP00480" HPOS="1387" VPOS="569" WIDTH="28"/>
						<String ID="P3_ST00561" HPOS="1415" VPOS="539" WIDTH="81" HEIGHT="30" CONTENT="nicht" WC="0.98" CC="85000"/>
						<SP ID="P3_SP00481" HPOS="1496" VPOS="569" WIDTH="28"/>
						<String ID="P3_ST00562" HPOS="1524" VPOS="539" WIDTH="188" HEIGHT="33" CONTENT="anerkenne," WC="0.99" CC="0501006504"/>
						<SP ID="P3_SP00482" HPOS="1712" VPOS="572" WIDTH="28"/>
						<String ID="P3_ST00563" HPOS="1740" VPOS="539" WIDTH="148" HEIGHT="31" CONTENT="während" WC="0.99" CC="9003001"/>
						<SP ID="P3_SP00483" HPOS="1888" VPOS="572" WIDTH="32"/>
						<String ID="P3_ST00564" HPOS="1920" VPOS="541" WIDTH="77" HEIGHT="29" CONTENT="doch" WC="0.98" CC="1520"/>
					</TextLine>
					<TextLine ID="P3_TL00082" HPOS="1102" VPOS="589" WIDTH="896" HEIGHT="31">
						<String ID="P3_ST00565" HPOS="1102" VPOS="590" WIDTH="78" HEIGHT="29" CONTENT="Herr" WC="0.97" CC="6303"/>
						<SP ID="P3_SP00484" HPOS="1180" VPOS="619" WIDTH="19"/>
						<String ID="P3_ST00566" HPOS="1199" VPOS="590" WIDTH="109" HEIGHT="29" CONTENT="Hofrat" WC="0.98" CC="734050"/>
						<SP ID="P3_SP00485" HPOS="1308" VPOS="619" WIDTH="19"/>
						<String ID="P3_ST00567" HPOS="1327" VPOS="591" WIDTH="75" HEIGHT="28" CONTENT="Paul" WC="0.96" CC="0964"/>
						<SP ID="P3_SP00486" HPOS="1402" VPOS="619" WIDTH="19"/>
						<String ID="P3_ST00568" HPOS="1421" VPOS="589" WIDTH="180" HEIGHT="30" CONTENT="Schienther" WC="0.99" CC="0075060000"/>
						<SP ID="P3_SP00487" HPOS="1601" VPOS="619" WIDTH="20"/>
						<String ID="P3_ST00569" HPOS="1621" VPOS="591" WIDTH="27" HEIGHT="27" CONTENT="in" WC="0.26" CC="67"/>
						<SP ID="P3_SP00488" HPOS="1648" VPOS="619" WIDTH="20"/>
						<String ID="P3_ST00570" HPOS="1668" VPOS="591" WIDTH="100" HEIGHT="28" CONTENT="seiner" WC="0.99" CC="006006"/>
						<SP ID="P3_SP00489" HPOS="1768" VPOS="619" WIDTH="19"/>
						<String ID="P3_ST00571" HPOS="1787" VPOS="591" WIDTH="211" HEIGHT="29" CONTENT="literarischen" WC="1.00" CC="4300212003008"/>
					</TextLine>
					<TextLine ID="P3_TL00083" HPOS="1103" VPOS="640" WIDTH="895" HEIGHT="34">
						<String ID="P3_ST00572" HPOS="1103" VPOS="640" WIDTH="186" HEIGHT="32" CONTENT="Rundschau" WC="1.00" CC="003000008"/>
						<SP ID="P3_SP00490" HPOS="1289" VPOS="672" WIDTH="35"/>
						<String ID="P3_ST00573" HPOS="1324" VPOS="651" WIDTH="61" HEIGHT="20" CONTENT="von" WC="0.97" CC="007"/>
						<SP ID="P3_SP00491" HPOS="1385" VPOS="672" WIDTH="38"/>
						<String ID="P3_ST00574" HPOS="1423" VPOS="643" WIDTH="96" HEIGHT="27" CONTENT="einem" WC="0.98" CC="07500"/>
						<SP ID="P3_SP00492" HPOS="1519" VPOS="672" WIDTH="38"/>
						<String ID="P3_ST00575" HPOS="1557" VPOS="641" WIDTH="119" HEIGHT="29" CONTENT="Dritten" WC="0.99" CC="1040005"/>
						<SP ID="P3_SP00493" HPOS="1676" VPOS="672" WIDTH="36"/>
						<String ID="P3_ST00576" HPOS="1712" VPOS="641" WIDTH="119" HEIGHT="33" CONTENT="August" WC="1.00" CC="040000"/>
						<SP ID="P3_SP00494" HPOS="1831" VPOS="674" WIDTH="33"/>
						<String ID="P3_ST00577" HPOS="1864" VPOS="642" WIDTH="134" HEIGHT="29" CONTENT="Stramm" WC="0.99" CC="200606"/>
					</TextLine>
					<TextLine ID="P3_TL00084" HPOS="1105" VPOS="692" WIDTH="894" HEIGHT="33">
						<String ID="P3_ST00578" HPOS="1105" VPOS="693" WIDTH="194" HEIGHT="29" CONTENT="anerkennen" WC="0.99" CC="0612002308"/>
						<SP ID="P3_SP00495" HPOS="1299" VPOS="722" WIDTH="30"/>
						<String ID="P3_ST00579" HPOS="1329" VPOS="693" WIDTH="69" HEIGHT="29" CONTENT="läßt." WC="0.98" CC="65004"/>
						<SP ID="P3_SP00496" HPOS="1398" VPOS="722" WIDTH="40"/>
						<String ID="P3_ST00580" HPOS="1438" VPOS="692" WIDTH="63" HEIGHT="29" CONTENT="Das" WC="0.96" CC="261"/>
						<SP ID="P3_SP00497" HPOS="1501" VPOS="722" WIDTH="30"/>
						<String ID="P3_ST00581" HPOS="1531" VPOS="692" WIDTH="120" HEIGHT="30" CONTENT="können" WC="0.98" CC="046807"/>
						<SP ID="P3_SP00498" HPOS="1651" VPOS="722" WIDTH="28"/>
						<String ID="P3_ST00582" HPOS="1679" VPOS="692" WIDTH="146" HEIGHT="33" CONTENT="Kollegen" WC="0.99" CC="06360910"/>
						<SP ID="P3_SP00499" HPOS="1825" VPOS="725" WIDTH="38"/>
						<String ID="P3_ST00583" HPOS="1863" VPOS="694" WIDTH="47" HEIGHT="29" CONTENT="nie" WC="0.99" CC="300"/>
						<SP ID="P3_SP00500" HPOS="1910" VPOS="725" WIDTH="35"/>
						<String ID="P3_ST00584" HPOS="1945" VPOS="694" WIDTH="36" HEIGHT="29" CONTENT="be" SUBS_TYPE="HypPart1" SUBS_CONTENT="begreifen." WC="0.97" CC="50"/>
						<HYP HPOS="1981" VPOS="694" WIDTH="18" CONTENT="-"/>
					</TextLine>
					<TextLine ID="P3_TL00085" HPOS="1103" VPOS="742" WIDTH="895" HEIGHT="35">
						<String ID="P3_ST00585" HPOS="1103" VPOS="743" WIDTH="126" HEIGHT="32" CONTENT="greifen." SUBS_TYPE="HypPart2" SUBS_CONTENT="begreifen." WC="0.99" CC="04004070"/>
						<SP ID="P3_SP00501" HPOS="1229" VPOS="775" WIDTH="36"/>
						<String ID="P3_ST00586" HPOS="1265" VPOS="744" WIDTH="61" HEIGHT="28" CONTENT="Der" WC="0.99" CC="300"/>
						<SP ID="P3_SP00502" HPOS="1326" VPOS="775" WIDTH="28"/>
						<String ID="P3_ST00587" HPOS="1354" VPOS="743" WIDTH="125" HEIGHT="34" CONTENT="Kollege" WC="0.99" CC="0355000"/>
						<SP ID="P3_SP00503" HPOS="1479" VPOS="777" WIDTH="26"/>
						<String ID="P3_ST00588" HPOS="1505" VPOS="743" WIDTH="130" HEIGHT="32" CONTENT="Ludwig" WC="0.99" CC="360050"/>
						<SP ID="P3_SP00504" HPOS="1635" VPOS="777" WIDTH="26"/>
						<String ID="P3_ST00589" HPOS="1661" VPOS="742" WIDTH="97" HEIGHT="29" CONTENT="Fulda" WC="0.96" CC="66780"/>
						<SP ID="P3_SP00505" HPOS="1758" VPOS="777" WIDTH="27"/>
						<String ID="P3_ST00590" HPOS="1785" VPOS="743" WIDTH="128" HEIGHT="31" CONTENT="erkennt" WC="1.00" CC="0000020"/>
						<SP ID="P3_SP00506" HPOS="1913" VPOS="777" WIDTH="27"/>
						<String ID="P3_ST00591" HPOS="1940" VPOS="744" WIDTH="58" HEIGHT="28" CONTENT="den" WC="0.98" CC="600"/>
					</TextLine>
					<TextLine ID="P3_TL00086" HPOS="1103" VPOS="793" WIDTH="895" HEIGHT="35">
						<String ID="P3_ST00592" HPOS="1103" VPOS="794" WIDTH="145" HEIGHT="34" CONTENT="Kollegen" WC="0.98" CC="95330906"/>
						<SP ID="P3_SP00507" HPOS="1248" VPOS="828" WIDTH="27"/>
						<String ID="P3_ST00593" HPOS="1275" VPOS="795" WIDTH="82" HEIGHT="28" CONTENT="Fritz" WC="0.99" CC="60102"/>
						<SP ID="P3_SP00508" HPOS="1357" VPOS="828" WIDTH="29"/>
						<String ID="P3_ST00594" HPOS="1386" VPOS="793" WIDTH="94" HEIGHT="33" CONTENT="Engel" WC="0.97" CC="67004"/>
						<SP ID="P3_SP00509" HPOS="1480" VPOS="828" WIDTH="29"/>
						<String ID="P3_ST00595" HPOS="1509" VPOS="802" WIDTH="46" HEIGHT="25" CONTENT="an," WC="0.94" CC="770"/>
						<SP ID="P3_SP00510" HPOS="1555" VPOS="828" WIDTH="30"/>
						<String ID="P3_ST00596" HPOS="1585" VPOS="794" WIDTH="52" HEIGHT="28" CONTENT="der" WC="0.98" CC="006"/>
						<SP ID="P3_SP00511" HPOS="1637" VPOS="828" WIDTH="29"/>
						<String ID="P3_ST00597" HPOS="1666" VPOS="793" WIDTH="126" HEIGHT="33" CONTENT="Kollege" WC="0.99" CC="0452000"/>
						<SP ID="P3_SP00512" HPOS="1792" VPOS="828" WIDTH="27"/>
						<String ID="P3_ST00598" HPOS="1819" VPOS="794" WIDTH="94" HEIGHT="34" CONTENT="Engel" WC="0.98" CC="07004"/>
						<SP ID="P3_SP00513" HPOS="1913" VPOS="828" WIDTH="27"/>
						<String ID="P3_ST00599" HPOS="1940" VPOS="795" WIDTH="58" HEIGHT="28" CONTENT="den" WC="0.95" CC="706"/>
					</TextLine>
					<TextLine ID="P3_TL00087" HPOS="1103" VPOS="844" WIDTH="895" HEIGHT="35">
						<String ID="P3_ST00600" HPOS="1103" VPOS="845" WIDTH="144" HEIGHT="33" CONTENT="Kollegen" WC="0.99" CC="03740008"/>
						<SP ID="P3_SP00514" HPOS="1247" VPOS="878" WIDTH="25"/>
						<String ID="P3_ST00601" HPOS="1272" VPOS="845" WIDTH="104" HEIGHT="29" CONTENT="Fulda." WC="0.98" CC="643064"/>
						<SP ID="P3_SP00515" HPOS="1376" VPOS="878" WIDTH="31"/>
						<String ID="P3_ST00602" HPOS="1407" VPOS="845" WIDTH="62" HEIGHT="28" CONTENT="Der" WC="0.99" CC="200"/>
						<SP ID="P3_SP00516" HPOS="1469" VPOS="878" WIDTH="25"/>
						<String ID="P3_ST00603" HPOS="1494" VPOS="844" WIDTH="125" HEIGHT="34" CONTENT="Kollege" WC="0.99" CC="0102090"/>
						<SP ID="P3_SP00517" HPOS="1619" VPOS="878" WIDTH="25"/>
						<String ID="P3_ST00604" HPOS="1644" VPOS="845" WIDTH="89" HEIGHT="28" CONTENT="Ibsen" WC="0.99" CC="20006"/>
						<SP ID="P3_SP00518" HPOS="1733" VPOS="878" WIDTH="26"/>
						<String ID="P3_ST00605" HPOS="1759" VPOS="845" WIDTH="52" HEIGHT="28" CONTENT="hat" WC="0.98" CC="040"/>
						<SP ID="P3_SP00519" HPOS="1811" VPOS="878" WIDTH="24"/>
						<String ID="P3_ST00606" HPOS="1835" VPOS="845" WIDTH="163" HEIGHT="34" CONTENT="allerdings" WC="0.99" CC="5350004390"/>
					</TextLine>
					<TextLine ID="P3_TL00088" HPOS="1103" VPOS="895" WIDTH="896" HEIGHT="35">
						<String ID="P3_ST00607" HPOS="1103" VPOS="904" WIDTH="181" HEIGHT="26" CONTENT="vergessen," WC="0.99" CC="9000000084"/>
						<SP ID="P3_SP00520" HPOS="1284" VPOS="930" WIDTH="21"/>
						<String ID="P3_ST00608" HPOS="1305" VPOS="897" WIDTH="58" HEIGHT="28" CONTENT="den" WC="0.97" CC="008"/>
						<SP ID="P3_SP00521" HPOS="1363" VPOS="930" WIDTH="21"/>
						<String ID="P3_ST00609" HPOS="1384" VPOS="897" WIDTH="145" HEIGHT="33" CONTENT="Kollegen" WC="0.99" CC="05400007"/>
						<SP ID="P3_SP00522" HPOS="1529" VPOS="930" WIDTH="21"/>
						<String ID="P3_ST00610" HPOS="1550" VPOS="895" WIDTH="181" HEIGHT="29" CONTENT="Schienther" WC="0.99" CC="0656050053"/>
						<SP ID="P3_SP00523" HPOS="1731" VPOS="930" WIDTH="22"/>
						<String ID="P3_ST00611" HPOS="1753" VPOS="896" WIDTH="246" HEIGHT="33" CONTENT="anzuerkennen," WC="0.99" CC="9807000037161"/>
					</TextLine>
					<TextLine ID="P3_TL00089" HPOS="1103" VPOS="946" WIDTH="894" HEIGHT="31">
						<String ID="P3_ST00612" HPOS="1103" VPOS="947" WIDTH="153" HEIGHT="30" CONTENT="trotzdem" WC="0.99" CC="08700000"/>
						<SP ID="P3_SP00524" HPOS="1256" VPOS="977" WIDTH="22"/>
						<String ID="P3_ST00613" HPOS="1278" VPOS="949" WIDTH="53" HEIGHT="27" CONTENT="der" WC="1.00" CC="000"/>
						<SP ID="P3_SP00525" HPOS="1331" VPOS="977" WIDTH="17"/>
						<String ID="P3_ST00614" HPOS="1348" VPOS="948" WIDTH="48" HEIGHT="27" CONTENT="ihn" WC="0.98" CC="201"/>
						<SP ID="P3_SP00526" HPOS="1396" VPOS="977" WIDTH="20"/>
						<String ID="P3_ST00615" HPOS="1416" VPOS="946" WIDTH="137" HEIGHT="30" CONTENT="schlecht" WC="0.99" CC="03070000"/>
						<SP ID="P3_SP00527" HPOS="1553" VPOS="977" WIDTH="20"/>
						<String ID="P3_ST00616" HPOS="1573" VPOS="946" WIDTH="158" HEIGHT="30" CONTENT="übersetzt" WC="1.00" CC="000500010"/>
						<SP ID="P3_SP00528" HPOS="1731" VPOS="977" WIDTH="20"/>
						<String ID="P3_ST00617" HPOS="1751" VPOS="946" WIDTH="60" HEIGHT="28" CONTENT="hat." WC="0.95" CC="7670"/>
						<SP ID="P3_SP00529" HPOS="1811" VPOS="977" WIDTH="19"/>
						<String ID="P3_ST00618" HPOS="1830" VPOS="947" WIDTH="71" HEIGHT="29" CONTENT="Also" WC="1.00" CC="0200"/>
						<SP ID="P3_SP00530" HPOS="1901" VPOS="977" WIDTH="21"/>
						<String ID="P3_ST00619" HPOS="1922" VPOS="947" WIDTH="75" HEIGHT="29" CONTENT="auch" WC="0.97" CC="4640"/>
					</TextLine>
					<TextLine ID="P3_TL00090" HPOS="1104" VPOS="997" WIDTH="895" HEIGHT="35">
						<String ID="P3_ST00620" HPOS="1104" VPOS="998" WIDTH="46" HEIGHT="28" CONTENT="die" WC="0.98" CC="500"/>
						<SP ID="P3_SP00531" HPOS="1150" VPOS="1026" WIDTH="21"/>
						<String ID="P3_ST00621" HPOS="1171" VPOS="997" WIDTH="203" HEIGHT="35" CONTENT="Kollegialität" WC="0.99" CC="0054000475004"/>
						<SP ID="P3_SP00532" HPOS="1374" VPOS="1032" WIDTH="20"/>
						<String ID="P3_ST00622" HPOS="1394" VPOS="1000" WIDTH="51" HEIGHT="30" CONTENT="hat" WC="0.98" CC="040"/>
						<SP ID="P3_SP00533" HPOS="1445" VPOS="1032" WIDTH="20"/>
						<String ID="P3_ST00623" HPOS="1465" VPOS="999" WIDTH="64" HEIGHT="28" CONTENT="ihre" WC="0.99" CC="3000"/>
						<SP ID="P3_SP00534" HPOS="1529" VPOS="1032" WIDTH="20"/>
						<String ID="P3_ST00624" HPOS="1549" VPOS="998" WIDTH="151" HEIGHT="29" CONTENT="Grenzen." WC="0.98" CC="78970060"/>
						<SP ID="P3_SP00535" HPOS="1700" VPOS="1032" WIDTH="30"/>
						<String ID="P3_ST00625" HPOS="1730" VPOS="998" WIDTH="56" HEIGHT="28" CONTENT="Die" WC="0.97" CC="061"/>
						<SP ID="P3_SP00536" HPOS="1786" VPOS="1032" WIDTH="19"/>
						<String ID="P3_ST00626" HPOS="1805" VPOS="998" WIDTH="194" HEIGHT="29" CONTENT="Schlesische" WC="0.68" CC="42680650000"/>
					</TextLine>
					<TextLine ID="P3_TL00091" HPOS="1102" VPOS="1049" WIDTH="897" HEIGHT="35">
						<String ID="P3_ST00627" HPOS="1102" VPOS="1049" WIDTH="220" HEIGHT="35" CONTENT="Volkszeitung" WC="0.99" CC="004004060874"/>
						<SP ID="P3_SP00537" HPOS="1322" VPOS="1084" WIDTH="23"/>
						<String ID="P3_ST00628" HPOS="1345" VPOS="1050" WIDTH="73" HEIGHT="28" CONTENT="aber" WC="0.98" CC="0070"/>
						<SP ID="P3_SP00538" HPOS="1418" VPOS="1084" WIDTH="22"/>
						<String ID="P3_ST00629" HPOS="1440" VPOS="1050" WIDTH="97" HEIGHT="32" CONTENT="keine," WC="0.99" CC="016700"/>
						<SP ID="P3_SP00539" HPOS="1537" VPOS="1084" WIDTH="21"/>
						<String ID="P3_ST00630" HPOS="1558" VPOS="1050" WIDTH="76" HEIGHT="27" CONTENT="denn" WC="0.97" CC="0085"/>
						<SP ID="P3_SP00540" HPOS="1634" VPOS="1084" WIDTH="25"/>
						<String ID="P3_ST00631" HPOS="1659" VPOS="1051" WIDTH="43" HEIGHT="27" CONTENT="sie" WC="0.98" CC="040"/>
						<SP ID="P3_SP00541" HPOS="1702" VPOS="1084" WIDTH="21"/>
						<String ID="P3_ST00632" HPOS="1723" VPOS="1050" WIDTH="39" HEIGHT="28" CONTENT="ist" WC="0.97" CC="600"/>
						<SP ID="P3_SP00542" HPOS="1762" VPOS="1084" WIDTH="19"/>
						<String ID="P3_ST00633" HPOS="1781" VPOS="1051" WIDTH="66" HEIGHT="27" CONTENT="eine" WC="0.97" CC="2660"/>
						<SP ID="P3_SP00543" HPOS="1847" VPOS="1084" WIDTH="20"/>
						<String ID="P3_ST00634" HPOS="1867" VPOS="1050" WIDTH="114" HEIGHT="28" CONTENT="Persön" SUBS_TYPE="HypPart1" SUBS_CONTENT="Persönlichkeit." WC="0.99" CC="004003"/>
						<HYP HPOS="1981" VPOS="1050" WIDTH="18" CONTENT="-"/>
					</TextLine>
					<TextLine ID="P3_TL00092" HPOS="1104" VPOS="1100" WIDTH="895" HEIGHT="32">
						<String ID="P3_ST00635" HPOS="1104" VPOS="1100" WIDTH="131" HEIGHT="30" CONTENT="lichkeit." SUBS_TYPE="HypPart2" SUBS_CONTENT="Persönlichkeit." WC="0.99" CC="665000114"/>
						<SP ID="P3_SP00544" HPOS="1235" VPOS="1130" WIDTH="39"/>
						<String ID="P3_ST00636" HPOS="1274" VPOS="1101" WIDTH="164" HEIGHT="28" CONTENT="Namenlos" WC="0.98" CC="47026530"/>
						<SP ID="P3_SP00545" HPOS="1438" VPOS="1130" WIDTH="32"/>
						<String ID="P3_ST00637" HPOS="1470" VPOS="1101" WIDTH="78" HEIGHT="28" CONTENT="wird" WC="0.98" CC="0450"/>
						<SP ID="P3_SP00546" HPOS="1548" VPOS="1130" WIDTH="31"/>
						<String ID="P3_ST00638" HPOS="1579" VPOS="1101" WIDTH="44" HEIGHT="28" CONTENT="sie" WC="0.98" CC="050"/>
						<SP ID="P3_SP00547" HPOS="1623" VPOS="1130" WIDTH="31"/>
						<String ID="P3_ST00639" HPOS="1654" VPOS="1101" WIDTH="27" HEIGHT="27" CONTENT="in" WC="0.52" CC="72"/>
						<SP ID="P3_SP00548" HPOS="1681" VPOS="1130" WIDTH="33"/>
						<String ID="P3_ST00640" HPOS="1714" VPOS="1101" WIDTH="46" HEIGHT="28" CONTENT="die" WC="0.98" CC="040"/>
						<SP ID="P3_SP00549" HPOS="1760" VPOS="1130" WIDTH="30"/>
						<String ID="P3_ST00641" HPOS="1790" VPOS="1100" WIDTH="192" HEIGHT="32" CONTENT="Literaturge" SUBS_TYPE="HypPart1" SUBS_CONTENT="Literaturgeschichte" WC="0.99" CC="54304705000"/>
						<HYP HPOS="1982" VPOS="1100" WIDTH="17" CONTENT="-"/>
					</TextLine>
					<TextLine ID="P3_TL00093" HPOS="1104" VPOS="1150" WIDTH="895" HEIGHT="34">
						<String ID="P3_ST00642" HPOS="1104" VPOS="1151" WIDTH="135" HEIGHT="30" CONTENT="schichte" SUBS_TYPE="HypPart2" SUBS_CONTENT="Literaturgeschichte" WC="1.00" CC="00051000"/>
						<SP ID="P3_SP00550" HPOS="1239" VPOS="1181" WIDTH="28"/>
						<String ID="P3_ST00643" HPOS="1267" VPOS="1151" WIDTH="164" HEIGHT="33" CONTENT="einziehen," WC="0.99" CC="0700410080"/>
						<SP ID="P3_SP00551" HPOS="1431" VPOS="1184" WIDTH="27"/>
						<String ID="P3_ST00644" HPOS="1458" VPOS="1151" WIDTH="43" HEIGHT="28" CONTENT="sie" WC="0.95" CC="452"/>
						<SP ID="P3_SP00552" HPOS="1501" VPOS="1184" WIDTH="26"/>
						<String ID="P3_ST00645" HPOS="1527" VPOS="1152" WIDTH="39" HEIGHT="27" CONTENT="ist" WC="0.96" CC="550"/>
						<SP ID="P3_SP00553" HPOS="1566" VPOS="1184" WIDTH="24"/>
						<String ID="P3_ST00646" HPOS="1590" VPOS="1150" WIDTH="152" HEIGHT="34" CONTENT="beglückt," WC="1.00" CC="000420004"/>
						<SP ID="P3_SP00554" HPOS="1742" VPOS="1184" WIDTH="39"/>
						<String ID="P3_ST00647" HPOS="1781" VPOS="1151" WIDTH="56" HEIGHT="28" CONTENT="daß" WC="1.00" CC="010"/>
						<SP ID="P3_SP00555" HPOS="1837" VPOS="1184" WIDTH="35"/>
						<String ID="P3_ST00648" HPOS="1872" VPOS="1152" WIDTH="43" HEIGHT="27" CONTENT="sie" WC="0.96" CC="046"/>
						<SP ID="P3_SP00556" HPOS="1915" VPOS="1184" WIDTH="37"/>
						<String ID="P3_ST00649" HPOS="1952" VPOS="1151" WIDTH="47" HEIGHT="28" CONTENT="die" WC="0.98" CC="040"/>
					</TextLine>
					<TextLine ID="P3_TL00094" HPOS="1104" VPOS="1201" WIDTH="895" HEIGHT="34">
						<String ID="P3_ST00650" HPOS="1104" VPOS="1202" WIDTH="290" HEIGHT="33" CONTENT="„Sturm-Literatur" WC="1.00" CC="5007200000000075"/>
						<SP ID="P3_SP00557" HPOS="1394" VPOS="1235" WIDTH="52"/>
						<String ID="P3_ST00651" HPOS="1446" VPOS="1202" WIDTH="80" HEIGHT="29" CONTENT="nicht" WC="0.97" CC="66305"/>
						<SP ID="P3_SP00558" HPOS="1526" VPOS="1235" WIDTH="50"/>
						<String ID="P3_ST00652" HPOS="1576" VPOS="1201" WIDTH="218" HEIGHT="30" CONTENT="wohlwollend" WC="0.99" CC="00050057080"/>
						<SP ID="P3_SP00559" HPOS="1794" VPOS="1235" WIDTH="48"/>
						<String ID="P3_ST00653" HPOS="1842" VPOS="1201" WIDTH="157" HEIGHT="34" CONTENT="gefördert" WC="0.99" CC="047076030"/>
					</TextLine>
					<TextLine ID="P3_TL00095" HPOS="1103" VPOS="1252" WIDTH="896" HEIGHT="34">
						<String ID="P3_ST00654" HPOS="1103" VPOS="1253" WIDTH="80" HEIGHT="28" CONTENT='hat."' WC="0.99" CC="00044"/>
						<SP ID="P3_SP00560" HPOS="1183" VPOS="1281" WIDTH="31"/>
						<String ID="P3_ST00655" HPOS="1214" VPOS="1252" WIDTH="54" HEIGHT="29" CONTENT="Ein" WC="0.94" CC="456"/>
						<SP ID="P3_SP00561" HPOS="1268" VPOS="1281" WIDTH="23"/>
						<String ID="P3_ST00656" HPOS="1291" VPOS="1252" WIDTH="105" HEIGHT="34" CONTENT="Glück," WC="0.99" CC="730100"/>
						<SP ID="P3_SP00562" HPOS="1396" VPOS="1286" WIDTH="21"/>
						<String ID="P3_ST00657" HPOS="1417" VPOS="1252" WIDTH="56" HEIGHT="28" CONTENT="daß" WC="0.97" CC="250"/>
						<SP ID="P3_SP00563" HPOS="1473" VPOS="1286" WIDTH="23"/>
						<String ID="P3_ST00658" HPOS="1496" VPOS="1254" WIDTH="43" HEIGHT="27" CONTENT="sie" WC="1.00" CC="000"/>
						<SP ID="P3_SP00564" HPOS="1539" VPOS="1286" WIDTH="19"/>
						<String ID="P3_ST00659" HPOS="1558" VPOS="1261" WIDTH="35" HEIGHT="21" CONTENT="es" WC="0.51" CC="90"/>
						<SP ID="P3_SP00565" HPOS="1593" VPOS="1286" WIDTH="23"/>
						<String ID="P3_ST00660" HPOS="1616" VPOS="1252" WIDTH="82" HEIGHT="28" CONTENT="nicht" WC="0.98" CC="47000"/>
						<SP ID="P3_SP00566" HPOS="1698" VPOS="1286" WIDTH="21"/>
						<String ID="P3_ST00661" HPOS="1719" VPOS="1256" WIDTH="91" HEIGHT="30" CONTENT="getan" WC="0.98" CC="00065"/>
						<SP ID="P3_SP00567" HPOS="1810" VPOS="1286" WIDTH="22"/>
						<String ID="P3_ST00662" HPOS="1832" VPOS="1253" WIDTH="59" HEIGHT="32" CONTENT="hat," WC="0.99" CC="0600"/>
						<SP ID="P3_SP00568" HPOS="1891" VPOS="1286" WIDTH="22"/>
						<String ID="P3_ST00663" HPOS="1913" VPOS="1255" WIDTH="86" HEIGHT="27" CONTENT="sonst" WC="0.98" CC="10125"/>
					</TextLine>
					<TextLine ID="P3_TL00096" HPOS="1103" VPOS="1303" WIDTH="896" HEIGHT="33">
						<String ID="P3_ST00664" HPOS="1103" VPOS="1303" WIDTH="84" HEIGHT="29" CONTENT="hätte" WC="1.00" CC="00000"/>
						<SP ID="P3_SP00569" HPOS="1187" VPOS="1332" WIDTH="25"/>
						<String ID="P3_ST00665" HPOS="1212" VPOS="1305" WIDTH="47" HEIGHT="27" CONTENT="die" WC="0.97" CC="060"/>
						<SP ID="P3_SP00570" HPOS="1259" VPOS="1332" WIDTH="27"/>
						<String ID="P3_ST00666" HPOS="1286" VPOS="1303" WIDTH="193" HEIGHT="29" CONTENT="Schlesische" WC="0.82" CC="32050050200"/>
						<SP ID="P3_SP00571" HPOS="1479" VPOS="1332" WIDTH="26"/>
						<String ID="P3_ST00667" HPOS="1505" VPOS="1303" WIDTH="221" HEIGHT="33" CONTENT="Volkszeitung" WC="1.00" CC="005000200560"/>
						<SP ID="P3_SP00572" HPOS="1726" VPOS="1336" WIDTH="24"/>
						<String ID="P3_ST00668" HPOS="1750" VPOS="1313" WIDTH="63" HEIGHT="20" CONTENT="von" WC="0.99" CC="002"/>
						<SP ID="P3_SP00573" HPOS="1813" VPOS="1336" WIDTH="26"/>
						<String ID="P3_ST00669" HPOS="1839" VPOS="1305" WIDTH="55" HEIGHT="28" CONTENT="mir" WC="0.98" CC="014"/>
						<SP ID="P3_SP00574" HPOS="1894" VPOS="1336" WIDTH="28"/>
						<String ID="P3_ST00670" HPOS="1922" VPOS="1304" WIDTH="77" HEIGHT="28" CONTENT="au~h" WC="0.57" CC="0690"/>
					</TextLine>
					<TextLine ID="P3_TL00097" HPOS="1103" VPOS="1353" WIDTH="896" HEIGHT="35">
						<String ID="P3_ST00671" HPOS="1103" VPOS="1354" WIDTH="236" HEIGHT="29" CONTENT="wohlwollende" WC="0.99" CC="050704150500"/>
						<SP ID="P3_SP00575" HPOS="1339" VPOS="1383" WIDTH="22"/>
						<String ID="P3_ST00672" HPOS="1361" VPOS="1354" WIDTH="180" HEIGHT="34" CONTENT="Förderung" WC="0.99" CC="601000830"/>
						<SP ID="P3_SP00576" HPOS="1541" VPOS="1388" WIDTH="25"/>
						<String ID="P3_ST00673" HPOS="1566" VPOS="1353" WIDTH="81" HEIGHT="31" CONTENT="ihrer" WC="0.99" CC="50200"/>
						<SP ID="P3_SP00577" HPOS="1647" VPOS="1388" WIDTH="23"/>
						<String ID="P3_ST00674" HPOS="1670" VPOS="1354" WIDTH="210" HEIGHT="31" CONTENT="literarischen" WC="0.99" CC="6600006400007"/>
						<SP ID="P3_SP00578" HPOS="1880" VPOS="1388" WIDTH="24"/>
						<String ID="P3_ST00675" HPOS="1904" VPOS="1355" WIDTH="95" HEIGHT="32" CONTENT="Kritik" WC="0.99" CC="074020"/>
					</TextLine>
					<TextLine ID="P3_TL00098" HPOS="1105" VPOS="1405" WIDTH="894" HEIGHT="30">
						<String ID="P3_ST00676" HPOS="1105" VPOS="1407" WIDTH="156" HEIGHT="27" CONTENT="erwartet." WC="0.99" CC="000436004"/>
						<SP ID="P3_SP00579" HPOS="1261" VPOS="1434" WIDTH="47"/>
						<String ID="P3_ST00677" HPOS="1308" VPOS="1405" WIDTH="50" HEIGHT="28" CONTENT="Sie" WC="0.98" CC="310"/>
						<SP ID="P3_SP00580" HPOS="1358" VPOS="1434" WIDTH="37"/>
						<String ID="P3_ST00678" HPOS="1395" VPOS="1406" WIDTH="78" HEIGHT="28" CONTENT="wird" WC="0.98" CC="0430"/>
						<SP ID="P3_SP00581" HPOS="1473" VPOS="1434" WIDTH="40"/>
						<String ID="P3_ST00679" HPOS="1513" VPOS="1406" WIDTH="45" HEIGHT="29" CONTENT="ihr" WC="1.00" CC="000"/>
						<SP ID="P3_SP00582" HPOS="1558" VPOS="1435" WIDTH="39"/>
						<String ID="P3_ST00680" HPOS="1597" VPOS="1405" WIDTH="73" HEIGHT="30" CONTENT="aber" WC="1.00" CC="0000"/>
						<SP ID="P3_SP00583" HPOS="1670" VPOS="1435" WIDTH="38"/>
						<String ID="P3_ST00681" HPOS="1708" VPOS="1407" WIDTH="153" HEIGHT="28" CONTENT="trotzdem" WC="0.99" CC="00500009"/>
						<SP ID="P3_SP00584" HPOS="1861" VPOS="1435" WIDTH="39"/>
						<String ID="P3_ST00682" HPOS="1900" VPOS="1406" WIDTH="99" HEIGHT="29" CONTENT="zuteil." WC="0.99" CC="0780040"/>
					</TextLine>
					<TextLine ID="P3_TL00099" HPOS="1105" VPOS="1456" WIDTH="894" HEIGHT="33">
						<String ID="P3_ST00683" HPOS="1105" VPOS="1456" WIDTH="147" HEIGHT="33" CONTENT="„Warum" WC="0.98" CC="006360"/>
						<SP ID="P3_SP00585" HPOS="1252" VPOS="1489" WIDTH="29"/>
						<String ID="P3_ST00684" HPOS="1281" VPOS="1458" WIDTH="57" HEIGHT="26" CONTENT="wir" WC="0.96" CC="063"/>
						<SP ID="P3_SP00586" HPOS="1338" VPOS="1489" WIDTH="30"/>
						<String ID="P3_ST00685" HPOS="1368" VPOS="1456" WIDTH="55" HEIGHT="28" CONTENT="das" WC="1.00" CC="000"/>
						<SP ID="P3_SP00587" HPOS="1423" VPOS="1489" WIDTH="31"/>
						<String ID="P3_ST00686" HPOS="1454" VPOS="1456" WIDTH="81" HEIGHT="29" CONTENT="Alles" WC="0.98" CC="06500"/>
						<SP ID="P3_SP00588" HPOS="1535" VPOS="1489" WIDTH="30"/>
						<String ID="P3_ST00687" HPOS="1565" VPOS="1456" WIDTH="166" HEIGHT="29" CONTENT="erzählen?" WC="1.00" CC="000006060"/>
						<SP ID="P3_SP00589" HPOS="1731" VPOS="1489" WIDTH="38"/>
						<String ID="P3_ST00688" HPOS="1769" VPOS="1456" WIDTH="80" HEIGHT="29" CONTENT="Weil" WC="0.97" CC="0066"/>
						<SP ID="P3_SP00590" HPOS="1849" VPOS="1489" WIDTH="28"/>
						<String ID="P3_ST00689" HPOS="1877" VPOS="1458" WIDTH="57" HEIGHT="28" CONTENT="wir" WC="0.96" CC="064"/>
						<SP ID="P3_SP00591" HPOS="1934" VPOS="1489" WIDTH="31"/>
						<String ID="P3_ST00690" HPOS="1965" VPOS="1466" WIDTH="34" HEIGHT="20" CONTENT="so" WC="1.00" CC="00"/>
					</TextLine>
					<TextLine ID="P3_TL00100" HPOS="1105" VPOS="1507" WIDTH="895" HEIGHT="32">
						<String ID="P3_ST00691" HPOS="1105" VPOS="1510" WIDTH="98" HEIGHT="26" CONTENT="etwas" WC="0.98" CC="07030"/>
						<SP ID="P3_SP00592" HPOS="1203" VPOS="1536" WIDTH="20"/>
						<String ID="P3_ST00692" HPOS="1223" VPOS="1508" WIDTH="59" HEIGHT="28" CONTENT="wie" WC="0.99" CC="030"/>
						<SP ID="P3_SP00593" HPOS="1282" VPOS="1536" WIDTH="24"/>
						<String ID="P3_ST00693" HPOS="1306" VPOS="1508" WIDTH="65" HEIGHT="28" CONTENT="eine" WC="0.97" CC="0560"/>
						<SP ID="P3_SP00594" HPOS="1371" VPOS="1536" WIDTH="23"/>
						<String ID="P3_ST00694" HPOS="1394" VPOS="1507" WIDTH="237" HEIGHT="32" CONTENT="ausgleichende" WC="1.00" CC="1700407000400"/>
						<SP ID="P3_SP00595" HPOS="1631" VPOS="1539" WIDTH="25"/>
						<String ID="P3_ST00695" HPOS="1656" VPOS="1508" WIDTH="188" HEIGHT="30" CONTENT="ästhetische" WC="1.00" CC="70000000100"/>
						<SP ID="P3_SP00596" HPOS="1844" VPOS="1539" WIDTH="21"/>
						<String ID="P3_ST00696" HPOS="1865" VPOS="1508" WIDTH="116" HEIGHT="29" CONTENT="Gerech" SUBS_TYPE="HypPart1" SUBS_CONTENT="Gerechtigkeit" WC="0.99" CC="606040"/>
						<HYP HPOS="1981" VPOS="1508" WIDTH="19" CONTENT="-"/>
					</TextLine>
					<TextLine ID="P3_TL00101" HPOS="1104" VPOS="1558" WIDTH="896" HEIGHT="35">
						<String ID="P3_ST00697" HPOS="1104" VPOS="1558" WIDTH="105" HEIGHT="34" CONTENT="tigkeit" SUBS_TYPE="HypPart2" SUBS_CONTENT="Gerechtigkeit" WC="0.99" CC="0600060"/>
						<SP ID="P3_SP00597" HPOS="1209" VPOS="1592" WIDTH="26"/>
						<String ID="P3_ST00698" HPOS="1235" VPOS="1559" WIDTH="85" HEIGHT="28" CONTENT="darin" WC="0.97" CC="02466"/>
						<SP ID="P3_SP00598" HPOS="1320" VPOS="1592" WIDTH="27"/>
						<String ID="P3_ST00699" HPOS="1347" VPOS="1558" WIDTH="163" HEIGHT="35" CONTENT="erblicken," WC="0.99" CC="0034600081"/>
						<SP ID="P3_SP00599" HPOS="1510" VPOS="1593" WIDTH="28"/>
						<String ID="P3_ST00700" HPOS="1538" VPOS="1559" WIDTH="56" HEIGHT="29" CONTENT="daß" WC="1.00" CC="000"/>
						<SP ID="P3_SP00600" HPOS="1594" VPOS="1593" WIDTH="26"/>
						<String ID="P3_ST00701" HPOS="1620" VPOS="1560" WIDTH="50" HEIGHT="27" CONTENT="ein" WC="0.98" CC="022"/>
						<SP ID="P3_SP00601" HPOS="1670" VPOS="1593" WIDTH="26"/>
						<String ID="P3_ST00702" HPOS="1696" VPOS="1559" WIDTH="199" HEIGHT="29" CONTENT="Sturmonkel" WC="0.99" CC="0063005005"/>
						<SP ID="P3_SP00602" HPOS="1895" VPOS="1593" WIDTH="28"/>
						<String ID="P3_ST00703" HPOS="1923" VPOS="1559" WIDTH="77" HEIGHT="30" CONTENT="auch" WC="0.99" CC="3300"/>
					</TextLine>
					<TextLine ID="P3_TL00102" HPOS="1105" VPOS="1608" WIDTH="895" HEIGHT="36">
						<String ID="P3_ST00704" HPOS="1105" VPOS="1608" WIDTH="76" HEIGHT="29" CONTENT="nach" WC="0.98" CC="6320"/>
						<SP ID="P3_SP00603" HPOS="1181" VPOS="1637" WIDTH="26"/>
						<String ID="P3_ST00705" HPOS="1207" VPOS="1609" WIDTH="68" HEIGHT="29" CONTENT="dem" WC="0.98" CC="600"/>
						<SP ID="P3_SP00604" HPOS="1275" VPOS="1638" WIDTH="25"/>
						<String ID="P3_ST00706" HPOS="1300" VPOS="1610" WIDTH="53" HEIGHT="28" CONTENT="mit" WC="0.97" CC="060"/>
						<SP ID="P3_SP00605" HPOS="1353" VPOS="1638" WIDTH="24"/>
						<String ID="P3_ST00707" HPOS="1377" VPOS="1609" WIDTH="100" HEIGHT="28" CONTENT="faulen" WC="0.96" CC="696807"/>
						<SP ID="P3_SP00606" HPOS="1477" VPOS="1638" WIDTH="24"/>
						<String ID="P3_ST00708" HPOS="1501" VPOS="1609" WIDTH="90" HEIGHT="29" CONTENT="Eiern" WC="0.98" CC="35007"/>
						<SP ID="P3_SP00607" HPOS="1591" VPOS="1638" WIDTH="27"/>
						<String ID="P3_ST00709" HPOS="1618" VPOS="1609" WIDTH="91" HEIGHT="34" CONTENT="wirft," WC="0.98" CC="082610"/>
						<SP ID="P3_SP00608" HPOS="1709" VPOS="1643" WIDTH="27"/>
						<String ID="P3_ST00710" HPOS="1736" VPOS="1611" WIDTH="52" HEIGHT="28" CONTENT="der" WC="0.94" CC="744"/>
						<SP ID="P3_SP00609" HPOS="1788" VPOS="1643" WIDTH="28"/>
						<String ID="P3_ST00711" HPOS="1816" VPOS="1618" WIDTH="54" HEIGHT="21" CONTENT="aus" WC="0.94" CC="680"/>
						<SP ID="P3_SP00610" HPOS="1870" VPOS="1643" WIDTH="24"/>
						<String ID="P3_ST00712" HPOS="1894" VPOS="1611" WIDTH="106" HEIGHT="33" CONTENT="Angst," WC="0.99" CC="070061"/>
					</TextLine>
					<TextLine ID="P3_TL00103" HPOS="1105" VPOS="1659" WIDTH="894" HEIGHT="33">
						<String ID="P3_ST00713" HPOS="1105" VPOS="1659" WIDTH="79" HEIGHT="29" CONTENT="nicht" WC="0.98" CC="70204"/>
						<SP ID="P3_SP00611" HPOS="1184" VPOS="1688" WIDTH="29"/>
						<String ID="P3_ST00714" HPOS="1213" VPOS="1659" WIDTH="46" HEIGHT="30" CONTENT="für" WC="0.97" CC="403"/>
						<SP ID="P3_SP00612" HPOS="1259" VPOS="1689" WIDTH="29"/>
						<String ID="P3_ST00715" HPOS="1288" VPOS="1659" WIDTH="61" HEIGHT="29" CONTENT="voll" WC="0.96" CC="7161"/>
						<SP ID="P3_SP00613" HPOS="1349" VPOS="1689" WIDTH="27"/>
						<String ID="P3_ST00716" HPOS="1376" VPOS="1659" WIDTH="231" HEIGHT="30" CONTENT="fortschrittlich" WC="0.99" CC="706000007007760"/>
						<SP ID="P3_SP00614" HPOS="1607" VPOS="1689" WIDTH="26"/>
						<String ID="P3_ST00717" HPOS="1633" VPOS="1661" WIDTH="142" HEIGHT="31" CONTENT="gehalten" WC="0.99" CC="00030007"/>
						<SP ID="P3_SP00615" HPOS="1775" VPOS="1692" WIDTH="31"/>
						<String ID="P3_ST00718" HPOS="1806" VPOS="1661" WIDTH="126" HEIGHT="28" CONTENT="werden" WC="0.99" CC="005003"/>
						<SP ID="P3_SP00616" HPOS="1932" VPOS="1692" WIDTH="30"/>
						<String ID="P3_ST00719" HPOS="1962" VPOS="1670" WIDTH="37" HEIGHT="19" CONTENT="zu" WC="0.62" CC="07"/>
					</TextLine>
					<TextLine ID="P3_TL00104" HPOS="1104" VPOS="1711" WIDTH="895" HEIGHT="30">
						<String ID="P3_ST00720" HPOS="1104" VPOS="1712" WIDTH="119" HEIGHT="27" CONTENT="können" WC="0.98" CC="306507"/>
						<SP ID="P3_SP00617" HPOS="1223" VPOS="1739" WIDTH="27"/>
						<String ID="P3_ST00721" HPOS="1250" VPOS="1712" WIDTH="95" HEIGHT="29" CONTENT="selbst" WC="0.99" CC="404500"/>
						<SP ID="P3_SP00618" HPOS="1345" VPOS="1741" WIDTH="25"/>
						<String ID="P3_ST00722" HPOS="1370" VPOS="1719" WIDTH="48" HEIGHT="20" CONTENT="am" WC="1.00" CC="00"/>
						<SP ID="P3_SP00619" HPOS="1418" VPOS="1741" WIDTH="26"/>
						<String ID="P3_ST00723" HPOS="1444" VPOS="1711" WIDTH="64" HEIGHT="28" CONTENT="klar" WC="0.98" CC="0430"/>
						<SP ID="P3_SP00620" HPOS="1508" VPOS="1741" WIDTH="26"/>
						<String ID="P3_ST00724" HPOS="1534" VPOS="1713" WIDTH="192" HEIGHT="27" CONTENT="erwiesenen" WC="0.98" CC="1804096657"/>
						<SP ID="P3_SP00621" HPOS="1726" VPOS="1741" WIDTH="23"/>
						<String ID="P3_ST00725" HPOS="1749" VPOS="1712" WIDTH="145" HEIGHT="29" CONTENT="Blödsinn" WC="0.98" CC="64000486"/>
						<SP ID="P3_SP00622" HPOS="1894" VPOS="1741" WIDTH="27"/>
						<String ID="P3_ST00726" HPOS="1921" VPOS="1712" WIDTH="78" HEIGHT="29" CONTENT="noch" WC="0.97" CC="6060"/>
					</TextLine>
					<TextLine ID="P3_TL00105" HPOS="1105" VPOS="1761" WIDTH="895" HEIGHT="35">
						<String ID="P3_ST00727" HPOS="1105" VPOS="1764" WIDTH="99" HEIGHT="26" CONTENT="etwas" WC="1.00" CC="00000"/>
						<SP ID="P3_SP00623" HPOS="1204" VPOS="1790" WIDTH="26"/>
						<String ID="P3_ST00728" HPOS="1230" VPOS="1761" WIDTH="177" HEIGHT="29" CONTENT="Gekonntes" WC="0.99" CC="500077000"/>
						<SP ID="P3_SP00624" HPOS="1407" VPOS="1790" WIDTH="28"/>
						<String ID="P3_ST00729" HPOS="1435" VPOS="1761" WIDTH="124" HEIGHT="30" CONTENT='findet."' WC="0.99" CC="36101045"/>
						<SP ID="P3_SP00625" HPOS="1559" VPOS="1791" WIDTH="33"/>
						<String ID="P3_ST00730" HPOS="1592" VPOS="1762" WIDTH="85" HEIGHT="34" CONTENT="Nein," WC="0.98" CC="04480"/>
						<SP ID="P3_SP00626" HPOS="1677" VPOS="1796" WIDTH="27"/>
						<String ID="P3_ST00731" HPOS="1704" VPOS="1764" WIDTH="53" HEIGHT="28" CONTENT="der" WC="0.95" CC="606"/>
						<SP ID="P3_SP00627" HPOS="1757" VPOS="1796" WIDTH="26"/>
						<String ID="P3_ST00732" HPOS="1783" VPOS="1766" WIDTH="71" HEIGHT="29" CONTENT="gute" WC="0.97" CC="0760"/>
						<SP ID="P3_SP00628" HPOS="1854" VPOS="1796" WIDTH="28"/>
						<String ID="P3_ST00733" HPOS="1882" VPOS="1763" WIDTH="118" HEIGHT="29" CONTENT="Sturm-" WC="0.99" CC="008003"/>
					</TextLine>
					<TextLine ID="P3_TL00106" HPOS="1105" VPOS="1812" WIDTH="894" HEIGHT="35">
						<String ID="P3_ST00734" HPOS="1105" VPOS="1812" WIDTH="97" HEIGHT="28" CONTENT="Onkel" WC="0.98" CC="53007"/>
						<SP ID="P3_SP00629" HPOS="1202" VPOS="1840" WIDTH="38"/>
						<String ID="P3_ST00735" HPOS="1240" VPOS="1812" WIDTH="50" HEIGHT="30" CONTENT="hat" WC="0.98" CC="040"/>
						<SP ID="P3_SP00630" HPOS="1290" VPOS="1842" WIDTH="35"/>
						<String ID="P3_ST00736" HPOS="1325" VPOS="1813" WIDTH="54" HEIGHT="29" CONTENT="mit" WC="0.98" CC="040"/>
						<SP ID="P3_SP00631" HPOS="1379" VPOS="1842" WIDTH="33"/>
						<String ID="P3_ST00737" HPOS="1412" VPOS="1816" WIDTH="91" HEIGHT="30" CONTENT="guten" WC="0.98" CC="07014"/>
						<SP ID="P3_SP00632" HPOS="1503" VPOS="1846" WIDTH="36"/>
						<String ID="P3_ST00738" HPOS="1539" VPOS="1814" WIDTH="173" HEIGHT="28" CONTENT="Landeiern" WC="0.99" CC="407004017"/>
						<SP ID="P3_SP00633" HPOS="1712" VPOS="1846" WIDTH="36"/>
						<String ID="P3_ST00739" HPOS="1748" VPOS="1814" WIDTH="169" HEIGHT="33" CONTENT="geworfen," WC="0.99" CC="020067074"/>
						<SP ID="P3_SP00634" HPOS="1917" VPOS="1847" WIDTH="39"/>
						<String ID="P3_ST00740" HPOS="1956" VPOS="1815" WIDTH="43" HEIGHT="29" CONTENT="sie" WC="0.97" CC="070"/>
					</TextLine>
					<TextLine ID="P3_TL00107" HPOS="1104" VPOS="1863" WIDTH="896" HEIGHT="35">
						<String ID="P3_ST00741" HPOS="1104" VPOS="1863" WIDTH="112" HEIGHT="29" CONTENT="rochen" WC="0.98" CC="505606"/>
						<SP ID="P3_SP00635" HPOS="1216" VPOS="1892" WIDTH="31"/>
						<String ID="P3_ST00742" HPOS="1247" VPOS="1872" WIDTH="56" HEIGHT="19" CONTENT="nur" WC="0.95" CC="760"/>
						<SP ID="P3_SP00636" HPOS="1303" VPOS="1892" WIDTH="30"/>
						<String ID="P3_ST00743" HPOS="1333" VPOS="1865" WIDTH="55" HEIGHT="27" CONTENT="den" WC="0.97" CC="007"/>
						<SP ID="P3_SP00637" HPOS="1388" VPOS="1892" WIDTH="31"/>
						<String ID="P3_ST00744" HPOS="1419" VPOS="1863" WIDTH="100" HEIGHT="31" CONTENT="faulen" WC="0.98" CC="707203"/>
						<SP ID="P3_SP00638" HPOS="1519" VPOS="1894" WIDTH="32"/>
						<String ID="P3_ST00745" HPOS="1551" VPOS="1865" WIDTH="116" HEIGHT="33" CONTENT="Köpfen" WC="0.98" CC="009633"/>
						<SP ID="P3_SP00639" HPOS="1667" VPOS="1898" WIDTH="33"/>
						<String ID="P3_ST00746" HPOS="1700" VPOS="1865" WIDTH="52" HEIGHT="28" CONTENT="der" WC="0.98" CC="005"/>
						<SP ID="P3_SP00640" HPOS="1752" VPOS="1898" WIDTH="32"/>
						<String ID="P3_ST00747" HPOS="1784" VPOS="1865" WIDTH="216" HEIGHT="29" CONTENT="Schlesischen" WC="0.83" CC="210600000007"/>
					</TextLine>
					<TextLine ID="P3_TL00108" HPOS="1103" VPOS="1913" WIDTH="896" HEIGHT="37">
						<String ID="P3_ST00748" HPOS="1103" VPOS="1913" WIDTH="220" HEIGHT="37" CONTENT="Volkszeitung" WC="0.99" CC="035000026880"/>
						<SP ID="P3_SP00641" HPOS="1323" VPOS="1950" WIDTH="22"/>
						<String ID="P3_ST00749" HPOS="1345" VPOS="1914" WIDTH="70" HEIGHT="29" CONTENT="faul." WC="0.97" CC="60843"/>
						<SP ID="P3_SP00642" HPOS="1415" VPOS="1950" WIDTH="32"/>
						<String ID="P3_ST00750" HPOS="1447" VPOS="1915" WIDTH="78" HEIGHT="30" CONTENT="Dem" WC="1.00" CC="000"/>
						<SP ID="P3_SP00643" HPOS="1525" VPOS="1950" WIDTH="22"/>
						<String ID="P3_ST00751" HPOS="1547" VPOS="1916" WIDTH="112" HEIGHT="29" CONTENT="Faulen" WC="0.98" CC="625505"/>
						<SP ID="P3_SP00644" HPOS="1659" VPOS="1950" WIDTH="24"/>
						<String ID="P3_ST00752" HPOS="1683" VPOS="1917" WIDTH="37" HEIGHT="29" CONTENT="ist" WC="0.99" CC="300"/>
						<SP ID="P3_SP00645" HPOS="1720" VPOS="1950" WIDTH="25"/>
						<String ID="P3_ST00753" HPOS="1745" VPOS="1916" WIDTH="73" HEIGHT="32" CONTENT="alles" WC="0.98" CC="01650"/>
						<SP ID="P3_SP00646" HPOS="1818" VPOS="1950" WIDTH="22"/>
						<String ID="P3_ST00754" HPOS="1840" VPOS="1916" WIDTH="70" HEIGHT="29" CONTENT="faul." WC="0.97" CC="50654"/>
						<SP ID="P3_SP00647" HPOS="1910" VPOS="1950" WIDTH="35"/>
						<String ID="P3_ST00755" HPOS="1945" VPOS="1917" WIDTH="54" HEIGHT="28" CONTENT="Die" WC="1.00" CC="000"/>
					</TextLine>
					<TextLine ID="P3_TL00109" HPOS="1103" VPOS="1964" WIDTH="896" HEIGHT="33">
						<String ID="P3_ST00756" HPOS="1103" VPOS="1964" WIDTH="117" HEIGHT="29" CONTENT="Herren" WC="0.98" CC="754304"/>
						<SP ID="P3_SP00648" HPOS="1220" VPOS="1993" WIDTH="25"/>
						<String ID="P3_ST00757" HPOS="1245" VPOS="1965" WIDTH="79" HEIGHT="30" CONTENT="ohne" WC="0.95" CC="6772"/>
						<SP ID="P3_SP00649" HPOS="1324" VPOS="1995" WIDTH="24"/>
						<String ID="P3_ST00758" HPOS="1348" VPOS="1966" WIDTH="116" HEIGHT="29" CONTENT="Namen" WC="0.96" CC="86606"/>
						<SP ID="P3_SP00650" HPOS="1464" VPOS="1995" WIDTH="27"/>
						<String ID="P3_ST00759" HPOS="1491" VPOS="1974" WIDTH="61" HEIGHT="21" CONTENT="von" WC="0.96" CC="018"/>
						<SP ID="P3_SP00651" HPOS="1552" VPOS="1995" WIDTH="24"/>
						<String ID="P3_ST00760" HPOS="1576" VPOS="1969" WIDTH="52" HEIGHT="27" CONTENT="der" WC="0.99" CC="003"/>
						<SP ID="P3_SP00652" HPOS="1628" VPOS="1996" WIDTH="24"/>
						<String ID="P3_ST00761" HPOS="1652" VPOS="1967" WIDTH="215" HEIGHT="30" CONTENT="Schlesischen" WC="0.81" CC="030500402006"/>
						<SP ID="P3_SP00653" HPOS="1867" VPOS="1997" WIDTH="24"/>
						<String ID="P3_ST00762" HPOS="1891" VPOS="1967" WIDTH="90" HEIGHT="30" CONTENT="Volks" SUBS_TYPE="HypPart1" SUBS_CONTENT="Volkszeitung" WC="0.99" CC="06600"/>
						<HYP HPOS="1981" VPOS="1967" WIDTH="18" CONTENT="-"/>
					</TextLine>
					<TextLine ID="P3_TL00110" HPOS="1104" VPOS="2017" WIDTH="895" HEIGHT="34">
						<String ID="P3_ST00763" HPOS="1104" VPOS="2018" WIDTH="122" HEIGHT="33" CONTENT="zeitung" SUBS_TYPE="HypPart2" SUBS_CONTENT="Volkszeitung" WC="0.99" CC="0020760"/>
						<SP ID="P3_SP00654" HPOS="1226" VPOS="2051" WIDTH="28"/>
						<String ID="P3_ST00764" HPOS="1254" VPOS="2017" WIDTH="110" HEIGHT="28" CONTENT="sollten" WC="0.99" CC="0032056"/>
						<SP ID="P3_SP00655" HPOS="1364" VPOS="2051" WIDTH="29"/>
						<String ID="P3_ST00765" HPOS="1393" VPOS="2018" WIDTH="57" HEIGHT="28" CONTENT="den" WC="0.91" CC="787"/>
						<SP ID="P3_SP00656" HPOS="1450" VPOS="2051" WIDTH="29"/>
						<String ID="P3_ST00766" HPOS="1479" VPOS="2018" WIDTH="104" HEIGHT="29" CONTENT="Sturm" WC="0.99" CC="00540"/>
						<SP ID="P3_SP00657" HPOS="1583" VPOS="2051" WIDTH="37"/>
						<String ID="P3_ST00767" HPOS="1620" VPOS="2021" WIDTH="99" HEIGHT="26" CONTENT="etwas" WC="0.99" CC="00041"/>
						<SP ID="P3_SP00658" HPOS="1719" VPOS="2051" WIDTH="39"/>
						<String ID="P3_ST00768" HPOS="1758" VPOS="2021" WIDTH="107" HEIGHT="28" CONTENT="besser" WC="1.00" CC="000000"/>
						<SP ID="P3_SP00659" HPOS="1865" VPOS="2051" WIDTH="40"/>
						<String ID="P3_ST00769" HPOS="1905" VPOS="2019" WIDTH="94" HEIGHT="29" CONTENT="lesen." WC="0.99" CC="410034"/>
					</TextLine>
					<TextLine ID="P3_TL00111" HPOS="1103" VPOS="2067" WIDTH="897" HEIGHT="36">
						<String ID="P3_ST00770" HPOS="1103" VPOS="2067" WIDTH="101" HEIGHT="29" CONTENT="Wann" WC="0.96" CC="0367"/>
						<SP ID="P3_SP00660" HPOS="1204" VPOS="2096" WIDTH="23"/>
						<String ID="P3_ST00771" HPOS="1227" VPOS="2068" WIDTH="78" HEIGHT="29" CONTENT="habe" WC="1.00" CC="0000"/>
						<SP ID="P3_SP00661" HPOS="1305" VPOS="2097" WIDTH="26"/>
						<String ID="P3_ST00772" HPOS="1331" VPOS="2069" WIDTH="45" HEIGHT="28" CONTENT="ich" WC="0.98" CC="600"/>
						<SP ID="P3_SP00662" HPOS="1376" VPOS="2097" WIDTH="24"/>
						<String ID="P3_ST00773" HPOS="1400" VPOS="2070" WIDTH="26" HEIGHT="30" CONTENT="je" WC="0.54" CC="62"/>
						<SP ID="P3_SP00663" HPOS="1426" VPOS="2100" WIDTH="25"/>
						<String ID="P3_ST00774" HPOS="1451" VPOS="2069" WIDTH="175" HEIGHT="34" CONTENT="behauptet," WC="0.99" CC="0604600003"/>
						<SP ID="P3_SP00664" HPOS="1626" VPOS="2103" WIDTH="25"/>
						<String ID="P3_ST00775" HPOS="1651" VPOS="2070" WIDTH="56" HEIGHT="28" CONTENT="daß" WC="0.97" CC="060"/>
						<SP ID="P3_SP00665" HPOS="1707" VPOS="2103" WIDTH="27"/>
						<String ID="P3_ST00776" HPOS="1734" VPOS="2071" WIDTH="46" HEIGHT="28" CONTENT="die" WC="0.98" CC="040"/>
						<SP ID="P3_SP00666" HPOS="1780" VPOS="2103" WIDTH="24"/>
						<String ID="P3_ST00777" HPOS="1804" VPOS="2070" WIDTH="98" HEIGHT="31" CONTENT="Kunst" WC="0.97" CC="77700"/>
						<SP ID="P3_SP00667" HPOS="1902" VPOS="2103" WIDTH="22"/>
						<String ID="P3_ST00778" HPOS="1924" VPOS="2070" WIDTH="61" HEIGHT="29" CONTENT="fort" SUBS_TYPE="HypPart1" SUBS_CONTENT="fortschrittlich" WC="0.98" CC="5560"/>
						<HYP HPOS="1985" VPOS="2070" WIDTH="15" CONTENT="-"/>
					</TextLine>
					<TextLine ID="P3_TL00112" HPOS="1103" VPOS="2119" WIDTH="897" HEIGHT="35">
						<String ID="P3_ST00779" HPOS="1103" VPOS="2119" WIDTH="167" HEIGHT="29" CONTENT="schrittlich" SUBS_TYPE="HypPart2" SUBS_CONTENT="fortschrittlich" WC="1.00" CC="00000005500"/>
						<SP ID="P3_SP00668" HPOS="1270" VPOS="2148" WIDTH="21"/>
						<String ID="P3_ST00780" HPOS="1291" VPOS="2128" WIDTH="156" HEIGHT="25" CONTENT="gesonnen" WC="0.98" CC="90007807"/>
						<SP ID="P3_SP00669" HPOS="1447" VPOS="2153" WIDTH="18"/>
						<String ID="P3_ST00781" HPOS="1465" VPOS="2122" WIDTH="64" HEIGHT="27" CONTENT="sein" WC="0.99" CC="0004"/>
						<SP ID="P3_SP00670" HPOS="1529" VPOS="2153" WIDTH="19"/>
						<String ID="P3_ST00782" HPOS="1548" VPOS="2120" WIDTH="64" HEIGHT="30" CONTENT="soll." WC="0.98" CC="01450"/>
						<SP ID="P3_SP00671" HPOS="1612" VPOS="2153" WIDTH="28"/>
						<String ID="P3_ST00783" HPOS="1640" VPOS="2121" WIDTH="42" HEIGHT="28" CONTENT="Im" WC="0.89" CC="20"/>
						<SP ID="P3_SP00672" HPOS="1682" VPOS="2153" WIDTH="23"/>
						<String ID="P3_ST00784" HPOS="1705" VPOS="2122" WIDTH="167" HEIGHT="32" CONTENT="Gegenteil," WC="0.99" CC="7090802500"/>
						<SP ID="P3_SP00673" HPOS="1872" VPOS="2154" WIDTH="21"/>
						<String ID="P3_ST00785" HPOS="1893" VPOS="2121" WIDTH="90" HEIGHT="29" CONTENT="katho" SUBS_TYPE="HypPart1" SUBS_CONTENT="katholisch" WC="0.99" CC="09003"/>
						<HYP HPOS="1983" VPOS="2121" WIDTH="17" CONTENT="-"/>
					</TextLine>
					<TextLine ID="P3_TL00113" HPOS="1103" VPOS="2169" WIDTH="897" HEIGHT="34">
						<String ID="P3_ST00786" HPOS="1103" VPOS="2169" WIDTH="74" HEIGHT="30" CONTENT="lisch" SUBS_TYPE="HypPart2" SUBS_CONTENT="katholisch" WC="0.99" CC="32200"/>
						<SP ID="P3_SP00674" HPOS="1177" VPOS="2199" WIDTH="20"/>
						<String ID="P3_ST00787" HPOS="1197" VPOS="2171" WIDTH="38" HEIGHT="27" CONTENT="ist" WC="0.98" CC="600"/>
						<SP ID="P3_SP00675" HPOS="1235" VPOS="2199" WIDTH="18"/>
						<String ID="P3_ST00788" HPOS="1253" VPOS="2170" WIDTH="137" HEIGHT="33" CONTENT="Trumpf." WC="0.99" CC="2060064"/>
						<SP ID="P3_SP00676" HPOS="1390" VPOS="2203" WIDTH="31"/>
						<String ID="P3_ST00789" HPOS="1421" VPOS="2170" WIDTH="81" HEIGHT="29" CONTENT="Aber" WC="0.98" CC="0044"/>
						<SP ID="P3_SP00677" HPOS="1502" VPOS="2203" WIDTH="23"/>
						<String ID="P3_ST00790" HPOS="1525" VPOS="2172" WIDTH="53" HEIGHT="27" CONTENT="das" WC="0.97" CC="071"/>
						<SP ID="P3_SP00678" HPOS="1578" VPOS="2203" WIDTH="22"/>
						<String ID="P3_ST00791" HPOS="1600" VPOS="2171" WIDTH="196" HEIGHT="32" CONTENT="Katholische" WC="1.00" CC="00070320300"/>
						<SP ID="P3_SP00679" HPOS="1796" VPOS="2203" WIDTH="25"/>
						<String ID="P3_ST00792" HPOS="1821" VPOS="2174" WIDTH="52" HEIGHT="27" CONTENT="der" WC="1.00" CC="001"/>
						<SP ID="P3_SP00680" HPOS="1873" VPOS="2203" WIDTH="23"/>
						<String ID="P3_ST00793" HPOS="1896" VPOS="2172" WIDTH="87" HEIGHT="29" CONTENT="Schle" SUBS_TYPE="HypPart1" SUBS_CONTENT="Schlesischen" WC="0.86" CC="01051"/>
						<HYP HPOS="1983" VPOS="2172" WIDTH="17" CONTENT="-"/>
					</TextLine>
					<TextLine ID="P3_TL00114" HPOS="1103" VPOS="2220" WIDTH="898" HEIGHT="36">
						<String ID="P3_ST00794" HPOS="1103" VPOS="2220" WIDTH="120" HEIGHT="30" CONTENT="sischen" SUBS_TYPE="HypPart2" SUBS_CONTENT="Schlesischen" WC="0.70" CC="3740005"/>
						<SP ID="P3_SP00681" HPOS="1223" VPOS="2250" WIDTH="18"/>
						<String ID="P3_ST00795" HPOS="1241" VPOS="2221" WIDTH="222" HEIGHT="33" CONTENT="Volkszeitung" WC="0.99" CC="032000060670"/>
						<SP ID="P3_SP00682" HPOS="1463" VPOS="2254" WIDTH="17"/>
						<String ID="P3_ST00796" HPOS="1480" VPOS="2223" WIDTH="39" HEIGHT="28" CONTENT="ist" WC="1.00" CC="000"/>
						<SP ID="P3_SP00683" HPOS="1519" VPOS="2254" WIDTH="15"/>
						<String ID="P3_ST00797" HPOS="1534" VPOS="2232" WIDTH="55" HEIGHT="19" CONTENT="nur" WC="0.95" CC="480"/>
						<SP ID="P3_SP00684" HPOS="1589" VPOS="2254" WIDTH="11"/>
						<String ID="P3_ST00798" HPOS="1600" VPOS="2223" WIDTH="156" HEIGHT="33" CONTENT="Tendenz," WC="0.99" CC="20400703"/>
						<SP ID="P3_SP00685" HPOS="1756" VPOS="2256" WIDTH="17"/>
						<String ID="P3_ST00799" HPOS="1773" VPOS="2223" WIDTH="155" HEIGHT="30" CONTENT="vielleicht" WC="0.99" CC="0204402300"/>
						<SP ID="P3_SP00686" HPOS="1928" VPOS="2256" WIDTH="13"/>
						<String ID="P3_ST00800" HPOS="1941" VPOS="2223" WIDTH="40" HEIGHT="29" CONTENT="Ge" SUBS_TYPE="HypPart1" SUBS_CONTENT="Gesinnung," WC="0.96" CC="70"/>
						<HYP HPOS="1981" VPOS="2223" WIDTH="20" CONTENT="-"/>
					</TextLine>
					<TextLine ID="P3_TL00115" HPOS="1104" VPOS="2272" WIDTH="896" HEIGHT="33">
						<String ID="P3_ST00801" HPOS="1104" VPOS="2273" WIDTH="138" HEIGHT="32" CONTENT="sinnung," SUBS_TYPE="HypPart2" SUBS_CONTENT="Gesinnung," WC="0.98" CC="05678890"/>
						<SP ID="P3_SP00687" HPOS="1242" VPOS="2305" WIDTH="28"/>
						<String ID="P3_ST00802" HPOS="1270" VPOS="2272" WIDTH="174" HEIGHT="29" CONTENT="keinesfalls" WC="0.99" CC="00371066230"/>
						<SP ID="P3_SP00688" HPOS="1444" VPOS="2305" WIDTH="28"/>
						<String ID="P3_ST00803" HPOS="1472" VPOS="2274" WIDTH="73" HEIGHT="29" CONTENT="aber" WC="0.97" CC="9030"/>
						<SP ID="P3_SP00689" HPOS="1545" VPOS="2305" WIDTH="25"/>
						<String ID="P3_ST00804" HPOS="1570" VPOS="2274" WIDTH="82" HEIGHT="30" CONTENT="Sinn." WC="0.97" CC="05581"/>
						<SP ID="P3_SP00690" HPOS="1652" VPOS="2305" WIDTH="33"/>
						<String ID="P3_ST00805" HPOS="1685" VPOS="2274" WIDTH="86" HEIGHT="29" CONTENT="Denn" WC="0.96" CC="1087"/>
						<SP ID="P3_SP00691" HPOS="1771" VPOS="2305" WIDTH="28"/>
						<String ID="P3_ST00806" HPOS="1799" VPOS="2276" WIDTH="47" HEIGHT="27" CONTENT="die" WC="1.00" CC="000"/>
						<SP ID="P3_SP00692" HPOS="1846" VPOS="2305" WIDTH="25"/>
						<String ID="P3_ST00807" HPOS="1871" VPOS="2275" WIDTH="115" HEIGHT="29" CONTENT="literari" SUBS_TYPE="HypPart1" SUBS_CONTENT="literarische" WC="0.99" CC="70000424"/>
						<HYP HPOS="1986" VPOS="2275" WIDTH="14" CONTENT="-"/>
					</TextLine>
					<TextLine ID="P3_TL00116" HPOS="1103" VPOS="2323" WIDTH="897" HEIGHT="36">
						<String ID="P3_ST00808" HPOS="1103" VPOS="2323" WIDTH="73" HEIGHT="29" CONTENT="sche" SUBS_TYPE="HypPart2" SUBS_CONTENT="literarische" WC="0.99" CC="0300"/>
						<SP ID="P3_SP00693" HPOS="1176" VPOS="2352" WIDTH="27"/>
						<String ID="P3_ST00809" HPOS="1203" VPOS="2324" WIDTH="96" HEIGHT="31" CONTENT="Kritik" WC="0.99" CC="005030"/>
						<SP ID="P3_SP00694" HPOS="1299" VPOS="2355" WIDTH="28"/>
						<String ID="P3_ST00810" HPOS="1327" VPOS="2324" WIDTH="53" HEIGHT="28" CONTENT="der" WC="0.99" CC="003"/>
						<SP ID="P3_SP00695" HPOS="1380" VPOS="2355" WIDTH="24"/>
						<String ID="P3_ST00811" HPOS="1404" VPOS="2324" WIDTH="215" HEIGHT="30" CONTENT="Schlesischen" WC="0.78" CC="000405700026"/>
						<SP ID="P3_SP00696" HPOS="1619" VPOS="2355" WIDTH="28"/>
						<String ID="P3_ST00812" HPOS="1647" VPOS="2325" WIDTH="220" HEIGHT="34" CONTENT="Volkszeitung" WC="0.99" CC="074500060810"/>
						<SP ID="P3_SP00697" HPOS="1867" VPOS="2359" WIDTH="24"/>
						<String ID="P3_ST00813" HPOS="1891" VPOS="2326" WIDTH="109" HEIGHT="29" CONTENT="würde" WC="0.99" CC="90000"/>
					</TextLine>
					<TextLine ID="P3_TL00117" HPOS="1105" VPOS="2374" WIDTH="895" HEIGHT="33">
						<String ID="P3_ST00814" HPOS="1105" VPOS="2374" WIDTH="56" HEIGHT="28" CONTENT="den" WC="0.98" CC="006"/>
						<SP ID="P3_SP00698" HPOS="1161" VPOS="2402" WIDTH="19"/>
						<String ID="P3_ST00815" HPOS="1180" VPOS="2375" WIDTH="72" HEIGHT="29" CONTENT="Sinn" WC="0.97" CC="0760"/>
						<SP ID="P3_SP00699" HPOS="1252" VPOS="2404" WIDTH="23"/>
						<String ID="P3_ST00816" HPOS="1275" VPOS="2375" WIDTH="54" HEIGHT="29" CONTENT="des" WC="1.00" CC="000"/>
						<SP ID="P3_SP00700" HPOS="1329" VPOS="2404" WIDTH="19"/>
						<String ID="P3_ST00817" HPOS="1348" VPOS="2375" WIDTH="237" HEIGHT="32" CONTENT="Katholizismus" WC="1.00" CC="0000436060070"/>
						<SP ID="P3_SP00701" HPOS="1585" VPOS="2407" WIDTH="21"/>
						<String ID="P3_ST00818" HPOS="1606" VPOS="2376" WIDTH="48" HEIGHT="30" CONTENT="für" WC="0.97" CC="600"/>
						<SP ID="P3_SP00702" HPOS="1654" VPOS="2407" WIDTH="19"/>
						<String ID="P3_ST00819" HPOS="1673" VPOS="2378" WIDTH="116" HEIGHT="29" CONTENT="Unsinn" WC="0.98" CC="060055"/>
						<SP ID="P3_SP00703" HPOS="1789" VPOS="2407" WIDTH="20"/>
						<String ID="P3_ST00820" HPOS="1809" VPOS="2378" WIDTH="110" HEIGHT="28" CONTENT="halten." WC="0.99" CC="0610063"/>
						<SP ID="P3_SP00704" HPOS="1919" VPOS="2407" WIDTH="30"/>
						<String ID="P3_ST00821" HPOS="1949" VPOS="2378" WIDTH="51" HEIGHT="29" CONTENT="Sie" WC="0.99" CC="010"/>
					</TextLine>
					<TextLine ID="P3_TL00118" HPOS="1103" VPOS="2426" WIDTH="897" HEIGHT="32">
						<String ID="P3_ST00822" HPOS="1103" VPOS="2426" WIDTH="132" HEIGHT="28" CONTENT="verdaut" WC="0.99" CC="0020560"/>
						<SP ID="P3_SP00705" HPOS="1235" VPOS="2454" WIDTH="26"/>
						<String ID="P3_ST00823" HPOS="1261" VPOS="2427" WIDTH="56" HEIGHT="28" CONTENT="den" WC="0.97" CC="006"/>
						<SP ID="P3_SP00706" HPOS="1317" VPOS="2455" WIDTH="26"/>
						<String ID="P3_ST00824" HPOS="1343" VPOS="2427" WIDTH="73" HEIGHT="29" CONTENT="Sinn" WC="0.97" CC="0564"/>
						<SP ID="P3_SP00707" HPOS="1416" VPOS="2456" WIDTH="23"/>
						<String ID="P3_ST00825" HPOS="1439" VPOS="2435" WIDTH="55" HEIGHT="21" CONTENT="nur" WC="0.97" CC="080"/>
						<SP ID="P3_SP00708" HPOS="1494" VPOS="2456" WIDTH="25"/>
						<String ID="P3_ST00826" HPOS="1519" VPOS="2428" WIDTH="52" HEIGHT="28" CONTENT="der" WC="1.00" CC="000"/>
						<SP ID="P3_SP00709" HPOS="1571" VPOS="2456" WIDTH="25"/>
						<String ID="P3_ST00827" HPOS="1596" VPOS="2427" WIDTH="215" HEIGHT="30" CONTENT="Schlesischen" WC="0.84" CC="000300123303"/>
						<SP ID="P3_SP00710" HPOS="1811" VPOS="2457" WIDTH="26"/>
						<String ID="P3_ST00828" HPOS="1837" VPOS="2428" WIDTH="143" HEIGHT="30" CONTENT="Himmels" SUBS_TYPE="HypPart1" SUBS_CONTENT="Himmelsspeise." WC="0.99" CC="7306030"/>
						<HYP HPOS="1980" VPOS="2428" WIDTH="20" CONTENT="-"/>
					</TextLine>
					<TextLine ID="P3_TL00119" HPOS="1104" VPOS="2477" WIDTH="896" HEIGHT="35">
						<String ID="P3_ST00829" HPOS="1104" VPOS="2478" WIDTH="110" HEIGHT="32" CONTENT="speise." SUBS_TYPE="HypPart2" SUBS_CONTENT="Himmelsspeise." WC="0.99" CC="0005304"/>
						<SP ID="P3_SP00711" HPOS="1214" VPOS="2510" WIDTH="28"/>
						<String ID="P3_ST00830" HPOS="1242" VPOS="2477" WIDTH="84" HEIGHT="33" CONTENT="„Wir" WC="0.98" CC="5040"/>
						<SP ID="P3_SP00712" HPOS="1326" VPOS="2510" WIDTH="20"/>
						<String ID="P3_ST00831" HPOS="1346" VPOS="2479" WIDTH="131" HEIGHT="33" CONTENT="glauben" WC="0.98" CC="0567005"/>
						<SP ID="P3_SP00713" HPOS="1477" VPOS="2512" WIDTH="19"/>
						<String ID="P3_ST00832" HPOS="1496" VPOS="2477" WIDTH="47" HEIGHT="30" CONTENT="für" WC="0.97" CC="701"/>
						<SP ID="P3_SP00714" HPOS="1543" VPOS="2512" WIDTH="21"/>
						<String ID="P3_ST00833" HPOS="1564" VPOS="2488" WIDTH="55" HEIGHT="20" CONTENT="uns" WC="0.95" CC="650"/>
						<SP ID="P3_SP00715" HPOS="1619" VPOS="2512" WIDTH="22"/>
						<String ID="P3_ST00834" HPOS="1641" VPOS="2481" WIDTH="29" HEIGHT="27" CONTENT="in" WC="0.34" CC="66"/>
						<SP ID="P3_SP00716" HPOS="1670" VPOS="2512" WIDTH="19"/>
						<String ID="P3_ST00835" HPOS="1689" VPOS="2479" WIDTH="160" HEIGHT="33" CONTENT="Anspruch" WC="0.99" CC="06015400"/>
						<SP ID="P3_SP00717" HPOS="1849" VPOS="2512" WIDTH="21"/>
						<String ID="P3_ST00836" HPOS="1870" VPOS="2479" WIDTH="130" HEIGHT="30" CONTENT="nehmen" WC="0.99" CC="600004"/>
					</TextLine>
					<TextLine ID="P3_TL00120" HPOS="1105" VPOS="2528" WIDTH="896" HEIGHT="36">
						<String ID="P3_ST00837" HPOS="1105" VPOS="2537" WIDTH="35" HEIGHT="20" CONTENT="zu" WC="0.51" CC="36"/>
						<SP ID="P3_SP00718" HPOS="1140" VPOS="2557" WIDTH="27"/>
						<String ID="P3_ST00838" HPOS="1167" VPOS="2528" WIDTH="130" HEIGHT="34" CONTENT="können," WC="0.99" CC="0057022"/>
						<SP ID="P3_SP00719" HPOS="1297" VPOS="2562" WIDTH="30"/>
						<String ID="P3_ST00839" HPOS="1327" VPOS="2529" WIDTH="57" HEIGHT="28" CONTENT="daß" WC="0.98" CC="050"/>
						<SP ID="P3_SP00720" HPOS="1384" VPOS="2562" WIDTH="27"/>
						<String ID="P3_ST00840" HPOS="1411" VPOS="2530" WIDTH="57" HEIGHT="27" CONTENT="wir" WC="0.97" CC="060"/>
						<SP ID="P3_SP00721" HPOS="1468" VPOS="2562" WIDTH="28"/>
						<String ID="P3_ST00841" HPOS="1496" VPOS="2531" WIDTH="100" HEIGHT="31" CONTENT="jedem" WC="0.99" CC="70000"/>
						<SP ID="P3_SP00722" HPOS="1596" VPOS="2562" WIDTH="25"/>
						<String ID="P3_ST00842" HPOS="1621" VPOS="2530" WIDTH="152" HEIGHT="29" CONTENT="ehrlichen" WC="0.99" CC="000525007"/>
						<SP ID="P3_SP00723" HPOS="1773" VPOS="2562" WIDTH="30"/>
						<String ID="P3_ST00843" HPOS="1803" VPOS="2530" WIDTH="117" HEIGHT="34" CONTENT="Ringen" WC="0.98" CC="021905"/>
						<SP ID="P3_SP00724" HPOS="1920" VPOS="2564" WIDTH="28"/>
						<String ID="P3_ST00844" HPOS="1948" VPOS="2533" WIDTH="53" HEIGHT="27" CONTENT="mit" WC="0.95" CC="049"/>
					</TextLine>
					<TextLine ID="P3_TL00121" HPOS="1103" VPOS="2578" WIDTH="897" HEIGHT="37">
						<String ID="P3_ST00845" HPOS="1103" VPOS="2578" WIDTH="178" HEIGHT="31" CONTENT="Teilnahme" WC="0.99" CC="020354000"/>
						<SP ID="P3_SP00725" HPOS="1281" VPOS="2609" WIDTH="37"/>
						<String ID="P3_ST00846" HPOS="1318" VPOS="2579" WIDTH="169" HEIGHT="34" CONTENT="begegnen," WC="0.99" CC="500004060"/>
						<SP ID="P3_SP00726" HPOS="1487" VPOS="2613" WIDTH="37"/>
						<String ID="P3_ST00847" HPOS="1524" VPOS="2581" WIDTH="74" HEIGHT="28" CONTENT="aber" WC="0.99" CC="0002"/>
						<SP ID="P3_SP00727" HPOS="1598" VPOS="2613" WIDTH="42"/>
						<String ID="P3_ST00848" HPOS="1640" VPOS="2581" WIDTH="100" HEIGHT="29" CONTENT="dieses" WC="0.99" CC="061050"/>
						<SP ID="P3_SP00728" HPOS="1740" VPOS="2613" WIDTH="40"/>
						<String ID="P3_ST00849" HPOS="1780" VPOS="2581" WIDTH="220" HEIGHT="34" CONTENT='„Geschehen"' WC="0.99" CC="66000600033"/>
					</TextLine>
					<TextLine ID="P3_TL00122" HPOS="1104" VPOS="2630" WIDTH="895" HEIGHT="37">
						<String ID="P3_ST00850" HPOS="1104" VPOS="2631" WIDTH="78" HEIGHT="28" CONTENT="wird" WC="0.99" CC="0500"/>
						<SP ID="P3_SP00729" HPOS="1182" VPOS="2659" WIDTH="19"/>
						<String ID="P3_ST00851" HPOS="1201" VPOS="2638" WIDTH="70" HEIGHT="22" CONTENT="man" WC="0.95" CC="056"/>
						<SP ID="P3_SP00730" HPOS="1271" VPOS="2660" WIDTH="22"/>
						<String ID="P3_ST00852" HPOS="1293" VPOS="2630" WIDTH="43" HEIGHT="30" CONTENT="als" WC="0.98" CC="050"/>
						<SP ID="P3_SP00731" HPOS="1336" VPOS="2660" WIDTH="21"/>
						<String ID="P3_ST00853" HPOS="1357" VPOS="2632" WIDTH="97" HEIGHT="28" CONTENT="selbst" WC="0.99" CC="007050"/>
						<SP ID="P3_SP00732" HPOS="1454" VPOS="2660" WIDTH="18"/>
						<String ID="P3_ST00854" HPOS="1472" VPOS="2632" WIDTH="47" HEIGHT="29" CONTENT="für" WC="0.97" CC="510"/>
						<SP ID="P3_SP00733" HPOS="1519" VPOS="2661" WIDTH="20"/>
						<String ID="P3_ST00855" HPOS="1539" VPOS="2632" WIDTH="66" HEIGHT="28" CONTENT="eine" WC="0.99" CC="0200"/>
						<SP ID="P3_SP00734" HPOS="1605" VPOS="2661" WIDTH="20"/>
						<String ID="P3_ST00856" HPOS="1625" VPOS="2632" WIDTH="197" HEIGHT="35" CONTENT="Bierzeitung" WC="0.99" CC="16000050889"/>
						<SP ID="P3_SP00735" HPOS="1822" VPOS="2667" WIDTH="17"/>
						<String ID="P3_ST00857" HPOS="1839" VPOS="2641" WIDTH="38" HEIGHT="20" CONTENT="zu" WC="0.67" CC="06"/>
						<SP ID="P3_SP00736" HPOS="1877" VPOS="2667" WIDTH="21"/>
						<String ID="P3_ST00858" HPOS="1898" VPOS="2634" WIDTH="101" HEIGHT="28" CONTENT="dumm" WC="0.94" CC="0699"/>
					</TextLine>
					<TextLine ID="P3_TL00123" HPOS="1106" VPOS="2680" WIDTH="895" HEIGHT="35">
						<String ID="P3_ST00859" HPOS="1106" VPOS="2680" WIDTH="157" HEIGHT="32" CONTENT="ablehnen." WC="0.99" CC="004000074"/>
						<SP ID="P3_SP00737" HPOS="1263" VPOS="2712" WIDTH="50"/>
						<String ID="P3_ST00860" HPOS="1313" VPOS="2682" WIDTH="63" HEIGHT="28" CONTENT="Das" WC="0.98" CC="500"/>
						<SP ID="P3_SP00738" HPOS="1376" VPOS="2712" WIDTH="36"/>
						<String ID="P3_ST00861" HPOS="1412" VPOS="2682" WIDTH="139" HEIGHT="29" CONTENT="Berliner" WC="0.99" CC="40073306"/>
						<SP ID="P3_SP00739" HPOS="1551" VPOS="2712" WIDTH="38"/>
						<String ID="P3_ST00862" HPOS="1589" VPOS="2682" WIDTH="164" HEIGHT="33" CONTENT="Tageblatt" WC="1.00" CC="010003000"/>
						<SP ID="P3_SP00740" HPOS="1753" VPOS="2715" WIDTH="39"/>
						<String ID="P3_ST00863" HPOS="1792" VPOS="2683" WIDTH="74" HEIGHT="29" CONTENT="aber" WC="0.99" CC="0006"/>
						<SP ID="P3_SP00741" HPOS="1866" VPOS="2715" WIDTH="40"/>
						<String ID="P3_ST00864" HPOS="1906" VPOS="2684" WIDTH="95" HEIGHT="28" CONTENT="findet" WC="0.98" CC="613007"/>
					</TextLine>
					<TextLine ID="P3_TL00124" HPOS="1106" VPOS="2733" WIDTH="894" HEIGHT="35">
						<String ID="P3_ST00865" HPOS="1106" VPOS="2733" WIDTH="103" HEIGHT="28" CONTENT="diesen" WC="0.99" CC="060100"/>
						<SP ID="P3_SP00742" HPOS="1209" VPOS="2761" WIDTH="26"/>
						<String ID="P3_ST00866" HPOS="1235" VPOS="2733" WIDTH="203" HEIGHT="29" CONTENT="krankhaften" WC="0.99" CC="03360005007"/>
						<SP ID="P3_SP00743" HPOS="1438" VPOS="2762" WIDTH="27"/>
						<String ID="P3_ST00867" HPOS="1465" VPOS="2734" WIDTH="116" HEIGHT="28" CONTENT="Unsinn" WC="0.98" CC="070246"/>
						<SP ID="P3_SP00744" HPOS="1581" VPOS="2762" WIDTH="26"/>
						<String ID="P3_ST00868" HPOS="1607" VPOS="2734" WIDTH="144" HEIGHT="34" CONTENT="gekonnt," WC="0.99" CC="90012604"/>
						<SP ID="P3_SP00745" HPOS="1751" VPOS="2768" WIDTH="25"/>
						<String ID="P3_ST00869" HPOS="1776" VPOS="2736" WIDTH="27" HEIGHT="30" CONTENT="ja" WC="0.64" CC="70"/>
						<SP ID="P3_SP00746" HPOS="1803" VPOS="2768" WIDTH="27"/>
						<String ID="P3_ST00870" HPOS="1830" VPOS="2743" WIDTH="92" HEIGHT="25" CONTENT="sogar" WC="0.98" CC="01035"/>
						<SP ID="P3_SP00747" HPOS="1922" VPOS="2768" WIDTH="26"/>
						<String ID="P3_ST00871" HPOS="1948" VPOS="2743" WIDTH="35" HEIGHT="25" CONTENT="ge" SUBS_TYPE="HypPart1" SUBS_CONTENT='gekonnter."' WC="0.95" CC="90"/>
						<HYP HPOS="1983" VPOS="2743" WIDTH="17" CONTENT="-"/>
					</TextLine>
					<TextLine ID="P3_TL00125" HPOS="1105" VPOS="2782" WIDTH="895" HEIGHT="37">
						<String ID="P3_ST00872" HPOS="1105" VPOS="2782" WIDTH="158" HEIGHT="30" CONTENT='konnter."' SUBS_TYPE="HypPart2" SUBS_CONTENT='gekonnter."' WC="0.99" CC="046400107"/>
						<SP ID="P3_SP00748" HPOS="1263" VPOS="2812" WIDTH="33"/>
						<String ID="P3_ST00873" HPOS="1296" VPOS="2784" WIDTH="50" HEIGHT="29" CONTENT="Ich" WC="0.97" CC="105"/>
						<SP ID="P3_SP00749" HPOS="1346" VPOS="2813" WIDTH="27"/>
						<String ID="P3_ST00874" HPOS="1373" VPOS="2785" WIDTH="100" HEIGHT="28" CONTENT="danke" WC="0.99" CC="00700"/>
						<SP ID="P3_SP00750" HPOS="1473" VPOS="2813" WIDTH="26"/>
						<String ID="P3_ST00875" HPOS="1499" VPOS="2783" WIDTH="46" HEIGHT="30" CONTENT="für" WC="0.97" CC="600"/>
						<SP ID="P3_SP00751" HPOS="1545" VPOS="2813" WIDTH="25"/>
						<String ID="P3_ST00876" HPOS="1570" VPOS="2784" WIDTH="187" HEIGHT="30" CONTENT="Teilnahme." WC="1.00" CC="0253200002"/>
						<SP ID="P3_SP00752" HPOS="1757" VPOS="2814" WIDTH="45"/>
						<String ID="P3_ST00877" HPOS="1802" VPOS="2785" WIDTH="69" HEIGHT="30" CONTENT="Und" WC="0.97" CC="080"/>
						<SP ID="P3_SP00753" HPOS="1871" VPOS="2815" WIDTH="37"/>
						<String ID="P3_ST00878" HPOS="1908" VPOS="2787" WIDTH="74" HEIGHT="32" CONTENT="Ring" SUBS_TYPE="HypPart1" SUBS_CONTENT="Ringkämpfe" WC="0.98" CC="0640"/>
						<HYP HPOS="1982" VPOS="2787" WIDTH="18" CONTENT="-"/>
					</TextLine>
					<TextLine ID="P3_TL00126" HPOS="1106" VPOS="2834" WIDTH="895" HEIGHT="33">
						<String ID="P3_ST00879" HPOS="1106" VPOS="2834" WIDTH="120" HEIGHT="33" CONTENT="kämpfe" SUBS_TYPE="HypPart2" SUBS_CONTENT="Ringkämpfe" WC="0.99" CC="000060"/>
						<SP ID="P3_SP00754" HPOS="1226" VPOS="2867" WIDTH="20"/>
						<String ID="P3_ST00880" HPOS="1246" VPOS="2835" WIDTH="218" HEIGHT="30" CONTENT="interessieren" WC="1.00" CC="6000000060105"/>
						<SP ID="P3_SP00755" HPOS="1464" VPOS="2867" WIDTH="22"/>
						<String ID="P3_ST00881" HPOS="1486" VPOS="2835" WIDTH="79" HEIGHT="31" CONTENT="mich" WC="0.99" CC="0600"/>
						<SP ID="P3_SP00756" HPOS="1565" VPOS="2867" WIDTH="20"/>
						<String ID="P3_ST00882" HPOS="1585" VPOS="2835" WIDTH="90" HEIGHT="30" CONTENT="nicht." WC="1.00" CC="500000"/>
						<SP ID="P3_SP00757" HPOS="1675" VPOS="2867" WIDTH="30"/>
						<String ID="P3_ST00883" HPOS="1705" VPOS="2835" WIDTH="40" HEIGHT="29" CONTENT="Es" WC="0.59" CC="43"/>
						<SP ID="P3_SP00758" HPOS="1745" VPOS="2867" WIDTH="19"/>
						<String ID="P3_ST00884" HPOS="1764" VPOS="2838" WIDTH="38" HEIGHT="28" CONTENT="ist" WC="0.96" CC="720"/>
						<SP ID="P3_SP00759" HPOS="1802" VPOS="2867" WIDTH="23"/>
						<String ID="P3_ST00885" HPOS="1825" VPOS="2838" WIDTH="74" HEIGHT="28" CONTENT="aber" WC="0.99" CC="5000"/>
						<SP ID="P3_SP00760" HPOS="1899" VPOS="2867" WIDTH="21"/>
						<String ID="P3_ST00886" HPOS="1920" VPOS="2837" WIDTH="81" HEIGHT="29" CONTENT="nicht" WC="0.99" CC="80000"/>
					</TextLine>
					<TextLine ID="P3_TL00127" HPOS="1107" VPOS="2884" WIDTH="893" HEIGHT="37">
						<String ID="P3_ST00887" HPOS="1107" VPOS="2884" WIDTH="111" HEIGHT="30" CONTENT="ehrlich" WC="0.99" CC="0005460"/>
						<SP ID="P3_SP00761" HPOS="1218" VPOS="2914" WIDTH="31"/>
						<String ID="P3_ST00888" HPOS="1249" VPOS="2895" WIDTH="61" HEIGHT="20" CONTENT="von" WC="0.97" CC="043"/>
						<SP ID="P3_SP00762" HPOS="1310" VPOS="2915" WIDTH="30"/>
						<String ID="P3_ST00889" HPOS="1340" VPOS="2886" WIDTH="54" HEIGHT="28" CONTENT="der" WC="1.00" CC="000"/>
						<SP ID="P3_SP00763" HPOS="1394" VPOS="2915" WIDTH="31"/>
						<String ID="P3_ST00890" HPOS="1425" VPOS="2886" WIDTH="215" HEIGHT="29" CONTENT="Schlesischen" WC="0.90" CC="020500000003"/>
						<SP ID="P3_SP00764" HPOS="1640" VPOS="2915" WIDTH="32"/>
						<String ID="P3_ST00891" HPOS="1672" VPOS="2886" WIDTH="228" HEIGHT="35" CONTENT="Volkszeitung," WC="0.99" CC="0740700206600"/>
						<SP ID="P3_SP00765" HPOS="1900" VPOS="2921" WIDTH="29"/>
						<String ID="P3_ST00892" HPOS="1929" VPOS="2888" WIDTH="71" HEIGHT="29" CONTENT="dem" WC="0.97" CC="700"/>
					</TextLine>
					<TextLine ID="P3_TL00128" HPOS="1106" VPOS="2935" WIDTH="894" HEIGHT="37">
						<String ID="P3_ST00893" HPOS="1106" VPOS="2935" WIDTH="136" HEIGHT="29" CONTENT="Berliner" WC="0.99" CC="00026700"/>
						<SP ID="P3_SP00766" HPOS="1242" VPOS="2964" WIDTH="30"/>
						<String ID="P3_ST00894" HPOS="1272" VPOS="2936" WIDTH="163" HEIGHT="33" CONTENT="Tageblatt" WC="0.99" CC="040006500"/>
						<SP ID="P3_SP00767" HPOS="1435" VPOS="2969" WIDTH="30"/>
						<String ID="P3_ST00895" HPOS="1465" VPOS="2945" WIDTH="37" HEIGHT="21" CONTENT="zu" WC="0.50" CC="18"/>
						<SP ID="P3_SP00768" HPOS="1502" VPOS="2969" WIDTH="30"/>
						<String ID="P3_ST00896" HPOS="1532" VPOS="2936" WIDTH="207" HEIGHT="35" CONTENT="unterstellen," WC="0.99" CC="6000200653050"/>
						<SP ID="P3_SP00769" HPOS="1739" VPOS="2971" WIDTH="30"/>
						<String ID="P3_ST00897" HPOS="1769" VPOS="2938" WIDTH="58" HEIGHT="29" CONTENT="daß" WC="1.00" CC="000"/>
						<SP ID="P3_SP00770" HPOS="1827" VPOS="2971" WIDTH="31"/>
						<String ID="P3_ST00898" HPOS="1858" VPOS="2947" WIDTH="32" HEIGHT="21" CONTENT="es" WC="0.82" CC="03"/>
						<SP ID="P3_SP00771" HPOS="1890" VPOS="2971" WIDTH="30"/>
						<String ID="P3_ST00899" HPOS="1920" VPOS="2940" WIDTH="60" HEIGHT="32" CONTENT="„Ge" SUBS_TYPE="HypPart1" SUBS_CONTENT='„Geschehen"' WC="0.97" CC="450"/>
						<HYP HPOS="1980" VPOS="2940" WIDTH="20" CONTENT="-"/>
					</TextLine>
					<TextLine ID="P3_TL00129" HPOS="1106" VPOS="2985" WIDTH="894" HEIGHT="37">
						<String ID="P3_ST00900" HPOS="1106" VPOS="2985" WIDTH="152" HEIGHT="30" CONTENT='schehen"' SUBS_TYPE="HypPart2" SUBS_CONTENT='„Geschehen"' WC="0.99" CC="05000084"/>
						<SP ID="P3_SP00772" HPOS="1258" VPOS="3015" WIDTH="17"/>
						<String ID="P3_ST00901" HPOS="1275" VPOS="2987" WIDTH="47" HEIGHT="29" CONTENT="für" WC="0.95" CC="705"/>
						<SP ID="P3_SP00773" HPOS="1322" VPOS="3016" WIDTH="21"/>
						<String ID="P3_ST00902" HPOS="1343" VPOS="2988" WIDTH="135" HEIGHT="33" CONTENT="gekonnt" WC="0.99" CC="0007800"/>
						<SP ID="P3_SP00774" HPOS="1478" VPOS="3021" WIDTH="17"/>
						<String ID="P3_ST00903" HPOS="1495" VPOS="2988" WIDTH="71" HEIGHT="29" CONTENT="hält." WC="0.99" CC="00024"/>
						<SP ID="P3_SP00775" HPOS="1566" VPOS="3021" WIDTH="30"/>
						<String ID="P3_ST00904" HPOS="1596" VPOS="2988" WIDTH="63" HEIGHT="28" CONTENT="Das" WC="1.00" CC="000"/>
						<SP ID="P3_SP00776" HPOS="1659" VPOS="3021" WIDTH="20"/>
						<String ID="P3_ST00905" HPOS="1679" VPOS="2988" WIDTH="137" HEIGHT="30" CONTENT="Berliner" WC="0.99" CC="50135002"/>
						<SP ID="P3_SP00777" HPOS="1816" VPOS="3021" WIDTH="21"/>
						<String ID="P3_ST00906" HPOS="1837" VPOS="2990" WIDTH="163" HEIGHT="32" CONTENT="Tageblatt" WC="1.00" CC="000705000"/>
					</TextLine>
					<TextLine ID="P3_TL00130" HPOS="1106" VPOS="3037" WIDTH="894" HEIGHT="33">
						<String ID="P3_ST00907" HPOS="1106" VPOS="3037" WIDTH="37" HEIGHT="28" CONTENT="ist" WC="0.98" CC="600"/>
						<SP ID="P3_SP00778" HPOS="1143" VPOS="3065" WIDTH="26"/>
						<String ID="P3_ST00908" HPOS="1169" VPOS="3037" WIDTH="151" HEIGHT="30" CONTENT="durchaus" WC="0.98" CC="07047570"/>
						<SP ID="P3_SP00779" HPOS="1320" VPOS="3067" WIDTH="25"/>
						<String ID="P3_ST00909" HPOS="1345" VPOS="3039" WIDTH="54" HEIGHT="29" CONTENT="der" WC="1.00" CC="000"/>
						<SP ID="P3_SP00780" HPOS="1399" VPOS="3068" WIDTH="25"/>
						<String ID="P3_ST00910" HPOS="1424" VPOS="3039" WIDTH="126" HEIGHT="29" CONTENT="Ansicht" WC="0.99" CC="0403200"/>
						<SP ID="P3_SP00781" HPOS="1550" VPOS="3068" WIDTH="26"/>
						<String ID="P3_ST00911" HPOS="1576" VPOS="3040" WIDTH="53" HEIGHT="28" CONTENT="der" WC="1.00" CC="000"/>
						<SP ID="P3_SP00782" HPOS="1629" VPOS="3068" WIDTH="23"/>
						<String ID="P3_ST00912" HPOS="1652" VPOS="3039" WIDTH="214" HEIGHT="30" CONTENT="Schlesischen" WC="0.78" CC="030300420048"/>
						<SP ID="P3_SP00783" HPOS="1866" VPOS="3069" WIDTH="25"/>
						<String ID="P3_ST00913" HPOS="1891" VPOS="3041" WIDTH="91" HEIGHT="29" CONTENT="Volks" SUBS_TYPE="HypPart1" SUBS_CONTENT="Volkszeitung." WC="0.99" CC="00506"/>
						<HYP HPOS="1982" VPOS="3041" WIDTH="18" CONTENT="-"/>
					</TextLine>
					<TextLine ID="P3_TL00131" HPOS="1107" VPOS="3089" WIDTH="893" HEIGHT="37">
						<String ID="P3_ST00914" HPOS="1107" VPOS="3089" WIDTH="129" HEIGHT="33" CONTENT="zeitung." SUBS_TYPE="HypPart2" SUBS_CONTENT="Volkszeitung." WC="0.98" CC="00678603"/>
						<SP ID="P3_SP00784" HPOS="1236" VPOS="3122" WIDTH="27"/>
						<String ID="P3_ST00915" HPOS="1263" VPOS="3089" WIDTH="62" HEIGHT="29" CONTENT="Nur" WC="0.99" CC="020"/>
						<SP ID="P3_SP00785" HPOS="1325" VPOS="3122" WIDTH="20"/>
						<String ID="P3_ST00916" HPOS="1345" VPOS="3089" WIDTH="54" HEIGHT="29" CONTENT="soll" WC="0.99" CC="0040"/>
						<SP ID="P3_SP00786" HPOS="1399" VPOS="3122" WIDTH="20"/>
						<String ID="P3_ST00917" HPOS="1419" VPOS="3089" WIDTH="47" HEIGHT="30" CONTENT="die" WC="0.98" CC="040"/>
						<SP ID="P3_SP00787" HPOS="1466" VPOS="3122" WIDTH="20"/>
						<String ID="P3_ST00918" HPOS="1486" VPOS="3089" WIDTH="193" HEIGHT="30" CONTENT="Schlesische" WC="0.91" CC="20010060000"/>
						<SP ID="P3_SP00788" HPOS="1679" VPOS="3122" WIDTH="17"/>
						<String ID="P3_ST00919" HPOS="1696" VPOS="3090" WIDTH="221" HEIGHT="36" CONTENT="Volkszeitung" WC="0.99" CC="065000000739"/>
						<SP ID="P3_SP00789" HPOS="1917" VPOS="3126" WIDTH="19"/>
						<String ID="P3_ST00920" HPOS="1936" VPOS="3091" WIDTH="64" HEIGHT="29" CONTENT="sich" WC="1.00" CC="0000"/>
					</TextLine>
					<TextLine ID="P3_TL00132" HPOS="1106" VPOS="3139" WIDTH="894" HEIGHT="36">
						<String ID="P3_ST00921" HPOS="1106" VPOS="3139" WIDTH="80" HEIGHT="29" CONTENT="nicht" WC="0.98" CC="65200"/>
						<SP ID="P3_SP00790" HPOS="1186" VPOS="3168" WIDTH="26"/>
						<String ID="P3_ST00922" HPOS="1212" VPOS="3140" WIDTH="158" HEIGHT="34" CONTENT="einbilden," WC="0.99" CC="0480170040"/>
						<SP ID="P3_SP00791" HPOS="1370" VPOS="3174" WIDTH="25"/>
						<String ID="P3_ST00923" HPOS="1395" VPOS="3142" WIDTH="57" HEIGHT="27" CONTENT="daß" WC="0.98" CC="050"/>
						<SP ID="P3_SP00792" HPOS="1452" VPOS="3174" WIDTH="25"/>
						<String ID="P3_ST00924" HPOS="1477" VPOS="3142" WIDTH="43" HEIGHT="27" CONTENT="sie" WC="0.98" CC="050"/>
						<SP ID="P3_SP00793" HPOS="1520" VPOS="3174" WIDTH="21"/>
						<String ID="P3_ST00925" HPOS="1541" VPOS="3142" WIDTH="85" HEIGHT="28" CONTENT="mehr" WC="1.00" CC="0001"/>
						<SP ID="P3_SP00794" HPOS="1626" VPOS="3174" WIDTH="24"/>
						<String ID="P3_ST00926" HPOS="1650" VPOS="3149" WIDTH="61" HEIGHT="20" CONTENT="von" WC="0.97" CC="017"/>
						<SP ID="P3_SP00795" HPOS="1711" VPOS="3174" WIDTH="22"/>
						<String ID="P3_ST00927" HPOS="1733" VPOS="3141" WIDTH="96" HEIGHT="32" CONTENT="Kunst" WC="0.98" CC="07500"/>
						<SP ID="P3_SP00796" HPOS="1829" VPOS="3174" WIDTH="23"/>
						<String ID="P3_ST00928" HPOS="1852" VPOS="3142" WIDTH="148" HEIGHT="33" CONTENT="versteht," WC="1.00" CC="000000000"/>
					</TextLine>
					<TextLine ID="P3_TL00133" HPOS="1108" VPOS="3189" WIDTH="892" HEIGHT="36">
						<String ID="P3_ST00929" HPOS="1108" VPOS="3189" WIDTH="42" HEIGHT="29" CONTENT="als" WC="0.95" CC="364"/>
						<SP ID="P3_SP00797" HPOS="1150" VPOS="3218" WIDTH="16"/>
						<String ID="P3_ST00930" HPOS="1166" VPOS="3191" WIDTH="53" HEIGHT="28" CONTENT="das" WC="0.98" CC="060"/>
						<SP ID="P3_SP00798" HPOS="1219" VPOS="3219" WIDTH="19"/>
						<String ID="P3_ST00931" HPOS="1238" VPOS="3190" WIDTH="137" HEIGHT="29" CONTENT="Berliner" WC="0.99" CC="50056601"/>
						<SP ID="P3_SP00799" HPOS="1375" VPOS="3219" WIDTH="11"/>
						<String ID="P3_ST00932" HPOS="1386" VPOS="3191" WIDTH="173" HEIGHT="34" CONTENT="Tageblatt." WC="1.00" CC="0200430000"/>
						<SP ID="P3_SP00800" HPOS="1559" VPOS="3225" WIDTH="17"/>
						<String ID="P3_ST00933" HPOS="1576" VPOS="3192" WIDTH="67" HEIGHT="28" CONTENT="Von" WC="0.95" CC="076"/>
						<SP ID="P3_SP00801" HPOS="1643" VPOS="3225" WIDTH="18"/>
						<String ID="P3_ST00934" HPOS="1661" VPOS="3192" WIDTH="53" HEIGHT="29" CONTENT="der" WC="1.00" CC="000"/>
						<SP ID="P3_SP00802" HPOS="1714" VPOS="3225" WIDTH="19"/>
						<String ID="P3_ST00935" HPOS="1733" VPOS="3192" WIDTH="96" HEIGHT="32" CONTENT="Kunst" WC="0.98" CC="08710"/>
						<SP ID="P3_SP00803" HPOS="1829" VPOS="3225" WIDTH="17"/>
						<String ID="P3_ST00936" HPOS="1846" VPOS="3193" WIDTH="154" HEIGHT="29" CONTENT="brauchen" WC="0.99" CC="00051005"/>
					</TextLine>
					<TextLine ID="P3_TL00134" HPOS="1107" VPOS="3241" WIDTH="893" HEIGHT="35">
						<String ID="P3_ST00937" HPOS="1107" VPOS="3241" WIDTH="205" HEIGHT="30" CONTENT="Journalisten" WC="0.99" CC="057060500008"/>
						<SP ID="P3_SP00804" HPOS="1312" VPOS="3271" WIDTH="54"/>
						<String ID="P3_ST00938" HPOS="1366" VPOS="3243" WIDTH="98" HEIGHT="29" CONTENT="nichts" WC="1.00" CC="600000"/>
						<SP ID="P3_SP00805" HPOS="1464" VPOS="3272" WIDTH="52"/>
						<String ID="P3_ST00939" HPOS="1516" VPOS="3252" WIDTH="37" HEIGHT="20" CONTENT="zu" WC="0.65" CC="33"/>
						<SP ID="P3_SP00806" HPOS="1553" VPOS="3272" WIDTH="50"/>
						<String ID="P3_ST00940" HPOS="1603" VPOS="3242" WIDTH="175" HEIGHT="34" CONTENT="verstehen," WC="1.00" CC="0000000100"/>
						<SP ID="P3_SP00807" HPOS="1778" VPOS="3276" WIDTH="53"/>
						<String ID="P3_ST00941" HPOS="1831" VPOS="3244" WIDTH="75" HEIGHT="29" CONTENT="aber" WC="0.96" CC="9006"/>
						<SP ID="P3_SP00808" HPOS="1906" VPOS="3276" WIDTH="50"/>
						<String ID="P3_ST00942" HPOS="1956" VPOS="3244" WIDTH="44" HEIGHT="28" CONTENT="ihr" WC="0.95" CC="075"/>
					</TextLine>
					<TextLine ID="P3_TL00135" HPOS="1107" VPOS="3292" WIDTH="894" HEIGHT="37">
						<String ID="P3_ST00943" HPOS="1107" VPOS="3292" WIDTH="79" HEIGHT="30" CONTENT="Fach" WC="0.97" CC="7600"/>
						<SP ID="P3_SP00809" HPOS="1186" VPOS="3322" WIDTH="26"/>
						<String ID="P3_ST00944" HPOS="1212" VPOS="3297" WIDTH="122" HEIGHT="27" CONTENT="müssen" WC="0.99" CC="000007"/>
						<SP ID="P3_SP00810" HPOS="1334" VPOS="3324" WIDTH="23"/>
						<String ID="P3_ST00945" HPOS="1357" VPOS="3296" WIDTH="44" HEIGHT="27" CONTENT="sie" WC="0.98" CC="230"/>
						<SP ID="P3_SP00811" HPOS="1401" VPOS="3324" WIDTH="25"/>
						<String ID="P3_ST00946" HPOS="1426" VPOS="3295" WIDTH="129" HEIGHT="29" CONTENT="können." WC="0.98" CC="0036274"/>
						<SP ID="P3_SP00812" HPOS="1555" VPOS="3324" WIDTH="33"/>
						<String ID="P3_ST00947" HPOS="1588" VPOS="3294" WIDTH="63" HEIGHT="28" CONTENT="Das" WC="0.98" CC="400"/>
						<SP ID="P3_SP00813" HPOS="1651" VPOS="3324" WIDTH="26"/>
						<String ID="P3_ST00948" HPOS="1677" VPOS="3295" WIDTH="137" HEIGHT="28" CONTENT="Berliner" WC="0.99" CC="30055000"/>
						<SP ID="P3_SP00814" HPOS="1814" VPOS="3324" WIDTH="25"/>
						<String ID="P3_ST00949" HPOS="1839" VPOS="3295" WIDTH="162" HEIGHT="34" CONTENT="Tageblatt" WC="0.99" CC="039006040"/>
					</TextLine>
					<TextLine ID="P3_TL00136" HPOS="1109" VPOS="3343" WIDTH="891" HEIGHT="36">
						<String ID="P3_ST00950" HPOS="1109" VPOS="3343" WIDTH="107" HEIGHT="31" CONTENT="druckt" WC="0.99" CC="037000"/>
						<SP ID="P3_SP00815" HPOS="1216" VPOS="3374" WIDTH="29"/>
						<String ID="P3_ST00951" HPOS="1245" VPOS="3347" WIDTH="190" HEIGHT="30" CONTENT="wenigstens" WC="0.99" CC="0074900060"/>
						<SP ID="P3_SP00816" HPOS="1435" VPOS="3377" WIDTH="29"/>
						<String ID="P3_ST00952" HPOS="1464" VPOS="3345" WIDTH="98" HEIGHT="30" CONTENT="nichts" WC="0.99" CC="503000"/>
						<SP ID="P3_SP00817" HPOS="1562" VPOS="3377" WIDTH="28"/>
						<String ID="P3_ST00953" HPOS="1590" VPOS="3344" WIDTH="159" HEIGHT="31" CONTENT="unerlaubt" WC="0.99" CC="600063200"/>
						<SP ID="P3_SP00818" HPOS="1749" VPOS="3377" WIDTH="39"/>
						<String ID="P3_ST00954" HPOS="1788" VPOS="3346" WIDTH="85" HEIGHT="33" CONTENT="nach," WC="0.99" CC="32002"/>
						<SP ID="P3_SP00819" HPOS="1873" VPOS="3379" WIDTH="37"/>
						<String ID="P3_ST00955" HPOS="1910" VPOS="3355" WIDTH="90" HEIGHT="20" CONTENT="wenn" WC="0.97" CC="0643"/>
					</TextLine>
					<TextLine ID="P3_TL00137" HPOS="1108" VPOS="3394" WIDTH="893" HEIGHT="36">
						<String ID="P3_ST00956" HPOS="1108" VPOS="3403" WIDTH="31" HEIGHT="21" CONTENT="es" WC="0.51" CC="08"/>
						<SP ID="P3_SP00820" HPOS="1139" VPOS="3424" WIDTH="19"/>
						<String ID="P3_ST00957" HPOS="1158" VPOS="3396" WIDTH="63" HEIGHT="27" CONTENT="sich" WC="0.98" CC="5020"/>
						<SP ID="P3_SP00821" HPOS="1221" VPOS="3424" WIDTH="20"/>
						<String ID="P3_ST00958" HPOS="1241" VPOS="3397" WIDTH="77" HEIGHT="28" CONTENT="auch" WC="0.97" CC="6610"/>
						<SP ID="P3_SP00822" HPOS="1318" VPOS="3425" WIDTH="20"/>
						<String ID="P3_ST00959" HPOS="1338" VPOS="3396" WIDTH="212" HEIGHT="34" CONTENT="unberechtigt" WC="1.00" CC="660000100000"/>
						<SP ID="P3_SP00823" HPOS="1550" VPOS="3430" WIDTH="21"/>
						<String ID="P3_ST00960" HPOS="1571" VPOS="3396" WIDTH="72" HEIGHT="29" CONTENT="über" WC="1.00" CC="0000"/>
						<SP ID="P3_SP00824" HPOS="1643" VPOS="3430" WIDTH="20"/>
						<String ID="P3_ST00961" HPOS="1663" VPOS="3394" WIDTH="95" HEIGHT="32" CONTENT="Kunst" WC="0.98" CC="46600"/>
						<SP ID="P3_SP00825" HPOS="1758" VPOS="3430" WIDTH="20"/>
						<String ID="P3_ST00962" HPOS="1778" VPOS="3399" WIDTH="130" HEIGHT="26" CONTENT="äussert." WC="0.99" CC="06600003"/>
						<SP ID="P3_SP00826" HPOS="1908" VPOS="3430" WIDTH="30"/>
						<String ID="P3_ST00963" HPOS="1938" VPOS="3397" WIDTH="63" HEIGHT="29" CONTENT="Das" WC="0.97" CC="160"/>
					</TextLine>
					<TextLine ID="P3_TL00138" HPOS="1108" VPOS="3446" WIDTH="893" HEIGHT="34">
						<String ID="P3_ST00964" HPOS="1108" VPOS="3447" WIDTH="43" HEIGHT="27" CONTENT="tut" WC="0.97" CC="070"/>
						<SP ID="P3_SP00827" HPOS="1151" VPOS="3474" WIDTH="32"/>
						<String ID="P3_ST00965" HPOS="1183" VPOS="3447" WIDTH="46" HEIGHT="29" CONTENT="die" WC="0.99" CC="030"/>
						<SP ID="P3_SP00828" HPOS="1229" VPOS="3476" WIDTH="31"/>
						<String ID="P3_ST00966" HPOS="1260" VPOS="3447" WIDTH="194" HEIGHT="29" CONTENT="Schlesische" WC="0.86" CC="04040060000"/>
						<SP ID="P3_SP00829" HPOS="1454" VPOS="3476" WIDTH="29"/>
						<String ID="P3_ST00967" HPOS="1483" VPOS="3446" WIDTH="220" HEIGHT="34" CONTENT="Volkszeitung" WC="1.00" CC="031000000530"/>
						<SP ID="P3_SP00830" HPOS="1703" VPOS="3480" WIDTH="31"/>
						<String ID="P3_ST00968" HPOS="1734" VPOS="3446" WIDTH="174" HEIGHT="30" CONTENT="außerdem." WC="1.00" CC="060010004"/>
						<SP ID="P3_SP00831" HPOS="1908" VPOS="3480" WIDTH="37"/>
						<String ID="P3_ST00969" HPOS="1945" VPOS="3448" WIDTH="56" HEIGHT="28" CONTENT="Mit" WC="1.00" CC="000"/>
					</TextLine>
					<TextLine ID="P3_TL00139" HPOS="1109" VPOS="3495" WIDTH="891" HEIGHT="36">
						<String ID="P3_ST00970" HPOS="1109" VPOS="3495" WIDTH="67" HEIGHT="31" CONTENT="dem" WC="0.96" CC="900"/>
						<SP ID="P3_SP00832" HPOS="1176" VPOS="3526" WIDTH="22"/>
						<String ID="P3_ST00971" HPOS="1198" VPOS="3497" WIDTH="265" HEIGHT="33" CONTENT="Katholisch-Sein" WC="0.86" CC="000002502030004"/>
						<SP ID="P3_SP00833" HPOS="1463" VPOS="3530" WIDTH="18"/>
						<String ID="P3_ST00972" HPOS="1481" VPOS="3498" WIDTH="88" HEIGHT="28" CONTENT="allein" WC="0.98" CC="606052"/>
						<SP ID="P3_SP00834" HPOS="1569" VPOS="3530" WIDTH="20"/>
						<String ID="P3_ST00973" HPOS="1589" VPOS="3499" WIDTH="38" HEIGHT="27" CONTENT="ist" WC="1.00" CC="100"/>
						<SP ID="P3_SP00835" HPOS="1627" VPOS="3530" WIDTH="20"/>
						<String ID="P3_ST00974" HPOS="1647" VPOS="3506" WIDTH="32" HEIGHT="20" CONTENT="es" WC="0.97" CC="00"/>
						<SP ID="P3_SP00836" HPOS="1679" VPOS="3530" WIDTH="20"/>
						<String ID="P3_ST00975" HPOS="1699" VPOS="3498" WIDTH="77" HEIGHT="28" CONTENT="noch" WC="0.98" CC="5210"/>
						<SP ID="P3_SP00837" HPOS="1776" VPOS="3530" WIDTH="23"/>
						<String ID="P3_ST00976" HPOS="1799" VPOS="3498" WIDTH="81" HEIGHT="29" CONTENT="nicht" WC="0.99" CC="05300"/>
						<SP ID="P3_SP00838" HPOS="1880" VPOS="3530" WIDTH="20"/>
						<String ID="P3_ST00977" HPOS="1900" VPOS="3502" WIDTH="100" HEIGHT="29" CONTENT="getan." WC="0.99" CC="010063"/>
					</TextLine>
					<TextLine ID="P3_TL00140" HPOS="1107" VPOS="3549" WIDTH="893" HEIGHT="35">
						<String ID="P3_ST00978" HPOS="1107" VPOS="3550" WIDTH="67" HEIGHT="30" CONTENT="Und" WC="0.98" CC="060"/>
						<SP ID="P3_SP00839" HPOS="1174" VPOS="3580" WIDTH="42"/>
						<String ID="P3_ST00979" HPOS="1216" VPOS="3550" WIDTH="84" HEIGHT="33" CONTENT="jeder" WC="0.99" CC="60000"/>
						<SP ID="P3_SP00840" HPOS="1300" VPOS="3583" WIDTH="45"/>
						<String ID="P3_ST00980" HPOS="1345" VPOS="3550" WIDTH="210" HEIGHT="34" CONTENT="Rückschrittt" WC="0.97" CC="000010010000"/>
						<SP ID="P3_SP00841" HPOS="1555" VPOS="3584" WIDTH="46"/>
						<String ID="P3_ST00981" HPOS="1601" VPOS="3551" WIDTH="38" HEIGHT="27" CONTENT="ist" WC="0.98" CC="600"/>
						<SP ID="P3_SP00842" HPOS="1639" VPOS="3584" WIDTH="43"/>
						<String ID="P3_ST00982" HPOS="1682" VPOS="3550" WIDTH="78" HEIGHT="27" CONTENT="noch" WC="0.98" CC="6310"/>
						<SP ID="P3_SP00843" HPOS="1760" VPOS="3584" WIDTH="44"/>
						<String ID="P3_ST00983" HPOS="1804" VPOS="3549" WIDTH="69" HEIGHT="29" CONTENT="kein" WC="0.98" CC="0046"/>
						<SP ID="P3_SP00844" HPOS="1873" VPOS="3584" WIDTH="40"/>
						<String ID="P3_ST00984" HPOS="1913" VPOS="3550" WIDTH="70" HEIGHT="28" CONTENT="Fort" SUBS_TYPE="HypPart1" SUBS_CONTENT="Fortschritt." WC="0.97" CC="6540"/>
						<HYP HPOS="1983" VPOS="3550" WIDTH="17" CONTENT="-"/>
					</TextLine>
					<TextLine ID="P3_TL00141" HPOS="1108" VPOS="3601" WIDTH="893" HEIGHT="30">
						<String ID="P3_ST00985" HPOS="1108" VPOS="3602" WIDTH="115" HEIGHT="29" CONTENT="schritt." SUBS_TYPE="HypPart2" SUBS_CONTENT="Fortschritt." WC="1.00" CC="00002004"/>
						<SP ID="P3_SP00845" HPOS="1223" VPOS="3631" WIDTH="35"/>
						<String ID="P3_ST00986" HPOS="1258" VPOS="3602" WIDTH="58" HEIGHT="29" CONTENT="Auf" WC="0.97" CC="006"/>
						<SP ID="P3_SP00846" HPOS="1316" VPOS="3631" WIDTH="26"/>
						<String ID="P3_ST00987" HPOS="1342" VPOS="3604" WIDTH="56" HEIGHT="27" CONTENT="den" WC="0.99" CC="003"/>
						<SP ID="P3_SP00847" HPOS="1398" VPOS="3631" WIDTH="26"/>
						<String ID="P3_ST00988" HPOS="1424" VPOS="3602" WIDTH="115" HEIGHT="29" CONTENT="Schritt" WC="1.00" CC="3400000"/>
						<SP ID="P3_SP00848" HPOS="1539" VPOS="3631" WIDTH="23"/>
						<String ID="P3_ST00989" HPOS="1562" VPOS="3602" WIDTH="115" HEIGHT="29" CONTENT="kommt" WC="1.00" CC="00000"/>
						<SP ID="P3_SP00849" HPOS="1677" VPOS="3631" WIDTH="29"/>
						<String ID="P3_ST00990" HPOS="1706" VPOS="3609" WIDTH="32" HEIGHT="20" CONTENT="es" WC="0.83" CC="30"/>
						<SP ID="P3_SP00850" HPOS="1738" VPOS="3631" WIDTH="26"/>
						<String ID="P3_ST00991" HPOS="1764" VPOS="3610" WIDTH="46" HEIGHT="21" CONTENT="an." WC="0.97" CC="430"/>
						<SP ID="P3_SP00851" HPOS="1810" VPOS="3631" WIDTH="36"/>
						<String ID="P3_ST00992" HPOS="1846" VPOS="3601" WIDTH="73" HEIGHT="30" CONTENT="Man" WC="0.96" CC="056"/>
						<SP ID="P3_SP00852" HPOS="1919" VPOS="3631" WIDTH="27"/>
						<String ID="P3_ST00993" HPOS="1946" VPOS="3601" WIDTH="55" HEIGHT="29" CONTENT="soll" WC="0.97" CC="1235"/>
					</TextLine>
					<TextLine ID="P3_TL00142" HPOS="1108" VPOS="3651" WIDTH="892" HEIGHT="32">
						<String ID="P3_ST00994" HPOS="1108" VPOS="3654" WIDTH="105" HEIGHT="28" CONTENT="weder" WC="0.99" CC="90000"/>
						<SP ID="P3_SP00853" HPOS="1213" VPOS="3682" WIDTH="27"/>
						<String ID="P3_ST00995" HPOS="1240" VPOS="3654" WIDTH="77" HEIGHT="29" CONTENT="nach" WC="0.98" CC="6400"/>
						<SP ID="P3_SP00854" HPOS="1317" VPOS="3683" WIDTH="24"/>
						<String ID="P3_ST00996" HPOS="1341" VPOS="3655" WIDTH="103" HEIGHT="28" CONTENT="hinten" WC="0.98" CC="035306"/>
						<SP ID="P3_SP00855" HPOS="1444" VPOS="3683" WIDTH="25"/>
						<String ID="P3_ST00997" HPOS="1469" VPOS="3654" WIDTH="100" HEIGHT="28" CONTENT="laufen" WC="0.98" CC="245707"/>
						<SP ID="P3_SP00856" HPOS="1569" VPOS="3683" WIDTH="27"/>
						<String ID="P3_ST00998" HPOS="1596" VPOS="3651" WIDTH="77" HEIGHT="30" CONTENT="noch" WC="0.97" CC="6060"/>
						<SP ID="P3_SP00857" HPOS="1673" VPOS="3683" WIDTH="25"/>
						<String ID="P3_ST00999" HPOS="1698" VPOS="3653" WIDTH="78" HEIGHT="28" CONTENT="nach" WC="0.96" CC="7435"/>
						<SP ID="P3_SP00858" HPOS="1776" VPOS="3683" WIDTH="30"/>
						<String ID="P3_ST01000" HPOS="1806" VPOS="3661" WIDTH="87" HEIGHT="20" CONTENT="vorn." WC="0.98" CC="06064"/>
						<SP ID="P3_SP00859" HPOS="1893" VPOS="3683" WIDTH="47"/>
						<String ID="P3_ST01001" HPOS="1940" VPOS="3653" WIDTH="60" HEIGHT="28" CONTENT="Der" WC="0.99" CC="003"/>
					</TextLine>
					<TextLine ID="P3_TL00143" HPOS="1108" VPOS="3704" WIDTH="893" HEIGHT="34">
						<String ID="P3_ST01002" HPOS="1108" VPOS="3704" WIDTH="156" HEIGHT="30" CONTENT="Laufende" WC="0.99" CC="03647500"/>
						<SP ID="P3_SP00860" HPOS="1264" VPOS="3734" WIDTH="28"/>
						<String ID="P3_ST01003" HPOS="1292" VPOS="3704" WIDTH="82" HEIGHT="30" CONTENT="läuft." WC="0.98" CC="405700"/>
						<SP ID="P3_SP00861" HPOS="1374" VPOS="3734" WIDTH="38"/>
						<String ID="P3_ST01004" HPOS="1412" VPOS="3705" WIDTH="56" HEIGHT="28" CONTENT="Die" WC="0.99" CC="030"/>
						<SP ID="P3_SP00862" HPOS="1468" VPOS="3734" WIDTH="28"/>
						<String ID="P3_ST01005" HPOS="1496" VPOS="3713" WIDTH="78" HEIGHT="25" CONTENT="ganz" WC="0.97" CC="0363"/>
						<SP ID="P3_SP00863" HPOS="1574" VPOS="3738" WIDTH="27"/>
						<String ID="P3_ST01006" HPOS="1601" VPOS="3704" WIDTH="111" HEIGHT="31" CONTENT="klugen" WC="0.98" CC="040075"/>
						<SP ID="P3_SP00864" HPOS="1712" VPOS="3738" WIDTH="28"/>
						<String ID="P3_ST01007" HPOS="1740" VPOS="3704" WIDTH="111" HEIGHT="31" CONTENT="Kinder" WC="0.98" CC="067005"/>
						<SP ID="P3_SP00865" HPOS="1851" VPOS="3738" WIDTH="29"/>
						<String ID="P3_ST01008" HPOS="1880" VPOS="3704" WIDTH="121" HEIGHT="29" CONTENT="bleiben" WC="0.99" CC="2506006"/>
					</TextLine>
					<TextLine ID="P3_TL00144" HPOS="1109" VPOS="3754" WIDTH="892" HEIGHT="35">
						<String ID="P3_ST01009" HPOS="1109" VPOS="3756" WIDTH="115" HEIGHT="33" CONTENT="stehen," WC="0.99" CC="6000031"/>
						<SP ID="P3_SP00866" HPOS="1224" VPOS="3789" WIDTH="23"/>
						<String ID="P3_ST01010" HPOS="1247" VPOS="3756" WIDTH="70" HEIGHT="28" CONTENT="weil" WC="0.98" CC="0065"/>
						<SP ID="P3_SP00867" HPOS="1317" VPOS="3789" WIDTH="24"/>
						<String ID="P3_ST01011" HPOS="1341" VPOS="3764" WIDTH="32" HEIGHT="21" CONTENT="es" WC="1.00" CC="00"/>
						<SP ID="P3_SP00868" HPOS="1373" VPOS="3789" WIDTH="24"/>
						<String ID="P3_ST01012" HPOS="1397" VPOS="3756" WIDTH="78" HEIGHT="31" CONTENT="doch" WC="0.99" CC="0400"/>
						<SP ID="P3_SP00869" HPOS="1475" VPOS="3789" WIDTH="23"/>
						<String ID="P3_ST01013" HPOS="1498" VPOS="3756" WIDTH="108" HEIGHT="29" CONTENT="keinen" WC="0.99" CC="002507"/>
						<SP ID="P3_SP00870" HPOS="1606" VPOS="3789" WIDTH="24"/>
						<String ID="P3_ST01014" HPOS="1630" VPOS="3754" WIDTH="113" HEIGHT="28" CONTENT="Zweck" WC="1.00" CC="00000"/>
						<SP ID="P3_SP00871" HPOS="1743" VPOS="3789" WIDTH="23"/>
						<String ID="P3_ST01015" HPOS="1766" VPOS="3754" WIDTH="60" HEIGHT="35" CONTENT="hat," WC="1.00" CC="0000"/>
						<SP ID="P3_SP00872" HPOS="1826" VPOS="3789" WIDTH="23"/>
						<String ID="P3_ST01016" HPOS="1849" VPOS="3755" WIDTH="48" HEIGHT="29" CONTENT="die" WC="0.98" CC="040"/>
						<SP ID="P3_SP00873" HPOS="1897" VPOS="3789" WIDTH="18"/>
						<String ID="P3_ST01017" HPOS="1915" VPOS="3756" WIDTH="65" HEIGHT="28" CONTENT="dum" SUBS_TYPE="HypPart1" SUBS_CONTENT="dummen" WC="0.95" CC="964"/>
						<HYP HPOS="1980" VPOS="3756" WIDTH="21" CONTENT="-"/>
					</TextLine>
					<TextLine ID="P3_TL00145" HPOS="1108" VPOS="3804" WIDTH="892" HEIGHT="34">
						<String ID="P3_ST01018" HPOS="1108" VPOS="3814" WIDTH="67" HEIGHT="20" CONTENT="men" SUBS_TYPE="HypPart2" SUBS_CONTENT="dummen" WC="0.98" CC="005"/>
						<SP ID="P3_SP00874" HPOS="1175" VPOS="3834" WIDTH="27"/>
						<String ID="P3_ST01019" HPOS="1202" VPOS="3806" WIDTH="111" HEIGHT="32" CONTENT="Kinder" WC="0.99" CC="046004"/>
						<SP ID="P3_SP00875" HPOS="1313" VPOS="3838" WIDTH="26"/>
						<String ID="P3_ST01020" HPOS="1339" VPOS="3807" WIDTH="99" HEIGHT="28" CONTENT="laufen" WC="0.97" CC="456207"/>
						<SP ID="P3_SP00876" HPOS="1438" VPOS="3838" WIDTH="28"/>
						<String ID="P3_ST01021" HPOS="1466" VPOS="3808" WIDTH="47" HEIGHT="28" CONTENT="ein" WC="0.97" CC="053"/>
						<SP ID="P3_SP00877" HPOS="1513" VPOS="3838" WIDTH="26"/>
						<String ID="P3_ST01022" HPOS="1539" VPOS="3804" WIDTH="176" HEIGHT="30" CONTENT="Stückchen" WC="1.00" CC="000300000"/>
						<SP ID="P3_SP00878" HPOS="1715" VPOS="3838" WIDTH="23"/>
						<String ID="P3_ST01023" HPOS="1738" VPOS="3806" WIDTH="52" HEIGHT="28" CONTENT="mit" WC="0.98" CC="040"/>
						<SP ID="P3_SP00879" HPOS="1790" VPOS="3838" WIDTH="27"/>
						<String ID="P3_ST01024" HPOS="1817" VPOS="3806" WIDTH="53" HEIGHT="28" CONTENT="der" WC="0.99" CC="003"/>
						<SP ID="P3_SP00880" HPOS="1870" VPOS="3838" WIDTH="26"/>
						<String ID="P3_ST01025" HPOS="1896" VPOS="3805" WIDTH="87" HEIGHT="29" CONTENT="Eisen" SUBS_TYPE="HypPart1" SUBS_CONTENT="Eisenbahn" WC="0.98" CC="63007"/>
						<HYP HPOS="1983" VPOS="3805" WIDTH="17" CONTENT="-"/>
					</TextLine>
					<TextLine ID="P3_TL00146" HPOS="1109" VPOS="3855" WIDTH="891" HEIGHT="35">
						<String ID="P3_ST01026" HPOS="1109" VPOS="3856" WIDTH="79" HEIGHT="29" CONTENT="bahn" SUBS_TYPE="HypPart2" SUBS_CONTENT="Eisenbahn" WC="0.95" CC="8706"/>
						<SP ID="P3_SP00881" HPOS="1188" VPOS="3885" WIDTH="26"/>
						<String ID="P3_ST01027" HPOS="1214" VPOS="3858" WIDTH="62" HEIGHT="32" CONTENT="mit," WC="1.00" CC="0001"/>
						<SP ID="P3_SP00882" HPOS="1276" VPOS="3890" WIDTH="29"/>
						<String ID="P3_ST01028" HPOS="1305" VPOS="3858" WIDTH="70" HEIGHT="28" CONTENT="weil" WC="0.98" CC="0064"/>
						<SP ID="P3_SP00883" HPOS="1375" VPOS="3890" WIDTH="25"/>
						<String ID="P3_ST01029" HPOS="1400" VPOS="3859" WIDTH="44" HEIGHT="27" CONTENT="sie" WC="0.99" CC="030"/>
						<SP ID="P3_SP00884" HPOS="1444" VPOS="3890" WIDTH="27"/>
						<String ID="P3_ST01030" HPOS="1471" VPOS="3857" WIDTH="79" HEIGHT="29" CONTENT="noch" WC="0.99" CC="3020"/>
						<SP ID="P3_SP00885" HPOS="1550" VPOS="3890" WIDTH="28"/>
						<String ID="P3_ST01031" HPOS="1578" VPOS="3864" WIDTH="37" HEIGHT="20" CONTENT="an" WC="0.81" CC="30"/>
						<SP ID="P3_SP00886" HPOS="1615" VPOS="3890" WIDTH="27"/>
						<String ID="P3_ST01032" HPOS="1642" VPOS="3855" WIDTH="85" HEIGHT="30" CONTENT="ihren" WC="0.98" CC="50304"/>
						<SP ID="P3_SP00887" HPOS="1727" VPOS="3890" WIDTH="29"/>
						<String ID="P3_ST01033" HPOS="1756" VPOS="3856" WIDTH="77" HEIGHT="29" CONTENT="Lauf" WC="0.97" CC="0057"/>
						<SP ID="P3_SP00888" HPOS="1833" VPOS="3890" WIDTH="28"/>
						<String ID="P3_ST01034" HPOS="1861" VPOS="3857" WIDTH="139" HEIGHT="33" CONTENT="glauben," WC="0.99" CC="04350060"/>
					</TextLine>
					<TextLine ID="P3_TL00147" HPOS="1110" VPOS="3907" WIDTH="890" HEIGHT="34">
						<String ID="P3_ST01035" HPOS="1110" VPOS="3909" WIDTH="63" HEIGHT="28" CONTENT="also" WC="0.97" CC="6203"/>
						<SP ID="P3_SP00889" HPOS="1173" VPOS="3937" WIDTH="15"/>
						<String ID="P3_ST01036" HPOS="1188" VPOS="3918" WIDTH="54" HEIGHT="23" CONTENT="gar" WC="0.98" CC="050"/>
						<SP ID="P3_SP00890" HPOS="1242" VPOS="3941" WIDTH="12"/>
						<String ID="P3_ST01037" HPOS="1254" VPOS="3909" WIDTH="82" HEIGHT="28" CONTENT="nicht" WC="0.98" CC="83000"/>
						<SP ID="P3_SP00891" HPOS="1336" VPOS="3941" WIDTH="17"/>
						<String ID="P3_ST01038" HPOS="1353" VPOS="3917" WIDTH="34" HEIGHT="20" CONTENT="so" WC="0.74" CC="05"/>
						<SP ID="P3_SP00892" HPOS="1387" VPOS="3941" WIDTH="15"/>
						<String ID="P3_ST01039" HPOS="1402" VPOS="3909" WIDTH="136" HEIGHT="29" CONTENT="schlecht" WC="1.00" CC="00030200"/>
						<SP ID="P3_SP00893" HPOS="1538" VPOS="3941" WIDTH="12"/>
						<String ID="P3_ST01040" HPOS="1550" VPOS="3907" WIDTH="170" HEIGHT="29" CONTENT="katholisch" WC="0.99" CC="0500742014"/>
						<SP ID="P3_SP00894" HPOS="1720" VPOS="3941" WIDTH="17"/>
						<String ID="P3_ST01041" HPOS="1737" VPOS="3909" WIDTH="76" HEIGHT="28" CONTENT="sind." WC="0.99" CC="01004"/>
						<SP ID="P3_SP00895" HPOS="1813" VPOS="3941" WIDTH="16"/>
						<String ID="P3_ST01042" HPOS="1829" VPOS="3907" WIDTH="57" HEIGHT="30" CONTENT="Die" WC="0.97" CC="160"/>
						<SP ID="P3_SP00896" HPOS="1886" VPOS="3941" WIDTH="10"/>
						<String ID="P3_ST01043" HPOS="1896" VPOS="3908" WIDTH="87" HEIGHT="29" CONTENT="Eisen" SUBS_TYPE="HypPart1" SUBS_CONTENT="Eisenbahn" WC="0.98" CC="53006"/>
						<HYP HPOS="1983" VPOS="3908" WIDTH="17" CONTENT="-"/>
					</TextLine>
					<TextLine ID="P3_TL00148" HPOS="1108" VPOS="3958" WIDTH="893" HEIGHT="34">
						<String ID="P3_ST01044" HPOS="1108" VPOS="3959" WIDTH="79" HEIGHT="30" CONTENT="bahn" SUBS_TYPE="HypPart2" SUBS_CONTENT="Eisenbahn" WC="0.98" CC="0601"/>
						<SP ID="P3_SP00897" HPOS="1187" VPOS="3989" WIDTH="21"/>
						<String ID="P3_ST01045" HPOS="1208" VPOS="3960" WIDTH="79" HEIGHT="29" CONTENT="fährt" WC="0.99" CC="60000"/>
						<SP ID="P3_SP00898" HPOS="1287" VPOS="3989" WIDTH="18"/>
						<String ID="P3_ST01046" HPOS="1305" VPOS="3959" WIDTH="72" HEIGHT="30" CONTENT="aber" WC="0.97" CC="6005"/>
						<SP ID="P3_SP00899" HPOS="1377" VPOS="3989" WIDTH="18"/>
						<String ID="P3_ST01047" HPOS="1395" VPOS="3961" WIDTH="108" HEIGHT="27" CONTENT="immer" WC="0.99" CC="30003"/>
						<SP ID="P3_SP00900" HPOS="1503" VPOS="3989" WIDTH="18"/>
						<String ID="P3_ST01048" HPOS="1521" VPOS="3960" WIDTH="118" HEIGHT="28" CONTENT="weiter." WC="0.99" CC="0067004"/>
						<SP ID="P3_SP00901" HPOS="1639" VPOS="3989" WIDTH="17"/>
						<String ID="P3_ST01049" HPOS="1656" VPOS="3958" WIDTH="68" HEIGHT="28" CONTENT="Und" WC="0.98" CC="060"/>
						<SP ID="P3_SP00902" HPOS="1724" VPOS="3989" WIDTH="19"/>
						<String ID="P3_ST01050" HPOS="1743" VPOS="3959" WIDTH="54" HEIGHT="28" CONTENT="der" WC="0.99" CC="003"/>
						<SP ID="P3_SP00903" HPOS="1797" VPOS="3989" WIDTH="16"/>
						<String ID="P3_ST01051" HPOS="1813" VPOS="3962" WIDTH="71" HEIGHT="30" CONTENT="gute" WC="0.99" CC="0500"/>
						<SP ID="P3_SP00904" HPOS="1884" VPOS="3992" WIDTH="19"/>
						<String ID="P3_ST01052" HPOS="1903" VPOS="3959" WIDTH="98" HEIGHT="29" CONTENT="Onkel" WC="0.99" CC="06003"/>
					</TextLine>
					<TextLine ID="P3_TL00149" HPOS="1109" VPOS="4010" WIDTH="891" HEIGHT="30">
						<String ID="P3_ST01053" HPOS="1109" VPOS="4011" WIDTH="70" HEIGHT="27" CONTENT="sitzt" WC="0.99" CC="34000"/>
						<SP ID="P3_SP00905" HPOS="1179" VPOS="4038" WIDTH="18"/>
						<String ID="P3_ST01054" HPOS="1197" VPOS="4011" WIDTH="125" HEIGHT="29" CONTENT="drinnen" WC="0.99" CC="0114401"/>
						<SP ID="P3_SP00906" HPOS="1322" VPOS="4040" WIDTH="19"/>
						<String ID="P3_ST01055" HPOS="1341" VPOS="4013" WIDTH="61" HEIGHT="27" CONTENT="und" WC="0.96" CC="460"/>
						<SP ID="P3_SP00907" HPOS="1402" VPOS="4040" WIDTH="14"/>
						<String ID="P3_ST01056" HPOS="1416" VPOS="4012" WIDTH="79" HEIGHT="28" CONTENT="fährt" WC="0.99" CC="60000"/>
						<SP ID="P3_SP00908" HPOS="1495" VPOS="4040" WIDTH="18"/>
						<String ID="P3_ST01057" HPOS="1513" VPOS="4011" WIDTH="106" HEIGHT="27" CONTENT="immer" WC="0.98" CC="60500"/>
						<SP ID="P3_SP00909" HPOS="1619" VPOS="4040" WIDTH="20"/>
						<String ID="P3_ST01058" HPOS="1639" VPOS="4010" WIDTH="117" HEIGHT="28" CONTENT="weiter." WC="0.99" CC="0150004"/>
						<SP ID="P3_SP00910" HPOS="1756" VPOS="4040" WIDTH="28"/>
						<String ID="P3_ST01059" HPOS="1784" VPOS="4010" WIDTH="55" HEIGHT="28" CONTENT="Die" WC="0.99" CC="110"/>
						<SP ID="P3_SP00911" HPOS="1839" VPOS="4040" WIDTH="19"/>
						<String ID="P3_ST01060" HPOS="1858" VPOS="4011" WIDTH="142" HEIGHT="28" CONTENT="dummen" WC="0.99" CC="060004"/>
					</TextLine>
					<TextLine ID="P3_TL00150" HPOS="1109" VPOS="4058" WIDTH="891" HEIGHT="35">
						<String ID="P3_ST01061" HPOS="1109" VPOS="4060" WIDTH="111" HEIGHT="32" CONTENT="Kinder" WC="0.99" CC="077000"/>
						<SP ID="P3_SP00912" HPOS="1220" VPOS="4092" WIDTH="33"/>
						<String ID="P3_ST01062" HPOS="1253" VPOS="4061" WIDTH="105" HEIGHT="29" CONTENT="fassen" WC="0.98" CC="603207"/>
						<SP ID="P3_SP00913" HPOS="1358" VPOS="4092" WIDTH="35"/>
						<String ID="P3_ST01063" HPOS="1393" VPOS="4061" WIDTH="54" HEIGHT="29" CONTENT="das" WC="0.95" CC="850"/>
						<SP ID="P3_SP00914" HPOS="1447" VPOS="4092" WIDTH="34"/>
						<String ID="P3_ST01064" HPOS="1481" VPOS="4060" WIDTH="34" HEIGHT="29" CONTENT="Ei" WC="0.75" CC="40"/>
						<SP ID="P3_SP00915" HPOS="1515" VPOS="4092" WIDTH="31"/>
						<String ID="P3_ST01065" HPOS="1546" VPOS="4058" WIDTH="154" HEIGHT="30" CONTENT="vielleicht" WC="1.00" CC="0204015000"/>
						<SP ID="P3_SP00916" HPOS="1700" VPOS="4092" WIDTH="31"/>
						<String ID="P3_ST01066" HPOS="1731" VPOS="4061" WIDTH="87" HEIGHT="32" CONTENT="noch," WC="0.99" CC="70000"/>
						<SP ID="P3_SP00917" HPOS="1818" VPOS="4093" WIDTH="34"/>
						<String ID="P3_ST01067" HPOS="1852" VPOS="4060" WIDTH="71" HEIGHT="29" CONTENT="weil" WC="0.97" CC="0634"/>
						<SP ID="P3_SP00918" HPOS="1923" VPOS="4093" WIDTH="34"/>
						<String ID="P3_ST01068" HPOS="1957" VPOS="4060" WIDTH="43" HEIGHT="28" CONTENT="sie" WC="0.97" CC="240"/>
					</TextLine>
				</TextBlock>
				<TextBlock ID="P3_TB00007" HPOS="2076" VPOS="238" WIDTH="895" HEIGHT="1146" STYLEREFS="TXT_0 PAR_BLOCK">
					<TextLine ID="P3_TL00151" HPOS="2077" VPOS="238" WIDTH="890" HEIGHT="35">
						<String ID="P3_ST01069" HPOS="2077" VPOS="238" WIDTH="188" HEIGHT="32" CONTENT="wenigstens" WC="0.99" CC="0165000060"/>
						<SP ID="P3_SP00919" HPOS="2265" VPOS="270" WIDTH="40"/>
						<String ID="P3_ST01070" HPOS="2305" VPOS="240" WIDTH="195" HEIGHT="33" CONTENT="versuchten," WC="0.99" CC="00506250500"/>
						<SP ID="P3_SP00920" HPOS="2500" VPOS="273" WIDTH="40"/>
						<String ID="P3_ST01071" HPOS="2540" VPOS="242" WIDTH="46" HEIGHT="27" CONTENT="ein" WC="0.97" CC="007"/>
						<SP ID="P3_SP00921" HPOS="2586" VPOS="273" WIDTH="38"/>
						<String ID="P3_ST01072" HPOS="2624" VPOS="241" WIDTH="172" HEIGHT="29" CONTENT="Stückchen" WC="1.00" CC="005500000"/>
						<SP ID="P3_SP00922" HPOS="2796" VPOS="273" WIDTH="43"/>
						<String ID="P3_ST01073" HPOS="2839" VPOS="250" WIDTH="110" HEIGHT="21" CONTENT="voraus" SUBS_TYPE="HypPart1" SUBS_CONTENT="vorauszulaufen," WC="0.99" CC="050030"/>
						<HYP HPOS="2949" VPOS="250" WIDTH="18" CONTENT="-"/>
					</TextLine>
					<TextLine ID="P3_TL00152" HPOS="2077" VPOS="288" WIDTH="891" HEIGHT="36">
						<String ID="P3_ST01074" HPOS="2077" VPOS="288" WIDTH="150" HEIGHT="34" CONTENT="zulaufen," SUBS_TYPE="HypPart2" SUBS_CONTENT="vorauszulaufen," WC="0.99" CC="165070070"/>
						<SP ID="P3_SP00923" HPOS="2227" VPOS="322" WIDTH="21"/>
						<String ID="P3_ST01075" HPOS="2248" VPOS="291" WIDTH="46" HEIGHT="27" CONTENT="die" WC="1.00" CC="000"/>
						<SP ID="P3_SP00924" HPOS="2294" VPOS="322" WIDTH="20"/>
						<String ID="P3_ST01076" HPOS="2314" VPOS="297" WIDTH="78" HEIGHT="27" CONTENT="ganz" WC="0.99" CC="0060"/>
						<SP ID="P3_SP00925" HPOS="2392" VPOS="324" WIDTH="21"/>
						<String ID="P3_ST01077" HPOS="2413" VPOS="291" WIDTH="111" HEIGHT="31" CONTENT="klugen" WC="0.96" CC="677906"/>
						<SP ID="P3_SP00926" HPOS="2524" VPOS="324" WIDTH="19"/>
						<String ID="P3_ST01078" HPOS="2543" VPOS="291" WIDTH="111" HEIGHT="32" CONTENT="Kinder" WC="0.97" CC="077574"/>
						<SP ID="P3_SP00927" HPOS="2654" VPOS="324" WIDTH="18"/>
						<String ID="P3_ST01079" HPOS="2672" VPOS="292" WIDTH="99" HEIGHT="29" CONTENT="halten" WC="0.97" CC="656308"/>
						<SP ID="P3_SP00928" HPOS="2771" VPOS="324" WIDTH="22"/>
						<String ID="P3_ST01080" HPOS="2793" VPOS="294" WIDTH="54" HEIGHT="26" CONTENT="das" WC="0.97" CC="090"/>
						<SP ID="P3_SP00929" HPOS="2847" VPOS="324" WIDTH="20"/>
						<String ID="P3_ST01081" HPOS="2867" VPOS="293" WIDTH="33" HEIGHT="29" CONTENT="Ei" WC="0.57" CC="61"/>
						<SP ID="P3_SP00930" HPOS="2900" VPOS="324" WIDTH="20"/>
						<String ID="P3_ST01082" HPOS="2920" VPOS="292" WIDTH="48" HEIGHT="29" CONTENT="für" WC="0.96" CC="703"/>
					</TextLine>
					<TextLine ID="P3_TL00153" HPOS="2077" VPOS="338" WIDTH="891" HEIGHT="39">
						<String ID="P3_ST01083" HPOS="2077" VPOS="338" WIDTH="70" HEIGHT="34" CONTENT="faul," WC="0.96" CC="77532"/>
						<SP ID="P3_SP00931" HPOS="2147" VPOS="372" WIDTH="20"/>
						<String ID="P3_ST01084" HPOS="2167" VPOS="341" WIDTH="69" HEIGHT="28" CONTENT="weil" WC="0.98" CC="0064"/>
						<SP ID="P3_SP00932" HPOS="2236" VPOS="372" WIDTH="20"/>
						<String ID="P3_ST01085" HPOS="2256" VPOS="348" WIDTH="32" HEIGHT="20" CONTENT="es" WC="1.00" CC="00"/>
						<SP ID="P3_SP00933" HPOS="2288" VPOS="372" WIDTH="19"/>
						<String ID="P3_ST01086" HPOS="2307" VPOS="340" WIDTH="90" HEIGHT="29" CONTENT="ihnen" WC="0.97" CC="06707"/>
						<SP ID="P3_SP00934" HPOS="2397" VPOS="372" WIDTH="22"/>
						<String ID="P3_ST01087" HPOS="2419" VPOS="341" WIDTH="76" HEIGHT="30" CONTENT="doch" WC="0.98" CC="2630"/>
						<SP ID="P3_SP00935" HPOS="2495" VPOS="372" WIDTH="20"/>
						<String ID="P3_ST01088" HPOS="2515" VPOS="341" WIDTH="93" HEIGHT="29" CONTENT="schon" WC="0.98" CC="40047"/>
						<SP ID="P3_SP00936" HPOS="2608" VPOS="372" WIDTH="21"/>
						<String ID="P3_ST01089" HPOS="2629" VPOS="351" WIDTH="37" HEIGHT="19" CONTENT="zu" WC="0.72" CC="05"/>
						<SP ID="P3_SP00937" HPOS="2666" VPOS="372" WIDTH="21"/>
						<String ID="P3_ST01090" HPOS="2687" VPOS="345" WIDTH="73" HEIGHT="27" CONTENT="weit" WC="0.98" CC="0090"/>
						<SP ID="P3_SP00938" HPOS="2760" VPOS="372" WIDTH="17"/>
						<String ID="P3_ST01091" HPOS="2777" VPOS="353" WIDTH="72" HEIGHT="20" CONTENT="vom" WC="0.94" CC="718"/>
						<SP ID="P3_SP00939" HPOS="2849" VPOS="373" WIDTH="21"/>
						<String ID="P3_ST01092" HPOS="2870" VPOS="344" WIDTH="98" HEIGHT="33" CONTENT="Wege" WC="0.99" CC="0003"/>
					</TextLine>
					<TextLine ID="P3_TL00154" HPOS="2079" VPOS="390" WIDTH="889" HEIGHT="34">
						<String ID="P3_ST01093" HPOS="2079" VPOS="390" WIDTH="111" HEIGHT="33" CONTENT="abliegt" WC="0.98" CC="6573090"/>
						<SP ID="P3_SP00940" HPOS="2190" VPOS="423" WIDTH="20"/>
						<String ID="P3_ST01094" HPOS="2210" VPOS="391" WIDTH="59" HEIGHT="28" CONTENT="und" WC="0.92" CC="865"/>
						<SP ID="P3_SP00941" HPOS="2269" VPOS="423" WIDTH="19"/>
						<String ID="P3_ST01095" HPOS="2288" VPOS="392" WIDTH="45" HEIGHT="27" CONTENT="sie" WC="0.96" CC="180"/>
						<SP ID="P3_SP00942" HPOS="2333" VPOS="423" WIDTH="18"/>
						<String ID="P3_ST01096" HPOS="2351" VPOS="391" WIDTH="76" HEIGHT="28" CONTENT="doch" WC="0.98" CC="8000"/>
						<SP ID="P3_SP00943" HPOS="2427" VPOS="423" WIDTH="19"/>
						<String ID="P3_ST01097" HPOS="2446" VPOS="392" WIDTH="108" HEIGHT="29" CONTENT="keinen" WC="0.97" CC="536507"/>
						<SP ID="P3_SP00944" HPOS="2554" VPOS="423" WIDTH="16"/>
						<String ID="P3_ST01098" HPOS="2570" VPOS="393" WIDTH="137" HEIGHT="28" CONTENT="Glauben" WC="0.97" CC="7577307"/>
						<SP ID="P3_SP00945" HPOS="2707" VPOS="423" WIDTH="19"/>
						<String ID="P3_ST01099" HPOS="2726" VPOS="402" WIDTH="37" HEIGHT="20" CONTENT="an" WC="0.58" CC="08"/>
						<SP ID="P3_SP00946" HPOS="2763" VPOS="423" WIDTH="20"/>
						<String ID="P3_ST01100" HPOS="2783" VPOS="396" WIDTH="53" HEIGHT="27" CONTENT="das" WC="0.93" CC="781"/>
						<SP ID="P3_SP00947" HPOS="2836" VPOS="423" WIDTH="17"/>
						<String ID="P3_ST01101" HPOS="2853" VPOS="395" WIDTH="115" HEIGHT="29" CONTENT="Laufen" WC="0.98" CC="515055"/>
					</TextLine>
					<TextLine ID="P3_TL00155" HPOS="2078" VPOS="441" WIDTH="891" HEIGHT="38">
						<String ID="P3_ST01102" HPOS="2078" VPOS="441" WIDTH="107" HEIGHT="29" CONTENT="haben." WC="0.97" CC="491074"/>
						<SP ID="P3_SP00948" HPOS="2185" VPOS="470" WIDTH="35"/>
						<String ID="P3_ST01103" HPOS="2220" VPOS="442" WIDTH="95" HEIGHT="28" CONTENT="Dabei" WC="0.98" CC="40704"/>
						<SP ID="P3_SP00949" HPOS="2315" VPOS="470" WIDTH="25"/>
						<String ID="P3_ST01104" HPOS="2340" VPOS="450" WIDTH="66" HEIGHT="21" CONTENT="war" WC="0.97" CC="043"/>
						<SP ID="P3_SP00950" HPOS="2406" VPOS="471" WIDTH="24"/>
						<String ID="P3_ST01105" HPOS="2430" VPOS="443" WIDTH="54" HEIGHT="28" CONTENT="das" WC="0.97" CC="600"/>
						<SP ID="P3_SP00951" HPOS="2484" VPOS="471" WIDTH="26"/>
						<String ID="P3_ST01106" HPOS="2510" VPOS="442" WIDTH="33" HEIGHT="28" CONTENT="Ei" WC="0.54" CC="44"/>
						<SP ID="P3_SP00952" HPOS="2543" VPOS="471" WIDTH="26"/>
						<String ID="P3_ST01107" HPOS="2569" VPOS="445" WIDTH="65" HEIGHT="26" CONTENT="eine" WC="0.97" CC="0760"/>
						<SP ID="P3_SP00953" HPOS="2634" VPOS="471" WIDTH="26"/>
						<String ID="P3_ST01108" HPOS="2660" VPOS="444" WIDTH="102" HEIGHT="33" CONTENT="Kugel," WC="0.98" CC="970044"/>
						<SP ID="P3_SP00954" HPOS="2762" VPOS="477" WIDTH="27"/>
						<String ID="P3_ST01109" HPOS="2789" VPOS="446" WIDTH="73" HEIGHT="33" CONTENT="also," WC="0.99" CC="06040"/>
						<SP ID="P3_SP00955" HPOS="2862" VPOS="479" WIDTH="26"/>
						<String ID="P3_ST01110" HPOS="2888" VPOS="445" WIDTH="81" HEIGHT="30" CONTENT="nicht" WC="0.97" CC="74305"/>
					</TextLine>
					<TextLine ID="P3_TL00156" HPOS="2079" VPOS="492" WIDTH="889" HEIGHT="36">
						<String ID="P3_ST01111" HPOS="2079" VPOS="500" WIDTH="36" HEIGHT="19" CONTENT="zu" WC="0.58" CC="08"/>
						<SP ID="P3_SP00956" HPOS="2115" VPOS="519" WIDTH="25"/>
						<String ID="P3_ST01112" HPOS="2140" VPOS="500" WIDTH="89" HEIGHT="20" CONTENT="essen" WC="0.98" CC="00236"/>
						<SP ID="P3_SP00957" HPOS="2229" VPOS="520" WIDTH="25"/>
						<String ID="P3_ST01113" HPOS="2254" VPOS="492" WIDTH="60" HEIGHT="28" CONTENT="und" WC="0.93" CC="764"/>
						<SP ID="P3_SP00958" HPOS="2314" VPOS="520" WIDTH="25"/>
						<String ID="P3_ST01114" HPOS="2339" VPOS="492" WIDTH="82" HEIGHT="29" CONTENT="nicht" WC="0.97" CC="86009"/>
						<SP ID="P3_SP00959" HPOS="2421" VPOS="521" WIDTH="26"/>
						<String ID="P3_ST01115" HPOS="2447" VPOS="503" WIDTH="36" HEIGHT="19" CONTENT="zu" WC="0.56" CC="08"/>
						<SP ID="P3_SP00960" HPOS="2483" VPOS="522" WIDTH="27"/>
						<String ID="P3_ST01116" HPOS="2510" VPOS="494" WIDTH="167" HEIGHT="32" CONTENT="verdauen," WC="0.99" CC="004627070"/>
						<SP ID="P3_SP00961" HPOS="2677" VPOS="526" WIDTH="24"/>
						<String ID="P3_ST01117" HPOS="2701" VPOS="496" WIDTH="66" HEIGHT="27" CONTENT="eine" WC="0.97" CC="0860"/>
						<SP ID="P3_SP00962" HPOS="2767" VPOS="526" WIDTH="24"/>
						<String ID="P3_ST01118" HPOS="2791" VPOS="496" WIDTH="104" HEIGHT="32" CONTENT="Kugel," WC="0.96" CC="989045"/>
						<SP ID="P3_SP00963" HPOS="2895" VPOS="528" WIDTH="27"/>
						<String ID="P3_ST01119" HPOS="2922" VPOS="498" WIDTH="46" HEIGHT="27" CONTENT="die" WC="0.95" CC="850"/>
					</TextLine>
					<TextLine ID="P3_TL00157" HPOS="2078" VPOS="543" WIDTH="891" HEIGHT="36">
						<String ID="P3_ST01120" HPOS="2078" VPOS="543" WIDTH="74" HEIGHT="29" CONTENT="läuft" WC="0.96" CC="48761"/>
						<SP ID="P3_SP00964" HPOS="2152" VPOS="572" WIDTH="21"/>
						<String ID="P3_ST01121" HPOS="2173" VPOS="543" WIDTH="60" HEIGHT="28" CONTENT="und" WC="0.92" CC="867"/>
						<SP ID="P3_SP00965" HPOS="2233" VPOS="572" WIDTH="21"/>
						<String ID="P3_ST01122" HPOS="2254" VPOS="544" WIDTH="107" HEIGHT="28" CONTENT="immer" WC="0.98" CC="50005"/>
						<SP ID="P3_SP00966" HPOS="2361" VPOS="572" WIDTH="20"/>
						<String ID="P3_ST01123" HPOS="2381" VPOS="545" WIDTH="109" HEIGHT="27" CONTENT="weiter" WC="0.98" CC="026306"/>
						<SP ID="P3_SP00967" HPOS="2490" VPOS="572" WIDTH="22"/>
						<String ID="P3_ST01124" HPOS="2512" VPOS="543" WIDTH="84" HEIGHT="36" CONTENT="läuft," WC="0.98" CC="436604"/>
						<SP ID="P3_SP00968" HPOS="2596" VPOS="579" WIDTH="21"/>
						<String ID="P3_ST01125" HPOS="2617" VPOS="545" WIDTH="58" HEIGHT="27" CONTENT="viel" WC="0.99" CC="0203"/>
						<SP ID="P3_SP00969" HPOS="2675" VPOS="579" WIDTH="24"/>
						<String ID="P3_ST01126" HPOS="2699" VPOS="546" WIDTH="105" HEIGHT="28" CONTENT="weiter" WC="0.98" CC="070034"/>
						<SP ID="P3_SP00970" HPOS="2804" VPOS="579" WIDTH="25"/>
						<String ID="P3_ST01127" HPOS="2829" VPOS="548" WIDTH="76" HEIGHT="28" CONTENT="noch" WC="0.97" CC="8070"/>
						<SP ID="P3_SP00971" HPOS="2905" VPOS="579" WIDTH="20"/>
						<String ID="P3_ST01128" HPOS="2925" VPOS="547" WIDTH="44" HEIGHT="28" CONTENT="als" WC="0.96" CC="550"/>
					</TextLine>
					<TextLine ID="P3_TL00158" HPOS="2080" VPOS="592" WIDTH="889" HEIGHT="38">
						<String ID="P3_ST01129" HPOS="2080" VPOS="594" WIDTH="46" HEIGHT="27" CONTENT="die" WC="0.97" CC="710"/>
						<SP ID="P3_SP00972" HPOS="2126" VPOS="621" WIDTH="23"/>
						<String ID="P3_ST01130" HPOS="2149" VPOS="592" WIDTH="182" HEIGHT="33" CONTENT="Eisenbahn," WC="0.99" CC="3509808061"/>
						<SP ID="P3_SP00973" HPOS="2331" VPOS="625" WIDTH="23"/>
						<String ID="P3_ST01131" HPOS="2354" VPOS="595" WIDTH="107" HEIGHT="27" CONTENT="immer" WC="0.99" CC="30001"/>
						<SP ID="P3_SP00974" HPOS="2461" VPOS="625" WIDTH="24"/>
						<String ID="P3_ST01132" HPOS="2485" VPOS="597" WIDTH="75" HEIGHT="26" CONTENT="rund" WC="0.94" CC="8567"/>
						<SP ID="P3_SP00975" HPOS="2560" VPOS="625" WIDTH="22"/>
						<String ID="P3_ST01133" HPOS="2582" VPOS="604" WIDTH="48" HEIGHT="20" CONTENT="um" WC="0.54" CC="72"/>
						<SP ID="P3_SP00976" HPOS="2630" VPOS="625" WIDTH="26"/>
						<String ID="P3_ST01134" HPOS="2656" VPOS="596" WIDTH="46" HEIGHT="27" CONTENT="die" WC="0.95" CC="723"/>
						<SP ID="P3_SP00977" HPOS="2702" VPOS="625" WIDTH="26"/>
						<String ID="P3_ST01135" HPOS="2728" VPOS="596" WIDTH="87" HEIGHT="34" CONTENT="Erde," WC="0.98" CC="34313"/>
						<SP ID="P3_SP00978" HPOS="2815" VPOS="630" WIDTH="24"/>
						<String ID="P3_ST01136" HPOS="2839" VPOS="597" WIDTH="47" HEIGHT="28" CONTENT="die" WC="0.96" CC="810"/>
						<SP ID="P3_SP00979" HPOS="2886" VPOS="630" WIDTH="24"/>
						<String ID="P3_ST01137" HPOS="2910" VPOS="606" WIDTH="59" HEIGHT="20" CONTENT="nun" WC="0.93" CC="793"/>
					</TextLine>
					<TextLine ID="P3_TL00159" HPOS="2079" VPOS="644" WIDTH="891" HEIGHT="35">
						<String ID="P3_ST01138" HPOS="2079" VPOS="644" WIDTH="93" HEIGHT="28" CONTENT="leider" WC="0.99" CC="307300"/>
						<SP ID="P3_SP00980" HPOS="2172" VPOS="672" WIDTH="29"/>
						<String ID="P3_ST01139" HPOS="2201" VPOS="645" WIDTH="107" HEIGHT="28" CONTENT="einmal" WC="0.99" CC="008030"/>
						<SP ID="P3_SP00981" HPOS="2308" VPOS="673" WIDTH="27"/>
						<String ID="P3_ST01140" HPOS="2335" VPOS="647" WIDTH="78" HEIGHT="28" CONTENT="rund" WC="0.95" CC="5775"/>
						<SP ID="P3_SP00982" HPOS="2413" VPOS="675" WIDTH="24"/>
						<String ID="P3_ST01141" HPOS="2437" VPOS="646" WIDTH="47" HEIGHT="27" CONTENT="ist." WC="0.97" CC="4074"/>
						<SP ID="P3_SP00983" HPOS="2484" VPOS="675" WIDTH="38"/>
						<String ID="P3_ST01142" HPOS="2522" VPOS="645" WIDTH="68" HEIGHT="30" CONTENT="Und" WC="0.94" CC="861"/>
						<SP ID="P3_SP00984" HPOS="2590" VPOS="675" WIDTH="28"/>
						<String ID="P3_ST01143" HPOS="2618" VPOS="646" WIDTH="47" HEIGHT="28" CONTENT="die" WC="0.95" CC="940"/>
						<SP ID="P3_SP00985" HPOS="2665" VPOS="675" WIDTH="30"/>
						<String ID="P3_ST01144" HPOS="2695" VPOS="646" WIDTH="108" HEIGHT="33" CONTENT="klugen" WC="0.97" CC="346925"/>
						<SP ID="P3_SP00986" HPOS="2803" VPOS="679" WIDTH="31"/>
						<String ID="P3_ST01145" HPOS="2834" VPOS="648" WIDTH="59" HEIGHT="27" CONTENT="und" WC="0.96" CC="710"/>
						<SP ID="P3_SP00987" HPOS="2893" VPOS="679" WIDTH="30"/>
						<String ID="P3_ST01146" HPOS="2923" VPOS="649" WIDTH="47" HEIGHT="27" CONTENT="die" WC="0.96" CC="630"/>
					</TextLine>
					<TextLine ID="P3_TL00160" HPOS="2081" VPOS="694" WIDTH="889" HEIGHT="37">
						<String ID="P3_ST01147" HPOS="2081" VPOS="695" WIDTH="139" HEIGHT="28" CONTENT="dummen" WC="0.97" CC="970606"/>
						<SP ID="P3_SP00988" HPOS="2220" VPOS="723" WIDTH="30"/>
						<String ID="P3_ST01148" HPOS="2250" VPOS="694" WIDTH="112" HEIGHT="33" CONTENT="Kinder" WC="0.97" CC="977091"/>
						<SP ID="P3_SP00989" HPOS="2362" VPOS="727" WIDTH="28"/>
						<String ID="P3_ST01149" HPOS="2390" VPOS="695" WIDTH="107" HEIGHT="29" CONTENT="stehen" WC="0.99" CC="000608"/>
						<SP ID="P3_SP00990" HPOS="2497" VPOS="727" WIDTH="29"/>
						<String ID="P3_ST01150" HPOS="2526" VPOS="695" WIDTH="81" HEIGHT="30" CONTENT="nicht" WC="0.98" CC="75000"/>
						<SP ID="P3_SP00991" HPOS="2607" VPOS="727" WIDTH="25"/>
						<String ID="P3_ST01151" HPOS="2632" VPOS="698" WIDTH="52" HEIGHT="27" CONTENT="auf" WC="0.93" CC="664"/>
						<SP ID="P3_SP00992" HPOS="2684" VPOS="727" WIDTH="30"/>
						<String ID="P3_ST01152" HPOS="2714" VPOS="697" WIDTH="52" HEIGHT="28" CONTENT="der" WC="0.96" CC="009"/>
						<SP ID="P3_SP00993" HPOS="2766" VPOS="727" WIDTH="29"/>
						<String ID="P3_ST01153" HPOS="2795" VPOS="697" WIDTH="103" HEIGHT="34" CONTENT="Kugel," WC="0.98" CC="089040"/>
						<SP ID="P3_SP00994" HPOS="2898" VPOS="731" WIDTH="27"/>
						<String ID="P3_ST01154" HPOS="2925" VPOS="698" WIDTH="45" HEIGHT="29" CONTENT="sie" WC="0.99" CC="002"/>
					</TextLine>
					<TextLine ID="P3_TL00161" HPOS="2079" VPOS="744" WIDTH="892" HEIGHT="34">
						<String ID="P3_ST01155" HPOS="2079" VPOS="744" WIDTH="118" HEIGHT="34" CONTENT="hängen" WC="0.97" CC="096926"/>
						<SP ID="P3_SP00995" HPOS="2197" VPOS="778" WIDTH="20"/>
						<String ID="P3_ST01156" HPOS="2217" VPOS="754" WIDTH="36" HEIGHT="20" CONTENT="an" WC="0.23" CC="68"/>
						<SP ID="P3_SP00996" HPOS="2253" VPOS="778" WIDTH="20"/>
						<String ID="P3_ST01157" HPOS="2273" VPOS="746" WIDTH="53" HEIGHT="28" CONTENT="ihr." WC="0.97" CC="6504"/>
						<SP ID="P3_SP00997" HPOS="2326" VPOS="778" WIDTH="26"/>
						<String ID="P3_ST01158" HPOS="2352" VPOS="745" WIDTH="85" HEIGHT="29" CONTENT="Noch" WC="0.99" CC="0300"/>
						<SP ID="P3_SP00998" HPOS="2437" VPOS="778" WIDTH="20"/>
						<String ID="P3_ST01159" HPOS="2457" VPOS="746" WIDTH="69" HEIGHT="29" CONTENT="rollt" WC="0.98" CC="50350"/>
						<SP ID="P3_SP00999" HPOS="2526" VPOS="778" WIDTH="22"/>
						<String ID="P3_ST01160" HPOS="2548" VPOS="748" WIDTH="46" HEIGHT="27" CONTENT="die" WC="1.00" CC="000"/>
						<SP ID="P3_SP01000" HPOS="2594" VPOS="778" WIDTH="19"/>
						<String ID="P3_ST01161" HPOS="2613" VPOS="746" WIDTH="78" HEIGHT="30" CONTENT="Erde" WC="0.98" CC="5400"/>
						<SP ID="P3_SP01001" HPOS="2691" VPOS="778" WIDTH="20"/>
						<String ID="P3_ST01162" HPOS="2711" VPOS="747" WIDTH="81" HEIGHT="29" CONTENT="nicht" WC="0.97" CC="55406"/>
						<SP ID="P3_SP01002" HPOS="2792" VPOS="778" WIDTH="16"/>
						<String ID="P3_ST01163" HPOS="2808" VPOS="749" WIDTH="57" HEIGHT="29" CONTENT="der" WC="0.96" CC="900"/>
						<SP ID="P3_SP01003" HPOS="2865" VPOS="778" WIDTH="19"/>
						<String ID="P3_ST01164" HPOS="2884" VPOS="748" WIDTH="66" HEIGHT="28" CONTENT="Men" SUBS_TYPE="HypPart1" SUBS_CONTENT="Menschen" WC="0.97" CC="047"/>
						<HYP HPOS="2950" VPOS="748" WIDTH="21" CONTENT="-"/>
					</TextLine>
					<TextLine ID="P3_TL00162" HPOS="2079" VPOS="795" WIDTH="891" HEIGHT="35">
						<String ID="P3_ST01165" HPOS="2079" VPOS="795" WIDTH="93" HEIGHT="30" CONTENT="schen" SUBS_TYPE="HypPart2" SUBS_CONTENT="Menschen" WC="0.98" CC="01506"/>
						<SP ID="P3_SP01004" HPOS="2172" VPOS="825" WIDTH="27"/>
						<String ID="P3_ST01166" HPOS="2199" VPOS="804" WIDTH="120" HEIGHT="25" CONTENT="wegen." WC="0.99" CC="020034"/>
						<SP ID="P3_SP01005" HPOS="2319" VPOS="829" WIDTH="41"/>
						<String ID="P3_ST01167" HPOS="2360" VPOS="797" WIDTH="81" HEIGHT="28" CONTENT="Aber" WC="1.00" CC="0010"/>
						<SP ID="P3_SP01006" HPOS="2441" VPOS="829" WIDTH="31"/>
						<String ID="P3_ST01168" HPOS="2472" VPOS="798" WIDTH="43" HEIGHT="27" CONTENT="sie" WC="0.97" CC="061"/>
						<SP ID="P3_SP01007" HPOS="2515" VPOS="829" WIDTH="32"/>
						<String ID="P3_ST01169" HPOS="2547" VPOS="797" WIDTH="75" HEIGHT="29" CONTENT="rollt." WC="0.99" CC="033600"/>
						<SP ID="P3_SP01008" HPOS="2622" VPOS="829" WIDTH="50"/>
						<String ID="P3_ST01170" HPOS="2672" VPOS="797" WIDTH="56" HEIGHT="29" CONTENT="Die" WC="0.98" CC="040"/>
						<SP ID="P3_SP01009" HPOS="2728" VPOS="829" WIDTH="29"/>
						<String ID="P3_ST01171" HPOS="2757" VPOS="798" WIDTH="213" HEIGHT="32" CONTENT="Rollkutscher" WC="0.99" CC="850628436743"/>
					</TextLine>
					<TextLine ID="P3_TL00163" HPOS="2079" VPOS="846" WIDTH="892" HEIGHT="37">
						<String ID="P3_ST01172" HPOS="2079" VPOS="846" WIDTH="168" HEIGHT="34" CONTENT="schimpfen" WC="0.98" CC="750707617"/>
						<SP ID="P3_SP01010" HPOS="2247" VPOS="880" WIDTH="21"/>
						<String ID="P3_ST01173" HPOS="2268" VPOS="847" WIDTH="143" HEIGHT="33" CONTENT="mächtig." WC="1.00" CC="00000404"/>
						<SP ID="P3_SP01011" HPOS="2411" VPOS="880" WIDTH="28"/>
						<String ID="P3_ST01174" HPOS="2439" VPOS="847" WIDTH="39" HEIGHT="29" CONTENT="Es" WC="0.70" CC="50"/>
						<SP ID="P3_SP01012" HPOS="2478" VPOS="880" WIDTH="21"/>
						<String ID="P3_ST01175" HPOS="2499" VPOS="849" WIDTH="39" HEIGHT="27" CONTENT="ist" WC="0.99" CC="300"/>
						<SP ID="P3_SP01013" HPOS="2538" VPOS="880" WIDTH="19"/>
						<String ID="P3_ST01176" HPOS="2557" VPOS="847" WIDTH="68" HEIGHT="29" CONTENT="kein" WC="0.96" CC="4156"/>
						<SP ID="P3_SP01014" HPOS="2625" VPOS="880" WIDTH="24"/>
						<String ID="P3_ST01177" HPOS="2649" VPOS="849" WIDTH="192" HEIGHT="33" CONTENT="Vergnügen," WC="0.99" CC="0059609064"/>
						<SP ID="P3_SP01015" HPOS="2841" VPOS="882" WIDTH="22"/>
						<String ID="P3_ST01178" HPOS="2863" VPOS="850" WIDTH="108" HEIGHT="33" CONTENT="gerollt" WC="0.98" CC="0360776"/>
					</TextLine>
					<TextLine ID="P3_TL00164" HPOS="2079" VPOS="898" WIDTH="694" HEIGHT="36">
						<String ID="P3_ST01179" HPOS="2079" VPOS="905" WIDTH="36" HEIGHT="19" CONTENT="zu" WC="0.55" CC="16"/>
						<SP ID="P3_SP01016" HPOS="2115" VPOS="924" WIDTH="17"/>
						<String ID="P3_ST01180" HPOS="2132" VPOS="898" WIDTH="136" HEIGHT="36" CONTENT="werden," WC="0.99" CC="0034080"/>
						<SP ID="P3_SP01017" HPOS="2268" VPOS="934" WIDTH="18"/>
						<String ID="P3_ST01181" HPOS="2286" VPOS="906" WIDTH="90" HEIGHT="21" CONTENT="wenn" WC="0.99" CC="0041"/>
						<SP ID="P3_SP01018" HPOS="2376" VPOS="934" WIDTH="17"/>
						<String ID="P3_ST01182" HPOS="2393" VPOS="906" WIDTH="70" HEIGHT="22" CONTENT="man" WC="0.97" CC="016"/>
						<SP ID="P3_SP01019" HPOS="2463" VPOS="934" WIDTH="14"/>
						<String ID="P3_ST01183" HPOS="2477" VPOS="898" WIDTH="82" HEIGHT="29" CONTENT="nicht" WC="0.98" CC="76100"/>
						<SP ID="P3_SP01020" HPOS="2559" VPOS="934" WIDTH="17"/>
						<String ID="P3_ST01184" HPOS="2576" VPOS="899" WIDTH="94" HEIGHT="29" CONTENT="rollen" WC="0.98" CC="552505"/>
						<SP ID="P3_SP01021" HPOS="2670" VPOS="934" WIDTH="14"/>
						<String ID="P3_ST01185" HPOS="2684" VPOS="899" WIDTH="89" HEIGHT="30" CONTENT="kann." WC="0.99" CC="00144"/>
					</TextLine>
					<TextLine ID="P3_TL00165" HPOS="2135" VPOS="947" WIDTH="834" HEIGHT="38">
						<String ID="P3_ST01186" HPOS="2135" VPOS="947" WIDTH="55" HEIGHT="29" CONTENT="Die" WC="0.92" CC="657"/>
						<SP ID="P3_SP01022" HPOS="2190" VPOS="976" WIDTH="30"/>
						<String ID="P3_ST01187" HPOS="2220" VPOS="948" WIDTH="111" HEIGHT="32" CONTENT="Kinder" WC="0.98" CC="037800"/>
						<SP ID="P3_SP01023" HPOS="2331" VPOS="980" WIDTH="28"/>
						<String ID="P3_ST01188" HPOS="2359" VPOS="950" WIDTH="109" HEIGHT="28" CONTENT="sollten" WC="0.99" CC="3541001"/>
						<SP ID="P3_SP01024" HPOS="2468" VPOS="980" WIDTH="32"/>
						<String ID="P3_ST01189" HPOS="2500" VPOS="951" WIDTH="68" HEIGHT="28" CONTENT="dem" WC="1.00" CC="000"/>
						<SP ID="P3_SP01025" HPOS="2568" VPOS="980" WIDTH="26"/>
						<String ID="P3_ST01190" HPOS="2594" VPOS="952" WIDTH="92" HEIGHT="32" CONTENT="guten" WC="0.99" CC="03005"/>
						<SP ID="P3_SP01026" HPOS="2686" VPOS="984" WIDTH="29"/>
						<String ID="P3_ST01191" HPOS="2715" VPOS="950" WIDTH="97" HEIGHT="29" CONTENT="Onkel" WC="0.98" CC="36002"/>
						<SP ID="P3_SP01027" HPOS="2812" VPOS="984" WIDTH="29"/>
						<String ID="P3_ST01192" HPOS="2841" VPOS="952" WIDTH="128" HEIGHT="33" CONTENT="glauben" WC="0.97" CC="9605736"/>
					</TextLine>
					<TextLine ID="P3_TL00166" HPOS="2080" VPOS="998" WIDTH="891" HEIGHT="36">
						<String ID="P3_ST01193" HPOS="2080" VPOS="999" WIDTH="60" HEIGHT="28" CONTENT="und" WC="0.94" CC="870"/>
						<SP ID="P3_SP01028" HPOS="2140" VPOS="1027" WIDTH="22"/>
						<String ID="P3_ST01194" HPOS="2162" VPOS="998" WIDTH="81" HEIGHT="29" CONTENT="nicht" WC="0.98" CC="71003"/>
						<SP ID="P3_SP01029" HPOS="2243" VPOS="1027" WIDTH="24"/>
						<String ID="P3_ST01195" HPOS="2267" VPOS="1007" WIDTH="36" HEIGHT="21" CONTENT="an" WC="0.52" CC="45"/>
						<SP ID="P3_SP01030" HPOS="2303" VPOS="1028" WIDTH="24"/>
						<String ID="P3_ST01196" HPOS="2327" VPOS="1000" WIDTH="53" HEIGHT="28" CONTENT="der" WC="1.00" CC="000"/>
						<SP ID="P3_SP01031" HPOS="2380" VPOS="1028" WIDTH="22"/>
						<String ID="P3_ST01197" HPOS="2402" VPOS="999" WIDTH="97" HEIGHT="34" CONTENT="Kugel" WC="0.98" CC="07006"/>
						<SP ID="P3_SP01032" HPOS="2499" VPOS="1033" WIDTH="25"/>
						<String ID="P3_ST01198" HPOS="2524" VPOS="1000" WIDTH="152" HEIGHT="30" CONTENT="stochern." WC="0.99" CC="000060450"/>
						<SP ID="P3_SP01033" HPOS="2676" VPOS="1033" WIDTH="32"/>
						<String ID="P3_ST01199" HPOS="2708" VPOS="1002" WIDTH="146" HEIGHT="28" CONTENT="Plötzlich" WC="0.99" CC="020015125"/>
						<SP ID="P3_SP01034" HPOS="2854" VPOS="1033" WIDTH="23"/>
						<String ID="P3_ST01200" HPOS="2877" VPOS="1002" WIDTH="94" HEIGHT="32" CONTENT="platzt" WC="0.98" CC="670600"/>
					</TextLine>
					<TextLine ID="P3_TL00167" HPOS="2080" VPOS="1048" WIDTH="891" HEIGHT="36">
						<String ID="P3_ST01201" HPOS="2080" VPOS="1049" WIDTH="53" HEIGHT="27" CONTENT="sie." WC="0.98" CC="0504"/>
						<SP ID="P3_SP01035" HPOS="2133" VPOS="1076" WIDTH="45"/>
						<String ID="P3_ST01202" HPOS="2178" VPOS="1048" WIDTH="109" HEIGHT="31" CONTENT="Sterne" WC="0.98" CC="007760"/>
						<SP ID="P3_SP01036" HPOS="2287" VPOS="1079" WIDTH="35"/>
						<String ID="P3_ST01203" HPOS="2322" VPOS="1052" WIDTH="141" HEIGHT="32" CONTENT="springen" WC="0.99" CC="00536008"/>
						<SP ID="P3_SP01037" HPOS="2463" VPOS="1084" WIDTH="36"/>
						<String ID="P3_ST01204" HPOS="2499" VPOS="1051" WIDTH="119" HEIGHT="29" CONTENT="heraus." WC="0.99" CC="0040750"/>
						<SP ID="P3_SP01038" HPOS="2618" VPOS="1084" WIDTH="47"/>
						<String ID="P3_ST01205" HPOS="2665" VPOS="1051" WIDTH="56" HEIGHT="29" CONTENT="Die" WC="0.97" CC="070"/>
						<SP ID="P3_SP01039" HPOS="2721" VPOS="1084" WIDTH="36"/>
						<String ID="P3_ST01206" HPOS="2757" VPOS="1052" WIDTH="109" HEIGHT="30" CONTENT="Sterne" WC="0.99" CC="000370"/>
						<SP ID="P3_SP01040" HPOS="2866" VPOS="1084" WIDTH="35"/>
						<String ID="P3_ST01207" HPOS="2901" VPOS="1062" WIDTH="53" HEIGHT="20" CONTENT="ver" SUBS_TYPE="HypPart1" SUBS_CONTENT="verschwinden" WC="0.98" CC="008"/>
						<HYP HPOS="2954" VPOS="1062" WIDTH="17" CONTENT="-"/>
					</TextLine>
					<TextLine ID="P3_TL00168" HPOS="2080" VPOS="1098" WIDTH="891" HEIGHT="38">
						<String ID="P3_ST01208" HPOS="2080" VPOS="1098" WIDTH="179" HEIGHT="31" CONTENT="schwinden" SUBS_TYPE="HypPart2" SUBS_CONTENT="verschwinden" WC="0.98" CC="956063013"/>
						<SP ID="P3_SP01041" HPOS="2259" VPOS="1129" WIDTH="36"/>
						<String ID="P3_ST01209" HPOS="2295" VPOS="1101" WIDTH="39" HEIGHT="28" CONTENT="im" WC="0.77" CC="40"/>
						<SP ID="P3_SP01042" HPOS="2334" VPOS="1129" WIDTH="33"/>
						<String ID="P3_ST01210" HPOS="2367" VPOS="1101" WIDTH="179" HEIGHT="34" CONTENT="Weltraum," WC="0.99" CC="002006700"/>
						<SP ID="P3_SP01043" HPOS="2546" VPOS="1135" WIDTH="39"/>
						<String ID="P3_ST01211" HPOS="2585" VPOS="1105" WIDTH="70" HEIGHT="28" CONTENT="weil" WC="0.98" CC="0045"/>
						<SP ID="P3_SP01044" HPOS="2655" VPOS="1135" WIDTH="38"/>
						<String ID="P3_ST01212" HPOS="2693" VPOS="1104" WIDTH="47" HEIGHT="28" CONTENT="die" WC="1.00" CC="000"/>
						<SP ID="P3_SP01045" HPOS="2740" VPOS="1135" WIDTH="36"/>
						<String ID="P3_ST01213" HPOS="2776" VPOS="1103" WIDTH="112" HEIGHT="33" CONTENT="Kinder" WC="0.98" CC="077001"/>
						<SP ID="P3_SP01046" HPOS="2888" VPOS="1136" WIDTH="35"/>
						<String ID="P3_ST01214" HPOS="2923" VPOS="1105" WIDTH="48" HEIGHT="28" CONTENT="die" WC="0.99" CC="030"/>
					</TextLine>
					<TextLine ID="P3_TL00169" HPOS="2079" VPOS="1150" WIDTH="892" HEIGHT="35">
						<String ID="P3_ST01215" HPOS="2079" VPOS="1150" WIDTH="101" HEIGHT="29" CONTENT="leeren" WC="0.98" CC="571107"/>
						<SP ID="P3_SP01047" HPOS="2180" VPOS="1179" WIDTH="19"/>
						<String ID="P3_ST01216" HPOS="2199" VPOS="1150" WIDTH="93" HEIGHT="33" CONTENT="Reste" WC="0.99" CC="90000"/>
						<SP ID="P3_SP01048" HPOS="2292" VPOS="1183" WIDTH="20"/>
						<String ID="P3_ST01217" HPOS="2312" VPOS="1153" WIDTH="50" HEIGHT="28" CONTENT="auf" WC="0.95" CC="075"/>
						<SP ID="P3_SP01049" HPOS="2362" VPOS="1183" WIDTH="18"/>
						<String ID="P3_ST01218" HPOS="2380" VPOS="1152" WIDTH="52" HEIGHT="29" CONTENT="der" WC="1.00" CC="000"/>
						<SP ID="P3_SP01050" HPOS="2432" VPOS="1183" WIDTH="17"/>
						<String ID="P3_ST01219" HPOS="2449" VPOS="1153" WIDTH="79" HEIGHT="29" CONTENT="Erde" WC="1.00" CC="1000"/>
						<SP ID="P3_SP01051" HPOS="2528" VPOS="1183" WIDTH="19"/>
						<String ID="P3_ST01220" HPOS="2547" VPOS="1154" WIDTH="212" HEIGHT="29" CONTENT="untersuchen." WC="0.99" CC="758046700044"/>
						<SP ID="P3_SP01052" HPOS="2759" VPOS="1183" WIDTH="28"/>
						<String ID="P3_ST01221" HPOS="2787" VPOS="1155" WIDTH="56" HEIGHT="29" CONTENT="Die" WC="0.98" CC="040"/>
						<SP ID="P3_SP01053" HPOS="2843" VPOS="1184" WIDTH="19"/>
						<String ID="P3_ST01222" HPOS="2862" VPOS="1155" WIDTH="109" HEIGHT="30" CONTENT="Sterne" WC="0.98" CC="200676"/>
					</TextLine>
					<TextLine ID="P3_TL00170" HPOS="2079" VPOS="1201" WIDTH="892" HEIGHT="34">
						<String ID="P3_ST01223" HPOS="2079" VPOS="1201" WIDTH="99" HEIGHT="29" CONTENT="haben" WC="0.98" CC="34005"/>
						<SP ID="P3_SP01054" HPOS="2178" VPOS="1230" WIDTH="23"/>
						<String ID="P3_ST01224" HPOS="2201" VPOS="1203" WIDTH="43" HEIGHT="27" CONTENT="sie" WC="0.98" CC="004"/>
						<SP ID="P3_SP01055" HPOS="2244" VPOS="1230" WIDTH="21"/>
						<String ID="P3_ST01225" HPOS="2265" VPOS="1202" WIDTH="181" HEIGHT="30" CONTENT="übersehen." WC="1.00" CC="0000000064"/>
						<SP ID="P3_SP01056" HPOS="2446" VPOS="1232" WIDTH="31"/>
						<String ID="P3_ST01226" HPOS="2477" VPOS="1204" WIDTH="68" HEIGHT="28" CONTENT="Und" WC="0.97" CC="053"/>
						<SP ID="P3_SP01057" HPOS="2545" VPOS="1232" WIDTH="19"/>
						<String ID="P3_ST01227" HPOS="2564" VPOS="1206" WIDTH="28" HEIGHT="26" CONTENT="in" WC="0.80" CC="40"/>
						<SP ID="P3_SP01058" HPOS="2592" VPOS="1232" WIDTH="23"/>
						<String ID="P3_ST01228" HPOS="2615" VPOS="1204" WIDTH="47" HEIGHT="29" CONTENT="die" WC="0.98" CC="060"/>
						<SP ID="P3_SP01059" HPOS="2662" VPOS="1233" WIDTH="21"/>
						<String ID="P3_ST01229" HPOS="2683" VPOS="1205" WIDTH="83" HEIGHT="29" CONTENT="Welt" WC="0.99" CC="0020"/>
						<SP ID="P3_SP01060" HPOS="2766" VPOS="1234" WIDTH="21"/>
						<String ID="P3_ST01230" HPOS="2787" VPOS="1205" WIDTH="80" HEIGHT="30" CONTENT="fährt" WC="0.98" CC="62050"/>
						<SP ID="P3_SP01061" HPOS="2867" VPOS="1235" WIDTH="24"/>
						<String ID="P3_ST01231" HPOS="2891" VPOS="1207" WIDTH="80" HEIGHT="28" CONTENT="nicht" WC="0.96" CC="76445"/>
					</TextLine>
					<TextLine ID="P3_TL00171" HPOS="2081" VPOS="1252" WIDTH="380" HEIGHT="32">
						<String ID="P3_ST01232" HPOS="2081" VPOS="1252" WIDTH="109" HEIGHT="29" CONTENT="einmal" WC="0.98" CC="069210"/>
						<SP ID="P3_SP01062" HPOS="2190" VPOS="1281" WIDTH="20"/>
						<String ID="P3_ST01233" HPOS="2210" VPOS="1254" WIDTH="47" HEIGHT="29" CONTENT="die" WC="1.00" CC="000"/>
						<SP ID="P3_SP01063" HPOS="2257" VPOS="1283" WIDTH="20"/>
						<String ID="P3_ST01234" HPOS="2277" VPOS="1253" WIDTH="184" HEIGHT="31" CONTENT="Eisenbahn." WC="1.00" CC="3400003033"/>
					</TextLine>
					<TextLine ID="P3_TL00172" HPOS="2134" VPOS="1303" WIDTH="837" HEIGHT="40">
						<String ID="P3_ST01235" HPOS="2134" VPOS="1304" WIDTH="157" HEIGHT="34" CONTENT="Achtung!" WC="0.99" CC="00604303"/>
						<SP ID="P3_SP01064" HPOS="2291" VPOS="1338" WIDTH="27"/>
						<String ID="P3_ST01236" HPOS="2318" VPOS="1303" WIDTH="89" HEIGHT="31" CONTENT="Nicht" WC="1.00" CC="02000"/>
						<SP ID="P3_SP01065" HPOS="2407" VPOS="1338" WIDTH="17"/>
						<String ID="P3_ST01237" HPOS="2424" VPOS="1307" WIDTH="28" HEIGHT="28" CONTENT="in" WC="0.59" CC="70"/>
						<SP ID="P3_SP01066" HPOS="2452" VPOS="1338" WIDTH="18"/>
						<String ID="P3_ST01238" HPOS="2470" VPOS="1307" WIDTH="128" HEIGHT="29" CONTENT="Breslau" WC="0.98" CC="5100556"/>
						<SP ID="P3_SP01067" HPOS="2598" VPOS="1338" WIDTH="20"/>
						<String ID="P3_ST01239" HPOS="2618" VPOS="1310" WIDTH="182" HEIGHT="33" CONTENT="aussteigen." WC="0.99" CC="58100060074"/>
						<SP ID="P3_SP01068" HPOS="2800" VPOS="1343" WIDTH="29"/>
						<String ID="P3_ST01240" HPOS="2829" VPOS="1308" WIDTH="62" HEIGHT="30" CONTENT="Der" WC="0.93" CC="269"/>
						<SP ID="P3_SP01069" HPOS="2891" VPOS="1343" WIDTH="18"/>
						<String ID="P3_ST01241" HPOS="2909" VPOS="1309" WIDTH="62" HEIGHT="34" CONTENT="Zug" WC="0.94" CC="069"/>
					</TextLine>
					<TextLine ID="P3_TL00173" HPOS="2079" VPOS="1353" WIDTH="221" HEIGHT="31">
						<String ID="P3_ST01242" HPOS="2079" VPOS="1353" WIDTH="80" HEIGHT="31" CONTENT="fährt" WC="0.99" CC="60000"/>
						<SP ID="P3_SP01070" HPOS="2159" VPOS="1384" WIDTH="22"/>
						<String ID="P3_ST01243" HPOS="2181" VPOS="1356" WIDTH="119" HEIGHT="28" CONTENT="weiter." WC="0.99" CC="0060044"/>
					</TextLine>
				</TextBlock>
				<TextBlock ID="P3_TB00008" HPOS="2620" VPOS="1408" WIDTH="314" HEIGHT="33" STYLEREFS="TXT_0 PAR_RIGHT">
					<TextLine ID="P3_TL00174" HPOS="2621" VPOS="1410" WIDTH="313" HEIGHT="31">
						<String ID="P3_ST01244" HPOS="2621" VPOS="1410" WIDTH="165" HEIGHT="30" CONTENT="Herwarth" WC="0.96" CC="70430407"/>
						<SP ID="P3_SP01071" HPOS="2786" VPOS="1440" WIDTH="19"/>
						<String ID="P3_ST01245" HPOS="2805" VPOS="1411" WIDTH="129" HEIGHT="30" CONTENT="Walden" WC="1.00" CC="040696"/>
					</TextLine>
				</TextBlock>
				<TextBlock ID="P3_TB00009" HPOS="2078" VPOS="1601" WIDTH="571" HEIGHT="166" STYLEREFS="TXT_0 PAR_LEFT">
					<TextLine ID="P3_TL00175" HPOS="2079" VPOS="1601" WIDTH="532" HEIGHT="59">
						<String ID="P3_ST01246" HPOS="2079" VPOS="1601" WIDTH="125" HEIGHT="57" CONTENT="Die" WC="0.96" CC="450"/>
						<SP ID="P3_SP01072" HPOS="2204" VPOS="1658" WIDTH="45"/>
						<String ID="P3_ST01247" HPOS="2249" VPOS="1601" WIDTH="251" HEIGHT="58" CONTENT="Wacht" WC="0.96" CC="36567"/>
						<SP ID="P3_SP01073" HPOS="2500" VPOS="1659" WIDTH="44"/>
						<String ID="P3_ST01248" HPOS="2544" VPOS="1603" WIDTH="67" HEIGHT="57" CONTENT="in" WC="0.39" CC="56"/>
					</TextLine>
					<TextLine ID="P3_TL00176" HPOS="2082" VPOS="1691" WIDTH="567" HEIGHT="76">
						<String ID="P3_ST01249" HPOS="2082" VPOS="1691" WIDTH="567" HEIGHT="76" CONTENT="Charlottenburg" WC="0.99" CC="05365177463664"/>
					</TextLine>
				</TextBlock>
				<TextBlock ID="P3_TB00010" HPOS="2079" VPOS="1810" WIDTH="894" HEIGHT="2280" STYLEREFS="TXT_0 PAR_BLOCK">
					<TextLine ID="P3_TL00177" HPOS="2137" VPOS="1811" WIDTH="836" HEIGHT="32">
						<String ID="P3_ST01250" HPOS="2137" VPOS="1811" WIDTH="62" HEIGHT="29" CONTENT="Der" WC="0.98" CC="202"/>
						<SP ID="P3_SP01074" HPOS="2199" VPOS="1840" WIDTH="21"/>
						<String ID="P3_ST01251" HPOS="2220" VPOS="1811" WIDTH="195" HEIGHT="32" CONTENT="Kunstmaler" WC="1.00" CC="0730000500"/>
						<SP ID="P3_SP01075" HPOS="2415" VPOS="1843" WIDTH="20"/>
						<String ID="P3_ST01252" HPOS="2435" VPOS="1813" WIDTH="94" HEIGHT="27" CONTENT="Lovis" WC="0.78" CC="24030"/>
						<SP ID="P3_SP01076" HPOS="2529" VPOS="1843" WIDTH="22"/>
						<String ID="P3_ST01253" HPOS="2551" VPOS="1812" WIDTH="126" HEIGHT="28" CONTENT="Corinth" WC="0.70" CC="5044500"/>
						<SP ID="P3_SP01077" HPOS="2677" VPOS="1843" WIDTH="22"/>
						<String ID="P3_ST01254" HPOS="2699" VPOS="1812" WIDTH="71" HEIGHT="29" CONTENT="hielt" WC="0.98" CC="64040"/>
						<SP ID="P3_SP01078" HPOS="2770" VPOS="1843" WIDTH="22"/>
						<String ID="P3_ST01255" HPOS="2792" VPOS="1813" WIDTH="86" HEIGHT="27" CONTENT="einen" WC="0.98" CC="02717"/>
						<SP ID="P3_SP01079" HPOS="2878" VPOS="1843" WIDTH="19"/>
						<String ID="P3_ST01256" HPOS="2897" VPOS="1814" WIDTH="57" HEIGHT="27" CONTENT="Vor" SUBS_TYPE="HypPart1" SUBS_CONTENT="Vortrag" WC="0.97" CC="830"/>
						<HYP HPOS="2954" VPOS="1814" WIDTH="19" CONTENT="-"/>
					</TextLine>
					<TextLine ID="P3_TL00178" HPOS="2081" VPOS="1863" WIDTH="892" HEIGHT="33">
						<String ID="P3_ST01257" HPOS="2081" VPOS="1864" WIDTH="68" HEIGHT="32" CONTENT="trag" SUBS_TYPE="HypPart2" SUBS_CONTENT="Vortrag" WC="0.95" CC="8930"/>
						<SP ID="P3_SP01080" HPOS="2149" VPOS="1896" WIDTH="22"/>
						<String ID="P3_ST01258" HPOS="2171" VPOS="1872" WIDTH="58" HEIGHT="19" CONTENT="vor" WC="1.00" CC="000"/>
						<SP ID="P3_SP01081" HPOS="2229" VPOS="1896" WIDTH="25"/>
						<String ID="P3_ST01259" HPOS="2254" VPOS="1865" WIDTH="56" HEIGHT="27" CONTENT="den" WC="0.97" CC="007"/>
						<SP ID="P3_SP01082" HPOS="2310" VPOS="1896" WIDTH="25"/>
						<String ID="P3_ST01260" HPOS="2335" VPOS="1863" WIDTH="179" HEIGHT="29" CONTENT="Vertretern" WC="1.00" CC="0010305006"/>
						<SP ID="P3_SP01083" HPOS="2514" VPOS="1896" WIDTH="25"/>
						<String ID="P3_ST01261" HPOS="2539" VPOS="1863" WIDTH="53" HEIGHT="28" CONTENT="der" WC="0.98" CC="004"/>
						<SP ID="P3_SP01084" HPOS="2592" VPOS="1896" WIDTH="23"/>
						<String ID="P3_ST01262" HPOS="2615" VPOS="1864" WIDTH="158" HEIGHT="28" CONTENT="neutralen" WC="0.99" CC="506002305"/>
						<SP ID="P3_SP01085" HPOS="2773" VPOS="1896" WIDTH="24"/>
						<String ID="P3_ST01263" HPOS="2797" VPOS="1864" WIDTH="122" HEIGHT="30" CONTENT="Presse," WC="0.99" CC="0503006"/>
						<SP ID="P3_SP01086" HPOS="2919" VPOS="1896" WIDTH="26"/>
						<String ID="P3_ST01264" HPOS="2945" VPOS="1865" WIDTH="28" HEIGHT="28" CONTENT="in" WC="0.51" CC="36"/>
					</TextLine>
					<TextLine ID="P3_TL00179" HPOS="2081" VPOS="1913" WIDTH="892" HEIGHT="33">
						<String ID="P3_ST01265" HPOS="2081" VPOS="1913" WIDTH="53" HEIGHT="29" CONTENT="der" WC="0.96" CC="803"/>
						<SP ID="P3_SP01087" HPOS="2134" VPOS="1942" WIDTH="37"/>
						<String ID="P3_ST01266" HPOS="2171" VPOS="1914" WIDTH="167" HEIGHT="32" CONTENT="Annahme," WC="0.98" CC="06869000"/>
						<SP ID="P3_SP01088" HPOS="2338" VPOS="1946" WIDTH="37"/>
						<String ID="P3_ST01267" HPOS="2375" VPOS="1915" WIDTH="56" HEIGHT="28" CONTENT="daß" WC="1.00" CC="010"/>
						<SP ID="P3_SP01089" HPOS="2431" VPOS="1946" WIDTH="39"/>
						<String ID="P3_ST01268" HPOS="2470" VPOS="1915" WIDTH="46" HEIGHT="28" CONTENT="die" WC="0.95" CC="553"/>
						<SP ID="P3_SP01090" HPOS="2516" VPOS="1946" WIDTH="39"/>
						<String ID="P3_ST01269" HPOS="2555" VPOS="1915" WIDTH="116" HEIGHT="30" CONTENT="Herren" WC="0.97" CC="604906"/>
						<SP ID="P3_SP01091" HPOS="2671" VPOS="1946" WIDTH="37"/>
						<String ID="P3_ST01270" HPOS="2708" VPOS="1915" WIDTH="152" HEIGHT="30" CONTENT="vielleicht" WC="0.99" CC="0404604500"/>
						<SP ID="P3_SP01092" HPOS="2860" VPOS="1946" WIDTH="35"/>
						<String ID="P3_ST01271" HPOS="2895" VPOS="1915" WIDTH="78" HEIGHT="29" CONTENT="noch" WC="0.95" CC="7655"/>
					</TextLine>
					<TextLine ID="P3_TL00180" HPOS="2080" VPOS="1965" WIDTH="893" HEIGHT="33">
						<String ID="P3_ST01272" HPOS="2080" VPOS="1966" WIDTH="137" HEIGHT="32" CONTENT="weniger" WC="0.99" CC="0064044"/>
						<SP ID="P3_SP01093" HPOS="2217" VPOS="1998" WIDTH="27"/>
						<String ID="P3_ST01273" HPOS="2244" VPOS="1973" WIDTH="61" HEIGHT="20" CONTENT="von" WC="0.97" CC="007"/>
						<SP ID="P3_SP01094" HPOS="2305" VPOS="1998" WIDTH="27"/>
						<String ID="P3_ST01274" HPOS="2332" VPOS="1965" WIDTH="96" HEIGHT="31" CONTENT="Kunst" WC="0.97" CC="58600"/>
						<SP ID="P3_SP01095" HPOS="2428" VPOS="1998" WIDTH="28"/>
						<String ID="P3_ST01275" HPOS="2456" VPOS="1966" WIDTH="166" HEIGHT="29" CONTENT="verstehen" WC="1.00" CC="000000007"/>
						<SP ID="P3_SP01096" HPOS="2622" VPOS="1998" WIDTH="40"/>
						<String ID="P3_ST01276" HPOS="2662" VPOS="1966" WIDTH="42" HEIGHT="28" CONTENT="als" WC="0.98" CC="060"/>
						<SP ID="P3_SP01097" HPOS="2704" VPOS="1998" WIDTH="37"/>
						<String ID="P3_ST01277" HPOS="2741" VPOS="1967" WIDTH="46" HEIGHT="28" CONTENT="die" WC="0.98" CC="050"/>
						<SP ID="P3_SP01098" HPOS="2787" VPOS="1998" WIDTH="36"/>
						<String ID="P3_ST01278" HPOS="2823" VPOS="1966" WIDTH="150" HEIGHT="29" CONTENT="deutsche" WC="0.98" CC="90703702"/>
					</TextLine>
					<TextLine ID="P3_TL00181" HPOS="2080" VPOS="2016" WIDTH="893" HEIGHT="34">
						<String ID="P3_ST01279" HPOS="2080" VPOS="2016" WIDTH="122" HEIGHT="28" CONTENT="Presse." WC="1.00" CC="0400003"/>
						<SP ID="P3_SP01099" HPOS="2202" VPOS="2044" WIDTH="33"/>
						<String ID="P3_ST01280" HPOS="2235" VPOS="2016" WIDTH="55" HEIGHT="28" CONTENT="Die" WC="0.97" CC="160"/>
						<SP ID="P3_SP01100" HPOS="2290" VPOS="2044" WIDTH="27"/>
						<String ID="P3_ST01281" HPOS="2317" VPOS="2016" WIDTH="104" HEIGHT="32" CONTENT="Reden" WC="0.98" CC="00805"/>
						<SP ID="P3_SP01101" HPOS="2421" VPOS="2048" WIDTH="25"/>
						<String ID="P3_ST01282" HPOS="2446" VPOS="2017" WIDTH="59" HEIGHT="28" CONTENT="und" WC="0.94" CC="744"/>
						<SP ID="P3_SP01102" HPOS="2505" VPOS="2048" WIDTH="24"/>
						<String ID="P3_ST01283" HPOS="2529" VPOS="2017" WIDTH="46" HEIGHT="28" CONTENT="die" WC="0.94" CC="860"/>
						<SP ID="P3_SP01103" HPOS="2575" VPOS="2048" WIDTH="24"/>
						<String ID="P3_ST01284" HPOS="2599" VPOS="2017" WIDTH="115" HEIGHT="29" CONTENT="Werke" WC="1.00" CC="00001"/>
						<SP ID="P3_SP01104" HPOS="2714" VPOS="2048" WIDTH="26"/>
						<String ID="P3_ST01285" HPOS="2740" VPOS="2018" WIDTH="101" HEIGHT="28" CONTENT="dieses" WC="0.98" CC="012950"/>
						<SP ID="P3_SP01105" HPOS="2841" VPOS="2048" WIDTH="22"/>
						<String ID="P3_ST01286" HPOS="2863" VPOS="2018" WIDTH="92" HEIGHT="32" CONTENT="Kunst" SUBS_TYPE="HypPart1" SUBS_CONTENT="Kunstmalers" WC="0.97" CC="97530"/>
						<HYP HPOS="2955" VPOS="2018" WIDTH="18" CONTENT="-"/>
					</TextLine>
					<TextLine ID="P3_TL00182" HPOS="2081" VPOS="2067" WIDTH="892" HEIGHT="34">
						<String ID="P3_ST01287" HPOS="2081" VPOS="2067" WIDTH="111" HEIGHT="28" CONTENT="malers" SUBS_TYPE="HypPart2" SUBS_CONTENT="Kunstmalers" WC="0.99" CC="044000"/>
						<SP ID="P3_SP01106" HPOS="2192" VPOS="2095" WIDTH="20"/>
						<String ID="P3_ST01288" HPOS="2212" VPOS="2067" WIDTH="121" HEIGHT="29" CONTENT="können" WC="0.98" CC="005706"/>
						<SP ID="P3_SP01107" HPOS="2333" VPOS="2096" WIDTH="21"/>
						<String ID="P3_ST01289" HPOS="2354" VPOS="2068" WIDTH="163" HEIGHT="33" CONTENT="allerdings" WC="0.99" CC="6342604806"/>
						<SP ID="P3_SP01108" HPOS="2517" VPOS="2101" WIDTH="21"/>
						<String ID="P3_ST01290" HPOS="2538" VPOS="2069" WIDTH="45" HEIGHT="28" CONTENT="die" WC="0.98" CC="040"/>
						<SP ID="P3_SP01109" HPOS="2583" VPOS="2101" WIDTH="20"/>
						<String ID="P3_ST01291" HPOS="2603" VPOS="2068" WIDTH="118" HEIGHT="29" CONTENT="Herren" WC="0.98" CC="720405"/>
						<SP ID="P3_SP01110" HPOS="2721" VPOS="2101" WIDTH="21"/>
						<String ID="P3_ST01292" HPOS="2742" VPOS="2069" WIDTH="53" HEIGHT="28" CONTENT="der" WC="1.00" CC="000"/>
						<SP ID="P3_SP01111" HPOS="2795" VPOS="2101" WIDTH="23"/>
						<String ID="P3_ST01293" HPOS="2818" VPOS="2068" WIDTH="155" HEIGHT="28" CONTENT="neutralen" WC="0.98" CC="307905028"/>
					</TextLine>
					<TextLine ID="P3_TL00183" HPOS="2081" VPOS="2116" WIDTH="892" HEIGHT="36">
						<String ID="P3_ST01294" HPOS="2081" VPOS="2116" WIDTH="112" HEIGHT="30" CONTENT="Presse" WC="0.99" CC="050502"/>
						<SP ID="P3_SP01112" HPOS="2193" VPOS="2146" WIDTH="19"/>
						<String ID="P3_ST01295" HPOS="2212" VPOS="2118" WIDTH="203" HEIGHT="34" CONTENT="überzeugen," WC="0.99" CC="00042230063"/>
						<SP ID="P3_SP01113" HPOS="2415" VPOS="2152" WIDTH="22"/>
						<String ID="P3_ST01296" HPOS="2437" VPOS="2119" WIDTH="75" HEIGHT="32" CONTENT="„daß" WC="0.99" CC="5000"/>
						<SP ID="P3_SP01114" HPOS="2512" VPOS="2152" WIDTH="23"/>
						<String ID="P3_ST01297" HPOS="2535" VPOS="2127" WIDTH="109" HEIGHT="20" CONTENT="unsere" WC="0.99" CC="760000"/>
						<SP ID="P3_SP01115" HPOS="2644" VPOS="2152" WIDTH="21"/>
						<String ID="P3_ST01298" HPOS="2665" VPOS="2119" WIDTH="89" HEIGHT="29" CONTENT="Stadt" WC="0.99" CC="00700"/>
						<SP ID="P3_SP01116" HPOS="2754" VPOS="2152" WIDTH="19"/>
						<String ID="P3_ST01299" HPOS="2773" VPOS="2118" WIDTH="103" HEIGHT="29" CONTENT="Berlin" WC="0.97" CC="690645"/>
						<SP ID="P3_SP01117" HPOS="2876" VPOS="2152" WIDTH="17"/>
						<String ID="P3_ST01300" HPOS="2893" VPOS="2119" WIDTH="80" HEIGHT="29" CONTENT="nicht" WC="0.99" CC="60400"/>
					</TextLine>
					<TextLine ID="P3_TL00184" HPOS="2082" VPOS="2168" WIDTH="891" HEIGHT="33">
						<String ID="P3_ST01301" HPOS="2082" VPOS="2176" WIDTH="34" HEIGHT="21" CONTENT="so" WC="0.68" CC="06"/>
						<SP ID="P3_SP01118" HPOS="2116" VPOS="2197" WIDTH="29"/>
						<String ID="P3_ST01302" HPOS="2145" VPOS="2169" WIDTH="55" HEIGHT="28" CONTENT="bar" WC="0.98" CC="004"/>
						<SP ID="P3_SP01119" HPOS="2200" VPOS="2197" WIDTH="27"/>
						<String ID="P3_ST01303" HPOS="2227" VPOS="2168" WIDTH="72" HEIGHT="29" CONTENT="aller" WC="0.97" CC="96520"/>
						<SP ID="P3_SP01120" HPOS="2299" VPOS="2197" WIDTH="27"/>
						<String ID="P3_ST01304" HPOS="2326" VPOS="2169" WIDTH="104" HEIGHT="31" CONTENT="Kultur" WC="0.98" CC="073050"/>
						<SP ID="P3_SP01121" HPOS="2430" VPOS="2200" WIDTH="38"/>
						<String ID="P3_ST01305" HPOS="2468" VPOS="2171" WIDTH="47" HEIGHT="30" CONTENT="ist," WC="0.98" CC="7300"/>
						<SP ID="P3_SP01122" HPOS="2515" VPOS="2201" WIDTH="28"/>
						<String ID="P3_ST01306" HPOS="2543" VPOS="2171" WIDTH="60" HEIGHT="27" CONTENT="wie" WC="0.97" CC="070"/>
						<SP ID="P3_SP01123" HPOS="2603" VPOS="2201" WIDTH="38"/>
						<String ID="P3_ST01307" HPOS="2641" VPOS="2178" WIDTH="110" HEIGHT="20" CONTENT="unsere" WC="0.98" CC="870052"/>
						<SP ID="P3_SP01124" HPOS="2751" VPOS="2201" WIDTH="39"/>
						<String ID="P3_ST01308" HPOS="2790" VPOS="2169" WIDTH="112" HEIGHT="29" CONTENT="Feinde" WC="0.97" CC="524780"/>
						<SP ID="P3_SP01125" HPOS="2902" VPOS="2201" WIDTH="38"/>
						<String ID="P3_ST01309" HPOS="2940" VPOS="2178" WIDTH="33" HEIGHT="20" CONTENT="es" WC="1.00" CC="00"/>
					</TextLine>
					<TextLine ID="P3_TL00185" HPOS="2081" VPOS="2219" WIDTH="892" HEIGHT="34">
						<String ID="P3_ST01310" HPOS="2081" VPOS="2219" WIDTH="115" HEIGHT="28" CONTENT="überall" WC="0.99" CC="0003526"/>
						<SP ID="P3_SP01126" HPOS="2196" VPOS="2247" WIDTH="23"/>
						<String ID="P3_ST01311" HPOS="2219" VPOS="2227" WIDTH="213" HEIGHT="25" CONTENT="ausposaunen" WC="0.99" CC="07604007604"/>
						<SP ID="P3_SP01127" HPOS="2432" VPOS="2252" WIDTH="23"/>
						<String ID="P3_ST01312" HPOS="2455" VPOS="2220" WIDTH="170" HEIGHT="29" CONTENT='möchten."' WC="0.99" CC="006004700"/>
						<SP ID="P3_SP01128" HPOS="2625" VPOS="2252" WIDTH="33"/>
						<String ID="P3_ST01313" HPOS="2658" VPOS="2220" WIDTH="110" HEIGHT="28" CONTENT="Solche" WC="0.98" CC="055460"/>
						<SP ID="P3_SP01129" HPOS="2768" VPOS="2252" WIDTH="22"/>
						<String ID="P3_ST01314" HPOS="2790" VPOS="2221" WIDTH="104" HEIGHT="32" CONTENT="Reden" WC="0.98" CC="90008"/>
						<SP ID="P3_SP01130" HPOS="2894" VPOS="2253" WIDTH="21"/>
						<String ID="P3_ST01315" HPOS="2915" VPOS="2219" WIDTH="58" HEIGHT="30" CONTENT="und" WC="0.95" CC="840"/>
					</TextLine>
					<TextLine ID="P3_TL00186" HPOS="2081" VPOS="2269" WIDTH="892" HEIGHT="33">
						<String ID="P3_ST01316" HPOS="2081" VPOS="2269" WIDTH="102" HEIGHT="29" CONTENT="Bilder" WC="0.99" CC="053003"/>
						<SP ID="P3_SP01131" HPOS="2183" VPOS="2298" WIDTH="18"/>
						<String ID="P3_ST01317" HPOS="2201" VPOS="2271" WIDTH="64" HEIGHT="31" CONTENT="gibt" WC="0.96" CC="9600"/>
						<SP ID="P3_SP01132" HPOS="2265" VPOS="2302" WIDTH="19"/>
						<String ID="P3_ST01318" HPOS="2284" VPOS="2279" WIDTH="31" HEIGHT="20" CONTENT="es" WC="1.00" CC="00"/>
						<SP ID="P3_SP01133" HPOS="2315" VPOS="2302" WIDTH="20"/>
						<String ID="P3_ST01319" HPOS="2335" VPOS="2270" WIDTH="78" HEIGHT="28" CONTENT="auch" WC="0.96" CC="0755"/>
						<SP ID="P3_SP01134" HPOS="2413" VPOS="2302" WIDTH="18"/>
						<String ID="P3_ST01320" HPOS="2431" VPOS="2272" WIDTH="39" HEIGHT="27" CONTENT="im" WC="0.77" CC="40"/>
						<SP ID="P3_SP01135" HPOS="2470" VPOS="2302" WIDTH="16"/>
						<String ID="P3_ST01321" HPOS="2486" VPOS="2271" WIDTH="158" HEIGHT="30" CONTENT="neutralen" WC="0.99" CC="607015406"/>
						<SP ID="P3_SP01136" HPOS="2644" VPOS="2302" WIDTH="19"/>
						<String ID="P3_ST01322" HPOS="2663" VPOS="2271" WIDTH="134" HEIGHT="29" CONTENT="Ausland" WC="0.98" CC="0817079"/>
						<SP ID="P3_SP01137" HPOS="2797" VPOS="2302" WIDTH="21"/>
						<String ID="P3_ST01323" HPOS="2818" VPOS="2272" WIDTH="60" HEIGHT="27" CONTENT="und" WC="0.93" CC="674"/>
						<SP ID="P3_SP01138" HPOS="2878" VPOS="2302" WIDTH="19"/>
						<String ID="P3_ST01324" HPOS="2897" VPOS="2271" WIDTH="76" HEIGHT="29" CONTENT="auch" WC="0.96" CC="0765"/>
					</TextLine>
					<TextLine ID="P3_TL00187" HPOS="2081" VPOS="2321" WIDTH="892" HEIGHT="34">
						<String ID="P3_ST01325" HPOS="2081" VPOS="2322" WIDTH="40" HEIGHT="26" CONTENT="im" WC="0.69" CC="60"/>
						<SP ID="P3_SP01139" HPOS="2121" VPOS="2348" WIDTH="25"/>
						<String ID="P3_ST01326" HPOS="2146" VPOS="2322" WIDTH="125" HEIGHT="33" CONTENT="übrigen" WC="0.99" CC="0005004"/>
						<SP ID="P3_SP01140" HPOS="2271" VPOS="2355" WIDTH="25"/>
						<String ID="P3_ST01327" HPOS="2296" VPOS="2322" WIDTH="145" HEIGHT="29" CONTENT="Ausland." WC="0.98" CC="08070764"/>
						<SP ID="P3_SP01141" HPOS="2441" VPOS="2355" WIDTH="31"/>
						<String ID="P3_ST01328" HPOS="2472" VPOS="2321" WIDTH="104" HEIGHT="32" CONTENT="Kultur" WC="0.98" CC="086040"/>
						<SP ID="P3_SP01142" HPOS="2576" VPOS="2355" WIDTH="24"/>
						<String ID="P3_ST01329" HPOS="2600" VPOS="2322" WIDTH="98" HEIGHT="29" CONTENT="haben" WC="0.99" CC="00305"/>
						<SP ID="P3_SP01143" HPOS="2698" VPOS="2355" WIDTH="24"/>
						<String ID="P3_ST01330" HPOS="2722" VPOS="2323" WIDTH="58" HEIGHT="29" CONTENT="wir" WC="0.99" CC="002"/>
						<SP ID="P3_SP01144" HPOS="2780" VPOS="2355" WIDTH="22"/>
						<String ID="P3_ST01331" HPOS="2802" VPOS="2324" WIDTH="27" HEIGHT="27" CONTENT="in" WC="0.39" CC="65"/>
						<SP ID="P3_SP01145" HPOS="2829" VPOS="2355" WIDTH="24"/>
						<String ID="P3_ST01332" HPOS="2853" VPOS="2322" WIDTH="120" HEIGHT="33" CONTENT="Europa" WC="0.97" CC="470499"/>
					</TextLine>
					<TextLine ID="P3_TL00188" HPOS="2081" VPOS="2372" WIDTH="892" HEIGHT="34">
						<String ID="P3_ST01333" HPOS="2081" VPOS="2373" WIDTH="114" HEIGHT="30" CONTENT="gerade" WC="0.99" CC="900000"/>
						<SP ID="P3_SP01146" HPOS="2195" VPOS="2403" WIDTH="19"/>
						<String ID="P3_ST01334" HPOS="2214" VPOS="2380" WIDTH="108" HEIGHT="26" CONTENT="genug." WC="0.98" CC="008504"/>
						<SP ID="P3_SP01147" HPOS="2322" VPOS="2406" WIDTH="19"/>
						<String ID="P3_ST01335" HPOS="2341" VPOS="2372" WIDTH="54" HEIGHT="29" CONTENT="Die" WC="0.97" CC="060"/>
						<SP ID="P3_SP01148" HPOS="2395" VPOS="2406" WIDTH="18"/>
						<String ID="P3_ST01336" HPOS="2413" VPOS="2373" WIDTH="95" HEIGHT="31" CONTENT="Kunst" WC="0.98" CC="08600"/>
						<SP ID="P3_SP01149" HPOS="2508" VPOS="2406" WIDTH="18"/>
						<String ID="P3_ST01337" HPOS="2526" VPOS="2373" WIDTH="73" HEIGHT="28" CONTENT="aber" WC="0.97" CC="6025"/>
						<SP ID="P3_SP01150" HPOS="2599" VPOS="2406" WIDTH="20"/>
						<String ID="P3_ST01338" HPOS="2619" VPOS="2374" WIDTH="38" HEIGHT="28" CONTENT="ist" WC="0.97" CC="700"/>
						<SP ID="P3_SP01151" HPOS="2657" VPOS="2406" WIDTH="17"/>
						<String ID="P3_ST01339" HPOS="2674" VPOS="2373" WIDTH="80" HEIGHT="29" CONTENT="nicht" WC="0.99" CC="54000"/>
						<SP ID="P3_SP01152" HPOS="2754" VPOS="2406" WIDTH="16"/>
						<String ID="P3_ST01340" HPOS="2770" VPOS="2381" WIDTH="36" HEIGHT="20" CONTENT="an" WC="0.54" CC="26"/>
						<SP ID="P3_SP01153" HPOS="2806" VPOS="2406" WIDTH="18"/>
						<String ID="P3_ST01341" HPOS="2824" VPOS="2373" WIDTH="131" HEIGHT="29" CONTENT="Deutsch" SUBS_TYPE="HypPart1" SUBS_CONTENT="Deutschland" WC="0.99" CC="0369020"/>
						<HYP HPOS="2955" VPOS="2373" WIDTH="18" CONTENT="-"/>
					</TextLine>
					<TextLine ID="P3_TL00189" HPOS="2081" VPOS="2423" WIDTH="892" HEIGHT="34">
						<String ID="P3_ST01342" HPOS="2081" VPOS="2423" WIDTH="70" HEIGHT="29" CONTENT="land" SUBS_TYPE="HypPart2" SUBS_CONTENT="Deutschland" WC="0.97" CC="5900"/>
						<SP ID="P3_SP01154" HPOS="2151" VPOS="2452" WIDTH="21"/>
						<String ID="P3_ST01343" HPOS="2172" VPOS="2423" WIDTH="162" HEIGHT="34" CONTENT="gebunden" WC="0.99" CC="00076008"/>
						<SP ID="P3_SP01155" HPOS="2334" VPOS="2457" WIDTH="21"/>
						<String ID="P3_ST01344" HPOS="2355" VPOS="2423" WIDTH="60" HEIGHT="28" CONTENT="und" WC="0.94" CC="860"/>
						<SP ID="P3_SP01156" HPOS="2415" VPOS="2457" WIDTH="20"/>
						<String ID="P3_ST01345" HPOS="2435" VPOS="2424" WIDTH="78" HEIGHT="28" CONTENT="auch" WC="0.98" CC="0620"/>
						<SP ID="P3_SP01157" HPOS="2513" VPOS="2457" WIDTH="21"/>
						<String ID="P3_ST01346" HPOS="2534" VPOS="2423" WIDTH="81" HEIGHT="30" CONTENT="nicht" WC="0.99" CC="13300"/>
						<SP ID="P3_SP01158" HPOS="2615" VPOS="2457" WIDTH="18"/>
						<String ID="P3_ST01347" HPOS="2633" VPOS="2433" WIDTH="61" HEIGHT="20" CONTENT="von" WC="0.95" CC="433"/>
						<SP ID="P3_SP01159" HPOS="2694" VPOS="2457" WIDTH="22"/>
						<String ID="P3_ST01348" HPOS="2716" VPOS="2423" WIDTH="184" HEIGHT="30" CONTENT="Frankreich" WC="0.99" CC="6045003440"/>
						<SP ID="P3_SP01160" HPOS="2900" VPOS="2457" WIDTH="21"/>
						<String ID="P3_ST01349" HPOS="2921" VPOS="2432" WIDTH="35" HEIGHT="24" CONTENT="ge" SUBS_TYPE="HypPart1" SUBS_CONTENT="gepachtet." WC="0.95" CC="90"/>
						<HYP HPOS="2956" VPOS="2432" WIDTH="17" CONTENT="-"/>
					</TextLine>
					<TextLine ID="P3_TL00190" HPOS="2082" VPOS="2474" WIDTH="891" HEIGHT="34">
						<String ID="P3_ST01350" HPOS="2082" VPOS="2474" WIDTH="132" HEIGHT="33" CONTENT="pachtet." SUBS_TYPE="HypPart2" SUBS_CONTENT="gepachtet." WC="1.00" CC="70000001"/>
						<SP ID="P3_SP01161" HPOS="2214" VPOS="2507" WIDTH="35"/>
						<String ID="P3_ST01351" HPOS="2249" VPOS="2474" WIDTH="56" HEIGHT="29" CONTENT="Die" WC="0.97" CC="420"/>
						<SP ID="P3_SP01162" HPOS="2305" VPOS="2507" WIDTH="28"/>
						<String ID="P3_ST01352" HPOS="2333" VPOS="2474" WIDTH="97" HEIGHT="32" CONTENT="Kunst" WC="0.98" CC="08500"/>
						<SP ID="P3_SP01163" HPOS="2430" VPOS="2507" WIDTH="26"/>
						<String ID="P3_ST01353" HPOS="2456" VPOS="2475" WIDTH="63" HEIGHT="29" CONTENT="lebt" WC="0.98" CC="7000"/>
						<SP ID="P3_SP01164" HPOS="2519" VPOS="2507" WIDTH="29"/>
						<String ID="P3_ST01354" HPOS="2548" VPOS="2476" WIDTH="76" HEIGHT="32" CONTENT="dort," WC="0.99" CC="03003"/>
						<SP ID="P3_SP01165" HPOS="2624" VPOS="2508" WIDTH="34"/>
						<String ID="P3_ST01355" HPOS="2658" VPOS="2484" WIDTH="52" HEIGHT="20" CONTENT="wo" WC="0.78" CC="04"/>
						<SP ID="P3_SP01166" HPOS="2710" VPOS="2508" WIDTH="37"/>
						<String ID="P3_ST01356" HPOS="2747" VPOS="2475" WIDTH="47" HEIGHT="28" CONTENT="die" WC="0.99" CC="010"/>
						<SP ID="P3_SP01167" HPOS="2794" VPOS="2508" WIDTH="38"/>
						<String ID="P3_ST01357" HPOS="2832" VPOS="2474" WIDTH="141" HEIGHT="31" CONTENT="Künstler" WC="0.99" CC="05400219"/>
					</TextLine>
					<TextLine ID="P3_TL00191" HPOS="2081" VPOS="2525" WIDTH="892" HEIGHT="34">
						<String ID="P3_ST01358" HPOS="2081" VPOS="2525" WIDTH="97" HEIGHT="30" CONTENT="leben." WC="0.98" CC="600064"/>
						<SP ID="P3_SP01168" HPOS="2178" VPOS="2555" WIDTH="31"/>
						<String ID="P3_ST01359" HPOS="2209" VPOS="2526" WIDTH="39" HEIGHT="29" CONTENT="Es" WC="0.66" CC="60"/>
						<SP ID="P3_SP01169" HPOS="2248" VPOS="2555" WIDTH="20"/>
						<String ID="P3_ST01360" HPOS="2268" VPOS="2526" WIDTH="88" HEIGHT="28" CONTENT="leben" WC="0.99" CC="30006"/>
						<SP ID="P3_SP01170" HPOS="2356" VPOS="2555" WIDTH="21"/>
						<String ID="P3_ST01361" HPOS="2377" VPOS="2526" WIDTH="81" HEIGHT="28" CONTENT="nicht" WC="0.99" CC="60400"/>
						<SP ID="P3_SP01171" HPOS="2458" VPOS="2555" WIDTH="18"/>
						<String ID="P3_ST01362" HPOS="2476" VPOS="2526" WIDTH="79" HEIGHT="28" CONTENT="viele" WC="0.99" CC="01061"/>
						<SP ID="P3_SP01172" HPOS="2555" VPOS="2555" WIDTH="22"/>
						<String ID="P3_ST01363" HPOS="2577" VPOS="2526" WIDTH="142" HEIGHT="31" CONTENT="Künstler" WC="0.99" CC="00400606"/>
						<SP ID="P3_SP01173" HPOS="2719" VPOS="2557" WIDTH="21"/>
						<String ID="P3_ST01364" HPOS="2740" VPOS="2525" WIDTH="50" HEIGHT="29" CONTENT="auf" WC="0.93" CC="549"/>
						<SP ID="P3_SP01174" HPOS="2790" VPOS="2557" WIDTH="20"/>
						<String ID="P3_ST01365" HPOS="2810" VPOS="2526" WIDTH="53" HEIGHT="29" CONTENT="der" WC="0.94" CC="096"/>
						<SP ID="P3_SP01175" HPOS="2863" VPOS="2557" WIDTH="21"/>
						<String ID="P3_ST01366" HPOS="2884" VPOS="2526" WIDTH="89" HEIGHT="33" CONTENT="Erde," WC="0.98" CC="50024"/>
					</TextLine>
					<TextLine ID="P3_TL00192" HPOS="2082" VPOS="2576" WIDTH="891" HEIGHT="32">
						<String ID="P3_ST01367" HPOS="2082" VPOS="2577" WIDTH="74" HEIGHT="29" CONTENT="aber" WC="1.00" CC="2000"/>
						<SP ID="P3_SP01176" HPOS="2156" VPOS="2606" WIDTH="20"/>
						<String ID="P3_ST01368" HPOS="2176" VPOS="2577" WIDTH="79" HEIGHT="28" CONTENT="viele" WC="1.00" CC="00010"/>
						<SP ID="P3_SP01177" HPOS="2255" VPOS="2606" WIDTH="19"/>
						<String ID="P3_ST01369" HPOS="2274" VPOS="2576" WIDTH="231" HEIGHT="32" CONTENT="Kunstmacher." WC="0.99" CC="085000510014"/>
						<SP ID="P3_SP01178" HPOS="2505" VPOS="2608" WIDTH="31"/>
						<String ID="P3_ST01370" HPOS="2536" VPOS="2577" WIDTH="84" HEIGHT="28" CONTENT="Auch" WC="0.98" CC="0700"/>
						<SP ID="P3_SP01179" HPOS="2620" VPOS="2608" WIDTH="22"/>
						<String ID="P3_ST01371" HPOS="2642" VPOS="2577" WIDTH="209" HEIGHT="29" CONTENT="Haarmacher" WC="0.99" CC="6240022003"/>
						<SP ID="P3_SP01180" HPOS="2851" VPOS="2608" WIDTH="21"/>
						<String ID="P3_ST01372" HPOS="2872" VPOS="2577" WIDTH="101" HEIGHT="29" CONTENT="lassen" WC="0.99" CC="800007"/>
					</TextLine>
					<TextLine ID="P3_TL00193" HPOS="2081" VPOS="2628" WIDTH="892" HEIGHT="33">
						<String ID="P3_ST01373" HPOS="2081" VPOS="2628" WIDTH="64" HEIGHT="28" CONTENT="sich" WC="0.97" CC="0705"/>
						<SP ID="P3_SP01181" HPOS="2145" VPOS="2656" WIDTH="40"/>
						<String ID="P3_ST01374" HPOS="2185" VPOS="2636" WIDTH="93" HEIGHT="25" CONTENT="gerne" WC="0.99" CC="00043"/>
						<SP ID="P3_SP01182" HPOS="2278" VPOS="2661" WIDTH="41"/>
						<String ID="P3_ST01375" HPOS="2319" VPOS="2628" WIDTH="221" HEIGHT="29" CONTENT="Haarkünstler" WC="1.00" CC="600200300601"/>
						<SP ID="P3_SP01183" HPOS="2540" VPOS="2661" WIDTH="44"/>
						<String ID="P3_ST01376" HPOS="2584" VPOS="2636" WIDTH="127" HEIGHT="21" CONTENT="nennen." WC="0.98" CC="8006064"/>
						<SP ID="P3_SP01184" HPOS="2711" VPOS="2661" WIDTH="51"/>
						<String ID="P3_ST01377" HPOS="2762" VPOS="2628" WIDTH="78" HEIGHT="29" CONTENT="Herr" WC="0.96" CC="7702"/>
						<SP ID="P3_SP01185" HPOS="2840" VPOS="2661" WIDTH="39"/>
						<String ID="P3_ST01378" HPOS="2879" VPOS="2628" WIDTH="94" HEIGHT="29" CONTENT="Lovis" WC="0.53" CC="05942"/>
					</TextLine>
					<TextLine ID="P3_TL00194" HPOS="2082" VPOS="2678" WIDTH="891" HEIGHT="34">
						<String ID="P3_ST01379" HPOS="2082" VPOS="2678" WIDTH="136" HEIGHT="33" CONTENT="Corinth," WC="0.88" CC="04200002"/>
						<SP ID="P3_SP01186" HPOS="2218" VPOS="2711" WIDTH="23"/>
						<String ID="P3_ST01380" HPOS="2241" VPOS="2679" WIDTH="52" HEIGHT="28" CONTENT="der" WC="0.97" CC="052"/>
						<SP ID="P3_SP01187" HPOS="2293" VPOS="2711" WIDTH="22"/>
						<String ID="P3_ST01381" HPOS="2315" VPOS="2679" WIDTH="88" HEIGHT="29" CONTENT="dicke" WC="0.99" CC="03200"/>
						<SP ID="P3_SP01188" HPOS="2403" VPOS="2711" WIDTH="22"/>
						<String ID="P3_ST01382" HPOS="2425" VPOS="2679" WIDTH="118" HEIGHT="28" CONTENT="Damen" WC="0.99" CC="02008"/>
						<SP ID="P3_SP01189" HPOS="2543" VPOS="2711" WIDTH="23"/>
						<String ID="P3_ST01383" HPOS="2566" VPOS="2679" WIDTH="81" HEIGHT="33" CONTENT="malt," WC="0.99" CC="20200"/>
						<SP ID="P3_SP01190" HPOS="2647" VPOS="2712" WIDTH="25"/>
						<String ID="P3_ST01384" HPOS="2672" VPOS="2682" WIDTH="117" HEIGHT="30" CONTENT="empört" WC="1.00" CC="000001"/>
						<SP ID="P3_SP01191" HPOS="2789" VPOS="2712" WIDTH="23"/>
						<String ID="P3_ST01385" HPOS="2812" VPOS="2679" WIDTH="64" HEIGHT="28" CONTENT="sich" WC="0.98" CC="3600"/>
						<SP ID="P3_SP01192" HPOS="2876" VPOS="2712" WIDTH="24"/>
						<String ID="P3_ST01386" HPOS="2900" VPOS="2681" WIDTH="73" HEIGHT="27" CONTENT="über" WC="0.98" CC="0603"/>
					</TextLine>
					<TextLine ID="P3_TL00195" HPOS="2082" VPOS="2729" WIDTH="891" HEIGHT="34">
						<String ID="P3_ST01387" HPOS="2082" VPOS="2731" WIDTH="47" HEIGHT="28" CONTENT="die" WC="0.94" CC="960"/>
						<SP ID="P3_SP01193" HPOS="2129" VPOS="2759" WIDTH="16"/>
						<String ID="P3_ST01388" HPOS="2145" VPOS="2738" WIDTH="167" HEIGHT="25" CONTENT="„perverse" WC="1.00" CC="300000060"/>
						<SP ID="P3_SP01194" HPOS="2312" VPOS="2763" WIDTH="20"/>
						<String ID="P3_ST01389" HPOS="2332" VPOS="2730" WIDTH="160" HEIGHT="29" CONTENT="Frivolität" WC="0.99" CC="6020544000"/>
						<SP ID="P3_SP01195" HPOS="2492" VPOS="2763" WIDTH="17"/>
						<String ID="P3_ST01390" HPOS="2509" VPOS="2730" WIDTH="101" HEIGHT="29" CONTENT="dieser" WC="1.00" CC="020000"/>
						<SP ID="P3_SP01196" HPOS="2610" VPOS="2763" WIDTH="22"/>
						<String ID="P3_ST01391" HPOS="2632" VPOS="2732" WIDTH="146" HEIGHT="27" CONTENT="neuesten" WC="0.99" CC="74600105"/>
						<SP ID="P3_SP01197" HPOS="2778" VPOS="2763" WIDTH="20"/>
						<String ID="P3_ST01392" HPOS="2798" VPOS="2729" WIDTH="158" HEIGHT="33" CONTENT="Kunstrich" SUBS_TYPE="HypPart1" SUBS_CONTENT='Kunstrichtung".' WC="0.99" CC="072105358"/>
						<HYP HPOS="2956" VPOS="2729" WIDTH="17" CONTENT="-"/>
					</TextLine>
					<TextLine ID="P3_TL00196" HPOS="2081" VPOS="2780" WIDTH="891" HEIGHT="35">
						<String ID="P3_ST01393" HPOS="2081" VPOS="2782" WIDTH="102" HEIGHT="31" CONTENT='tung".' SUBS_TYPE="HypPart2" SUBS_CONTENT='Kunstrichtung".' WC="0.97" CC="786044"/>
						<SP ID="P3_SP01198" HPOS="2183" VPOS="2813" WIDTH="22"/>
						<String ID="P3_ST01394" HPOS="2205" VPOS="2781" WIDTH="96" HEIGHT="29" CONTENT="Dicke" WC="0.99" CC="03302"/>
						<SP ID="P3_SP01199" HPOS="2301" VPOS="2813" WIDTH="19"/>
						<String ID="P3_ST01395" HPOS="2320" VPOS="2782" WIDTH="117" HEIGHT="29" CONTENT="Damen" WC="0.99" CC="06003"/>
						<SP ID="P3_SP01200" HPOS="2437" VPOS="2813" WIDTH="21"/>
						<String ID="P3_ST01396" HPOS="2458" VPOS="2782" WIDTH="122" HEIGHT="28" CONTENT="können" WC="0.98" CC="006406"/>
						<SP ID="P3_SP01201" HPOS="2580" VPOS="2813" WIDTH="20"/>
						<String ID="P3_ST01397" HPOS="2600" VPOS="2780" WIDTH="153" HEIGHT="30" CONTENT="vielleicht" WC="0.99" CC="0404206300"/>
						<SP ID="P3_SP01202" HPOS="2753" VPOS="2813" WIDTH="20"/>
						<String ID="P3_ST01398" HPOS="2773" VPOS="2782" WIDTH="82" HEIGHT="27" CONTENT="diese" WC="0.99" CC="05000"/>
						<SP ID="P3_SP01203" HPOS="2855" VPOS="2813" WIDTH="13"/>
						<String ID="P3_ST01399" HPOS="2868" VPOS="2780" WIDTH="87" HEIGHT="35" CONTENT="Eigen" SUBS_TYPE="HypPart1" SUBS_CONTENT="Eigenschaft" WC="0.97" CC="63904"/>
						<HYP HPOS="2955" VPOS="2780" WIDTH="17" CONTENT="-"/>
					</TextLine>
					<TextLine ID="P3_TL00197" HPOS="2082" VPOS="2831" WIDTH="891" HEIGHT="35">
						<String ID="P3_ST01400" HPOS="2082" VPOS="2833" WIDTH="99" HEIGHT="30" CONTENT="schaft" SUBS_TYPE="HypPart2" SUBS_CONTENT="Eigenschaft" WC="0.98" CC="050445"/>
						<SP ID="P3_SP01204" HPOS="2181" VPOS="2863" WIDTH="27"/>
						<String ID="P3_ST01401" HPOS="2208" VPOS="2834" WIDTH="106" HEIGHT="32" CONTENT="haben," WC="1.00" CC="000140"/>
						<SP ID="P3_SP01205" HPOS="2314" VPOS="2866" WIDTH="38"/>
						<String ID="P3_ST01402" HPOS="2352" VPOS="2832" WIDTH="51" HEIGHT="29" CONTENT="auf" WC="0.94" CC="275"/>
						<SP ID="P3_SP01206" HPOS="2403" VPOS="2866" WIDTH="25"/>
						<String ID="P3_ST01403" HPOS="2428" VPOS="2842" WIDTH="70" HEIGHT="21" CONTENT="wen" WC="0.94" CC="907"/>
						<SP ID="P3_SP01207" HPOS="2498" VPOS="2866" WIDTH="37"/>
						<String ID="P3_ST01404" HPOS="2535" VPOS="2834" WIDTH="73" HEIGHT="28" CONTENT="aber" WC="0.98" CC="6040"/>
						<SP ID="P3_SP01208" HPOS="2608" VPOS="2866" WIDTH="36"/>
						<String ID="P3_ST01405" HPOS="2644" VPOS="2832" WIDTH="101" HEIGHT="30" CONTENT="Bilder" WC="0.98" CC="158001"/>
						<SP ID="P3_SP01209" HPOS="2745" VPOS="2866" WIDTH="33"/>
						<String ID="P3_ST01406" HPOS="2778" VPOS="2841" WIDTH="61" HEIGHT="21" CONTENT="von" WC="0.95" CC="058"/>
						<SP ID="P3_SP01210" HPOS="2839" VPOS="2866" WIDTH="36"/>
						<String ID="P3_ST01407" HPOS="2875" VPOS="2831" WIDTH="98" HEIGHT="30" CONTENT="Franz" WC="0.98" CC="70252"/>
					</TextLine>
					<TextLine ID="P3_TL00198" HPOS="2081" VPOS="2883" WIDTH="892" HEIGHT="34">
						<String ID="P3_ST01408" HPOS="2081" VPOS="2884" WIDTH="87" HEIGHT="30" CONTENT="Marc" WC="0.97" CC="8300"/>
						<SP ID="P3_SP01211" HPOS="2168" VPOS="2914" WIDTH="19"/>
						<String ID="P3_ST01409" HPOS="2187" VPOS="2884" WIDTH="74" HEIGHT="30" CONTENT="oder" WC="0.98" CC="4004"/>
						<SP ID="P3_SP01212" HPOS="2261" VPOS="2914" WIDTH="18"/>
						<String ID="P3_ST01410" HPOS="2279" VPOS="2884" WIDTH="141" HEIGHT="30" CONTENT="Fernand" WC="0.99" CC="6006030"/>
						<SP ID="P3_SP01213" HPOS="2420" VPOS="2914" WIDTH="20"/>
						<String ID="P3_ST01411" HPOS="2440" VPOS="2884" WIDTH="98" HEIGHT="33" CONTENT="Leger" WC="0.99" CC="10005"/>
						<SP ID="P3_SP01214" HPOS="2538" VPOS="2917" WIDTH="20"/>
						<String ID="P3_ST01412" HPOS="2558" VPOS="2885" WIDTH="73" HEIGHT="27" CONTENT="oder" WC="0.99" CC="3000"/>
						<SP ID="P3_SP01215" HPOS="2631" VPOS="2917" WIDTH="18"/>
						<String ID="P3_ST01413" HPOS="2649" VPOS="2883" WIDTH="179" HEIGHT="34" CONTENT="Kandinsky" WC="0.65" CC="077058003"/>
						<SP ID="P3_SP01216" HPOS="2828" VPOS="2917" WIDTH="16"/>
						<String ID="P3_ST01414" HPOS="2844" VPOS="2892" WIDTH="129" HEIGHT="25" CONTENT="pervers" WC="0.98" CC="9540130"/>
					</TextLine>
					<TextLine ID="P3_TL00199" HPOS="2081" VPOS="2935" WIDTH="892" HEIGHT="34">
						<String ID="P3_ST01415" HPOS="2081" VPOS="2938" WIDTH="59" HEIGHT="28" CONTENT="und" WC="0.96" CC="740"/>
						<SP ID="P3_SP01217" HPOS="2140" VPOS="2966" WIDTH="21"/>
						<String ID="P3_ST01416" HPOS="2161" VPOS="2937" WIDTH="88" HEIGHT="29" CONTENT="frivol" WC="0.98" CC="505055"/>
						<SP ID="P3_SP01218" HPOS="2249" VPOS="2966" WIDTH="22"/>
						<String ID="P3_ST01417" HPOS="2271" VPOS="2936" WIDTH="118" HEIGHT="29" CONTENT="wirken" WC="0.99" CC="030006"/>
						<SP ID="P3_SP01219" HPOS="2389" VPOS="2966" WIDTH="22"/>
						<String ID="P3_ST01418" HPOS="2411" VPOS="2936" WIDTH="130" HEIGHT="33" CONTENT="können," WC="0.99" CC="0055180"/>
						<SP ID="P3_SP01220" HPOS="2541" VPOS="2969" WIDTH="25"/>
						<String ID="P3_ST01419" HPOS="2566" VPOS="2937" WIDTH="52" HEIGHT="27" CONTENT="der" WC="0.98" CC="014"/>
						<SP ID="P3_SP01221" HPOS="2618" VPOS="2969" WIDTH="20"/>
						<String ID="P3_ST01420" HPOS="2638" VPOS="2935" WIDTH="101" HEIGHT="29" CONTENT="müßte" WC="1.00" CC="00000"/>
						<SP ID="P3_SP01222" HPOS="2739" VPOS="2969" WIDTH="21"/>
						<String ID="P3_ST01421" HPOS="2760" VPOS="2937" WIDTH="40" HEIGHT="27" CONTENT="im" WC="0.64" CC="70"/>
						<SP ID="P3_SP01223" HPOS="2800" VPOS="2969" WIDTH="20"/>
						<String ID="P3_ST01422" HPOS="2820" VPOS="2936" WIDTH="153" HEIGHT="31" CONTENT="Passage-" WC="0.98" CC="19090902"/>
					</TextLine>
					<TextLine ID="P3_TL00200" HPOS="2081" VPOS="2986" WIDTH="892" HEIGHT="35">
						<String ID="P3_ST01423" HPOS="2081" VPOS="2988" WIDTH="205" HEIGHT="33" CONTENT="Panoptikum" WC="0.99" CC="0225005050"/>
						<SP ID="P3_SP01224" HPOS="2286" VPOS="3021" WIDTH="24"/>
						<String ID="P3_ST01424" HPOS="2310" VPOS="2997" WIDTH="36" HEIGHT="20" CONTENT="zu" WC="0.65" CC="07"/>
						<SP ID="P3_SP01225" HPOS="2346" VPOS="3021" WIDTH="25"/>
						<String ID="P3_ST01425" HPOS="2371" VPOS="2987" WIDTH="102" HEIGHT="29" CONTENT="Berlin" WC="0.98" CC="305355"/>
						<SP ID="P3_SP01226" HPOS="2473" VPOS="3021" WIDTH="24"/>
						<String ID="P3_ST01426" HPOS="2497" VPOS="2988" WIDTH="74" HEIGHT="29" CONTENT="oder" WC="0.98" CC="4003"/>
						<SP ID="P3_SP01227" HPOS="2571" VPOS="3021" WIDTH="26"/>
						<String ID="P3_ST01427" HPOS="2597" VPOS="2989" WIDTH="40" HEIGHT="26" CONTENT="im" WC="0.76" CC="40"/>
						<SP ID="P3_SP01228" HPOS="2637" VPOS="3021" WIDTH="24"/>
						<String ID="P3_ST01428" HPOS="2661" VPOS="2986" WIDTH="110" HEIGHT="30" CONTENT="Musee" WC="0.69" CC="07403"/>
						<SP ID="P3_SP01229" HPOS="2771" VPOS="3021" WIDTH="23"/>
						<String ID="P3_ST01429" HPOS="2794" VPOS="2987" WIDTH="116" HEIGHT="28" CONTENT="Grevin" WC="0.29" CC="757948"/>
						<SP ID="P3_SP01230" HPOS="2910" VPOS="3021" WIDTH="26"/>
						<String ID="P3_ST01430" HPOS="2936" VPOS="2994" WIDTH="37" HEIGHT="21" CONTENT="zu" WC="0.64" CC="07"/>
					</TextLine>
					<TextLine ID="P3_TL00201" HPOS="2081" VPOS="3037" WIDTH="891" HEIGHT="34">
						<String ID="P3_ST01431" HPOS="2081" VPOS="3040" WIDTH="88" HEIGHT="28" CONTENT="Paris" WC="0.98" CC="00162"/>
						<SP ID="P3_SP01231" HPOS="2169" VPOS="3068" WIDTH="28"/>
						<String ID="P3_ST01432" HPOS="2197" VPOS="3040" WIDTH="44" HEIGHT="29" CONTENT="als" WC="0.97" CC="080"/>
						<SP ID="P3_SP01232" HPOS="2241" VPOS="3069" WIDTH="29"/>
						<String ID="P3_ST01433" HPOS="2270" VPOS="3040" WIDTH="186" HEIGHT="31" CONTENT="Kunstwerk" WC="1.00" CC="076000000"/>
						<SP ID="P3_SP01233" HPOS="2456" VPOS="3071" WIDTH="37"/>
						<String ID="P3_ST01434" HPOS="2493" VPOS="3038" WIDTH="178" HEIGHT="33" CONTENT="ausgestellt" WC="0.99" CC="05000040870"/>
						<SP ID="P3_SP01234" HPOS="2671" VPOS="3071" WIDTH="27"/>
						<String ID="P3_ST01435" HPOS="2698" VPOS="3038" WIDTH="136" HEIGHT="28" CONTENT="werden." WC="0.99" CC="0004074"/>
						<SP ID="P3_SP01235" HPOS="2834" VPOS="3071" WIDTH="45"/>
						<String ID="P3_ST01436" HPOS="2879" VPOS="3037" WIDTH="93" HEIGHT="30" CONTENT="Sonst" WC="0.99" CC="03200"/>
					</TextLine>
					<TextLine ID="P3_TL00202" HPOS="2082" VPOS="3087" WIDTH="891" HEIGHT="36">
						<String ID="P3_ST01437" HPOS="2082" VPOS="3092" WIDTH="63" HEIGHT="28" CONTENT="tritt" WC="0.99" CC="41300"/>
						<SP ID="P3_SP01236" HPOS="2145" VPOS="3120" WIDTH="21"/>
						<String ID="P3_ST01438" HPOS="2166" VPOS="3091" WIDTH="53" HEIGHT="29" CONTENT="der" WC="1.00" CC="000"/>
						<SP ID="P3_SP01237" HPOS="2219" VPOS="3120" WIDTH="18"/>
						<String ID="P3_ST01439" HPOS="2237" VPOS="3091" WIDTH="79" HEIGHT="28" CONTENT="Herr" WC="0.98" CC="7003"/>
						<SP ID="P3_SP01238" HPOS="2316" VPOS="3120" WIDTH="20"/>
						<String ID="P3_ST01440" HPOS="2336" VPOS="3090" WIDTH="125" HEIGHT="29" CONTENT="Corinth" WC="0.81" CC="0501600"/>
						<SP ID="P3_SP01239" HPOS="2461" VPOS="3120" WIDTH="41"/>
						<String ID="P3_ST01441" HPOS="2502" VPOS="3090" WIDTH="43" HEIGHT="27" CONTENT="als" WC="1.00" CC="000"/>
						<SP ID="P3_SP01240" HPOS="2545" VPOS="3120" WIDTH="22"/>
						<String ID="P3_ST01442" HPOS="2567" VPOS="3098" WIDTH="93" HEIGHT="20" CONTENT="neuer" WC="0.97" CC="60804"/>
						<SP ID="P3_SP01241" HPOS="2660" VPOS="3120" WIDTH="21"/>
						<String ID="P3_ST01443" HPOS="2681" VPOS="3089" WIDTH="113" HEIGHT="29" CONTENT="Hutten" WC="0.97" CC="783208"/>
						<SP ID="P3_SP01242" HPOS="2794" VPOS="3120" WIDTH="20"/>
						<String ID="P3_ST01444" HPOS="2814" VPOS="3089" WIDTH="63" HEIGHT="29" CONTENT="auf:" WC="0.94" CC="6867"/>
						<SP ID="P3_SP01243" HPOS="2877" VPOS="3120" WIDTH="23"/>
						<String ID="P3_ST01445" HPOS="2900" VPOS="3087" WIDTH="73" HEIGHT="36" CONTENT="„Bei" WC="0.96" CC="7407"/>
					</TextLine>
					<TextLine ID="P3_TL00203" HPOS="2082" VPOS="3140" WIDTH="890" HEIGHT="32">
						<String ID="P3_ST01446" HPOS="2082" VPOS="3143" WIDTH="115" HEIGHT="27" CONTENT="meiner" WC="0.99" CC="000701"/>
						<SP ID="P3_SP01244" HPOS="2197" VPOS="3170" WIDTH="24"/>
						<String ID="P3_ST01447" HPOS="2221" VPOS="3142" WIDTH="94" HEIGHT="28" CONTENT="Liebe" WC="0.99" CC="06000"/>
						<SP ID="P3_SP01245" HPOS="2315" VPOS="3170" WIDTH="26"/>
						<String ID="P3_ST01448" HPOS="2341" VPOS="3149" WIDTH="54" HEIGHT="21" CONTENT="zur" WC="0.95" CC="272"/>
						<SP ID="P3_SP01246" HPOS="2395" VPOS="3170" WIDTH="25"/>
						<String ID="P3_ST01449" HPOS="2420" VPOS="3140" WIDTH="158" HEIGHT="29" CONTENT="Wahrheit" WC="1.00" CC="06000030"/>
						<SP ID="P3_SP01247" HPOS="2578" VPOS="3170" WIDTH="28"/>
						<String ID="P3_ST01450" HPOS="2606" VPOS="3140" WIDTH="77" HEIGHT="28" CONTENT="habe" WC="0.99" CC="0500"/>
						<SP ID="P3_SP01248" HPOS="2683" VPOS="3170" WIDTH="24"/>
						<String ID="P3_ST01451" HPOS="2707" VPOS="3140" WIDTH="46" HEIGHT="28" CONTENT="ich" WC="0.98" CC="600"/>
						<SP ID="P3_SP01249" HPOS="2753" VPOS="3170" WIDTH="27"/>
						<String ID="P3_ST01452" HPOS="2780" VPOS="3148" WIDTH="32" HEIGHT="21" CONTENT="es" WC="1.00" CC="00"/>
						<SP ID="P3_SP01250" HPOS="2812" VPOS="3170" WIDTH="27"/>
						<String ID="P3_ST01453" HPOS="2839" VPOS="3141" WIDTH="133" HEIGHT="31" CONTENT="gewagt," WC="0.99" CC="9301042"/>
					</TextLine>
					<TextLine ID="P3_TL00204" HPOS="2082" VPOS="3189" WIDTH="890" HEIGHT="33">
						<String ID="P3_ST01454" HPOS="2082" VPOS="3194" WIDTH="98" HEIGHT="27" CONTENT="meine" WC="0.98" CC="00580"/>
						<SP ID="P3_SP01251" HPOS="2180" VPOS="3221" WIDTH="28"/>
						<String ID="P3_ST01455" HPOS="2208" VPOS="3192" WIDTH="127" HEIGHT="29" CONTENT="Stimme" WC="1.00" CC="005000"/>
						<SP ID="P3_SP01252" HPOS="2335" VPOS="3221" WIDTH="25"/>
						<String ID="P3_ST01456" HPOS="2360" VPOS="3201" WIDTH="37" HEIGHT="19" CONTENT="zu" WC="0.31" CC="58"/>
						<SP ID="P3_SP01253" HPOS="2397" VPOS="3221" WIDTH="26"/>
						<String ID="P3_ST01457" HPOS="2423" VPOS="3191" WIDTH="141" HEIGHT="31" CONTENT="erheben," WC="1.00" CC="00000081"/>
						<SP ID="P3_SP01254" HPOS="2564" VPOS="3222" WIDTH="23"/>
						<String ID="P3_ST01458" HPOS="2587" VPOS="3191" WIDTH="95" HEIGHT="28" CONTENT="selbst" WC="0.99" CC="406000"/>
						<SP ID="P3_SP01255" HPOS="2682" VPOS="3222" WIDTH="28"/>
						<String ID="P3_ST01459" HPOS="2710" VPOS="3190" WIDTH="50" HEIGHT="28" CONTENT="auf" WC="0.94" CC="086"/>
						<SP ID="P3_SP01256" HPOS="2760" VPOS="3222" WIDTH="25"/>
						<String ID="P3_ST01460" HPOS="2785" VPOS="3192" WIDTH="46" HEIGHT="28" CONTENT="die" WC="0.99" CC="020"/>
						<SP ID="P3_SP01257" HPOS="2831" VPOS="3222" WIDTH="28"/>
						<String ID="P3_ST01461" HPOS="2859" VPOS="3189" WIDTH="113" HEIGHT="30" CONTENT="Gefahr" WC="0.98" CC="505505"/>
					</TextLine>
					<TextLine ID="P3_TL00205" HPOS="2081" VPOS="3241" WIDTH="891" HEIGHT="35">
						<String ID="P3_ST01462" HPOS="2081" VPOS="3243" WIDTH="58" HEIGHT="33" CONTENT="hin," WC="0.98" CC="0162"/>
						<SP ID="P3_SP01258" HPOS="2139" VPOS="3276" WIDTH="22"/>
						<String ID="P3_ST01463" HPOS="2161" VPOS="3243" WIDTH="42" HEIGHT="29" CONTENT="als" WC="0.99" CC="020"/>
						<SP ID="P3_SP01259" HPOS="2203" VPOS="3276" WIDTH="18"/>
						<String ID="P3_ST01464" HPOS="2221" VPOS="3243" WIDTH="129" HEIGHT="31" CONTENT="blutiger" WC="0.99" CC="06705000"/>
						<SP ID="P3_SP01260" HPOS="2350" VPOS="3276" WIDTH="21"/>
						<String ID="P3_ST01465" HPOS="2371" VPOS="3242" WIDTH="186" HEIGHT="32" CONTENT="Reaktionär" WC="0.99" CC="0000056510"/>
						<SP ID="P3_SP01261" HPOS="2557" VPOS="3276" WIDTH="20"/>
						<String ID="P3_ST01466" HPOS="2577" VPOS="3241" WIDTH="238" HEIGHT="34" CONTENT="gebrandmarkt" WC="1.00" CC="004006005000"/>
						<SP ID="P3_SP01262" HPOS="2815" VPOS="3276" WIDTH="20"/>
						<String ID="P3_ST01467" HPOS="2835" VPOS="3248" WIDTH="37" HEIGHT="20" CONTENT="zu" WC="0.30" CC="67"/>
						<SP ID="P3_SP01263" HPOS="2872" VPOS="3276" WIDTH="20"/>
						<String ID="P3_ST01468" HPOS="2892" VPOS="3249" WIDTH="60" HEIGHT="20" CONTENT="wer" SUBS_TYPE="HypPart1" SUBS_CONTENT="werden." WC="1.00" CC="000"/>
						<HYP HPOS="2952" VPOS="3249" WIDTH="20" CONTENT="-"/>
					</TextLine>
					<TextLine ID="P3_TL00206" HPOS="2082" VPOS="3291" WIDTH="890" HEIGHT="33">
						<String ID="P3_ST01469" HPOS="2082" VPOS="3294" WIDTH="66" HEIGHT="28" CONTENT="den." SUBS_TYPE="HypPart2" SUBS_CONTENT="werden." WC="0.98" CC="0070"/>
						<SP ID="P3_SP01264" HPOS="2148" VPOS="3322" WIDTH="30"/>
						<String ID="P3_ST01470" HPOS="2178" VPOS="3292" WIDTH="38" HEIGHT="31" CONTENT="Es" WC="0.71" CC="50"/>
						<SP ID="P3_SP01265" HPOS="2216" VPOS="3323" WIDTH="23"/>
						<String ID="P3_ST01471" HPOS="2239" VPOS="3302" WIDTH="65" HEIGHT="19" CONTENT="war" WC="0.99" CC="003"/>
						<SP ID="P3_SP01266" HPOS="2304" VPOS="3323" WIDTH="23"/>
						<String ID="P3_ST01472" HPOS="2327" VPOS="3295" WIDTH="38" HEIGHT="27" CONTENT="im" WC="0.67" CC="60"/>
						<SP ID="P3_SP01267" HPOS="2365" VPOS="3323" WIDTH="24"/>
						<String ID="P3_ST01473" HPOS="2389" VPOS="3293" WIDTH="113" HEIGHT="28" CONTENT="Januar" WC="0.97" CC="037790"/>
						<SP ID="P3_SP01268" HPOS="2502" VPOS="3323" WIDTH="25"/>
						<String ID="P3_ST01474" HPOS="2527" VPOS="3294" WIDTH="77" HEIGHT="30" CONTENT="1914," WC="0.71" CC="03560"/>
						<SP ID="P3_SP01269" HPOS="2604" VPOS="3324" WIDTH="25"/>
						<String ID="P3_ST01475" HPOS="2629" VPOS="3292" WIDTH="43" HEIGHT="28" CONTENT="als" WC="0.95" CC="940"/>
						<SP ID="P3_SP01270" HPOS="2672" VPOS="3324" WIDTH="22"/>
						<String ID="P3_ST01476" HPOS="2694" VPOS="3291" WIDTH="47" HEIGHT="28" CONTENT="ich" WC="0.97" CC="350"/>
						<SP ID="P3_SP01271" HPOS="2741" VPOS="3324" WIDTH="22"/>
						<String ID="P3_ST01477" HPOS="2763" VPOS="3293" WIDTH="57" HEIGHT="27" CONTENT="den" WC="0.96" CC="036"/>
						<SP ID="P3_SP01272" HPOS="2820" VPOS="3324" WIDTH="19"/>
						<String ID="P3_ST01478" HPOS="2839" VPOS="3291" WIDTH="133" HEIGHT="32" CONTENT="Vortrag" WC="0.98" CC="0610069"/>
					</TextLine>
					<TextLine ID="P3_TL00207" HPOS="2082" VPOS="3342" WIDTH="889" HEIGHT="33">
						<String ID="P3_ST01479" HPOS="2082" VPOS="3345" WIDTH="73" HEIGHT="29" CONTENT="über" WC="0.99" CC="0003"/>
						<SP ID="P3_SP01273" HPOS="2155" VPOS="3374" WIDTH="20"/>
						<String ID="P3_ST01480" HPOS="2175" VPOS="3344" WIDTH="144" HEIGHT="31" CONTENT="deutsche" WC="1.00" CC="00700001"/>
						<SP ID="P3_SP01274" HPOS="2319" VPOS="3375" WIDTH="19"/>
						<String ID="P3_ST01481" HPOS="2338" VPOS="3343" WIDTH="128" HEIGHT="28" CONTENT="Malerei" WC="0.99" CC="0050504"/>
						<SP ID="P3_SP01275" HPOS="2466" VPOS="3375" WIDTH="20"/>
						<String ID="P3_ST01482" HPOS="2486" VPOS="3344" WIDTH="48" HEIGHT="27" CONTENT="bei" WC="0.98" CC="400"/>
						<SP ID="P3_SP01276" HPOS="2534" VPOS="3375" WIDTH="20"/>
						<String ID="P3_ST01483" HPOS="2554" VPOS="3345" WIDTH="55" HEIGHT="27" CONTENT="den" WC="0.98" CC="005"/>
						<SP ID="P3_SP01277" HPOS="2609" VPOS="3375" WIDTH="20"/>
						<String ID="P3_ST01484" HPOS="2629" VPOS="3343" WIDTH="168" HEIGHT="28" CONTENT="Studenten" WC="1.00" CC="000003007"/>
						<SP ID="P3_SP01278" HPOS="2797" VPOS="3375" WIDTH="16"/>
						<String ID="P3_ST01485" HPOS="2813" VPOS="3342" WIDTH="80" HEIGHT="28" CONTENT="hielt." WC="1.00" CC="000500"/>
						<SP ID="P3_SP01279" HPOS="2893" VPOS="3375" WIDTH="29"/>
						<String ID="P3_ST01486" HPOS="2922" VPOS="3342" WIDTH="49" HEIGHT="28" CONTENT="Ich" WC="0.97" CC="600"/>
					</TextLine>
					<TextLine ID="P3_TL00208" HPOS="2081" VPOS="3392" WIDTH="890" HEIGHT="36">
						<String ID="P3_ST01487" HPOS="2081" VPOS="3397" WIDTH="139" HEIGHT="31" CONTENT="predigte" WC="1.00" CC="00405000"/>
						<SP ID="P3_SP01280" HPOS="2220" VPOS="3428" WIDTH="28"/>
						<String ID="P3_ST01488" HPOS="2248" VPOS="3396" WIDTH="80" HEIGHT="28" CONTENT="nicht" WC="0.98" CC="72100"/>
						<SP ID="P3_SP01281" HPOS="2328" VPOS="3428" WIDTH="23"/>
						<String ID="P3_ST01489" HPOS="2351" VPOS="3395" WIDTH="112" HEIGHT="28" CONTENT="tauben" WC="1.00" CC="000401"/>
						<SP ID="P3_SP01282" HPOS="2463" VPOS="3428" WIDTH="26"/>
						<String ID="P3_ST01490" HPOS="2489" VPOS="3394" WIDTH="111" HEIGHT="29" CONTENT="Ohren." WC="0.99" CC="000054"/>
						<SP ID="P3_SP01283" HPOS="2600" VPOS="3428" WIDTH="34"/>
						<String ID="P3_ST01491" HPOS="2634" VPOS="3394" WIDTH="95" HEIGHT="28" CONTENT="Unter" WC="0.97" CC="07704"/>
						<SP ID="P3_SP01284" HPOS="2729" VPOS="3428" WIDTH="25"/>
						<String ID="P3_ST01492" HPOS="2754" VPOS="3392" WIDTH="108" HEIGHT="29" CONTENT="Beifall" WC="0.98" CC="5066473"/>
						<SP ID="P3_SP01285" HPOS="2862" VPOS="3428" WIDTH="27"/>
						<String ID="P3_ST01493" HPOS="2889" VPOS="3393" WIDTH="82" HEIGHT="27" CONTENT="hatte" WC="0.97" CC="70807"/>
					</TextLine>
					<TextLine ID="P3_TL00209" HPOS="2081" VPOS="3443" WIDTH="890" HEIGHT="36">
						<String ID="P3_ST01494" HPOS="2081" VPOS="3448" WIDTH="46" HEIGHT="28" CONTENT="ich" WC="0.97" CC="530"/>
						<SP ID="P3_SP01286" HPOS="2127" VPOS="3476" WIDTH="24"/>
						<String ID="P3_ST01495" HPOS="2151" VPOS="3448" WIDTH="47" HEIGHT="28" CONTENT="die" WC="0.98" CC="060"/>
						<SP ID="P3_SP01287" HPOS="2198" VPOS="3476" WIDTH="22"/>
						<String ID="P3_ST01496" HPOS="2220" VPOS="3448" WIDTH="254" HEIGHT="31" CONTENT="Ueberzeugung," WC="0.76" CC="0500010804704"/>
						<SP ID="P3_SP01288" HPOS="2474" VPOS="3479" WIDTH="23"/>
						<String ID="P3_ST01497" HPOS="2497" VPOS="3447" WIDTH="56" HEIGHT="28" CONTENT="daß" WC="0.98" CC="040"/>
						<SP ID="P3_SP01289" HPOS="2553" VPOS="3479" WIDTH="23"/>
						<String ID="P3_ST01498" HPOS="2576" VPOS="3447" WIDTH="46" HEIGHT="27" CONTENT="ein" WC="0.96" CC="064"/>
						<SP ID="P3_SP01290" HPOS="2622" VPOS="3479" WIDTH="20"/>
						<String ID="P3_ST01499" HPOS="2642" VPOS="3444" WIDTH="153" HEIGHT="34" CONTENT="gesunder" WC="0.99" CC="00087000"/>
						<SP ID="P3_SP01291" HPOS="2795" VPOS="3479" WIDTH="21"/>
						<String ID="P3_ST01500" HPOS="2816" VPOS="3443" WIDTH="79" HEIGHT="32" CONTENT="Kern" WC="0.98" CC="8000"/>
						<SP ID="P3_SP01292" HPOS="2895" VPOS="3479" WIDTH="22"/>
						<String ID="P3_ST01501" HPOS="2917" VPOS="3444" WIDTH="54" HEIGHT="28" CONTENT="der" WC="0.94" CC="537"/>
					</TextLine>
					<TextLine ID="P3_TL00210" HPOS="2082" VPOS="3493" WIDTH="889" HEIGHT="37">
						<String ID="P3_ST01502" HPOS="2082" VPOS="3498" WIDTH="167" HEIGHT="29" CONTENT="deutschen" WC="0.99" CC="006000028"/>
						<SP ID="P3_SP01293" HPOS="2249" VPOS="3527" WIDTH="42"/>
						<String ID="P3_ST01503" HPOS="2291" VPOS="3498" WIDTH="119" HEIGHT="32" CONTENT="Jugend" WC="0.99" CC="050080"/>
						<SP ID="P3_SP01294" HPOS="2410" VPOS="3530" WIDTH="41"/>
						<String ID="P3_ST01504" HPOS="2451" VPOS="3497" WIDTH="77" HEIGHT="29" CONTENT="noch" WC="0.98" CC="5400"/>
						<SP ID="P3_SP01295" HPOS="2528" VPOS="3530" WIDTH="43"/>
						<String ID="P3_ST01505" HPOS="2571" VPOS="3495" WIDTH="159" HEIGHT="33" CONTENT="geblieben" WC="0.99" CC="002660007"/>
						<SP ID="P3_SP01296" HPOS="2730" VPOS="3530" WIDTH="41"/>
						<String ID="P3_ST01506" HPOS="2771" VPOS="3495" WIDTH="94" HEIGHT="28" CONTENT='war."' WC="0.98" CC="00604"/>
						<SP ID="P3_SP01297" HPOS="2865" VPOS="3530" WIDTH="51"/>
						<String ID="P3_ST01507" HPOS="2916" VPOS="3493" WIDTH="55" HEIGHT="28" CONTENT="Die" WC="0.98" CC="301"/>
					</TextLine>
					<TextLine ID="P3_TL00211" HPOS="2081" VPOS="3545" WIDTH="890" HEIGHT="34">
						<String ID="P3_ST01508" HPOS="2081" VPOS="3550" WIDTH="117" HEIGHT="28" CONTENT="Herren" WC="0.99" CC="700005"/>
						<SP ID="P3_SP01298" HPOS="2198" VPOS="3578" WIDTH="22"/>
						<String ID="P3_ST01509" HPOS="2220" VPOS="3548" WIDTH="128" HEIGHT="29" CONTENT="nehmen" WC="0.99" CC="700007"/>
						<SP ID="P3_SP01299" HPOS="2348" VPOS="3578" WIDTH="22"/>
						<String ID="P3_ST01510" HPOS="2370" VPOS="3556" WIDTH="32" HEIGHT="20" CONTENT="es" WC="0.92" CC="01"/>
						<SP ID="P3_SP01300" HPOS="2402" VPOS="3578" WIDTH="21"/>
						<String ID="P3_ST01511" HPOS="2423" VPOS="3549" WIDTH="47" HEIGHT="27" CONTENT="nie" WC="0.96" CC="640"/>
						<SP ID="P3_SP01301" HPOS="2470" VPOS="3578" WIDTH="19"/>
						<String ID="P3_ST01512" HPOS="2489" VPOS="3556" WIDTH="34" HEIGHT="21" CONTENT="so" WC="0.68" CC="06"/>
						<SP ID="P3_SP01302" HPOS="2523" VPOS="3578" WIDTH="22"/>
						<String ID="P3_ST01513" HPOS="2545" VPOS="3555" WIDTH="98" HEIGHT="24" CONTENT="genau" WC="0.98" CC="00656"/>
						<SP ID="P3_SP01303" HPOS="2643" VPOS="3579" WIDTH="19"/>
						<String ID="P3_ST01514" HPOS="2662" VPOS="3547" WIDTH="53" HEIGHT="28" CONTENT="mit" WC="0.97" CC="070"/>
						<SP ID="P3_SP01304" HPOS="2715" VPOS="3579" WIDTH="20"/>
						<String ID="P3_ST01515" HPOS="2735" VPOS="3546" WIDTH="53" HEIGHT="28" CONTENT="der" WC="1.00" CC="000"/>
						<SP ID="P3_SP01305" HPOS="2788" VPOS="3579" WIDTH="19"/>
						<String ID="P3_ST01516" HPOS="2807" VPOS="3545" WIDTH="92" HEIGHT="28" CONTENT="Liebe" WC="0.98" CC="45100"/>
						<SP ID="P3_SP01306" HPOS="2899" VPOS="3579" WIDTH="19"/>
						<String ID="P3_ST01517" HPOS="2918" VPOS="3553" WIDTH="53" HEIGHT="20" CONTENT="zur" WC="0.94" CC="463"/>
					</TextLine>
					<TextLine ID="P3_TL00212" HPOS="2081" VPOS="3596" WIDTH="890" HEIGHT="35">
						<String ID="P3_ST01518" HPOS="2081" VPOS="3599" WIDTH="167" HEIGHT="29" CONTENT="Wahrheit." WC="0.99" CC="040070304"/>
						<SP ID="P3_SP01307" HPOS="2248" VPOS="3628" WIDTH="38"/>
						<String ID="P3_ST01519" HPOS="2286" VPOS="3599" WIDTH="54" HEIGHT="28" CONTENT="Die" WC="0.99" CC="030"/>
						<SP ID="P3_SP01308" HPOS="2340" VPOS="3628" WIDTH="26"/>
						<String ID="P3_ST01520" HPOS="2366" VPOS="3607" WIDTH="73" HEIGHT="24" CONTENT="paar" WC="0.98" CC="0414"/>
						<SP ID="P3_SP01309" HPOS="2439" VPOS="3631" WIDTH="28"/>
						<String ID="P3_ST01521" HPOS="2467" VPOS="3597" WIDTH="177" HEIGHT="32" CONTENT="Studenten," WC="0.99" CC="0080060084"/>
						<SP ID="P3_SP01310" HPOS="2644" VPOS="3631" WIDTH="28"/>
						<String ID="P3_ST01522" HPOS="2672" VPOS="3597" WIDTH="46" HEIGHT="27" CONTENT="die" WC="0.98" CC="060"/>
						<SP ID="P3_SP01311" HPOS="2718" VPOS="3631" WIDTH="27"/>
						<String ID="P3_ST01523" HPOS="2745" VPOS="3597" WIDTH="68" HEIGHT="27" CONTENT="dem" WC="1.00" CC="000"/>
						<SP ID="P3_SP01312" HPOS="2813" VPOS="3631" WIDTH="26"/>
						<String ID="P3_ST01524" HPOS="2839" VPOS="3596" WIDTH="132" HEIGHT="31" CONTENT="Vortrag" WC="0.98" CC="0460139"/>
					</TextLine>
					<TextLine ID="P3_TL00213" HPOS="2083" VPOS="3646" WIDTH="888" HEIGHT="34">
						<String ID="P3_ST01525" HPOS="2083" VPOS="3652" WIDTH="53" HEIGHT="27" CONTENT="des" WC="0.96" CC="900"/>
						<SP ID="P3_SP01313" HPOS="2136" VPOS="3679" WIDTH="28"/>
						<String ID="P3_ST01526" HPOS="2164" VPOS="3650" WIDTH="97" HEIGHT="29" CONTENT="Herrn" WC="0.99" CC="60003"/>
						<SP ID="P3_SP01314" HPOS="2261" VPOS="3679" WIDTH="28"/>
						<String ID="P3_ST01527" HPOS="2289" VPOS="3648" WIDTH="126" HEIGHT="30" CONTENT="Corinth" WC="0.80" CC="0424200"/>
						<SP ID="P3_SP01315" HPOS="2415" VPOS="3679" WIDTH="29"/>
						<String ID="P3_ST01528" HPOS="2444" VPOS="3648" WIDTH="203" HEIGHT="32" CONTENT="beiwohnten," WC="0.99" CC="60102060062"/>
						<SP ID="P3_SP01316" HPOS="2647" VPOS="3680" WIDTH="27"/>
						<String ID="P3_ST01529" HPOS="2674" VPOS="3650" WIDTH="26" HEIGHT="26" CONTENT="in" WC="0.54" CC="53"/>
						<SP ID="P3_SP01317" HPOS="2700" VPOS="3680" WIDTH="28"/>
						<String ID="P3_ST01530" HPOS="2728" VPOS="3649" WIDTH="98" HEIGHT="29" CONTENT="jenem" WC="0.98" CC="30700"/>
						<SP ID="P3_SP01318" HPOS="2826" VPOS="3680" WIDTH="28"/>
						<String ID="P3_ST01531" HPOS="2854" VPOS="3646" WIDTH="103" HEIGHT="28" CONTENT="histori" SUBS_TYPE="HypPart1" SUBS_CONTENT="historischen" WC="0.99" CC="0700160"/>
						<HYP HPOS="2957" VPOS="3646" WIDTH="14" CONTENT="-"/>
					</TextLine>
					<TextLine ID="P3_TL00214" HPOS="2082" VPOS="3695" WIDTH="888" HEIGHT="36">
						<String ID="P3_ST01532" HPOS="2082" VPOS="3701" WIDTH="91" HEIGHT="29" CONTENT="schen" SUBS_TYPE="HypPart2" SUBS_CONTENT="historischen" WC="0.99" CC="02003"/>
						<SP ID="P3_SP01319" HPOS="2173" VPOS="3730" WIDTH="35"/>
						<String ID="P3_ST01533" HPOS="2208" VPOS="3700" WIDTH="113" HEIGHT="28" CONTENT="Januar" WC="0.98" CC="006704"/>
						<SP ID="P3_SP01320" HPOS="2321" VPOS="3730" WIDTH="36"/>
						<String ID="P3_ST01534" HPOS="2357" VPOS="3700" WIDTH="52" HEIGHT="28" CONTENT="des" WC="1.00" CC="000"/>
						<SP ID="P3_SP01321" HPOS="2409" VPOS="3730" WIDTH="35"/>
						<String ID="P3_ST01535" HPOS="2444" VPOS="3699" WIDTH="108" HEIGHT="29" CONTENT="Jahres" WC="1.00" CC="000301"/>
						<SP ID="P3_SP01322" HPOS="2552" VPOS="3730" WIDTH="39"/>
						<String ID="P3_ST01536" HPOS="2591" VPOS="3699" WIDTH="77" HEIGHT="32" CONTENT="1914," WC="0.66" CC="50650"/>
						<SP ID="P3_SP01323" HPOS="2668" VPOS="3731" WIDTH="36"/>
						<String ID="P3_ST01537" HPOS="2704" VPOS="3697" WIDTH="65" HEIGHT="29" CONTENT="sind" WC="0.98" CC="0530"/>
						<SP ID="P3_SP01324" HPOS="2769" VPOS="3731" WIDTH="38"/>
						<String ID="P3_ST01538" HPOS="2807" VPOS="3696" WIDTH="80" HEIGHT="29" CONTENT="nicht" WC="0.98" CC="50060"/>
						<SP ID="P3_SP01325" HPOS="2887" VPOS="3731" WIDTH="36"/>
						<String ID="P3_ST01539" HPOS="2923" VPOS="3695" WIDTH="47" HEIGHT="28" CONTENT="die" WC="0.96" CC="450"/>
					</TextLine>
					<TextLine ID="P3_TL00215" HPOS="2082" VPOS="3747" WIDTH="888" HEIGHT="37">
						<String ID="P3_ST01540" HPOS="2082" VPOS="3752" WIDTH="146" HEIGHT="28" CONTENT="deutsche" WC="1.00" CC="00400000"/>
						<SP ID="P3_SP01326" HPOS="2228" VPOS="3780" WIDTH="26"/>
						<String ID="P3_ST01541" HPOS="2254" VPOS="3751" WIDTH="127" HEIGHT="33" CONTENT="Jugend." WC="0.99" CC="0700004"/>
						<SP ID="P3_SP01327" HPOS="2381" VPOS="3784" WIDTH="35"/>
						<String ID="P3_ST01542" HPOS="2416" VPOS="3749" WIDTH="66" HEIGHT="29" CONTENT="Und" WC="0.95" CC="039"/>
						<SP ID="P3_SP01328" HPOS="2482" VPOS="3784" WIDTH="27"/>
						<String ID="P3_ST01543" HPOS="2509" VPOS="3749" WIDTH="95" HEIGHT="29" CONTENT="selbst" WC="0.99" CC="017000"/>
						<SP ID="P3_SP01329" HPOS="2604" VPOS="3784" WIDTH="27"/>
						<String ID="P3_ST01544" HPOS="2631" VPOS="3750" WIDTH="51" HEIGHT="27" CONTENT="der" WC="1.00" CC="000"/>
						<SP ID="P3_SP01330" HPOS="2682" VPOS="3784" WIDTH="27"/>
						<String ID="P3_ST01545" HPOS="2709" VPOS="3747" WIDTH="106" HEIGHT="28" CONTENT="Beifall" WC="0.98" CC="6063244"/>
						<SP ID="P3_SP01331" HPOS="2815" VPOS="3784" WIDTH="25"/>
						<String ID="P3_ST01546" HPOS="2840" VPOS="3747" WIDTH="53" HEIGHT="28" CONTENT="der" WC="0.98" CC="500"/>
						<SP ID="P3_SP01332" HPOS="2893" VPOS="3784" WIDTH="24"/>
						<String ID="P3_ST01547" HPOS="2917" VPOS="3754" WIDTH="36" HEIGHT="24" CONTENT="ge" SUBS_TYPE="HypPart1" SUBS_CONTENT="gesamten" WC="0.95" CC="90"/>
						<HYP HPOS="2953" VPOS="3754" WIDTH="17" CONTENT="-"/>
					</TextLine>
					<TextLine ID="P3_TL00216" HPOS="2081" VPOS="3796" WIDTH="888" HEIGHT="38">
						<String ID="P3_ST01548" HPOS="2081" VPOS="3804" WIDTH="119" HEIGHT="27" CONTENT="samten" SUBS_TYPE="HypPart2" SUBS_CONTENT="gesamten" WC="0.98" CC="090006"/>
						<SP ID="P3_SP01333" HPOS="2200" VPOS="3831" WIDTH="23"/>
						<String ID="P3_ST01549" HPOS="2223" VPOS="3801" WIDTH="167" HEIGHT="29" CONTENT="deutschen" WC="0.99" CC="006004004"/>
						<SP ID="P3_SP01334" HPOS="2390" VPOS="3831" WIDTH="21"/>
						<String ID="P3_ST01550" HPOS="2411" VPOS="3800" WIDTH="118" HEIGHT="34" CONTENT="Jugend" WC="1.00" CC="040000"/>
						<SP ID="P3_SP01335" HPOS="2529" VPOS="3834" WIDTH="24"/>
						<String ID="P3_ST01551" HPOS="2553" VPOS="3799" WIDTH="102" HEIGHT="29" CONTENT="macht" WC="1.00" CC="00000"/>
						<SP ID="P3_SP01336" HPOS="2655" VPOS="3834" WIDTH="22"/>
						<String ID="P3_ST01552" HPOS="2677" VPOS="3806" WIDTH="54" HEIGHT="22" CONTENT="aus" WC="0.96" CC="380"/>
						<SP ID="P3_SP01337" HPOS="2731" VPOS="3834" WIDTH="25"/>
						<String ID="P3_ST01553" HPOS="2756" VPOS="3799" WIDTH="56" HEIGHT="28" CONTENT="den" WC="0.97" CC="105"/>
						<SP ID="P3_SP01338" HPOS="2812" VPOS="3834" WIDTH="22"/>
						<String ID="P3_ST01554" HPOS="2834" VPOS="3796" WIDTH="135" HEIGHT="29" CONTENT="Werken" WC="0.98" CC="060085"/>
					</TextLine>
					<TextLine ID="P3_TL00217" HPOS="2082" VPOS="3847" WIDTH="888" HEIGHT="35">
						<String ID="P3_ST01555" HPOS="2082" VPOS="3855" WIDTH="53" HEIGHT="27" CONTENT="des" WC="1.00" CC="000"/>
						<SP ID="P3_SP01339" HPOS="2135" VPOS="3882" WIDTH="26"/>
						<String ID="P3_ST01556" HPOS="2161" VPOS="3853" WIDTH="99" HEIGHT="28" CONTENT="Herrn" WC="0.98" CC="60005"/>
						<SP ID="P3_SP01340" HPOS="2260" VPOS="3882" WIDTH="26"/>
						<String ID="P3_ST01557" HPOS="2286" VPOS="3853" WIDTH="94" HEIGHT="28" CONTENT="Lovis" WC="0.78" CC="05040"/>
						<SP ID="P3_SP01341" HPOS="2380" VPOS="3882" WIDTH="28"/>
						<String ID="P3_ST01558" HPOS="2408" VPOS="3851" WIDTH="125" HEIGHT="30" CONTENT="Corinth" WC="0.95" CC="0100100"/>
						<SP ID="P3_SP01342" HPOS="2533" VPOS="3882" WIDTH="26"/>
						<String ID="P3_ST01559" HPOS="2559" VPOS="3851" WIDTH="87" HEIGHT="28" CONTENT="keine" WC="0.99" CC="00140"/>
						<SP ID="P3_SP01343" HPOS="2646" VPOS="3882" WIDTH="28"/>
						<String ID="P3_ST01560" HPOS="2674" VPOS="3850" WIDTH="103" HEIGHT="31" CONTENT="Kunst." WC="0.98" CC="077002"/>
						<SP ID="P3_SP01344" HPOS="2777" VPOS="3882" WIDTH="36"/>
						<String ID="P3_ST01561" HPOS="2813" VPOS="3848" WIDTH="38" HEIGHT="29" CONTENT="Es" WC="0.72" CC="50"/>
						<SP ID="P3_SP01345" HPOS="2851" VPOS="3882" WIDTH="26"/>
						<String ID="P3_ST01562" HPOS="2877" VPOS="3847" WIDTH="93" HEIGHT="29" CONTENT="bleibt" WC="0.98" CC="060483"/>
					</TextLine>
					<TextLine ID="P3_TL00218" HPOS="2080" VPOS="3898" WIDTH="888" HEIGHT="37">
						<String ID="P3_ST01563" HPOS="2080" VPOS="3904" WIDTH="127" HEIGHT="28" CONTENT="Malerei" WC="1.00" CC="0030004"/>
						<SP ID="P3_SP01346" HPOS="2207" VPOS="3932" WIDTH="17"/>
						<String ID="P3_ST01564" HPOS="2224" VPOS="3902" WIDTH="47" HEIGHT="31" CONTENT="für" WC="0.96" CC="900"/>
						<SP ID="P3_SP01347" HPOS="2271" VPOS="3933" WIDTH="16"/>
						<String ID="P3_ST01565" HPOS="2287" VPOS="3904" WIDTH="92" HEIGHT="31" CONTENT="taube" WC="0.98" CC="60500"/>
						<SP ID="P3_SP01348" HPOS="2379" VPOS="3935" WIDTH="18"/>
						<String ID="P3_ST01566" HPOS="2397" VPOS="3902" WIDTH="112" HEIGHT="28" CONTENT="Ohren." WC="0.99" CC="000060"/>
						<SP ID="P3_SP01349" HPOS="2509" VPOS="3935" WIDTH="17"/>
						<String ID="P3_ST01567" HPOS="2526" VPOS="3900" WIDTH="85" HEIGHT="29" CONTENT="Doch" WC="0.96" CC="9650"/>
						<SP ID="P3_SP01350" HPOS="2611" VPOS="3935" WIDTH="22"/>
						<String ID="P3_ST01568" HPOS="2633" VPOS="3899" WIDTH="77" HEIGHT="29" CONTENT="wird" WC="1.00" CC="0000"/>
						<SP ID="P3_SP01351" HPOS="2710" VPOS="3935" WIDTH="20"/>
						<String ID="P3_ST01569" HPOS="2730" VPOS="3898" WIDTH="85" HEIGHT="29" CONTENT="dafür" WC="0.98" CC="07600"/>
						<SP ID="P3_SP01352" HPOS="2815" VPOS="3935" WIDTH="19"/>
						<String ID="P3_ST01570" HPOS="2834" VPOS="3898" WIDTH="134" HEIGHT="33" CONTENT="gesorgt," WC="0.99" CC="00014922"/>
					</TextLine>
					<TextLine ID="P3_TL00219" HPOS="2082" VPOS="3948" WIDTH="887" HEIGHT="38">
						<String ID="P3_ST01571" HPOS="2082" VPOS="3955" WIDTH="57" HEIGHT="29" CONTENT="daß" WC="0.96" CC="900"/>
						<SP ID="P3_SP01353" HPOS="2139" VPOS="3984" WIDTH="28"/>
						<String ID="P3_ST01572" HPOS="2167" VPOS="3955" WIDTH="47" HEIGHT="28" CONTENT="die" WC="0.99" CC="020"/>
						<SP ID="P3_SP01354" HPOS="2214" VPOS="3984" WIDTH="25"/>
						<String ID="P3_ST01573" HPOS="2239" VPOS="3954" WIDTH="146" HEIGHT="29" CONTENT="deutsche" WC="1.00" CC="00000100"/>
						<SP ID="P3_SP01355" HPOS="2385" VPOS="3984" WIDTH="26"/>
						<String ID="P3_ST01574" HPOS="2411" VPOS="3953" WIDTH="119" HEIGHT="33" CONTENT="Jugend" WC="0.98" CC="009060"/>
						<SP ID="P3_SP01356" HPOS="2530" VPOS="3986" WIDTH="24"/>
						<String ID="P3_ST01575" HPOS="2554" VPOS="3952" WIDTH="62" HEIGHT="28" CONTENT="ihre" WC="0.99" CC="3000"/>
						<SP ID="P3_SP01357" HPOS="2616" VPOS="3986" WIDTH="23"/>
						<String ID="P3_ST01576" HPOS="2639" VPOS="3950" WIDTH="105" HEIGHT="33" CONTENT="Augen" WC="0.99" CC="06001"/>
						<SP ID="P3_SP01358" HPOS="2744" VPOS="3986" WIDTH="26"/>
						<String ID="P3_ST01577" HPOS="2770" VPOS="3948" WIDTH="104" HEIGHT="31" CONTENT="öffnet." WC="0.98" CC="2763003"/>
						<SP ID="P3_SP01359" HPOS="2874" VPOS="3986" WIDTH="35"/>
						<String ID="P3_ST01578" HPOS="2909" VPOS="3949" WIDTH="40" HEIGHT="28" CONTENT="Da" SUBS_TYPE="HypPart1" SUBS_CONTENT="Dafür" WC="0.98" CC="40"/>
						<HYP HPOS="2949" VPOS="3949" WIDTH="20" CONTENT="-"/>
					</TextLine>
					<TextLine ID="P3_TL00220" HPOS="2080" VPOS="3999" WIDTH="888" HEIGHT="35">
						<String ID="P3_ST01579" HPOS="2080" VPOS="4006" WIDTH="46" HEIGHT="28" CONTENT="für" SUBS_TYPE="HypPart2" SUBS_CONTENT="Dafür" WC="0.95" CC="605"/>
						<SP ID="P3_SP01360" HPOS="2126" VPOS="4034" WIDTH="24"/>
						<String ID="P3_ST01580" HPOS="2150" VPOS="4005" WIDTH="101" HEIGHT="29" CONTENT="beruft" WC="0.99" CC="000760"/>
						<SP ID="P3_SP01361" HPOS="2251" VPOS="4034" WIDTH="27"/>
						<String ID="P3_ST01581" HPOS="2278" VPOS="4005" WIDTH="63" HEIGHT="27" CONTENT="sich" WC="0.98" CC="1600"/>
						<SP ID="P3_SP01362" HPOS="2341" VPOS="4034" WIDTH="26"/>
						<String ID="P3_ST01582" HPOS="2367" VPOS="4004" WIDTH="79" HEIGHT="28" CONTENT="Herr" WC="0.98" CC="6050"/>
						<SP ID="P3_SP01363" HPOS="2446" VPOS="4034" WIDTH="24"/>
						<String ID="P3_ST01583" HPOS="2470" VPOS="4001" WIDTH="127" HEIGHT="31" CONTENT="Corinth" WC="0.80" CC="0703200"/>
						<SP ID="P3_SP01364" HPOS="2597" VPOS="4034" WIDTH="28"/>
						<String ID="P3_ST01584" HPOS="2625" VPOS="4000" WIDTH="51" HEIGHT="29" CONTENT="auf" WC="0.93" CC="557"/>
						<SP ID="P3_SP01365" HPOS="2676" VPOS="4034" WIDTH="25"/>
						<String ID="P3_ST01585" HPOS="2701" VPOS="4001" WIDTH="86" HEIGHT="32" CONTENT="Kant," WC="0.98" CC="06103"/>
						<SP ID="P3_SP01366" HPOS="2787" VPOS="4034" WIDTH="27"/>
						<String ID="P3_ST01586" HPOS="2814" VPOS="3999" WIDTH="154" HEIGHT="29" CONTENT="Friedrich" WC="0.99" CC="630002350"/>
					</TextLine>
					<TextLine ID="P3_TL00221" HPOS="2082" VPOS="4048" WIDTH="887" HEIGHT="42">
						<String ID="P3_ST01587" HPOS="2082" VPOS="4058" WIDTH="56" HEIGHT="28" CONTENT="den" WC="0.95" CC="903"/>
						<SP ID="P3_SP01367" HPOS="2138" VPOS="4086" WIDTH="27"/>
						<String ID="P3_ST01588" HPOS="2165" VPOS="4056" WIDTH="131" HEIGHT="34" CONTENT="Großen," WC="0.98" CC="4076050"/>
						<SP ID="P3_SP01368" HPOS="2296" VPOS="4090" WIDTH="28"/>
						<String ID="P3_ST01589" HPOS="2324" VPOS="4055" WIDTH="117" HEIGHT="29" CONTENT="Goethe" WC="0.99" CC="510001"/>
						<SP ID="P3_SP01369" HPOS="2441" VPOS="4090" WIDTH="27"/>
						<String ID="P3_ST01590" HPOS="2468" VPOS="4055" WIDTH="60" HEIGHT="28" CONTENT="und" WC="0.97" CC="700"/>
						<SP ID="P3_SP01370" HPOS="2528" VPOS="4090" WIDTH="26"/>
						<String ID="P3_ST01591" HPOS="2554" VPOS="4052" WIDTH="188" HEIGHT="29" CONTENT="Beethoven." WC="1.00" CC="2000040033"/>
						<SP ID="P3_SP01371" HPOS="2742" VPOS="4090" WIDTH="36"/>
						<String ID="P3_ST01592" HPOS="2778" VPOS="4050" WIDTH="113" HEIGHT="29" CONTENT="Ferner" WC="1.00" CC="600000"/>
						<SP ID="P3_SP01372" HPOS="2891" VPOS="4090" WIDTH="26"/>
						<String ID="P3_ST01593" HPOS="2917" VPOS="4048" WIDTH="52" HEIGHT="30" CONTENT="auf" WC="0.91" CC="976"/>
					</TextLine>
				</TextBlock>
			</PrintSpace>
		</Page>
	</Layout>
</alto>
