5446 7275
384 6908 74 39 142

368 383 366 49 Pförtner:

435 469 104 49 Der
572 469 132 49 Herr
740 471 134 47 kann
911 469 165 55 Recht
1113 469 182 49 haben.
1368 468 167 50 Meine
1568 468 179 54 Kleine
1783 467 88 48 hat

430 556 127 48 auch
593 570 105 34 von
732 561 131 44 zwei
894 557 200 47 Herren
1132 555 338 56 gesprochen,
1508 556 79 47 die
1626 568 91 34 aus
1757 553 116 48 dem

428 641 160 49 Lokal
654 642 312 54 gekommen:
1030 644 113 47 sind
1209 644 100 46 und
1374 642 83 48 die
1526 640 75 49 ihr
1651 640 224 49 hundert

359 734 16 53 )
436 728 154 49 Mark
629 728 101 47 und
767 728 141 50 diese
947 728 151 54 Kette
1138 728 286 55 geschenkt
1460 728 185 49 haben.

365 817 137 48 Der
541 817 179 49 Herr
764 818 120 48 der
925 817 539 55 Tagespresse:

426 901 171 49 Sehen
632 903 101 55 Sie,
769 903 127 49 alter
929 902 146 53 Herr,
1111 900 160 49 sehen
1303 901 101 48 Sie.
1440 899 84 49 Ich
1562 895 309 51 schmeichle

353 1001 9 49 I
434 989 110 55 mir,
583 988 79 48 die
696 984 347 58 Psychollogie
1082 1000 102 36 aus,
1216 986 117 48 dem
1367 985 55 47 ff
1454 998 64 34 zu
1555 983 217 49 kennen.
1808 1014 64 4 —

428 1075 114 49 Und
570 1076 193 46 wissen
794 1075 84 47 Sie
912 1072 144 56 auch,
1086 1087 203 34 warum
1320 1072 88 48 der
1438 1069 133 48 Herr
1598 1067 274 49 Professor

430 1162 72 46 sie
551 1159 269 55 gestohlen
866 1159 127 48 hat?
1081 1158 57 48 W
1139 1159 9 9 T
1153 1159 61 48 eil
1264 1173 54 33 er
1366 1155 333 56 Kleptomane
1745 1168 111 34 war

435 1247 101 46 wie
582 1249 142 45 seine
773 1246 175 56 Braut,
999 1246 80 48 die
1129 1244 245 55 gefeierte
1424 1243 233 47 Diseuse.
1737 1241 99 47 Das-

433 1331 141 49 selbe
624 1332 191 47 Leiden
864 1331 91 49 hat
1004 1333 73 47 sie
1130 1326 507 55 zusammengeführt
1689 1327 182 49 .Guten

430 1419 179 51 Abend
648 1421 166 45 meine
848 1419 220 48 Herren.
1137 1416 82 48 Ich
1261 1413 115 50 muß
1419 1416 77 47 die
1534 1413 168 50 Sache
1743 1413 128 49 no'-h

429 1507 77 46 ins
573 1505 352 54 Morgenblatt
987 1505 231 52 bringen.
1347 1498 526 52 Selbstverständlich

430 1606 132 39 ganz
612 1592 183 47 dezent
843 1594 101 45 und
988 1589 135 48 ohne
1173 1588 213 46 Namen.

618 1677 106 48 Das
776 1677 263 48 Wandern
1083 1677 68 46 ist
1198 1675 90 49 des
1336 1672 213 50 Müllers
1595 1673 141 54 Lust,

618 1764 105 48 Das
769 1762 425 49 Wa—an:—dern

366 1864 135 48 Der
536 1863 301 55 Bürger:

429 1950 98 48 Mir
566 1954 65 44 ist
669 1952 118 47 sehr
826 1949 244 56 schlecht,
1106 1949 132 49 Herr
1277 1948 216 50 Portier.
1564 1947 180 49 Helfen
1787 1947 84 49 Sie

430 2040 93 45 mir
585 2037 75 49 ins
723 2036 158 49 Haus.
974 2036 93 47 Die
1492 2036 84 47 bei
1652 2037 219 45 meinem

428 2125 219 47 Herzen.

365 2208 192 49 Pfört
578 2223 29 33 n
629 2221 27 35 e
674 2224 23 34 r
756 2208 107 50 faßt
906 2208 82 50 ihn
1033 2211 146 47 unter

429 2296 249 53 Kommen
713 2295 84 48 Sie
832 2295 132 48 Herr
995 2295 258 49 Direkte;:.

363 2418 6 11 *

369 2481 130 48 [•er
535 2480 271 56 Bürger
844 2481 217 57 stolpert
1095 2486 53 46 in
1188 2482 89 49 der
1311 2484 119 55 Tür,
1499 2481 120 50 fallt.

367 2670 91 46 Die
500 2670 102 47 Tür
638 2668 112 52 fällt
789 2686 78 34 zu.

1744 2813 16 4 -■
1789 2810 11 13 /•:

365 2854 43 47 D
448 2871 6 31 i
483 2872 20 32 -j
547 2855 32 47 K
607 2854 14 48 l
659 2858 155 46 eine
853 2871 84 33 am
982 2856 210 50 Ferner

617 2942 85 49 Ich
740 2945 183 54 weine,
963 2942 119 50 weil
1125 2946 77 47 icii
1242 2945 208 47 sterben
1492 2945 116 48 muß

618 3029 222 49 Sterben
880 3030 133 56 muß,

618 3116 222 49 Sterben
880 3116 133 57 muß,

368 3303 94 49 Die
505 3303 184 49 Straße
731 3307 67 47 ist
837 3304 121 49 leer.

1683 3383 137 62 '^
1821 3412 24 44 >c

366 3492 134 51 Der
546 3491 287 50 Gehilfe
878 3494 197 49 kommt
1119 3494 248 56 langsam,
1416 3495 230 49 suchend

364 3681 135 49 Der
539 3681 142 49 Geh
698 3681 70 49 ilf
788 3697 27 34 e
855 3685 136 46 setzt
1031 3682 108 50 sich
1180 3683 87 48 auf
1305 3682 92 50 das
1432 3682 276 50 Geländer.

1783 3772 38 12 rv~

366 3869 57 49 M
441 3874 32 46 ä
491 3870 33 49 d
542 3883 27 35 e
590 3871 37 49 1:

426 3955 352 49 Freundchen.

365 4044 136 50 Der
564 4044 331 50 Gehilfe:

427 4133 224 51 Endlich.
716 4132 122 52 Also
869 4132 108 50 hier
1007 4132 223 49 wohnen
1258 4130 126 51 Sie?

368 4218 203 50 Mäde
590 4219 39 49 1:

427 4303 130 49 Was
597 4305 247 50 schenkst
882 4305 81 51 Du
998 4302 134 50 mir?

365 4389 136 50 Der
569 4389 328 50 Gehilfe:

427 4477 88 49 Sie
552 4479 112 49 sind
702 4477 119 50 sehr
861 4477 113 50 heiß
1010 4517 11 10 .

365 4566 262 50 Mädel:

433 4650 95 50 Die
592 4650 186 50 Wirtin
843 4651 88 49 hat
994 4652 136 49 mich
1194 4651 494 56 rausgeschmissen.
1783 4649 87 51 Ich

428 4737 132 50 habe
591 4753 92 34 nur
712 4739 96 48 das
839 4737 182 50 Trikot
1053 4741 147 46 unter
1233 4740 115 47 dem
1377 4737 213 50 Mantel.

366 4828 43 42 iJ
431 4838 26 33 e
478 4839 23 32 r
569 4822 327 51 Gehilfe:

429 4911 87 47 Sie
557 4912 224 47 wohnen
818 4911 142 51 nicht
1004 4911 144 50 hier?

366 4997 263 50 Mädel:

427 5081 111 49 Alle
572 5082 217 48 Männer
825 5084 218 47 nehmen
1080 5085 131 46 mich
1247 5085 97 47 auf.

365 5181 136 48 Der
568 5182 327 50 Gehilfe:

430 5269 94 57 Oh,
560 5270 80 47 Du
676 5273 163 45 meine
880 5272 122 48 süße
1041 5272 264 55 Jungfrau.

366 5369 205 50 Mäde
590 5372 39 48 1:

429 5455 109 49 Alle
575 5455 220 49 Männer
851 5471 161 39 sagen
1072 5459 93 48 das
1223 5472 63 33 zu
1344 5459 108 46 mir.
1528 5455 161 50 Unter
1735 5459 138 46 einer

433 5545 250 55 Jungfrau
710 5547 88 46 tun
828 5546 74 47 sie
933 5559 56 34 es
1016 5544 153 49 nicht.

369 5631 132 48 Der
569 5629 329 50 Gehilfe:

429 5717 212 54 Kennen
679 5715 85 50 Sie
804 5717 133 47 mich
975 5717 175 49 nicht?

371 5803 258 50 Mädel:

430 5889 149 48 Einer
612 5891 66 47 ist
708 5891 100 45 wie
841 5888 92 49 der
966 5889 204 46 andere.

371 5974 130 48 Der
570 5974 329 49 Gehilfe:

428 6062 137 50 Aber
590 6062 81 49 ich
692 6062 156 55 nicht,
878 6064 123 46 aber
1027 6062 82 48 ich
1137 6062 152 49 nicht.
1327 6063 115 47 Wie
1467 6062 79 48 ich
1572 6062 128 48 Dich
1726 6061 148 49 liebe.

375 6161 196 50 Mäde
592 6163 36 48 1:

428 6249 139 48 Aber
607 6247 194 51 freilich
839 6249 170 47 kenne
1052 6248 85 47 ich
1181 6246 144 51 Dicäi.
1401 6249 137 48 Jetzt
1577 6247 174 53 »kenne
1789 6245 84 51 ich

428 6332 141 47 Dich.
604 6333 80 48 Du
718 6335 102 47 bist
850 6333 138 49 doch
1022 6336 89 46 der
1148 6332 228 50 hübsche
1409 6327 178 54 Mann.
1652 6332 107 50 Soll
1789 6330 84 51 ich

434 6420 89 44 mit
563 6418 88 47 Dir
693 6418 278 49 kommen?

372 6514 42 47 D
436 6529 70 35 er
543 6516 311 53 Gehilfe:

432 6603 81 48 Ich
552 6605 102 48 will
695 6608 166 47 neben
901 6607 218 49 Deinem
1157 6607 125 48 Bett
1321 6607 167 49 knien.
1562 6607 116 50 Und
1718 6619 156 36 wenn

431 6688 78 48 ich
552 6692 110 47 eine
703 6693 299 55 Anstellung
1043 6694 149 56 habe,
1234 6692 141 50 mußt
1413 6694 79 50 Du
1533 6695 166 48 meine
1739 6694 133 48 Frau

438 6777 225 47 werden.

2005 378 261 49 Mädel:

2066 465 82 49 Du
2177 465 175 47 redest
2380 466 101 47 wie
2513 467 88 46 der
2633 462 163 49 kleine
2832 460 237 53 Christus
3102 465 100 46 und
3233 463 102 47 bist
3362 461 151 48 dabei

2066 551 134 47 noch
2231 565 60 34 so
2324 553 134 51 jung.

2003 649 136 49 Der
2178 649 311 50 Gehilfe:

2066 737 83 48 Ich
2182 737 221 48 verehre
2436 737 128 48 Dich
2595 739 100 46 wie
2727 736 127 48 Dich
2885 739 135 45 mein
3050 735 216 49 Meister
3301 735 211 49 verehrt

2067 823 101 50 hat.

2004 907 260 51 Mädel:

2068 994 107 48 Das
2220 994 113 48 sind
2374 994 188 49 Faxen.
2636 993 185 54 Komm
2863 1010 60 33 zu
2968 993 102 50 Dir.
3150 993 85 49 Ich
3278 993 102 50 will
3423 994 88 49 Dir

2069 1082 92 46 das
2204 1082 174 47 Leben
2421 1082 316 55 beibringen.

2004 1176 135 49 Der
2179 1178 311 49 Gehilfe:

2067 1265 267 50 Vielleicht
2395 1267 130 47 habe
2590 1267 79 47 ich
2717 1268 159 47 schon
2924 1280 82 34 am
3050 1266 185 48 Ersten
3285 1269 77 46 die
3412 1266 67 48 An-

2067 1352 235 56 stellung.
2367 1354 138 47 Aber
2541 1353 135 48 dann
2708 1354 161 48 darfst
2904 1353 79 48 Du
3017 1369 64 33 zu
3114 1352 204 49 keinem
3355 1352 157 49 Mann

2066 1438 144 48 mehr
2252 1441 181 52 gehen.

2005 1535 260 50 Mädel:

2066 1619 109 50 Alle
2207 1620 220 51 Männer
2462 1627 199 44 warten
2695 1624 85 47 auf
2813 1623 148 49 mich.
2998 1623 84 49 Ich
3119 1623 123 56 darf,
3282 1637 113 35 was
3432 1623 81 49 ich

2068 1708 149 49 kann.

2004 1805 135 49 Der
2178 1806 312 50 Gehilfe:

2067 1893 94 56 Oh,
2208 1894 79 48 Du
2329 1897 166 47 meine
2538 1897 344 56 Süßgeliebte.
2954 1897 80 47 Du
3078 1896 146 50 sollst
3266 1898 138 47 nicht
3447 1911 63 33 zu

2069 1979 96 47 den
2205 1978 255 50 Männern
2496 1982 182 54 gehen.

2004 2077 261 52 Mädel:

2066 2167 109 49 Alle
2206 2168 218 50 Männer
2457 2171 203 46 warten
2694 2169 85 48 auf
2810 2169 148 50 mich.
3021 2169 84 48 Ich
3138 2169 108 54 soll,
3281 2170 119 48 weil
3434 2169 80 49 ich

2069 2254 124 48 darf.

2004 2353 136 49 Der
2179 2355 311 49 Gehilfe:

2068 2442 96 55 Oh,
2208 2443 82 48 Du
2334 2443 126 48 über
2506 2442 124 51 alles
2676 2442 250 58 Geliebte,
2976 2444 79 50 Du
3102 2446 166 47 meine
3314 2442 197 57 Heilige

2065 2528 119 49 Und
2225 2543 155 33 wenn
2419 2528 79 49 Du
2540 2544 63 32 zu
2647 2530 96 47 den
2783 2529 254 50 Männern
3083 2529 164 56 gehst,
3294 2545 62 35 so
3395 2529 117 49 muß

2066 2617 81 46 ich
2180 2615 131 48 Dich
2349 2615 314 51 erschießen.

2002 2713 259 50 Mädel:

2068 2800 84 49 Ich
2190 2801 131 50 habe
2358 2803 148 48 keine
2542 2805 180 54 Angst.
2792 2804 104 49 Vor
2933 2804 255 49 niemand.
3260 2805 118 49 Und
3417 2819 97 34 vor

2068 2887 88 48 Dir
2197 2903 83 34 am
2319 2892 307 51 wenigsten.
2699 2888 84 50 Ich
2821 2890 133 57 muß,
2995 2906 113 34 was
3149 2891 79 48 ich
3275 2890 109 50 soll.
3427 2891 87 49 Ich

2067 2973 129 49 lebe.
2263 2974 85 49 Ich
2384 2976 174 48 sterbe
2590 2977 96 48 nie.
2753 2976 86 49 Ich
2872 2976 106 49 will
3011 2978 141 48 nicht
3190 2979 227 48 sterben.

2003 3075 123 49 Die
2156 3075 251 54 Kleine
2436 3080 69 46 im
2532 3079 244 47 Zimmer:

2253 3161 317 59 Mariechen,
2606 3180 203 34 warum
2843 3168 220 49 weinest
3094 3167 79 47 Du

2001 3250 260 49 Mädel:

2066 3336 172 50 Meine
2275 3337 166 53 Kette.
2512 3339 173 49 Meine
2722 3339 152 53 Kette
2943 3340 198 55 Warte,
3178 3341 79 48 Du
3294 3341 122 48 Aas.

2003 3435 350 52 Pförtner
2391 3454 82 34 am
2509 3439 241 50 Fenster:

2065 3523 130 50 Was
2223 3528 68 46 ist
2318 3527 109 48 hier
2456 3526 94 49 los.
2611 3526 79 50 Da
2724 3529 119 48 sitzt
2876 3532 47 51 ja
2952 3528 159 49 schon
3143 3530 196 47 wieder
3373 3530 139 47 einer

2066 3611 86 49 auf
2185 3615 116 46 dem
2335 3612 275 50 Geländer.

2001 3710 260 50 Mädel:

2067 3804 215 55 August,
2352 3804 215 54 August.
2668 3803 115 49 Wie
2851 3804 89 50 Dir
3009 3804 79 48 die
3151 3800 365 52 Hemdsärmel

2065 3890 198 49 stehen.
2324 3889 156 50 Mach
2511 3892 82 47 die
2622 3891 104 49 Tür
2755 3891 99 56 auf,
2883 3892 84 48 ich
2998 3890 102 48 will
3130 3892 94 46 mir
3257 3891 79 47 die
3366 3888 146 50 Kette

2066 3976 166 57 holen,
2277 3979 130 48 oder
2456 3977 89 50 hat
2591 3980 73 47 sie
2715 3978 90 48 der
2850 3976 214 50 Polizist
3113 3977 161 49 schon
3323 3975 188 57 geholt.

2065 4061 234 57 Himmel,
2335 4065 95 48 den
2458 4063 131 48 habe
2619 4063 83 48 ich
2734 4077 133 42 ganz
2897 4076 303 43 vergessen.

2004 4161 370 51 Pförtner:

2069 4251 106 47 Der
2215 4248 212 52 Polizist
2468 4251 86 50 hat
2595 4253 94 46 mir
2732 4250 82 49 die
2860 4251 149 54 Kette
3053 4251 263 57 gebracht,
3360 4264 156 36 wenn

2068 4335 78 51 Du
2184 4336 30 48 d
2232 4339 15 45 i
2269 4351 26 34 e
2334 4339 200 47 meinst.

2004 4421 259 51 Mädel:

2076 4507 77 57 Ja,
2185 4522 59 35 so
2275 4509 248 55 ungefähr
2556 4510 92 49 sah
2683 4513 74 47 sie
2788 4525 108 35 aus.
2959 4511 155 49 Mach
3151 4511 79 49 die
3266 4511 102 50 Tür
3404 4511 99 58 auf,

2065 4594 159 49 lieber
2253 4595 136 49 Herr
2418 4595 240 51 Pförtner
2685 4599 50 45 in
2763 4597 411 49 Hemdsärmeln.

2006 4693 368 51 Pförtner:

2068 4780 85 51 Ich
2187 4784 138 47 kann
2367 4785 77 46 die
2480 4782 106 50 Tür
2623 4786 139 48 nicht
2803 4785 187 48 öffnen.
3061 4786 93 48 Ein
3192 4786 159 47 Toter
3390 4784 123 58 liegt

2070 4868 249 52 dahinter.

2004 4967 124 48 Die
2172 4969 254 54 Kleine
2472 4973 67 46 im
2580 4971 247 50 Zimmer:

2255 5057 235 50 Weinest
2525 5057 79 52 Du

2004 5140 259 51 Mädel:

2070 5234 83 49 Ich
2199 5236 118 48 muß
2363 5250 63 33 zu
2466 5235 108 49 Dir.
2656 5235 85 49 Ich
2787 5236 83 48 bin
2919 5249 57 35 so
3024 5238 163 51 gierig
3229 5236 131 48 nach
3408 5234 105 48 Dir.

2067 5320 220 48 Schiebe
2319 5321 83 47 ihn
2430 5323 216 48 beiseite
2680 5323 97 47 den
2806 5322 184 49 Toten.

2006 5420 134 48 Der
2172 5421 317 49 Gehilfe:

2073 5507 81 48 Oh
2186 5507 97 57 Du,
2319 5508 81 48 Oh
2435 5508 82 49 Du
2553 5514 48 44 in
2642 5510 97 48 den
2774 5508 219 49 Himmel
3032 5507 249 58 Geliebte,
3316 5510 83 46 die
3435 5508 82 49 Du

2071 5595 126 48 über
2245 5594 132 49 Tote
2426 5596 291 54 schreitest,
2771 5596 79 49 Du
2906 5594 162 53 darfst
3115 5596 137 48 nicht
3302 5610 65 35 zu
3417 5596 100 47 den

2066 5680 252 51 Männern
2357 5682 188 55 gehen!

1976 5778 287 52 -Mädel:

2069 5866 172 49 Willst
2284 5869 80 47 Du
2410 5870 95 46 mir
2568 5870 90 48 das
2715 5869 175 49 Leben
2954 5870 309 49 verbieten?
3315 5867 184 50 Oeffne

2069 5952 215 56 August.

2005 6052 371 53 Pförtner:

2070 6140 87 49 Sei
2214 6143 312 57 vernünftig,
2584 6144 190 51 Mädel.
2853 6145 85 49 Ich
2997 6147 147 47 traue
3207 6147 94 47 mir
3362 6145 153 49 nicht.

2068 6227 269 52 Vielleicht
2363 6235 66 46 ist
2455 6245 54 33 er
2536 6231 139 51 nicht
2698 6235 90 47 tot.
2850 6230 144 51 Auch
3025 6234 140 48 seine
3193 6233 133 49 Frau
3356 6232 160 49 öffnet

2068 6315 153 49 nicht.

2005 6416 53 47 M
2081 6419 28 45 ä
2131 6421 25 44 d
2182 6432 24 33 e
2230 6418 32 47 I:

2070 6503 146 52 Dann
2250 6507 117 47 wirf
2402 6507 99 48 den
2534 6504 264 54 Schlüssel
2828 6507 204 57 heraus,
3064 6507 161 49 lieber
3257 6506 257 50 Pförtner.

2070 6590 85 50 Ich
2190 6593 176 48 werde
2406 6597 94 45 mir
2537 6594 80 48 die
2652 6593 102 49 Tür
2786 6611 62 34 zu
2884 6594 91 50 Dir
3012 6593 189 51 öffnen.

2005 6688 126 50 Die
2163 6690 250 55 Kleine
2447 6708 132 39 ganz
2614 6694 172 50 hinten
2821 6698 68 46 im
2921 6693 247 50 Zimmer:

2259 6780 131 51 Weil
2430 6781 81 48 ich
2549 6783 212 47 sterben
2792 6781 118 49 muß

3638 375 134 47 Der
3804 373 315 50 Gehilfe:

3699 460 97 56 Oh,
3833 462 80 46 Du
3950 460 197 53 Heilige
4188 464 89 45 mit
4321 461 113 46 dem
4475 454 521 53 Himmelsschlüssel.
5068 455 77 47 Du

3699 546 152 55 gehst
3885 547 140 49 nicht
4057 546 183 49 hinein.
4313 546 158 50 Sonst
4506 545 139 48 mußt
4682 546 80 49 Du
4797 544 209 49 sterben
5046 539 100 49 und

3700 633 81 49 ich
3815 635 116 48 muß
3965 634 218 48 weinen.

3636 723 260 51 Mädel:

3701 814 206 47 Gewalt
3937 814 65 46 ist
4028 812 148 47 keine
4206 809 172 48 Liebe.
4440 807 93 48 Die
4566 807 157 48 Liebe
4750 809 68 46 ist
4847 806 166 46 meine
5045 803 68 47 Ge-

3699 900 140 49 walt.
3895 899 78 47 Du
4030 898 189 47 kannst
4274 898 49 51 ja
4382 898 217 51 warten,
4655 892 255 48 hübscher
4967 893 179 51 junger

3697 986 175 47 Mann.

3636 1072 371 48 Pförtner:

3701 1159 110 49 Geh
3838 1159 137 49 nicht
4008 1158 183 47 hinein.

3636 1245 135 48 Der
3811 1243 312 49 Gehilfe:

3700 1332 84 48 Ich
3810 1331 141 49 (kann
3984 1331 136 49 nicht
4152 1334 218 46 warten.
4440 1328 95 55 Oh,
4567 1329 79 47 Du
4680 1327 124 47 über
4835 1325 180 49 Leben
5046 1323 99 47 und

3701 1419 110 49 Tod
3855 1418 247 50 Geliebte.

3636 1503 258 48 Mädel:

3700 1590 108 49 Alle
3846 1590 216 50 Männer
4097 1595 200 48 warten
4334 1592 84 47 auf
4450 1590 159 49 mich!

3637 1678 371 50 Pförtner:

3700 1766 65 48 Er
3798 1766 89 48 saß
3919 1770 84 46 auf
4038 1769 114 46 dem
4188 1766 272 49 Geländer.
4523 1765 113 49 Geh
4671 1761 138 49 nicht
4840 1760 184 48 hinein.

3637 1854 134 47 Der
3803 1852 316 50 Gehilfe:

3702 1940 111 48 Geh
3846 1938 137 49 nicht
4020 1941 193 47 hinein!

3635 2025 260 50 Mädel:

3700 2113 86 48 Ich
3818 2112 145 55 gehe.

3637 2285 237 48 Mädel
3909 2284 160 49 öffnet
4104 2285 76 48 die
4211 2284 119 54 Tür,
4364 2282 183 50 drückt
4583 2284 72 47 sie
4688 2284 89 46 mit
4812 2280 204 50 Gewalt
5050 2277 96 52 auf.

3638 2472 133 48 Der
3800 2472 291 49 Gehilfe
4126 2471 197 51 schießt

3637 2671 235 49 Mädel
3903 2672 165 57 gleich
4097 2672 182 48 darauf
4312 2685 82 35 am
4419 2671 242 48 Fenster:

3701 2757 171 57 Etsch,
3913 2758 521 54 vorbeigeschossen.

3638 2846 123 47 Die
3795 2844 181 49 Frau
4007 2845 132 53 Rat
4171 2860 84 33 am
4285 2844 239 49 Fenster:

3699 2932 133 49 Hilfe
3867 2932 152 49 Hilfe!
4091 2931 123 49 Man
4251 2931 212 50 schießt.
4531 2930 125 49 Wer
4692 2928 233 51 schießt?

3637 3022 235 50 Mäded
3912 3036 84 33 am
4028 3021 238 48 Fenster:

3699 3108 529 56 Vorbeigeschossen.
4291 3108 84 49 Ich
4404 3108 83 47 bin
4512 3106 141 49 nicht
4682 3119 61 35 zu
4773 3104 159 48 töten.
4992 3103 156 48 Liebe

3699 3198 66 48 ist
3803 3196 221 49 Gewalt.

3638 3280 124 49 Die
3803 3279 253 54 Kleine
4094 3294 133 40 ganz
4265 3279 171 48 hinten
4474 3281 67 44 im
4579 3276 242 49 Zimmer:

3890 3368 223 48 Sterben
4152 3367 118 47 muß

3638 3454 133 47 Der
3802 3453 317 49 Gehilfe:

3699 3541 205 47 Vorbei.
3971 3539 101 56 Oh,
4109 3539 81 48 Du
4229 3539 348 48 unsterbliche
4617 3538 250 49 Geliebte.
4944 3533 206 51 Gewalt

3700 3627 67 47 ist
3807 3627 93 46 mir
3942 3627 80 47 die
4064 3625 172 48 Liebe.

3638 3798 139 48 Der
3826 3798 287 49 Gehilfe
4146 3798 177 49 wankt
4355 3812 84 34 um
4469 3799 84 49 die
4588 3796 154 51 Ecke.

3638 4001 90 47 Ein
3768 4000 170 49 Schuß

3638 4171 235 49 Mädel
3906 4175 67 45 im
4007 4173 241 49 Fenster:

3701 4258 185 49 Dieses
3939 4261 202 47 dumme
4192 4259 270 50 Schießen.
4528 4258 101 50 Mir
4676 4258 140 49 kann
4862 4258 98 48 'das
5009 4257 143 49 nicht

3702 4347 332 53 imponieren.
4094 4341 127 53 Wer
4247 4345 124 55 liegt
4399 4346 134 49 denn
4561 4346 64 48 da
4650 4348 65 47 im
4746 4343 284 50 Hausflur?

3639 4433 371 50 Pförtner:

3703 4520 104 49 Der
3847 4521 242 52 Direfktor
4125 4535 105 36 von
4269 4521 153 50 oben.
4494 4518 205 56 Schlag.

3640 4607 258 49 Mädel:

3702 4693 94 50 Bei
3836 4694 117 49 dem
3993 4709 113 34 war
4144 4694 81 49 ich
4265 4694 130 49 auch
4434 4693 118 50 sehr
4591 4693 207 50 beliebt.
4871 4690 105 50 Nur
5015 4693 136 47 beim

3703 4781 190 49 Zahlen
3927 4796 114 33 war
4077 4797 53 34 er
4167 4781 290 54 schwierig.

3640 4865 372 51 Pförtner:

3706 4953 109 49 Geh
3856 4957 133 46 nach
4025 4954 198 50 Hause.
4288 4954 85 49 Ich
4409 4968 120 40 mag
4571 4952 128 50 Dich
4737 4953 153 49 nicht.

3639 5038 262 49 Mädel:

3704 5124 334 56 Wenigstens
4080 5127 133 48 habe
4249 5126 82 50 ich
4371 5129 167 47 meine
4577 5124 168 55 Kette.
4815 5126 81 48 Ihr
4935 5124 217 49 Männer

3703 5212 128 50 habt
3873 5212 92 50 alle
4008 5212 185 50 keinen
4234 5212 128 50 Mut.

3639 5385 237 49 Mädel
3907 5389 197 54 springt
4141 5402 89 34 aus
4268 5388 115 48 dem
4419 5388 232 48 Fenster.

3641 5569 372 51 Pförtner:

3707 5657 111 49 Geh
3858 5659 135 48 nicht
4036 5659 123 48 über
4204 5659 92 49 das
4343 5659 278 49 Geländer!

3642 5742 261 53 Mädel:

3706 5831 86 49 loh
3817 5833 178 48 werde
4023 5835 132 47 mich
4183 5847 96 34 vor
4311 5835 116 47 dem
4457 5838 239 46 dummen
4725 5831 152 49 Eisen
4900 5831 253 49 fürchten»

3708 5918 84 48 Ich
3837 5919 146 54 gehe.

3642 6090 234 48 Mädel
3912 6094 107 45 tritt
4054 6092 125 48 über
4214 6092 89 47 das
4342 6090 274 49 Geländer.

3644 6259 260 52 Mädel:

3707 6349 171 51 Siehst
3915 6349 93 56 Du,
4042 6349 161 50 siehst
4230 6349 97 50 Du.
4389 6347 127 50 Man
4546 6349 120 49 muß
4702 6365 93 34 nur
4829 6349 168 56 gehen
5028 6349 95 50 kön-

3706 6449 114 34 nen.
3892 6436 149 48 Dann
4080 6435 122 54 geht
4242 6451 70 35 es.
4379 6437 118 50 Und
4533 6451 155 35 wenn
4725 6438 82 49 Du
4844 6437 133 48 mich
5018 6438 137 49 nicht

3707 6524 185 54 magst,
3961 6521 239 49 Pförtner
4262 6523 136 49 ohne
4448 6523 278 57 Schlüssel,
4793 6524 97 49 alle
4937 6524 219 48 Männer

3705 6614 205 44 warten
3950 6609 86 48 auf
4075 6609 149 49 mich.

3644 6692 370 51 Pförtner:

3707 6781 83 49 Ich
3823 6784 85 47 bin
3944 6785 77 45 ein
4058 6782 173 59 Mann,
4266 6786 416 55 Donnerwetter,
4715 6788 127 47 aber
