5446 7275
4958 6895 78 35 135

243 369 260 51 Mädel:

312 456 185 48 Davon
526 456 166 47 haben
723 455 84 49 Sie
834 455 182 48 nichts.
1073 456 253 54 Kommen
1358 454 85 49 Sie
1474 453 130 48 doch
1630 454 124 52 jetzt

312 544 79 44 ein
429 540 217 48 bißchen
685 542 104 45 mit.
861 539 239 50 Wohnen
1141 541 85 48 Sie
1266 539 159 48 weit?

247 631 43 47 D
314 646 69 32 er
420 628 316 50 Gehilfe:

312 715 183 47 Haben
541 713 85 49 Sie
674 711 193 49 Mitleid
922 714 89 46 mit
1055 714 223 46 meinem
1320 708 292 49 Professor.
1692 703 63 49 Er

312 799 119 54 geht
458 798 279 54 zugrunde.
794 797 154 48 Seine
971 797 177 48 Arbeit
1171 799 66 44 ist
1262 810 101 33 von
1392 793 243 49 höchster
1657 789 66 48 Be-

316 883 226 54 deutung
576 881 79 48 für
694 881 79 47 die
809 880 141 49 Welt

245 967 261 48 Mädel:

315 1051 84 47 Ich
444 1051 136 47 kann
619 1051 104 47 ihm
764 1051 130 48 doch
936 1051 136 47 nicht
1115 1053 141 45 seine
1300 1050 211 47 Blumen
1556 1044 200 49 kleben.

249 1135 137 48 Der
422 1134 318 50 Gehilfe:

309 1220 304 56 Empfinden
646 1222 87 47 Sie
763 1221 157 55 inicht,
939 1235 115 33 was
1087 1235 55 33 es
1159 1218 261 53 bedeutet,
1454 1229 103 33 von
1593 1215 166 47 einem

315 1305 212 47 solchen
567 1306 161 47 Mann
769 1307 188 53 geliebt
999 1320 62 33 zu
1101 1303 250 48 werden?

247 1389 55 48 M
324 1395 29 43 ä
376 1391 28 46 d
424 1405 25 33 e
470 1389 38 50 1:

315 1473 171 49 Wenn
530 1474 85 49 Sie
659 1476 82 47 ihn
788 1476 181 53 lieben,
1019 1474 140 55 bitte,
1201 1470 272 49 bedenken
1520 1468 84 49 Sie
1651 1467 107 49 sich

315 1558 153 48 nicht.
560 1560 85 47 Sie
709 1559 114 47 sind
884 1561 78 44 ein
1021 1555 255 49 hübscher
1340 1556 178 52 junger
1583 1552 175 48 Mann.

314 1641 232 50 Nehmen
575 1643 85 49 Sie
687 1642 133 48 mich
848 1644 103 45 mit.
1012 1640 84 50 Ich
1125 1639 135 48 kann
1288 1638 140 51 nicht
1456 1638 149 47 allein
1632 1639 125 47 sein.

316 1726 227 49 Deshalb
580 1727 131 47 habe
746 1726 78 47 ich
858 1739 58 34 so
949 1725 73 47 oft
1059 1723 74 48 als
1167 1723 131 51 Kind
1329 1725 241 52 geweint.

253 1809 127 49 Die
429 1810 254 53 Kleine
729 1809 83 48 auf
860 1809 88 49 der
995 1808 186 48 Straße
1230 1809 154 52 singt:

505 1896 175 46 Einem
720 1892 158 56 Stein,

506 1978 175 46 Einem
717 1978 141 47 Stein

253 2060 133 49 Der
386 2060 355 49 Gehilfe:

317 2146 168 47 Wenn
519 2146 83 49 Sie
637 2147 203 46 weinen
877 2146 242 46 könnten.
1190 2144 169 47 Wenn
1397 2143 80 48 ich
1512 2142 84 49 Sie
1633 2143 95 47 wei-

316 2243 99 32 nen
451 2229 218 48 machen
705 2230 206 48 könnte.
981 2228 84 49 Ich
1104 2229 198 55 glaube,
1341 2229 134 46 dann
1512 2226 133 48 wird
1679 2225 80 48 für

314 2316 201 45 meinen
568 2313 276 48 Professor
895 2314 133 47 noch
1083 2312 122 49 alles
1259 2316 105 53 gut.

254 2397 53 47 M
328 2398 64 47 äd
415 2413 25 33 e
460 2399 38 48 1:

315 2481 85 49 Ich
442 2482 104 49 will
586 2483 138 48 nicht
764 2484 219 46 weinen.
1060 2482 80 48 Da
1197 2483 117 48 muß
1371 2494 120 34 man
1537 2479 225 50 sterben.

254 2569 42 46 D
319 2582 25 33 e
367 2583 22 32 r
433 2568 175 48 Gehi
626 2570 15 47 1
658 2569 49 47 fe
746 2568 100 49 ruft
882 2568 204 48 hinaus:

379 2651 133 49 Herr
557 2652 302 50 Professor!
936 2652 134 48 Herr
1116 2652 301 49 Professor!

246 2733 1074 54 DergraueMannimGehrock
1342 2734 159 50 öffnet
1527 2732 79 51 die
1632 2733 127 48 Tür:

315 2818 138 49 Mein
489 2822 179 52 junger
704 2820 220 49 Freund.

254 2910 125 47 Die
425 2908 255 54 Kleine
728 2909 85 49 auf
862 2908 88 48 der
1001 2908 185 49 Straße
1234 2908 134 53 singt
1415 2903 341 57 gleichzeitig:

506 2993 85 48 Ich
632 2996 184 54 weine,
856 2992 120 48 weil
1013 2991 81 49 ich
1134 2991 210 49 sterben
1388 2989 133 48 muß.

252 3077 53 46 M
326 3079 28 44 ä
377 3079 29 45 d
426 3091 27 33 e
474 3078 38 49 1:

316 3163 105 48 Der
459 3163 163 48 kleine
658 3162 253 50 Christus.

253 3246 136 48 Der
429 3261 223 40 graue
691 3246 209 48 Mann
937 3249 84 45 im
1069 3244 358 51 Gehrock:

314 3332 226 49 Friedel!
601 3330 79 48 Du
709 3332 103 47 bist
841 3331 109 48 frei.
1014 3331 128 47 Was
1176 3330 86 50 hat
1294 3343 119 34 man
1444 3328 88 48 Dir
1565 3326 190 56 getan?

251 3414 57 49 M
327 3416 65 47 äd
413 3430 26 33 e
458 3416 39 49 1:

313 3501 91 47 Ein
448 3500 212 48 bischen
704 3499 211 55 gepufft,
960 3502 183 45 weiter
1188 3499 181 48 nichts.

253 3583 136 48 Der
428 3598 224 40 graue
691 3583 209 48 Mann
937 3587 86 45 im
1069 3582 359 50 Gehrock:

318 3669 123 47 Gott
470 3670 77 46 sei
574 3669 164 48 Dank.
798 3667 69 48 Es
892 3667 90 51 hat
1008 3666 108 49 sich
1147 3667 108 47 also
1289 3664 302 56 aufgeklärt.
1620 3664 141 49 Mein

316 3752 139 47 Herz
494 3753 148 53 sagte
680 3753 110 55 mir,
826 3751 80 49 Du
950 3750 142 50 mußt
1132 3748 304 56 unschuldig
1477 3751 125 46 sein.
1675 3748 86 49 Ich

316 3835 133 48 habe
496 3835 135 48 beim
679 3834 529 55 Polizeipräsidenten
1256 3836 136 46 mein
1440 3832 151 48 Wort
1640 3846 91 34 ver-

318 3918 212 55 pfändet

250 4001 59 49 M
328 4002 65 48 ad
414 4017 27 34 e
460 4003 39 48 1:

316 4086 161 48 Dafür
529 4087 134 54 gibts
708 4088 149 46 keine
904 4085 180 54 Kasse.
1164 4088 105 47 Der
1318 4087 199 53 August
1564 4087 66 48 ist
1679 4087 82 47 ein

315 4170 257 52 Kavalier.
626 4170 68 47 Er
719 4170 89 50 hat
839 4171 79 49 die
950 4170 260 49 Serviette
1238 4171 521 54 zurückgenommen.

252 4253 137 48 Der
428 4267 224 41 graue
690 4254 209 48 Mann
935 4258 86 46 im
1067 4254 360 50 Gehrock:

315 4337 170 49 Wenn
508 4338 81 48 ich
612 4340 51 45 in
688 4338 163 49 Deine
871 4338 189 49 blauen
1082 4339 181 54 Augen
1289 4338 147 49 sehe:
1465 4338 81 48 Du
1571 4337 188 50 kannst

315 4421 138 48 nicht
485 4421 214 51 stehlen.

253 4504 55 48 M
328 4505 66 48 äd
415 4520 27 33 e
459 4505 40 49 1:

317 4588 182 54 Herrje
540 4589 266 50 nochmal!
884 4591 70 47 Ist
1001 4591 64 47 da
1109 4604 115 34 was
1267 4590 119 48 bei?
1463 4589 172 49 Wenn
1679 4590 81 48 ich

318 4675 168 46 etwas
523 4674 243 56 brauche,
806 4689 114 34 was
961 4675 91 48 der
1094 4674 173 49 Andre
1312 4675 168 49 zuviel
1519 4674 104 51 hat.

252 4756 137 48 Der
428 4771 224 40 graue
691 4756 208 50 Mann
939 4762 83 45 im
1068 4758 360 49 Gehrock:

314 4840 80 48 Du
415 4841 187 52 kannst
623 4841 141 51 nicht
786 4842 214 50 stehlen.
1057 4841 252 49 Niemand
1331 4843 88 48 hat
1442 4843 183 50 zuviel.
1679 4843 80 49 Du

319 4923 186 51 denkst
538 4928 100 45 wie
674 4929 80 45 ein
789 4927 145 54 Kind.

252 5006 56 49 M
328 5008 65 48 äd
415 5023 25 33 e
460 5009 38 48 1:

317 5091 84 48 Ich
428 5092 132 48 habe
588 5095 94 45 mir
705 5096 184 46 immer
914 5109 324 43 genommen,
1266 5110 114 34 was
1408 5095 81 49 ich
1516 5095 242 50 brauche.

248 5174 142 49 Der
430 5190 222 39 graue
692 5176 208 50 Mann
936 5182 85 45 im
1068 5179 359 50 Gehrock:

317 5259 202 48 Friedelist
558 5263 169 45 —ist
771 5261 216 49 Denken
1034 5263 181 48 Irrtum
1265 5292 68 5 —
1378 5264 216 57 Friedel,
1643 5277 116 35 was

315 5343 246 50 brauchst
588 5343 117 50 Du?

251 5426 56 49 M
328 5427 64 48 äd
414 5442 27 33 e
460 5430 38 48 1:

316 5510 128 49 Was
472 5511 81 48 ich
584 5514 94 46 mir
711 5513 200 48 nehme.

251 5593 139 48 Der
429 5608 223 41 graue
693 5596 207 48 Mann
939 5599 83 46 im
1069 5598 357 51 Gehrock:

314 5678 216 57 Friedel,
557 5680 215 60 Friedel,
801 5682 188 47 kannst
1017 5682 80 47 Du
1125 5685 93 45 mir
1247 5684 135 48 nicht
1411 5684 161 49 Deine
1599 5684 157 51 Liebe

316 5764 181 53 geben.

249 5849 248 50 Mädel:

317 5933 171 47 Wenn
536 5935 77 47 Du
661 5939 74 44 sie
784 5936 220 47 nehmen
1051 5937 203 48 kannst.
1335 5934 158 50 Stiehl
1546 5940 72 45 sie
1668 5937 89 49 Dir

320 6017 145 56 doch,
504 6018 192 48 kleiner
737 6018 262 52 Christus!

253 6100 137 49 Der
429 6116 223 40 graue
691 6102 207 50 Mann
934 6108 86 46 im
1068 6104 358 50 Gehrock:

317 6185 83 48 Ich
425 6185 208 55 glaubte
660 6201 81 33 am
768 6187 141 50 Ende
933 6204 62 34 zu
1022 6191 126 46 sein.
1209 6188 83 49 Ich
1317 6189 83 47 bin
1431 6203 83 34 am
1543 6189 213 55 Anfang.

315 6270 196 50 Darum
545 6271 117 49 muß
695 6271 79 48 ich
809 6273 224 49 sterben.

252 6359 137 49 Der
424 6359 318 51 Gehilfe:

315 6444 133 48 Herr
486 6445 291 55 Professor,
820 6445 158 47 lieber
1017 6444 133 48 Herr
1191 6445 291 55 Professor,
1529 6457 55 34 es
1626 6442 132 50 wird

315 6529 131 48 noch
477 6530 125 48 alles
634 6534 102 50 gut.

252 6613 137 48 Der
428 6628 222 40 graue
689 6613 209 52 Mann
935 6616 85 47 im
1066 6613 359 50 Gehrock:

317 6697 83 48 Ich
426 6700 116 46 muß
569 6700 224 50 sterben,
851 6697 203 54 Sorgen
1082 6697 83 49 Sie
1194 6698 79 48 für
1301 6701 87 55 sie,
1416 6701 134 46 mein
1578 6700 178 51 junger

312 6782 220 49 Freund.

1887 363 135 49 Der
2059 362 316 50 Gehilfe:

1948 448 251 57 Fräulein,
2219 448 204 47 können
2448 445 84 49 Sie
2558 460 58 33 so
2640 445 114 47 hart
2782 446 123 54 sein,
2929 458 85 32 wo
3043 443 166 47 dieser
3232 440 161 49 Mann

1950 532 85 49 Sie
2064 531 156 48 liebt?

1886 628 58 49 M
1963 630 65 47 äd
2049 644 25 33 e
2095 632 37 46 1:

1951 713 214 47 Warum
2201 712 93 48 soll
2329 712 77 48 ich
2441 711 166 49 weich
2643 713 124 53 sein,
2802 724 153 34 wenn
2988 708 79 49 ich
3104 708 97 47 den
3233 707 160 47 Mann

1951 797 138 48 nicht
2115 796 145 48 liebe.
2325 797 79 47 Ich
2439 798 329 46 interessiere
2798 793 133 49 mich
2962 793 138 48 nicht
3128 793 77 47 für
3232 791 161 47 Leute

3181 848 5 11 t

1952 884 67 44 im
2047 881 256 48 Gehrock.
2359 882 128 47 Was
2514 884 65 47 ist
2605 880 90 47 das
2722 879 78 47 für
2830 881 80 45 ein
2938 877 226 49 Gehabe.
3225 876 169 47 Wenn

1951 981 54 33 er
2044 966 134 48 mich
2218 967 166 47 haben
2425 966 118 54 will,
2587 964 406 54 allonsangfang,
3035 963 122 46 aber
3202 976 51 32 er
3291 958 105 50 will

1953 1050 132 48 mich
2123 1053 47 51 ja
2204 1065 90 40 gar
2326 1050 137 48 nicht
2497 1050 183 47 haben.

1890 1134 136 47 Der
2066 1149 223 40 graue
2327 1134 209 48 Mann
2573 1139 84 45 im
2705 1130 359 51 Gehrock:

1952 1218 125 47 Man
2111 1218 136 48 kann
2279 1218 137 48 nicht
2452 1218 163 57 leben,
2653 1230 154 34 wenn
2842 1230 118 33 man
2994 1214 171 48 denkt.
3202 1214 194 48 Darum

1954 1301 116 47 muß
2104 1301 79 49 ich
2217 1302 224 48 sterben.
2509 1301 131 48 Gute
2672 1300 164 48 Nacht
2869 1299 214 48 Friedet

1891 1385 136 48 Der
2063 1385 316 49 Gehilfe:

1956 1468 84 48 Ich
2077 1470 166 48 bleibe
2277 1471 83 47 bei
2397 1469 170 47 Ihnen.

1890 1552 57 47 M
1966 1553 66 47 äd
2053 1567 25 33 e
2099 1555 37 47 1:

1956 1636 83 47 Ich
2074 1637 245 47 verstehe
2354 1637 181 48 nichts.
2606 1637 140 48 Oder
2786 1637 187 48 wollen
3010 1636 84 50 Sie
3130 1635 106 48 sich
3273 1636 93 46 mei-

1955 1723 277 51 netwegen
2282 1720 336 49 erschießen?

1892 1810 135 48 Der
2068 1824 223 40 graue
2329 1809 209 47 Mann
2577 1813 82 44 im
2706 1805 359 51 Gehrock:

1955 1892 81 48 Du
2064 1893 101 49 bist
2193 1892 317 54 unschuldig.
2569 1892 172 47 Meine
2770 1891 157 48 Liebe
2956 1892 66 45 ist
3052 1891 134 45 mein
3214 1887 152 55 Eigen-

1956 1980 122 52 tum,
2119 1977 91 47 das
2253 1976 78 48 Du
2369 1975 138 49 nicht
2544 1975 261 49 brauchen
2844 1975 200 46 kannst.

1888 2059 58 49 M
1967 2061 65 47 äd
2054 2075 25 33 e
2099 2063 38 46 1:

1957 2143 84 48 Ich
2077 2144 136 49 halte
2248 2145 140 47 diese
2424 2144 288 56 Redereien
2751 2141 137 50 nicht
2923 2156 105 34 aus.
3097 2140 83 49 Ich
3217 2140 180 49 werde

1955 2229 262 46 verrückt.
2297 2229 83 47 Ich
2426 2227 103 47 will
2576 2227 137 47 nicht
2761 2229 217 45 weinen.
3059 2225 85 49 Sie
3193 2226 205 47 können

1957 2314 95 45 mir
2088 2311 267 55 gestohlen
2389 2311 218 49 bleiben.

1892 2435 1089 57 DergraueMannimGehrock
3008 2435 256 54 verbeugt
3291 2434 107 48 sich

1956 2521 114 61 tief;
2111 2521 288 49 schwankt.

1894 2646 136 50 Der
2061 2647 292 49 Gehilfe
2381 2647 108 49 faßt
2515 2646 84 50 ihn
2629 2649 148 45 unter
2807 2647 96 47 den
2932 2646 123 47 Arm
3082 2645 103 48 und
3214 2643 185 55 drängt

1957 2731 84 48 ihn
2077 2732 133 49 sanft
2244 2747 90 33 zur
2366 2731 118 49 Tür.

1894 2858 138 48 Der
2066 2872 220 41 graue
2320 2858 206 48 Mann
2560 2860 83 45 im
2678 2855 335 51 Gehrock
3048 2853 230 57 stolpert,
3317 2855 79 47 die

1956 2941 180 55 Augen
2165 2942 182 48 stehen
2377 2941 102 49 ihm
2507 2944 68 45 im
2604 2940 228 56 Rücken,
2865 2956 52 33 er
2949 2939 199 54 schlägt
3175 2937 100 49 hin.

1894 3069 124 48 Die
2055 3068 256 55 Kleine
2346 3068 84 48 auf
2463 3068 90 48 der
2589 3066 209 50 Straße:

1956 3152 102 56 Sie,
2103 3151 158 50 sehen
2304 3153 87 48 Sie
2439 3151 130 48 doch
2611 3150 138 51 nicht
2794 3152 49 45 in
2889 3149 98 47 den
3031 3147 234 57 Himmel,
3311 3145 85 50 Sie

1955 3236 168 48 haben
2166 3239 94 45 mir
2298 3235 220 49 beinahe
2556 3234 418 55 umgeschubbst.

1891 3321 247 50 Mädel:

1955 3405 184 52 Komm
2179 3406 108 46 rein
2325 3405 190 55 Kleine.

1889 3537 126 47 Die
2056 3533 252 54 Kleine
2347 3533 198 48 kommt
2583 3530 133 56 bald,
2757 3527 213 52 schließt
3012 3526 92 49 die
3104 3526 93 49 Tür

1892 3661 58 48 M
1967 3661 67 48 äd
2054 3675 26 35 e
2099 3662 39 48 1:

1955 3745 115 48 Wie
2100 3745 137 51 heißt
2270 3744 116 49 Du?

1892 3830 127 47 Die
2047 3827 278 53 Kleine:

1955 3912 315 51 Mariechen.

1891 3996 57 49 M
1967 3997 65 48 äd
2054 4011 26 34 e
2098 3996 39 49 1:

1955 4080 216 48 Warum
2202 4082 162 52 singst
2398 4078 79 48 Du
2510 4081 179 46 immer
2723 4076 93 48 das
2851 4076 225 52 traurige
3107 4071 162 50 Lied?

1892 4165 80 48 Di
1992 4179 27 33 e
2046 4163 30 54 K
2106 4163 30 54 1
2166 4163 90 54 ein
2275 4178 50 33 e:

1956 4248 85 48 Ich
2071 4248 133 47 habe
2237 4249 116 46 kein
2387 4248 254 52 trauriges
2676 4244 126 49 Lied
2838 4255 279 44 gesungen.

1893 4332 55 48 M
1967 4332 66 48 äd
2053 4347 27 34 e
2098 4332 39 49 1:

1955 4416 131 49 Hast
2133 4415 80 49 Du
2262 4414 139 51 nicht
2446 4414 227 48 draußen
2722 4410 300 57 gesungen?

1893 4500 78 48 Di
1994 4515 26 33 e
2047 4499 30 54 K
2107 4499 30 54 1
2167 4499 89 54 ein
2276 4515 49 33 e:

1957 4583 84 48 Ich
2080 4586 143 51 singe
2263 4583 97 48 den
2397 4596 199 40 ganzen
2634 4581 125 55 Tag.

1894 4672 55 48 M
1967 4671 66 48 äd
2054 4686 25 33 e
2099 4672 38 48 1:

1957 4754 213 49 Warum
2215 4757 163 51 singst
2416 4752 106 49 Du:
2565 4751 84 49 Ich
2689 4752 182 54 weine,
2911 4747 119 48 weil
3066 4746 82 50 ich
3187 4744 210 49 sterben

1956 4839 154 49 muß?

1893 4923 78 48 Di
1993 4938 26 33 e
2046 4922 30 53 K
2106 4922 30 53 1
2166 4922 90 53 ein
2276 4936 49 34 e:

1955 5006 199 49 Weiter
2177 5007 137 47 kann
2337 5004 82 50 ich
2440 5006 116 47 kein
2578 5003 140 50 Lied.

1893 5090 57 48 M
1967 5091 65 47 äd
2053 5106 26 33 e
2099 5092 38 47 1:

1956 5174 99 47 Wo
2088 5174 116 48 hast
2238 5174 79 47 Du
2350 5173 91 48 das
2475 5171 234 56 gelernt?

1893 5258 126 48 Die
2045 5257 30 53 K
2105 5257 30 53 1
2165 5257 90 53 ein
2276 5272 49 34 e:

1956 5343 108 48 Alle
2102 5342 190 52 Kinder
2331 5343 177 53 singen
2547 5354 71 34 es.

1889 5427 260 49 Mädel:

1956 5510 107 49 Das
2104 5511 127 47 Lied
2275 5514 67 44 ist
2388 5509 246 54 Quatsch.
2714 5508 222 49 Sterben
2982 5506 144 48 auch.

1892 5596 77 47 Di
1993 5609 26 33 e
2047 5594 30 53 K
2107 5594 29 53 1
2166 5594 89 53 ein
2276 5610 49 34 e:

1958 5679 121 57 Nee,
2121 5694 54 35 es
2213 5683 64 45 ist
2315 5678 159 49 schon
2513 5677 205 62 richtig;
2765 5676 133 48 denn
2936 5674 95 50 alle
3064 5674 191 52 Kinder
3295 5674 76 47 sin-

1956 5778 98 40 gen
2088 5778 75 34 so.

1891 5847 56 48 M
1967 5848 65 47 äd
2053 5862 26 33 e
2099 5849 38 47 1:

1955 5931 111 48 Nun
2093 5932 93 47 hör
2214 5931 83 47 auf
2320 5934 89 46 mit
2440 5931 116 48 dem
2582 5929 216 49 Plärren
2826 5928 102 48 und
2955 5927 97 56 geh
3080 5926 133 49 nach
3236 5925 159 49 Haus.

1892 6017 126 47 Die
2046 6015 279 53 Kleine:

1954 6099 77 48 Da
2066 6104 210 44 müssen
2308 6099 84 50 Sie
2426 6102 93 45 mir
2551 6112 100 34 nen
2683 6097 222 49 Sechser
2936 6095 277 50 schenken.

1888 6184 260 49 Mädel:

1953 6268 118 48 Erst
2110 6269 167 48 haben
2313 6282 97 34 vor
2449 6267 224 49 Lachen.

1890 6352 78 48 Di
1991 6367 26 33 e
2044 6352 30 53 K
2104 6352 30 53 1
2164 6352 89 53 ein
2275 6367 48 35 e:

1955 6436 147 48 Dann
2132 6436 260 49 schenken
2424 6436 85 49 Sie
2540 6438 93 46 mir
2665 6436 98 48 den
2794 6436 144 54 Ring.

1889 6520 259 49 Mädel:

1955 6604 113 48 Den
2111 6606 136 47 kann
2286 6605 79 50 ich
2412 6608 88 48 Dir
2541 6607 138 49 nicht
2721 6607 180 54 geben.

1892 6688 78 48 Di
1993 6703 25 33 e
2045 6688 30 53 K
2105 6688 30 53 1
2165 6688 89 53 ein
2275 6705 50 34 e:

1955 6773 215 50 Warum
2212 6774 130 49 denn
2383 6774 174 49 nicht?

3523 357 260 47 Mädel:

3587 440 130 47 Weil
3759 440 80 47 ich
3882 440 82 48 ihn
4012 440 239 50 brauche.
4325 442 183 52 Komm
4551 442 99 47 mal
4699 442 83 47 auf
4823 439 203 50 meinen

3590 526 185 49 Schoß.

3526 617 125 48 Die
3683 616 252 51 Kleine
3967 617 221 44 umarmt
4223 616 96 45 sie:

3590 700 182 49 Haben
3798 699 85 49 Sie
3917 698 192 48 schöne
4139 698 147 46 blaue
4316 697 193 53 Augen.
4571 696 114 47 Wie
4718 695 93 48 ich.

3525 785 259 48 Mädel:

3591 869 110 48 Nun
3743 867 95 55 geh
3877 867 129 48 nach
4045 865 188 50 Hause,
4271 863 312 49 Mariechen.

3529 996 125 46 Die
3683 995 254 52 Kleine
3970 998 146 44 rennt
4145 989 193 50 schnell
4367 1004 88 32 zur
4483 988 117 56 Tür,
4633 987 156 49 öffnet
4821 992 91 44 sie.

3527 1120 259 49 Mädel:

3590 1205 102 48 Wo
3729 1208 66 46 ist
3836 1205 131 47 denn
4003 1207 166 44 meine
4207 1202 151 53 Kette

3529 1290 125 48 Die
3691 1289 254 52 Kleine
3982 1289 83 47 auf
4100 1288 90 47 der
4229 1285 206 49 Straße:

3594 1374 93 48 Die
3726 1375 132 47 kann
3899 1373 77 48 ich
4018 1376 87 51 gut
4145 1369 343 58 gebrauchen.

3531 1515 53 51 In
3620 1514 90 47 der
3748 1515 189 46 Ferne:

3781 1654 215 47 Warum
4028 1655 219 47 weinest
4275 1652 94 55 Du,

3783 1737 234 48 Weinest

3529 1822 259 48 Mädel:

3592 1905 325 49 Verfluchtes
3952 1906 129 47 Aas!
4120 1900 220 56 (Schreit
4376 1917 63 33 an
4472 1902 89 46 der
4594 1900 104 47 Tür
4732 1892 175 60 nach):
4944 1895 91 49 Dir

3595 1993 145 52 zeige
3772 1990 81 48 ich
3883 1991 82 46 bei
3998 1989 89 47 der
4125 1987 192 49 Polizei
4350 1989 89 46 an!

3531 2074 136 47 Der
3699 2073 278 54 Bürger
4010 2086 64 34 an
4109 2071 88 48 der
4229 2071 126 47 Tür:

3595 2158 215 47 Warum
3847 2172 57 33 so
3944 2157 281 54 aufgeregt,
4261 2154 221 49 schönes
4517 2151 165 57 Kind?

3529 2241 261 48 Mädel:

3593 2327 123 54 Ach,
3762 2328 132 45 mein
3939 2324 194 49 kleines
4177 2323 389 54 Geizhälschen,
4615 2334 118 35 man
4776 2320 85 47 hat
4905 2317 133 49 mich

3595 2410 217 49 stöhlen.

3534 2509 137 47 Der
3702 2509 300 54 Bürger:

3595 2592 129 49 Was
3756 2593 133 47 wird
3921 2606 117 33 man
4077 2593 87 46 Dir
4200 2590 161 48 schon
4396 2589 198 49 stehlen
4628 2589 219 47 können.

3531 2676 260 49 Mädel:

3595 2760 129 48 Was
3764 2760 80 48 Du
3882 2763 93 45 mir
4017 2759 231 55 schuldig
4286 2759 200 48 bleibst.
4560 2759 183 53 Komm
4786 2758 98 45 mal
4929 2753 107 49 rein

3596 2845 102 47 und
3736 2844 271 55 spendiere
4045 2858 129 33 was.

3532 2928 137 48 Der
3701 2928 300 55 Bürger:

3594 3012 80 47 Du
3708 3014 141 50 mußt
3879 3012 128 47 Dich
4039 3012 124 47 aber
4197 3012 83 47 auf
4313 3013 201 44 meinen
4547 3007 169 51 Schoß
4749 3011 193 45 setzen.

3530 3095 238 49 Mädel
3803 3101 221 44 umarmt
4059 3095 109 49 ihn:

3595 3178 87 50 Sei
3727 3179 114 58 lieb,
3888 3179 337 49 Dickerchen.
4304 3178 108 49 Alle
4456 3178 219 49 Männer
4722 3176 115 49 sind
4883 3176 153 47 heute

3595 3263 231 51 schlecht
3858 3278 63 33 zu
3954 3266 110 45 mir.

3531 3352 137 48 Der
3700 3351 300 54 Bürger:

3594 3436 174 47 Drück
3798 3435 138 47 nicht
3967 3449 58 33 so
4053 3435 133 46 mein
4219 3434 150 57 Herz,
4399 3431 81 48 ich
4508 3432 84 46 bin
4620 3432 50 45 in
4705 3429 88 48 der
4825 3429 119 53 Kur.

3529 3520 260 47 Mädel:

3595 3603 83 48 Ich
3711 3603 177 47 werde
3922 3601 128 49 Dich
4081 3602 101 47 mal
4216 3603 49 45 in
4303 3600 79 48 die
4414 3601 103 53 Kur
4550 3598 234 49 nehmen.

3529 3686 138 48 Der
3699 3686 299 55 Bürger:

3589 3770 122 49 Eine
3761 3770 359 53 barmherzige
4174 3770 300 48 Schwester
4524 3769 101 47 bist
4675 3767 81 47 Du
4807 3765 79 48 für
4940 3780 95 33 uns

3590 3854 235 51 Männer.

3529 3940 259 50 Mädel:

3592 4023 180 50 Warte
3800 4023 116 58 mal,
3949 4023 65 49 da
4045 4023 119 55 geht
4195 4025 166 47 meine
4392 4022 270 57 Freundin,
4694 4021 77 48 die
4803 4023 65 48 ist
4903 4018 132 50 auch

3592 4123 114 33 was
3743 4108 79 48 für
3855 4107 144 50 Dich.

3529 4191 139 48 Der
3709 4192 278 54 Bürger
4026 4191 100 49 ruft
4164 4191 154 48 nach:

3594 4276 84 47 Ich
3718 4276 131 48 habe
3890 4290 94 33 nur
4020 4277 80 47 bis
4139 4275 118 49 acht
4296 4274 122 50 Zeit.
4461 4273 218 58 Kellner,
4720 4273 315 49 Illustrierte.

3531 4359 137 48 Der
3709 4359 180 48 Herr
3933 4360 120 47 der
4101 4359 510 54 Tagespresse
4654 4358 131 51 sieht
4827 4358 84 48 auf
4955 4358 86 47 die.

3592 4443 121 48 Uhr.

3533 4526 137 48 Der
3712 4526 354 49 Zeichner
4108 4528 120 47 der
4270 4527 534 54 Tagespresse:

3593 4611 172 48 Schon
3799 4611 122 57 hier,
3954 4611 245 55 Kollege?

3529 4708 135 49 Der
3710 4710 178 49 Herr
3937 4713 120 46 der
4100 4710 533 56 Tagespresse:

3582 4794 140 52 .Was
3764 4795 92 49 soll
3901 4808 117 35 man
4068 4796 79 47 die
4191 4794 106 50 fünf
4340 4796 238 47 Stunden
4621 4793 257 57 anfangen
4951 4794 85 47 Ich

3595 4879 122 48 sehe
3763 4879 78 49 die
3887 4879 191 49 Presse
4125 4880 175 51 durch.
4376 4881 85 48 Sie
4507 4879 164 55 gehen
4721 4879 139 48 wohl
4903 4876 132 50 nach

3593 4963 212 49 Hause?

3530 5045 138 49 Der
3710 5047 354 49 Zeichner
4105 5050 121 46 der
4269 5050 533 53 Tagespresse:

3593 5131 170 48 Meine
3802 5133 132 48 Frau
3970 5132 172 48 macht
4184 5133 151 47 heute
4375 5134 146 46 einen
4559 5131 221 54 Besuch,
4823 5132 96 46 den
4959 5131 77 47 sie

3594 5215 160 48 schon
3791 5216 168 54 längst
3996 5216 230 55 schuldig
4264 5231 126 33 war.
4464 5216 85 48 Sie
4586 5216 193 48 konnte
4821 5216 83 47 ihn
4942 5228 64 34 un-

3592 5299 221 55 möglich
3843 5301 177 53 länger
4052 5300 344 48 aufschieben.

3529 5397 134 49 Der
3709 5398 179 50 Herr
3937 5400 120 48 der
4099 5399 534 55 Tagespresse:

3594 5482 181 49 Haben
3819 5482 85 49 Sie
3950 5483 79 48 die
4080 5482 356 55 Zeichnungen
4479 5482 187 55 fertig?

3529 5572 138 47 Der
3708 5570 356 49 Zeichner
4103 5570 122 48 der
4267 5569 533 53 Tagespresse:

3593 5655 139 49 Alles
3775 5653 315 56 abgeliefert.

3529 5741 134 48 Der
3709 5741 178 49 Herr
3937 5741 118 47 der
4099 5739 534 54 Tagespresse:

3594 5824 173 49 Hören
3805 5824 84 49 Sie
3926 5823 117 56 mal,
4078 5822 228 57 Kollege,
4343 5822 66 47 da
4448 5823 84 49 Sie
4568 5821 152 48 heute
4758 5819 179 49 Abend
4974 5832 59 34 so

3591 5910 100 46 fein
3731 5908 106 50 Zeit
3871 5908 182 55 haben,
4088 5907 80 48 ich
4203 5906 131 48 habe
4368 5906 374 47 verschiedene
4776 5903 255 48 Nachrufe

3591 5995 152 53 fertig
3792 5993 79 47 für
3924 5991 489 56 Persönlichkeiten,
4469 5990 77 48 die
4605 5987 427 50 voraussichtlich

3594 6077 301 48 demnächst
3918 6076 213 48 sterben
4158 6076 229 46 werden.
4446 6074 83 48 Ich
4560 6073 177 48 werde
4767 6071 153 48 Ihnen
4952 6072 80 46 die

3592 6162 120 53 Tips
3749 6161 164 54 geben
3948 6160 102 47 und
4083 6160 84 48 Sie
4202 6160 204 47 können
4444 6159 79 47 die
4557 6155 474 49 Persönlichkeiten

3594 6247 133 46 dann
3758 6244 152 49 heute
3949 6243 162 55 gleich
4149 6243 349 48 umzeichnen.

3529 6343 137 48 Der
3709 6342 355 48 Zeichner
4103 6342 122 48 der
4268 6342 532 53 Tagespresse:

3592 6426 225 56 Kollege,
3855 6426 84 49 Sie
3976 6426 215 48 werden
4228 6425 134 49 mich
4395 6424 137 49 nicht
4567 6424 93 48 los.
4725 6420 165 49 Heute
4930 6419 103 50 will

3591 6511 80 49 ich
3707 6511 131 47 mich
3876 6511 89 47 der
3999 6510 278 49 Schönheit
4313 6508 239 49 widmen.

3526 6596 135 48 Der
3706 6596 179 49 Herr
3934 6599 120 47 der
4097 6596 533 54 Tagespresse:

3590 6683 92 47 Die
3717 6679 279 50 Schönheit
4029 6681 130 48 wird
4193 6694 55 34 es
4281 6677 295 55 vorziehen,
4611 6676 309 48 schmeichle
4955 6676 81 47 ich

3592 6769 109 54 mir,
3729 6766 105 48 sich
3866 6766 89 48 der
3982 6765 165 48 Feder
4175 6768 123 44 statt
4328 6763 90 48 des
4446 6761 202 50 Pinsels
4676 6777 62 33 zu
4765 6762 150 49 bedn
4937 6773 98 36 len.
