3154 4429
2907 138 49 44 31

250 190 94 42 One
403 190 70 43 last
534 192 111 43 word
695 211 53 25 on
802 194 68 43 the
922 195 163 45 Present

188 249 188 43 Theatre.

249 309 205 54 Although
484 311 29 40 it
558 311 31 41 is
620 310 69 43 but
736 311 66 44 the
838 313 77 43 lees
946 313 42 43 of
1019 313 66 44 the

188 369 103 42 wine
322 368 41 43 of
395 387 70 24 our
495 369 66 44 old
598 369 184 51 Theatre,
824 373 75 43 still
929 375 39 41 in
1000 374 82 42 that

188 427 68 43 old
285 428 169 42 Theatre
501 428 14 43 I
548 446 81 25 was
669 431 159 45 cradled
864 458 60 6 —
955 435 78 41 and
1067 433 14 43 I

188 504 64 25 am
283 487 157 54 helping
470 499 41 31 to
548 506 111 26 nurse
690 508 23 24 a
759 492 107 43 New
896 492 184 43 Theatre.

188 546 34 42 If
252 546 66 42 the
350 547 104 43 New
476 548 232 44 Movement
731 551 95 42 does
858 564 67 30 not
947 553 134 52 regard

188 605 284 56 affectionately
524 626 160 37 ....very
734 611 346 55 affectionately....

187 665 82 41 that
301 665 67 45 old
401 666 159 50 theatre,
609 668 14 42 I
655 669 96 42 shall
783 670 50 42 be
863 688 104 37 sorry
1000 671 82 42 that

189 724 14 42 I
250 742 93 25 ever
388 727 139 42 nursed
576 727 65 43 the
687 746 90 25 new
812 747 88 26 one.
963 731 118 43 What

186 800 81 26 was
299 785 102 53 good
431 788 39 40 in
501 786 66 42 the
598 787 67 42 old
697 789 173 43 Theatre
903 802 96 31 must
1031 791 51 42 be

186 844 218 53 preserved,
467 845 78 42 and
598 847 108 42 those
758 847 42 43 of
851 849 66 42 the
977 850 105 43 New

187 903 234 43 Movement
453 917 98 30 must
574 917 59 42 try
655 919 40 30 to
724 906 104 44 learn
848 908 107 43 what
972 910 110 42 those

186 962 95 42 dear
312 965 163 41 remains
511 964 148 55 signify.
722 966 131 43 There
884 969 30 41 is
954 986 99 25 some-

186 1021 107 54 thing
344 1023 105 53 good
510 1025 40 41 in
611 1043 118 36 every
789 1026 173 44 Theatre
1021 1054 59 7 —

185 1082 228 54 something,
447 1094 68 32 not
545 1086 238 53 everything.
847 1087 62 53 By
939 1105 118 38 accep-

186 1143 78 51 ting
309 1160 41 23 as
396 1143 131 53 gospel
575 1143 49 43 all
671 1145 66 42 the
788 1145 67 43 old
906 1147 174 43 Theatre

184 1200 83 43 said
299 1201 78 42 and
425 1202 81 49 did,
553 1203 95 55 (and
679 1204 51 43 all
769 1206 28 41 it
844 1207 163 42 omitted
1040 1219 40 31 to

183 1277 69 36 say
283 1261 78 42 and
407 1261 87 57 do),
542 1280 63 25 we
651 1263 102 43 have
798 1266 169 42 reached
1014 1266 66 44 the

184 1331 153 43 present
369 1320 246 45 unfortunate
644 1325 193 42 situation.

246 1380 34 41 If
311 1380 64 43 the
423 1380 14 24 n
463 1381 158 43 Motion
654 1383 157 43 Picture
833 1383 44 51 V
911 1402 41 25 as
988 1387 27 41 it
1048 1388 31 40 is

184 1437 138 50 called,
355 1441 29 40 is
404 1439 142 55 closing
567 1459 70 25 our
657 1442 165 44 theatres
849 1444 79 42 and
951 1444 128 56 taking

182 1515 117 37 away
329 1499 229 54 performers
602 1501 99 44 from
741 1503 66 42 the
853 1503 222 49 theatres,...

183 1557 78 43 and
313 1576 78 36 you
443 1559 102 44 have
597 1561 92 55 only
749 1574 41 31 to
845 1564 116 54 study
1012 1566 66 41 the

182 1618 218 43 American
446 1620 199 43 theatrical
690 1623 169 52 journals
904 1634 40 32 to
986 1635 91 32 note

182 1677 75 42 this
302 1677 98 44 slow
431 1679 68 42 but
544 1680 138 55 steady
721 1681 217 55 leakage....
986 1685 29 41 it
1045 1686 32 40 is

182 1736 80 42 due
293 1748 41 31 to
363 1756 108 25 some
501 1739 200 44 weakness
731 1743 38 41 in
816 1743 66 42 the
913 1743 161 44 theatre.

183 1796 123 43 Good
338 1797 93 44 then
463 1798 81 43 that
581 1817 69 25 our
680 1800 68 43 old
793 1813 105 43 stage
938 1802 139 44 should

182 1874 87 36 pass
300 1874 128 37 away.
492 1859 88 42 Our
616 1877 89 25 new
750 1872 105 43 stage
900 1864 31 40 is
976 1863 101 43 alive

182 1933 101 26 even
315 1916 29 43 if
375 1935 93 36 very
497 1936 143 36 young.

243 1975 14 43 I
290 1994 96 36 pray
417 1978 83 42 that
531 1995 62 25 we
624 1979 97 43 shall
767 1992 68 31 not
866 1983 47 40 sit
954 1981 121 44 down

181 2034 77 43 like
289 2036 111 43 those
446 2039 181 52 previous
673 2050 40 32 to
760 2041 74 41 this
878 2058 82 26 war
996 2042 79 42 and

181 2095 236 55 pooh-pooh
449 2097 66 43 the
560 2098 90 43 idea
696 2098 83 44 that
825 2101 184 54 anything
1045 2103 30 41 is

181 2171 134 38 wrong
344 2157 40 41 in
430 2157 66 42 the
532 2157 162 44 theatre.
758 2160 75 42 Let
864 2178 44 26 us
938 2161 137 43 realize

180 2215 109 41 what
320 2217 30 39 is
381 2233 135 36 wrong
551 2217 80 42 and
664 2218 83 42 that
777 2237 64 25 we
872 2221 102 41 have
1005 2232 68 31 not

179 2274 164 42 another
388 2276 146 41 minute
581 2288 40 31 to
651 2276 81 44 lose
777 2280 39 41 in
864 2281 151 52 putting
1045 2281 29 41 it

180 2333 112 54 right.

243 2393 14 24 n
287 2393 101 43 And
449 2394 95 54 why
595 2395 109 44 don't
764 2415 80 36 you
906 2416 169 37 propose

179 2453 216 54 something
446 2456 182 52 practical
644 2460 19 38 ?
694 2455 15 25 H
761 2475 184 26 someone
997 2458 79 44 will

179 2512 81 44 ask.
325 2514 75 42 Let
421 2531 62 25 me
504 2532 149 25 answer
673 2516 97 43 with
791 2517 97 53 jean
910 2519 166 53 Jacques

179 2573 202 42 Rousseau
412 2574 132 42 where
576 2575 50 42 he
656 2594 98 36 says,
798 2577 14 24 5?
836 2576 66 43 All
934 2578 141 54 people

178 2650 65 24 are
275 2632 145 55 always
441 2634 129 54 telling
602 2653 62 24 me
685 2647 40 31 to
758 2636 113 43 make
892 2638 184 53 practical

178 2695 234 50 suggestions
429 2693 15 24 n
464 2712 10 30 ;
516 2697 79 40 and
628 2695 50 42 he
715 2713 90 36 goes
837 2715 52 25 on
920 2709 41 31 to
992 2716 81 37 say,

179 2751 14 24 55
219 2752 94 43 You
345 2753 118 53 might
494 2772 42 24 as
566 2754 89 43 well
677 2756 64 41 tell
774 2775 61 23 me
857 2768 39 31 to
927 2770 148 41 suggest

177 2829 101 25 once
323 2830 107 25 more
475 2814 108 42 what
619 2815 142 54 people
806 2834 65 25 are
916 2818 159 54 already

178 2871 131 54 doing,
342 2890 44 24 or
416 2883 41 31 at
487 2873 95 43 least
612 2886 41 31 to
684 2887 147 43 suggest
877 2878 174 53 improve-

177 2943 124 30 ments
330 2932 131 42 which
483 2951 90 36 may
604 2934 50 43 be
675 2937 272 53 incorporated
978 2938 97 43 with

177 2991 66 42 the
274 3008 135 36 wrong
431 2994 181 43 methods
642 3006 38 30 at
703 3008 150 41 present
875 2998 40 41 in
945 3015 129 26 use....

176 3051 40 41 in
238 3050 82 43 that
342 3069 90 37 way
453 3053 66 42 the
541 3054 104 53 good
668 3055 181 43 becomes
865 3058 208 54 corrupted

176 3110 79 42 and
287 3111 67 42 the
376 3111 79 43 bad
477 3114 29 41 is
528 3131 102 25 none
652 3114 66 44 the
740 3115 124 43 better
896 3116 59 43 for
985 3119 29 41 it
1037 3119 14 24 !!
1061 3152 7 7 .

177 3169 102 42 And
311 3171 50 42 he
392 3171 99 44 adds
537 3173 72 42 still
642 3173 157 51 further,
852 3176 15 24 n
891 3177 13 41 I
937 3177 135 44 would

176 3229 128 43 rather
351 3230 135 44 follow
531 3233 153 55 exactly
730 3235 66 42 the
841 3236 232 44 established

176 3289 179 43 methods
400 3291 94 42 than
525 3294 123 53 adopt
684 3312 24 24 a
754 3295 126 43 better
911 3298 162 43 method

176 3349 55 55 by
262 3349 168 44 halves
454 3351 14 24 H
473 3385 9 9 .

236 3410 39 42 R
289 3410 66 54 ght
374 3415 9 38 I
416 3412 78 43 and
527 3429 63 26 we
610 3425 100 31 must
737 3414 103 44 have
870 3427 81 32 two
983 3435 90 25 new

174 3468 192 44 Theatres
396 3497 58 5 —
486 3488 62 26 we
580 3485 142 31 cannot
769 3476 119 53 patch
920 3495 53 37 up
1007 3478 64 42 the

174 3529 68 43 old
273 3547 89 26 one.
428 3530 76 56 My
536 3533 193 54 proposal,
762 3535 104 49 then,
916 3539 30 40 is
988 3538 83 42 that

173 3607 64 26 we
268 3589 91 54 plan
407 3589 59 45 for
513 3592 66 43 the
625 3612 88 34 ages
758 3606 42 31 to
831 3614 113 25 come
990 3608 81 33 two

173 3649 191 43 Theatres
395 3676 59 6 —
487 3669 23 24 a
541 3652 177 45 Durable
742 3655 173 44 Theatre
946 3658 80 42 and
1047 3676 24 25 a

172 3709 227 44 Perishable
431 3711 187 46 Theatre.

232 3770 102 43 And
365 3775 281 52 remembering
687 3775 238 44 Leonardo's
970 3794 75 26 war-

171 3830 92 53 ning
294 3841 40 32 to
367 3830 16 25 n
403 3831 100 44 shun
534 3833 110 43 those
674 3836 144 43 studies
863 3838 39 42 in
938 3837 132 43 which

171 3889 66 42 the
268 3890 112 43 work
427 3892 82 43 that
556 3893 132 44 results
731 3895 83 44 dies
860 3897 97 42 with
1003 3898 67 42 the

169 3948 154 45 worker
345 3951 14 24 H
365 3984 9 15 ,
407 3950 52 44 let
490 3970 43 26 us
555 3953 113 43 make
690 3972 53 37 up
774 3973 71 26 our
875 3957 126 43 minds
1029 3970 41 31 to

169 4010 113 42 show
327 4028 165 37 courage
539 4015 78 43 and
666 4015 120 55 reply,
852 4017 15 24 11
891 4017 84 43 Not
1011 4036 56 26 so.

169 4069 180 44 Proceed
395 4072 96 43 with
532 4091 78 38 any
654 4076 117 54 study
817 4076 131 44 which
989 4095 79 37 you

168 4128 91 46 love
289 4130 79 44 and
400 4131 214 46 determine
645 4146 41 33 to
718 4135 113 45 make
863 4137 66 44 the
959 4137 111 44 work

1131 198 83 44 that
1244 200 132 44 results
1407 202 148 43 endure
1591 201 77 44 and
1699 202 145 45 outlive
1875 221 154 26 aeons

1130 258 42 43 of
1203 259 128 56 decay

1625 322 106 43 1915
1765 321 201 45 Florence.

1198 454 14 31 I
1239 453 97 32 wish
1372 457 39 30 to
1447 454 74 33 call
1557 455 68 33 the
1658 457 188 32 attention
1884 458 43 32 of
1958 458 67 33 the

1129 497 207 33 financiers
1358 499 88 33 who
1465 499 77 33 like
1559 506 38 26 to
1622 501 123 40 spend
1760 503 101 31 their
1885 513 139 31 money

1128 542 167 41 lavishly
1311 553 49 23 on
1398 544 159 33 modern
1592 546 255 40 Theatricals,
1884 552 40 28 to
1958 548 65 33 the

1127 597 164 31 passage
1329 588 191 42 referring
1564 594 42 28 to
1644 591 66 32 the
1755 593 146 32 wasted
1947 597 77 29 two

1128 632 148 33 million
1301 634 164 39 pounds,
1493 637 78 39 (ten
1597 626 160 42 million*
1763 637 156 41 dollars)
1946 638 77 33 and

1127 680 40 29 to
1191 677 74 40 beg
1298 678 105 32 them
1439 684 38 27 to
1513 680 178 32 consider
1725 682 176 33 whether
1931 687 91 37 they

1127 722 127 32 would
1289 727 68 28 not
1391 724 128 40 prefer
1544 729 47 29 .to
1616 725 100 33 have
1750 726 101 33 their
1886 737 135 25 names

1127 767 211 40 preserved
1362 768 38 32 in
1425 779 106 23 more
1556 770 159 33 durable
1740 772 188 34 material.

1195 812 88 32 And
1309 813 15 31 I
1349 813 97 33 wish
1482 818 39 29 to
1558 815 75 32 call
1667 816 67 31 the
1769 818 188 33 attention
1983 817 43 33 of

1127 856 50 32 all
1202 857 218 40 legislators
1456 863 38 29 to
1519 859 66 33 the
1620 861 125 31 whole
1781 863 238 38 question....

1172 901 106 33 Shall
1301 903 109 33 there
1434 903 46 33 be
1503 909 118 27 waste
1645 915 43 22 or
1713 910 216 38 economy?

1195 947 192 40 Lastly....
1416 950 139 39 Forget
1579 950 103 32 what
1710 952 13 30 I
1751 951 100 32 have
1875 953 143 33 said....

1128 1000 87 32 may
1231 992 48 33 be
1341 992 28 33 it
1385 1003 79 23 was
1483 994 163 39 nothing
1663 995 66 33 but
1747 1006 22 22 a
1786 996 132 34 dream

1433 1062 106 23 THE
1585 1062 102 25 END
1703 1079 6 9 .

1332 1481 487 79 ASIA

1332 1580 489 69 AMERICA

1334 1666 480 61 EUROPE.

1127 1808 66 95 IN
1226 1801 66 42 the
1324 1802 157 54 preface
1529 1814 41 32 to
1611 1822 22 24 a
1681 1809 237 51 companion
1950 1826 48 25 vo-

1189 1861 102 42 lume
1323 1872 40 32 to
1396 1862 73 43 this
1535 1863 141 45 Dance
1708 1865 41 42 of
1780 1865 97 45 Siva
1948 1868 73 45 Dr.

1124 1922 348 54 Coomaraswamy
1502 1923 123 55 spoke
1663 1924 42 44 of
1751 1943 62 26 me
1859 1945 41 24 as
1947 1947 75 24 one

1124 1981 14 25 n
1161 1980 93 43 who
1285 1981 256 44 understands
1571 2002 43 24 so
1660 1985 87 43 well
1793 1986 67 43 the
1905 1988 117 44 noble

1121 2041 229 54 artificiality
1380 2042 43 42 of
1454 2043 137 43 Indian
1637 2044 189 44 dramatic
1871 2048 127 43 techni-

1121 2119 77 36 que
1284 2102 80 41 and
1395 2103 237 49 mentioned,
1666 2108 161 51 quoting
1861 2119 87 42 part
1980 2108 42 43 of

1120 2180 23 24 a
1174 2161 110 42 letter
1315 2161 82 43 that
1430 2162 14 42 I
1477 2162 79 43 had
1586 2166 153 41 written
1760 2177 40 31 to
1822 2166 92 49 him,
1937 2167 82 44 that

1120 2222 15 41 I
1167 2220 80 42 had
1280 2220 15 24 n
1317 2220 219 56 frequently
1567 2223 119 44 asked
1717 2225 60 42 for
1807 2243 108 25 more
1947 2227 47 43 de-

1119 2279 120 43 tailed
1270 2279 249 45 information
1538 2281 14 24 R
1585 2300 52 25 on
1669 2284 65 41 the
1764 2285 162 53 subject.

1179 2340 100 42 This
1310 2351 99 31 must
1439 2352 67 30 not
1538 2341 52 42 be
1621 2344 310 44 misunderstood
1963 2346 54 55 by

1122 2399 109 43 those
1263 2399 78 43 few
1372 2401 105 52 good
1495 2401 170 44 workers
1686 2402 113 56 along
1820 2422 66 36 my
1907 2406 108 54 path.

1120 2460 101 42 And
1250 2477 43 23 so
1325 2459 82 43 that
1437 2460 98 43 their
1565 2464 188 42 attention
1783 2464 96 43 shall
1910 2467 50 42 be
1982 2468 39 41 in

1121 2536 52 25 no
1204 2536 92 37 way
1326 2521 189 42 attracted
1547 2539 115 37 away
1693 2523 99 43 from
1825 2524 66 44 the
1911 2526 110 43 work

1121 2597 62 25 we
1215 2579 102 43 have
1361 2581 40 41 in
1440 2580 108 43 hand
1593 2582 14 42 I
1656 2582 102 44 have
1798 2584 163 55 thought
1992 2588 29 41 it

1121 2641 92 40 time
1244 2650 41 31 to
1316 2650 84 32 turn
1432 2651 41 32 to
1505 2641 107 43 India
1643 2643 79 42 and
1760 2662 68 36 say
1860 2663 23 24 a
1915 2646 105 54 thing

1122 2699 14 42 I
1169 2699 102 43 have
1302 2699 59 42 for
1391 2699 90 55 long
1511 2702 159 42 wanted
1711 2714 41 31 to
1782 2723 81 36 say.
1927 2705 93 44 You

1121 2770 98 32 must
1251 2770 66 31 not
1350 2759 50 42 be
1430 2771 68 32 too
1534 2762 143 42 critical
1724 2764 96 43 with
1851 2784 75 30 me,
1960 2766 60 43 for

1123 2819 13 42 I
1169 2819 123 42 admit
1340 2819 83 43 that
1455 2820 59 43 for
1560 2840 75 30 me,
1667 2822 79 43 and
1780 2824 13 42 I
1827 2825 79 43 will
1936 2827 82 44 add

1121 2879 59 42 for
1209 2897 92 36 you,
1334 2879 66 42 the
1431 2881 147 54 subject
1609 2884 31 40 is
1683 2895 163 43 strange.

1161 2938 86 44 Full
1279 2939 148 43 fathom
1459 2940 76 43 five
1567 2959 65 37 my
1663 2942 125 44 father
1818 2944 79 50 lies,

1181 2999 61 42 Of
1272 2999 57 42 his
1360 3000 122 43 bones
1513 3018 65 25 are
1609 3003 103 42 coral
1744 3006 116 43 made
1877 3024 10 30 ;

1119 3059 135 43 Those
1286 3076 64 25 are
1380 3060 123 54 pearls
1534 3061 82 43 that
1647 3080 105 26 were
1783 3065 56 42 his
1870 3084 103 36 eyes,

1180 3119 176 54 Nothing
1388 3119 41 43 of
1460 3121 80 42 him
1573 3121 81 44 that
1686 3123 99 44 doth
1817 3125 103 50 fade,

1179 3179 77 43 But
1287 3180 99 42 doth
1416 3180 115 43 suffer
1561 3199 24 25 a
1615 3183 235 55 sea-change

1178 3246 83 36 Into
1291 3239 215 55 something
1536 3241 84 44 rich
1651 3243 79 43 and
1760 3256 150 44 strange
1927 3265 9 25 :

1118 3298 270 55 Sea-nymphs
1419 3300 138 55 hourly
1588 3304 83 53 ring
1701 3304 58 42 his
1791 3304 115 46 knell.

1298 3359 233 56 Ding-dong
1563 3362 134 45 bell....
1724 3364 15 25 n

1179 3419 44 42 A
1254 3431 148 43 strange
1433 3420 66 44 life
1530 3432 41 32 to
1602 3422 76 44 live
1708 3425 39 41 in
1779 3443 23 24 a
1823 3443 90 26 new
1937 3426 60 43 ele-

1118 3490 118 38 ment,
1268 3479 91 55 long
1390 3481 78 43 and
1498 3493 149 44 strange
1678 3484 135 44 before
1844 3486 66 42 the
1931 3504 66 26 sen-

1115 3558 59 24 ses
1205 3557 75 25 can
1327 3541 93 41 bear
1460 3552 41 32 to
1532 3560 68 37 say
1632 3546 111 52 again
1817 3546 14 41 I
1865 3546 151 45 hear....

1118 3599 13 42 I
1164 3617 125 26 see....
1338 3600 13 43 I
1400 3600 91 45 feel.
1513 3601 16 26 n
1609 3610 108 36 Even
1748 3605 270 55 Shakespeare

1116 3659 95 44 does
1243 3671 67 31 not
1341 3671 108 33 enter
1479 3661 66 43 the
1581 3674 122 32 water
1733 3666 80 42 and
1844 3668 111 41 write
1976 3667 42 44 of

1117 3720 66 42 the
1212 3719 110 44 silent
1354 3720 64 43 life
1451 3721 169 45 beneath
1652 3723 49 43 all
1738 3725 67 43 the
1835 3737 182 45 tempests

1116 3779 78 44 and
1227 3780 66 43 the
1324 3780 177 45 derelicts
1531 3782 169 56 drifting.

1178 3840 76 43 But
1286 3841 66 42 the
1384 3841 65 43 life
1479 3843 132 43 which
1632 3847 81 40 stirs
1735 3855 41 33 to
1796 3848 198 43 conscious-

1116 3918 84 24 ness
1231 3902 112 52 again
1374 3902 125 42 under
1529 3904 65 42 the
1626 3904 161 55 deepest
1818 3918 138 32 waters
1986 3909 30 42 is

1116 3971 67 32 not
1216 3972 167 43 stranger
1435 3963 94 42 than
1577 3963 83 44 that
1705 3965 199 45 unknown
1950 3968 65 43 life

1116 4020 123 43 about
1271 4021 131 44 which
1433 4040 63 26 we
1527 4041 65 26 are
1622 4043 44 24 so
1697 4028 219 44 curious....
1950 4029 66 43 life

1115 4081 40 42 in
1186 4080 68 44 the
1285 4082 108 42 East.

1174 4140 66 44 To
1273 4141 75 44 feel
1379 4144 39 41 in
1449 4144 28 42 it
1509 4161 63 26 we
1611 4156 99 33 must
1757 4145 51 44 be
1853 4146 43 44 of
1926 4149 87 48 it...,

2074 221 52 26 no
2157 205 111 44 other
2299 224 103 37 way.
2466 207 15 44 I
2514 208 117 45 know
2662 227 52 27 no
2748 214 218 52 separation

2072 265 95 42 such
2197 284 42 24 as
2314 266 94 44 East
2449 268 30 42 is
2526 268 94 43 East
2664 270 79 43 and
2789 273 116 43 West
2935 275 31 41 is

2074 322 114 45 West
2210 327 78 43 and
2321 344 117 26 never
2468 327 67 43 the
2559 330 117 41 twain
2696 329 96 44 shall
2814 344 100 31 meet
2932 332 17 25 n
2952 366 11 15 ,

2072 383 59 43 for
2162 402 52 25 on
2245 385 66 43 the
2342 386 80 55 day
2453 386 83 44 that
2568 388 14 42 I
2615 388 146 43 choose
2792 402 41 31 to
2853 409 84 26 wan-

2071 442 70 43 der
2171 443 57 42 far
2258 444 128 50 afield,
2425 446 50 43 be
2505 448 29 41 it
2581 457 41 32 to
2662 449 67 42 the
2775 467 118 26 moon
2923 468 44 26 or

2069 503 81 41 into
2182 503 66 43 the
2280 504 98 44 beds
2413 505 42 43 of
2475 506 154 50 Ocean,
2654 508 14 42 I
2691 526 90 37 may
2801 509 55 43 do
2876 527 88 27 so...

2069 562 79 42 and
2179 581 42 24 so
2268 564 93 48 also,
2395 564 14 43 I
2451 583 91 37 may
2588 584 49 35 go
2675 578 41 32 to
2759 569 65 43 the
2870 570 96 42 East

2070 621 79 44 and
2182 622 171 44 become
2398 623 44 43 of
2486 626 28 42 it
2565 641 77 39 any
2693 628 80 53 day
2803 628 13 43 1
2846 630 117 43 wish.

2068 680 91 44 You
2193 693 81 33 too.
2338 683 78 43 But
2462 702 100 25 even
2608 704 41 25 as
2694 687 109 43 there
2843 689 31 42 is
2912 705 53 27 no

2067 743 193 53 returning
2275 742 60 43 for
2352 761 21 24 a
2389 754 83 32 true
2487 744 119 50 lover,
2616 745 51 43 be
2689 746 65 43 the
2770 748 110 54 pains
2900 747 66 44 the

2067 803 110 51 pains
2194 802 42 42 of
2248 802 93 43 Hell
2358 802 110 50 itself,
2479 822 43 25 so
2537 806 31 41 is
2584 805 107 43 there
2707 823 51 26 no
2773 809 193 52 returning

2069 860 100 43 from
2202 861 170 45 India....
2405 863 84 43 that
2519 864 66 42 life
2615 877 151 43 strange
2785 866 79 44 and
2884 867 81 43 rich

2067 920 147 49 which,
2245 932 41 32 to
2337 924 227 52 experience
2614 924 104 54 well,
2773 943 64 26 we
2869 938 98 31 must

2067 979 129 44 suffer.
2260 981 100 43 And
2404 983 28 42 it
2479 984 31 41 is
2554 983 60 43 for
2658 984 75 43 this
2776 1002 137 27 reason
2946 988 20 42 I

2068 1039 134 45 would
2235 1040 102 44 have
2368 1058 78 36 you
2477 1042 50 42 all
2558 1060 119 38 pause
2722 1044 136 44 before
2888 1063 80 37 you

2070 1116 65 25 are
2166 1100 188 43 attracted
2386 1100 100 44 from
2519 1102 64 43 the
2614 1103 111 43 work
2754 1122 80 37 you
2866 1105 103 43 have

2069 1159 130 52 joined
2232 1177 62 25 me
2326 1162 51 47 in,
2411 1172 40 31 to
2481 1160 111 45 listen
2622 1174 41 31 to
2696 1164 66 42 the
2783 1166 186 53 exquisite

2069 1217 133 55 fluting
2219 1219 42 42 of
2278 1219 65 43 the
2359 1231 104 42 great
2480 1221 79 42 and
2581 1221 134 57 lovely
2736 1224 231 45 Krishna....

2070 1277 59 43 for
2159 1278 59 43 his
2248 1291 120 31 sweet
2414 1279 71 43 sad
2533 1292 109 33 notes
2687 1300 67 25 are
2802 1283 70 43 but
2903 1284 66 43 the

2069 1336 161 56 prelude
2261 1339 42 42 of
2334 1340 67 41 the
2446 1340 147 55 mighty
2637 1342 93 43 coils
2761 1342 43 43 of
2849 1345 120 42 music

2068 1397 132 43 which
2230 1398 79 47 will
2341 1399 50 43 be
2422 1399 103 55 flung
2563 1402 153 43 around
2761 1402 51 44 all
2858 1404 110 43 those

2068 1456 94 44 who
2193 1457 110 43 listen
2335 1469 66 32 too
2432 1458 106 55 long.

2129 1516 132 44 There
2291 1519 30 41 is
2351 1518 159 55 nothing
2542 1519 58 43 for
2621 1537 42 26 us
2686 1532 40 32 to
2747 1521 111 44 listen
2879 1533 87 34 to...

2070 1576 160 54 nothing
2261 1576 60 43 for
2341 1595 42 25 us
2403 1590 79 42 yet.
2525 1578 82 44 We
2629 1580 229 56 Europeans
2888 1583 79 43 and

2070 1635 235 44 Americans
2333 1654 66 26 are
2427 1640 40 41 in
2498 1638 67 44 the
2595 1650 141 33 utmost
2776 1642 101 44 need
2910 1642 59 43 for

2070 1712 63 26 we
2164 1695 119 44 know
2329 1714 94 37 very
2472 1698 152 45 little....
2672 1717 63 26 we
2782 1718 65 25 are
2891 1701 76 44 like

2069 1754 99 43 fools
2199 1755 134 44 beside
2378 1759 94 42 wise
2510 1776 103 32 men,
2645 1777 64 25 we
2740 1759 228 57 Europeans

2069 1814 79 43 and
2180 1816 233 44 Americans
2442 1818 177 54 standing
2649 1820 54 54 by
2734 1821 230 44 Asiatics....

2068 1874 79 43 and
2179 1893 63 25 we
2272 1877 43 43 of
2337 1877 64 42 the
2424 1877 149 44 theatre
2594 1879 237 56 hammering
2852 1898 116 38 away

2068 1933 75 43 like
2174 1935 135 49 slaves,
2343 1954 63 25 we
2436 1955 66 25 are
2535 1938 64 43 the
2646 1946 101 38 most
2792 1942 176 52 ignorant

2068 1994 42 42 of
2140 1994 47 42 all
2207 2012 10 30 ;
2251 1997 216 42 remember
2498 1997 85 49 this,
2632 2016 66 37 my
2745 2001 104 52 good
2896 2001 68 43 old

2068 2053 159 54 friends,
2263 2055 78 43 and
2372 2074 63 25 we
2464 2056 97 44 shall
2592 2058 51 43 be
2665 2058 153 56 making
2839 2060 103 46 head-

2065 2131 91 36 way
2187 2114 136 44 before
2355 2134 93 37 very
2478 2117 102 54 long.

2124 2174 32 42 It
2187 2175 30 40 is
2249 2186 68 31 not
2364 2175 80 44 that
2491 2194 63 26 we
2604 2195 66 25 are
2721 2190 68 32 not
2838 2180 128 44 above

2062 2232 234 55 listening....
2329 2234 70 43 but
2430 2235 94 54 only
2553 2236 84 43 that
2677 2255 63 26 we
2786 2256 65 28 are
2896 2251 69 32 not

2062 2303 65 42 yet
2157 2294 40 41 in
2228 2311 24 24 a
2283 2296 166 52 position
2480 2306 41 32 to
2553 2296 174 45 listen....
2763 2315 63 26 we
2873 2300 95 43 dare

2065 2362 67 32 not
2164 2362 88 33 turn
2283 2371 50 25 an
2365 2371 65 25 ear
2462 2372 44 25 or
2537 2373 50 25 an
2618 2373 73 38 eye
2721 2371 122 40 away
2856 2359 110 50 from

2067 2429 71 25 our
2169 2413 91 50 task
2261 2446 10 10 •
2334 2413 82 43 We
2448 2413 102 45 have
2580 2427 66 43 yet
2678 2427 41 33 to
2750 2417 104 45 learn
2884 2419 82 43 that

2068 2489 76 25 one
2175 2473 78 43 and
2286 2490 76 26 one
2394 2474 113 43 make
2540 2487 79 32 two
2652 2476 137 45 before
2809 2496 63 27 we
2893 2497 74 26 can

2067 2549 88 37 pass
2187 2543 40 32 to
2258 2538 122 49 larger
2409 2552 115 26 sums.

2126 2592 64 43 As
2218 2593 30 41 it
2279 2594 42 47 is,
2354 2611 71 25 our
2455 2594 127 56 pupils
2612 2614 74 25 can
2732 2597 133 56 barely
2896 2599 47 44 be-

2066 2651 101 43 lieve
2198 2669 43 25 us
2271 2653 118 43 when
2420 2671 62 26 we
2503 2673 81 36 say,
2649 2657 141 50 Come,
2814 2659 152 43 wrestle

2065 2711 96 43 with
2192 2712 74 42 this
2296 2712 136 56 simple
2477 2715 186 55 difficulty
2693 2716 43 43 of
2781 2735 76 26 one
2888 2719 80 44 and

2064 2789 144 27 one,...
2242 2771 69 43 Do
2342 2785 68 30 not
2456 2775 101 43 echo
2603 2777 107 42 what
2756 2794 62 26 we
2864 2778 102 44 have

2064 2831 146 45 said....
2243 2832 82 43 that
2355 2834 28 42 it
2416 2834 131 43 makes
2577 2846 95 33 two.
2734 2837 79 43 See
2845 2838 31 43 it
2907 2839 59 43 for

2064 2891 234 54 yourselves.
2374 2893 102 43 And
2528 2912 154 37 express
2731 2897 108 45 what
2888 2916 79 38 you

2065 2951 103 43 have
2197 2970 90 24 seen
2318 2953 40 42 in
2387 2970 99 38 your
2517 2972 93 25 own
2656 2973 106 38 way,
2793 2970 69 31 not
2892 2976 71 26 our

2065 3028 104 37 way.
2232 3011 165 54 Express
2428 3013 97 43 with
2572 3014 189 52 freedom,
2795 3018 54 42 do
2895 3029 68 33 not

2065 3071 164 44 echo....
2264 3071 158 56 limiting
2451 3075 227 53 yourselves
2709 3088 41 31 to
2782 3078 73 43 this
2875 3080 68 42 sim-

2065 3130 64 55 ple
2160 3130 192 55 problem.
2413 3133 102 44 And
2554 3135 130 44 above
2722 3136 66 52 all,
2819 3137 16 26 n
2859 3138 107 44 Seek

2064 3201 42 32 to
2138 3189 118 45 know
2287 3209 51 25 no
2371 3210 106 26 more
2500 3194 15 25 n
2523 3228 10 10 .

2124 3251 114 53 Why
2267 3264 142 32 cannot
2430 3271 80 37 you
2531 3253 152 45 believe
2714 3274 44 26 us
2773 3261 19 39 ?
2853 3257 16 43 I
2891 3257 49 44 ad-

2063 3309 104 44 dress
2199 3311 64 43 the
2294 3330 114 36 eager
2428 3339 59 6 —
2509 3314 59 42 Be
2598 3333 125 37 eager,
2756 3317 69 44 but
2854 3319 82 43 don
2940 3318 8 25 !
2953 3330 13 31 t

2065 3370 50 42 be
2146 3370 131 55 taking
2308 3390 23 24 a
2363 3375 93 51 tiger
2488 3373 59 44 for
2577 3393 24 24 a
2632 3389 211 42 pussy-cat,
2876 3395 45 26 or
2940 3397 24 25 a

2064 3431 97 43 God
2195 3431 59 42 for
2284 3450 24 24 a
2342 3431 7 25 '
2374 3432 107 44 hullo
2512 3434 66 45 old
2611 3436 103 54 chap

2123 3490 113 55 Why
2267 3491 50 44 be
2362 3492 218 47 infatuated
2627 3495 55 55 by
2727 3514 98 37 your
2872 3516 93 26 own

2064 3568 155 37 powers
2249 3561 41 33 to
2322 3552 66 43 the
2418 3565 131 32 extent
2571 3554 42 43 of
2642 3556 199 56 dreaming
2862 3558 81 43 fool-

2062 3610 59 42 ish
2167 3611 152 42 dreams
2336 3616 19 38 ?
2437 3613 115 56 Why
2602 3614 145 44 delude
2796 3618 170 53 yourself

2061 3671 82 42 into
2175 3671 179 55 fancying
2385 3690 78 37 you
2495 3692 64 24 are
2599 3675 166 54 capable
2809 3676 44 43 of
2893 3695 48 26 un-

2063 3730 248 55 derstanding
2357 3733 164 44 without
2568 3734 74 44 first
2684 3735 206 55 feeling....
2923 3738 43 43 of

2063 3790 141 55 feeling
2234 3792 167 43 v/ithout
2439 3796 336 54 experiencing....
2823 3797 43 43 of
2896 3815 46 26 ex-

2062 3852 219 54 periencing
2322 3853 164 44 without
2533 3855 149 55 being?
2743 3857 79 43 For
2853 3857 15 44 I
2900 3857 66 45 tell

2061 3928 80 37 you
2172 3913 29 41 it
2231 3913 31 41 is
2292 3913 235 54 impossible.

2122 3971 103 45 And
2257 3972 55 43 do
2342 3991 79 36 you
2472 3974 96 43 dare
2618 3986 41 33 to
2704 3976 135 44 dream
2884 3995 80 38 you

2061 4049 75 25 can
2168 4031 50 43 be
2247 4033 41 42 in
2318 4051 24 24 a
2375 4046 170 32 moment
2577 4034 50 44 all
2659 4036 81 44 that
2791 4037 114 44 India
2935 4041 31 41 is

2062 4093 79 42 and
2180 4103 68 32 not
2295 4092 51 44 be
2392 4094 115 43 burnt
2540 4106 38 32 to
2610 4113 24 24 a
2664 4097 134 43 cinder
2827 4100 40 41 in
2898 4098 67 44 the

2063 4151 77 43 tick
2171 4151 42 43 of
2244 4170 23 26 a
2297 4152 190 47 clock?...
2531 4154 151 46 broken
2726 4157 80 44 and
2852 4158 116 44 burnt
