3154 4429
230 136 59 42 30

378 196 101 58 But
515 197 54 56 in
608 195 153 68 short,
802 195 88 58 the
929 195 332 73 Imagination
1298 197 43 55 is
1383 192 100 60 iike
1521 193 87 58 the
1634 215 159 41 seven
1832 215 210 50 compan-

223 275 112 56 ions
374 271 54 57 of
467 270 278 59 Moscione
783 272 52 56 in
879 270 89 58 the
1006 268 383 75 Fairy-tale:....
1450 271 38 55 it
1526 291 170 36 serves
1732 292 31 32 a
1802 266 273 75 booby,....

225 347 88 57 the
352 346 185 58 Artist.

374 419 271 61 Wonders
684 418 110 60 will
832 444 157 34 never
1026 442 232 36 cease....
1303 418 93 57 but
1434 419 293 56 sometimes
1779 418 39 56 it
1855 414 144 59 takes
2046 440 30 33 a

222 496 104 58 fool
367 510 52 43 to
458 497 243 71 perceive
740 494 87 58 the
867 492 216 60 wonder
1121 492 54 58 of
1232 492 242 58 wonders
1523 491 173 59 which
1749 513 132 35 even
1919 489 158 73 today

221 574 43 55 is
306 569 194 60 denied
541 569 70 74 by
649 571 86 56 the
788 568 173 60 whole
1007 568 333 75 intelligence
1389 567 53 57 of
1481 567 86 57 the
1618 581 219 43 western
1890 564 184 59 world.

284 696 191 51 Receipts
477 727 11 11 .
520 692 46 48 £
588 693 265 48 2,261,687;
893 691 79 49 10;
1013 692 36 42 1.

291 755 122 44 Total
441 767 188 38 expenses
635 787 9 8 .
680 751 46 47 £
748 751 313 49 2,168,290.6.
1089 750 33 44 1.

282 815 87 43 Net
399 813 131 52 Profit
534 846 11 10 .
581 811 46 47 £
649 811 179 49 93,397.
854 811 46 43 4.
928 811 103 42 0.0)

285 875 15 44 I
333 893 64 26 am
442 884 70 33 not
556 874 161 53 quoting
765 871 107 43 these
918 870 137 54 figures
1085 871 39 41 in

222 937 118 44 order
369 946 42 32 to
442 944 147 44 suggest
637 932 83 42 that
756 931 93 56 they
880 948 107 26 were
1017 947 108 26 more

222 997 97 44 than
348 995 142 54 Henry
521 994 126 52 Irving
681 992 140 43 should
869 991 104 43 have
1003 991 101 42 recei-

223 1056 90 44 ved.
376 1054 78 44 For
486 1070 66 37 my
583 1062 85 44 part
700 1052 15 42 I
747 1051 99 43 wish
878 1051 51 42 he
960 1050 81 43 had
1061 1067 41 26 re-

221 1115 139 46 ceived
393 1114 77 43 five
501 1111 164 44 millions
710 1111 80 43 and
823 1110 66 44 the
936 1109 188 43 National

219 1176 176 44 Theatre
425 1175 83 41 into
540 1172 66 43 the
653 1171 173 54 bargain.
890 1169 32 44 It
952 1171 32 41 is
1013 1169 110 44 what

219 1235 141 45 should
392 1237 102 41 have
540 1232 102 43 been
688 1233 106 43 done
841 1230 60 44 for
933 1230 68 43 the
1030 1228 94 44 sake

218 1296 43 44 of
294 1295 66 44 the
390 1310 172 37 swagger
592 1291 43 44 of
674 1292 67 43 the
788 1291 140 43 British
975 1291 147 47 nation,

219 1374 108 25 more
359 1354 94 44 than
474 1354 60 43 for
564 1352 68 43 the
652 1351 93 44 sake
766 1350 41 44 of
830 1350 141 54 Irving.
1037 1350 88 43 Nor

217 1416 56 44 do
306 1416 14 43 I
353 1425 120 44 quote
506 1413 67 43 the
604 1413 135 53 figures
769 1413 40 41 in
841 1410 112 43 order
973 1421 42 32 to
1035 1427 66 36 sug-

216 1488 80 43 gest
327 1475 84 44 that
443 1475 65 42 the
540 1489 143 38 money
703 1489 83 26 was
806 1470 123 55 badly
950 1469 174 43 handled

218 1540 40 41 in
287 1536 249 54 comparison
566 1533 98 43 with
694 1531 113 44 other
826 1531 163 43 modern
1011 1530 89 43 thea-

217 1609 90 32 tres.
373 1596 33 43 It
436 1613 83 25 was
570 1592 97 44 used
718 1592 191 51 lavishly,
945 1590 61 43 for
1057 1590 65 42 the

216 1658 201 52 stinginess
447 1654 134 44 which
634 1653 69 43 has
754 1670 114 25 come
915 1667 109 38 upon
1056 1649 66 44 the

217 1716 161 55 English
409 1715 175 43 Theatre
614 1712 44 44 of
687 1712 78 44 late
795 1728 110 38 years
926 1728 82 26 was
1030 1710 92 42 then

214 1788 70 33 not
315 1775 187 45 dreamed
534 1773 58 44 of.

277 1837 14 43 I
323 1834 137 45 would
491 1833 94 55 only
614 1832 111 44 draw
760 1832 190 43 attention
981 1841 42 31 to
1055 1829 66 43 the

213 1897 255 56 expenditure
488 1893 146 49 which,
652 1911 41 25 as
714 1910 79 37 you
813 1909 80 34 see,
919 1890 200 44 exceeded

216 1969 80 32 two
329 1956 160 48 million,
522 1953 78 43 and
635 1951 152 45 remark
833 1952 84 42 that
949 1950 109 42 there
1089 1951 31 41 is

221 2017 162 53 nothing
414 2027 42 32 to
487 2014 113 44 show
637 2013 59 43 for
727 2013 85 42 that
844 2023 81 32 two
957 2010 160 43 million.

211 2077 135 44 There
378 2077 34 43 is
442 2093 52 26 no
526 2075 177 42 Theatre
734 2072 44 44 of
808 2070 187 45 beautiful
1027 2087 68 37 pro-

212 2140 174 53 portions
435 2137 223 50 containing
710 2151 23 25 a
779 2144 105 42 stage
915 2130 202 55 equipped

209 2198 63 43 for
301 2196 232 53 succeeding
563 2194 269 56 generations;
865 2192 108 42 there
1002 2192 32 42 is
1064 2208 53 24 no

210 2275 190 30 museum,
432 2274 54 25 no
515 2255 157 54 library,
704 2253 176 52 nothing.
942 2251 65 43 As
1037 2251 28 41 it
1086 2252 31 41 is

210 2330 70 32 not
312 2329 42 32 to
385 2317 52 42 be
482 2313 199 57 supposed
722 2313 85 42 that
839 2330 49 24 an
920 2328 126 26 ounce
1075 2309 42 43 of

210 2379 69 43 the
310 2387 105 45 great
447 2375 127 54 Irving
595 2372 235 57 personality
851 2370 142 44 would
1015 2370 102 43 have

210 2439 104 43 been
344 2438 74 43 lost
448 2436 81 43 had
562 2435 107 43 these
715 2433 126 53 things
871 2432 102 42 been
1004 2430 110 48 built,

208 2497 193 46 collected
418 2496 80 44 and
520 2493 221 58 preserved,
759 2493 95 54 why
875 2509 83 26 was
987 2508 103 25 some-

209 2559 109 54 thing
338 2569 68 32 not
428 2559 106 43 done
550 2561 19 38 ?
621 2556 14 42 I
658 2554 80 44 will
759 2552 65 44 tell
846 2569 79 38 you
946 2551 108 54 why.

270 2618 33 45 It
334 2636 82 26 was
446 2628 71 32 not
537 2615 169 57 possible
727 2614 167 43 because
915 2611 67 44 the
1004 2610 84 43 Pub-

206 2679 50 44 lic
287 2678 146 57 prefers
465 2688 40 32 to
537 2677 51 42 be
620 2674 118 45 made
773 2685 42 32 to
855 2690 94 37 pay.
1016 2670 99 44 Had

207 2740 126 54 Irving
363 2737 121 45 asked
517 2736 181 55 England
731 2735 78 43 and
842 2733 201 47 America,
1075 2732 40 41 in

206 2801 69 43 the
305 2816 137 27 course
482 2797 44 44 of
566 2807 149 44 twenty
745 2811 123 39 years,
901 2804 42 32 to
973 2791 142 55 supply

206 2862 83 42 him
319 2859 99 43 with
463 2876 78 25 one
577 2856 145 44 million
768 2853 154 57 pounds
962 2852 152 54 sterling

206 2923 40 42 in
277 2919 116 45 order
423 2919 84 43 that
538 2918 64 49 he,
635 2935 42 25 as
707 2916 67 44 the
806 2916 85 42 best
931 2925 109 31 actor
1072 2913 43 42 of

205 2982 60 44 his
295 2998 86 37 age,
414 2979 122 54 might
565 2988 105 33 erect
714 2977 62 44 for
807 2975 108 44 them
947 2993 24 24 a
1001 2973 89 43 thea-

204 3053 59 33 tre
293 3040 134 45 which
471 3038 140 45 should
646 3038 52 43 be
736 3054 102 26 even
870 3053 41 25 as
950 3033 163 44 durable

203 3120 43 26 as
277 3101 68 43 the
618 3099 221 50 Frangaise,
891 3093 221 60 (Moli&re's

204 3161 186 58 theatre),
423 3161 67 42 the
528 3177 121 37 queer
703 3158 109 54 thing
862 3158 32 41 is
945 3155 83 43 that
1060 3154 52 43 he

202 3222 137 45 would
370 3222 102 42 have
503 3220 103 44 been
635 3218 155 44 refused
820 3216 85 44 that
934 3233 100 26 sum.

296 3283 78 42 But
404 3299 66 26 see
489 3281 110 43 what
621 3280 127 53 Irving
769 3278 110 44 does.
944 3276 69 43 He
1035 3274 48 44 de-

203 3344 178 43 termines
412 3353 41 32 to
484 3352 64 44 get
583 3340 84 44 that
697 3356 84 26 sum
813 3337 80 43 and
925 3353 184 31 more,....

203 3403 82 44 and
316 3403 51 43 he
399 3414 81 43 gets
510 3403 42 42 it.
618 3400 78 43 But
728 3399 52 43 he
811 3409 81 44 gets
926 3398 28 42 it
987 3396 124 43 under

204 3464 220 43 conditions
470 3461 132 45 which
639 3459 114 45 make
783 3461 29 41 it
842 3458 72 43 less
945 3474 94 37 easy
1069 3467 41 32 to

204 3524 184 44 establish
434 3522 96 45 such
566 3541 23 24 a
621 3521 162 43 theatre.
877 3518 70 43 He
978 3516 133 44 makes

203 3584 69 44 the
301 3583 146 56 people
477 3600 80 38 pay
591 3582 83 42 him
705 3596 96 27 over
833 3589 82 32 two
947 3577 160 49 million,

201 3662 81 39 you
312 3662 78 32 see,
423 3642 80 45 and
535 3642 52 44 he
618 3640 97 45 does
734 3641 91 42 it....
858 3638 31 43 if
919 3655 62 26 we
1014 3639 94 41 omit

200 3706 60 43 his
291 3723 93 26 own
415 3714 104 45 great
551 3701 235 57 personality
816 3699 79 44 and
917 3700 190 54 genius,...

201 3765 56 56 by
287 3767 174 54 carrying
492 3763 126 44 round
639 3760 231 45 train-loads
891 3761 78 44 and
992 3760 92 42 boat-

200 3826 114 44 loads
343 3826 43 43 of
415 3842 161 38 scenery
606 3822 80 44 and
717 3833 206 36 costumes,
954 3836 155 27 armour

200 3888 80 43 and
314 3885 223 56 appliances
588 3883 147 49 which,
775 3882 30 43 if
851 3881 72 44 still
955 3880 40 43 in
1026 3881 61 42 exi-

199 3959 149 38 stence,
385 3956 99 33 must
515 3956 84 32 cost
643 3961 110 27 more
813 3961 26 26 o
879 3953 102 33 store
1012 3940 95 44 than

200 4008 99 43 their
330 4005 129 45 actual
491 4005 128 44 value.

292 4153 48 41 (i)
368 4152 87 41 (See
496 4150 86 34 Life
622 4148 45 35 of
702 4150 140 40 Henry
883 4147 136 41 Irving
1056 4146 50 42 by

200 4199 139 34 Austin
367 4198 213 37 Brereton).

1262 689 33 44 It
1339 690 31 43 is
1416 687 118 56 likely
1565 689 85 42 that
1696 688 108 43 there
1855 704 65 26 are
1971 705 107 24 some

1169 748 217 44 handsome
1422 748 162 49 swords,
1636 748 146 54 jewels,
1835 747 80 43 and
1966 747 111 42 other

1171 809 126 54 things
1317 811 39 40 in
1372 810 205 46 existence,
1601 807 195 55 probably
1818 824 106 25 more
1946 806 103 43 hand-

1170 887 109 25 some
1321 868 94 44 than
1461 868 112 42 those
1621 867 69 43 left
1738 867 54 54 by
1843 884 76 37 any
1966 867 111 41 other

1171 940 135 38 actor;
1340 928 69 43 but
1452 927 102 44 have
1585 945 78 36 any
1693 927 43 42 of
1768 927 106 42 them
1904 944 24 24 a
1961 926 114 43 value

1171 1007 42 25 as
1242 988 130 44 works
1402 987 42 45 of
1476 987 76 43 fine
1587 999 57 31 art
1663 990 19 40 ?
1735 987 196 43 Whereas
1967 987 108 41 there

1169 1051 31 42 is
1231 1048 141 55 hardly
1402 1067 24 24 a
1457 1048 95 43 little
1583 1046 147 43 church
1761 1048 39 41 in
1832 1046 51 43 all
1914 1046 161 55 Europe

1168 1109 81 43 and
1281 1109 101 43 Asia
1414 1108 82 43 that
1528 1107 95 43 does
1654 1118 68 32 not
1769 1108 156 41 contain
1966 1124 110 24 some

1167 1168 178 56 priceless
1376 1170 111 53 piece
1518 1167 43 43 of
1605 1167 119 43 silver
1753 1166 110 43 work
1909 1183 43 25 or
1984 1166 91 54 gold

1166 1228 113 44 work
1309 1246 44 24 or
1383 1230 113 52 ivory
1541 1226 124 49 work,
1718 1244 109 25 some
1873 1227 112 54 piece
2032 1226 44 42 of

1166 1288 207 55 sculpture,
1406 1305 43 26 or
1481 1305 109 25 some
1612 1287 96 42 robe
1726 1304 10 31 ;
1759 1288 40 41 in
1820 1286 121 49 short,
1965 1303 109 26 some

1166 1348 78 43 fine
1277 1347 114 44 work
1422 1347 43 43 of
1495 1359 73 31 art.

1229 1408 69 43 Do
1328 1425 80 37 you
1439 1426 64 25 see
1534 1406 108 44 what
1676 1406 14 44 I
1724 1423 113 25 mean
1855 1410 19 39 ?

1229 1467 34 43 If
1302 1485 80 37 you
1427 1467 96 43 hold
1573 1467 83 43 that
1708 1484 108 25 some
1867 1465 205 44 theatrical

1167 1530 213 52 properties
1411 1545 64 24 are
1513 1526 76 43 fine
1619 1525 130 44 works
1796 1525 43 43 of
1874 1536 71 38 art,
1979 1525 93 43 then

1166 1587 15 43 I
1213 1588 104 43 have
1363 1587 163 54 nothing
1575 1598 40 31 to
1662 1604 84 36 say.
1813 1586 14 43 I
1860 1585 100 44 refer
1991 1603 80 37 you

1166 1658 42 32 to
1239 1648 67 43 the
1337 1658 152 44 experts
1530 1646 44 43 of
1618 1646 66 43 the
1736 1648 157 40 auction
1944 1663 125 26 room.

1166 1707 118 55 They
1314 1725 66 25 are
1414 1707 123 54 things
1569 1706 42 44 of
1641 1705 243 44 sentimental
1915 1707 156 42 interest

1166 1769 78 43 and
1275 1769 40 41 in
1347 1785 107 25 some
1485 1785 107 25 cases
1632 1783 67 26 are
1746 1766 43 43 of
1835 1765 104 55 good
1972 1783 73 37 qua-

1166 1826 69 57 lity
1253 1845 10 31 ;
1297 1827 71 43 but
1399 1827 162 54 nothing
1593 1844 121 25 more.

1226 1888 15 42 I
1274 1887 102 44 have
1406 1889 40 41 in
1477 1905 66 36 my
1575 1887 218 53 possession
1823 1903 77 25 one
1921 1903 44 25 or
1987 1896 81 32 two

1164 1947 125 43 masks
1320 1947 144 43 carved
1495 1949 40 40 in
1566 1947 127 54 Japan
1724 1945 79 43 and
1825 1963 77 24 one
1922 1963 44 25 or
1987 1956 81 33 two

1164 2006 146 44 carved
1340 2009 40 41 in
1411 2007 156 43 Africa.
1630 2006 134 42 These
1795 2006 102 42 have
1919 2024 23 24 a
1963 2017 105 42 great

1164 2067 113 43 value
1309 2085 41 24 as
1381 2067 129 43 works
1542 2066 43 43 of
1615 2066 76 43 fine
1712 2077 70 37 art,
1804 2065 80 43 and
1904 2083 50 26 an
1976 2083 91 26 ever

1160 2129 212 53 increasing
1402 2128 114 43 value
1545 2124 305 56 commercially.

1223 2187 14 44 I
1270 2187 103 44 have
1404 2205 52 25 on
1489 2187 65 43 the
1585 2187 112 42 other
1726 2186 108 43 hand
1866 2203 23 24 a
1921 2187 84 52 pair
2025 2185 44 43 of

1161 2246 133 55 gloves
1324 2265 113 25 worn
1482 2247 54 54 by
1584 2246 142 54 Henry
1764 2245 125 53 Irving
1919 2247 39 40 in
1989 2263 77 25 one

1162 2306 42 43 of
1228 2307 58 43 his
1300 2307 323 54 Shakespearean
1639 2305 266 56 productions.
1949 2305 119 54 They

1161 2384 67 26 are
1259 2366 127 56 nicely
1416 2367 117 42 made
1564 2366 132 54 gloves
1726 2364 106 44 lined
1862 2364 97 43 with
1982 2366 85 42 nice

1161 2426 81 50 silk,
1266 2427 81 43 and
1369 2445 51 24 on
1439 2427 64 43 the
1524 2426 102 43 back
1644 2425 42 43 of
1709 2425 64 43 the
1790 2425 106 44 hand
1914 2427 77 42 and
2017 2443 51 24 on

1162 2487 66 43 the
1249 2486 80 44 cuff
1349 2488 30 42 is
1399 2486 106 55 good
1526 2485 199 44 theatrical
1746 2485 65 54 gilt
1833 2484 109 43 tinsel
1970 2485 97 43 with

1160 2565 107 26 some
1284 2547 126 54 cheap
1432 2548 189 41 imitation
1636 2557 141 32 stones.
1825 2544 120 55 They
1965 2545 102 42 have

1159 2625 24 25 a
1203 2607 242 43 sentimental
1462 2606 114 44 value
1592 2606 79 43 and
1688 2623 66 25 are
1770 2605 107 43 what
1893 2606 30 40 is
1939 2605 126 43 called

1160 2668 15 25 R
1199 2669 222 53 interesting
1445 2667 15 25 n
1465 2701 11 15 ,
1508 2685 101 26 even
1640 2684 42 25 as
1713 2683 24 25 a
1768 2664 114 55 glove
1914 2665 41 42 of
1978 2665 57 42 Na-

1159 2728 146 55 poleon
1324 2727 136 44 would
1482 2727 50 43 be
1553 2728 235 52 interesting.
1855 2725 78 43 But
1956 2743 81 25 com-

1158 2806 95 37 pare
1284 2788 74 43 this
1397 2789 83 54 pair
1526 2787 96 44 with
1653 2805 23 24 a
1707 2786 115 53 glove
1867 2803 110 24 worn
2011 2786 53 54 by

1159 2849 145 53 Queen
1335 2848 221 49 Elizabeth,
1587 2847 79 43 and
1698 2846 93 54 they
1822 2863 65 25 are
1919 2846 74 42 bits
2022 2845 42 43 of

1157 2909 117 43 trash.
1338 2909 146 53 Queen
1530 2906 242 45 Elizabeth's
1819 2905 113 55 glove
1977 2907 31 41 is
2039 2925 23 24 a

1157 2968 112 45 work
1300 2968 42 44 of
1373 2980 69 32 art.

1218 3029 148 54 Again,
1401 3028 14 43 I
1438 3028 103 43 have
1561 3045 76 25 one
1669 3026 43 44 of
1733 3026 66 43 the
1831 3025 100 44 belts
1950 3043 110 26 worn

1157 3088 55 56 by
1243 3090 141 54 Henry
1416 3088 126 54 Irving
1580 3090 40 41 in
1705 3086 164 44 Hamlet
1963 3086 97 43 with

1157 3149 104 55 large
1291 3149 181 54 jewelled
1513 3148 163 56 plaques
1722 3165 53 24 on
1806 3149 28 40 it
1881 3146 80 44 and
1993 3147 67 42 the

1155 3210 133 43 whole
1318 3208 172 45 covered
1512 3209 96 43 with
1629 3227 24 24 a
1684 3207 117 43 black
1832 3218 78 32 net.
1976 3207 31 42 It
2028 3209 32 40 is

1156 3288 23 25 a
1201 3271 107 54 thing
1330 3271 14 43 I
1368 3288 62 25 am
1453 3287 96 36 very
1569 3268 98 43 fond
1689 3267 42 44 of
1749 3286 10 30 ;
1782 3267 69 43 but
1874 3285 184 36 compare

1154 3332 29 42 it
1229 3331 97 43 with
1371 3348 108 26 some
1528 3328 79 44 belt
1655 3327 208 56 preserved
1910 3328 40 42 in
1992 3327 66 43 the

1155 3403 130 43 crypts
1337 3401 39 32 at
1439 3391 127 42 Notre
1617 3389 131 43 Dame
1799 3405 45 25 or
1894 3388 40 42 in
1992 3388 65 42 the

1155 3451 179 55 Bargello
1365 3462 40 31 at
1437 3450 201 47 Florence,
1670 3450 80 43 and
1784 3448 66 43 the
1881 3447 113 43 value
2016 3447 42 43 of

1157 3512 65 42 the
1253 3510 202 44 theatrical
1501 3528 76 25 one
1608 3508 141 55 hardly
1795 3519 178 32 amounts
2016 3518 41 32 to

1155 3571 84 43 that
1271 3571 44 43 of
1345 3589 23 25 a
1389 3588 86 25 row
1496 3570 43 43 of
1569 3571 98 53 pins.
1731 3568 91 43 The
1843 3568 129 43 others
1993 3586 64 25 are

1153 3633 176 54 precious
1349 3631 137 54 things,
1509 3629 175 49 durable,
1707 3628 195 53 valuable,
1928 3628 130 44 works

1153 3692 42 43 of
1225 3704 71 38 art,
1329 3692 79 43 and
1440 3709 67 25 are
1536 3690 82 44 also
1650 3689 105 55 good
1791 3692 262 40 investments.

1213 3752 92 44 The
1350 3752 79 43 fact
1474 3751 85 44 that
1608 3749 158 55 Irving's
1812 3749 15 25 n
1852 3749 164 42 Hamlet
2039 3749 15 25 n

1152 3812 81 45 belt
1264 3815 31 41 is
1326 3830 106 25 more
1465 3813 179 51 effective
1665 3828 52 25 on
1738 3810 68 44 the
1836 3821 105 41 stage
1963 3809 93 43 than

1152 3873 136 44 would
1319 3873 52 43 be
1392 3873 66 43 the
1480 3872 98 43 belts
1608 3873 40 41 in
1669 3871 66 43 the
1764 3869 178 55 Bargello
1965 3869 93 56 only

1152 3951 142 38 proves
1324 3951 76 26 one
1447 3933 166 53 thing....
1660 3931 85 43 that
1792 3931 66 43 the
1904 3942 153 44 present

1152 3995 150 43 theatre
1335 3996 95 41 aims
1462 4004 40 33 at
1579 3992 267 43 effectiveness
1931 4002 39 32 at
2001 3990 55 43 all

1151 4066 113 38 costs,
1296 4054 80 44 and
1398 4054 97 43 does
1526 4064 68 32 not
1620 4070 90 26 care
1740 4051 179 45 whether
1948 4051 107 44 what

1151 4134 31 25 is
1211 4134 93 25 seen
1335 4133 54 25 on
1418 4116 47 42 its
1495 4126 123 42 stages
1650 4130 64 26 are
1745 4111 129 45 works
1905 4111 42 44 of
1979 4111 77 44 fine

1152 4187 56 33 art
1255 4193 44 27 or
1331 4187 82 32 not.
1479 4175 42 44 In
1553 4175 92 48 fact,
1691 4191 43 26 as
1778 4190 81 37 you
1900 4191 78 31 see,
2024 4173 29 43 it

2124 206 147 55 prefers
2300 205 107 44 what
2438 206 31 42 is
2499 204 126 43 called
2657 204 66 43 the
2772 204 15 25 n
2810 205 90 44 fake
2923 206 15 25 n
2987 218 40 31 to

2124 266 66 44 the
2222 268 176 52 genuine.
2459 265 92 43 The
2587 264 89 43 fake
2723 265 16 24 n
2762 265 83 43 tells
2902 284 10 30 ;
2961 266 66 43 the

2123 327 163 53 genuine
2319 325 82 42 falls
2438 324 104 43 short
2584 324 43 43 of
2668 324 198 43 theatrical
2896 326 130 43 effect.

2184 385 102 43 And
2335 385 92 42 here
2476 401 62 26 we
2585 402 113 25 come
2744 395 41 32 to
2833 385 66 42 the
2944 393 83 35 t%vo

2124 445 131 44 words
2285 444 132 43 which
2449 444 84 42 best
2564 461 84 26 sum
2680 461 54 37 up
2780 444 67 43 the
2879 444 148 44 theatre

2123 524 42 24 as
2185 507 28 41 it
2234 507 43 46 is,
2300 505 79 41 and
2402 505 65 41 the
2488 504 175 42 Theatre
2685 522 40 24 as
2746 505 27 41 it
2796 504 140 43 should
2960 505 63 44 be.

2185 565 153 43 Instead
2370 564 42 42 of
2443 564 66 43 the
2540 563 90 44 fake
2660 581 63 26 we
2751 564 140 44 should
2924 564 103 44 have

2123 626 66 42 the
2222 626 177 53 genuine.

2184 685 34 43 If
2267 701 121 38 every
2438 694 105 43 stage
2604 683 107 53 thing
2768 694 145 32 cannot
2974 684 51 42 be

2122 747 235 53 precious,...
2380 743 148 54 though
2549 743 14 42 I
2596 760 64 25 see
2681 760 52 25 no
2761 760 138 26 reason
2930 743 96 55 why

2123 805 135 43 before
2288 804 90 54 long
2408 806 30 40 it
2467 802 141 44 should
2655 814 68 31 not
2754 802 111 44 be....
2914 803 51 43 let
2996 806 28 40 it

2121 877 39 31 at
2192 882 77 37 any
2299 876 81 31 rate
2412 863 52 44 be
2494 865 302 52 unpretentious.
2859 863 35 42 Is
2914 863 109 43 there

2121 926 184 54 anything
2337 941 108 25 more
2475 924 195 53 annoying
2702 933 40 32 to
2773 940 44 25 us
2847 922 51 42 all
2928 923 94 43 who

2120 1003 66 25 are
2217 983 174 55 working
2437 985 39 41 in
2521 983 73 43 this
2636 983 106 42 New
2789 982 234 43 Movement

2121 1046 93 42 than
2246 1056 40 32 to
2317 1062 65 25 see
2413 1043 107 43 these
2551 1042 132 55 gilded
2714 1042 139 54 plaster
2875 1043 147 43 theatre

2120 1107 174 41 interiors
2309 1108 20 39 ?
2411 1103 32 43 If
2507 1103 65 43 the
2623 1101 65 55 gilt
2749 1102 141 54 plaster
2940 1102 80 43 had

2119 1165 217 53 something
2382 1164 181 54 inspiring
2605 1163 39 41 in
2689 1164 46 40 its
2766 1162 112 49 form,
2926 1162 94 43 then

2121 1243 63 25 we
2205 1224 135 44 would
2362 1227 168 51 perhaps
2551 1233 56 32 set
2629 1221 108 43 aside
2753 1222 66 42 the
2841 1224 179 52 question

2119 1284 44 44 of
2192 1285 68 43 the
2290 1284 66 55 gilt
2386 1282 79 44 and
2498 1282 66 43 the
2599 1282 141 54 plaster
2770 1283 80 43 and
2883 1293 136 43 accept

2119 1347 28 41 it
2180 1345 59 43 for
2269 1346 46 41 its
2345 1344 218 53 expressive
2596 1342 115 43 form.
2777 1342 77 42 But
2890 1343 28 41 it
2951 1342 68 43 has

2119 1416 70 32 not
2219 1422 76 26 one
2326 1403 148 55 quality
2507 1402 81 43 that
2619 1404 30 40 is
2681 1401 105 54 good
2823 1401 121 43 about
2974 1404 43 41 it.

2119 1465 91 43 The
2262 1464 150 42 theatre
2463 1474 39 31 at
2563 1473 152 43 present
2770 1463 29 40 is
2859 1463 74 52 just
2994 1480 24 24 a

2118 1526 237 54 pretentious
2385 1522 113 55 place
2528 1524 79 41 and
2640 1524 31 40 is
2692 1521 116 54 likely
2841 1533 38 30 to
2902 1521 117 43 foster

2117 1586 220 54 pretention
2366 1585 40 40 in
2437 1583 111 42 those
2578 1582 94 43 who
2704 1581 179 54 frequent
2914 1583 41 42 it.

2177 1645 133 43 There
2356 1643 70 43 has
2472 1643 103 42 been
2622 1660 24 24 a
2686 1652 223 32 movement
2958 1641 60 43 for

2114 1704 150 45 several
2293 1721 110 38 years
2434 1720 142 36 among
2620 1702 205 42 architects
2857 1712 41 32 to
2929 1702 88 53 give

2114 1782 44 25 us
2190 1765 167 43 theatres
2388 1763 43 42 of
2475 1781 23 24 a
2535 1762 179 42 different
2747 1761 113 49 form,
2907 1763 110 52 using

2114 1825 181 44 different
2326 1822 185 49 material,
2561 1822 98 43 with
2690 1839 50 24 an
2782 1832 164 43 attempt
2976 1832 39 32 at

2114 1886 108 42 what
2253 1902 108 25 some
2382 1883 73 43 call
2485 1882 217 55 simplicity,
2725 1882 79 42 and
2832 1900 42 24 so
2897 1881 117 43 forth.

2113 1946 35 43 It
2179 1945 126 54 began
2333 1943 97 44 with
2451 1942 188 54 Wagner,
2662 1941 80 43 and
2772 1943 29 41 it
2831 1959 123 25 seems
2975 1952 42 31 to

2115 2005 51 43 be
2187 2004 236 54 developing
2438 2003 102 42 well.
2603 2003 77 43 But
2702 2002 98 42 their
2820 2001 196 54 tendency

2113 2067 31 40 is
2174 2076 42 32 to
2248 2065 164 42 become
2443 2064 108 42 what
2582 2064 31 41 is
2633 2061 127 43 called
2793 2061 14 24 ,!
2832 2063 141 41 artistic
2996 2062 14 24 n

2113 2126 79 44 and
2217 2136 40 31 to
2278 2135 129 32 create
2429 2142 23 24 a
2473 2140 90 26 new
2587 2123 232 54 pretention.
2882 2122 131 42 These

2112 2185 168 43 theatres
2331 2195 62 43 get
2445 2182 96 43 built
2590 2182 204 43 somehow
2841 2182 167 42 without

2113 2246 224 52 inspiration
2368 2243 80 43 and
2484 2243 168 43 without
2697 2260 24 24 a
2750 2259 138 25 reason
2933 2241 80 43 and

2112 2323 66 25 are
2209 2303 305 56 expressionless.
2580 2304 122 41 Some
2723 2313 156 43 system,
2904 2319 109 25 some

2113 2364 137 55 happy
2295 2382 43 24 or
2369 2363 189 54 unhappy
2601 2363 92 43 idea
2733 2363 31 41 is
2809 2361 201 49 followed,

2115 2425 79 42 and
2225 2426 30 41 it
2286 2424 49 43 all
2360 2424 98 42 ends
2488 2426 40 39 in
2551 2422 115 54 being
2697 2439 52 25 no
2771 2420 124 44 better
2917 2422 94 43 than

2114 2485 66 43 the
2211 2485 65 53 gilt
2307 2484 80 42 and
2418 2483 141 54 plaster
2589 2482 154 54 palaces
2773 2481 42 42 of
2846 2481 82 44 old.

2174 2545 77 42 But
2282 2544 70 43 lest
2382 2560 80 38 you
2492 2542 140 43 should
2672 2543 166 52 imagine
2881 2542 81 42 that
2996 2540 15 44 I

2112 2605 130 54 object
2293 2616 42 32 to
2385 2603 67 43 the
2503 2602 198 43 elaborate
2757 2618 44 27 or
2852 2613 41 30 to
2944 2601 68 43 the

2111 2664 184 50 artificial,
2344 2664 168 42 because
2558 2663 108 42 these
2707 2679 65 25 are
2818 2661 193 55 generally

2111 2737 98 31 most
2260 2726 248 54 pretentious,
2570 2723 52 42 let
2684 2740 63 25 me
2798 2724 75 40 cite
2934 2740 76 24 one

2109 2788 172 41 instance
2312 2785 132 43 where
2475 2783 98 44 both
2605 2784 94 42 exist
2730 2784 40 41 in
2806 2782 67 42 the
2904 2799 106 25 same

2109 2846 150 42 theatre
2290 2845 80 43 and
2399 2862 105 26 seem
2535 2855 42 31 to
2608 2861 63 25 me
2707 2841 194 56 splendid.
2967 2843 42 42 In

2109 2907 144 42 Parma
2299 2906 108 42 there
2438 2906 30 40 is
2511 2904 66 42 the
2624 2904 149 42 theatre
2816 2902 97 42 built
2954 2902 53 54 by

2109 2967 59 43 G.
2203 2967 47 43 B.
2285 2965 155 43 Aleotti
2461 2964 79 42 and
2570 2963 223 54 completed
2814 2965 40 40 in
2884 2962 122 49 1619,

2106 3026 126 43 called
2263 3026 67 43 the
2368 3026 14 25 n
2406 3025 151 42 Teatro
2589 3024 168 42 Farnese
2853 3022 155 43 Perfect

2105 3089 39 40 in
2166 3086 223 53 splendour,
2411 3085 165 43 without
2599 3084 115 53 being
2735 3101 23 24 a
2779 3082 229 43 Perishable

2104 3147 188 48 Theatre,
2354 3146 166 43 without
2582 3144 117 53 being
2751 3161 23 25 a
2831 3142 177 44 Durable

2104 3207 186 47 Theatre,
2322 3208 28 40 it
2396 3207 31 41 is
2459 3204 144 55 typical
2650 3203 42 43 of
2727 3203 50 43 all
2824 3203 66 42 the
2922 3202 84 44 best

2104 3267 84 42 that
2208 3266 141 44 should
2370 3266 104 43 have
2493 3264 183 43 survived
2697 3265 40 41 in
2759 3263 67 43 the
2854 3274 153 44 present

2103 3328 148 42 theatre
2283 3327 69 41 but
2383 3328 31 40 is
2444 3325 154 54 rapidly
2627 3325 283 53 disappearing.
2975 3323 32 43 It

2104 3388 69 43 has
2203 3386 182 44 received
2417 3386 66 42 the
2514 3384 121 43 touch
2666 3384 42 43 of
2744 3386 132 52 genius
2906 3383 100 43 from

2104 3448 67 43 the
2204 3465 91 25 man
2342 3447 94 43 who
2471 3445 94 43 built
2598 3446 41 42 it.
2704 3445 77 42 But
2813 3445 132 52 genius
2976 3445 30 41 is

2103 3509 136 42 absent
2271 3507 100 42 from
2405 3506 66 43 the
2509 3505 165 43 modern
2706 3504 149 43 theatre
2886 3530 59 5 —
2975 3505 31 42 is

2102 3580 69 32 not
2201 3567 170 43 allowed
2403 3578 40 31 to
2465 3565 120 43 touch
2615 3567 29 40 it
2672 3566 83 41 into
2786 3563 66 44 life
2872 3590 59 5 —
2963 3582 43 25 so

2102 3629 94 44 who
2229 3645 109 27 cares
2358 3626 177 44 whether
2557 3628 29 40 it
2607 3624 147 44 endure
2786 3642 43 25 or
2850 3624 155 54 perish?

2164 3687 192 45 Practical
2387 3685 143 57 people
2560 3685 141 43 should
2730 3685 179 43 consider
2939 3684 67 43 the

2102 3766 206 26 enormous
2339 3759 121 32 waste
2507 3746 132 43 which
2676 3763 91 37 goes
2813 3762 53 25 on
2911 3763 94 37 year

2103 3810 97 42 after
2231 3826 104 38 year,
2369 3808 79 42 and
2479 3806 141 44 should
2667 3805 69 43 ask
2774 3805 232 43 themselves

2101 3870 192 48 whether,
2341 3869 150 42 instead
2539 3866 43 44 of
2628 3868 41 47 it,
2721 3866 92 55 they
2859 3876 145 32 cannot

2102 3949 64 25 see
2213 3930 99 43 their
2356 3946 92 38 way
2479 3939 42 31 to
2561 3928 103 42 have
2711 3926 67 43 the
2824 3925 180 44 Durable

2101 3991 175 43 Theatre
2306 3990 79 43 and
2433 3988 67 43 the
2542 3987 227 44 Perishable
2815 3986 187 49 Theatre,

2100 4052 169 43 without
2288 4049 191 56 spending
2499 4068 24 24 a
2544 4066 132 38 penny
2707 4065 121 25 more.
2892 4047 112 43 Thus

2102 4112 93 55 they
2225 4110 136 45 would
2406 4110 103 43 have
2558 4109 97 43 their
2685 4108 97 43 cake
2828 4107 80 44 and
2940 4118 64 32 eat

2100 4174 40 43 it.
2206 4179 12 36 I
2250 4171 155 44 believe
2436 4170 74 44 this
2540 4170 30 43 is
2601 4168 182 55 possible.
