3495 4419
1669 197 107 50 125

159 327 197 67 (Lorelei
392 327 91 48 und
512 327 280 67 Präludien),
834 332 115 48 noch
1000 331 73 49 die
1116 331 250 66 Wagner's
1407 333 94 50 und
1541 336 114 49 Schü-

158 405 174 51 manns
363 403 317 67 befriedigten,
711 423 92 33 was
833 424 85 34 von
948 424 81 34 uns
1060 409 218 49 Röotiern
1307 412 225 48 natürlich
1563 413 122 50 nicht

154 482 165 50 anders
347 498 54 31 zu
429 489 230 41 erwarten
689 499 108 35 war.
826 485 137 49 Diese
985 485 207 59 Provinz,
1221 485 187 50 werden
1437 488 71 50 die
1537 489 127 66 leipzi-

152 574 82 50 ger
262 558 190 63 Apostel
487 558 197 57 meinen,
728 577 122 32 muss
887 569 92 41 erst
1006 562 117 48 noch
1154 562 185 49 erobert
1368 564 211 57 werden;
1621 568 62 47 sie

153 635 141 49 sollen
322 633 93 48 sich
448 634 129 48 keine
605 634 142 51 Mühe
777 638 172 63 geben;
993 638 63 48 sie
1085 638 115 48 wird
1229 639 232 51 niemals
1501 642 185 50 erobert

153 710 201 50 werden.
383 712 52 47 In
455 712 202 64 zwanzig
678 713 172 49 Jahren
860 714 167 48 —dies
1055 715 54 47 ist
1137 714 82 50 der
1241 717 136 48 Trost
1399 718 80 48 der
1503 719 150 65 Gegen-

152 794 117 43 wart
279 788 188 48 —wird
490 788 262 68 überhaupt
775 790 121 50 diese
918 793 255 47 entsetzlich
1198 793 205 49 schwere
1432 795 91 49 und
1554 799 102 64 qual-

151 865 113 48 volle
293 864 151 49 Musik
483 865 131 50 keine
642 868 363 49 Ausführenden
1048 869 93 48 und
1186 869 130 50 keine
1357 872 156 49 Hörer
1553 874 130 48 mehr

149 940 169 51 finden.
347 943 111 47 Dies
488 943 122 48 kann
639 960 106 35 man
774 962 325 49 voraussagen,
1128 946 120 50 ohne
1276 949 204 65 Prophet
1507 967 54 30 zu
1588 952 93 47 sein

149 1018 94 48 und
266 1018 121 49 ohne
410 1018 101 49 dass
534 1035 107 35 man
664 1021 212 50 desshalb
907 1023 80 48 mit
1009 1023 80 48 der
1107 1024 169 48 Kruste
1300 1023 76 49 des
1400 1025 281 50 Classischen

149 1112 150 48 gegen
342 1096 108 49 alles
479 1096 133 49 Neue
653 1099 230 48 verhärtet
924 1117 55 30 zu
1020 1099 94 48 sein
1158 1099 208 51 braucht.
1421 1103 119 48 Statt
1574 1104 107 48 alles

152 1174 245 47 Weiteren
425 1181 118 41 setze
582 1174 71 48 ich
683 1174 143 49 Ihnen
855 1174 80 51 das
965 1178 273 64 Programm
1267 1178 79 49 des
1374 1181 187 47 zweiten
1589 1183 61 47 Zu-

148 1247 428 49 kunfts-Concertes
618 1247 98 66 (für
756 1251 267 60 Orchester,
1071 1254 79 48 das
1202 1255 201 48 trefflich
1447 1256 94 49 und
1583 1258 74 48 auf-

149 1324 192 66 opfernd
370 1325 277 49 vorbereitet
670 1327 114 65 war)
816 1330 182 50 hieher:
1027 1330 263 51 Ouvertüre
1311 1350 54 31 zu
1387 1334 178 48 Romeo
1589 1334 92 49 und

145 1401 121 50 Julie
295 1418 101 31 vom
429 1402 365 68 Concertgeber;
825 1407 168 50 Lieder
1019 1424 87 33 von
1135 1409 252 57 Schubert;
1417 1411 265 66 Einleitung

147 1495 54 32 zu
224 1477 268 66 Lohengrin
516 1481 82 47 mit
618 1481 103 48 dem
745 1499 57 32 an
827 1484 263 49 Wahnsinn
1111 1485 273 49 streifenden
1407 1489 275 63 Programm

153 1556 274 64 Wagner's;
471 1557 146 49 Scene
656 1559 93 48 und
775 1561 111 48 Arie
929 1561 93 48 und
1052 1562 149 50 Gebet
1227 1561 83 51 der
1338 1564 234 49 Elisabeth
1602 1581 80 33 aus

148 1632 328 57 Tannhäuser;
519 1635 503 52 Manfred-Ouverture
1062 1656 87 32 von
1191 1640 280 49 Schumann.
1579 1642 102 49 Ehe

148 1708 83 50 der
252 1710 347 51 Musik-Verein
622 1714 81 48 mit
725 1715 298 49 Beethoven's
1038 1716 377 51 Violin-Concert
1443 1719 205 49 undMen-

149 1786 250 49 delssohn's
415 1786 392 55 J.-<fer-Sinfonie
829 1792 89 50 den
940 1794 174 66 Reigen
1146 1795 148 49 dieser
1311 1796 162 48 Saison
1499 1796 160 50 schlies-

149 1879 79 33 sen
261 1863 132 59 wird,
435 1865 157 50 hatten
636 1868 83 49 wir
761 1885 74 33 am
874 1868 49 51 3.
953 1871 130 65 April
1112 1871 117 50 noch
1259 1872 101 49 eine
1386 1872 108 49 sehr
1522 1874 134 64 gelun-

147 1957 117 49 gene
294 1941 306 68 Aufführung
642 1945 77 49 des
761 1947 296 50 Oratoriums
1094 1948 286 50 Abraham
1423 1966 85 33 von
1551 1951 99 50 Man-

147 2017 109 65 gold
294 2025 135 42 unter
463 2018 82 50 der
573 2022 200 66 Leitung
815 2023 77 49 des
935 2025 336 49 unermüdeten
1314 2026 94 48 und
1448 2027 234 66 tüchtigen

147 2095 433 64 Dom-Organisten
604 2100 154 48 Herrn
782 2101 247 49 Hanisch
1061 2102 173 50 dahier.
1266 2103 95 49 Das
1381 2103 167 58 Werk,
1564 2105 116 49 nach

145 2171 256 49 biblischen
431 2173 201 50 Worten
674 2176 71 49 die
773 2178 394 65 Hauptmomente
1208 2178 79 50 des
1315 2178 180 51 Lebens
1537 2181 144 49 dieses

144 2248 319 59 Patriarchen,
492 2251 71 47 die
585 2253 283 65 Zerstörung
891 2255 196 48 Sodoms
1117 2255 93 48 und
1236 2256 172 48 Isaak's
1437 2257 244 65 Opferung

145 2324 281 59 umfassend,
469 2326 56 48 ist
557 2327 46 48 in
636 2328 171 48 seinem
838 2337 149 42 ersten
1018 2331 159 48 Theile
1206 2332 263 48 wesentlich
1499 2332 153 51 drama-

145 2401 115 48 tisch
289 2398 189 67 (schnell
505 2402 377 53 fortschreitende
913 2407 267 66 Handlung,
1220 2423 86 33 von
1334 2408 170 50 kurzen
1535 2410 117 49 Chor-

144 2482 153 44 sätzen
325 2478 375 69 unterbrochen).
760 2483 389 66 Wirkungsreich
1189 2484 58 50 ist
1287 2487 277 48 namentlich
1600 2487 82 50 der

145 2556 187 48 Schluss
360 2556 145 49 dieses
528 2558 195 51 Theiles.
752 2561 89 49 Die
868 2563 159 47 zweite
1056 2562 285 68 Abtheilung
1370 2564 54 49 ist
1452 2581 49 32 so
1528 2582 55 32 zu
1611 2581 48 34 sa-

147 2650 89 48 gen
265 2633 386 51 oratorienhafter
689 2637 94 48 und
824 2638 368 66 ansprechender
1229 2639 95 49 und
1366 2641 161 66 schlug
1565 2642 116 48 auch

152 2709 452 52 —wahrscheinlich
625 2730 163 50 wegen
819 2714 81 51 der
929 2716 213 49 besseren
1167 2717 518 66 Aufführung—mehr

145 2785 162 50 durch.
361 2788 117 48 Eine
519 2806 156 48 grosse
717 2793 132 65 Fuge
893 2792 89 66 (die
1009 2796 286 64 Zerstörung
1321 2794 277 66 schildernd)
1629 2797 54 47 ist

148 2864 72 50 ein
250 2864 207 50 Meister-
487 2868 93 48 und
609 2871 319 58 Prachtstück,
957 2871 80 50 das
1065 2890 89 31 nur
1178 2873 71 48 ein
1280 2873 229 48 durchaus
1539 2873 120 66 gebil-

149 2942 130 48 deter
305 2943 221 48 Künstler
554 2945 243 51 schreiben
827 2948 135 50 kann.
999 2948 88 50 Die
1116 2948 94 51 Soli
1239 2949 99 49 sind
1366 2951 126 48 nicht
1520 2966 136 49 ausge-

149 3018 158 60 dehnt,
349 3018 114 51 aber
504 3023 133 48 meist
671 3024 107 50 sehr
815 3025 339 66 ansprechend;
1198 3027 277 49 namentlich
1521 3027 165 51 fanden

149 3097 73 49 die
262 3098 214 48 Partieen
519 3099 79 51 des
638 3102 243 50 Abraham
932 3102 245 64 (vertreten
1221 3104 145 50 durch
1410 3107 153 47 Herrn
1601 3122 85 33 van

152 3174 197 67 Gülpen,
373 3175 190 51 Bariton
587 3178 78 49 des
689 3179 204 66 hiesigen
910 3180 240 66 Theaters)
1177 3180 91 50 und
1291 3180 81 50 der
1396 3182 160 66 Hagar
1587 3180 80 66 (tie-

152 3252 66 49 fer
246 3253 94 66 Alt)
371 3255 355 51 entschiedenen
755 3258 231 66 Anklang.
1041 3260 95 49 Das
1175 3259 251 50 Orchester
1469 3260 79 49 hat
1586 3260 102 50 eine

149 3329 291 51 bedeutende
464 3333 94 48 und
581 3335 271 66 schwierige
874 3335 230 68 Aufgabe.
1135 3337 432 49 Bemerkenswerth
1589 3337 98 50 sind

151 3405 71 51 die
251 3408 137 48 tiefen
418 3408 162 67 Lagen
608 3410 82 50 der
717 3413 211 49 Accorde
956 3414 45 48 in
1029 3413 143 51 vielen
1202 3414 296 58 Recitativen,
1541 3414 147 50 denen

151 3484 158 67 häufig
338 3486 107 49 sehr
473 3486 123 51 hohe
636 3490 94 49 und
765 3492 108 64 lang
902 3492 243 64 gehaltene
1174 3492 83 49 der
1286 3492 211 49 Violinen
1526 3493 46 48 in
1600 3492 87 50 den

151 3561 261 63 Schlüssen,
455 3568 280 48 namentlich
779 3569 174 65 einiger
996 3569 172 60 Chöre,
1217 3570 317 66 entsprechen.
1601 3570 87 50 Die

152 3639 254 68 Wirkung,
449 3641 146 51 durch
624 3646 186 50 letztere
841 3646 411 67 hervorgebracht,
1296 3649 56 47 ist
1393 3648 156 66 häufig
1583 3649 107 48 sehr

151 3719 200 65 günstig,
401 3720 170 50 meines
601 3723 211 50 Wissens
848 3723 114 50 aber
1004 3724 155 51 bisher
1200 3725 44 50 in
1280 3725 248 50 Oratorien
1565 3725 125 50 nicht

151 3795 63 48 oft
242 3798 274 63 gebraucht;
558 3800 64 50 sie
651 3803 204 49 erinnert
883 3803 65 49 oft
977 3804 346 48 unwillkürlich
1354 3820 58 33 an
1441 3803 87 49 den
1560 3804 106 48 heili-

151 3888 87 49 gen
271 3875 125 48 Gral.
426 3875 86 48 Die
543 3876 154 52 Chöre
726 3897 157 33 waren
914 3881 360 65 ausgezeichnet.
1309 3883 95 48 Der
1432 3898 55 30 zu
1516 3880 170 51 diesem

151 3950 190 52 wahren
355 3951 284 64 Musikfeste,
664 3973 55 33 an
742 3958 104 49 dem
872 3959 85 51 alle
976 3959 287 49 zahlreichen
1280 3955 158 52 Kräfte
1460 3958 81 49 der
1558 3959 132 49 Stadt

151 4027 294 64 mitwirkten,
468 4030 306 67 gekommene
799 4038 268 66 Componist
1089 4036 175 61 wurde,
1296 4038 85 48 wie
1403 4036 94 50 sein
1517 4036 171 60 Werk,

151 4105 80 48 mit
272 4113 225 62 grösstem
535 4110 160 52 Beifall
737 4115 358 66 aufgenommen
1137 4115 94 51 und
1272 4115 241 50 stürmisch
1556 4115 134 50 nebst

1759 340 103 50 dem
1893 341 268 65 Dirigenten
2202 360 83 32 von
2329 345 103 49 dem
2476 349 243 62 ungemein
2748 350 286 51 zahlreichen
3077 350 91 50 und
3199 354 87 50 wie

1752 416 193 65 jährlich
1976 434 86 32 von
2092 420 118 48 nahe
2239 421 91 49 und
2354 421 94 50 Rsrn
2478 430 543 60 zusammengeströmten
3043 428 242 51 Publicum

1759 494 204 63 gerufen.
2006 495 98 48 Vor
2132 495 80 50 der
2240 498 254 49 Heimkehr
2536 499 77 49 des
2643 517 48 31 so
2723 501 329 53 bescheidenen
3082 507 93 47 und
3205 508 60 47 lie-

1759 570 354 66 benswürdigen
2151 570 235 53 Künstlers
2426 576 191 65 erfolgte
2659 578 116 48 noch
2819 579 98 48 eine
2959 581 194 50 Ovation
3199 583 81 49 der

1759 646 202 65 hiesigen
1990 648 594 68 Männer-Gesangvereine.

1872 724 73 48 Sie
1973 725 157 56 sehen,
2172 725 99 48 dass
2314 728 81 47 wir
2437 729 122 48 nicht
2596 745 99 32 arm
2725 745 57 32 an
2813 730 343 51 musicalischen
3186 735 60 50 Ge-

1755 802 165 47 nüssen
1959 801 116 59 sind,
2116 802 139 49 deren
2297 804 287 67 Aufzählung
2625 806 71 49 ich
2738 806 145 49 durch
2931 808 71 49 die
3052 809 230 51 kleineren

1756 876 221 50 Concerte
2024 877 78 50 des
2146 879 363 50 Musik-Vereins
2561 882 91 49 und
2700 884 347 51 verschiedener
3090 888 193 49 Soireen

1756 952 123 50 nicht
1907 955 268 48 vermehren
2206 955 103 49 will.

2226 1202 194 71 Skraup
2462 1203 100 53 und
2602 1203 205 56 Führer.

1872 1335 152 51 Ueber
2053 1336 71 50 die
2155 1336 162 51 beiden
2349 1338 184 66 obigen,
2578 1338 198 49 kürzlich
2815 1339 323 51 verstorbenen
3178 1357 79 49 pra-

1756 1429 83 48 ger
1867 1414 201 48 Musiker
2099 1414 113 48 wird
2241 1415 80 48 der
3081 1419 170 63 Folgen-

1757 1490 78 48 des
1865 1491 292 65 mitgetheilt:
2201 1493 179 48 Franz
2422 1493 215 64 Skraup
2682 1509 96 33 war
2819 1494 70 47 ein
2923 1494 104 48 sehr
3057 1494 223 66 begabter

1757 1566 94 48 und
1879 1566 403 66 durchgebildeter
2308 1567 204 50 Musiker
2554 1569 91 48 und
2677 1567 258 50 bedeutend
2964 1570 63 48 als
3055 1571 222 65 Dirigent.

1756 1645 97 47 Der
1882 1645 291 65 Glanzpunkt
2198 1646 147 48 seiner
2375 1646 340 48 musicalischen
2747 1646 335 51 Wirksamkeit
3111 1649 94 48 fällt
3234 1650 46 50 in

1756 1720 72 48 die
1849 1722 99 47 Zeit
1969 1720 82 49 der
2074 1721 290 50 Nachblüthe
2388 1722 80 49 der
2493 1739 165 48 prager
2681 1722 340 50 musicalischen
3036 1725 241 49 Zustände.

1756 1799 62 47 Es
1846 1799 56 48 ist
1930 1799 218 57 bekannt,
2176 1799 102 49 dass
2300 1801 174 47 Mozart
2503 1801 76 46 für
2602 1800 79 48 das
2705 1801 308 48 musicalische
3036 1802 121 64 Prag
3178 1804 101 48 eine

1757 1874 216 49 Vorliebe
2004 1875 164 65 hegte;
2197 1880 150 61 später
2377 1876 196 65 fungirte
2602 1876 49 48 C.
2681 1877 59 47 M.
2772 1893 85 31 von
2888 1876 179 50 Weber
3096 1879 63 48 als
3190 1877 58 50 Ca-

1757 1952 296 65 pellmeister;
2071 1952 295 59 Triebensee,
2382 1955 71 47 ein
2472 1954 397 64 ausgezeichneter
2885 1954 234 59 Künstler,
3140 1955 140 49 nahm

1756 2028 117 50 nach
1907 2028 179 50 Weber
2114 2028 88 50 den
2232 2031 123 48 Platz
2385 2031 85 47 ein.
2522 2031 61 47 Es
2613 2045 97 33 war
2738 2030 143 49 daher
2918 2031 105 48 sehr
3051 2031 229 50 ehrenvoll

1759 2106 74 47 für
1861 2107 200 64 Skraup,
2090 2106 116 49 nach
2235 2107 181 48 solchen
2448 2107 316 65 Vorgängern,
2796 2107 229 65 umgeben
3055 2125 83 32 von
3168 2110 84 47 Per-

1753 2182 327 50 sönlichkeiten
2123 2183 85 49 wie
2239 2183 302 56 Tomaschek,
2587 2183 246 58 Wittasek,
2876 2185 172 64 Dionys
3081 2183 198 59 Weber,

1756 2258 119 47 Pixis
1906 2258 93 49 und
2030 2258 216 49 Anderen
2274 2260 80 47 das
2390 2260 268 63 schwierige
2687 2260 190 48 Terrain
2907 2261 81 47 mit
3016 2261 183 48 Würde
3227 2279 57 30 zu

1756 2333 278 66 behaupten.
2065 2335 181 66 Skraup
2269 2335 166 58 diente,
2465 2336 86 48 wie
2574 2351 104 32 man
2702 2342 116 57 sagt,
2841 2351 85 32 von
2947 2335 82 49 der
3050 2336 111 49 Pike
3184 2337 99 56 auf;

1756 2427 81 33 aus
1867 2412 104 48 dem
2002 2412 239 50 Choristen
2272 2412 158 48 wurde
2460 2413 71 47 ein
2561 2412 252 66 Repetitor,
2842 2412 122 50 dann
2992 2413 71 47 ein
3084 2415 200 58 zweiter,

1756 2488 178 50 endlich
1972 2488 82 50 der
2095 2497 117 41 erste
2242 2489 355 67 Capellmeister.
2654 2491 115 47 Dass
2813 2505 45 33 es
2900 2488 59 51 da
2999 2489 122 50 nicht
3162 2491 121 49 ohne

1757 2567 130 48 harte
1911 2567 291 57 Collisionen,
2223 2567 117 48 Neid
2364 2567 92 48 und
2480 2567 295 48 Scheelsucht
2803 2583 85 32 von
2916 2566 81 49 der
3026 2568 130 48 einen
3186 2568 94 48 und

1755 2644 236 65 Intriguen
2020 2661 85 32 von
2136 2643 81 50 der
2245 2644 202 49 anderen
2476 2644 121 49 Seite
2626 2644 187 65 abging,
2861 2644 56 47 ist
2959 2644 134 49 leicht
3133 2644 125 50 einzu-

1756 2721 158 56 sehen,
1944 2737 132 32 wenn
2107 2737 105 32 man
2240 2719 217 59 bedenkt,
2496 2721 87 48 wie
2611 2721 179 48 schwer
2818 2736 45 33 es
2894 2719 131 61 wird,
3068 2737 57 33 an
3162 2722 97 65 eige-

1757 2813 104 33 nem
1891 2798 157 50 Heerd
2077 2816 79 30 zur
2187 2798 200 66 Geltung
2424 2816 52 30 zu
2513 2799 240 64 gelangen.
2809 2797 148 58 Doch,
3001 2815 25 31 o
3069 2799 212 49 Eitelkeit

1759 2876 334 48 menschlichen
2117 2876 236 49 Strebens!
2381 2893 54 31 zu
2465 2892 94 33 was
2589 2876 156 48 führte
2775 2874 118 50 denn
2922 2876 237 64 eigentlich
3190 2876 70 49 die-

1757 2968 73 32 ser
1858 2952 130 51 harte
2019 2953 175 65 Kampf
2217 2953 81 48 mit
2326 2953 103 48 dem
2451 2952 416 51 Leben?—Recht
2890 2952 123 49 hatte
3036 2952 248 66 derjenige,

1760 3028 81 49 der
1870 3029 59 50 da
1955 3037 146 57 sagte,
2142 3029 71 48 die
2255 3033 177 61 grösste
2470 3031 150 48 Kunst
2658 3029 78 56 sei,
2778 3028 118 57 „sich
2927 3027 138 50 selbst
3092 3047 53 30 zu
3175 3028 83 49 ken-

1936 3105 93 50 und
2060 3107 74 48 für
2164 3105 87 50 den
2281 3107 217 48 Künstler
2526 3107 54 48 ist
2609 3105 92 49 dies
2730 3104 248 50 besonders
3004 3122 88 33 von
3125 3107 129 48 Wich-

1760 3183 175 66 tigkeit.
1990 3185 95 49 Das
2112 3183 158 49 Leben
2310 3184 120 48 eines
2466 3183 138 66 jeden
2634 3183 245 49 Menschen
2922 3183 110 65 geht
3073 3183 216 66 gewisser

1761 3263 210 48 Maassen
1999 3262 44 48 in
2072 3262 146 49 einem
2251 3262 256 48 Crescendo
2537 3263 45 47 in
2609 3262 126 48 einer
2763 3260 343 66 aufsteigenden
3135 3263 153 55 Linie;

1761 3339 81 50 auf
1873 3338 103 49 dem
2009 3338 505 66 Culminationspunkte
2557 3338 356 65 angekommen,
2954 3338 171 49 scheint
3152 3356 47 31 es
3227 3340 61 47 im

1762 3415 157 51 besten
1947 3417 128 48 Falle
2103 3417 132 48 einen
2256 3415 293 66 Augenblick
2576 3417 87 48 still
2691 3433 54 31 zu
2773 3417 172 48 stehen.
2974 3417 96 48 Der
3098 3417 187 48 Mensch

1761 3494 174 50 athmet
1966 3494 80 48 frei
2076 3494 100 56 auf;
2220 3493 148 49 seiner
2395 3494 134 50 Kraft
2559 3493 216 58 bewusst,
2814 3493 114 48 sieht
2970 3509 50 33 er
3048 3493 214 66 triumphi-

1762 3570 113 50 rend
1905 3588 76 32 um
2010 3570 93 49 sich
2132 3570 184 59 herum,
2347 3570 119 50 freut
2493 3572 94 48 sich
2617 3570 81 50 der
2726 3569 367 51 überstandenen
3119 3570 139 50 Gefah-

1762 3666 80 33 ren
1873 3649 91 48 und
1992 3649 212 66 Kämpfe,
2235 3650 189 65 vergisst
2452 3648 112 51 aber
2593 3666 86 33 nur
2709 3666 52 31 zu
2791 3649 150 58 leicht,
2970 3648 100 49 dass
3091 3649 122 48 Alles
3241 3649 44 47 in

1761 3725 149 50 dieser
1941 3725 127 50 Welt
2110 3726 73 49 ein
2212 3726 131 49 Ende
2380 3726 88 50 hat.
2527 3728 96 47 Der
2653 3725 231 50 Stillstand
2914 3726 54 47 ist
2996 3742 87 33 nur
3110 3725 150 48 schein-

1762 3804 99 56 bar,
1886 3803 91 49 und
2000 3803 122 50 kann
2146 3820 107 33 man
2274 3804 123 49 nicht
2419 3808 234 53 vorwärts,
2682 3819 48 33 so
2761 3803 108 66 geht
2891 3819 105 33 man
3020 3801 265 50 rückwärts.

1760 3884 62 47 Es
1846 3881 189 68 beginnt
2056 3881 80 50 das
2159 3881 317 51 Decrescendo
2486 3881 144 50 —die
2653 3881 151 59 fatale,
2827 3879 290 67 absteigende
3139 3881 147 58 Linie,

1762 3959 92 49 und
1898 3960 85 48 ehe
2023 3975 105 35 man
2166 3960 131 48 sich's
2326 3959 210 58 versieht,
2578 3959 119 49 steht
2725 3975 104 33 man
2858 3974 72 33 am
2959 3956 132 50 Ende
3120 3987 65 5 —
3213 3975 75 32 am

1761 4035 161 51 Rande
1945 4036 80 50 der
2048 4038 147 49 Gruft.
2227 4038 99 48 Nur
2350 4036 232 66 Wenigen
2604 4038 55 47 ist
2681 4052 45 33 es
2748 4034 225 67 gegeben,
3002 4034 154 51 diesen
3181 4035 81 50 Cul-

1762 4115 390 66 minationspunkt
2178 4133 56 32 zu
2261 4114 233 51 erkennen
2537 4114 92 49 und
2670 4114 70 48 ihr
2771 4111 156 51 Leben
2956 4129 50 32 so
3036 4113 225 49 einzurich-
