2182 3628
96 115 75 47 382

805 128 51 26 LA
889 128 143 27 HARPE
1067 126 322 33 CHROMATIQUE

92 214 179 40 donner
289 214 250 55 vingt-sept
562 228 205 42 gammes
784 217 269 56 complètes.
1085 216 129 42 Cette
1238 216 204 56 harpe-là
1462 216 83 54 fut,
1568 216 23 42 à
1622 216 140 56 partir
1801 217 54 41 de
1885 217 126 55 1845,
2047 230 56 28 en

94 282 157 41 faveur
267 296 56 28 au
350 284 371 43 Conservatoire.

151 351 119 41 Mais
294 362 68 31 cet
385 351 280 44 instrument
685 354 155 42 n'était
858 369 97 42 pas,
981 354 171 55 malgré
1167 353 65 42 les
1254 353 228 42 virtuoses
1505 353 78 56 qui
1603 354 114 42 l'ont
1738 354 87 41 mis
1858 369 56 26 en
1948 355 157 42 valeur

92 420 204 54 pendant
320 420 102 55 plus
448 421 109 41 d'un
579 421 151 53 siècle,
754 437 106 28 sans
882 425 234 54 présenter
1140 424 53 40 de
1218 436 156 41 graves
1395 422 368 43 inconvénients.
1800 423 182 42 Berlioz
2016 423 66 42 lui-

94 489 148 40 même
265 488 64 41 les
363 488 173 55 signale
562 491 112 41 dans
693 505 81 28 son
806 492 159 41 Traité
988 492 41 41 dé
1037 491 402 42 instrumentation
1465 505 13 27 :
1502 508 19 21 «
1550 491 85 41 Les
1656 491 337 55 compositeurs
2032 493 49 40 de-

92 567 136 31 vront
245 557 127 42 avoir
392 557 103 42 soin
512 559 54 41 de
591 560 214 54 prévenir
827 561 212 41 d'avance
1056 561 272 41 l'exécutant
1350 560 59 41 du
1433 559 305 56 changement
1773 560 111 54 qu'il
1904 574 53 27 va
1977 560 128 42 avoir

93 625 24 41 à
141 624 110 42 faire
275 629 21 38 à
320 626 177 56 chaque
521 628 292 42 modulation
834 629 111 41 delà
965 628 236 56 partition,
1229 630 55 40 de
1303 628 42 42 la
1376 628 159 55 pédale
1579 628 112 55 qu'il
1733 642 111 28 aura
1883 628 177 42 bientôt
2082 629 23 41 à

92 694 214 54 prendre,
332 708 80 42 par
435 709 72 28 ces
551 707 120 31 mots
713 697 150 55 placés
904 698 222 55 quelques
1168 711 203 28 mesures
1410 707 135 32 avant
1578 696 216 42 l'endroit
1834 697 267 41 modulant:

348 766 40 40 le
409 767 73 39 sol
499 766 137 49 dièse,
906 768 40 39 le
964 773 73 34 ton
1071 766 98 42 d'ut
1183 768 198 40 naturel.
1407 783 18 21 »
1473 767 72 40 En
1566 779 62 28 un
1667 777 113 39 mot,
1818 766 64 41 les
1921 766 182 55 pédales

94 832 238 42 rendaient
355 832 270 56 impossible
639 844 100 31 tout
762 844 297 31 mouvement
1075 834 336 55 chromatique,
1436 844 126 31 toute
1599 833 290 42 modulation
1929 834 173 55 rapide.

97 903 124 40 Pour
242 915 54 28 en
330 902 178 41 donner
530 916 63 27 un
617 902 220 55 exemple,
856 902 32 41 il
919 917 29 40 y
983 916 24 28 a
1030 903 194 41 certains
1260 917 214 41 passages
1510 904 54 40 de
1611 902 43 42 la
1703 903 241 51 WalkyjHe
1985 917 120 41 pour

92 969 274 42 l'exécution
389 971 212 54 desquels
630 971 31 40 il
680 985 24 26 a
725 971 111 41 fallu
854 970 169 41 diviser
1044 971 63 41 les
1131 971 169 55 parties
1336 982 124 31 entre
1483 971 112 42 trois
1615 971 412 53 instrumentistes;
2053 985 52 27 or

94 1039 172 54 malgré
287 1049 113 30 cette
421 1038 218 52 division,
665 1039 65 40 les
752 1038 226 55 harpistes
997 1039 292 42 n'arrivaient
1308 1040 104 55 qu'à
1432 1041 180 40 donner
1637 1054 89 27 une
1747 1041 99 40 idée
1875 1041 89 40 très
1987 1039 93 42 loin-

94 1106 121 42 taine
239 1107 53 40 de
306 1120 49 27 ce
373 1120 86 41 que
482 1107 205 54 Wagner
703 1121 24 26 a
750 1106 131 43 écrit.
910 1107 60 41 Et
991 1117 101 31 tout
1111 1107 95 41 cela
1225 1107 24 42 à
1288 1122 134 27 cause
1442 1109 62 40 du
1539 1108 283 41 maniement
1856 1109 77 40 des
1969 1109 108 54 péda-

94 1175 80 40 les.
193 1173 37 42 Il
247 1173 143 42 fallait
409 1175 120 40 donc
552 1173 261 56 supprimer
830 1188 73 27 ces
922 1175 183 55 pédales
1125 1175 79 55 qui
1225 1175 327 41 constituaient
1568 1190 62 26 un
1653 1176 217 42 véritable
1885 1176 217 53 obstacle,

95 1242 77 56 qui
197 1241 272 42 semblaient
488 1244 165 49 même,
680 1242 24 41 à
723 1242 43 41 la
785 1241 165 56 simple
969 1256 104 39 vue,
1088 1257 63 27 un
1172 1243 199 41 exercice
1386 1244 55 41 de
1461 1243 324 57 gymnastique
1799 1244 303 55 disgracieux.

151 1312 87 39 Par
258 1309 111 55 quoi
392 1309 64 41 les
478 1310 279 55 remplacer?
781 1310 38 42 Il
840 1310 224 56 s'agissait
1086 1312 55 40 de
1176 1313 125 40 créer
1333 1326 90 27 une
1465 1312 214 42 nouvelle
1719 1312 141 56 harpe
1896 1314 113 40 dans
2044 1312 41 42 la-

94 1378 150 56 quelle
268 1378 177 55 chaque
470 1378 227 42 demi-ton
733 1379 69 41 fût
826 1381 259 53 représenté
1108 1394 82 42 par
1211 1394 90 27 une
1325 1381 154 51 corde,
1526 1380 280 42 c'est-à-dire
1836 1382 137 54 qu'au
2011 1380 93 41 lieu

94 1448 78 40 des
196 1456 98 46 sept
313 1447 162 41 cordes
499 1461 81 41 par
600 1458 157 31 octave
775 1447 235 56 disposées
1024 1448 401 55 diatoniquement
1448 1450 113 41 dans
1583 1450 43 41 la
1663 1450 141 55 harpe
1843 1450 24 41 à
1901 1449 200 56 pédales,

94 1515 33 42 il
150 1514 144 42 fallait
314 1514 220 42 chercher
556 1530 63 26 un
653 1515 197 56 système
875 1516 78 55 qui
976 1517 174 40 donnât
1178 1518 146 40 douze
1364 1518 160 41 cordes
1542 1531 81 42 par
1656 1528 181 31 octaves
1871 1517 234 56 disposées

94 1583 449 54 chromatiquement
562 1597 181 28 comme
767 1599 56 27 au
846 1584 157 56 piano.
1030 1586 132 41 Donc
1180 1597 158 30 autant
1361 1587 54 40 de
1435 1587 160 40 cordes
1615 1600 86 42 que
1726 1587 52 40 de
1799 1597 147 40 notes,
1983 1586 121 42 alors

94 1666 87 41 que
216 1651 40 42 le
298 1651 208 56 principe
540 1653 53 41 de
621 1652 43 43 la
699 1652 140 57 harpe
880 1654 23 41 à
928 1653 184 56 pédales
1147 1665 66 31 est
1251 1655 174 41 d'avoir
1458 1653 153 43 moins
1655 1656 54 40 de
1742 1656 161 41 cordes
1927 1669 87 41 que
2050 1656 53 41 de

94 1731 146 32 notes.

152 1784 64 41 M.
241 1788 199 43 Gustave
466 1790 148 55 Lyon,
640 1790 40 41 le
701 1790 227 41 directeur
945 1791 52 40 de
1020 1791 43 41 la
1082 1791 180 41 maison
1288 1791 171 56 Pleyel,
1478 1806 23 27 a
1522 1792 152 41 résolu
1712 1792 42 42 la
1790 1792 221 42 difficulté
2050 1792 53 41 de

94 1854 42 41 la
161 1857 201 41 manière
379 1858 42 40 la
441 1858 104 54 plus
564 1858 266 55 ingénieuse
849 1858 78 55 qui
948 1873 45 27 se
1011 1858 154 56 puisse
1183 1859 184 42 désirer.
1397 1860 38 41 Il
1458 1874 24 28 a
1501 1860 183 42 inventé
1726 1874 59 28 ou
1828 1860 150 56 plutôt
2011 1862 71 40 réa-

94 1922 82 42 lisé
199 1924 44 42 la
259 1924 140 56 harpe
424 1926 320 56 chromatique
767 1940 55 28 en
858 1928 240 55 disposant
1132 1928 65 41 les
1235 1930 163 40 cordes
1432 1930 54 40 de
1519 1929 43 41 la
1609 1931 149 39 même
1801 1930 134 53 façon
1968 1931 136 53 qu'au

93 1991 166 55 piano;
294 1993 64 41 les
378 1996 161 40 cordes
574 1994 216 42 blanches
814 1996 53 40 de
897 1996 43 41 la
974 1996 141 56 harpe
1166 1998 364 54 correspondent
1555 2011 55 28 en
1647 1998 102 41 effet
1789 2012 88 27 aux
1913 1998 191 41 touches

96 2060 217 43 blanches
334 2063 60 41 du
414 2062 157 56 piano,
590 2073 42 31 et
651 2064 65 40 les
736 2065 160 40 cordes
920 2064 154 41 noires
1095 2067 365 53 correspondent
1479 2080 87 27 aux
1588 2067 372 41 touchesnoires.
1985 2065 120 42 Mais

94 2128 32 42 il
149 2129 63 42 les
231 2144 23 28 a
272 2130 234 56 disposées
528 2145 55 28 en
608 2133 119 40 deux
745 2132 148 56 plans,
918 2133 41 41 le
979 2133 108 55 plan
1111 2135 77 40 des
1209 2135 160 40 cordes
1399 2134 233 55 blanches,
1652 2135 40 41 le
1711 2135 109 56 plan
1846 2136 77 41 des
1943 2136 161 41 cordes

95 2197 154 42 noires
272 2212 9 40 ;
303 2198 32 42 il
359 2213 24 28 a
403 2199 172 42 incliné
600 2215 73 26 ces
697 2202 117 41 deux
837 2201 132 56 plans
992 2202 95 41 l'un
1109 2217 77 26 sur
1204 2203 160 42 l'autre
1401 2213 41 32 et
1463 2203 33 42 il
1521 2217 24 29 a
1575 2203 146 42 croisé
1754 2204 62 41 les
1856 2205 178 52 cordes,
2051 2204 53 41 de

94 2266 103 42 telle
221 2278 119 31 sorte
362 2283 87 40 que
463 2269 64 40 les
548 2271 160 40 cordes
733 2270 153 41 noires
908 2281 253 31 traversent
1183 2271 38 41 le
1242 2271 109 55 plan
1376 2272 77 40 des
1473 2273 161 40 cordes
1658 2272 218 42 blanches
1896 2283 124 31 entre
2041 2272 64 40 les

95 2336 117 40 deux
235 2337 160 41 cordes
416 2337 219 42 blanches
659 2339 80 55 qui
762 2352 56 28 au
841 2339 140 55 piano
999 2339 344 41 encadreraient
1361 2340 42 42 la
1423 2342 148 40 même
1592 2353 106 29 note
1718 2341 129 41 noire
1881 2355 86 42 que
1994 2340 111 42 celle

94 2404 54 40 de
171 2403 42 42 la
234 2405 213 41 nouvelle
471 2406 156 56 harpe.

153 2473 119 52 Quel
294 2484 64 31 est
380 2474 41 40 le
444 2474 200 56 premier
661 2486 218 46 avantage
896 2477 54 41 de
973 2490 48 27 ce
1045 2476 195 56 système
1256 2479 16 39 ?
1296 2477 122 41 C'est
1442 2491 87 41 que
1553 2477 176 56 chaque
1750 2478 126 41 main
1898 2479 54 40 de
1973 2478 110 41 l'exé-

94 2551 157 33 cutant
274 2556 24 28 a
321 2543 127 41 accès
468 2543 264 43 facilement
780 2559 56 28 au
860 2545 278 42 croisement
1162 2547 77 39 des
1265 2546 118 41 deux
1413 2546 149 55 plans.
1606 2546 136 42 Voilà
1780 2546 39 41 la
1860 2546 241 52 difficulté,

94 2610 113 42 dans
231 2611 195 42 certains
447 2626 73 27 cas
545 2615 148 39 même
717 2613 362 56 l'impossibilité
1122 2614 140 55 qu'on
1310 2614 120 42 avait
1467 2615 24 41 à
1528 2629 45 26 se
1609 2615 143 41 servir
1788 2616 77 40 des
1896 2615 205 55 pédales,

94 2679 357 55 complètement
470 2681 196 55 aplanie.
693 2683 84 40 Les
811 2696 247 28 morceaux
1078 2683 206 54 simples,
1311 2683 115 42 mais
1447 2683 170 55 qu'une
1653 2683 295 42 modulation
1989 2683 93 42 inat-

94 2748 168 40 tendue
282 2749 308 55 compliquait
611 2749 117 56 jadis
752 2751 54 41 de
824 2751 134 54 façon
982 2751 248 56 effrayante
1253 2766 119 41 pour
1392 2752 42 41 la
1456 2752 155 55 harpe,
1637 2762 115 31 vont
1774 2752 201 56 pouvoir
2013 2754 90 40 être

95 2816 208 41 exécutés
326 2830 106 28 avec
451 2817 184 42 facilité.
660 2819 66 41 M.
750 2819 186 43 Ch.-M.
971 2820 183 51 Widor,
1181 2820 40 41 le
1242 2820 231 55 distingué
1493 2820 331 56 compositeur,
1859 2821 165 43 saluait
2049 2835 56 27 en

94 2897 74 28 ces
186 2893 166 32 termes
374 2884 44 42 la
440 2885 140 56 harpe
604 2886 24 41 à
650 2887 42 41 la
724 2890 156 52 portée
903 2888 53 41 de
976 2899 104 31 tous
1103 2889 113 41 dans
1237 2902 62 28 un
1319 2888 155 42 article
1495 2889 320 56 remarquable
1842 2902 7 30 :

151 2968 18 21 «
209 2952 85 41 Les
315 2952 257 43 citharistes
593 2954 248 43 d'Athènes
865 2957 296 41 s'amusaient
1183 2958 53 40 de
1257 2967 149 46 temps
1426 2956 23 43 à
1472 2969 127 31 autre
1639 2958 24 42 à
1705 2959 219 56 s'essayer
1957 2974 77 27 sur
2062 2959 43 42 la

92 3019 112 57 lyre,
228 3034 49 28 ce
298 3021 154 42 n'était
467 3036 119 41 pour
607 3036 85 28 eux
712 3037 87 41 que
820 3024 72 55 jeu
916 3025 218 42 d'enfant.
1157 3025 124 51 Tels,
1302 3025 64 41 les
1389 3025 222 56 pianistes
1628 3027 343 56 d'aujourd'hui
1995 3038 111 31 vont

92 3089 201 55 pouvoir
312 3104 55 27 en
389 3090 223 56 quelques
634 3090 126 56 jours
779 3106 44 27 se
844 3092 148 42 tailler
1007 3107 91 28 une
1133 3094 262 54 réputation
1432 3095 52 40 de
1524 3095 212 42 brillants
1777 3096 227 41 virtuoses
2029 3111 77 26 sur

91 3157 44 42 la
158 3158 140 56 harpe
320 3159 215 41 nouvelle
560 3170 40 30 et
632 3159 306 43 chromatiser
956 3172 100 31 tout
1080 3167 20 35 à
1126 3161 140 51 l'aise,
1282 3162 303 56 interprétant
1615 3164 391 42 indifféremment
2029 3166 77 40 des

93 3227 174 41 Etudes
291 3228 53 41 de
371 3228 209 52 Henselt,
601 3229 77 40 des
699 3228 149 42 Suites
872 3229 53 42 de
951 3230 287 52 Schumann,
1261 3231 79 41 des
1367 3232 222 42 Préludes
1622 3234 52 40 de
1701 3233 204 55 Chopin,
1928 3247 149 29 accom-

91 3307 203 44 pagnant
310 3297 79 41 des
412 3297 115 42 lieds
546 3299 53 40 de
623 3298 162 50 Fauré,
812 3299 77 40 des
933 3299 224 42 mélodies
1181 3301 54 40 de
1260 3299 233 53 Bruneau,
1517 3302 78 40 des
1619 3302 229 42 cavatines
1893 3302 186 42 d'Erlan-

92 3378 93 41 ger,
207 3365 138 42 chose
367 3366 24 41 à
408 3380 88 42 peu
519 3367 102 55 près
644 3366 273 56 impossible
934 3366 131 56 jadis.
1086 3381 21 28 »
1134 3368 170 53 Quand
1328 3384 62 26 un
1428 3372 162 40 maître
1633 3371 53 41 de
1728 3370 43 42 la
1809 3373 296 53 compétence

91 3433 55 42 de
169 3435 64 41 M.
259 3434 190 45 Ch.-M.
473 3435 171 43 Widor
664 3435 208 57 apprécie
896 3435 117 43 ainsi
1046 3450 64 28 un
1130 3437 281 43 instrument
1442 3450 42 32 et
1524 3450 205 32 constate
1752 3454 107 29 avec
1882 3450 114 32 cette
2014 3440 91 54 joie
