2149 3629
81 139 75 52 384

760 152 51 26 LA
842 147 200 36 MUSIQUE
1075 147 82 28 DES
1189 139 219 36 MEVLÉVIS

82 242 172 52 cution,
279 255 54 27 au
371 240 135 42 choix
530 240 76 41 des
628 254 245 28 morceaux
893 238 78 57 qui
995 236 107 44 était
1124 238 108 40 d'un
1254 236 223 42 caractère
1513 235 104 56 plus
1636 234 240 56 artistique
1904 234 94 55 (car
2022 248 62 28 on

79 323 23 28 a
126 309 244 56 interprété
403 310 53 41 de
480 323 204 28 sœuvres
719 308 252 55 classiques
1013 308 53 40 de
1095 305 139 56 piano
1259 304 79 56 qui
1371 302 325 44 demandaient
1720 304 60 40 du
1813 305 110 52 goût
1946 313 42 30 et
2021 304 61 39 du

82 379 129 56 style,
254 391 178 28 œuvres
473 391 86 42 que
594 377 43 42 la
657 379 138 54 harpe
816 377 23 42 à
861 375 183 58 pédales
1068 389 55 27 ne
1140 385 108 46 peut
1267 374 212 54 aborder)
1508 386 10 40 ;
1542 372 122 41 enfin
1688 371 82 42 àla
1792 371 193 56 rapidité
2006 372 77 41 des

80 447 174 52 études,
299 460 76 28 car
395 460 60 27 on
474 445 120 43 avait
613 446 147 41 formé
784 459 118 43 pour
922 442 117 45 ainsi
1060 442 95 42 dire
1179 442 354 56 spontanément
1555 441 77 41 des
1655 438 252 44 musiciens
1923 438 161 56 dignes

82 515 53 40 de
158 529 48 26 ce
240 527 125 29 nom.

139 584 57 41 Et
233 596 180 28 comme
450 582 37 42 si
525 593 113 32 cette
676 582 267 57 expérience
966 595 56 28 ne
1041 579 193 44 suffisait
1255 592 98 43 pas,
1368 592 56 28 au
1447 576 356 45 Conservatoire
1827 577 53 42 de
1905 576 116 41 Lille
2043 576 41 41 le

82 650 157 44 succès
261 649 106 42 était
383 650 113 42 dans
515 650 65 42 les
602 652 172 40 mêmes
792 648 312 58 proportions.

136 719 135 43 Voilà
309 733 118 41 pour
459 719 63 42 les
571 719 160 42 élèves.
768 719 229 55 Ajoutons
1038 732 88 42 que
1159 718 77 40 des
1278 718 184 40 maîtres
1490 728 180 28 comme
1687 714 65 42 les
1771 714 167 55 grands
1957 713 127 42 chefs

82 788 282 43 d'orchestre
403 788 188 42 Richter
623 799 42 31 et
698 788 136 42 Mottl
867 798 78 30 ont
968 786 145 56 dirigé
1136 800 56 28 au
1212 785 119 42 mois
1353 785 52 41 de
1427 783 91 43 mai
1536 784 24 40 à
1575 783 130 41 Paris
1724 783 63 40 les
1805 783 254 54 représenta-

83 856 122 43 tions
244 856 54 41 de
331 856 189 42 Tristan
540 864 45 34 et
1137 857 155 41 Yseult
776 868 41 30 et
837 856 61 41 du
921 856 276 55 Crépuscule
1218 855 77 41 des
1316 854 156 42 Dieux
1494 866 16 38 ;
1532 851 56 42 ils
1611 861 81 32 ont
1714 851 66 41 été
1803 849 282 43 émerveillés

83 926 53 41 de
171 925 42 43 la
252 925 202 43 sonorité
489 935 42 32 et
567 926 53 39 de
643 925 43 40 la
721 924 167 41 facilité
908 922 395 57 d'interprétation
1328 922 77 42 des
1428 920 166 57 parties
1615 921 53 42 de
1691 920 139 56 harpe
1853 920 231 40 exécutées

83 1009 81 41 par
183 995 42 42 la
246 996 139 54 harpe
402 993 336 55 chromatique.

307 1088 53 54 (.A
385 1087 189 53 suivre.)

1427 1152 139 41 LOUIS
1589 1151 267 42 SCHNEIDER.

1478 1390 63 55 (0

629 1393 77 41 La
741 1392 266 53 Musique
1040 1392 103 42 des
1176 1392 280 42 Mevlévis

1061 1510 55 25 ou

844 1590 227 39 Derviches
1106 1592 238 36 Tourneurs

145 1719 136 45 Pour
322 1717 44 46 la
413 1716 158 63 partie
620 1716 399 60 instrumentale,
1063 1717 69 45 les
1174 1716 236 46 mevlévis
1451 1732 49 30 se
1531 1716 319 47 conforment
1894 1726 163 36 exacte-

81 1810 139 34 ment
240 1814 96 30 aux
356 1797 155 62 règles
541 1796 397 47 traditionnelles
962 1813 61 29 en
1063 1813 152 45 usage
1244 1797 122 46 dans
1396 1796 69 46 les
1489 1807 225 35 concerts
1738 1796 278 46 orientaux.

145 1880 84 46 Un
258 1877 252 46 orchestre
539 1877 162 59 arabe,
747 1889 107 34 turc
895 1894 62 29 ou
988 1893 181 45 persan
1204 1887 258 51 comporte
1502 1876 424 46 essentiellement
1955 1877 129 45 deux

82 1975 174 46 genres
276 1959 380 47 d'instruments
679 1971 8 33 :
719 1967 43 37 i°
779 1959 69 45 les
865 1957 329 47 instruments
1215 1959 261 45 chantants
1494 1970 9 33 :
1654 1957 136 57 onde,

83 2051 89 33 etc.
199 2051 11 47 ;
244 2053 50 33 2°
317 2039 68 45 les
416 2039 329 45 instruments
775 2042 27 42 à
830 2037 293 63 percussion
1146 2051 9 33 :
1297 2037 257 59 koudoum,
1778 2074 11 23 ,
1822 2050 91 33 etc.

145 2121 94 45 Les
275 2119 261 62 premiers,
562 2120 232 46 accordés
816 2124 25 42 à
870 2119 165 47 divers
1057 2119 114 63 diap
1203 2135 139 45 aons,
1376 2122 260 44 exécutent
1660 2131 113 35 tous
1804 2120 43 44 la
1867 2117 216 47 mélodie

82 2202 25 44 à
131 2199 263 59 l'unisson,
421 2199 199 47 suivant
642 2200 44 46 la
715 2211 235 35 coutume
983 2199 221 62 antique.

143 2282 95 45 Les
268 2281 209 46 seconds
498 2280 226 61 ajoutent
747 2284 26 43 à
803 2281 43 46 la
870 2281 226 61 mélopée
1119 2296 52 31 ce
1193 2296 96 46 que
1321 2280 228 48 Salvator
1571 2280 177 47 Daniel
1780 2296 25 30 a
1841 2280 97 46 fort
1968 2280 116 46 bien

82 2364 266 44 dénommé
373 2375 8 33 :
416 2362 26 45 Y
449 2362 252 46 harmonie
726 2362 275 63 rythmique
1025 2381 14 27 :
1077 2380 22 24 «
1138 2361 135 48 C'est
1301 2362 62 59 là,
1390 2361 250 47 observait
1669 2361 417 61 judicieusement

82 2444 42 45 le
169 2449 163 40 même
362 2455 192 47 auteur,
581 2445 117 43 c'est
734 2442 44 47 là
807 2459 98 30 une
934 2444 86 45 des
1066 2442 184 63 parties
1298 2444 69 44 les
1411 2444 112 61 plus
1565 2442 356 47 intéressantes
1946 2455 46 33 et
2015 2442 69 46 les

83 2525 112 62 plus
215 2524 226 47 difficiles
470 2528 27 41 à
526 2524 144 47 saisir
691 2525 59 46 de
770 2536 125 33 cette
916 2524 249 62 musique,
1189 2535 47 36 et
1263 2540 53 31 ce
1339 2524 86 62 qui
1456 2541 25 30 a
1500 2522 88 47 fait
1610 2524 104 45 dire
1738 2528 26 41 à
1787 2535 106 34 tant
1912 2522 150 47 d'écri-

81 2605 140 47 vains
243 2621 95 46 que
369 2606 68 45 les
460 2605 189 47 Arabes
674 2605 247 47 n'avaient
940 2621 88 46 pas
1058 2606 42 45 le
1122 2621 112 31 sens
1254 2608 58 44 de
1334 2606 44 46 la
1401 2620 197 32 mesure
1634 2605 68 62 (2)
1735 2624 42 27 ».
1811 2604 143 48 Cette
1974 2605 83 46 der-

82 2686 136 46 nière
248 2685 320 61 affirmation,
595 2702 62 30 en
680 2686 128 60 effet,
831 2688 126 44 n'est
980 2686 106 46 rien
1107 2686 165 47 moins
1293 2688 270 59 qu'exacte,
1585 2685 127 46 mais
1737 2685 31 44 il
1794 2696 72 35 est
1895 2685 99 46 aisé
2025 2686 59 45 de

83 2769 329 60 comprendre
450 2783 52 30 ce
550 2768 88 61 qui
687 2784 27 29 a
766 2784 68 46 pu
889 2784 32 46 y
957 2769 195 44 donner
1198 2768 97 47 lieu
1321 2780 9 33 :
1389 2769 124 44 dans
1569 2783 68 30 un
1677 2778 200 35 concert
1919 2766 138 46 orien-

83 2848 83 57 tal,
214 2846 143 61 point
404 2848 60 45 de
492 2848 115 45 chef
643 2863 130 46 pour
808 2848 159 45 battre
1004 2849 44 44 la
1094 2863 197 30 mesure
1339 2849 66 44 du
1442 2859 151 50 geste,
1643 2859 45 33 et
1728 2846 185 63 diriger
1947 2848 115 44 l'exé-

82 2926 172 47 cution
273 2928 227 61 générale
520 2940 11 47 ;
563 2943 61 30 en
660 2944 294 46 apparence,
987 2940 108 35 tout
1118 2929 133 46 obéit
1272 2945 61 30 au
1354 2929 196 62 rythme
1574 2940 47 35 et
1650 2944 60 32 au
1731 2929 197 62 rythme
1959 2928 124 58 seul,

82 3011 209 59 marqué
331 3006 411 49 simultanément
770 3023 89 47 par
898 3009 69 46 les
987 3009 329 46 instruments
1340 3010 60 45 de
1448 3009 311 62 percussion.
1787 3008 120 48 Cela
1936 3010 120 45 n'em-

83 3089 154 63 pêche
260 3089 279 47 nullement
560 3089 70 46 les
649 3090 206 61 peuples
877 3088 231 49 d'Orient
1136 3091 58 45 de
1215 3089 119 47 faire
1363 3107 151 47 usage
1543 3091 125 46 dans
1690 3091 130 46 leurs
1843 3089 241 48 mélodies

83 3171 147 46 d'une
267 3175 269 42 étonnante
564 3169 186 48 variété
788 3170 60 46 de
867 3185 224 32 mesures
1114 3183 12 48 ;
1160 3182 137 35 toute
1321 3171 45 46 la
1389 3171 237 47 difficulté
1646 3184 73 33 est
1742 3173 59 44 de
1832 3170 164 48 savoir
2017 3171 69 45 les

83 3254 312 44 reconnaître
421 3265 11 33 :
464 3251 108 47 leur
614 3250 421 62 compréhension
1075 3267 85 31 sur
1188 3268 51 29 ce
1276 3251 143 63 point
1439 3265 73 35 est
1541 3254 128 46 donc
1698 3267 131 48 pour
1848 3253 41 45 le
1919 3250 167 48 moins

134 3397 57 51 (1)
211 3397 106 39 Voir
337 3397 39 39 la
400 3399 141 38 Revue
567 3397 155 40 d'août.

134 3461 53 50 (2)
210 3461 65 39 La
298 3461 196 50 Musique
512 3461 144 49 arabe,
680 3460 122 51 chap.
820 3472 44 36 11,
883 3472 42 38 p.
953 3472 59 38 19.
