<?xml version="1.0" encoding="UTF-8"?>
<alto xmlns:xsi="http://www.w3.org/2001/XMLSchema-instance" xmlns="http://www.loc.gov/standards/alto/ns-v2#" xsi:schemaLocation="http://www.loc.gov/standards/alto/ns-v2# http://www.loc.gov/standards/alto/alto-v2.0.xsd" xmlns:xlink="http://www.w3.org/1999/xlink">
	<Description>
		<MeasurementUnit>mm10</MeasurementUnit>
		<sourceImageInformation>
			<fileName>//fileserver7/IN2-2/Princeton/bmtnabj/1902/09_01/00000401.tif</fileName>
		</sourceImageInformation>
		<OCRProcessing ID="OCRPROCESSING_1">
			<preProcessingStep>
				<processingSoftware>
					<softwareCreator>CCS Content Conversion Specialists GmbH, Germany</softwareCreator>
					<softwareName>CCS docWorks</softwareName>
					<softwareVersion>6.7-1.20</softwareVersion>
				</processingSoftware>
			</preProcessingStep>
			<ocrProcessingStep>
				<processingSoftware>
					<softwareCreator>ABBYY (BIT Software), Russia</softwareCreator>
					<softwareName>FineReader</softwareName>
					<softwareVersion>10.0</softwareVersion>
				</processingSoftware>
			</ocrProcessingStep>
		</OCRProcessing>
	</Description>
	<Styles>
		<TextStyle ID="TXT_0" FONTSIZE="17" FONTFAMILY="Times New Roman"/>
		<TextStyle ID="TXT_1" FONTSIZE="13" FONTFAMILY="Times New Roman"/>
		<TextStyle ID="TXT_2" FONTSIZE="15" FONTFAMILY="Times New Roman"/>
		<TextStyle ID="TXT_3" FONTSIZE="12" FONTFAMILY="Times New Roman"/>
		<TextStyle ID="TXT_4" FONTSIZE="18" FONTFAMILY="Times New Roman" FONTSTYLE="bold"/>
		<TextStyle ID="TXT_5" FONTSIZE="15" FONTFAMILY="Times New Roman" FONTSTYLE="italics"/>
		<ParagraphStyle ID="PAR_RIGHT" ALIGN="Right"/>
		<ParagraphStyle ID="PAR_CENTER" ALIGN="Center"/>
		<ParagraphStyle ID="PAR_BLOCK" ALIGN="Block"/>
	</Styles>
	<Layout>
		<Page ID="P13" PHYSICAL_IMG_NR="13" HEIGHT="3629" WIDTH="2149" PRINTED_IMG_NR="381" PC="0.956">
			<TopMargin ID="P13_TM00001" HPOS="0" VPOS="0" WIDTH="2149" HEIGHT="208">
				<TextBlock ID="P13_TB00001" HPOS="1986" VPOS="155" WIDTH="74" HEIGHT="51" STYLEREFS="TXT_0 PAR_RIGHT">
					<TextLine ID="P13_TL00001" HPOS="1986" VPOS="155" WIDTH="74" HEIGHT="51">
						<String ID="P13_ST00001" HPOS="1986" VPOS="155" WIDTH="74" HEIGHT="51" CONTENT="381" WC="1.00" CC="000"/>
					</TextLine>
				</TextBlock>
				<TextBlock ID="P13_TB00002" HPOS="783" VPOS="164" WIDTH="576" HEIGHT="33" STYLEREFS="TXT_1 PAR_CENTER">
					<TextLine ID="P13_TL00002" HPOS="783" VPOS="165" WIDTH="576" HEIGHT="32">
						<String ID="P13_ST00002" HPOS="783" VPOS="166" WIDTH="52" HEIGHT="27" CONTENT="LA" WC="0.45" CC="46"/>
						<SP ID="P13_SP00001" HPOS="835" VPOS="193" WIDTH="31"/>
						<String ID="P13_ST00003" HPOS="866" VPOS="167" WIDTH="143" HEIGHT="27" CONTENT="HARPE" WC="0.99" CC="02030"/>
						<SP ID="P13_SP00002" HPOS="1009" VPOS="194" WIDTH="33"/>
						<String ID="P13_ST00004" HPOS="1042" VPOS="165" WIDTH="317" HEIGHT="32" CONTENT="CHROMATIQUE" WC="0.99" CC="41043024440"/>
						<SP ID="P13_SP00003" HPOS="1359" VPOS="197" WIDTH="0"/>
					</TextLine>
				</TextBlock>
			</TopMargin>
			<LeftMargin ID="P13_LM00001" HPOS="0" VPOS="208" WIDTH="75" HEIGHT="3285"/>
			<RightMargin ID="P13_RM00001" HPOS="2074" VPOS="208" WIDTH="75" HEIGHT="3285"/>
			<BottomMargin ID="P13_BM00001" HPOS="0" VPOS="3493" WIDTH="2149" HEIGHT="136"/>
			<PrintSpace ID="P13_PS00001" HPOS="75" VPOS="208" WIDTH="1999" HEIGHT="3285">
				<TextBlock ID="P13_TB00003" HPOS="75" VPOS="250" WIDTH="1989" HEIGHT="262" STYLEREFS="TXT_2 PAR_BLOCK">
					<TextLine ID="P13_TL00003" HPOS="76" VPOS="251" WIDTH="1987" HEIGHT="62">
						<String ID="P13_ST00005" HPOS="76" VPOS="251" WIDTH="151" HEIGHT="42" CONTENT="moins" WC="0.98" CC="00370"/>
						<SP ID="P13_SP00004" HPOS="227" VPOS="293" WIDTH="24"/>
						<String ID="P13_ST00006" HPOS="251" VPOS="252" WIDTH="151" HEIGHT="42" CONTENT="faut-il" WC="0.99" CC="1610540"/>
						<SP ID="P13_SP00005" HPOS="402" VPOS="294" WIDTH="17"/>
						<String ID="P13_ST00007" HPOS="419" VPOS="254" WIDTH="66" HEIGHT="41" CONTENT="lui" WC="0.96" CC="431"/>
						<SP ID="P13_SP00006" HPOS="485" VPOS="295" WIDTH="23"/>
						<String ID="P13_ST00008" HPOS="508" VPOS="254" WIDTH="175" HEIGHT="54" CONTENT="ajouter" WC="0.99" CC="2000006"/>
						<SP ID="P13_SP00007" HPOS="683" VPOS="308" WIDTH="20"/>
						<String ID="P13_ST00009" HPOS="703" VPOS="256" WIDTH="119" HEIGHT="41" CONTENT="alors" WC="1.00" CC="00040"/>
						<SP ID="P13_SP00008" HPOS="822" VPOS="308" WIDTH="20"/>
						<String ID="P13_ST00010" HPOS="842" VPOS="270" WIDTH="179" HEIGHT="27" CONTENT="comme" WC="0.99" CC="00050"/>
						<SP ID="P13_SP00009" HPOS="1021" VPOS="308" WIDTH="17"/>
						<String ID="P13_ST00011" HPOS="1038" VPOS="254" WIDTH="216" HEIGHT="42" CONTENT="correctif" WC="1.00" CC="006030002"/>
						<SP ID="P13_SP00010" HPOS="1254" VPOS="308" WIDTH="9"/>
						<String ID="P13_ST00012" HPOS="1263" VPOS="255" WIDTH="236" HEIGHT="56" CONTENT="l'exemple" WC="0.99" CC="540526220"/>
						<SP ID="P13_SP00011" HPOS="1499" VPOS="311" WIDTH="24"/>
						<String ID="P13_ST00013" HPOS="1523" VPOS="258" WIDTH="52" HEIGHT="39" CONTENT="de" WC="1.00" CC="00"/>
						<SP ID="P13_SP00012" HPOS="1575" VPOS="311" WIDTH="32"/>
						<String ID="P13_ST00014" HPOS="1607" VPOS="257" WIDTH="153" HEIGHT="50" CONTENT="Verdi," WC="0.98" CC="509004"/>
						<SP ID="P13_SP00013" HPOS="1760" VPOS="311" WIDTH="32"/>
						<String ID="P13_ST00015" HPOS="1792" VPOS="257" WIDTH="95" HEIGHT="56" CONTENT="qui," WC="0.97" CC="6024"/>
						<SP ID="P13_SP00014" HPOS="1887" VPOS="313" WIDTH="25"/>
						<String ID="P13_ST00016" HPOS="1912" VPOS="256" WIDTH="151" HEIGHT="41" CONTENT="moins" WC="1.00" CC="00030"/>
					</TextLine>
					<TextLine ID="P13_TL00004" HPOS="75" VPOS="320" WIDTH="1989" HEIGHT="59">
						<String ID="P13_ST00017" HPOS="75" VPOS="320" WIDTH="335" HEIGHT="55" CONTENT="puissamment" WC="1.00" CC="16300000000"/>
						<SP ID="P13_SP00015" HPOS="410" VPOS="375" WIDTH="42"/>
						<String ID="P13_ST00018" HPOS="452" VPOS="324" WIDTH="133" HEIGHT="52" CONTENT="doué," WC="0.99" CC="00404"/>
						<SP ID="P13_SP00016" HPOS="585" VPOS="376" WIDTH="35"/>
						<String ID="P13_ST00019" HPOS="620" VPOS="324" WIDTH="23" HEIGHT="40" CONTENT="à" WC="1.00" CC="0"/>
						<SP ID="P13_SP00017" HPOS="643" VPOS="376" WIDTH="39"/>
						<String ID="P13_ST00020" HPOS="682" VPOS="338" WIDTH="47" HEIGHT="26" CONTENT="ce" WC="1.00" CC="00"/>
						<SP ID="P13_SP00018" HPOS="729" VPOS="376" WIDTH="35"/>
						<String ID="P13_ST00021" HPOS="764" VPOS="324" WIDTH="111" HEIGHT="54" CONTENT="qu'il" WC="1.00" CC="00012"/>
						<SP ID="P13_SP00019" HPOS="875" VPOS="378" WIDTH="41"/>
						<String ID="P13_ST00022" HPOS="916" VPOS="323" WIDTH="185" HEIGHT="50" CONTENT="semble," WC="1.00" CC="0000004"/>
						<SP ID="P13_SP00020" HPOS="1101" VPOS="378" WIDTH="37"/>
						<String ID="P13_ST00023" HPOS="1138" VPOS="336" WIDTH="44" HEIGHT="27" CONTENT="se" WC="1.00" CC="00"/>
						<SP ID="P13_SP00021" HPOS="1182" VPOS="378" WIDTH="47"/>
						<String ID="P13_ST00024" HPOS="1229" VPOS="324" WIDTH="244" HEIGHT="41" CONTENT="renouvela" WC="0.99" CC="300405100"/>
						<SP ID="P13_SP00022" HPOS="1473" VPOS="378" WIDTH="38"/>
						<String ID="P13_ST00025" HPOS="1511" VPOS="336" WIDTH="336" HEIGHT="31" CONTENT="constamment" WC="1.00" CC="50703000030"/>
						<SP ID="P13_SP00023" HPOS="1847" VPOS="378" WIDTH="40"/>
						<String ID="P13_ST00026" HPOS="1887" VPOS="324" WIDTH="177" HEIGHT="55" CONTENT="jusqu'à" WC="0.99" CC="6600540"/>
					</TextLine>
					<TextLine ID="P13_TL00005" HPOS="75" VPOS="390" WIDTH="1988" HEIGHT="58">
						<String ID="P13_ST00027" HPOS="75" VPOS="402" WIDTH="47" HEIGHT="26" CONTENT="sa" WC="1.00" CC="00"/>
						<SP ID="P13_SP00024" HPOS="122" VPOS="428" WIDTH="26"/>
						<String ID="P13_ST00028" HPOS="148" VPOS="400" WIDTH="119" HEIGHT="30" CONTENT="mort" WC="1.00" CC="0000"/>
						<SP ID="P13_SP00025" HPOS="267" VPOS="430" WIDTH="27"/>
						<String ID="P13_ST00029" HPOS="294" VPOS="404" WIDTH="81" HEIGHT="41" CONTENT="par" WC="1.00" CC="000"/>
						<SP ID="P13_SP00026" HPOS="375" VPOS="445" WIDTH="39"/>
						<String ID="P13_ST00030" HPOS="414" VPOS="404" WIDTH="62" HEIGHT="27" CONTENT="un" WC="0.69" CC="06"/>
						<SP ID="P13_SP00027" HPOS="476" VPOS="445" WIDTH="32"/>
						<String ID="P13_ST00031" HPOS="508" VPOS="390" WIDTH="158" HEIGHT="41" CONTENT="labeur" WC="0.99" CC="000063"/>
						<SP ID="P13_SP00028" HPOS="666" VPOS="445" WIDTH="37"/>
						<String ID="P13_ST00032" HPOS="703" VPOS="391" WIDTH="241" HEIGHT="41" CONTENT="incessant." WC="0.99" CC="5700200843"/>
						<SP ID="P13_SP00029" HPOS="944" VPOS="445" WIDTH="39"/>
						<String ID="P13_ST00033" HPOS="983" VPOS="392" WIDTH="83" HEIGHT="39" CONTENT="Les" WC="1.00" CC="000"/>
						<SP ID="P13_SP00030" HPOS="1066" VPOS="445" WIDTH="38"/>
						<String ID="P13_ST00034" HPOS="1104" VPOS="391" WIDTH="117" HEIGHT="41" CONTENT="deux" WC="0.97" CC="0039"/>
						<SP ID="P13_SP00031" HPOS="1221" VPOS="445" WIDTH="31"/>
						<String ID="P13_ST00035" HPOS="1252" VPOS="393" WIDTH="181" HEIGHT="38" CONTENT="maîtres" WC="0.99" CC="0070610"/>
						<SP ID="P13_SP00032" HPOS="1433" VPOS="445" WIDTH="33"/>
						<String ID="P13_ST00036" HPOS="1466" VPOS="405" WIDTH="44" HEIGHT="27" CONTENT="se" WC="1.00" CC="00"/>
						<SP ID="P13_SP00033" HPOS="1510" VPOS="445" WIDTH="30"/>
						<String ID="P13_ST00037" HPOS="1540" VPOS="393" WIDTH="292" HEIGHT="55" CONTENT="complètent," WC="1.00" CC="00002020302"/>
						<SP ID="P13_SP00034" HPOS="1832" VPOS="448" WIDTH="26"/>
						<String ID="P13_ST00038" HPOS="1858" VPOS="404" WIDTH="57" HEIGHT="43" CONTENT="et," WC="0.98" CC="004"/>
						<SP ID="P13_SP00035" HPOS="1915" VPOS="448" WIDTH="26"/>
						<String ID="P13_ST00039" HPOS="1941" VPOS="392" WIDTH="122" HEIGHT="50" CONTENT="unis," WC="1.00" CC="00100"/>
					</TextLine>
					<TextLine ID="P13_TL00006" HPOS="78" VPOS="457" WIDTH="1677" HEIGHT="55">
						<String ID="P13_ST00040" HPOS="78" VPOS="457" WIDTH="210" HEIGHT="41" CONTENT="donnent" WC="1.00" CC="0000002"/>
						<SP ID="P13_SP00036" HPOS="288" VPOS="498" WIDTH="23"/>
						<String ID="P13_ST00041" HPOS="311" VPOS="472" WIDTH="89" HEIGHT="27" CONTENT="une" WC="0.97" CC="240"/>
						<SP ID="P13_SP00037" HPOS="400" VPOS="499" WIDTH="19"/>
						<String ID="P13_ST00042" HPOS="419" VPOS="459" WIDTH="97" HEIGHT="40" CONTENT="idée" WC="1.00" CC="0010"/>
						<SP ID="P13_SP00038" HPOS="516" VPOS="499" WIDTH="21"/>
						<String ID="P13_ST00043" HPOS="537" VPOS="458" WIDTH="323" HEIGHT="42" CONTENT="harmonieuse" WC="1.00" CC="60000040100"/>
						<SP ID="P13_SP00039" HPOS="860" VPOS="500" WIDTH="21"/>
						<String ID="P13_ST00044" HPOS="881" VPOS="468" WIDTH="40" HEIGHT="31" CONTENT="et" WC="0.83" CC="03"/>
						<SP ID="P13_SP00040" HPOS="921" VPOS="500" WIDTH="22"/>
						<String ID="P13_ST00045" HPOS="943" VPOS="458" WIDTH="149" HEIGHT="54" CONTENT="pleine" WC="0.99" CC="040050"/>
						<SP ID="P13_SP00041" HPOS="1092" VPOS="512" WIDTH="19"/>
						<String ID="P13_ST00046" HPOS="1111" VPOS="459" WIDTH="59" HEIGHT="40" CONTENT="du" WC="0.76" CC="04"/>
						<SP ID="P13_SP00042" HPOS="1170" VPOS="512" WIDTH="21"/>
						<String ID="P13_ST00047" HPOS="1191" VPOS="458" WIDTH="128" HEIGHT="54" CONTENT="génie" WC="0.99" CC="00700"/>
						<SP ID="P13_SP00043" HPOS="1319" VPOS="512" WIDTH="25"/>
						<String ID="P13_ST00048" HPOS="1344" VPOS="460" WIDTH="217" HEIGHT="41" CONTENT="moderne" WC="0.99" CC="0000801"/>
						<SP ID="P13_SP00044" HPOS="1561" VPOS="512" WIDTH="23"/>
						<String ID="P13_ST00049" HPOS="1584" VPOS="460" WIDTH="171" HEIGHT="43" CONTENT="italien." WC="1.00" CC="00050004"/>
					</TextLine>
				</TextBlock>
				<TextBlock ID="P13_TB00004" HPOS="1402" VPOS="546" WIDTH="436" HEIGHT="43" STYLEREFS="TXT_3 PAR_RIGHT">
					<TextLine ID="P13_TL00007" HPOS="1402" VPOS="547" WIDTH="436" HEIGHT="42">
						<String ID="P13_ST00050" HPOS="1402" VPOS="547" WIDTH="175" HEIGHT="40" CONTENT="ROMAIN" WC="0.99" CC="250100"/>
						<SP ID="P13_SP00045" HPOS="1577" VPOS="587" WIDTH="38"/>
						<String ID="P13_ST00051" HPOS="1615" VPOS="547" WIDTH="223" HEIGHT="42" CONTENT="ROLLAND." WC="0.99" CC="00004084"/>
					</TextLine>
				</TextBlock>
				<TextBlock ID="P13_TB00005" HPOS="220" VPOS="781" WIDTH="1707" HEIGHT="54" STYLEREFS="TXT_4 PAR_CENTER">
					<TextLine ID="P13_TL00008" HPOS="220" VPOS="783" WIDTH="1707" HEIGHT="52">
						<String ID="P13_ST00052" HPOS="220" VPOS="783" WIDTH="284" HEIGHT="52" CONTENT="Quelques" WC="0.99" CC="46012606"/>
						<SP ID="P13_SP00046" HPOS="504" VPOS="835" WIDTH="23"/>
						<String ID="P13_ST00053" HPOS="527" VPOS="785" WIDTH="163" HEIGHT="39" CONTENT="notes" WC="0.98" CC="42522"/>
						<SP ID="P13_SP00047" HPOS="690" VPOS="835" WIDTH="22"/>
						<String ID="P13_ST00054" HPOS="712" VPOS="793" WIDTH="102" HEIGHT="31" CONTENT="sur" WC="0.92" CC="667"/>
						<SP ID="P13_SP00048" HPOS="814" VPOS="835" WIDTH="19"/>
						<String ID="P13_ST00055" HPOS="833" VPOS="783" WIDTH="54" HEIGHT="41" CONTENT="la" WC="0.70" CC="05"/>
						<SP ID="P13_SP00049" HPOS="887" VPOS="835" WIDTH="24"/>
						<String ID="P13_ST00056" HPOS="911" VPOS="783" WIDTH="190" HEIGHT="52" CONTENT="Harpe" WC="0.96" CC="65766"/>
						<SP ID="P13_SP00050" HPOS="1101" VPOS="835" WIDTH="21"/>
						<String ID="P13_ST00057" HPOS="1122" VPOS="783" WIDTH="393" HEIGHT="52" CONTENT="chromatique" WC="0.99" CC="35610000460"/>
						<SP ID="P13_SP00051" HPOS="1515" VPOS="835" WIDTH="23"/>
						<String ID="P13_ST00058" HPOS="1538" VPOS="793" WIDTH="135" HEIGHT="31" CONTENT="sans" WC="0.99" CC="0004"/>
						<SP ID="P13_SP00052" HPOS="1673" VPOS="835" WIDTH="22"/>
						<String ID="P13_ST00059" HPOS="1695" VPOS="783" WIDTH="232" HEIGHT="52" CONTENT="pédales" WC="0.99" CC="6010204"/>
					</TextLine>
				</TextBlock>
				<TextBlock ID="P13_TB00006" HPOS="748" VPOS="880" WIDTH="641" HEIGHT="55" STYLEREFS="TXT_2 PAR_CENTER">
					<TextLine ID="P13_TL00009" HPOS="748" VPOS="880" WIDTH="640" HEIGHT="55">
						<String ID="P13_ST00060" HPOS="748" VPOS="881" WIDTH="224" HEIGHT="54" CONTENT="(Système" WC="0.99" CC="30600700"/>
						<SP ID="P13_SP00053" HPOS="972" VPOS="935" WIDTH="26"/>
						<String ID="P13_ST00061" HPOS="998" VPOS="880" WIDTH="198" HEIGHT="42" CONTENT="Gustave" WC="0.99" CC="0502060"/>
						<SP ID="P13_SP00054" HPOS="1196" VPOS="935" WIDTH="27"/>
						<String ID="P13_ST00062" HPOS="1223" VPOS="881" WIDTH="165" HEIGHT="54" CONTENT="Lyon)." WC="0.99" CC="050304"/>
					</TextLine>
				</TextBlock>
				<TextBlock ID="P13_TB00007" HPOS="79" VPOS="1002" WIDTH="1995" HEIGHT="2491" STYLEREFS="TXT_2 PAR_BLOCK">
					<TextLine ID="P13_TL00010" HPOS="137" VPOS="1003" WIDTH="1930" HEIGHT="57">
						<String ID="P13_ST00063" HPOS="137" VPOS="1004" WIDTH="63" HEIGHT="40" CONTENT="La" WC="0.74" CC="22"/>
						<SP ID="P13_SP00055" HPOS="200" VPOS="1044" WIDTH="22"/>
						<String ID="P13_ST00064" HPOS="222" VPOS="1004" WIDTH="138" HEIGHT="54" CONTENT="harpe" WC="0.98" CC="56320"/>
						<SP ID="P13_SP00056" HPOS="360" VPOS="1058" WIDTH="23"/>
						<String ID="P13_ST00065" HPOS="383" VPOS="1014" WIDTH="66" HEIGHT="31" CONTENT="est" WC="0.98" CC="004"/>
						<SP ID="P13_SP00057" HPOS="449" VPOS="1058" WIDTH="18"/>
						<String ID="P13_ST00066" HPOS="467" VPOS="1017" WIDTH="63" HEIGHT="27" CONTENT="un" WC="0.34" CC="66"/>
						<SP ID="P13_SP00058" HPOS="530" VPOS="1058" WIDTH="24"/>
						<String ID="P13_ST00067" HPOS="554" VPOS="1004" WIDTH="76" HEIGHT="41" CONTENT="des" WC="1.00" CC="000"/>
						<SP ID="P13_SP00059" HPOS="630" VPOS="1058" WIDTH="19"/>
						<String ID="P13_ST00068" HPOS="649" VPOS="1004" WIDTH="299" HEIGHT="42" CONTENT="instruments" WC="1.00" CC="26005000400"/>
						<SP ID="P13_SP00060" HPOS="948" VPOS="1058" WIDTH="19"/>
						<String ID="P13_ST00069" HPOS="967" VPOS="1004" WIDTH="64" HEIGHT="42" CONTENT="les" WC="0.99" CC="300"/>
						<SP ID="P13_SP00061" HPOS="1031" VPOS="1058" WIDTH="20"/>
						<String ID="P13_ST00070" HPOS="1051" VPOS="1004" WIDTH="103" HEIGHT="56" CONTENT="plus" WC="0.98" CC="4420"/>
						<SP ID="P13_SP00062" HPOS="1154" VPOS="1060" WIDTH="34"/>
						<String ID="P13_ST00071" HPOS="1188" VPOS="1004" WIDTH="185" HEIGHT="42" CONTENT="anciens" WC="0.99" CC="0002060"/>
						<SP ID="P13_SP00063" HPOS="1373" VPOS="1060" WIDTH="24"/>
						<String ID="P13_ST00072" HPOS="1397" VPOS="1018" WIDTH="86" HEIGHT="41" CONTENT="que" WC="0.98" CC="320"/>
						<SP ID="P13_SP00064" HPOS="1483" VPOS="1060" WIDTH="24"/>
						<String ID="P13_ST00073" HPOS="1507" VPOS="1018" WIDTH="116" HEIGHT="26" CONTENT="nous" WC="0.98" CC="6100"/>
						<SP ID="P13_SP00065" HPOS="1623" VPOS="1060" WIDTH="32"/>
						<String ID="P13_ST00074" HPOS="1655" VPOS="1003" WIDTH="319" HEIGHT="42" CONTENT="connaissions" WC="1.00" CC="002400001020"/>
						<SP ID="P13_SP00066" HPOS="1974" VPOS="1060" WIDTH="18"/>
						<String ID="P13_ST00075" HPOS="1992" VPOS="1020" WIDTH="11" HEIGHT="36" CONTENT=";" WC="0.48" CC="5"/>
						<SP ID="P13_SP00067" HPOS="2003" VPOS="1060" WIDTH="24"/>
						<String ID="P13_ST00076" HPOS="2027" VPOS="1015" WIDTH="40" HEIGHT="31" CONTENT="et" WC="1.00" CC="00"/>
					</TextLine>
					<TextLine ID="P13_TL00011" HPOS="79" VPOS="1070" WIDTH="1987" HEIGHT="58">
						<String ID="P13_ST00077" HPOS="79" VPOS="1070" WIDTH="31" HEIGHT="41" CONTENT="il" WC="0.83" CC="30"/>
						<SP ID="P13_SP00068" HPOS="110" VPOS="1111" WIDTH="24"/>
						<String ID="P13_ST00078" HPOS="134" VPOS="1071" WIDTH="226" HEIGHT="52" CONTENT="semblait," WC="1.00" CC="000030004"/>
						<SP ID="P13_SP00069" HPOS="360" VPOS="1123" WIDTH="30"/>
						<String ID="P13_ST00079" HPOS="390" VPOS="1070" WIDTH="33" HEIGHT="42" CONTENT="il" WC="0.76" CC="40"/>
						<SP ID="P13_SP00070" HPOS="423" VPOS="1123" WIDTH="21"/>
						<String ID="P13_ST00080" HPOS="444" VPOS="1086" WIDTH="29" HEIGHT="41" CONTENT="y" WC="0.36" CC="6"/>
						<SP ID="P13_SP00071" HPOS="473" VPOS="1127" WIDTH="21"/>
						<String ID="P13_ST00081" HPOS="494" VPOS="1086" WIDTH="24" HEIGHT="27" CONTENT="a" WC="1.00" CC="0"/>
						<SP ID="P13_SP00072" HPOS="518" VPOS="1127" WIDTH="16"/>
						<String ID="P13_ST00082" HPOS="534" VPOS="1085" WIDTH="164" HEIGHT="28" CONTENT="encore" WC="1.00" CC="000000"/>
						<SP ID="P13_SP00073" HPOS="698" VPOS="1127" WIDTH="21"/>
						<String ID="P13_ST00083" HPOS="719" VPOS="1072" WIDTH="217" HEIGHT="56" CONTENT="quelques" WC="1.00" CC="04000500"/>
						<SP ID="P13_SP00074" HPOS="936" VPOS="1128" WIDTH="25"/>
						<String ID="P13_ST00084" HPOS="961" VPOS="1074" WIDTH="182" HEIGHT="49" CONTENT="années," WC="0.99" CC="0640004"/>
						<SP ID="P13_SP00075" HPOS="1143" VPOS="1128" WIDTH="26"/>
						<String ID="P13_ST00085" HPOS="1169" VPOS="1086" WIDTH="86" HEIGHT="41" CONTENT="que" WC="1.00" CC="000"/>
						<SP ID="P13_SP00076" HPOS="1255" VPOS="1128" WIDTH="33"/>
						<String ID="P13_ST00086" HPOS="1288" VPOS="1086" WIDTH="104" HEIGHT="28" CONTENT="sans" WC="0.99" CC="0060"/>
						<SP ID="P13_SP00077" HPOS="1392" VPOS="1128" WIDTH="19"/>
						<String ID="P13_ST00087" HPOS="1411" VPOS="1072" WIDTH="126" HEIGHT="42" CONTENT="avoir" WC="0.98" CC="06056"/>
						<SP ID="P13_SP00078" HPOS="1537" VPOS="1128" WIDTH="23"/>
						<String ID="P13_ST00088" HPOS="1560" VPOS="1086" WIDTH="105" HEIGHT="39" CONTENT="reçu" WC="0.97" CC="6006"/>
						<SP ID="P13_SP00079" HPOS="1665" VPOS="1128" WIDTH="42"/>
						<String ID="P13_ST00089" HPOS="1707" VPOS="1086" WIDTH="45" HEIGHT="27" CONTENT="sa" WC="0.94" CC="10"/>
						<SP ID="P13_SP00080" HPOS="1752" VPOS="1128" WIDTH="24"/>
						<String ID="P13_ST00090" HPOS="1776" VPOS="1072" WIDTH="145" HEIGHT="41" CONTENT="forme" WC="1.00" CC="00000"/>
						<SP ID="P13_SP00081" HPOS="1921" VPOS="1128" WIDTH="35"/>
						<String ID="P13_ST00091" HPOS="1956" VPOS="1072" WIDTH="88" HEIGHT="40" CONTENT="défi" SUBS_TYPE="HypPart1" SUBS_CONTENT="définitive," WC="0.98" CC="0062"/>
						<HYP HPOS="2044" VPOS="1072" WIDTH="22" CONTENT="-"/>
					</TextLine>
					<TextLine ID="P13_TL00012" HPOS="79" VPOS="1138" WIDTH="1988" HEIGHT="56">
						<String ID="P13_ST00092" HPOS="79" VPOS="1138" WIDTH="155" HEIGHT="54" CONTENT="nitive," SUBS_TYPE="HypPart2" SUBS_CONTENT="définitive," WC="0.99" CC="1010304"/>
						<SP ID="P13_SP00082" HPOS="234" VPOS="1192" WIDTH="26"/>
						<String ID="P13_ST00093" HPOS="260" VPOS="1139" WIDTH="83" HEIGHT="41" CONTENT="elle" WC="0.98" CC="3050"/>
						<SP ID="P13_SP00083" HPOS="343" VPOS="1192" WIDTH="29"/>
						<String ID="P13_ST00094" HPOS="372" VPOS="1139" WIDTH="117" HEIGHT="41" CONTENT="avait" WC="1.00" CC="00020"/>
						<SP ID="P13_SP00084" HPOS="489" VPOS="1192" WIDTH="23"/>
						<String ID="P13_ST00095" HPOS="512" VPOS="1140" WIDTH="151" HEIGHT="41" CONTENT="donné" WC="1.00" CC="00000"/>
						<SP ID="P13_SP00085" HPOS="663" VPOS="1192" WIDTH="22"/>
						<String ID="P13_ST00096" HPOS="685" VPOS="1140" WIDTH="41" HEIGHT="41" CONTENT="le" WC="1.00" CC="00"/>
						<SP ID="P13_SP00086" HPOS="726" VPOS="1192" WIDTH="22"/>
						<String ID="P13_ST00097" HPOS="748" VPOS="1140" WIDTH="210" HEIGHT="41" CONTENT="meilleur" WC="0.99" CC="00550050"/>
						<SP ID="P13_SP00087" HPOS="958" VPOS="1192" WIDTH="20"/>
						<String ID="P13_ST00098" HPOS="978" VPOS="1154" WIDTH="97" HEIGHT="37" CONTENT="son," WC="0.97" CC="0074"/>
						<SP ID="P13_SP00088" HPOS="1075" VPOS="1192" WIDTH="28"/>
						<String ID="P13_ST00099" HPOS="1103" VPOS="1139" WIDTH="134" HEIGHT="42" CONTENT="laissé" WC="1.00" CC="201000"/>
						<SP ID="P13_SP00089" HPOS="1237" VPOS="1192" WIDTH="19"/>
						<String ID="P13_ST00100" HPOS="1256" VPOS="1140" WIDTH="151" HEIGHT="41" CONTENT="vibrer" WC="0.99" CC="005100"/>
						<SP ID="P13_SP00090" HPOS="1407" VPOS="1192" WIDTH="24"/>
						<String ID="P13_ST00101" HPOS="1431" VPOS="1153" WIDTH="46" HEIGHT="28" CONTENT="sa" WC="1.00" CC="00"/>
						<SP ID="P13_SP00091" HPOS="1477" VPOS="1192" WIDTH="23"/>
						<String ID="P13_ST00102" HPOS="1500" VPOS="1149" WIDTH="104" HEIGHT="31" CONTENT="note" WC="0.99" CC="0040"/>
						<SP ID="P13_SP00092" HPOS="1604" VPOS="1192" WIDTH="23"/>
						<String ID="P13_ST00103" HPOS="1627" VPOS="1139" WIDTH="42" HEIGHT="41" CONTENT="la" WC="0.95" CC="00"/>
						<SP ID="P13_SP00093" HPOS="1669" VPOS="1192" WIDTH="32"/>
						<String ID="P13_ST00104" HPOS="1701" VPOS="1139" WIDTH="102" HEIGHT="55" CONTENT="plus" WC="0.99" CC="0050"/>
						<SP ID="P13_SP00094" HPOS="1803" VPOS="1194" WIDTH="35"/>
						<String ID="P13_ST00105" HPOS="1838" VPOS="1139" WIDTH="163" HEIGHT="55" CONTENT="perlée." WC="0.99" CC="0026002"/>
						<SP ID="P13_SP00095" HPOS="2001" VPOS="1194" WIDTH="29"/>
						<String ID="P13_ST00106" HPOS="2030" VPOS="1139" WIDTH="37" HEIGHT="41" CONTENT="Il" WC="1.00" CC="00"/>
					</TextLine>
					<TextLine ID="P13_TL00013" HPOS="82" VPOS="1206" WIDTH="1985" HEIGHT="57">
						<String ID="P13_ST00107" HPOS="82" VPOS="1221" WIDTH="54" HEIGHT="26" CONTENT="en" WC="0.66" CC="06"/>
						<SP ID="P13_SP00096" HPOS="136" VPOS="1247" WIDTH="24"/>
						<String ID="P13_ST00108" HPOS="160" VPOS="1206" WIDTH="105" HEIGHT="42" CONTENT="était" WC="1.00" CC="00000"/>
						<SP ID="P13_SP00097" HPOS="265" VPOS="1248" WIDTH="22"/>
						<String ID="P13_ST00109" HPOS="287" VPOS="1207" WIDTH="116" HEIGHT="41" CONTENT="ainsi" WC="0.99" CC="02400"/>
						<SP ID="P13_SP00098" HPOS="403" VPOS="1248" WIDTH="24"/>
						<String ID="P13_ST00110" HPOS="427" VPOS="1208" WIDTH="195" HEIGHT="54" CONTENT="naguère" WC="0.99" CC="0005630"/>
						<SP ID="P13_SP00099" HPOS="622" VPOS="1262" WIDTH="21"/>
						<String ID="P13_ST00111" HPOS="643" VPOS="1209" WIDTH="53" HEIGHT="40" CONTENT="de" WC="1.00" CC="00"/>
						<SP ID="P13_SP00100" HPOS="696" VPOS="1262" WIDTH="18"/>
						<String ID="P13_ST00112" HPOS="714" VPOS="1208" WIDTH="327" HEIGHT="55" CONTENT="l'imprimerie," WC="1.00" CC="1410050006600"/>
						<SP ID="P13_SP00101" HPOS="1041" VPOS="1263" WIDTH="27"/>
						<String ID="P13_ST00113" HPOS="1068" VPOS="1207" WIDTH="98" HEIGHT="56" CONTENT="qui," WC="0.99" CC="0004"/>
						<SP ID="P13_SP00102" HPOS="1166" VPOS="1263" WIDTH="24"/>
						<String ID="P13_ST00114" HPOS="1190" VPOS="1207" WIDTH="207" HEIGHT="42" CONTENT="inventée" WC="1.00" CC="25000000"/>
						<SP ID="P13_SP00103" HPOS="1397" VPOS="1263" WIDTH="19"/>
						<String ID="P13_ST00115" HPOS="1416" VPOS="1220" WIDTH="80" HEIGHT="43" CONTENT="par" WC="0.97" CC="008"/>
						<SP ID="P13_SP00104" HPOS="1496" VPOS="1263" WIDTH="18"/>
						<String ID="P13_ST00116" HPOS="1514" VPOS="1207" WIDTH="279" HEIGHT="55" CONTENT="Gutenberg," WC="0.84" CC="0500000054"/>
						<SP ID="P13_SP00105" HPOS="1793" VPOS="1263" WIDTH="25"/>
						<String ID="P13_ST00117" HPOS="1818" VPOS="1206" WIDTH="118" HEIGHT="42" CONTENT="avait" WC="1.00" CC="00030"/>
						<SP ID="P13_SP00106" HPOS="1936" VPOS="1263" WIDTH="28"/>
						<String ID="P13_ST00118" HPOS="1964" VPOS="1206" WIDTH="103" HEIGHT="42" CONTENT="suffi" WC="0.97" CC="06157"/>
					</TextLine>
					<TextLine ID="P13_TL00014" HPOS="82" VPOS="1274" WIDTH="1985" HEIGHT="57">
						<String ID="P13_ST00119" HPOS="82" VPOS="1275" WIDTH="200" HEIGHT="54" CONTENT="pendant" WC="1.00" CC="0030020"/>
						<SP ID="P13_SP00107" HPOS="282" VPOS="1329" WIDTH="16"/>
						<String ID="P13_ST00120" HPOS="298" VPOS="1274" WIDTH="230" HEIGHT="56" CONTENT="plusieurs" WC="1.00" CC="030000030"/>
						<SP ID="P13_SP00108" HPOS="528" VPOS="1330" WIDTH="21"/>
						<String ID="P13_ST00121" HPOS="549" VPOS="1276" WIDTH="157" HEIGHT="40" CONTENT="siècles" WC="0.99" CC="0170000"/>
						<SP ID="P13_SP00109" HPOS="706" VPOS="1330" WIDTH="23"/>
						<String ID="P13_ST00122" HPOS="729" VPOS="1276" WIDTH="84" HEIGHT="41" CONTENT="àla" WC="1.00" CC="000"/>
						<SP ID="P13_SP00110" HPOS="813" VPOS="1330" WIDTH="26"/>
						<String ID="P13_ST00123" HPOS="839" VPOS="1276" WIDTH="217" HEIGHT="41" CONTENT="diffusion" WC="0.99" CC="008700605"/>
						<SP ID="P13_SP00111" HPOS="1056" VPOS="1330" WIDTH="21"/>
						<String ID="P13_ST00124" HPOS="1077" VPOS="1277" WIDTH="52" HEIGHT="40" CONTENT="de" WC="1.00" CC="00"/>
						<SP ID="P13_SP00112" HPOS="1129" VPOS="1330" WIDTH="33"/>
						<String ID="P13_ST00125" HPOS="1162" VPOS="1276" WIDTH="42" HEIGHT="41" CONTENT="la" WC="0.91" CC="10"/>
						<SP ID="P13_SP00113" HPOS="1204" VPOS="1330" WIDTH="21"/>
						<String ID="P13_ST00126" HPOS="1225" VPOS="1277" WIDTH="187" HEIGHT="54" CONTENT="pensée," WC="0.99" CC="0070204"/>
						<SP ID="P13_SP00114" HPOS="1412" VPOS="1331" WIDTH="41"/>
						<String ID="P13_ST00127" HPOS="1453" VPOS="1276" WIDTH="152" HEIGHT="55" CONTENT="quand" WC="0.99" CC="04000"/>
						<SP ID="P13_SP00115" HPOS="1605" VPOS="1331" WIDTH="25"/>
						<String ID="P13_ST00128" HPOS="1630" VPOS="1290" WIDTH="61" HEIGHT="27" CONTENT="un" WC="1.00" CC="00"/>
						<SP ID="P13_SP00116" HPOS="1691" VPOS="1331" WIDTH="40"/>
						<String ID="P13_ST00129" HPOS="1731" VPOS="1276" WIDTH="113" HEIGHT="40" CONTENT="beau" WC="1.00" CC="0000"/>
						<SP ID="P13_SP00117" HPOS="1844" VPOS="1331" WIDTH="36"/>
						<String ID="P13_ST00130" HPOS="1880" VPOS="1274" WIDTH="103" HEIGHT="56" CONTENT="jour" WC="0.97" CC="7006"/>
						<SP ID="P13_SP00118" HPOS="1983" VPOS="1331" WIDTH="21"/>
						<String ID="P13_ST00131" HPOS="2004" VPOS="1289" WIDTH="63" HEIGHT="27" CONTENT="un" WC="0.82" CC="03"/>
					</TextLine>
					<TextLine ID="P13_TL00015" HPOS="82" VPOS="1341" WIDTH="1986" HEIGHT="56">
						<String ID="P13_ST00132" HPOS="82" VPOS="1341" WIDTH="240" HEIGHT="55" CONTENT="ingénieur" WC="0.99" CC="300003026"/>
						<SP ID="P13_SP00119" HPOS="322" VPOS="1396" WIDTH="31"/>
						<String ID="P13_ST00133" HPOS="353" VPOS="1342" WIDTH="200" HEIGHT="55" CONTENT="imagina" WC="0.99" CC="3000140"/>
						<SP ID="P13_SP00120" HPOS="553" VPOS="1397" WIDTH="30"/>
						<String ID="P13_ST00134" HPOS="583" VPOS="1343" WIDTH="42" HEIGHT="41" CONTENT="la" WC="1.00" CC="00"/>
						<SP ID="P13_SP00121" HPOS="625" VPOS="1397" WIDTH="31"/>
						<String ID="P13_ST00135" HPOS="656" VPOS="1343" WIDTH="209" HEIGHT="42" CONTENT="machine" WC="0.99" CC="0004350"/>
						<SP ID="P13_SP00122" HPOS="865" VPOS="1397" WIDTH="34"/>
						<String ID="P13_ST00136" HPOS="899" VPOS="1344" WIDTH="188" HEIGHT="41" CONTENT="rotative" WC="0.99" CC="61202600"/>
						<SP ID="P13_SP00123" HPOS="1087" VPOS="1397" WIDTH="20"/>
						<String ID="P13_ST00137" HPOS="1107" VPOS="1354" WIDTH="42" HEIGHT="30" CONTENT="et" WC="0.72" CC="05"/>
						<SP ID="P13_SP00124" HPOS="1149" VPOS="1397" WIDTH="19"/>
						<String ID="P13_ST00138" HPOS="1168" VPOS="1343" WIDTH="47" HEIGHT="41" CONTENT="fit" WC="0.94" CC="672"/>
						<SP ID="P13_SP00125" HPOS="1215" VPOS="1397" WIDTH="17"/>
						<String ID="P13_ST00139" HPOS="1232" VPOS="1357" WIDTH="87" HEIGHT="27" CONTENT="une" WC="0.98" CC="400"/>
						<SP ID="P13_SP00126" HPOS="1319" VPOS="1397" WIDTH="24"/>
						<String ID="P13_ST00140" HPOS="1343" VPOS="1343" WIDTH="258" HEIGHT="41" CONTENT="révolution" WC="1.00" CC="1000005500"/>
						<SP ID="P13_SP00127" HPOS="1601" VPOS="1397" WIDTH="39"/>
						<String ID="P13_ST00141" HPOS="1640" VPOS="1344" WIDTH="110" HEIGHT="40" CONTENT="dans" WC="1.00" CC="0010"/>
						<SP ID="P13_SP00128" HPOS="1750" VPOS="1397" WIDTH="22"/>
						<String ID="P13_ST00142" HPOS="1772" VPOS="1342" WIDTH="41" HEIGHT="42" CONTENT="le" WC="0.93" CC="10"/>
						<SP ID="P13_SP00129" HPOS="1813" VPOS="1397" WIDTH="24"/>
						<String ID="P13_ST00143" HPOS="1837" VPOS="1344" WIDTH="167" HEIGHT="40" CONTENT="monde" WC="1.00" CC="00000"/>
						<SP ID="P13_SP00130" HPOS="2004" VPOS="1397" WIDTH="23"/>
						<String ID="P13_ST00144" HPOS="2027" VPOS="1353" WIDTH="41" HEIGHT="31" CONTENT="et" WC="1.00" CC="00"/>
					</TextLine>
					<TextLine ID="P13_TL00016" HPOS="84" VPOS="1410" WIDTH="358" HEIGHT="55">
						<String ID="P13_ST00145" HPOS="84" VPOS="1411" WIDTH="111" HEIGHT="40" CONTENT="dans" WC="0.99" CC="0060"/>
						<SP ID="P13_SP00131" HPOS="195" VPOS="1451" WIDTH="20"/>
						<String ID="P13_ST00146" HPOS="215" VPOS="1410" WIDTH="42" HEIGHT="41" CONTENT="la" WC="0.86" CC="20"/>
						<SP ID="P13_SP00132" HPOS="257" VPOS="1451" WIDTH="19"/>
						<String ID="P13_ST00147" HPOS="276" VPOS="1424" WIDTH="166" HEIGHT="41" CONTENT="presse." WC="1.00" CC="0600002"/>
					</TextLine>
					<TextLine ID="P13_TL00017" HPOS="141" VPOS="1478" WIDTH="1924" HEIGHT="56">
						<String ID="P13_ST00148" HPOS="141" VPOS="1479" WIDTH="63" HEIGHT="40" CONTENT="La" WC="0.94" CC="10"/>
						<SP ID="P13_SP00133" HPOS="204" VPOS="1519" WIDTH="31"/>
						<String ID="P13_ST00149" HPOS="235" VPOS="1478" WIDTH="155" HEIGHT="55" CONTENT="harpe," WC="0.99" CC="003004"/>
						<SP ID="P13_SP00134" HPOS="390" VPOS="1533" WIDTH="21"/>
						<String ID="P13_ST00150" HPOS="411" VPOS="1479" WIDTH="162" HEIGHT="54" CONTENT="qu'elle" WC="0.99" CC="0530000"/>
						<SP ID="P13_SP00135" HPOS="573" VPOS="1533" WIDTH="21"/>
						<String ID="P13_ST00151" HPOS="594" VPOS="1479" WIDTH="215" HEIGHT="55" CONTENT="s'appelât" WC="1.00" CC="040000030"/>
						<SP ID="P13_SP00136" HPOS="809" VPOS="1534" WIDTH="18"/>
						<String ID="P13_ST00152" HPOS="827" VPOS="1479" WIDTH="168" HEIGHT="42" CONTENT="kinnor" WC="0.54" CC="504466" STYLEREFS="TXT_5"/>
						<SP ID="P13_SP00137" HPOS="995" VPOS="1534" WIDTH="22"/>
						<String ID="P13_ST00153" HPOS="1017" VPOS="1479" WIDTH="108" HEIGHT="41" CONTENT="chez" WC="1.00" CC="0000"/>
						<SP ID="P13_SP00138" HPOS="1125" VPOS="1534" WIDTH="22"/>
						<String ID="P13_ST00154" HPOS="1147" VPOS="1479" WIDTH="63" HEIGHT="41" CONTENT="les" WC="1.00" CC="000"/>
						<SP ID="P13_SP00139" HPOS="1210" VPOS="1534" WIDTH="26"/>
						<String ID="P13_ST00155" HPOS="1236" VPOS="1479" WIDTH="231" HEIGHT="52" CONTENT="Hébreux," WC="0.99" CC="50000054"/>
						<SP ID="P13_SP00140" HPOS="1467" VPOS="1534" WIDTH="24"/>
						<String ID="P13_ST00156" HPOS="1491" VPOS="1481" WIDTH="174" HEIGHT="39" CONTENT="cithare" WC="0.99" CC="0004451" STYLEREFS="TXT_5"/>
						<SP ID="P13_SP00141" HPOS="1665" VPOS="1534" WIDTH="18"/>
						<String ID="P13_ST00157" HPOS="1683" VPOS="1479" WIDTH="108" HEIGHT="40" CONTENT="chez" WC="0.99" CC="0301"/>
						<SP ID="P13_SP00142" HPOS="1791" VPOS="1534" WIDTH="34"/>
						<String ID="P13_ST00158" HPOS="1825" VPOS="1479" WIDTH="64" HEIGHT="41" CONTENT="les" WC="1.00" CC="000"/>
						<SP ID="P13_SP00143" HPOS="1889" VPOS="1534" WIDTH="22"/>
						<String ID="P13_ST00159" HPOS="1911" VPOS="1478" WIDTH="154" HEIGHT="52" CONTENT="Grecs," WC="1.00" CC="000001"/>
					</TextLine>
					<TextLine ID="P13_TL00018" HPOS="82" VPOS="1546" WIDTH="1986" HEIGHT="55">
						<String ID="P13_ST00160" HPOS="82" VPOS="1546" WIDTH="193" HEIGHT="40" CONTENT="cinnara" WC="0.61" CC="4130654" STYLEREFS="TXT_5"/>
						<SP ID="P13_SP00144" HPOS="275" VPOS="1586" WIDTH="24"/>
						<String ID="P13_ST00161" HPOS="299" VPOS="1546" WIDTH="23" HEIGHT="40" CONTENT="à" WC="1.00" CC="0"/>
						<SP ID="P13_SP00145" HPOS="322" VPOS="1586" WIDTH="26"/>
						<String ID="P13_ST00162" HPOS="348" VPOS="1547" WIDTH="160" HEIGHT="50" CONTENT="Rome," WC="0.99" CC="00004"/>
						<SP ID="P13_SP00146" HPOS="508" VPOS="1597" WIDTH="26"/>
						<String ID="P13_ST00163" HPOS="534" VPOS="1547" WIDTH="245" HEIGHT="54" CONTENT="sambuque" WC="0.88" CC="22000111" STYLEREFS="TXT_5"/>
						<SP ID="P13_SP00147" HPOS="779" VPOS="1601" WIDTH="32"/>
						<String ID="P13_ST00164" HPOS="811" VPOS="1561" WIDTH="59" HEIGHT="26" CONTENT="ou" WC="1.00" CC="00"/>
						<SP ID="P13_SP00148" HPOS="870" VPOS="1601" WIDTH="23"/>
						<String ID="P13_ST00165" HPOS="893" VPOS="1549" WIDTH="146" HEIGHT="51" CONTENT="harpa" WC="0.46" CC="51775" STYLEREFS="TXT_5"/>
						<SP ID="P13_SP00149" HPOS="1039" VPOS="1601" WIDTH="43"/>
						<String ID="P13_ST00166" HPOS="1082" VPOS="1547" WIDTH="107" HEIGHT="40" CONTENT="chez" WC="1.00" CC="0000"/>
						<SP ID="P13_SP00150" HPOS="1189" VPOS="1601" WIDTH="36"/>
						<String ID="P13_ST00167" HPOS="1225" VPOS="1547" WIDTH="64" HEIGHT="40" CONTENT="les" WC="1.00" CC="000"/>
						<SP ID="P13_SP00151" HPOS="1289" VPOS="1601" WIDTH="31"/>
						<String ID="P13_ST00168" HPOS="1320" VPOS="1549" WIDTH="174" HEIGHT="52" CONTENT="prêtres" WC="1.00" CC="0010000"/>
						<SP ID="P13_SP00152" HPOS="1494" VPOS="1601" WIDTH="51"/>
						<String ID="P13_ST00169" HPOS="1545" VPOS="1548" WIDTH="76" HEIGHT="39" CONTENT="des" WC="1.00" CC="000"/>
						<SP ID="P13_SP00153" HPOS="1621" VPOS="1601" WIDTH="36"/>
						<String ID="P13_ST00170" HPOS="1657" VPOS="1547" WIDTH="167" HEIGHT="51" CONTENT="Celtes," WC="0.99" CC="3000004"/>
						<SP ID="P13_SP00154" HPOS="1824" VPOS="1601" WIDTH="44"/>
						<String ID="P13_ST00171" HPOS="1868" VPOS="1547" WIDTH="105" HEIGHT="41" CONTENT="était" WC="0.99" CC="00044"/>
						<SP ID="P13_SP00155" HPOS="1973" VPOS="1601" WIDTH="31"/>
						<String ID="P13_ST00172" HPOS="2004" VPOS="1561" WIDTH="64" HEIGHT="26" CONTENT="un" WC="0.67" CC="06"/>
					</TextLine>
					<TextLine ID="P13_TL00019" HPOS="84" VPOS="1613" WIDTH="1983" HEIGHT="56">
						<String ID="P13_ST00173" HPOS="84" VPOS="1613" WIDTH="276" HEIGHT="41" CONTENT="instrument" WC="0.99" CC="0704040073"/>
						<SP ID="P13_SP00156" HPOS="360" VPOS="1654" WIDTH="23"/>
						<String ID="P13_ST00174" HPOS="383" VPOS="1614" WIDTH="53" HEIGHT="39" CONTENT="de" WC="1.00" CC="00"/>
						<SP ID="P13_SP00157" HPOS="436" VPOS="1654" WIDTH="24"/>
						<String ID="P13_ST00175" HPOS="460" VPOS="1613" WIDTH="144" HEIGHT="42" CONTENT="forme" WC="1.00" CC="00000"/>
						<SP ID="P13_SP00158" HPOS="604" VPOS="1655" WIDTH="23"/>
						<String ID="P13_ST00176" HPOS="627" VPOS="1613" WIDTH="311" HEIGHT="54" CONTENT="triangulaire," WC="0.99" CC="2650002405504"/>
						<SP ID="P13_SP00159" HPOS="938" VPOS="1667" WIDTH="37"/>
						<String ID="P13_ST00177" HPOS="975" VPOS="1616" WIDTH="153" HEIGHT="39" CONTENT="monté" WC="1.00" CC="00100"/>
						<SP ID="P13_SP00160" HPOS="1128" VPOS="1667" WIDTH="16"/>
						<String ID="P13_ST00178" HPOS="1144" VPOS="1628" WIDTH="105" HEIGHT="27" CONTENT="avec" WC="1.00" CC="0000"/>
						<SP ID="P13_SP00161" HPOS="1249" VPOS="1667" WIDTH="21"/>
						<String ID="P13_ST00179" HPOS="1270" VPOS="1615" WIDTH="75" HEIGHT="39" CONTENT="des" WC="1.00" CC="000"/>
						<SP ID="P13_SP00162" HPOS="1345" VPOS="1667" WIDTH="24"/>
						<String ID="P13_ST00180" HPOS="1369" VPOS="1615" WIDTH="159" HEIGHT="40" CONTENT="cordes" WC="1.00" CC="000000"/>
						<SP ID="P13_SP00163" HPOS="1528" VPOS="1667" WIDTH="24"/>
						<String ID="P13_ST00181" HPOS="1552" VPOS="1615" WIDTH="52" HEIGHT="40" CONTENT="de" WC="1.00" CC="00"/>
						<SP ID="P13_SP00164" HPOS="1604" VPOS="1667" WIDTH="18"/>
						<String ID="P13_ST00182" HPOS="1622" VPOS="1615" WIDTH="179" HEIGHT="54" CONTENT="boyaux" WC="0.98" CC="004064"/>
						<SP ID="P13_SP00165" HPOS="1801" VPOS="1669" WIDTH="35"/>
						<String ID="P13_ST00183" HPOS="1836" VPOS="1614" WIDTH="231" HEIGHT="55" CONTENT="disposées" WC="1.00" CC="000000000"/>
					</TextLine>
					<TextLine ID="P13_TL00020" HPOS="84" VPOS="1680" WIDTH="1982" HEIGHT="55">
						<String ID="P13_ST00184" HPOS="84" VPOS="1680" WIDTH="543" HEIGHT="54" CONTENT="perpendiculairement," WC="1.00" CC="00000500004220000804"/>
						<SP ID="P13_SP00166" HPOS="627" VPOS="1734" WIDTH="35"/>
						<String ID="P13_ST00185" HPOS="662" VPOS="1681" WIDTH="95" HEIGHT="54" CONTENT="qui," WC="0.98" CC="0064"/>
						<SP ID="P13_SP00167" HPOS="757" VPOS="1735" WIDTH="25"/>
						<String ID="P13_ST00186" HPOS="782" VPOS="1681" WIDTH="182" HEIGHT="54" CONTENT="pincées" WC="1.00" CC="0220000"/>
						<SP ID="P13_SP00168" HPOS="964" VPOS="1735" WIDTH="36"/>
						<String ID="P13_ST00187" HPOS="1000" VPOS="1695" WIDTH="105" HEIGHT="27" CONTENT="avec" WC="1.00" CC="0000"/>
						<SP ID="P13_SP00169" HPOS="1105" VPOS="1735" WIDTH="23"/>
						<String ID="P13_ST00188" HPOS="1128" VPOS="1681" WIDTH="65" HEIGHT="40" CONTENT="les" WC="0.99" CC="200"/>
						<SP ID="P13_SP00170" HPOS="1193" VPOS="1735" WIDTH="25"/>
						<String ID="P13_ST00189" HPOS="1218" VPOS="1682" WIDTH="115" HEIGHT="40" CONTENT="deux" WC="0.99" CC="0050"/>
						<SP ID="P13_SP00171" HPOS="1333" VPOS="1735" WIDTH="19"/>
						<String ID="P13_ST00190" HPOS="1352" VPOS="1681" WIDTH="164" HEIGHT="53" CONTENT="mains," WC="1.00" CC="000004"/>
						<SP ID="P13_SP00172" HPOS="1516" VPOS="1735" WIDTH="38"/>
						<String ID="P13_ST00191" HPOS="1554" VPOS="1681" WIDTH="236" HEIGHT="42" CONTENT="rendaient" WC="1.00" CC="500005000"/>
						<SP ID="P13_SP00173" HPOS="1790" VPOS="1735" WIDTH="39"/>
						<String ID="P13_ST00192" HPOS="1829" VPOS="1683" WIDTH="76" HEIGHT="40" CONTENT="des" WC="1.00" CC="000"/>
						<SP ID="P13_SP00174" HPOS="1905" VPOS="1735" WIDTH="39"/>
						<String ID="P13_ST00193" HPOS="1944" VPOS="1696" WIDTH="122" HEIGHT="27" CONTENT="sons." WC="0.99" CC="04004"/>
					</TextLine>
					<TextLine ID="P13_TL00021" HPOS="84" VPOS="1747" WIDTH="1983" HEIGHT="56">
						<String ID="P13_ST00194" HPOS="84" VPOS="1747" WIDTH="332" HEIGHT="42" CONTENT="L'instrument" WC="1.00" CC="041000040000"/>
						<SP ID="P13_SP00175" HPOS="416" VPOS="1789" WIDTH="38"/>
						<String ID="P13_ST00195" HPOS="454" VPOS="1749" WIDTH="155" HEIGHT="40" CONTENT="n'était" WC="1.00" CC="0301000"/>
						<SP ID="P13_SP00176" HPOS="609" VPOS="1789" WIDTH="25"/>
						<String ID="P13_ST00196" HPOS="634" VPOS="1748" WIDTH="307" HEIGHT="42" CONTENT="évidemment" WC="1.00" CC="0030000001"/>
						<SP ID="P13_SP00177" HPOS="941" VPOS="1790" WIDTH="41"/>
						<String ID="P13_ST00197" HPOS="982" VPOS="1763" WIDTH="79" HEIGHT="40" CONTENT="pas" WC="0.99" CC="020"/>
						<SP ID="P13_SP00178" HPOS="1061" VPOS="1803" WIDTH="20"/>
						<String ID="P13_ST00198" HPOS="1081" VPOS="1748" WIDTH="120" HEIGHT="41" CONTENT="aussi" WC="0.98" CC="56000"/>
						<SP ID="P13_SP00179" HPOS="1201" VPOS="1803" WIDTH="27"/>
						<String ID="P13_ST00199" HPOS="1228" VPOS="1749" WIDTH="141" HEIGHT="54" CONTENT="grand" WC="1.00" CC="00000"/>
						<SP ID="P13_SP00180" HPOS="1369" VPOS="1803" WIDTH="34"/>
						<String ID="P13_ST00200" HPOS="1403" VPOS="1763" WIDTH="86" HEIGHT="40" CONTENT="que" WC="0.98" CC="060"/>
						<SP ID="P13_SP00181" HPOS="1489" VPOS="1803" WIDTH="41"/>
						<String ID="P13_ST00201" HPOS="1530" VPOS="1749" WIDTH="63" HEIGHT="40" CONTENT="les" WC="1.00" CC="000"/>
						<SP ID="P13_SP00182" HPOS="1593" VPOS="1803" WIDTH="32"/>
						<String ID="P13_ST00202" HPOS="1625" VPOS="1749" WIDTH="162" HEIGHT="54" CONTENT="harpes" WC="1.00" CC="000000"/>
						<SP ID="P13_SP00183" HPOS="1787" VPOS="1803" WIDTH="22"/>
						<String ID="P13_ST00203" HPOS="1809" VPOS="1750" WIDTH="258" HEIGHT="53" CONTENT="modernes," WC="1.00" CC="000000004"/>
					</TextLine>
					<TextLine ID="P13_TL00022" HPOS="82" VPOS="1807" WIDTH="1987" HEIGHT="65">
						<String ID="P13_ST00204" HPOS="82" VPOS="1815" WIDTH="195" HEIGHT="55" CONTENT="puisque" WC="0.99" CC="0530050"/>
						<SP ID="P13_SP00184" HPOS="277" VPOS="1870" WIDTH="24"/>
						<String ID="P13_ST00205" HPOS="301" VPOS="1815" WIDTH="41" HEIGHT="42" CONTENT="le" WC="1.00" CC="00"/>
						<SP ID="P13_SP00185" HPOS="342" VPOS="1870" WIDTH="23"/>
						<String ID="P13_ST00206" HPOS="365" VPOS="1816" WIDTH="68" HEIGHT="41" CONTENT="roi" WC="0.99" CC="002"/>
						<SP ID="P13_SP00186" HPOS="433" VPOS="1870" WIDTH="23"/>
						<String ID="P13_ST00207" HPOS="456" VPOS="1815" WIDTH="164" HEIGHT="50" CONTENT="David," WC="0.99" CC="400204"/>
						<SP ID="P13_SP00187" HPOS="620" VPOS="1870" WIDTH="26"/>
						<String ID="P13_ST00208" HPOS="646" VPOS="1817" WIDTH="174" HEIGHT="54" CONTENT="d'après" WC="0.99" CC="0330610"/>
						<SP ID="P13_SP00188" HPOS="820" VPOS="1871" WIDTH="19"/>
						<String ID="P13_ST00209" HPOS="839" VPOS="1816" WIDTH="62" HEIGHT="41" CONTENT="les" WC="1.00" CC="000"/>
						<SP ID="P13_SP00189" HPOS="901" VPOS="1871" WIDTH="24"/>
						<String ID="P13_ST00210" HPOS="925" VPOS="1807" WIDTH="230" HEIGHT="50" CONTENT="Écritures" WC="1.00" CC="300000000"/>
						<SP ID="P13_SP00190" HPOS="1155" VPOS="1871" WIDTH="36"/>
						<String ID="P13_ST00211" HPOS="1191" VPOS="1817" WIDTH="187" HEIGHT="50" CONTENT="sacrées," WC="1.00" CC="00000004"/>
						<SP ID="P13_SP00191" HPOS="1378" VPOS="1871" WIDTH="35"/>
						<String ID="P13_ST00212" HPOS="1413" VPOS="1816" WIDTH="202" HEIGHT="41" CONTENT="chantait" WC="0.99" CC="00050065"/>
						<SP ID="P13_SP00192" HPOS="1615" VPOS="1871" WIDTH="22"/>
						<String ID="P13_ST00213" HPOS="1637" VPOS="1817" WIDTH="76" HEIGHT="40" CONTENT="des" WC="1.00" CC="000"/>
						<SP ID="P13_SP00193" HPOS="1713" VPOS="1871" WIDTH="23"/>
						<String ID="P13_ST00214" HPOS="1736" VPOS="1817" WIDTH="192" HEIGHT="55" CONTENT="hymnes" WC="1.00" CC="000010"/>
						<SP ID="P13_SP00194" HPOS="1928" VPOS="1872" WIDTH="37"/>
						<String ID="P13_ST00215" HPOS="1965" VPOS="1817" WIDTH="84" HEIGHT="40" CONTENT="reli" SUBS_TYPE="HypPart1" SUBS_CONTENT="religieux" WC="0.99" CC="0040"/>
						<HYP HPOS="2049" VPOS="1817" WIDTH="20" CONTENT="-"/>
					</TextLine>
					<TextLine ID="P13_TL00023" HPOS="82" VPOS="1883" WIDTH="1987" HEIGHT="56">
						<String ID="P13_ST00216" HPOS="82" VPOS="1883" WIDTH="133" HEIGHT="54" CONTENT="gieux" SUBS_TYPE="HypPart2" SUBS_CONTENT="religieux" WC="0.99" CC="02050"/>
						<SP ID="P13_SP00195" HPOS="215" VPOS="1937" WIDTH="18"/>
						<String ID="P13_ST00217" HPOS="233" VPOS="1894" WIDTH="42" HEIGHT="30" CONTENT="et" WC="0.81" CC="03"/>
						<SP ID="P13_SP00196" HPOS="275" VPOS="1937" WIDTH="19"/>
						<String ID="P13_ST00218" HPOS="294" VPOS="1883" WIDTH="176" HEIGHT="42" CONTENT="dansait" WC="1.00" CC="0020002"/>
						<SP ID="P13_SP00197" HPOS="470" VPOS="1937" WIDTH="20"/>
						<String ID="P13_ST00219" HPOS="490" VPOS="1885" WIDTH="163" HEIGHT="40" CONTENT="devant" WC="1.00" CC="000005"/>
						<SP ID="P13_SP00198" HPOS="653" VPOS="1937" WIDTH="21"/>
						<String ID="P13_ST00220" HPOS="674" VPOS="1884" WIDTH="166" HEIGHT="41" CONTENT="l'arche" WC="0.99" CC="2406000"/>
						<SP ID="P13_SP00199" HPOS="840" VPOS="1937" WIDTH="21"/>
						<String ID="P13_ST00221" HPOS="861" VPOS="1884" WIDTH="141" HEIGHT="41" CONTENT="sainte" WC="0.99" CC="000090"/>
						<SP ID="P13_SP00200" HPOS="1002" VPOS="1937" WIDTH="20"/>
						<String ID="P13_ST00222" HPOS="1022" VPOS="1895" WIDTH="99" HEIGHT="30" CONTENT="tout" WC="1.00" CC="0020"/>
						<SP ID="P13_SP00201" HPOS="1121" VPOS="1937" WIDTH="23"/>
						<String ID="P13_ST00223" HPOS="1144" VPOS="1898" WIDTH="54" HEIGHT="27" CONTENT="en" WC="0.67" CC="06"/>
						<SP ID="P13_SP00202" HPOS="1198" VPOS="1937" WIDTH="20"/>
						<String ID="P13_ST00224" HPOS="1218" VPOS="1886" WIDTH="397" HEIGHT="52" CONTENT="s'accompagnant" WC="0.97" CC="04000000000000"/>
						<SP ID="P13_SP00203" HPOS="1615" VPOS="1938" WIDTH="22"/>
						<String ID="P13_ST00225" HPOS="1637" VPOS="1885" WIDTH="53" HEIGHT="40" CONTENT="de" WC="1.00" CC="00"/>
						<SP ID="P13_SP00204" HPOS="1690" VPOS="1938" WIDTH="22"/>
						<String ID="P13_ST00226" HPOS="1712" VPOS="1883" WIDTH="43" HEIGHT="42" CONTENT="la" WC="0.60" CC="16"/>
						<SP ID="P13_SP00205" HPOS="1755" VPOS="1938" WIDTH="18"/>
						<String ID="P13_ST00227" HPOS="1773" VPOS="1885" WIDTH="153" HEIGHT="54" CONTENT="harpe." WC="0.99" CC="003002"/>
						<SP ID="P13_SP00206" HPOS="1926" VPOS="1939" WIDTH="28"/>
						<String ID="P13_ST00228" HPOS="1954" VPOS="1885" WIDTH="115" HEIGHT="40" CONTENT="Mais" WC="1.00" CC="0000"/>
					</TextLine>
					<TextLine ID="P13_TL00024" HPOS="81" VPOS="1950" WIDTH="1985" HEIGHT="56">
						<String ID="P13_ST00229" HPOS="81" VPOS="1950" WIDTH="43" HEIGHT="42" CONTENT="la" WC="0.75" CC="40"/>
						<SP ID="P13_SP00207" HPOS="124" VPOS="1992" WIDTH="24"/>
						<String ID="P13_ST00230" HPOS="148" VPOS="1952" WIDTH="145" HEIGHT="40" CONTENT="forme" WC="1.00" CC="00000"/>
						<SP ID="P13_SP00208" HPOS="293" VPOS="1992" WIDTH="15"/>
						<String ID="P13_ST00231" HPOS="308" VPOS="1952" WIDTH="77" HEIGHT="40" CONTENT="des" WC="1.00" CC="000"/>
						<SP ID="P13_SP00209" HPOS="385" VPOS="1992" WIDTH="23"/>
						<String ID="P13_ST00232" HPOS="408" VPOS="1952" WIDTH="163" HEIGHT="54" CONTENT="harpes" WC="1.00" CC="000000"/>
						<SP ID="P13_SP00210" HPOS="571" VPOS="2006" WIDTH="26"/>
						<String ID="P13_ST00233" HPOS="597" VPOS="1951" WIDTH="207" HEIGHT="55" CONTENT="antiques" WC="1.00" CC="00000600"/>
						<SP ID="P13_SP00211" HPOS="804" VPOS="2006" WIDTH="24"/>
						<String ID="P13_ST00234" HPOS="828" VPOS="1966" WIDTH="54" HEIGHT="26" CONTENT="ne" WC="0.67" CC="60"/>
						<SP ID="P13_SP00212" HPOS="882" VPOS="2006" WIDTH="21"/>
						<String ID="P13_ST00235" HPOS="903" VPOS="1951" WIDTH="193" HEIGHT="41" CONTENT="différait" WC="0.99" CC="038607500"/>
						<SP ID="P13_SP00213" HPOS="1096" VPOS="2006" WIDTH="16"/>
						<String ID="P13_ST00236" HPOS="1112" VPOS="1952" WIDTH="134" HEIGHT="54" CONTENT="guère" WC="0.99" CC="05300"/>
						<SP ID="P13_SP00214" HPOS="1246" VPOS="2006" WIDTH="24"/>
						<String ID="P13_ST00237" HPOS="1270" VPOS="1953" WIDTH="52" HEIGHT="39" CONTENT="de" WC="1.00" CC="00"/>
						<SP ID="P13_SP00215" HPOS="1322" VPOS="2006" WIDTH="30"/>
						<String ID="P13_ST00238" HPOS="1352" VPOS="1951" WIDTH="110" HEIGHT="41" CONTENT="celle" WC="0.99" CC="00510"/>
						<SP ID="P13_SP00216" HPOS="1462" VPOS="2006" WIDTH="33"/>
						<String ID="P13_ST00239" HPOS="1495" VPOS="1952" WIDTH="76" HEIGHT="40" CONTENT="des" WC="1.00" CC="000"/>
						<SP ID="P13_SP00217" HPOS="1571" VPOS="2006" WIDTH="42"/>
						<String ID="P13_ST00240" HPOS="1613" VPOS="1951" WIDTH="162" HEIGHT="55" CONTENT="harpes" WC="1.00" CC="004000"/>
						<SP ID="P13_SP00218" HPOS="1775" VPOS="2006" WIDTH="22"/>
						<String ID="P13_ST00241" HPOS="1797" VPOS="1953" WIDTH="269" HEIGHT="39" CONTENT="modernes:" WC="1.00" CC="000004006"/>
					</TextLine>
					<TextLine ID="P13_TL00025" HPOS="80" VPOS="2019" WIDTH="1988" HEIGHT="55">
						<String ID="P13_ST00242" HPOS="80" VPOS="2019" WIDTH="35" HEIGHT="40" CONTENT="il" WC="0.92" CC="10"/>
						<SP ID="P13_SP00219" HPOS="115" VPOS="2059" WIDTH="21"/>
						<String ID="P13_ST00243" HPOS="136" VPOS="2032" WIDTH="54" HEIGHT="27" CONTENT="ne" WC="1.00" CC="00"/>
						<SP ID="P13_SP00220" HPOS="190" VPOS="2059" WIDTH="20"/>
						<String ID="P13_ST00244" HPOS="210" VPOS="2019" WIDTH="98" HEIGHT="40" CONTENT="leur" WC="0.97" CC="4056"/>
						<SP ID="P13_SP00221" HPOS="308" VPOS="2059" WIDTH="24"/>
						<String ID="P13_ST00245" HPOS="332" VPOS="2019" WIDTH="236" HEIGHT="55" CONTENT="manquait" WC="1.00" CC="00400000"/>
						<SP ID="P13_SP00222" HPOS="568" VPOS="2074" WIDTH="18"/>
						<String ID="P13_ST00246" HPOS="586" VPOS="2034" WIDTH="85" HEIGHT="33" CONTENT="que" WC="0.98" CC="600"/>
						<SP ID="P13_SP00223" HPOS="671" VPOS="2074" WIDTH="20"/>
						<String ID="P13_ST00247" HPOS="691" VPOS="2020" WIDTH="42" HEIGHT="40" CONTENT="la" WC="0.89" CC="02"/>
						<SP ID="P13_SP00224" HPOS="733" VPOS="2074" WIDTH="16"/>
						<String ID="P13_ST00248" HPOS="749" VPOS="2020" WIDTH="212" HEIGHT="52" CONTENT="colonne," WC="0.99" CC="00022204"/>
						<SP ID="P13_SP00225" HPOS="961" VPOS="2074" WIDTH="20"/>
						<String ID="P13_ST00249" HPOS="981" VPOS="2034" WIDTH="47" HEIGHT="26" CONTENT="ce" WC="1.00" CC="00"/>
						<SP ID="P13_SP00226" HPOS="1028" VPOS="2074" WIDTH="21"/>
						<String ID="P13_ST00250" HPOS="1049" VPOS="2030" WIDTH="208" HEIGHT="30" CONTENT="montant" WC="1.00" CC="0003000"/>
						<SP ID="P13_SP00227" HPOS="1257" VPOS="2074" WIDTH="20"/>
						<String ID="P13_ST00251" HPOS="1277" VPOS="2019" WIDTH="144" HEIGHT="41" CONTENT="solide" WC="0.99" CC="004300"/>
						<SP ID="P13_SP00228" HPOS="1421" VPOS="2074" WIDTH="30"/>
						<String ID="P13_ST00252" HPOS="1451" VPOS="2033" WIDTH="58" HEIGHT="27" CONTENT="ou" WC="0.73" CC="05"/>
						<SP ID="P13_SP00229" HPOS="1509" VPOS="2074" WIDTH="24"/>
						<String ID="P13_ST00253" HPOS="1533" VPOS="2033" WIDTH="136" HEIGHT="27" CONTENT="creux" WC="0.99" CC="03200"/>
						<SP ID="P13_SP00230" HPOS="1669" VPOS="2074" WIDTH="19"/>
						<String ID="P13_ST00254" HPOS="1688" VPOS="2019" WIDTH="77" HEIGHT="55" CONTENT="qui" WC="1.00" CC="000"/>
						<SP ID="P13_SP00231" HPOS="1765" VPOS="2074" WIDTH="18"/>
						<String ID="P13_ST00255" HPOS="1783" VPOS="2019" WIDTH="100" HEIGHT="41" CONTENT="unit" WC="0.96" CC="7605"/>
						<SP ID="P13_SP00232" HPOS="1883" VPOS="2074" WIDTH="19"/>
						<String ID="P13_ST00256" HPOS="1902" VPOS="2019" WIDTH="40" HEIGHT="41" CONTENT="le" WC="0.90" CC="10"/>
						<SP ID="P13_SP00233" HPOS="1942" VPOS="2074" WIDTH="22"/>
						<String ID="P13_ST00257" HPOS="1964" VPOS="2019" WIDTH="104" HEIGHT="55" CONTENT="pied" WC="1.00" CC="0100"/>
					</TextLine>
					<TextLine ID="P13_TL00026" HPOS="86" VPOS="2086" WIDTH="1984" HEIGHT="56">
						<String ID="P13_ST00258" HPOS="86" VPOS="2087" WIDTH="53" HEIGHT="39" CONTENT="de" WC="1.00" CC="00"/>
						<SP ID="P13_SP00234" HPOS="139" VPOS="2126" WIDTH="19"/>
						<String ID="P13_ST00259" HPOS="158" VPOS="2086" WIDTH="309" HEIGHT="41" CONTENT="l'instrument" WC="1.00" CC="041002430000"/>
						<SP ID="P13_SP00235" HPOS="467" VPOS="2127" WIDTH="24"/>
						<String ID="P13_ST00260" HPOS="491" VPOS="2086" WIDTH="23" HEIGHT="42" CONTENT="à" WC="1.00" CC="0"/>
						<SP ID="P13_SP00236" HPOS="514" VPOS="2128" WIDTH="27"/>
						<String ID="P13_ST00261" HPOS="541" VPOS="2086" WIDTH="42" HEIGHT="42" CONTENT="la" WC="1.00" CC="00"/>
						<SP ID="P13_SP00237" HPOS="583" VPOS="2128" WIDTH="23"/>
						<String ID="P13_ST00262" HPOS="606" VPOS="2087" WIDTH="202" HEIGHT="53" CONTENT="console," WC="1.00" CC="00000304"/>
						<SP ID="P13_SP00238" HPOS="808" VPOS="2140" WIDTH="26"/>
						<String ID="P13_ST00263" HPOS="834" VPOS="2098" WIDTH="111" HEIGHT="30" CONTENT="cette" WC="0.99" CC="00500"/>
						<SP ID="P13_SP00239" HPOS="945" VPOS="2140" WIDTH="23"/>
						<String ID="P13_ST00264" HPOS="968" VPOS="2087" WIDTH="142" HEIGHT="55" CONTENT="partie" WC="1.00" CC="000000"/>
						<SP ID="P13_SP00240" HPOS="1110" VPOS="2142" WIDTH="24"/>
						<String ID="P13_ST00265" HPOS="1134" VPOS="2087" WIDTH="262" HEIGHT="50" CONTENT="supérieure" WC="0.99" CC="0600010460"/>
						<SP ID="P13_SP00241" HPOS="1396" VPOS="2142" WIDTH="34"/>
						<String ID="P13_ST00266" HPOS="1430" VPOS="2101" WIDTH="53" HEIGHT="27" CONTENT="en" WC="0.72" CC="05"/>
						<SP ID="P13_SP00242" HPOS="1483" VPOS="2142" WIDTH="34"/>
						<String ID="P13_ST00267" HPOS="1517" VPOS="2087" WIDTH="144" HEIGHT="41" CONTENT="forme" WC="1.00" CC="00000"/>
						<SP ID="P13_SP00243" HPOS="1661" VPOS="2142" WIDTH="39"/>
						<String ID="P13_ST00268" HPOS="1700" VPOS="2088" WIDTH="79" HEIGHT="51" CONTENT="d\y," WC="0.48" CC="0784"/>
						<SP ID="P13_SP00244" HPOS="1779" VPOS="2142" WIDTH="35"/>
						<String ID="P13_ST00269" HPOS="1814" VPOS="2087" WIDTH="23" HEIGHT="41" CONTENT="à" WC="1.00" CC="0"/>
						<SP ID="P13_SP00245" HPOS="1837" VPOS="2142" WIDTH="40"/>
						<String ID="P13_ST00270" HPOS="1877" VPOS="2087" WIDTH="193" HEIGHT="55" CONTENT="laquelle" WC="1.00" CC="30002100"/>
					</TextLine>
					<TextLine ID="P13_TL00027" HPOS="86" VPOS="2154" WIDTH="1407" HEIGHT="56">
						<String ID="P13_ST00271" HPOS="86" VPOS="2154" WIDTH="251" HEIGHT="53" CONTENT="s'adaptent" WC="1.00" CC="0400004035"/>
						<SP ID="P13_SP00246" HPOS="337" VPOS="2207" WIDTH="22"/>
						<String ID="P13_ST00272" HPOS="359" VPOS="2154" WIDTH="64" HEIGHT="40" CONTENT="les" WC="1.00" CC="000"/>
						<SP ID="P13_SP00247" HPOS="423" VPOS="2207" WIDTH="21"/>
						<String ID="P13_ST00273" HPOS="444" VPOS="2154" WIDTH="214" HEIGHT="42" CONTENT="chevilles" WC="1.00" CC="000000000"/>
						<SP ID="P13_SP00248" HPOS="658" VPOS="2207" WIDTH="24"/>
						<String ID="P13_ST00274" HPOS="682" VPOS="2155" WIDTH="223" HEIGHT="41" CONTENT="destinées" WC="1.00" CC="000020020"/>
						<SP ID="P13_SP00249" HPOS="905" VPOS="2207" WIDTH="17"/>
						<String ID="P13_ST00275" HPOS="922" VPOS="2154" WIDTH="24" HEIGHT="42" CONTENT="à" WC="1.00" CC="0"/>
						<SP ID="P13_SP00250" HPOS="946" VPOS="2207" WIDTH="24"/>
						<String ID="P13_ST00276" HPOS="970" VPOS="2165" WIDTH="242" HEIGHT="45" CONTENT="supporter" WC="1.00" CC="030006004"/>
						<SP ID="P13_SP00251" HPOS="1212" VPOS="2210" WIDTH="21"/>
						<String ID="P13_ST00277" HPOS="1233" VPOS="2154" WIDTH="63" HEIGHT="41" CONTENT="les" WC="0.99" CC="300"/>
						<SP ID="P13_SP00252" HPOS="1296" VPOS="2210" WIDTH="23"/>
						<String ID="P13_ST00278" HPOS="1319" VPOS="2156" WIDTH="174" HEIGHT="40" CONTENT="cordes." WC="1.00" CC="0020004"/>
					</TextLine>
					<TextLine ID="P13_TL00028" HPOS="144" VPOS="2222" WIDTH="1925" HEIGHT="55">
						<String ID="P13_ST00279" HPOS="144" VPOS="2223" WIDTH="63" HEIGHT="39" CONTENT="La" WC="1.00" CC="00"/>
						<SP ID="P13_SP00253" HPOS="207" VPOS="2262" WIDTH="24"/>
						<String ID="P13_ST00280" HPOS="231" VPOS="2222" WIDTH="139" HEIGHT="54" CONTENT="harpe" WC="0.99" CC="08000"/>
						<SP ID="P13_SP00254" HPOS="370" VPOS="2276" WIDTH="22"/>
						<String ID="P13_ST00281" HPOS="392" VPOS="2222" WIDTH="120" HEIGHT="41" CONTENT="subit" WC="0.99" CC="00040"/>
						<SP ID="P13_SP00255" HPOS="512" VPOS="2276" WIDTH="24"/>
						<String ID="P13_ST00282" HPOS="536" VPOS="2223" WIDTH="76" HEIGHT="40" CONTENT="des" WC="1.00" CC="000"/>
						<SP ID="P13_SP00256" HPOS="612" VPOS="2276" WIDTH="25"/>
						<String ID="P13_ST00283" HPOS="637" VPOS="2222" WIDTH="338" HEIGHT="42" CONTENT="modifications" WC="1.00" CC="0006560010070"/>
						<SP ID="P13_SP00257" HPOS="975" VPOS="2276" WIDTH="20"/>
						<String ID="P13_ST00284" HPOS="995" VPOS="2222" WIDTH="277" HEIGHT="41" CONTENT="successives" WC="1.00" CC="00000004000"/>
						<SP ID="P13_SP00258" HPOS="1272" VPOS="2276" WIDTH="20"/>
						<String ID="P13_ST00285" HPOS="1292" VPOS="2236" WIDTH="103" HEIGHT="27" CONTENT="sans" WC="0.98" CC="0080"/>
						<SP ID="P13_SP00259" HPOS="1395" VPOS="2276" WIDTH="18"/>
						<String ID="P13_ST00286" HPOS="1413" VPOS="2223" WIDTH="169" HEIGHT="53" CONTENT="grande" WC="1.00" CC="000000"/>
						<SP ID="P13_SP00260" HPOS="1582" VPOS="2276" WIDTH="20"/>
						<String ID="P13_ST00287" HPOS="1602" VPOS="2222" WIDTH="299" HEIGHT="55" CONTENT="importance," WC="1.00" CC="30000001004"/>
						<SP ID="P13_SP00261" HPOS="1901" VPOS="2277" WIDTH="22"/>
						<String ID="P13_ST00288" HPOS="1923" VPOS="2223" WIDTH="117" HEIGHT="41" CONTENT="modi" SUBS_TYPE="HypPart1" SUBS_CONTENT="modifications" WC="0.99" CC="0003"/>
						<HYP HPOS="2040" VPOS="2223" WIDTH="29" CONTENT="-"/>
					</TextLine>
					<TextLine ID="P13_TL00029" HPOS="84" VPOS="2288" WIDTH="1986" HEIGHT="55">
						<String ID="P13_ST00289" HPOS="84" VPOS="2288" WIDTH="209" HEIGHT="42" CONTENT="fications" SUBS_TYPE="HypPart2" SUBS_CONTENT="modifications" WC="0.99" CC="870000500"/>
						<SP ID="P13_SP00262" HPOS="293" VPOS="2330" WIDTH="22"/>
						<String ID="P13_ST00290" HPOS="315" VPOS="2288" WIDTH="77" HEIGHT="55" CONTENT="qui" WC="0.99" CC="001"/>
						<SP ID="P13_SP00263" HPOS="392" VPOS="2343" WIDTH="19"/>
						<String ID="P13_ST00291" HPOS="411" VPOS="2289" WIDTH="232" HEIGHT="53" CONTENT="portèrent" WC="0.99" CC="003342131"/>
						<SP ID="P13_SP00264" HPOS="643" VPOS="2343" WIDTH="19"/>
						<String ID="P13_ST00292" HPOS="662" VPOS="2289" WIDTH="187" HEIGHT="41" CONTENT="d'abord" WC="1.00" CC="0400000"/>
						<SP ID="P13_SP00265" HPOS="849" VPOS="2343" WIDTH="25"/>
						<String ID="P13_ST00293" HPOS="874" VPOS="2304" WIDTH="76" HEIGHT="26" CONTENT="sur" WC="0.98" CC="040"/>
						<SP ID="P13_SP00266" HPOS="950" VPOS="2343" WIDTH="37"/>
						<String ID="P13_ST00294" HPOS="987" VPOS="2289" WIDTH="40" HEIGHT="41" CONTENT="le" WC="0.82" CC="30"/>
						<SP ID="P13_SP00267" HPOS="1027" VPOS="2343" WIDTH="39"/>
						<String ID="P13_ST00295" HPOS="1066" VPOS="2290" WIDTH="190" HEIGHT="40" CONTENT="nombre" WC="0.99" CC="600000"/>
						<SP ID="P13_SP00268" HPOS="1256" VPOS="2343" WIDTH="37"/>
						<String ID="P13_ST00296" HPOS="1293" VPOS="2290" WIDTH="76" HEIGHT="39" CONTENT="des" WC="1.00" CC="000"/>
						<SP ID="P13_SP00269" HPOS="1369" VPOS="2343" WIDTH="41"/>
						<String ID="P13_ST00297" HPOS="1410" VPOS="2289" WIDTH="174" HEIGHT="41" CONTENT="cordes." WC="1.00" CC="0000004"/>
						<SP ID="P13_SP00270" HPOS="1584" VPOS="2343" WIDTH="36"/>
						<String ID="P13_ST00298" HPOS="1620" VPOS="2289" WIDTH="85" HEIGHT="41" CONTENT="Les" WC="1.00" CC="000"/>
						<SP ID="P13_SP00271" HPOS="1705" VPOS="2343" WIDTH="32"/>
						<String ID="P13_ST00299" HPOS="1737" VPOS="2289" WIDTH="308" HEIGHT="54" CONTENT="perfectionne" SUBS_TYPE="HypPart1" SUBS_CONTENT="perfectionnements" WC="1.00" CC="005000010030"/>
						<HYP HPOS="2045" VPOS="2289" WIDTH="25" CONTENT="-"/>
					</TextLine>
					<TextLine ID="P13_TL00030" HPOS="87" VPOS="2356" WIDTH="1982" HEIGHT="55">
						<String ID="P13_ST00300" HPOS="87" VPOS="2367" WIDTH="147" HEIGHT="29" CONTENT="ments" SUBS_TYPE="HypPart2" SUBS_CONTENT="perfectionnements" WC="1.00" CC="00000"/>
						<SP ID="P13_SP00272" HPOS="234" VPOS="2396" WIDTH="24"/>
						<String ID="P13_ST00301" HPOS="258" VPOS="2357" WIDTH="53" HEIGHT="39" CONTENT="de" WC="1.00" CC="00"/>
						<SP ID="P13_SP00273" HPOS="311" VPOS="2396" WIDTH="23"/>
						<String ID="P13_ST00302" HPOS="334" VPOS="2367" WIDTH="68" HEIGHT="29" CONTENT="cet" WC="1.00" CC="000"/>
						<SP ID="P13_SP00274" HPOS="402" VPOS="2396" WIDTH="21"/>
						<String ID="P13_ST00303" HPOS="423" VPOS="2356" WIDTH="278" HEIGHT="42" CONTENT="instrument" WC="1.00" CC="3000440000"/>
						<SP ID="P13_SP00275" HPOS="701" VPOS="2398" WIDTH="17"/>
						<String ID="P13_ST00304" HPOS="718" VPOS="2358" WIDTH="152" HEIGHT="40" CONTENT="datent" WC="0.99" CC="004022"/>
						<SP ID="P13_SP00276" HPOS="870" VPOS="2398" WIDTH="20"/>
						<String ID="P13_ST00305" HPOS="890" VPOS="2358" WIDTH="60" HEIGHT="40" CONTENT="du" WC="0.70" CC="05"/>
						<SP ID="P13_SP00277" HPOS="950" VPOS="2398" WIDTH="23"/>
						<String ID="P13_ST00306" HPOS="973" VPOS="2372" WIDTH="105" HEIGHT="26" CONTENT="xvm" WC="0.84" CC="004"/>
						<String ID="P13_ST00307" HPOS="1085" VPOS="2365" WIDTH="11" HEIGHT="15" CONTENT="e" STYLE="superscript" WC="0.84" CC="1"/>
						<SP ID="P13_SP00278" HPOS="1096" VPOS="2398" WIDTH="23"/>
						<String ID="P13_ST00308" HPOS="1119" VPOS="2357" WIDTH="134" HEIGHT="41" CONTENT="siècle" WC="1.00" CC="030000"/>
						<SP ID="P13_SP00279" HPOS="1253" VPOS="2398" WIDTH="21"/>
						<String ID="P13_ST00309" HPOS="1274" VPOS="2389" WIDTH="8" HEIGHT="17" CONTENT="," WC="0.59" CC="4"/>
						<SP ID="P13_SP00280" HPOS="1282" VPOS="2406" WIDTH="26"/>
						<String ID="P13_ST00310" HPOS="1308" VPOS="2356" WIDTH="54" HEIGHT="41" CONTENT="ils" WC="1.00" CC="000"/>
						<SP ID="P13_SP00281" HPOS="1362" VPOS="2406" WIDTH="21"/>
						<String ID="P13_ST00311" HPOS="1383" VPOS="2356" WIDTH="150" HEIGHT="40" CONTENT="furent" WC="0.99" CC="000070"/>
						<SP ID="P13_SP00282" HPOS="1533" VPOS="2406" WIDTH="30"/>
						<String ID="P13_ST00312" HPOS="1563" VPOS="2358" WIDTH="210" HEIGHT="52" CONTENT="apportés" WC="1.00" CC="00000100"/>
						<SP ID="P13_SP00283" HPOS="1773" VPOS="2410" WIDTH="37"/>
						<String ID="P13_ST00313" HPOS="1810" VPOS="2370" WIDTH="80" HEIGHT="41" CONTENT="par" WC="0.98" CC="004"/>
						<SP ID="P13_SP00284" HPOS="1890" VPOS="2411" WIDTH="25"/>
						<String ID="P13_ST00314" HPOS="1915" VPOS="2358" WIDTH="124" HEIGHT="40" CONTENT="Hoch" SUBS_TYPE="HypPart1" SUBS_CONTENT="Hochbrucker," WC="0.67" CC="6005"/>
						<HYP HPOS="2039" VPOS="2358" WIDTH="30" CONTENT="-"/>
					</TextLine>
					<TextLine ID="P13_TL00031" HPOS="86" VPOS="2424" WIDTH="1985" HEIGHT="56">
						<String ID="P13_ST00315" HPOS="86" VPOS="2424" WIDTH="207" HEIGHT="50" CONTENT="brucker," SUBS_TYPE="HypPart2" SUBS_CONTENT="Hochbrucker," WC="0.79" CC="05100044"/>
						<SP ID="P13_SP00285" HPOS="293" VPOS="2474" WIDTH="17"/>
						<String ID="P13_ST00316" HPOS="310" VPOS="2425" WIDTH="262" HEIGHT="40" CONTENT="Naderman" WC="1.00" CC="00000000"/>
						<SP ID="P13_SP00286" HPOS="572" VPOS="2474" WIDTH="15"/>
						<String ID="P13_ST00317" HPOS="587" VPOS="2435" WIDTH="230" HEIGHT="31" CONTENT="etsurtout" WC="0.87" CC="000260020"/>
						<SP ID="P13_SP00287" HPOS="817" VPOS="2474" WIDTH="15"/>
						<String ID="P13_ST00318" HPOS="832" VPOS="2424" WIDTH="234" HEIGHT="42" CONTENT="Sébastien" WC="1.00" CC="000000000"/>
						<SP ID="P13_SP00288" HPOS="1066" VPOS="2474" WIDTH="17"/>
						<String ID="P13_ST00319" HPOS="1083" VPOS="2426" WIDTH="160" HEIGHT="40" CONTENT="Erard." WC="0.93" CC="040000"/>
						<SP ID="P13_SP00289" HPOS="1243" VPOS="2474" WIDTH="16"/>
						<String ID="P13_ST00320" HPOS="1259" VPOS="2425" WIDTH="68" HEIGHT="39" CONTENT="En" WC="1.00" CC="00"/>
						<SP ID="P13_SP00290" HPOS="1327" VPOS="2474" WIDTH="20"/>
						<String ID="P13_ST00321" HPOS="1347" VPOS="2438" WIDTH="129" HEIGHT="42" CONTENT="1720," WC="0.62" CC="34604"/>
						<SP ID="P13_SP00291" HPOS="1476" VPOS="2480" WIDTH="17"/>
						<String ID="P13_ST00322" HPOS="1493" VPOS="2424" WIDTH="40" HEIGHT="40" CONTENT="le" WC="1.00" CC="00"/>
						<SP ID="P13_SP00292" HPOS="1533" VPOS="2480" WIDTH="16"/>
						<String ID="P13_ST00323" HPOS="1549" VPOS="2424" WIDTH="168" HEIGHT="40" CONTENT="luthier" WC="0.99" CC="0425100"/>
						<SP ID="P13_SP00293" HPOS="1717" VPOS="2480" WIDTH="21"/>
						<String ID="P13_ST00324" HPOS="1738" VPOS="2424" WIDTH="333" HEIGHT="42" CONTENT="Hochbrucker" WC="0.86" CC="30000600005"/>
					</TextLine>
					<TextLine ID="P13_TL00032" HPOS="86" VPOS="2491" WIDTH="1984" HEIGHT="56">
						<String ID="P13_ST00325" HPOS="86" VPOS="2502" WIDTH="74" HEIGHT="30" CONTENT="eut" WC="0.98" CC="004"/>
						<SP ID="P13_SP00294" HPOS="160" VPOS="2532" WIDTH="22"/>
						<String ID="P13_ST00326" HPOS="182" VPOS="2491" WIDTH="130" HEIGHT="41" CONTENT="l'idée" WC="0.99" CC="143000"/>
						<SP ID="P13_SP00295" HPOS="312" VPOS="2532" WIDTH="21"/>
						<String ID="P13_ST00327" HPOS="333" VPOS="2492" WIDTH="229" HEIGHT="54" CONTENT="d'adapter" WC="0.99" CC="040000405"/>
						<SP ID="P13_SP00296" HPOS="562" VPOS="2546" WIDTH="26"/>
						<String ID="P13_ST00328" HPOS="588" VPOS="2494" WIDTH="76" HEIGHT="39" CONTENT="des" WC="1.00" CC="000"/>
						<SP ID="P13_SP00297" HPOS="664" VPOS="2546" WIDTH="22"/>
						<String ID="P13_ST00329" HPOS="686" VPOS="2493" WIDTH="182" HEIGHT="54" CONTENT="pédales" WC="1.00" CC="0005100"/>
						<SP ID="P13_SP00298" HPOS="868" VPOS="2547" WIDTH="35"/>
						<String ID="P13_ST00330" HPOS="903" VPOS="2492" WIDTH="24" HEIGHT="42" CONTENT="à" WC="1.00" CC="0"/>
						<SP ID="P13_SP00299" HPOS="927" VPOS="2547" WIDTH="22"/>
						<String ID="P13_ST00331" HPOS="949" VPOS="2493" WIDTH="335" HEIGHT="51" CONTENT="l'instrument;" WC="0.99" CC="5434004001405"/>
						<SP ID="P13_SP00300" HPOS="1284" VPOS="2547" WIDTH="34"/>
						<String ID="P13_ST00332" HPOS="1318" VPOS="2506" WIDTH="71" HEIGHT="26" CONTENT="ces" WC="1.00" CC="000"/>
						<SP ID="P13_SP00301" HPOS="1389" VPOS="2547" WIDTH="22"/>
						<String ID="P13_ST00333" HPOS="1411" VPOS="2491" WIDTH="180" HEIGHT="55" CONTENT="pédales" WC="1.00" CC="0000130"/>
						<SP ID="P13_SP00302" HPOS="1591" VPOS="2547" WIDTH="29"/>
						<String ID="P13_ST00334" HPOS="1620" VPOS="2492" WIDTH="243" HEIGHT="54" CONTENT="agissaient" WC="1.00" CC="5000002005"/>
						<SP ID="P13_SP00303" HPOS="1863" VPOS="2547" WIDTH="28"/>
						<String ID="P13_ST00335" HPOS="1891" VPOS="2506" WIDTH="76" HEIGHT="26" CONTENT="sur" WC="0.96" CC="460"/>
						<SP ID="P13_SP00304" HPOS="1967" VPOS="2547" WIDTH="39"/>
						<String ID="P13_ST00336" HPOS="2006" VPOS="2492" WIDTH="64" HEIGHT="40" CONTENT="les" WC="0.99" CC="300"/>
					</TextLine>
					<TextLine ID="P13_TL00033" HPOS="85" VPOS="2558" WIDTH="1984" HEIGHT="57">
						<String ID="P13_ST00337" HPOS="85" VPOS="2560" WIDTH="159" HEIGHT="40" CONTENT="cordes" WC="1.00" CC="000000"/>
						<SP ID="P13_SP00305" HPOS="244" VPOS="2600" WIDTH="23"/>
						<String ID="P13_ST00338" HPOS="267" VPOS="2570" WIDTH="99" HEIGHT="31" CONTENT="tout" WC="1.00" CC="0000"/>
						<SP ID="P13_SP00306" HPOS="366" VPOS="2601" WIDTH="31"/>
						<String ID="P13_ST00339" HPOS="397" VPOS="2574" WIDTH="180" HEIGHT="27" CONTENT="comme" WC="1.00" CC="00000"/>
						<SP ID="P13_SP00307" HPOS="577" VPOS="2601" WIDTH="20"/>
						<String ID="P13_ST00340" HPOS="597" VPOS="2560" WIDTH="40" HEIGHT="40" CONTENT="le" WC="1.00" CC="00"/>
						<SP ID="P13_SP00308" HPOS="637" VPOS="2601" WIDTH="21"/>
						<String ID="P13_ST00341" HPOS="658" VPOS="2560" WIDTH="128" HEIGHT="55" CONTENT="doigt" WC="1.00" CC="00000"/>
						<SP ID="P13_SP00309" HPOS="786" VPOS="2615" WIDTH="23"/>
						<String ID="P13_ST00342" HPOS="809" VPOS="2575" WIDTH="76" HEIGHT="26" CONTENT="sur" WC="1.00" CC="000"/>
						<SP ID="P13_SP00310" HPOS="885" VPOS="2615" WIDTH="19"/>
						<String ID="P13_ST00343" HPOS="904" VPOS="2574" WIDTH="63" HEIGHT="27" CONTENT="un" WC="0.58" CC="08"/>
						<SP ID="P13_SP00311" HPOS="967" VPOS="2615" WIDTH="21"/>
						<String ID="P13_ST00344" HPOS="988" VPOS="2560" WIDTH="157" HEIGHT="41" CONTENT="violon" WC="1.00" CC="010004"/>
						<SP ID="P13_SP00312" HPOS="1145" VPOS="2615" WIDTH="24"/>
						<String ID="P13_ST00345" HPOS="1169" VPOS="2570" WIDTH="40" HEIGHT="30" CONTENT="et" WC="1.00" CC="00"/>
						<SP ID="P13_SP00313" HPOS="1209" VPOS="2615" WIDTH="16"/>
						<String ID="P13_ST00346" HPOS="1225" VPOS="2559" WIDTH="262" HEIGHT="41" CONTENT="haussaient" WC="1.00" CC="0050006000"/>
						<SP ID="P13_SP00314" HPOS="1487" VPOS="2615" WIDTH="14"/>
						<String ID="P13_ST00347" HPOS="1501" VPOS="2558" WIDTH="42" HEIGHT="42" CONTENT="la" WC="1.00" CC="00"/>
						<SP ID="P13_SP00315" HPOS="1543" VPOS="2615" WIDTH="20"/>
						<String ID="P13_ST00348" HPOS="1563" VPOS="2570" WIDTH="104" HEIGHT="30" CONTENT="note" WC="0.99" CC="4000"/>
						<SP ID="P13_SP00316" HPOS="1667" VPOS="2615" WIDTH="20"/>
						<String ID="P13_ST00349" HPOS="1687" VPOS="2560" WIDTH="107" HEIGHT="40" CONTENT="d'un" WC="0.97" CC="0453"/>
						<SP ID="P13_SP00317" HPOS="1794" VPOS="2615" WIDTH="23"/>
						<String ID="P13_ST00350" HPOS="1817" VPOS="2559" WIDTH="252" HEIGHT="53" CONTENT="demi-ton;" WC="1.00" CC="000000004"/>
					</TextLine>
					<TextLine ID="P13_TL00034" HPOS="88" VPOS="2627" WIDTH="1984" HEIGHT="55">
						<String ID="P13_ST00351" HPOS="88" VPOS="2627" WIDTH="42" HEIGHT="40" CONTENT="la" WC="1.00" CC="00"/>
						<SP ID="P13_SP00318" HPOS="130" VPOS="2667" WIDTH="22"/>
						<String ID="P13_ST00352" HPOS="152" VPOS="2627" WIDTH="139" HEIGHT="54" CONTENT="harpe" WC="0.99" CC="05000"/>
						<SP ID="P13_SP00319" HPOS="291" VPOS="2681" WIDTH="33"/>
						<String ID="P13_ST00353" HPOS="324" VPOS="2627" WIDTH="117" HEIGHT="42" CONTENT="avait" WC="1.00" CC="00020"/>
						<SP ID="P13_SP00320" HPOS="441" VPOS="2681" WIDTH="20"/>
						<String ID="P13_ST00354" HPOS="461" VPOS="2627" WIDTH="119" HEIGHT="41" CONTENT="alors" WC="1.00" CC="01000"/>
						<SP ID="P13_SP00321" HPOS="580" VPOS="2681" WIDTH="33"/>
						<String ID="P13_ST00355" HPOS="613" VPOS="2638" WIDTH="97" HEIGHT="44" CONTENT="sept" WC="0.98" CC="2005"/>
						<SP ID="P13_SP00322" HPOS="710" VPOS="2682" WIDTH="21"/>
						<String ID="P13_ST00356" HPOS="731" VPOS="2627" WIDTH="198" HEIGHT="55" CONTENT="pédales," WC="1.00" CC="00002004"/>
						<SP ID="P13_SP00323" HPOS="929" VPOS="2682" WIDTH="24"/>
						<String ID="P13_ST00357" HPOS="953" VPOS="2642" WIDTH="87" HEIGHT="26" CONTENT="une" WC="0.98" CC="600"/>
						<SP ID="P13_SP00324" HPOS="1040" VPOS="2682" WIDTH="23"/>
						<String ID="P13_ST00358" HPOS="1063" VPOS="2641" WIDTH="118" HEIGHT="41" CONTENT="pour" WC="0.98" CC="0053"/>
						<SP ID="P13_SP00325" HPOS="1181" VPOS="2682" WIDTH="22"/>
						<String ID="P13_ST00359" HPOS="1203" VPOS="2627" WIDTH="175" HEIGHT="54" CONTENT="chaque" WC="1.00" CC="000000"/>
						<SP ID="P13_SP00326" HPOS="1378" VPOS="2682" WIDTH="23"/>
						<String ID="P13_ST00360" HPOS="1401" VPOS="2637" WIDTH="105" HEIGHT="30" CONTENT="note" WC="0.99" CC="0010"/>
						<SP ID="P13_SP00327" HPOS="1506" VPOS="2682" WIDTH="25"/>
						<String ID="P13_ST00361" HPOS="1531" VPOS="2627" WIDTH="52" HEIGHT="40" CONTENT="de" WC="1.00" CC="00"/>
						<SP ID="P13_SP00328" HPOS="1583" VPOS="2682" WIDTH="35"/>
						<String ID="P13_ST00362" HPOS="1618" VPOS="2627" WIDTH="42" HEIGHT="40" CONTENT="la" WC="0.72" CC="50"/>
						<SP ID="P13_SP00329" HPOS="1660" VPOS="2682" WIDTH="23"/>
						<String ID="P13_ST00363" HPOS="1683" VPOS="2641" WIDTH="176" HEIGHT="40" CONTENT="gamme" WC="0.99" CC="07000"/>
						<SP ID="P13_SP00330" HPOS="1859" VPOS="2682" WIDTH="17"/>
						<String ID="P13_ST00364" HPOS="1876" VPOS="2641" WIDTH="10" HEIGHT="39" CONTENT=";" WC="0.77" CC="2"/>
						<SP ID="P13_SP00331" HPOS="1886" VPOS="2682" WIDTH="33"/>
						<String ID="P13_ST00365" HPOS="1919" VPOS="2627" WIDTH="132" HEIGHT="40" CONTENT="l'éten" SUBS_TYPE="HypPart1" SUBS_CONTENT="l'étendue" WC="0.99" CC="040301"/>
						<HYP HPOS="2051" VPOS="2627" WIDTH="21" CONTENT="-"/>
					</TextLine>
					<TextLine ID="P13_TL00035" HPOS="86" VPOS="2694" WIDTH="1986" HEIGHT="56">
						<String ID="P13_ST00366" HPOS="86" VPOS="2695" WIDTH="86" HEIGHT="40" CONTENT="due" SUBS_TYPE="HypPart2" SUBS_CONTENT="l'étendue" WC="0.98" CC="050"/>
						<SP ID="P13_SP00332" HPOS="172" VPOS="2735" WIDTH="25"/>
						<String ID="P13_ST00367" HPOS="197" VPOS="2695" WIDTH="52" HEIGHT="40" CONTENT="de" WC="1.00" CC="00"/>
						<SP ID="P13_SP00333" HPOS="249" VPOS="2735" WIDTH="19"/>
						<String ID="P13_ST00368" HPOS="268" VPOS="2694" WIDTH="41" HEIGHT="42" CONTENT="la" WC="0.67" CC="06"/>
						<SP ID="P13_SP00334" HPOS="309" VPOS="2736" WIDTH="24"/>
						<String ID="P13_ST00369" HPOS="333" VPOS="2695" WIDTH="154" HEIGHT="55" CONTENT="harpe," WC="0.99" CC="004004"/>
						<SP ID="P13_SP00335" HPOS="487" VPOS="2750" WIDTH="25"/>
						<String ID="P13_ST00370" HPOS="512" VPOS="2695" WIDTH="78" HEIGHT="54" CONTENT="qui" WC="0.99" CC="002"/>
						<SP ID="P13_SP00336" HPOS="590" VPOS="2750" WIDTH="24"/>
						<String ID="P13_ST00371" HPOS="614" VPOS="2695" WIDTH="220" HEIGHT="54" CONTENT="comptait" WC="1.00" CC="00000700"/>
						<SP ID="P13_SP00337" HPOS="834" VPOS="2750" WIDTH="14"/>
						<String ID="P13_ST00372" HPOS="848" VPOS="2697" WIDTH="56" HEIGHT="52" CONTENT="46" WC="0.66" CC="33"/>
						<SP ID="P13_SP00338" HPOS="904" VPOS="2750" WIDTH="36"/>
						<String ID="P13_ST00373" HPOS="940" VPOS="2696" WIDTH="173" HEIGHT="48" CONTENT="cordes," WC="1.00" CC="0000003"/>
						<SP ID="P13_SP00339" HPOS="1113" VPOS="2750" WIDTH="28"/>
						<String ID="P13_ST00374" HPOS="1141" VPOS="2695" WIDTH="105" HEIGHT="40" CONTENT="était" WC="0.99" CC="04000"/>
						<SP ID="P13_SP00340" HPOS="1246" VPOS="2750" WIDTH="22"/>
						<String ID="P13_ST00375" HPOS="1268" VPOS="2695" WIDTH="53" HEIGHT="40" CONTENT="de" WC="1.00" CC="00"/>
						<SP ID="P13_SP00341" HPOS="1321" VPOS="2750" WIDTH="21"/>
						<String ID="P13_ST00376" HPOS="1342" VPOS="2694" WIDTH="66" HEIGHT="41" CONTENT="six" WC="0.99" CC="020"/>
						<SP ID="P13_SP00342" HPOS="1408" VPOS="2750" WIDTH="23"/>
						<String ID="P13_ST00377" HPOS="1431" VPOS="2705" WIDTH="177" HEIGHT="30" CONTENT="octaves" WC="1.00" CC="0000010"/>
						<SP ID="P13_SP00343" HPOS="1608" VPOS="2750" WIDTH="24"/>
						<String ID="P13_ST00378" HPOS="1632" VPOS="2705" WIDTH="40" HEIGHT="31" CONTENT="et" WC="1.00" CC="00"/>
						<SP ID="P13_SP00344" HPOS="1672" VPOS="2750" WIDTH="19"/>
						<String ID="P13_ST00379" HPOS="1691" VPOS="2709" WIDTH="89" HEIGHT="26" CONTENT="une" WC="0.98" CC="060"/>
						<SP ID="P13_SP00345" HPOS="1780" VPOS="2750" WIDTH="21"/>
						<String ID="P13_ST00380" HPOS="1801" VPOS="2706" WIDTH="172" HEIGHT="44" CONTENT="quarte." WC="0.99" CC="0400203"/>
						<SP ID="P13_SP00346" HPOS="1973" VPOS="2750" WIDTH="25"/>
						<String ID="P13_ST00381" HPOS="1998" VPOS="2695" WIDTH="50" HEIGHT="42" CONTENT="Sé" SUBS_TYPE="HypPart1" SUBS_CONTENT="Sébastien" WC="0.98" CC="00"/>
						<HYP HPOS="2048" VPOS="2695" WIDTH="24" CONTENT="-"/>
					</TextLine>
					<TextLine ID="P13_TL00036" HPOS="88" VPOS="2762" WIDTH="1985" HEIGHT="56">
						<String ID="P13_ST00382" HPOS="88" VPOS="2762" WIDTH="172" HEIGHT="41" CONTENT="bastien" SUBS_TYPE="HypPart2" SUBS_CONTENT="Sébastien" WC="0.99" CC="5301106"/>
						<SP ID="P13_SP00347" HPOS="260" VPOS="2803" WIDTH="22"/>
						<String ID="P13_ST00383" HPOS="282" VPOS="2763" WIDTH="145" HEIGHT="40" CONTENT="Erard" WC="1.00" CC="00000"/>
						<SP ID="P13_SP00348" HPOS="427" VPOS="2803" WIDTH="21"/>
						<String ID="P13_ST00384" HPOS="448" VPOS="2777" WIDTH="55" HEIGHT="26" CONTENT="en" WC="0.65" CC="07"/>
						<SP ID="P13_SP00349" HPOS="503" VPOS="2803" WIDTH="24"/>
						<String ID="P13_ST00385" HPOS="527" VPOS="2764" WIDTH="112" HEIGHT="54" CONTENT="1789" WC="0.38" CC="6656"/>
						<SP ID="P13_SP00350" HPOS="639" VPOS="2818" WIDTH="26"/>
						<String ID="P13_ST00386" HPOS="665" VPOS="2777" WIDTH="242" HEIGHT="40" CONTENT="remarqua" WC="0.99" CC="60000026"/>
						<SP ID="P13_SP00351" HPOS="907" VPOS="2818" WIDTH="15"/>
						<String ID="P13_ST00387" HPOS="922" VPOS="2763" WIDTH="63" HEIGHT="40" CONTENT="les" WC="1.00" CC="000"/>
						<SP ID="P13_SP00352" HPOS="985" VPOS="2818" WIDTH="21"/>
						<String ID="P13_ST00388" HPOS="1006" VPOS="2762" WIDTH="346" HEIGHT="41" CONTENT="inconvénients" WC="1.00" CC="0700600540600"/>
						<SP ID="P13_SP00353" HPOS="1352" VPOS="2818" WIDTH="18"/>
						<String ID="P13_ST00389" HPOS="1370" VPOS="2763" WIDTH="53" HEIGHT="40" CONTENT="de" WC="1.00" CC="00"/>
						<SP ID="P13_SP00354" HPOS="1423" VPOS="2818" WIDTH="21"/>
						<String ID="P13_ST00390" HPOS="1444" VPOS="2762" WIDTH="42" HEIGHT="41" CONTENT="la" WC="0.84" CC="30"/>
						<SP ID="P13_SP00355" HPOS="1486" VPOS="2818" WIDTH="23"/>
						<String ID="P13_ST00391" HPOS="1509" VPOS="2762" WIDTH="138" HEIGHT="55" CONTENT="harpe" WC="0.98" CC="70300"/>
						<SP ID="P13_SP00356" HPOS="1647" VPOS="2818" WIDTH="18"/>
						<String ID="P13_ST00392" HPOS="1665" VPOS="2763" WIDTH="52" HEIGHT="40" CONTENT="de" WC="1.00" CC="00"/>
						<SP ID="P13_SP00357" HPOS="1717" VPOS="2818" WIDTH="23"/>
						<String ID="P13_ST00393" HPOS="1740" VPOS="2763" WIDTH="333" HEIGHT="41" CONTENT="Hochbrucker" WC="0.90" CC="00000050004"/>
					</TextLine>
					<TextLine ID="P13_TL00037" HPOS="87" VPOS="2830" WIDTH="1984" HEIGHT="56">
						<String ID="P13_ST00394" HPOS="87" VPOS="2831" WIDTH="112" HEIGHT="40" CONTENT="dont" WC="0.99" CC="0030"/>
						<SP ID="P13_SP00358" HPOS="199" VPOS="2871" WIDTH="21"/>
						<String ID="P13_ST00395" HPOS="220" VPOS="2831" WIDTH="64" HEIGHT="40" CONTENT="les" WC="0.98" CC="410"/>
						<SP ID="P13_SP00359" HPOS="284" VPOS="2871" WIDTH="22"/>
						<String ID="P13_ST00396" HPOS="306" VPOS="2832" WIDTH="159" HEIGHT="39" CONTENT="cordes" WC="0.99" CC="006000"/>
						<SP ID="P13_SP00360" HPOS="465" VPOS="2871" WIDTH="21"/>
						<String ID="P13_ST00397" HPOS="486" VPOS="2831" WIDTH="213" HEIGHT="40" CONTENT="n'étaient" WC="1.00" CC="020040000"/>
						<SP ID="P13_SP00361" HPOS="699" VPOS="2871" WIDTH="22"/>
						<String ID="P13_ST00398" HPOS="721" VPOS="2845" WIDTH="80" HEIGHT="41" CONTENT="pas" WC="1.00" CC="000"/>
						<SP ID="P13_SP00362" HPOS="801" VPOS="2886" WIDTH="19"/>
						<String ID="P13_ST00399" HPOS="820" VPOS="2841" WIDTH="149" HEIGHT="31" CONTENT="toutes" WC="1.00" CC="000000"/>
						<SP ID="P13_SP00363" HPOS="969" VPOS="2886" WIDTH="18"/>
						<String ID="P13_ST00400" HPOS="987" VPOS="2845" WIDTH="77" HEIGHT="26" CONTENT="sur" WC="1.00" CC="000"/>
						<SP ID="P13_SP00364" HPOS="1064" VPOS="2886" WIDTH="18"/>
						<String ID="P13_ST00401" HPOS="1082" VPOS="2831" WIDTH="40" HEIGHT="40" CONTENT="le" WC="0.88" CC="20"/>
						<SP ID="P13_SP00365" HPOS="1122" VPOS="2886" WIDTH="21"/>
						<String ID="P13_ST00402" HPOS="1143" VPOS="2833" WIDTH="147" HEIGHT="38" CONTENT="même" WC="1.00" CC="0100"/>
						<SP ID="P13_SP00366" HPOS="1290" VPOS="2886" WIDTH="23"/>
						<String ID="P13_ST00403" HPOS="1313" VPOS="2830" WIDTH="105" HEIGHT="55" CONTENT="plan" WC="0.98" CC="0214"/>
						<SP ID="P13_SP00367" HPOS="1418" VPOS="2886" WIDTH="28"/>
						<String ID="P13_ST00404" HPOS="1446" VPOS="2841" WIDTH="40" HEIGHT="30" CONTENT="et" WC="0.94" CC="01"/>
						<SP ID="P13_SP00368" HPOS="1486" VPOS="2886" WIDTH="17"/>
						<String ID="P13_ST00405" HPOS="1503" VPOS="2830" WIDTH="280" HEIGHT="42" CONTENT="s'écartaient" WC="1.00" CC="031000100030"/>
						<SP ID="P13_SP00369" HPOS="1783" VPOS="2886" WIDTH="23"/>
						<String ID="P13_ST00406" HPOS="1806" VPOS="2831" WIDTH="52" HEIGHT="40" CONTENT="de" WC="1.00" CC="00"/>
						<SP ID="P13_SP00370" HPOS="1858" VPOS="2886" WIDTH="19"/>
						<String ID="P13_ST00407" HPOS="1877" VPOS="2831" WIDTH="99" HEIGHT="40" CONTENT="leur" WC="0.99" CC="0040"/>
						<SP ID="P13_SP00371" HPOS="1976" VPOS="2886" WIDTH="17"/>
						<String ID="P13_ST00408" HPOS="1993" VPOS="2845" WIDTH="52" HEIGHT="40" CONTENT="po" SUBS_TYPE="HypPart1" SUBS_CONTENT="position" WC="0.98" CC="00"/>
						<HYP HPOS="2045" VPOS="2845" WIDTH="26" CONTENT="-"/>
					</TextLine>
					<TextLine ID="P13_TL00038" HPOS="89" VPOS="2897" WIDTH="1985" HEIGHT="56">
						<String ID="P13_ST00409" HPOS="89" VPOS="2897" WIDTH="137" HEIGHT="42" CONTENT="sition" SUBS_TYPE="HypPart2" SUBS_CONTENT="position" WC="0.98" CC="065003"/>
						<SP ID="P13_SP00372" HPOS="226" VPOS="2939" WIDTH="21"/>
						<String ID="P13_ST00410" HPOS="247" VPOS="2898" WIDTH="395" HEIGHT="55" CONTENT="perpendiculaire" WC="1.00" CC="000000056020230"/>
						<SP ID="P13_SP00373" HPOS="642" VPOS="2953" WIDTH="18"/>
						<String ID="P13_ST00411" HPOS="660" VPOS="2913" WIDTH="56" HEIGHT="27" CONTENT="au" WC="1.00" CC="00"/>
						<SP ID="P13_SP00374" HPOS="716" VPOS="2953" WIDTH="25"/>
						<String ID="P13_ST00412" HPOS="741" VPOS="2899" WIDTH="243" HEIGHT="41" CONTENT="détriment" WC="1.00" CC="000010000"/>
						<SP ID="P13_SP00375" HPOS="984" VPOS="2953" WIDTH="17"/>
						<String ID="P13_ST00413" HPOS="1001" VPOS="2900" WIDTH="60" HEIGHT="39" CONTENT="du" WC="1.00" CC="00"/>
						<SP ID="P13_SP00376" HPOS="1061" VPOS="2953" WIDTH="24"/>
						<String ID="P13_ST00414" HPOS="1085" VPOS="2913" WIDTH="83" HEIGHT="26" CONTENT="son" WC="0.98" CC="005"/>
						<SP ID="P13_SP00377" HPOS="1168" VPOS="2953" WIDTH="34"/>
						<String ID="P13_ST00415" HPOS="1202" VPOS="2899" WIDTH="53" HEIGHT="40" CONTENT="de" WC="0.90" CC="01"/>
						<SP ID="P13_SP00378" HPOS="1255" VPOS="2953" WIDTH="31"/>
						<String ID="P13_ST00416" HPOS="1286" VPOS="2898" WIDTH="325" HEIGHT="41" CONTENT="l'instrument." WC="1.00" CC="0400040700003"/>
						<SP ID="P13_SP00379" HPOS="1611" VPOS="2953" WIDTH="36"/>
						<String ID="P13_ST00417" HPOS="1647" VPOS="2899" WIDTH="37" HEIGHT="40" CONTENT="Il" WC="0.71" CC="05"/>
						<SP ID="P13_SP00380" HPOS="1684" VPOS="2953" WIDTH="24"/>
						<String ID="P13_ST00418" HPOS="1708" VPOS="2912" WIDTH="267" HEIGHT="39" CONTENT="commença" WC="1.00" CC="03000000"/>
						<SP ID="P13_SP00381" HPOS="1975" VPOS="2953" WIDTH="18"/>
						<String ID="P13_ST00419" HPOS="1993" VPOS="2913" WIDTH="81" HEIGHT="40" CONTENT="par" WC="1.00" CC="000"/>
					</TextLine>
					<TextLine ID="P13_TL00039" HPOS="87" VPOS="2965" WIDTH="1985" HEIGHT="55">
						<String ID="P13_ST00420" HPOS="87" VPOS="2965" WIDTH="259" HEIGHT="42" CONTENT="raccourcir" WC="0.99" CC="6000060045"/>
						<SP ID="P13_SP00382" HPOS="346" VPOS="3007" WIDTH="21"/>
						<String ID="P13_ST00421" HPOS="367" VPOS="2966" WIDTH="42" HEIGHT="41" CONTENT="la" WC="1.00" CC="00"/>
						<SP ID="P13_SP00383" HPOS="409" VPOS="3007" WIDTH="20"/>
						<String ID="P13_ST00422" HPOS="429" VPOS="2967" WIDTH="154" HEIGHT="50" CONTENT="corde," WC="0.99" CC="006004"/>
						<SP ID="P13_SP00384" HPOS="583" VPOS="3017" WIDTH="25"/>
						<String ID="P13_ST00423" HPOS="608" VPOS="2977" WIDTH="100" HEIGHT="30" CONTENT="tout" WC="1.00" CC="0000"/>
						<SP ID="P13_SP00385" HPOS="708" VPOS="3017" WIDTH="23"/>
						<String ID="P13_ST00424" HPOS="731" VPOS="2981" WIDTH="55" HEIGHT="26" CONTENT="en" WC="0.76" CC="04"/>
						<SP ID="P13_SP00386" HPOS="786" VPOS="3017" WIDTH="22"/>
						<String ID="P13_ST00425" HPOS="808" VPOS="2967" WIDTH="65" HEIGHT="40" CONTENT="lui" WC="0.96" CC="261"/>
						<SP ID="P13_SP00387" HPOS="873" VPOS="3017" WIDTH="21"/>
						<String ID="P13_ST00426" HPOS="894" VPOS="2967" WIDTH="285" HEIGHT="40" CONTENT="maintenant" WC="0.99" CC="0405003030"/>
						<SP ID="P13_SP00388" HPOS="1179" VPOS="3017" WIDTH="19"/>
						<String ID="P13_ST00427" HPOS="1198" VPOS="2966" WIDTH="43" HEIGHT="41" CONTENT="la" WC="0.76" CC="04"/>
						<SP ID="P13_SP00389" HPOS="1241" VPOS="3017" WIDTH="18"/>
						<String ID="P13_ST00428" HPOS="1259" VPOS="2966" WIDTH="121" HEIGHT="54" CONTENT="ligne" WC="0.99" CC="40000"/>
						<SP ID="P13_SP00390" HPOS="1380" VPOS="3020" WIDTH="17"/>
						<String ID="P13_ST00429" HPOS="1397" VPOS="2965" WIDTH="228" HEIGHT="52" CONTENT="verticale;" WC="1.00" CC="0000000508"/>
						<SP ID="P13_SP00391" HPOS="1625" VPOS="3020" WIDTH="19"/>
						<String ID="P13_ST00430" HPOS="1644" VPOS="2966" WIDTH="32" HEIGHT="41" CONTENT="il" WC="0.79" CC="22"/>
						<SP ID="P13_SP00392" HPOS="1676" VPOS="3020" WIDTH="17"/>
						<String ID="P13_ST00431" HPOS="1693" VPOS="2966" WIDTH="245" HEIGHT="42" CONTENT="diminuait" WC="0.99" CC="000206004"/>
						<SP ID="P13_SP00393" HPOS="1938" VPOS="3020" WIDTH="18"/>
						<String ID="P13_ST00432" HPOS="1956" VPOS="2965" WIDTH="116" HEIGHT="42" CONTENT="ainsi" WC="0.99" CC="03200"/>
					</TextLine>
					<TextLine ID="P13_TL00040" HPOS="88" VPOS="3033" WIDTH="1984" HEIGHT="56">
						<String ID="P13_ST00433" HPOS="88" VPOS="3034" WIDTH="185" HEIGHT="41" CONTENT="d'abord" WC="0.99" CC="0700060"/>
						<SP ID="P13_SP00394" HPOS="273" VPOS="3075" WIDTH="19"/>
						<String ID="P13_ST00434" HPOS="292" VPOS="3034" WIDTH="39" HEIGHT="40" CONTENT="le" WC="1.00" CC="00"/>
						<SP ID="P13_SP00395" HPOS="331" VPOS="3075" WIDTH="33"/>
						<String ID="P13_ST00435" HPOS="364" VPOS="3034" WIDTH="166" HEIGHT="55" CONTENT="champ" WC="1.00" CC="03000"/>
						<SP ID="P13_SP00396" HPOS="530" VPOS="3089" WIDTH="37"/>
						<String ID="P13_ST00436" HPOS="567" VPOS="3048" WIDTH="86" HEIGHT="41" CONTENT="que" WC="0.98" CC="040"/>
						<SP ID="P13_SP00397" HPOS="653" VPOS="3089" WIDTH="24"/>
						<String ID="P13_ST00437" HPOS="677" VPOS="3035" WIDTH="63" HEIGHT="40" CONTENT="les" WC="0.98" CC="500"/>
						<SP ID="P13_SP00398" HPOS="740" VPOS="3089" WIDTH="21"/>
						<String ID="P13_ST00438" HPOS="761" VPOS="3035" WIDTH="101" HEIGHT="41" CONTENT="bras" WC="0.99" CC="0600"/>
						<SP ID="P13_SP00399" HPOS="862" VPOS="3089" WIDTH="24"/>
						<String ID="P13_ST00439" HPOS="886" VPOS="3035" WIDTH="248" HEIGHT="54" CONTENT="pouvaient" WC="0.99" CC="064072060"/>
						<SP ID="P13_SP00400" HPOS="1134" VPOS="3089" WIDTH="23"/>
						<String ID="P13_ST00440" HPOS="1157" VPOS="3034" WIDTH="235" HEIGHT="41" CONTENT="atteindre." WC="1.00" CC="0000400004"/>
						<SP ID="P13_SP00401" HPOS="1392" VPOS="3089" WIDTH="49"/>
						<String ID="P13_ST00441" HPOS="1441" VPOS="3034" WIDTH="36" HEIGHT="41" CONTENT="Il" WC="0.89" CC="10"/>
						<SP ID="P13_SP00402" HPOS="1477" VPOS="3089" WIDTH="35"/>
						<String ID="P13_ST00442" HPOS="1512" VPOS="3033" WIDTH="198" HEIGHT="56" CONTENT="comprit" WC="1.00" CC="0000020"/>
						<SP ID="P13_SP00403" HPOS="1710" VPOS="3089" WIDTH="37"/>
						<String ID="P13_ST00443" HPOS="1747" VPOS="3033" WIDTH="121" HEIGHT="42" CONTENT="aussi" WC="0.99" CC="06000"/>
						<SP ID="P13_SP00404" HPOS="1868" VPOS="3089" WIDTH="39"/>
						<String ID="P13_ST00444" HPOS="1907" VPOS="3048" WIDTH="85" HEIGHT="40" CONTENT="que" WC="1.00" CC="000"/>
						<SP ID="P13_SP00405" HPOS="1992" VPOS="3089" WIDTH="38"/>
						<String ID="P13_ST00445" HPOS="2030" VPOS="3033" WIDTH="42" HEIGHT="41" CONTENT="la" WC="0.82" CC="30"/>
					</TextLine>
					<TextLine ID="P13_TL00041" HPOS="89" VPOS="3101" WIDTH="1983" HEIGHT="56">
						<String ID="P13_ST00446" HPOS="89" VPOS="3101" WIDTH="328" HEIGHT="54" CONTENT="transposition" WC="1.00" CC="0017000010206"/>
						<SP ID="P13_SP00406" HPOS="417" VPOS="3155" WIDTH="21"/>
						<String ID="P13_ST00447" HPOS="438" VPOS="3102" WIDTH="107" HEIGHT="40" CONTENT="d'un" WC="0.98" CC="0450"/>
						<SP ID="P13_SP00407" HPOS="545" VPOS="3155" WIDTH="18"/>
						<String ID="P13_ST00448" HPOS="563" VPOS="3101" WIDTH="222" HEIGHT="42" CONTENT="demi-ton" WC="0.99" CC="00004205"/>
						<SP ID="P13_SP00408" HPOS="785" VPOS="3155" WIDTH="26"/>
						<String ID="P13_ST00449" HPOS="811" VPOS="3102" WIDTH="150" HEIGHT="41" CONTENT="n'était" WC="0.99" CC="0400323"/>
						<SP ID="P13_SP00409" HPOS="961" VPOS="3155" WIDTH="23"/>
						<String ID="P13_ST00450" HPOS="984" VPOS="3116" WIDTH="79" HEIGHT="41" CONTENT="pas" WC="1.00" CC="000"/>
						<SP ID="P13_SP00410" HPOS="1063" VPOS="3157" WIDTH="25"/>
						<String ID="P13_ST00451" HPOS="1088" VPOS="3102" WIDTH="234" HEIGHT="41" CONTENT="suffisante" WC="0.99" CC="0408600040"/>
						<SP ID="P13_SP00411" HPOS="1322" VPOS="3157" WIDTH="16"/>
						<String ID="P13_ST00452" HPOS="1338" VPOS="3115" WIDTH="118" HEIGHT="42" CONTENT="pour" WC="0.99" CC="0040"/>
						<SP ID="P13_SP00412" HPOS="1456" VPOS="3157" WIDTH="21"/>
						<String ID="P13_ST00453" HPOS="1477" VPOS="3112" WIDTH="241" HEIGHT="44" CONTENT="permettre" WC="1.00" CC="002000000"/>
						<SP ID="P13_SP00413" HPOS="1718" VPOS="3157" WIDTH="24"/>
						<String ID="P13_ST00454" HPOS="1742" VPOS="3102" WIDTH="53" HEIGHT="40" CONTENT="de" WC="1.00" CC="00"/>
						<SP ID="P13_SP00414" HPOS="1795" VPOS="3157" WIDTH="33"/>
						<String ID="P13_ST00455" HPOS="1828" VPOS="3101" WIDTH="148" HEIGHT="41" CONTENT="varier" WC="0.99" CC="000025"/>
						<SP ID="P13_SP00415" HPOS="1976" VPOS="3157" WIDTH="32"/>
						<String ID="P13_ST00456" HPOS="2008" VPOS="3101" WIDTH="64" HEIGHT="40" CONTENT="les" WC="0.99" CC="300"/>
					</TextLine>
					<TextLine ID="P13_TL00042" HPOS="89" VPOS="3167" WIDTH="1984" HEIGHT="57">
						<String ID="P13_ST00457" HPOS="89" VPOS="3167" WIDTH="228" HEIGHT="41" CONTENT="tonalités." WC="1.00" CC="0060202002"/>
						<SP ID="P13_SP00416" HPOS="317" VPOS="3208" WIDTH="24"/>
						<String ID="P13_ST00458" HPOS="341" VPOS="3169" WIDTH="36" HEIGHT="40" CONTENT="Il" WC="0.40" CC="65"/>
						<SP ID="P13_SP00417" HPOS="377" VPOS="3209" WIDTH="29"/>
						<String ID="P13_ST00459" HPOS="406" VPOS="3179" WIDTH="162" HEIGHT="31" CONTENT="trouva" WC="1.00" CC="000500"/>
						<SP ID="P13_SP00418" HPOS="568" VPOS="3210" WIDTH="19"/>
						<String ID="P13_ST00460" HPOS="587" VPOS="3170" WIDTH="40" HEIGHT="40" CONTENT="le" WC="0.84" CC="30"/>
						<SP ID="P13_SP00419" HPOS="627" VPOS="3210" WIDTH="17"/>
						<String ID="P13_ST00461" HPOS="644" VPOS="3183" WIDTH="168" HEIGHT="41" CONTENT="moyen" WC="1.00" CC="00000"/>
						<SP ID="P13_SP00420" HPOS="812" VPOS="3224" WIDTH="21"/>
						<String ID="P13_ST00462" HPOS="833" VPOS="3170" WIDTH="53" HEIGHT="40" CONTENT="de" WC="1.00" CC="00"/>
						<SP ID="P13_SP00421" HPOS="886" VPOS="3224" WIDTH="22"/>
						<String ID="P13_ST00463" HPOS="908" VPOS="3170" WIDTH="190" HEIGHT="40" CONTENT="hausser" WC="0.98" CC="7950000"/>
						<SP ID="P13_SP00422" HPOS="1098" VPOS="3224" WIDTH="18"/>
						<String ID="P13_ST00464" HPOS="1116" VPOS="3170" WIDTH="43" HEIGHT="41" CONTENT="la" WC="1.00" CC="00"/>
						<SP ID="P13_SP00423" HPOS="1159" VPOS="3224" WIDTH="19"/>
						<String ID="P13_ST00465" HPOS="1178" VPOS="3170" WIDTH="135" HEIGHT="40" CONTENT="corde" WC="1.00" CC="00000"/>
						<SP ID="P13_SP00424" HPOS="1313" VPOS="3224" WIDTH="36"/>
						<String ID="P13_ST00466" HPOS="1349" VPOS="3170" WIDTH="107" HEIGHT="40" CONTENT="d'un" WC="0.98" CC="0405"/>
						<SP ID="P13_SP00425" HPOS="1456" VPOS="3224" WIDTH="23"/>
						<String ID="P13_ST00467" HPOS="1479" VPOS="3180" WIDTH="80" HEIGHT="31" CONTENT="ton" WC="1.00" CC="000"/>
						<SP ID="P13_SP00426" HPOS="1559" VPOS="3224" WIDTH="24"/>
						<String ID="P13_ST00468" HPOS="1583" VPOS="3180" WIDTH="41" HEIGHT="30" CONTENT="et" WC="0.96" CC="00"/>
						<SP ID="P13_SP00427" HPOS="1624" VPOS="3224" WIDTH="38"/>
						<String ID="P13_ST00469" HPOS="1662" VPOS="3170" WIDTH="107" HEIGHT="40" CONTENT="d'un" WC="0.98" CC="0460"/>
						<SP ID="P13_SP00428" HPOS="1769" VPOS="3224" WIDTH="35"/>
						<String ID="P13_ST00470" HPOS="1804" VPOS="3167" WIDTH="221" HEIGHT="42" CONTENT="demi-ton" WC="1.00" CC="00004500"/>
						<SP ID="P13_SP00429" HPOS="2025" VPOS="3224" WIDTH="24"/>
						<String ID="P13_ST00471" HPOS="2049" VPOS="3167" WIDTH="24" HEIGHT="41" CONTENT="à" WC="1.00" CC="0"/>
					</TextLine>
					<TextLine ID="P13_TL00043" HPOS="89" VPOS="3235" WIDTH="1984" HEIGHT="57">
						<String ID="P13_ST00472" HPOS="89" VPOS="3235" WIDTH="131" HEIGHT="40" CONTENT="l'aide" WC="0.99" CC="500200"/>
						<SP ID="P13_SP00430" HPOS="220" VPOS="3275" WIDTH="19"/>
						<String ID="P13_ST00473" HPOS="239" VPOS="3236" WIDTH="132" HEIGHT="39" CONTENT="d'une" WC="0.99" CC="04300"/>
						<SP ID="P13_SP00431" HPOS="371" VPOS="3275" WIDTH="18"/>
						<String ID="P13_ST00474" HPOS="389" VPOS="3236" WIDTH="122" HEIGHT="40" CONTENT="seule" WC="0.99" CC="00400"/>
						<SP ID="P13_SP00432" HPOS="511" VPOS="3276" WIDTH="16"/>
						<String ID="P13_ST00475" HPOS="527" VPOS="3236" WIDTH="156" HEIGHT="54" CONTENT="pédale" WC="0.99" CC="000530"/>
						<SP ID="P13_SP00433" HPOS="683" VPOS="3290" WIDTH="17"/>
						<String ID="P13_ST00476" HPOS="700" VPOS="3251" WIDTH="9" HEIGHT="39" CONTENT=";" WC="0.54" CC="4"/>
						<SP ID="P13_SP00434" HPOS="709" VPOS="3290" WIDTH="29"/>
						<String ID="P13_ST00477" HPOS="738" VPOS="3248" WIDTH="255" HEIGHT="30" CONTENT="autrement" WC="0.99" CC="550400000"/>
						<SP ID="P13_SP00435" HPOS="993" VPOS="3290" WIDTH="20"/>
						<String ID="P13_ST00478" HPOS="1013" VPOS="3237" WIDTH="79" HEIGHT="53" CONTENT="dit," WC="0.98" CC="0154"/>
						<SP ID="P13_SP00436" HPOS="1092" VPOS="3290" WIDTH="22"/>
						<String ID="P13_ST00479" HPOS="1114" VPOS="3252" WIDTH="54" HEIGHT="26" CONTENT="en" WC="1.00" CC="00"/>
						<SP ID="P13_SP00437" HPOS="1168" VPOS="3290" WIDTH="20"/>
						<String ID="P13_ST00480" HPOS="1188" VPOS="3247" WIDTH="272" HEIGHT="45" CONTENT="permettant" WC="1.00" CC="0000010000"/>
						<SP ID="P13_SP00438" HPOS="1460" VPOS="3292" WIDTH="23"/>
						<String ID="P13_ST00481" HPOS="1483" VPOS="3238" WIDTH="52" HEIGHT="40" CONTENT="de" WC="1.00" CC="00"/>
						<SP ID="P13_SP00439" HPOS="1535" VPOS="3292" WIDTH="36"/>
						<String ID="P13_ST00482" HPOS="1571" VPOS="3248" WIDTH="261" HEIGHT="43" CONTENT="transposer" WC="1.00" CC="1305000003"/>
						<SP ID="P13_SP00440" HPOS="1832" VPOS="3292" WIDTH="37"/>
						<String ID="P13_ST00483" HPOS="1869" VPOS="3236" WIDTH="53" HEIGHT="40" CONTENT="de" WC="1.00" CC="00"/>
						<SP ID="P13_SP00441" HPOS="1922" VPOS="3292" WIDTH="35"/>
						<String ID="P13_ST00484" HPOS="1957" VPOS="3236" WIDTH="116" HEIGHT="40" CONTENT="deux" WC="0.98" CC="0028"/>
					</TextLine>
					<TextLine ID="P13_TL00044" HPOS="91" VPOS="3302" WIDTH="1980" HEIGHT="58">
						<String ID="P13_ST00485" HPOS="91" VPOS="3302" WIDTH="174" HEIGHT="52" CONTENT="façons," WC="0.99" CC="0300503"/>
						<SP ID="P13_SP00442" HPOS="265" VPOS="3354" WIDTH="35"/>
						<String ID="P13_ST00486" HPOS="300" VPOS="3316" WIDTH="59" HEIGHT="27" CONTENT="on" WC="1.00" CC="00"/>
						<SP ID="P13_SP00443" HPOS="359" VPOS="3354" WIDTH="29"/>
						<String ID="P13_ST00487" HPOS="388" VPOS="3313" WIDTH="94" HEIGHT="43" CONTENT="put," WC="0.98" CC="0604"/>
						<SP ID="P13_SP00444" HPOS="482" VPOS="3356" WIDTH="23"/>
						<String ID="P13_ST00488" HPOS="505" VPOS="3304" WIDTH="128" HEIGHT="53" CONTENT="grâce" WC="0.99" CC="00400"/>
						<SP ID="P13_SP00445" HPOS="633" VPOS="3357" WIDTH="26"/>
						<String ID="P13_ST00489" HPOS="659" VPOS="3305" WIDTH="23" HEIGHT="40" CONTENT="à" WC="0.51" CC="4"/>
						<SP ID="P13_SP00446" HPOS="682" VPOS="3357" WIDTH="21"/>
						<String ID="P13_ST00490" HPOS="703" VPOS="3319" WIDTH="83" HEIGHT="26" CONTENT="son" WC="0.97" CC="007"/>
						<SP ID="P13_SP00447" HPOS="786" VPOS="3357" WIDTH="23"/>
						<String ID="P13_ST00491" HPOS="809" VPOS="3305" WIDTH="255" HEIGHT="53" CONTENT="invention," WC="1.00" CC="3000001000"/>
						<SP ID="P13_SP00448" HPOS="1064" VPOS="3358" WIDTH="22"/>
						<String ID="P13_ST00492" HPOS="1086" VPOS="3305" WIDTH="129" HEIGHT="55" CONTENT="jouer" WC="0.99" CC="90000"/>
						<SP ID="P13_SP00449" HPOS="1215" VPOS="3360" WIDTH="22"/>
						<String ID="P13_ST00493" HPOS="1237" VPOS="3305" WIDTH="40" HEIGHT="41" CONTENT="le" WC="0.92" CC="10"/>
						<SP ID="P13_SP00450" HPOS="1277" VPOS="3360" WIDTH="23"/>
						<String ID="P13_ST00494" HPOS="1300" VPOS="3307" WIDTH="146" HEIGHT="39" CONTENT="même" WC="1.00" CC="0000"/>
						<SP ID="P13_SP00451" HPOS="1446" VPOS="3360" WIDTH="24"/>
						<String ID="P13_ST00495" HPOS="1470" VPOS="3318" WIDTH="213" HEIGHT="27" CONTENT="morceau" WC="0.99" CC="0040003"/>
						<SP ID="P13_SP00452" HPOS="1683" VPOS="3360" WIDTH="24"/>
						<String ID="P13_ST00496" HPOS="1707" VPOS="3304" WIDTH="111" HEIGHT="41" CONTENT="dans" WC="0.99" CC="0040"/>
						<SP ID="P13_SP00453" HPOS="1818" VPOS="3360" WIDTH="23"/>
						<String ID="P13_ST00497" HPOS="1841" VPOS="3302" WIDTH="110" HEIGHT="42" CONTENT="trois" WC="0.99" CC="40000"/>
						<SP ID="P13_SP00454" HPOS="1951" VPOS="3360" WIDTH="17"/>
						<String ID="P13_ST00498" HPOS="1968" VPOS="3313" WIDTH="103" HEIGHT="31" CONTENT="tons" WC="0.98" CC="1036"/>
					</TextLine>
					<TextLine ID="P13_TL00045" HPOS="89" VPOS="3368" WIDTH="1985" HEIGHT="58">
						<String ID="P13_ST00499" HPOS="89" VPOS="3368" WIDTH="247" HEIGHT="42" CONTENT="différents." WC="0.99" CC="01760400004"/>
						<SP ID="P13_SP00455" HPOS="336" VPOS="3410" WIDTH="25"/>
						<String ID="P13_ST00500" HPOS="361" VPOS="3370" WIDTH="102" HEIGHT="40" CONTENT="Une" WC="1.00" CC="000"/>
						<SP ID="P13_SP00456" HPOS="463" VPOS="3410" WIDTH="23"/>
						<String ID="P13_ST00501" HPOS="486" VPOS="3372" WIDTH="135" HEIGHT="39" CONTENT="corde" WC="0.99" CC="00600"/>
						<SP ID="P13_SP00457" HPOS="621" VPOS="3411" WIDTH="25"/>
						<String ID="P13_ST00502" HPOS="646" VPOS="3372" WIDTH="245" HEIGHT="53" CONTENT="équivalait" WC="1.00" CC="0040004000"/>
						<SP ID="P13_SP00458" HPOS="891" VPOS="3425" WIDTH="23"/>
						<String ID="P13_ST00503" HPOS="914" VPOS="3374" WIDTH="118" HEIGHT="39" CONTENT="donc" WC="0.99" CC="0050"/>
						<SP ID="P13_SP00459" HPOS="1032" VPOS="3425" WIDTH="24"/>
						<String ID="P13_ST00504" HPOS="1056" VPOS="3373" WIDTH="23" HEIGHT="40" CONTENT="à" WC="1.00" CC="0"/>
						<SP ID="P13_SP00460" HPOS="1079" VPOS="3425" WIDTH="19"/>
						<String ID="P13_ST00505" HPOS="1098" VPOS="3373" WIDTH="111" HEIGHT="40" CONTENT="trois" WC="1.00" CC="00020"/>
						<SP ID="P13_SP00461" HPOS="1209" VPOS="3425" WIDTH="24"/>
						<String ID="P13_ST00506" HPOS="1233" VPOS="3374" WIDTH="174" HEIGHT="39" CONTENT="cordes." WC="0.99" CC="0060103"/>
						<SP ID="P13_SP00462" HPOS="1407" VPOS="3425" WIDTH="29"/>
						<String ID="P13_ST00507" HPOS="1436" VPOS="3373" WIDTH="62" HEIGHT="40" CONTENT="Ce" WC="0.70" CC="50"/>
						<SP ID="P13_SP00463" HPOS="1498" VPOS="3425" WIDTH="23"/>
						<String ID="P13_ST00508" HPOS="1521" VPOS="3372" WIDTH="68" HEIGHT="40" CONTENT="fut" WC="0.96" CC="045"/>
						<SP ID="P13_SP00464" HPOS="1589" VPOS="3425" WIDTH="22"/>
						<String ID="P13_ST00509" HPOS="1611" VPOS="3385" WIDTH="47" HEIGHT="27" CONTENT="ce" WC="1.00" CC="00"/>
						<SP ID="P13_SP00465" HPOS="1658" VPOS="3425" WIDTH="23"/>
						<String ID="P13_ST00510" HPOS="1681" VPOS="3369" WIDTH="138" HEIGHT="57" CONTENT="qu'on" WC="1.00" CC="00003"/>
						<SP ID="P13_SP00466" HPOS="1819" VPOS="3426" WIDTH="21"/>
						<String ID="P13_ST00511" HPOS="1840" VPOS="3370" WIDTH="161" HEIGHT="56" CONTENT="appela" WC="0.99" CC="000740"/>
						<SP ID="P13_SP00467" HPOS="2001" VPOS="3426" WIDTH="30"/>
						<String ID="P13_ST00512" HPOS="2031" VPOS="3372" WIDTH="43" HEIGHT="41" CONTENT="la" WC="1.00" CC="00"/>
					</TextLine>
					<TextLine ID="P13_TL00046" HPOS="92" VPOS="3436" WIDTH="1982" HEIGHT="57">
						<String ID="P13_ST00513" HPOS="92" VPOS="3436" WIDTH="136" HEIGHT="56" CONTENT="harpe" WC="1.00" CC="00000"/>
						<SP ID="P13_SP00468" HPOS="228" VPOS="3492" WIDTH="24"/>
						<String ID="P13_ST00514" HPOS="252" VPOS="3436" WIDTH="214" HEIGHT="41" CONTENT="à-double" WC="1.00" CC="34000000"/>
						<SP ID="P13_SP00469" HPOS="466" VPOS="3492" WIDTH="18"/>
						<String ID="P13_ST00515" HPOS="484" VPOS="3450" WIDTH="309" HEIGHT="42" CONTENT="mouvement," WC="1.00" CC="0000001204"/>
						<SP ID="P13_SP00470" HPOS="793" VPOS="3492" WIDTH="21"/>
						<String ID="P13_ST00516" HPOS="814" VPOS="3440" WIDTH="24" HEIGHT="40" CONTENT="à" WC="0.51" CC="4"/>
						<SP ID="P13_SP00471" HPOS="838" VPOS="3492" WIDTH="22"/>
						<String ID="P13_ST00517" HPOS="860" VPOS="3450" WIDTH="99" HEIGHT="43" CONTENT="sept" WC="0.99" CC="4000"/>
						<SP ID="P13_SP00472" HPOS="959" VPOS="3493" WIDTH="20"/>
						<String ID="P13_ST00518" HPOS="979" VPOS="3440" WIDTH="181" HEIGHT="53" CONTENT="pédales" WC="1.00" CC="0008000"/>
						<SP ID="P13_SP00473" HPOS="1160" VPOS="3493" WIDTH="23"/>
						<String ID="P13_ST00519" HPOS="1183" VPOS="3440" WIDTH="130" HEIGHT="53" CONTENT="grâce" WC="1.00" CC="02000"/>
						<SP ID="P13_SP00474" HPOS="1313" VPOS="3493" WIDTH="42"/>
						<String ID="P13_ST00520" HPOS="1355" VPOS="3438" WIDTH="261" HEIGHT="55" CONTENT="auxquelles" WC="0.99" CC="0480600000"/>
						<SP ID="P13_SP00475" HPOS="1616" VPOS="3493" WIDTH="22"/>
						<String ID="P13_ST00521" HPOS="1638" VPOS="3438" WIDTH="43" HEIGHT="42" CONTENT="la" WC="1.00" CC="00"/>
						<SP ID="P13_SP00476" HPOS="1681" VPOS="3493" WIDTH="31"/>
						<String ID="P13_ST00522" HPOS="1712" VPOS="3438" WIDTH="138" HEIGHT="55" CONTENT="harpe" WC="0.99" CC="40400"/>
						<SP ID="P13_SP00477" HPOS="1850" VPOS="3493" WIDTH="36"/>
						<String ID="P13_ST00523" HPOS="1886" VPOS="3438" WIDTH="188" HEIGHT="55" CONTENT="pouvait" WC="1.00" CC="0000003"/>
					</TextLine>
				</TextBlock>
			</PrintSpace>
		</Page>
	</Layout>
</alto>
