3265 4572
760 445 3 70 (
764 464 232 51 Friedri<£
1012 460 261 55 Burscßed,
1306 460 344 50 Renaissance,
1687 449 195 54 Barocfi
1907 447 118 51 und
2043 445 202 51 Roßoßo

2527 440 88 48 461

382 671 331 61 Antinomie
770 676 70 51 ist
887 665 72 61 da
1017 665 141 61 eben
1216 671 88 52 ein
1353 661 278 59 Diesseits
1682 651 330 82 geworden,
2063 658 90 51 ein
2203 644 236 62 Anstoß
2489 667 132 36 zum

383 762 202 69 Werk,
648 761 101 60 (Jas
1051 756 182 62 selber
1288 753 209 60 konnte
1561 751 139 60 nidit
1763 746 207 61 anders
2035 742 84 61 als
2184 747 230 70 jenseits
2481 736 141 59 blei*

384 856 123 60 ben.
551 855 86 61 Es
679 853 241 62 entsteht
958 851 146 60 beim
1155 846 241 62 Rokoko
1443 845 89 61 die
1565 844 360 61 Alternative
1975 835 293 63 entweder
2316 856 74 37 an
2439 840 184 52 seiner

387 946 419 78 Kunstqualität
845 969 74 36 zu
959 943 258 61 zweifeln
1259 940 140 60 oder
1440 939 90 60 die
1564 936 263 70 Qualität
1869 933 100 60 des
2010 954 119 38 von
2171 927 113 63 ihm
2329 925 292 61 umfaßten

385 1040 219 60 Lebens
638 1039 181 61 selber
850 1037 82 59 als
967 1044 86 52 ein
1086 1035 232 77 Jenseits
1353 1030 348 69 anzusehen,
1738 1028 81 61 als
1856 1035 125 52 eine
2014 1016 608 84 metapsychologische

387 1133 312 75 Ordnung,-
731 1129 117 61 und
881 1129 72 60 da
985 1129 75 60 ich
1094 1127 109 61 den
1236 1124 244 61 Zweifel
1514 1124 139 59 nicht
1685 1120 167 70 habe,
1887 1119 73 61 da
1995 1142 59 37 er
2087 1126 103 50 mir
2229 1138 138 37 vom
2401 1113 221 75 Prinzip

388 1225 98 59 des
525 1221 391 62 Rokokostiles
958 1220 181 61 selber
1178 1241 145 53 ganz
1363 1214 337 78 ausgeredet
1739 1212 239 61 worden
2020 1220 89 59 ist,
2161 1208 136 61 muß
2337 1216 103 51 mir
2482 1203 102 61 das-

388 1317 151 60 selbe
570 1317 215 75 Prinzip
817 1315 134 58 auch
986 1312 116 61 dies
1136 1310 406 76 merkwürdige
1574 1308 231 77 Jenseits
1841 1306 99 60 des
1974 1305 224 59 Lebens
2232 1301 119 61 klar
2392 1298 227 61 machen

388 1409 236 59 können.
675 1409 86 58 Es
811 1406 147 59 hieß:
1012 1404 100 59 das
1161 1402 240 61 Rokoko
1450 1401 180 60 kenne
1680 1399 90 59 die
1810 1397 165 60 Welt
2022 1397 158 68 nicht,
2238 1394 149 60 denn
2438 1415 62 37 es
2551 1400 71 51 ist

388 1501 180 60 selber
606 1510 54 50 in
700 1499 106 60 sich
848 1496 87 60 die
975 1519 178 54 ganze
1193 1495 177 60 Welt.
1423 1493 141 59 Und
1603 1493 75 59 ich
1720 1491 135 60 muß
1895 1513 117 37 nun
2055 1488 365 76 hinzufügen,
2462 1484 159 61 diese

388 1594 163 59 Welt
582 1602 69 49 ist
681 1615 144 52 ganz
857 1590 175 59 Form
1065 1587 322 77 geworden.
1426 1587 113 58 Die
1570 1585 389 59 Renaissance
1992 1581 149 60 hatte
2175 1581 137 59 noch
2346 1579 90 60 die
2456 1576 166 63 Auf*

388 1686 142 76 gäbe
572 1684 88 59 die
700 1682 282 77 göttlichen
1023 1679 212 60 Inhalte
1283 1679 145 60 ihrer
1467 1677 338 76 Bedeutung
1852 1700 75 36 zu
1970 1674 334 69 entkleiden,
2355 1672 120 59 und
2517 1670 102 61 das

388 1777 208 58 Barock
631 1775 144 58 hatte
816 1773 135 59 noch
986 1771 108 59 den
1128 1771 221 77 Kampf
1375 1780 96 49 mit
1504 1769 110 59 den
1648 1794 75 34 zu
1756 1768 283 60 schweren
2073 1766 267 59 irdischen
2373 1764 245 75 Dingen,

389 1869 125 58 Das
554 1865 239 61 Rokoko
835 1874 69 50 ist
943 1886 143 54 ganz
1127 1863 163 60 allein
1330 1862 177 60 Form
1550 1871 55 50 in
1645 1862 106 59 sich
1794 1860 181 59 selber
2016 1858 272 78 spielend,
2339 1856 118 61 und
2497 1880 124 36 was

392 1960 72 60 da
505 1957 228 63 sichtbar
773 1956 142 61 wird
956 1982 71 35 an
1061 1955 452 76 Dargestelltem,
1555 1954 102 59 das
1700 1962 70 51 ist
1801 1976 147 53 ganz
1982 1951 113 61 leer
2137 1951 118 60 und
2297 1950 115 59 hält
2454 1950 169 59 nichts

392 2060 53 51 in
486 2051 123 69 sich,
651 2050 101 60 das
794 2060 70 50 ist
904 2074 105 36 nur
1050 2049 151 77 Spiel
1243 2048 99 61 der
1381 2048 177 59 Form
1601 2046 117 60 und
1757 2045 113 60 will
1920 2045 169 60 nichts
2130 2043 301 60 bedeuten.
2483 2041 143 61 Nur

393 2143 100 60 das
533 2142 141 61 wird
714 2142 256 59 deutlich:
1014 2164 61 37 es
1117 2140 105 61 soll
1263 2140 177 60 außer
1473 2139 181 61 dieser
1687 2139 178 60 Form
1907 2139 170 58 nichts
2120 2145 262 51 weiteres
2423 2134 199 77 geben.

393 2234 140 60 Und
573 2234 115 60 hier
727 2243 70 51 ist
836 2258 116 36 nun
994 2233 99 61 der
1123 2233 200 69 Punkt,
1363 2256 97 35 wo
1502 2255 61 38 es
1606 2230 328 77 notwendig
1973 2229 163 69 wird,
2179 2229 109 60 daß
2323 2228 92 60 die
2448 2228 179 60 Form

392 2328 134 59 auch
568 2336 52 51 in
662 2326 102 61 das
797 2327 190 60 Leben
1029 2326 263 76 eingreife
1334 2324 116 61 und
1492 2324 115 61 ihre
1645 2324 417 78 Verpfliditung
2104 2323 73 60 da
2218 2323 107 60 sich
2367 2321 259 61 vollends

393 2418 281 60 bewähre.
718 2418 123 60 Das
874 2417 337 61 Paradoxon
1247 2417 99 61 des
1379 2417 241 61 Rokoko
1654 2417 203 61 beruht
1890 2416 224 70 darauf,
2156 2415 112 61 daß
2311 2415 89 61 die
2434 2415 194 59 Kunst

393 2510 107 60 auf
540 2510 115 60 ihre
702 2509 222 61 höchste
973 2510 209 77 Spitze,
1238 2511 108 59 auf
1395 2510 89 61 die
1534 2510 224 61 höchste
1817 2509 485 77 Gleichgültigkeit
2349 2506 278 79 gebracht,

393 2601 135 59 auch
575 2600 336 78 gleichgültig
958 2601 141 60 wird
1149 2601 99 60 der
1295 2603 241 59 Distanz
1584 2603 341 76 gegenüber,
1975 2601 91 60 die
2115 2610 83 52 sie
2245 2624 138 37 vom
2431 2600 196 60 Leben

393 2709 231 43 trennen
671 2693 123 68 soll,
844 2694 115 58 und
1000 2693 108 61 daß
1151 2694 117 60 hier
1315 2694 125 61 kein
1483 2694 371 61 Unterschied
1893 2694 248 77 gesehen
2182 2694 234 60 werden
2457 2693 166 59 kann.

394 2784 125 60 Das
553 2784 121 60 Bild
714 2794 69 51 ist
815 2808 250 54 anonym
1098 2787 328 75 geworden,
1467 2787 101 61 der
1600 2787 227 61 Genius
1862 2787 102 61 des
1998 2787 303 59 Künstlers
2336 2802 88 43 tut
2456 2785 170 60 nichts

393 2898 103 37 zur
529 2874 189 70 Sache,
761 2898 60 37 es
863 2874 212 63 kommt
1114 2901 108 37 nur
1262 2879 108 59 auf
1394 2878 91 61 die
1520 2878 476 61 Geschicklichkeit
2035 2902 94 46 an,
2170 2878 137 60 alles
2341 2901 146 53 ganz
2529 2886 99 52 mit

394 2967 98 60 der
531 2967 174 60 Form
747 2968 418 78 durchdrungen
1215 2995 73 36 zu
1330 2971 214 72 haben,-
1591 2972 118 60 dies
1752 2981 70 51 ist
1869 2971 103 61 das
2015 2971 240 70 Gesetz,
2306 2971 117 60 und
2472 2980 156 51 seine

396 3081 284 54 anonyme
712 3060 331 70 Harmonie,
1085 3061 89 60 die
1215 3064 138 57 nicht
1394 3064 108 58 auf
1535 3062 89 61 die
1658 3062 394 77 Einmaligkeit
2092 3062 101 61 des
2228 3062 249 61 Werkes
2519 3062 108 61 sich

396 3151 365 60 beschränken
796 3151 165 70 kann,
1003 3154 254 76 umfängt
1288 3156 136 59 auch
1459 3155 101 61 das
1593 3156 193 60 Leben
1828 3156 118 59 und
1987 3156 133 60 hebt
2161 3178 60 38 es
2264 3179 105 37 aus
2412 3165 216 52 seinem

398 3241 240 61 dunklen
680 3241 243 63 Grunde
972 3244 201 61 hinauf
1215 3254 56 51 in
1320 3246 89 60 die
1450 3243 285 81 Tyrannis
1785 3246 145 61 ihrer
1972 3246 377 78 Ordnungen,
2402 3249 226 61 Darum

396 3343 71 51 ist
498 3357 60 37 es
591 3333 241 77 geboten
859 3334 117 61 hier
1005 3359 117 36 von
1156 3346 151 52 einer
1339 3338 638 77 metapsydiologischen
1996 3338 263 71 Qualität
2284 3339 100 61 des
2402 3340 225 63 Lebens

394 3450 74 36 zu
509 3427 276 76 sprechen,
826 3428 127 58 weil
995 3428 89 60 die
1116 3424 284 82 Tyrannis
1434 3431 100 59 der
1565 3431 310 59 Bildkultur
1908 3432 184 61 dieses
2134 3433 496 78 atmosphärische,

396 3517 133 61 alles
572 3517 471 77 durchdringende
1086 3518 219 62 Gefühl
1347 3523 310 74 geschaffen
1699 3522 114 70 hat,
1864 3522 110 61 daß
2016 3525 108 59 auf
2157 3525 90 61 die
2289 3525 342 80 Ursprünge

396 3610 115 58 und
553 3608 259 70 Gründe,
862 3611 108 60 auf
1010 3611 104 60 alle
1155 3612 291 76 geheimen
1488 3613 395 61 individuellen
1927 3615 254 62 Gesetze
2224 3617 119 60 und
2383 3619 248 62 Zwecke

397 3700 160 62 keine
589 3702 284 60 Rücksicht
914 3702 143 70 falle,
1100 3704 108 59 daß
1250 3705 135 61 alles
1427 3715 53 51 in
1523 3706 129 60 dem
1700 3716 161 51 einen
1904 3707 292 73 erhöhten,
2238 3719 56 51 in
2336 3711 107 61 sich
2482 3713 153 61 voll*

394 3794 238 60 endeten
675 3794 116 60 und
821 3795 287 61 reinlichen
1142 3796 351 61 Stilbereiche
1526 3822 108 37 vor
1667 3800 105 59 sich
1805 3799 164 77 gehe,
2010 3826 98 36 wo
2142 3801 100 63 der
2275 3803 197 63 Schein
2505 3805 128 62 kein

396 3885 190 61 Schein
628 3887 155 61 mehr
821 3897 90 61 ist,
952 3888 245 61 sondern
1239 3889 164 78 gleich
1446 3890 91 61 die
1579 3914 179 54 ganze
1800 3893 179 61 Welt,
