3265 4572
826 482 237 50 Triedricß
1084 478 264 55 Burscked,
1380 476 349 53 Renaissance,
1756 469 194 52 Barock
1975 466 118 51 und
2111 464 202 52 Rokoko

2594 462 95 48 459

450 685 315 64 Charakter
798 684 100 61 des
931 680 240 64 Rokoko
1207 679 295 61 deutlicher
1533 676 226 60 machen
1801 673 83 59 als
1921 670 89 60 die
2043 665 350 79 Hingebung
2434 663 118 62 und
2585 664 103 61 das

447 779 390 68 Raffinement,
887 786 98 51 mit
1032 776 100 59 der
1180 773 154 61 diese
1382 795 145 54 ganz
1578 765 286 64 abstrakte
1914 763 118 62 und
2081 759 381 80 gleichgültige
2510 758 178 59 Form

447 870 390 78 abgewandelt
877 867 214 61 wurde.

524 965 147 59 Nun
713 962 133 61 aber
888 961 137 76 folgt
1066 984 104 37 aus
1213 960 211 58 diesem
1467 953 332 64 Verhältnis
1843 961 88 52 ein
1974 958 286 53 weiteres;
2314 946 91 61 die
2444 946 244 59 Renais-*

447 1080 173 37 sance
661 1056 218 76 begann
929 1054 189 68 damit,
1169 1052 89 60 die
1300 1050 185 61 Bilder
1533 1059 54 49 in
1637 1057 162 50 einen
1841 1045 257 61 Rahmen
2149 1066 74 36 zu
2266 1049 281 67 zwingen,
2598 1037 90 61 die

447 1150 191 59 Kunst
670 1172 120 35 war
825 1148 89 58 für
947 1146 104 60 sich
1086 1155 54 50 in
1166 1145 333 66 Harmonie,
1536 1141 251 60 draußen
1822 1162 123 36 war
1979 1138 102 59 das
2116 1135 230 69 andere,
2383 1132 103 60 das
2520 1140 168 52 wirre

446 1242 210 58 Leben,
707 1239 165 61 Aber
912 1238 89 60 die
1042 1237 320 61 Herrschaft
1404 1235 99 60 der
1542 1234 187 60 Bilder
1770 1233 194 58 mußte
2006 1229 75 61 da
2120 1229 168 77 gleich
2333 1226 117 61 ihre
2491 1225 197 60 Macht

446 1332 272 61 ausüben.
771 1332 169 58 Denn
983 1329 89 61 die
1116 1329 322 61 Geschichte
1488 1325 169 61 bleibt
1705 1325 139 60 nicht
1893 1333 54 51 in
1999 1323 101 61 der
2140 1319 394 78 Einseitigkeit
2582 1318 68 60 be-

449 1426 219 75 fangen,
712 1423 108 60 daß
862 1446 105 36 nur
1000 1422 100 60 das
1135 1422 191 58 Leben
1368 1444 131 35 zum
1533 1418 158 60 Bilde
1725 1418 193 69 strebt,
1960 1416 249 61 sondern
2245 1414 102 60 das
2382 1412 124 61 Bild
2547 1412 137 60 auch

445 1516 225 60 wendet
710 1516 103 58 sich
849 1513 127 60 dem
1009 1513 190 60 Leben
1241 1538 93 44 zu,
1376 1511 141 60 klärt
1547 1511 174 60 vieles
1764 1511 110 60 auf
1908 1508 117 61 und
2065 1510 178 58 macht
2276 1531 61 37 es

444 1609 171 58 lieber.
651 1607 59 60 In
745 1606 97 60 der
875 1607 384 60 Renaissance
1292 1604 97 59 hat
1422 1604 88 59 die
1545 1604 211 59 Kultur
1789 1602 99 61 der
1921 1601 186 61 Bilder
2140 1601 138 60 auch
2313 1609 125 52 eine
2472 1599 213 60 Kultur

445 1699 98 60 des
576 1698 219 59 Lebens
831 1696 255 60 befehlen
1128 1708 247 48 müssen.
1419 1696 122 59 Am
1584 1694 196 61 besten
1814 1694 98 59 hat
1951 1703 81 52 sie
2067 1692 75 61 da
2181 1692 212 61 wirken
2435 1691 248 70 können,

442 1814 96 36 wo
581 1790 99 60 das
721 1790 190 59 Leben
954 1789 99 60 der
1091 1788 366 77 Mythologie
1507 1812 91 35 am
1648 1788 259 59 nächsten
1956 1811 140 45 war,
2145 1811 93 35 am
2280 1786 135 60 Hof
2449 1785 118 60 und
2609 1808 74 37 an

444 1883 96 60 der
581 1882 214 68 Kirche,
839 1880 116 60 und
997 1880 117 60 hier
1155 1880 212 60 wieder
1409 1879 95 60 hat
1545 1889 81 51 sie
1668 1903 91 37 am
1801 1879 527 61 nachdrücklichsten
2373 1878 310 77 Ordnung,

444 1974 259 60 Schmuck
737 1972 117 60 und
886 1972 163 61 Ruhe
1084 1972 416 76 hineinbringen
1535 1971 242 71 können,
1820 1996 97 36 wo
1951 1972 103 61 das
2088 1972 193 61 Leben
2316 1988 210 45 stumm
2561 1995 123 35 war

444 2066 114 60 und
600 2089 104 37 nur
745 2075 87 49 ein
867 2066 200 75 großes
1102 2065 241 61 Zeichen
1385 2073 119 51 sein
1546 2065 182 69 sollte,
1771 2075 53 49 in
1860 2065 103 61 das
1998 2065 192 61 Sitzen
2225 2075 54 51 in
2316 2065 99 61 der
2431 2065 252 69 Würde,

446 2167 54 50 in
534 2159 100 59 das
671 2159 381 76 Symbolische
1086 2159 99 59 der
1217 2157 381 61 Zeremonien
1635 2157 117 61 und
1785 2167 52 51 in
1872 2159 110 59 den
2016 2159 179 77 Pomp
2229 2159 99 59 der
2360 2159 194 69 Feste,
2593 2159 91 61 die

446 2250 286 76 gleichsam
759 2260 191 50 immer
977 2251 89 59 für
1093 2250 100 61 das
1227 2261 224 68 spätere
1479 2250 343 61 Gedächtnis
1851 2250 358 77 hergerichtet
2225 2275 213 37 waren.
2459 2251 83 61 Ich
2568 2251 115 61 will

444 2341 72 59 da
552 2366 69 35 an
657 2341 107 60 den
797 2343 520 59 Laurentianischen
1352 2343 252 76 Festzug
1639 2353 274 60 erinnern,
1955 2368 98 36 wo
2088 2368 131 36 man
2255 2353 162 51 einen
2452 2347 231 58 nackten

444 2433 241 61 Knaben
726 2458 142 51 ganz
910 2444 96 50 mit
1041 2435 160 60 Gold
1235 2435 279 78 überzog,-
1554 2461 132 35 man
1719 2435 211 61 konnte
1964 2439 105 59 sich
2105 2438 101 60 das
2242 2438 243 77 goldene
2518 2438 167 61 Zeit®

446 2524 137 60 alter
632 2527 137 58 nicht
817 2527 201 60 anders
1061 2528 319 76 dargestellt
1422 2528 236 71 denken,
1710 2529 118 60 und
1878 2554 59 36 es
1988 2555 123 35 war
2159 2531 362 77 gleichgültig,
2571 2532 112 61 daß

444 2615 97 59 der
583 2617 202 60 Knabe
826 2618 234 60 nachher
1100 2620 176 59 daran
1317 2620 225 61 sterben
1584 2622 211 60 mußte.
1839 2622 78 61 Ist
1959 2646 59 37 es
2064 2623 149 60 denn
2257 2625 141 58 nicht
2439 2648 87 45 so,
2571 2625 110 61 daß

442 2706 101 60 das
583 2707 190 61 Leben
823 2719 52 49 in
926 2710 98 61 der
1063 2712 388 61 Renaissance
1500 2715 139 58 nicht
1688 2739 96 36 um
1836 2716 100 60 des
1979 2715 224 62 Lebens
2253 2716 187 60 willen
2483 2716 74 60 da
2605 2742 75 35 zu

441 2809 117 49 sein
608 2801 218 69 scheint,
883 2804 244 59 sondern
1178 2805 249 61 insofern
1485 2829 61 38 es
1599 2808 306 76 irgendwie
1954 2818 54 51 in
2059 2819 161 51 einen
2270 2809 256 61 Rahmen
2577 2834 68 52 ge-

441 2890 200 60 ordnet
680 2900 86 60 ist,
817 2894 246 61 insofern
1107 2919 58 37 es
1209 2898 218 75 gestellt
1467 2908 99 62 ist,-
1615 2900 254 61 scheinen
1919 2903 139 57 nicht
2106 2902 90 60 die
2237 2902 442 60 Kostbarkeiten

442 2983 97 58 der
580 2983 179 61 Stoffe
809 2987 116 58 und
973 2988 249 61 seltenen
1265 2990 192 61 Steine
1505 3016 117 37 von
1665 2993 99 60 der
1805 2993 205 61 kühlen
2052 2994 257 76 Haltung
2351 2996 99 59 der
2491 2996 189 60 Bilder

442 3073 97 60 her
578 3076 275 73 geschätzt
900 3102 73 36 zu
1022 3089 138 60 sein,
1209 3082 253 61 scheinen
1513 3086 138 58 nicht
1693 3084 89 60 die
1823 3086 311 59 Menschen
2184 3096 53 49 in
2280 3087 109 60 den
2431 3087 245 61 Möbeln

444 3166 114 58 und
599 3167 265 60 Kleidern
915 3170 142 60 ihrer
1096 3172 187 61 Bilder
1331 3199 74 35 zu
1455 3176 181 70 leben,
1688 3177 120 59 und
1857 3177 200 60 darum
2107 3187 89 51 ein
2246 3189 187 67 wenig
2481 3180 194 61 hilflos

444 3258 115 59 und
599 3262 238 74 traurig?
878 3262 170 60 Denn
1082 3263 98 61 der
1212 3266 238 61 Mensch
1491 3270 193 58 wußte
1726 3270 74 60 da
1842 3271 136 59 noch
2021 3295 97 36 um
2159 3281 157 51 seine
2349 3274 324 61 Nacktheit,

440 3349 164 61 Aber
653 3360 73 50 im
774 3352 208 61 Barock
1032 3356 226 76 beginnt
1306 3359 102 61 das
1458 3360 214 61 Fleisch
1721 3387 75 34 zu
1846 3363 228 69 blühen,
2133 3388 61 37 es
2245 3365 111 60 will
2408 3390 106 36 aus
2566 3368 110 61 den

440 3440 364 62 Gewändern
855 3444 222 71 heraus,
1136 3449 133 60 aber
1319 3450 99 60 der
1466 3451 187 61 Wurf
1695 3453 97 59 der
1848 3454 313 61 fliehenden
2213 3457 336 63 Gewänder
2606 3469 72 51 ist

439 3533 100 59 das
581 3534 335 77 Wichtigere
957 3537 179 62 dabei.
1179 3540 173 61 Nicht
1392 3543 108 61 daß
1544 3544 101 60 das
1687 3545 213 61 Fleisch
1942 3548 380 77 triumphiere,
2453 3576 68 37 so
2566 3578 72 36 un-

439 3627 290 59 vermittelt
769 3628 147 60 steht
957 3652 59 37 es
1060 3632 138 58 nicht
1246 3642 73 51 im
1370 3634 210 61 Barock
1723 3638 247 61 sondern
2015 3639 110 61 daß
2168 3641 91 61 die
2300 3644 176 61 Hülle
2520 3646 159 73 falle,-

439 3717 115 60 und
595 3718 100 60 das
738 3728 69 51 ist
849 3737 178 43 etwas
1069 3723 256 71 anderes,
1370 3726 100 61 das
1514 3737 70 51 ist
1626 3728 89 61 die
1756 3732 214 76 typisch
2006 3733 358 78 allegorische
2398 3738 280 80 Haltung,

437 3808 89 61 die
567 3820 192 52 immer
806 3822 144 51 zwei
999 3825 259 66 negative
1300 3817 354 64 Vorzeichen
1696 3822 245 71 braucht,
1994 3850 96 36 um
2140 3838 91 50 ein
2271 3830 280 63 Positives
2601 3859 77 37 zu

435 3901 347 64 bezeichnen.
832 3905 167 61 Auch
1041 3906 101 62 das
1183 3907 193 63 Leben
1425 3911 122 61 also
1599 3914 143 61 wird
1784 3916 320 78 allegorisch
2147 3929 73 52 im
2262 3923 233 73 Barock,
2546 3951 132 38 man
