3242 4572
2569 424 97 52 509

1121 456 205 50 Gustav
1357 447 249 64 Meyrink,
1643 446 114 51 Der
1789 441 181 53 Gofem

507 677 102 59 Dr.
645 666 232 66 Savioli!
1025 660 131 61 Wie
1205 666 87 51 ein
1335 655 179 61 Schrei
1564 650 216 62 tauchte
1833 670 60 37 es
1934 654 54 50 in
2031 649 240 53 meinem
2310 635 201 61 Innern
2556 630 110 60 auf.

508 768 148 60 Eine
687 760 174 63 Reihe
894 753 338 63 nebelhafter
1264 746 183 63 Bilder
1479 744 188 62 zuckte
1705 739 162 62 durch
1901 745 219 52 meinen
2157 731 185 67 Geist,
2382 735 147 69 jagte
2561 722 106 62 sich

432 870 99 53 mit
570 849 397 70 schreckhaften
1007 845 446 72 Vermutungen,
1495 838 89 59 die
1627 835 103 61 auf
1764 833 135 61 mich
1941 838 377 52 einstürmten.

511 953 80 59 Ich
633 947 186 61 wollte
861 937 339 66 Charousek
1242 936 209 75 fragen,
1493 932 110 59 ihm
1645 929 113 61 voll
1791 928 192 74 Angst
2023 920 150 63 rasch
2218 918 132 60 alles
2393 911 276 69 erzählen,

435 1069 120 38 was
596 1044 75 59 ich
713 1036 213 63 damals
969 1031 183 68 erlebt,
1195 1030 74 58 da
1310 1028 100 60 sah
1454 1026 93 68 ich,
1590 1023 107 60 daß
1740 1031 87 52 ein
1871 1018 227 75 heftiger
2131 1005 399 69 Hustenanfall
2564 1003 106 62 sich

435 1148 177 52 seiner
656 1131 322 74 bemächtigt
1026 1126 154 60 hatte
1228 1121 117 61 und
1387 1120 92 59 ihn
1522 1118 108 60 fast
1669 1112 257 64 umwarf.
1983 1111 82 60 Ich
2116 1107 210 61 konnte
2376 1124 107 39 nur
2533 1097 137 62 noch

433 1225 428 67 unterscheiden,
903 1229 109 51 wie
1053 1240 59 37 er
1151 1215 103 61 sich
1297 1212 255 61 mühsam
1603 1219 97 52 mit
1748 1207 106 60 den
1896 1202 248 63 Händen
2196 1223 72 36 an
2319 1196 98 60 der
2458 1192 214 61 Mauer

435 1320 257 65 stützend
710 1327 54 51 in
783 1317 105 59 den
899 1314 191 75 Regen
1110 1310 390 73 hinaustappte
1518 1304 114 61 und
1646 1312 101 50 mir
1758 1310 157 51 einen
1927 1298 282 73 flüchtigen
2224 1289 165 63 Gruß
2407 1285 262 63 zunickte.

515 1416 76 76 Ja,
640 1422 71 66 ja,
762 1433 59 37 er
870 1408 97 60 hat
1015 1403 159 71 recht,
1223 1425 60 36 er
1331 1398 189 80 sprach
1570 1398 137 60 nicht
1755 1404 74 51 im
1877 1390 220 70 Fieber,
2139 1381 4 111 ■
2197 1381 4 111 1
2242 1384 174 61 fühlte
2465 1381 96 69 ich,

435 1510 105 58 das
596 1502 307 64 unfaßbare
953 1497 287 77 Gespenst
1296 1493 97 60 des
1435 1488 384 62 Verbrechens
1877 1494 68 50 ist
2002 1506 76 46 es,
2138 1479 101 60 das
2298 1474 162 62 durch
2521 1473 153 59 diese

437 1601 230 61 Gassen
708 1592 257 70 schleicht.
1006 1586 127 80 Tag
1174 1587 117 61 und
1332 1585 202 69 Nacht,
1584 1581 118 61 und
1749 1579 104 61 sich
1895 1601 72 37 zu
2008 1573 337 76 verkörpern
2385 1567 167 62 sucht.

518 1693 86 59 Es
652 1690 127 76 liegt
826 1696 54 51 in
930 1685 98 60 der
1071 1681 124 61 Luft
1244 1679 116 61 und
1409 1686 103 51 wir
1559 1676 170 60 sehen
1781 1696 58 36 es
1881 1670 153 61 nicht.
2075 1663 254 64 Plötzlich
2371 1662 202 74 schlägt
2615 1680 60 38 es

436 1786 109 61 sich
593 1783 190 62 nieder
830 1789 53 51 in
934 1786 150 53 einer
1132 1769 472 70 Menschenseele,
1772 1773 103 52 wir
1924 1762 183 60 ahnen
2158 1781 60 37 es
2266 1756 157 70 nicht,
2583 1751 93 70 da,

441 1880 140 69 dort,
723 1874 117 61 und
888 1873 103 60 ehe
1032 1878 101 52 wir
1181 1891 60 38 es
1293 1867 184 59 fassen
1527 1863 241 68 können,
1819 1868 70 51 ist
1941 1879 58 37 es
2049 1853 282 78 gestaltlos
2373 1846 304 80 geworden

441 1971 119 61 und
602 1969 132 60 alles
775 1976 69 51 ist
884 1966 182 73 längst
1105 1959 261 62 vorüber.

520 2062 141 61 Und
718 2084 105 38 nur
878 2060 136 59 noch
1072 2053 203 62 dunkle
1316 2051 210 61 Worte
1575 2047 137 61 über
1760 2043 194 79 irgend
2001 2049 88 52 ein
2139 2034 371 65 entsetzliches
2554 2032 85 61 Ge-

442 2156 247 61 schehnis
731 2154 260 59 kommen
1035 2173 73 36 an
1150 2170 105 37 uns
1298 2145 189 59 heran.

522 2249 113 59 Mit
670 2256 176 51 einem
873 2244 228 75 Schlage
1133 2239 199 78 begriff
1360 2237 75 60 ich
1471 2236 150 60 diese
1656 2228 355 64 rätselhaften
2048 2222 334 79 Geschöpfe,
2416 2221 87 60 die
2536 2227 148 67 rings

445 2367 95 35 um
590 2340 133 61 mich
772 2338 286 70 wohnten,
1110 2344 55 51 in
1214 2334 173 60 ihrem
1430 2339 278 51 innersten
1750 2324 243 61 Wesen;
2042 2330 80 52 sie
2163 2319 210 59 trieben
2415 2312 270 63 willenlos

441 2434 197 61 durchs
672 2433 213 60 Dasein
927 2453 116 37 von
1087 2438 179 50 einem
1308 2421 383 64 unsichtbaren
1734 2415 404 80 magnetischen
2173 2411 189 63 Strom
2395 2408 183 60 belebt

555 2548 66 39 so
662 2533 108 51 wie
809 2522 198 61 vorhin
1051 2521 101 61 das
1194 2515 368 65 Brautbukett
1603 2523 55 51 in
1701 2513 128 60 dem
1871 2512 372 72 schmutzigen
2277 2502 233 62 Rinnsal
2550 2522 104 37 vor-

445 2618 452 61 überschwamm.

529 2712 116 59 Mir
677 2734 137 44 war,
850 2710 79 59 als
962 2724 236 44 starrten
1232 2706 89 60 die
1353 2705 230 58 Häuser
1617 2701 102 60 alle
1752 2707 97 52 mit
1881 2695 302 62 tückischen
2219 2689 325 65 Gesichtern
2577 2687 116 60 voll

450 2802 349 61 namenloser
817 2801 226 60 Bosheit
1070 2799 100 61 auf
1190 2799 134 61 mich
1352 2796 252 69 herüber,
1622 2828 78 8 —
1725 2792 89 59 die
1830 2787 154 62 Tore
2011 2786 377 76 aufgerissene
2413 2782 278 60 schwarze

450 2895 246 69 Mäuler,
748 2918 102 36 aus
899 2894 181 60 denen
1138 2894 89 58 die
1277 2891 243 77 Zungen
1580 2884 314 79 ausgefault
1943 2904 211 46 waren,
2313 2876 236 67 Rachen,
2602 2872 89 60 die

451 2989 160 76 jeden
639 2987 344 76 Augenblick
1018 2996 158 50 einen
1211 2984 287 79 gellenden
1526 2980 180 63 Schrei
1740 2975 302 62 ausstoßen
2078 2973 262 67 konnten,
2376 2992 66 38 so
2474 2965 219 79 gellend

454 3082 115 60 und
610 3079 307 70 haßerfüllt,
960 3079 108 60 daß
1112 3102 58 37 es
1212 3101 105 37 uns
1360 3078 82 60 bis
1484 3086 83 51 ins
1609 3076 247 57 Innerste
1898 3065 343 63 erschrecken
2282 3063 204 61 müßte.

531 3172 150 60 Was
731 3172 146 60 hatte
924 3195 130 37 zum
1096 3171 197 61 Schluß
1344 3170 136 60 noch
1532 3168 98 60 der
1678 3164 240 61 Student
1967 3161 138 59 über
2154 3158 108 59 den
2304 3150 240 65 Trödler
2592 3175 66 54 ge-

451 3265 158 76 sagt?
748 3265 75 58 ich
871 3264 243 60 flüsterte
1164 3272 102 51 mir
1313 3274 154 49 seine
1508 3260 209 61 Worte
1766 3279 130 38 vor:
2051 3253 209 59 Aaron
2300 3250 395 59 Wassertrum

454 3368 80 50 sei
572 3368 131 66 jetzt
743 3357 158 60 allein
941 3366 98 51 mit
1078 3366 180 51 seiner
1301 3356 141 61 Gier
1481 3355 117 60 und
1847 3357 179 53 seiner
2056 3345 419 77 Wachspuppe,

534 3450 150 60 Was
725 3449 146 60 kann
913 3473 59 36 er
1011 3472 107 37 nur
1159 3458 97 51 mit
1297 3449 98 60 der
1435 3448 400 75 Wachspuppe
1876 3449 241 69 gemeint
2158 3437 217 60 haben?

535 3544 85 60 Es
662 3543 132 60 muß
837 3551 85 50 ein
959 3542 277 61 Gleichnis
1278 3564 262 54 gewesen
1581 3547 135 61 sein,
1759 3534 432 75 beschwichtigte
2232 3531 76 59 ich
2348 3529 154 70 mich,
2545 3535 153 52 eines

455 3647 154 66 jener
668 3634 358 61 krankhaften
1086 3633 357 71 Gleichnisse,
1509 3641 98 50 mit
1672 3631 180 58 denen
1910 3650 59 36 er
2026 3634 160 51 einen
2252 3647 74 36 zu
2390 3620 308 61 überfallen

459 3728 181 79 pflegt,
690 3727 89 60 die
828 3750 130 35 man
1010 3727 138 58 nicht
1197 3726 247 59 versteht
1493 3723 115 61 und
1658 3722 89 58 die
1800 3728 178 61 einen,
2022 3741 169 36 wenn
2242 3725 79 50 sie
2361 3723 189 69 später
2590 3737 75 35 un-

457 3838 261 44 erwartet
767 3818 324 63 sichtbarlich
1139 3818 247 70 werden,
1435 3840 66 37 so
1550 3815 101 59 tief
1696 3812 341 62 erschrecken
2087 3810 223 59 können
2361 3817 109 51 wie
2512 3807 190 76 Dinge

459 3939 117 38 von
617 3912 403 78 ungewohnter
1058 3911 197 71 Form,
1299 3910 105 60 auf
1439 3911 89 57 die
1569 3906 247 79 plötzlich
1860 3915 87 51 ein
1988 3905 194 76 greller
2223 3901 313 62 Lichtstreif
2571 3900 131 62 fällt.
