3242 4572
1144 450 204 49 Gustav
1380 449 127 61 Mey
1508 455 74 42 ritt
1585 449 44 54 ß,
1666 449 117 50 Der
1813 446 180 52 Gofem

2593 446 94 49 505

531 656 487 79 Gesprächsweise
1059 651 103 61 ließ
1205 674 58 37 er
1304 651 302 71 einfließen,
1649 651 108 60 daß
1792 659 87 52 ein
1915 649 335 77 dringender
2274 649 122 59 Ruf
2423 672 103 36 aus
2560 649 127 61 dem

452 750 300 64 Auslande
791 745 199 63 behufs
1032 744 273 78 wichtiger
1345 744 532 61 wissenschaftlicher
1908 743 395 61 Maßnahmen
2348 766 70 35 an
2462 742 93 59 ihn
2598 764 62 37 er-

452 867 218 56 gangen
712 851 79 51 sei
832 839 116 60 und
993 862 57 37 er
1092 838 171 60 daher
1303 838 164 60 schon
1510 862 228 53 morgen
1781 846 279 52 verreisen
2103 848 203 48 müsse.

531 938 96 60 Bei
669 936 98 58 der
806 931 537 78 Augenspiegelung
1384 940 98 50 mit
1524 931 344 62 elektrischen
1902 929 417 72 Lichtstrahlen,
2362 928 89 61 die
2493 951 59 37 er
2592 951 100 37 so*

454 1032 149 59 dann
637 1026 295 70 vornahm,
966 1025 264 59 bereitete
1263 1046 59 38 er
1355 1025 125 58 dem
1515 1023 265 63 Kranken
1816 1025 299 61 absichtlich
2149 1023 179 63 soviel
2362 1022 328 61 Schmerzen

453 1133 108 50 wie
600 1120 245 77 möglich.

534 1216 163 60 Alles
739 1222 99 50 mit
876 1209 378 62 Vorbedacht!
1295 1209 165 61 Alles
1501 1219 99 51 mit
1638 1210 382 61 Vorbedacht!

531 1308 194 61 Wenn
752 1307 100 58 das
871 1303 230 61 Verhör
1117 1303 244 60 vorüber
1389 1303 116 60 und
1522 1304 87 59 die
1630 1304 205 60 übliche
1853 1304 182 76 bange
2052 1303 187 77 Frage
2260 1302 99 61 des
2377 1302 314 69 Patienten,

456 1401 75 61 ob
581 1398 207 62 Grund
837 1420 100 37 zur
985 1396 370 76 Befürchtung
1403 1396 329 59 vorhanden
1781 1404 97 63 sei,
1938 1396 199 76 erfolgt
2184 1418 139 47 war,
2381 1394 75 60 da
2504 1411 81 44 tat
2632 1417 61 37 er

456 1504 189 52 seinen
688 1510 179 42 ersten
912 1490 323 76 Schachzug.

534 1586 84 61 Er
666 1601 174 45 setzte
890 1584 105 59 sich
1037 1582 112 60 ihm
1191 1581 336 77 gegenüber,
1578 1581 103 61 ließ
1732 1590 123 52 eine
1893 1582 229 60 Minute
2171 1581 361 61 verstreichen
2575 1580 118 62 und

457 1679 188 79 sprach
688 1679 149 58 dann
879 1698 289 54 gemessen
1211 1675 117 58 und
1370 1683 98 50 mit
1508 1698 234 37 sonorer
1781 1674 237 61 Stimme
2058 1674 107 61 den
2208 1672 155 61 Satz:

538 1770 388 75 »Erblindung
974 1769 189 60 beider
1209 1768 214 77 Augen
1482 1777 70 50 ist
1600 1766 199 61 bereits
1856 1777 55 50 in
1968 1768 98 59 der
2123 1766 389 61 allernächsten
2563 1766 133 61 Zeit

457 1864 152 61 wohl
649 1862 480 62 unvermeidlich!«

537 2051 112 60 Die
691 2048 199 71 Szene,
933 2048 89 60 die
1064 2046 370 79 naturgemäß
1479 2046 187 76 folgte,
1708 2069 123 36 war
1870 2045 326 62 entsetzlich.

539 2142 106 63 Oft
678 2142 156 60 fielen
870 2142 87 60 die
983 2141 181 60 Leute
1197 2149 54 50 in
1280 2140 336 70 Ohnmacht,
1658 2147 242 52 weinten
1934 2139 118 60 und
2090 2139 205 60 schrien
2336 2139 117 59 und
2484 2137 214 61 warfen

461 2236 104 61 sich
608 2244 53 51 in
703 2235 192 61 wilder
936 2232 423 78 Verzweiflung
1399 2257 73 35 zu
1512 2232 216 61 Boden.

539 2328 124 59 Das
703 2328 334 76 Augenlicht
1077 2328 268 59 verlieren
1388 2325 148 61 heißt
1578 2325 132 60 alles
1751 2324 284 61 verlieren.

539 2420 143 60 Und
721 2443 165 37 wenn
929 2420 98 60 der
1074 2420 307 60 wiederum
1434 2419 207 60 übliche
1682 2419 270 60 Moment
2000 2426 216 62 eintrat,
2265 2441 97 37 wo
2403 2417 102 61 das
2547 2439 155 39 arme

464 2512 186 77 Opfer
711 2513 89 60 die
863 2513 150 59 Knie
1077 2512 99 61 Dr,
1210 2511 335 78 Wassory's
1602 2511 421 61 umklammerte
2088 2511 116 59 und
2269 2509 179 70 flehte,
2508 2509 75 61 ob
2641 2533 60 37 es

464 2605 147 59 denn
654 2603 101 63 auf
792 2605 202 62 Gottes
1037 2606 156 60 Erde
1234 2629 99 53 gar
1374 2605 157 61 keine
1572 2603 155 61 Hilfe
1768 2605 156 59 mehr
1963 2603 161 78 gäbe,
2168 2603 74 60 da
2282 2620 82 44 tat
2396 2603 89 61 die
2518 2603 184 61 Bestie

466 2697 106 60 den
614 2706 234 52 zweiten
884 2697 309 78 Schachzug
1234 2697 117 61 und
1390 2697 383 61 verwandelte
1812 2697 105 60 sich
1958 2696 170 61 selbst
2160 2705 55 51 in
2248 2705 162 67 jenen
2541 2695 160 72 Gott,

471 2791 96 60 der
609 2791 179 60 helfen
832 2790 227 62 konnte!

543 2883 179 70 Alles,
758 2883 131 59 alles
920 2892 54 50 in
1008 2884 98 60 der
1129 2884 162 60 Welt
1323 2893 69 52 ist
1423 2893 110 51 wie
1566 2893 86 51 ein
1689 2881 354 79 Schachspiel,
2077 2881 239 60 Meister
2340 2881 264 61 Pernath!

546 2974 369 79 Schleunigste
953 2977 336 77 Operation,
1332 2996 157 58 sagte
1533 2978 96 61 Dr,
1657 2977 291 76 Wassory
1988 2977 153 58 dann
2183 2974 396 71 nachdenklich,
2623 2983 81 52 sei

468 3067 102 61 das
626 3077 225 67 einzige,
909 3092 122 37 was
1094 3069 263 61 vielleicht
1404 3071 242 76 Rettung
1694 3069 227 77 bringen
1978 3067 205 71 könne,
2240 3067 118 61 und
2405 3077 99 51 mit
2554 3076 151 52 einer

467 3161 221 70 wilden,
730 3168 239 70 gierigen
1009 3162 277 73 Eitelkeit,
1338 3163 89 60 die
1468 3162 247 78 plötzlich
1757 3162 138 60 über
1935 3162 93 60 ihn
2070 3161 147 71 kam,
2269 3170 189 68 erging
2499 3184 60 37 er
2598 3161 104 62 sich

468 3262 98 51 mit
599 3262 178 51 einem
810 3254 376 62 Redeschwall
1218 3265 54 51 in
1308 3255 493 76 weitschweifigem
1832 3255 322 60 Ausmalen
2189 3255 179 60 dieses
2403 3255 116 60 und
2551 3264 155 67 jenes

467 3345 206 71 Falles,
713 3345 89 60 die
843 3348 102 58 alle
985 3356 97 51 mit
1122 3349 127 60 dem
1290 3349 391 76 vorliegenden
1724 3355 121 52 eine
1887 3356 292 66 ungemein
2223 3348 172 76 große
2436 3345 271 62 Ähnlich*

470 3438 106 59 keit
616 3438 203 76 gehabt
859 3439 201 70 hätten,
1173 3450 108 51 wie
1322 3442 292 76 unzählige
1647 3440 230 61 Kranke
1917 3442 112 58 ihm
2072 3442 160 59 allein
2268 3440 88 61 die
2389 3440 318 76 Erhaltung

471 3532 98 59 des
609 3530 360 77 Augenlichts
1009 3533 343 61 verdankten
1393 3534 117 61 und
1552 3533 332 77 dergleichen
1928 3533 167 60 mehr.

548 3624 85 60 Er
665 3624 287 77 schwelgte
985 3626 239 61 förmlich
1260 3637 54 50 in
1348 3628 126 60 dem
1512 3627 231 71 Gefühl,
1778 3626 89 59 für
1900 3636 122 49 eine
2047 3626 117 59 Art
2197 3626 246 61 höheren
2462 3626 244 61 Wesens

471 3717 253 78 gehalten
774 3741 71 36 zu
894 3718 244 70 werden,
1188 3727 54 52 in
1285 3721 199 60 dessen
1525 3721 209 58 Hände
1775 3720 102 59 das
1921 3718 172 60 Wohl
2133 3718 117 60 und
2291 3718 193 60 Wehe
2523 3727 184 52 seines

471 3810 404 60 Mitmenschen
915 3811 178 75 gelegt
1134 3819 81 52 ist.

551 3904 124 59 Das
717 3901 221 62 hilflose
980 3903 186 77 Opfer
1214 3904 133 59 aber
1394 3904 117 71 saß,
1563 3903 102 60 das
1705 3903 156 60 Herz
1908 3903 117 60 voll
2072 3903 352 62 brennender
2462 3904 245 77 Fragen,
