<?xml version="1.0" encoding="UTF-8"?>
<alto xmlns:xsi="http://www.w3.org/2001/XMLSchema-instance" xmlns="http://www.loc.gov/standards/alto/ns-v2#" xsi:schemaLocation="http://www.loc.gov/standards/alto/ns-v2# http://www.loc.gov/standards/alto/v2/alto-2-0.xsd" xmlns:xlink="http://www.w3.org/1999/xlink">
	<Description>
		<MeasurementUnit>mm10</MeasurementUnit>
		<sourceImageInformation>
			<fileName>./bmtnabr_1914-01_01_0001.jp2</fileName>
		</sourceImageInformation>
		<OCRProcessing ID="OCRPROCESSING_1">
			<preProcessingStep>
				<processingSoftware>
					<softwareCreator>CCS Content Conversion Specialists GmbH, Germany</softwareCreator>
					<softwareName>CCS docWorks</softwareName>
					<softwareVersion>6.8-1.27</softwareVersion>
				</processingSoftware>
			</preProcessingStep>
			<ocrProcessingStep>
				<processingSoftware>
					<softwareCreator>ABBYY (BIT Software), Russia</softwareCreator>
					<softwareName>FineReader</softwareName>
					<softwareVersion>11.0</softwareVersion>
				</processingSoftware>
			</ocrProcessingStep>
		</OCRProcessing>
	</Description>
	<Styles>
		<TextStyle ID="TXT_0" FONTSIZE="29" FONTFAMILY="Times New Roman"/>
		<TextStyle ID="TXT_1" FONTSIZE="21" FONTFAMILY="Times New Roman"/>
		<TextStyle ID="TXT_2" FONTSIZE="16" FONTFAMILY="Times New Roman" FONTSTYLE="bold"/>
		<TextStyle ID="TXT_3" FONTSIZE="59" FONTFAMILY="Times New Roman"/>
		<ParagraphStyle ID="PAR_LEFT" ALIGN="Left"/>
		<ParagraphStyle ID="PAR_RIGHT" ALIGN="Right"/>
		<ParagraphStyle ID="PAR_CENTER" ALIGN="Center"/>
	</Styles>
	<Layout>
		<Page ID="P1" PHYSICAL_IMG_NR="1" HEIGHT="4572" WIDTH="3228" PC="0.945">
			<TopMargin ID="P1_TM00001" HPOS="0" VPOS="0" WIDTH="3228" HEIGHT="429"/>
			<LeftMargin ID="P1_LM00001" HPOS="0" VPOS="429" WIDTH="386" HEIGHT="3651"/>
			<RightMargin ID="P1_RM00001" HPOS="2636" VPOS="429" WIDTH="592" HEIGHT="3651"/>
			<BottomMargin ID="P1_BM00001" HPOS="0" VPOS="4080" WIDTH="3228" HEIGHT="492"/>
			<PrintSpace ID="P1_PS00001" HPOS="386" VPOS="429" WIDTH="2250" HEIGHT="3651">
				<TextBlock ID="P1_TB00001" HPOS="784" VPOS="1367" WIDTH="1452" HEIGHT="202" STYLEREFS="TXT_0 PAR_LEFT">
					<TextLine ID="P1_TL00001" HPOS="886" VPOS="1367" WIDTH="1245" HEIGHT="77">
						<String ID="P1_ST00001" HPOS="886" VPOS="1371" WIDTH="198" HEIGHT="73" CONTENT="AUS" WC="0.95" CC="452"/>
						<SP ID="P1_SP00001" HPOS="1084" VPOS="1444" WIDTH="51"/>
						<String ID="P1_ST00002" HPOS="1135" VPOS="1367" WIDTH="996" HEIGHT="75" CONTENT="AUFZEICHNUNGEN" WC="1.00" CC="46453000030020"/>
					</TextLine>
					<TextLine ID="P1_TL00002" HPOS="785" VPOS="1490" WIDTH="1451" HEIGHT="79">
						<String ID="P1_ST00003" HPOS="785" VPOS="1495" WIDTH="185" HEIGHT="74" CONTENT="DES" WC="0.98" CC="031"/>
						<SP ID="P1_SP00002" HPOS="970" VPOS="1569" WIDTH="51"/>
						<String ID="P1_ST00004" HPOS="1021" VPOS="1495" WIDTH="589" HEIGHT="71" CONTENT="KARDINALS" WC="0.99" CC="257050404"/>
						<SP ID="P1_SP00003" HPOS="1610" VPOS="1569" WIDTH="51"/>
						<String ID="P1_ST00005" HPOS="1661" VPOS="1490" WIDTH="575" HEIGHT="76" CONTENT="RAMPOLLA" WC="0.58" CC="46550306"/>
					</TextLine>
				</TextBlock>
				<TextBlock ID="P1_TB00002" HPOS="390" VPOS="1657" WIDTH="2246" HEIGHT="2338" STYLEREFS="TXT_1 PAR_LEFT">
					<TextLine ID="P1_TL00003" HPOS="1138" VPOS="1658" WIDTH="1492" HEIGHT="67">
						<String ID="P1_ST00006" HPOS="1138" VPOS="1667" WIDTH="68" HEIGHT="48" CONTENT="Im" WC="0.74" CC="05" STYLEREFS="TXT_2"/>
						<SP ID="P1_SP00004" HPOS="1206" VPOS="1715" WIDTH="38"/>
						<String ID="P1_ST00007" HPOS="1244" VPOS="1667" WIDTH="212" HEIGHT="48" CONTENT="Sommer" WC="0.98" CC="036464" STYLEREFS="TXT_2"/>
						<SP ID="P1_SP00005" HPOS="1456" VPOS="1715" WIDTH="40"/>
						<String ID="P1_ST00008" HPOS="1496" VPOS="1670" WIDTH="191" HEIGHT="55" CONTENT="vorigen" WC="0.98" CC="0167573" STYLEREFS="TXT_2"/>
						<SP ID="P1_SP00006" HPOS="1687" VPOS="1725" WIDTH="39"/>
						<String ID="P1_ST00009" HPOS="1726" VPOS="1663" WIDTH="151" HEIGHT="61" CONTENT="Jahres" WC="0.97" CC="757440" STYLEREFS="TXT_2"/>
						<SP ID="P1_SP00007" HPOS="1877" VPOS="1725" WIDTH="40"/>
						<String ID="P1_ST00010" HPOS="1917" VPOS="1661" WIDTH="204" HEIGHT="61" CONTENT="übergab" WC="0.98" CC="0745657" STYLEREFS="TXT_2"/>
						<SP ID="P1_SP00008" HPOS="2121" VPOS="1725" WIDTH="43"/>
						<String ID="P1_ST00011" HPOS="2164" VPOS="1667" WIDTH="85" HEIGHT="43" CONTENT="mir" WC="0.95" CC="263" STYLEREFS="TXT_2"/>
						<SP ID="P1_SP00009" HPOS="2249" VPOS="1725" WIDTH="43"/>
						<String ID="P1_ST00012" HPOS="2292" VPOS="1660" WIDTH="81" HEIGHT="50" CONTENT="der" WC="0.92" CC="766" STYLEREFS="TXT_2"/>
						<SP ID="P1_SP00010" HPOS="2373" VPOS="1725" WIDTH="31"/>
						<String ID="P1_ST00013" HPOS="2404" VPOS="1658" WIDTH="226" HEIGHT="50" CONTENT="Kardinal" WC="0.98" CC="24255547" STYLEREFS="TXT_2"/>
					</TextLine>
					<TextLine ID="P1_TL00004" HPOS="1134" VPOS="1736" WIDTH="1496" HEIGHT="60">
						<String ID="P1_ST00014" HPOS="1134" VPOS="1749" WIDTH="100" HEIGHT="43" CONTENT="eine" WC="0.96" CC="6605" STYLEREFS="TXT_2"/>
						<SP ID="P1_SP00011" HPOS="1234" VPOS="1792" WIDTH="41"/>
						<String ID="P1_ST00015" HPOS="1275" VPOS="1741" WIDTH="191" HEIGHT="51" CONTENT="Anzahl" WC="0.97" CC="524477" STYLEREFS="TXT_2"/>
						<SP ID="P1_SP00012" HPOS="1466" VPOS="1792" WIDTH="41"/>
						<String ID="P1_ST00016" HPOS="1507" VPOS="1741" WIDTH="309" HEIGHT="50" CONTENT="Schriftstücke" WC="0.99" CC="1602670000463" STYLEREFS="TXT_2"/>
						<SP ID="P1_SP00013" HPOS="1816" VPOS="1792" WIDTH="40"/>
						<String ID="P1_ST00017" HPOS="1856" VPOS="1745" WIDTH="148" HEIGHT="43" CONTENT="seiner" WC="0.98" CC="051645" STYLEREFS="TXT_2"/>
						<SP ID="P1_SP00014" HPOS="2004" VPOS="1792" WIDTH="31"/>
						<String ID="P1_ST00018" HPOS="2035" VPOS="1738" WIDTH="144" HEIGHT="49" CONTENT="Hand" WC="0.98" CC="0410" STYLEREFS="TXT_2"/>
						<SP ID="P1_SP00015" HPOS="2179" VPOS="1792" WIDTH="43"/>
						<String ID="P1_ST00019" HPOS="2222" VPOS="1755" WIDTH="113" HEIGHT="31" CONTENT="»zur" WC="0.97" CC="0625" STYLEREFS="TXT_2"/>
						<SP ID="P1_SP00016" HPOS="2335" VPOS="1792" WIDTH="41"/>
						<String ID="P1_ST00020" HPOS="2376" VPOS="1736" WIDTH="254" HEIGHT="60" CONTENT="beliebigen" WC="0.98" CC="7170675054" STYLEREFS="TXT_2"/>
					</TextLine>
					<TextLine ID="P1_TL00005" HPOS="1138" VPOS="1814" WIDTH="1494" HEIGHT="66">
						<String ID="P1_ST00021" HPOS="1138" VPOS="1819" WIDTH="336" HEIGHT="61" CONTENT="Verwendung" WC="0.99" CC="4536530570" STYLEREFS="TXT_2"/>
						<SP ID="P1_SP00017" HPOS="1474" VPOS="1880" WIDTH="33"/>
						<String ID="P1_ST00022" HPOS="1507" VPOS="1819" WIDTH="109" HEIGHT="48" CONTENT="nach" WC="0.96" CC="1547" STYLEREFS="TXT_2"/>
						<SP ID="P1_SP00018" HPOS="1616" VPOS="1880" WIDTH="35"/>
						<String ID="P1_ST00023" HPOS="1651" VPOS="1824" WIDTH="194" HEIGHT="43" CONTENT="meinem" WC="0.97" CC="564560" STYLEREFS="TXT_2"/>
						<SP ID="P1_SP00019" HPOS="1845" VPOS="1880" WIDTH="33"/>
						<String ID="P1_ST00024" HPOS="1878" VPOS="1815" WIDTH="176" HEIGHT="51" CONTENT="Tode«." WC="0.98" CC="560604" STYLEREFS="TXT_2"/>
						<SP ID="P1_SP00020" HPOS="2054" VPOS="1880" WIDTH="37"/>
						<String ID="P1_ST00025" HPOS="2091" VPOS="1815" WIDTH="70" HEIGHT="48" CONTENT="Idi" WC="0.43" CC="088" STYLEREFS="TXT_2"/>
						<SP ID="P1_SP00021" HPOS="2161" VPOS="1880" WIDTH="33"/>
						<String ID="P1_ST00026" HPOS="2194" VPOS="1815" WIDTH="168" HEIGHT="60" CONTENT="glaube" WC="0.97" CC="974175" STYLEREFS="TXT_2"/>
						<SP ID="P1_SP00022" HPOS="2362" VPOS="1880" WIDTH="34"/>
						<String ID="P1_ST00027" HPOS="2396" VPOS="1820" WIDTH="61" HEIGHT="42" CONTENT="im" WC="0.92" CC="10" STYLEREFS="TXT_2"/>
						<SP ID="P1_SP00023" HPOS="2457" VPOS="1880" WIDTH="33"/>
						<String ID="P1_ST00028" HPOS="2490" VPOS="1814" WIDTH="142" HEIGHT="48" CONTENT="Sinne" WC="0.98" CC="04516" STYLEREFS="TXT_2"/>
					</TextLine>
					<TextLine ID="P1_TL00006" HPOS="1138" VPOS="1891" WIDTH="1494" HEIGHT="66">
						<String ID="P1_ST00029" HPOS="1138" VPOS="1899" WIDTH="81" HEIGHT="48" CONTENT="des" WC="0.97" CC="070" STYLEREFS="TXT_2"/>
						<SP ID="P1_SP00024" HPOS="1219" VPOS="1947" WIDTH="34"/>
						<String ID="P1_ST00030" HPOS="1253" VPOS="1898" WIDTH="173" HEIGHT="59" CONTENT="großen" WC="0.98" CC="044360" STYLEREFS="TXT_2"/>
						<SP ID="P1_SP00025" HPOS="1426" VPOS="1957" WIDTH="33"/>
						<String ID="P1_ST00031" HPOS="1459" VPOS="1898" WIDTH="204" HEIGHT="47" CONTENT="Mannes" WC="0.98" CC="660360" STYLEREFS="TXT_2"/>
						<SP ID="P1_SP00026" HPOS="1663" VPOS="1957" WIDTH="42"/>
						<String ID="P1_ST00032" HPOS="1705" VPOS="1914" WIDTH="60" HEIGHT="31" CONTENT="zu" WC="0.67" CC="14" STYLEREFS="TXT_2"/>
						<SP ID="P1_SP00027" HPOS="1765" VPOS="1957" WIDTH="32"/>
						<String ID="P1_ST00033" HPOS="1797" VPOS="1894" WIDTH="214" HEIGHT="57" CONTENT="handeln," WC="0.98" CC="76496701" STYLEREFS="TXT_2"/>
						<SP ID="P1_SP00028" HPOS="2011" VPOS="1957" WIDTH="42"/>
						<String ID="P1_ST00034" HPOS="2053" VPOS="1894" WIDTH="82" HEIGHT="48" CONTENT="der" WC="0.96" CC="064" STYLEREFS="TXT_2"/>
						<SP ID="P1_SP00029" HPOS="2135" VPOS="1957" WIDTH="36"/>
						<String ID="P1_ST00035" HPOS="2171" VPOS="1894" WIDTH="112" HEIGHT="47" CONTENT="mich" WC="0.96" CC="0477" STYLEREFS="TXT_2"/>
						<SP ID="P1_SP00030" HPOS="2283" VPOS="1957" WIDTH="43"/>
						<String ID="P1_ST00036" HPOS="2326" VPOS="1891" WIDTH="134" HEIGHT="50" CONTENT="durch" WC="0.99" CC="01300" STYLEREFS="TXT_2"/>
						<SP ID="P1_SP00031" HPOS="2460" VPOS="1957" WIDTH="44"/>
						<String ID="P1_ST00037" HPOS="2504" VPOS="1891" WIDTH="128" HEIGHT="49" CONTENT="mehr" WC="0.98" CC="0406" STYLEREFS="TXT_2"/>
					</TextLine>
					<TextLine ID="P1_TL00007" HPOS="1135" VPOS="1969" WIDTH="1499" HEIGHT="66">
						<String ID="P1_ST00038" HPOS="1135" VPOS="1975" WIDTH="69" HEIGHT="50" CONTENT="als" WC="0.98" CC="060" STYLEREFS="TXT_2"/>
						<SP ID="P1_SP00032" HPOS="1204" VPOS="2025" WIDTH="33"/>
						<String ID="P1_ST00039" HPOS="1237" VPOS="1980" WIDTH="210" HEIGHT="54" CONTENT="zwanzig" WC="0.97" CC="5966660" STYLEREFS="TXT_2"/>
						<SP ID="P1_SP00033" HPOS="1447" VPOS="2034" WIDTH="31"/>
						<String ID="P1_ST00040" HPOS="1478" VPOS="1973" WIDTH="132" HEIGHT="62" CONTENT="Jahre" WC="0.97" CC="65024" STYLEREFS="TXT_2"/>
						<SP ID="P1_SP00034" HPOS="1610" VPOS="2035" WIDTH="33"/>
						<String ID="P1_ST00041" HPOS="1643" VPOS="1978" WIDTH="80" HEIGHT="43" CONTENT="mit" WC="0.98" CC="050" STYLEREFS="TXT_2"/>
						<SP ID="P1_SP00035" HPOS="1723" VPOS="2035" WIDTH="32"/>
						<String ID="P1_ST00042" HPOS="1755" VPOS="1978" WIDTH="148" HEIGHT="43" CONTENT="seiner" WC="0.98" CC="067066" STYLEREFS="TXT_2"/>
						<SP ID="P1_SP00036" HPOS="1903" VPOS="2035" WIDTH="33"/>
						<String ID="P1_ST00043" HPOS="1936" VPOS="1969" WIDTH="336" HEIGHT="51" CONTENT="Freundschaft" WC="0.99" CC="465660987010" STYLEREFS="TXT_2"/>
						<SP ID="P1_SP00037" HPOS="2272" VPOS="2035" WIDTH="31"/>
						<String ID="P1_ST00044" HPOS="2303" VPOS="1973" WIDTH="331" HEIGHT="53" CONTENT="auszeidmete," WC="0.58" CC="440067695004" STYLEREFS="TXT_2"/>
					</TextLine>
					<TextLine ID="P1_TL00008" HPOS="1136" VPOS="2048" WIDTH="1208" HEIGHT="63">
						<String ID="P1_ST00045" HPOS="1136" VPOS="2053" WIDTH="153" HEIGHT="48" CONTENT="indem" WC="0.96" CC="65940" STYLEREFS="TXT_2"/>
						<SP ID="P1_SP00038" HPOS="1289" VPOS="2101" WIDTH="42"/>
						<String ID="P1_ST00046" HPOS="1331" VPOS="2051" WIDTH="62" HEIGHT="49" CONTENT="ich" WC="0.98" CC="500" STYLEREFS="TXT_2"/>
						<SP ID="P1_SP00039" HPOS="1393" VPOS="2101" WIDTH="43"/>
						<String ID="P1_ST00047" HPOS="1436" VPOS="2051" WIDTH="168" HEIGHT="60" CONTENT="gerade" WC="0.97" CC="064656" STYLEREFS="TXT_2"/>
						<SP ID="P1_SP00040" HPOS="1604" VPOS="2111" WIDTH="42"/>
						<String ID="P1_ST00048" HPOS="1646" VPOS="2049" WIDTH="82" HEIGHT="49" CONTENT="das" WC="1.00" CC="010" STYLEREFS="TXT_2"/>
						<SP ID="P1_SP00041" HPOS="1728" VPOS="2111" WIDTH="42"/>
						<String ID="P1_ST00049" HPOS="1770" VPOS="2048" WIDTH="213" HEIGHT="62" CONTENT="folgende" WC="0.98" CC="44605306" STYLEREFS="TXT_2"/>
						<SP ID="P1_SP00042" HPOS="1983" VPOS="2111" WIDTH="35"/>
						<String ID="P1_ST00050" HPOS="2018" VPOS="2048" WIDTH="136" HEIGHT="49" CONTENT="Stüde" WC="0.98" CC="00067" STYLEREFS="TXT_2"/>
						<SP ID="P1_SP00043" HPOS="2154" VPOS="2111" WIDTH="41"/>
						<String ID="P1_ST00051" HPOS="2195" VPOS="2053" WIDTH="149" HEIGHT="43" CONTENT="seiner" WC="0.98" CC="064262" STYLEREFS="TXT_2"/>
						<SP ID="P1_SP00044" HPOS="2344" VPOS="2111" WIDTH="0"/>
					</TextLine>
					<TextLine ID="P1_TL00009" HPOS="1138" VPOS="2125" WIDTH="1496" HEIGHT="66">
						<String ID="P1_ST00052" HPOS="1138" VPOS="2148" WIDTH="186" HEIGHT="43" CONTENT="nungen" WC="0.92" CC="400000" STYLEREFS="TXT_2"/>
						<SP ID="P1_SP00045" HPOS="1324" VPOS="2191" WIDTH="29"/>
						<String ID="P1_ST00053" HPOS="1353" VPOS="2135" WIDTH="115" HEIGHT="55" CONTENT="jetzt" WC="0.98" CC="64012" STYLEREFS="TXT_2"/>
						<SP ID="P1_SP00046" HPOS="1468" VPOS="2191" WIDTH="24"/>
						<String ID="P1_ST00054" HPOS="1492" VPOS="2129" WIDTH="156" HEIGHT="57" CONTENT="schon," WC="0.98" CC="077004" STYLEREFS="TXT_2"/>
						<SP ID="P1_SP00047" HPOS="1648" VPOS="2191" WIDTH="32"/>
						<String ID="P1_ST00055" HPOS="1680" VPOS="2147" WIDTH="54" HEIGHT="30" CONTENT="so" WC="0.68" CC="06" STYLEREFS="TXT_2"/>
						<SP ID="P1_SP00048" HPOS="1734" VPOS="2191" WIDTH="33"/>
						<String ID="P1_ST00056" HPOS="1767" VPOS="2128" WIDTH="114" HEIGHT="48" CONTENT="kurz" WC="0.96" CC="3606" STYLEREFS="TXT_2"/>
						<SP ID="P1_SP00049" HPOS="1881" VPOS="2191" WIDTH="33"/>
						<String ID="P1_ST00057" HPOS="1914" VPOS="2126" WIDTH="111" HEIGHT="49" CONTENT="nach" WC="0.99" CC="3000" STYLEREFS="TXT_2"/>
						<SP ID="P1_SP00050" HPOS="2025" VPOS="2191" WIDTH="33"/>
						<String ID="P1_ST00058" HPOS="2058" VPOS="2130" WIDTH="173" HEIGHT="43" CONTENT="seinem" WC="0.98" CC="067440" STYLEREFS="TXT_2"/>
						<SP ID="P1_SP00051" HPOS="2231" VPOS="2191" WIDTH="25"/>
						<String ID="P1_ST00059" HPOS="2256" VPOS="2125" WIDTH="251" HEIGHT="58" CONTENT="Hingange" WC="0.98" CC="06204294" STYLEREFS="TXT_2"/>
						<SP ID="P1_SP00052" HPOS="2507" VPOS="2191" WIDTH="15"/>
						<String ID="P1_ST00060" HPOS="2522" VPOS="2141" WIDTH="112" HEIGHT="31" CONTENT="ver*" WC="0.52" CC="0729" STYLEREFS="TXT_2"/>
					</TextLine>
					<TextLine ID="P1_TL00010" HPOS="1139" VPOS="2201" WIDTH="1496" HEIGHT="64">
						<String ID="P1_ST00061" HPOS="1139" VPOS="2208" WIDTH="267" HEIGHT="57" CONTENT="öffentliche," WC="1.00" CC="030000550050" STYLEREFS="TXT_2"/>
						<SP ID="P1_SP00053" HPOS="1406" VPOS="2265" WIDTH="58"/>
						<String ID="P1_ST00062" HPOS="1464" VPOS="2206" WIDTH="61" HEIGHT="50" CONTENT="da" WC="0.76" CC="04" STYLEREFS="TXT_2"/>
						<SP ID="P1_SP00054" HPOS="1525" VPOS="2265" WIDTH="49"/>
						<String ID="P1_ST00063" HPOS="1574" VPOS="2224" WIDTH="49" HEIGHT="32" CONTENT="es" WC="0.80" CC="40" STYLEREFS="TXT_2"/>
						<SP ID="P1_SP00055" HPOS="1623" VPOS="2265" WIDTH="49"/>
						<String ID="P1_ST00064" HPOS="1672" VPOS="2211" WIDTH="85" HEIGHT="42" CONTENT="mir" WC="0.92" CC="966" STYLEREFS="TXT_2"/>
						<SP ID="P1_SP00056" HPOS="1757" VPOS="2265" WIDTH="49"/>
						<String ID="P1_ST00065" HPOS="1806" VPOS="2210" WIDTH="208" HEIGHT="55" CONTENT="geeignet" WC="0.99" CC="00400660" STYLEREFS="TXT_2"/>
						<SP ID="P1_SP00057" HPOS="2014" VPOS="2265" WIDTH="47"/>
						<String ID="P1_ST00066" HPOS="2061" VPOS="2204" WIDTH="187" HEIGHT="56" CONTENT="scheint," WC="0.99" CC="00006332" STYLEREFS="TXT_2"/>
						<SP ID="P1_SP00058" HPOS="2248" VPOS="2265" WIDTH="55"/>
						<String ID="P1_ST00067" HPOS="2303" VPOS="2201" WIDTH="119" HEIGHT="50" CONTENT="viele" WC="0.98" CC="06206" STYLEREFS="TXT_2"/>
						<SP ID="P1_SP00059" HPOS="2422" VPOS="2265" WIDTH="48"/>
						<String ID="P1_ST00068" HPOS="2470" VPOS="2202" WIDTH="165" HEIGHT="49" CONTENT="schiefe" WC="0.99" CC="0006605" STYLEREFS="TXT_2"/>
					</TextLine>
					<TextLine ID="P1_TL00011" HPOS="1139" VPOS="2279" WIDTH="1493" HEIGHT="57">
						<String ID="P1_ST00069" HPOS="1139" VPOS="2286" WIDTH="179" HEIGHT="50" CONTENT="Urteile" WC="0.97" CC="7562475" STYLEREFS="TXT_2"/>
						<SP ID="P1_SP00060" HPOS="1318" VPOS="2336" WIDTH="32"/>
						<String ID="P1_ST00070" HPOS="1350" VPOS="2286" WIDTH="115" HEIGHT="49" CONTENT="über" WC="0.96" CC="0766" STYLEREFS="TXT_2"/>
						<SP ID="P1_SP00061" HPOS="1465" VPOS="2336" WIDTH="31"/>
						<String ID="P1_ST00071" HPOS="1496" VPOS="2285" WIDTH="76" HEIGHT="48" CONTENT="ihn" WC="0.97" CC="072" STYLEREFS="TXT_2"/>
						<SP ID="P1_SP00062" HPOS="1572" VPOS="2336" WIDTH="34"/>
						<String ID="P1_ST00072" HPOS="1606" VPOS="2289" WIDTH="70" HEIGHT="44" CONTENT="ins" WC="0.96" CC="730" STYLEREFS="TXT_2"/>
						<SP ID="P1_SP00063" HPOS="1676" VPOS="2336" WIDTH="23"/>
						<String ID="P1_ST00073" HPOS="1699" VPOS="2282" WIDTH="164" HEIGHT="50" CONTENT="Rechte" WC="0.98" CC="000756" STYLEREFS="TXT_2"/>
						<SP ID="P1_SP00064" HPOS="1863" VPOS="2336" WIDTH="31"/>
						<String ID="P1_ST00074" HPOS="1894" VPOS="2302" WIDTH="61" HEIGHT="29" CONTENT="zu" WC="0.39" CC="56" STYLEREFS="TXT_2"/>
						<SP ID="P1_SP00065" HPOS="1955" VPOS="2336" WIDTH="23"/>
						<String ID="P1_ST00075" HPOS="1978" VPOS="2281" WIDTH="177" HEIGHT="50" CONTENT="stellen," WC="0.98" CC="00677731" STYLEREFS="TXT_2"/>
						<SP ID="P1_SP00066" HPOS="2155" VPOS="2336" WIDTH="67"/>
						<String ID="P1_ST00076" HPOS="2222" VPOS="2281" WIDTH="34" HEIGHT="48" CONTENT="I." WC="0.82" CC="03" STYLEREFS="TXT_2"/>
						<SP ID="P1_SP00067" HPOS="2256" VPOS="2336" WIDTH="17"/>
						<String ID="P1_ST00077" HPOS="2273" VPOS="2280" WIDTH="75" HEIGHT="49" CONTENT="M." WC="0.58" CC="43" STYLEREFS="TXT_2"/>
						<SP ID="P1_SP00068" HPOS="2348" VPOS="2336" WIDTH="27"/>
						<String ID="P1_ST00078" HPOS="2375" VPOS="2279" WIDTH="120" HEIGHT="50" CONTENT="Ord." WC="0.82" CC="2103" STYLEREFS="TXT_2"/>
						<SP ID="P1_SP00069" HPOS="2495" VPOS="2336" WIDTH="27"/>
						<String ID="P1_ST00079" HPOS="2522" VPOS="2280" WIDTH="110" HEIGHT="48" CONTENT="Ben." WC="0.98" CC="0630" STYLEREFS="TXT_2"/>
					</TextLine>
					<TextLine ID="P1_TL00012" HPOS="390" VPOS="2426" WIDTH="2241" HEIGHT="174">
						<String ID="P1_ST00080" HPOS="390" VPOS="2436" WIDTH="267" HEIGHT="164" CONTENT="DAS" WC="0.98" CC="040"/>
						<SP ID="P1_SP00070" HPOS="657" VPOS="2600" WIDTH="42"/>
						<String ID="P1_ST00081" HPOS="699" VPOS="2436" WIDTH="336" HEIGHT="61" CONTENT="obliviscere" WC="0.68" CC="07860600060"/>
						<SP ID="P1_SP00071" HPOS="1035" VPOS="2600" WIDTH="40"/>
						<String ID="P1_ST00082" HPOS="1075" VPOS="2434" WIDTH="276" HEIGHT="80" CONTENT="populum" WC="0.70" CC="0006760"/>
						<SP ID="P1_SP00072" HPOS="1351" VPOS="2600" WIDTH="42"/>
						<String ID="P1_ST00083" HPOS="1393" VPOS="2450" WIDTH="162" HEIGHT="43" CONTENT="tuum" WC="0.57" CC="5650"/>
						<SP ID="P1_SP00073" HPOS="1555" VPOS="2600" WIDTH="44"/>
						<String ID="P1_ST00084" HPOS="1599" VPOS="2449" WIDTH="54" HEIGHT="43" CONTENT="et" WC="0.78" CC="04"/>
						<SP ID="P1_SP00074" HPOS="1653" VPOS="2600" WIDTH="41"/>
						<String ID="P1_ST00085" HPOS="1694" VPOS="2430" WIDTH="233" HEIGHT="61" CONTENT="domum" WC="0.94" CC="02000"/>
						<SP ID="P1_SP00075" HPOS="1927" VPOS="2600" WIDTH="41"/>
						<String ID="P1_ST00086" HPOS="1968" VPOS="2437" WIDTH="172" HEIGHT="70" CONTENT="patris" WC="0.68" CC="065510"/>
						<SP ID="P1_SP00076" HPOS="2140" VPOS="2600" WIDTH="41"/>
						<String ID="P1_ST00087" HPOS="2181" VPOS="2436" WIDTH="83" HEIGHT="52" CONTENT="tui" WC="0.55" CC="363"/>
						<SP ID="P1_SP00077" HPOS="2264" VPOS="2600" WIDTH="41"/>
						<String ID="P1_ST00088" HPOS="2305" VPOS="2426" WIDTH="209" HEIGHT="61" CONTENT="konnte" WC="0.99" CC="201504"/>
						<SP ID="P1_SP00078" HPOS="2514" VPOS="2600" WIDTH="41"/>
						<String ID="P1_ST00089" HPOS="2555" VPOS="2427" WIDTH="76" HEIGHT="59" CONTENT="idi" WC="0.52" CC="077"/>
					</TextLine>
					<TextLine ID="P1_TL00013" HPOS="580" VPOS="2519" WIDTH="2054" HEIGHT="83">
						<String ID="P1_ST00090" HPOS="580" VPOS="2540" WIDTH="89" HEIGHT="50" CONTENT="nie" WC="0.98" CC="600"/>
						<SP ID="P1_SP00079" HPOS="669" VPOS="2590" WIDTH="41"/>
						<String ID="P1_ST00091" HPOS="710" VPOS="2530" WIDTH="144" HEIGHT="60" CONTENT="recht" WC="0.98" CC="40471"/>
						<SP ID="P1_SP00080" HPOS="854" VPOS="2590" WIDTH="41"/>
						<String ID="P1_ST00092" HPOS="895" VPOS="2528" WIDTH="140" HEIGHT="62" CONTENT="über" WC="0.97" CC="0706"/>
						<SP ID="P1_SP00081" HPOS="1035" VPOS="2590" WIDTH="39"/>
						<String ID="P1_ST00093" HPOS="1074" VPOS="2536" WIDTH="146" HEIGHT="53" CONTENT="mein" WC="1.00" CC="0000"/>
						<SP ID="P1_SP00082" HPOS="1220" VPOS="2590" WIDTH="34"/>
						<String ID="P1_ST00094" HPOS="1254" VPOS="2528" WIDTH="158" HEIGHT="59" CONTENT="Herz" WC="0.96" CC="0475"/>
						<SP ID="P1_SP00083" HPOS="1412" VPOS="2590" WIDTH="44"/>
						<String ID="P1_ST00095" HPOS="1456" VPOS="2525" WIDTH="247" HEIGHT="77" CONTENT="bringen." WC="0.99" CC="77006002"/>
						<SP ID="P1_SP00084" HPOS="1703" VPOS="2602" WIDTH="44"/>
						<String ID="P1_ST00096" HPOS="1747" VPOS="2522" WIDTH="113" HEIGHT="61" CONTENT="Als" WC="0.95" CC="670"/>
						<SP ID="P1_SP00085" HPOS="1860" VPOS="2602" WIDTH="43"/>
						<String ID="P1_ST00097" HPOS="1903" VPOS="2522" WIDTH="257" HEIGHT="60" CONTENT="Italiener" WC="0.99" CC="244650006"/>
						<SP ID="P1_SP00086" HPOS="2160" VPOS="2602" WIDTH="41"/>
						<String ID="P1_ST00098" HPOS="2201" VPOS="2519" WIDTH="141" HEIGHT="62" CONTENT="liebe" WC="0.99" CC="60300"/>
						<SP ID="P1_SP00087" HPOS="2342" VPOS="2602" WIDTH="34"/>
						<String ID="P1_ST00099" HPOS="2376" VPOS="2520" WIDTH="77" HEIGHT="60" CONTENT="ich" WC="0.91" CC="769"/>
						<SP ID="P1_SP00088" HPOS="2453" VPOS="2602" WIDTH="32"/>
						<String ID="P1_ST00100" HPOS="2485" VPOS="2528" WIDTH="149" HEIGHT="52" CONTENT="mein" WC="0.99" CC="2000"/>
					</TextLine>
					<TextLine ID="P1_TL00014" HPOS="391" VPOS="2611" WIDTH="2241" HEIGHT="80">
						<String ID="P1_ST00101" HPOS="391" VPOS="2624" WIDTH="161" HEIGHT="62" CONTENT="Land" WC="0.96" CC="0079"/>
						<SP ID="P1_SP00089" HPOS="552" VPOS="2686" WIDTH="41"/>
						<String ID="P1_ST00102" HPOS="593" VPOS="2623" WIDTH="141" HEIGHT="61" CONTENT="über" WC="0.97" CC="0705"/>
						<SP ID="P1_SP00090" HPOS="734" VPOS="2686" WIDTH="40"/>
						<String ID="P1_ST00103" HPOS="774" VPOS="2623" WIDTH="89" HEIGHT="60" CONTENT="die" WC="0.99" CC="010"/>
						<SP ID="P1_SP00091" HPOS="863" VPOS="2686" WIDTH="42"/>
						<String ID="P1_ST00104" HPOS="905" VPOS="2622" WIDTH="230" HEIGHT="69" CONTENT="andern," WC="0.99" CC="5000404"/>
						<SP ID="P1_SP00092" HPOS="1135" VPOS="2691" WIDTH="43"/>
						<String ID="P1_ST00105" HPOS="1178" VPOS="2619" WIDTH="117" HEIGHT="61" CONTENT="und" WC="0.97" CC="700"/>
						<SP ID="P1_SP00093" HPOS="1295" VPOS="2691" WIDTH="41"/>
						<String ID="P1_ST00106" HPOS="1336" VPOS="2620" WIDTH="76" HEIGHT="60" CONTENT="ich" WC="0.95" CC="067"/>
						<SP ID="P1_SP00094" HPOS="1412" VPOS="2691" WIDTH="41"/>
						<String ID="P1_ST00107" HPOS="1453" VPOS="2618" WIDTH="181" HEIGHT="61" CONTENT="kenne" WC="0.99" CC="30040"/>
						<SP ID="P1_SP00095" HPOS="1634" VPOS="2691" WIDTH="42"/>
						<String ID="P1_ST00108" HPOS="1676" VPOS="2627" WIDTH="154" HEIGHT="50" CONTENT="seine" WC="0.99" CC="01070"/>
						<SP ID="P1_SP00096" HPOS="1830" VPOS="2691" WIDTH="44"/>
						<String ID="P1_ST00109" HPOS="1874" VPOS="2615" WIDTH="339" HEIGHT="61" CONTENT="Geschichte," WC="0.99" CC="50050360103"/>
						<SP ID="P1_SP00097" HPOS="2213" VPOS="2691" WIDTH="61"/>
						<String ID="P1_ST00110" HPOS="2274" VPOS="2613" WIDTH="132" HEIGHT="59" CONTENT="Wir" WC="0.96" CC="704"/>
						<SP ID="P1_SP00098" HPOS="2406" VPOS="2691" WIDTH="41"/>
						<String ID="P1_ST00111" HPOS="2447" VPOS="2611" WIDTH="185" HEIGHT="61" CONTENT="haben" WC="0.99" CC="00700"/>
					</TextLine>
					<TextLine ID="P1_TL00015" HPOS="391" VPOS="2705" WIDTH="2243" HEIGHT="79">
						<String ID="P1_ST00112" HPOS="391" VPOS="2743" WIDTH="115" HEIGHT="36" CONTENT="von" WC="0.98" CC="040"/>
						<SP ID="P1_SP00099" HPOS="506" VPOS="2779" WIDTH="28"/>
						<String ID="P1_ST00113" HPOS="534" VPOS="2716" WIDTH="318" HEIGHT="63" CONTENT="Österreich" WC="0.99" CC="0050550407"/>
						<SP ID="P1_SP00100" HPOS="852" VPOS="2779" WIDTH="42"/>
						<String ID="P1_ST00114" HPOS="894" VPOS="2726" WIDTH="194" HEIGHT="50" CONTENT="immer" WC="0.99" CC="30005"/>
						<SP ID="P1_SP00101" HPOS="1088" VPOS="2779" WIDTH="32"/>
						<String ID="P1_ST00115" HPOS="1120" VPOS="2738" WIDTH="105" HEIGHT="36" CONTENT="nur" WC="0.95" CC="056"/>
						<SP ID="P1_SP00102" HPOS="1225" VPOS="2779" WIDTH="31"/>
						<String ID="P1_ST00116" HPOS="1256" VPOS="2712" WIDTH="318" HEIGHT="63" CONTENT="Schlimmes" WC="1.00" CC="000720000"/>
						<SP ID="P1_SP00103" HPOS="1574" VPOS="2779" WIDTH="36"/>
						<String ID="P1_ST00117" HPOS="1610" VPOS="2710" WIDTH="277" HEIGHT="69" CONTENT="erfahren," WC="0.99" CC="346006052"/>
						<SP ID="P1_SP00104" HPOS="1887" VPOS="2779" WIDTH="42"/>
						<String ID="P1_ST00118" HPOS="1929" VPOS="2733" WIDTH="68" HEIGHT="36" CONTENT="so" WC="0.96" CC="00"/>
						<SP ID="P1_SP00105" HPOS="1997" VPOS="2779" WIDTH="35"/>
						<String ID="P1_ST00119" HPOS="2032" VPOS="2709" WIDTH="80" HEIGHT="60" CONTENT="oft" WC="0.99" CC="011"/>
						<SP ID="P1_SP00106" HPOS="2112" VPOS="2779" WIDTH="34"/>
						<String ID="P1_ST00120" HPOS="2146" VPOS="2732" WIDTH="60" HEIGHT="37" CONTENT="es" WC="0.97" CC="00"/>
						<SP ID="P1_SP00107" HPOS="2206" VPOS="2779" WIDTH="34"/>
						<String ID="P1_ST00121" HPOS="2240" VPOS="2707" WIDTH="112" HEIGHT="61" CONTENT="ihm" WC="0.97" CC="070"/>
						<SP ID="P1_SP00108" HPOS="2352" VPOS="2779" WIDTH="33"/>
						<String ID="P1_ST00122" HPOS="2385" VPOS="2705" WIDTH="249" HEIGHT="79" CONTENT="passend" WC="1.00" CC="0000050"/>
					</TextLine>
					<TextLine ID="P1_TL00016" HPOS="392" VPOS="2799" WIDTH="2238" HEIGHT="83">
						<String ID="P1_ST00123" HPOS="392" VPOS="2811" WIDTH="226" HEIGHT="70" CONTENT="dünkte," WC="1.00" CC="0030004"/>
						<SP ID="P1_SP00109" HPOS="618" VPOS="2881" WIDTH="51"/>
						<String ID="P1_ST00124" HPOS="669" VPOS="2811" WIDTH="107" HEIGHT="59" CONTENT="sich" WC="1.00" CC="0100"/>
						<SP ID="P1_SP00110" HPOS="776" VPOS="2881" WIDTH="43"/>
						<String ID="P1_ST00125" HPOS="819" VPOS="2834" WIDTH="95" HEIGHT="35" CONTENT="um" WC="1.00" CC="00"/>
						<SP ID="P1_SP00111" HPOS="914" VPOS="2881" WIDTH="51"/>
						<String ID="P1_ST00126" HPOS="965" VPOS="2830" WIDTH="203" HEIGHT="38" CONTENT="unsere" WC="0.99" CC="400050"/>
						<SP ID="P1_SP00112" HPOS="1168" VPOS="2881" WIDTH="41"/>
						<String ID="P1_ST00127" HPOS="1209" VPOS="2803" WIDTH="524" HEIGHT="79" CONTENT="Angelegenheiten" WC="0.99" CC="106060600705600"/>
						<SP ID="P1_SP00113" HPOS="1733" VPOS="2882" WIDTH="50"/>
						<String ID="P1_ST00128" HPOS="1783" VPOS="2827" WIDTH="75" HEIGHT="36" CONTENT="zu" WC="1.00" CC="00"/>
						<SP ID="P1_SP00114" HPOS="1858" VPOS="2882" WIDTH="48"/>
						<String ID="P1_ST00129" HPOS="1906" VPOS="2801" WIDTH="309" HEIGHT="61" CONTENT="kümmern." WC="1.00" CC="00000603"/>
						<SP ID="P1_SP00115" HPOS="2215" VPOS="2882" WIDTH="59"/>
						<String ID="P1_ST00130" HPOS="2274" VPOS="2799" WIDTH="198" HEIGHT="60" CONTENT="Wenn" WC="0.97" CC="9004"/>
						<SP ID="P1_SP00116" HPOS="2472" VPOS="2882" WIDTH="50"/>
						<String ID="P1_ST00131" HPOS="2522" VPOS="2822" WIDTH="108" HEIGHT="36" CONTENT="uns" WC="0.98" CC="600"/>
					</TextLine>
					<TextLine ID="P1_TL00017" HPOS="391" VPOS="2891" WIDTH="2243" HEIGHT="87">
						<String ID="P1_ST00132" HPOS="391" VPOS="2903" WIDTH="136" HEIGHT="61" CONTENT="aber" WC="0.97" CC="0705"/>
						<SP ID="P1_SP00117" HPOS="527" VPOS="2964" WIDTH="38"/>
						<String ID="P1_ST00133" HPOS="565" VPOS="2905" WIDTH="137" HEIGHT="58" CONTENT="auch" WC="0.98" CC="0007"/>
						<SP ID="P1_SP00118" HPOS="702" VPOS="2964" WIDTH="42"/>
						<String ID="P1_ST00134" HPOS="744" VPOS="2902" WIDTH="107" HEIGHT="61" CONTENT="alle" WC="0.96" CC="0664"/>
						<SP ID="P1_SP00119" HPOS="851" VPOS="2964" WIDTH="40"/>
						<String ID="P1_ST00135" HPOS="891" VPOS="2898" WIDTH="474" HEIGHT="80" CONTENT="Rachegedanken" WC="1.00" CC="0000000003003"/>
						<SP ID="P1_SP00120" HPOS="1365" VPOS="2978" WIDTH="44"/>
						<String ID="P1_ST00136" HPOS="1409" VPOS="2898" WIDTH="120" HEIGHT="60" CONTENT="fern" WC="0.99" CC="0060"/>
						<SP ID="P1_SP00121" HPOS="1529" VPOS="2978" WIDTH="42"/>
						<String ID="P1_ST00137" HPOS="1571" VPOS="2897" WIDTH="198" HEIGHT="76" CONTENT="liegen," WC="0.99" CC="4000023"/>
						<SP ID="P1_SP00122" HPOS="1769" VPOS="2978" WIDTH="40"/>
						<String ID="P1_ST00138" HPOS="1809" VPOS="2919" WIDTH="69" HEIGHT="37" CONTENT="so" WC="0.84" CC="03"/>
						<SP ID="P1_SP00123" HPOS="1878" VPOS="2978" WIDTH="42"/>
						<String ID="P1_ST00139" HPOS="1920" VPOS="2893" WIDTH="142" HEIGHT="61" CONTENT="wird" WC="0.96" CC="6450"/>
						<SP ID="P1_SP00124" HPOS="2062" VPOS="2978" WIDTH="41"/>
						<String ID="P1_ST00140" HPOS="2103" VPOS="2917" WIDTH="131" HEIGHT="37" CONTENT="man" WC="1.00" CC="000"/>
						<SP ID="P1_SP00125" HPOS="2234" VPOS="2978" WIDTH="41"/>
						<String ID="P1_ST00141" HPOS="2275" VPOS="2892" WIDTH="138" HEIGHT="60" CONTENT="doch" WC="1.00" CC="0000"/>
						<SP ID="P1_SP00126" HPOS="2413" VPOS="2978" WIDTH="42"/>
						<String ID="P1_ST00142" HPOS="2455" VPOS="2891" WIDTH="179" HEIGHT="77" CONTENT="Sym*" WC="0.56" CC="0709"/>
					</TextLine>
					<TextLine ID="P1_TL00018" HPOS="391" VPOS="2985" WIDTH="1987" HEIGHT="90">
						<String ID="P1_ST00143" HPOS="391" VPOS="2996" WIDTH="223" HEIGHT="79" CONTENT="pathien" WC="0.71" CC="0047601"/>
						<SP ID="P1_SP00127" HPOS="614" VPOS="3075" WIDTH="37"/>
						<String ID="P1_ST00144" HPOS="651" VPOS="2997" WIDTH="90" HEIGHT="59" CONTENT="für" WC="0.97" CC="105"/>
						<SP ID="P1_SP00128" HPOS="741" VPOS="3075" WIDTH="33"/>
						<String ID="P1_ST00145" HPOS="774" VPOS="2996" WIDTH="89" HEIGHT="60" CONTENT="die" WC="0.99" CC="010"/>
						<SP ID="P1_SP00129" HPOS="863" VPOS="3075" WIDTH="26"/>
						<String ID="P1_ST00146" HPOS="889" VPOS="2995" WIDTH="330" HEIGHT="61" CONTENT="Monarchie" WC="1.00" CC="200050000"/>
						<SP ID="P1_SP00130" HPOS="1219" VPOS="3075" WIDTH="33"/>
						<String ID="P1_ST00147" HPOS="1252" VPOS="3001" WIDTH="53" HEIGHT="51" CONTENT="in" WC="0.88" CC="20"/>
						<SP ID="P1_SP00131" HPOS="1305" VPOS="3075" WIDTH="34"/>
						<String ID="P1_ST00148" HPOS="1339" VPOS="2991" WIDTH="191" HEIGHT="61" CONTENT="Italien" WC="0.99" CC="0306300"/>
						<SP ID="P1_SP00132" HPOS="1530" VPOS="3075" WIDTH="25"/>
						<String ID="P1_ST00149" HPOS="1555" VPOS="2989" WIDTH="306" HEIGHT="77" CONTENT="vergeblich" WC="0.99" CC="0060076000"/>
						<SP ID="P1_SP00133" HPOS="1861" VPOS="3075" WIDTH="36"/>
						<String ID="P1_ST00150" HPOS="1897" VPOS="2989" WIDTH="220" HEIGHT="58" CONTENT="suchen." WC="0.99" CC="0600004"/>
						<SP ID="P1_SP00134" HPOS="2117" VPOS="3075" WIDTH="44"/>
						<String ID="P1_ST00151" HPOS="2161" VPOS="2985" WIDTH="217" HEIGHT="61" CONTENT="Führte" WC="1.00" CC="300030"/>
						<SP ID="P1_SP00135" HPOS="2378" VPOS="3075" WIDTH="0"/>
					</TextLine>
					<TextLine ID="P1_TL00019" HPOS="391" VPOS="3076" WIDTH="2241" HEIGHT="85">
						<String ID="P1_ST00152" HPOS="391" VPOS="3099" WIDTH="188" HEIGHT="51" CONTENT="raison" WC="0.98" CC="604033"/>
						<SP ID="P1_SP00136" HPOS="579" VPOS="3150" WIDTH="66"/>
						<String ID="P1_ST00153" HPOS="645" VPOS="3114" WIDTH="75" HEIGHT="36" CONTENT="zu" WC="0.72" CC="50"/>
						<SP ID="P1_SP00137" HPOS="720" VPOS="3150" WIDTH="57"/>
						<String ID="P1_ST00154" HPOS="777" VPOS="3098" WIDTH="181" HEIGHT="52" CONTENT="einem" WC="0.99" CC="06200"/>
						<SP ID="P1_SP00138" HPOS="958" VPOS="3150" WIDTH="55"/>
						<String ID="P1_ST00155" HPOS="1013" VPOS="3086" WIDTH="479" HEIGHT="75" CONTENT="Bündnisvertrag" WC="1.00" CC="30300500460640"/>
						<SP ID="P1_SP00139" HPOS="1492" VPOS="3161" WIDTH="54"/>
						<String ID="P1_ST00156" HPOS="1546" VPOS="3091" WIDTH="111" HEIGHT="51" CONTENT="wie" WC="0.95" CC="940"/>
						<SP ID="P1_SP00140" HPOS="1657" VPOS="3161" WIDTH="58"/>
						<String ID="P1_ST00157" HPOS="1715" VPOS="3081" WIDTH="127" HEIGHT="60" CONTENT="dem" WC="0.98" CC="050"/>
						<SP ID="P1_SP00141" HPOS="1842" VPOS="3161" WIDTH="59"/>
						<String ID="P1_ST00158" HPOS="1901" VPOS="3077" WIDTH="319" HEIGHT="72" CONTENT="Dreibund," WC="0.99" CC="461070304"/>
						<SP ID="P1_SP00142" HPOS="2220" VPOS="3161" WIDTH="67"/>
						<String ID="P1_ST00159" HPOS="2287" VPOS="3102" WIDTH="67" HEIGHT="35" CONTENT="so" WC="0.94" CC="01"/>
						<SP ID="P1_SP00143" HPOS="2354" VPOS="3161" WIDTH="66"/>
						<String ID="P1_ST00160" HPOS="2420" VPOS="3076" WIDTH="212" HEIGHT="60" CONTENT="konnte" WC="0.99" CC="030035"/>
					</TextLine>
					<TextLine ID="P1_TL00020" HPOS="393" VPOS="3174" WIDTH="2238" HEIGHT="86">
						<String ID="P1_ST00161" HPOS="393" VPOS="3182" WIDTH="375" HEIGHT="78" CONTENT="Oportunität" WC="0.72" CC="00066322305"/>
						<SP ID="P1_SP00144" HPOS="768" VPOS="3260" WIDTH="58"/>
						<String ID="P1_ST00162" HPOS="826" VPOS="3183" WIDTH="205" HEIGHT="60" CONTENT="dessen" WC="1.00" CC="000000"/>
						<SP ID="P1_SP00145" HPOS="1031" VPOS="3260" WIDTH="49"/>
						<String ID="P1_ST00163" HPOS="1080" VPOS="3179" WIDTH="195" HEIGHT="61" CONTENT="Anlaß" WC="0.97" CC="52715"/>
						<SP ID="P1_SP00146" HPOS="1275" VPOS="3260" WIDTH="51"/>
						<String ID="P1_ST00164" HPOS="1326" VPOS="3187" WIDTH="138" HEIGHT="59" CONTENT="sein," WC="0.99" CC="00004"/>
						<SP ID="P1_SP00147" HPOS="1464" VPOS="3260" WIDTH="57"/>
						<String ID="P1_ST00165" HPOS="1521" VPOS="3174" WIDTH="135" HEIGHT="62" CONTENT="aber" WC="0.98" CC="0026"/>
						<SP ID="P1_SP00148" HPOS="1656" VPOS="3260" WIDTH="48"/>
						<String ID="P1_ST00166" HPOS="1704" VPOS="3174" WIDTH="376" HEIGHT="77" CONTENT="Oportunität" WC="0.91" CC="00053000000"/>
						<SP ID="P1_SP00149" HPOS="2080" VPOS="3260" WIDTH="49"/>
						<String ID="P1_ST00167" HPOS="2129" VPOS="3180" WIDTH="70" HEIGHT="51" CONTENT="ist" WC="0.97" CC="305"/>
						<SP ID="P1_SP00150" HPOS="2199" VPOS="3260" WIDTH="56"/>
						<String ID="P1_ST00168" HPOS="2255" VPOS="3179" WIDTH="194" HEIGHT="52" CONTENT="immer" WC="0.98" CC="40026"/>
						<SP ID="P1_SP00151" HPOS="2449" VPOS="3260" WIDTH="58"/>
						<String ID="P1_ST00169" HPOS="2507" VPOS="3178" WIDTH="124" HEIGHT="52" CONTENT="eine" WC="0.98" CC="0520"/>
					</TextLine>
					<TextLine ID="P1_TL00021" HPOS="391" VPOS="3263" WIDTH="2239" HEIGHT="90">
						<String ID="P1_ST00170" HPOS="391" VPOS="3276" WIDTH="197" HEIGHT="61" CONTENT="Politik" WC="0.99" CC="5161130"/>
						<SP ID="P1_SP00152" HPOS="588" VPOS="3337" WIDTH="40"/>
						<String ID="P1_ST00171" HPOS="628" VPOS="3277" WIDTH="102" HEIGHT="60" CONTENT="der" WC="0.97" CC="035"/>
						<SP ID="P1_SP00153" HPOS="730" VPOS="3337" WIDTH="39"/>
						<String ID="P1_ST00172" HPOS="769" VPOS="3274" WIDTH="404" HEIGHT="79" CONTENT="Verlegenheit" WC="0.99" CC="607640067012"/>
						<SP ID="P1_SP00154" HPOS="1173" VPOS="3353" WIDTH="41"/>
						<String ID="P1_ST00173" HPOS="1214" VPOS="3272" WIDTH="118" HEIGHT="62" CONTENT="und" WC="1.00" CC="000"/>
						<SP ID="P1_SP00155" HPOS="1332" VPOS="3353" WIDTH="48"/>
						<String ID="P1_ST00174" HPOS="1380" VPOS="3271" WIDTH="98" HEIGHT="60" CONTENT="der" WC="0.97" CC="007"/>
						<SP ID="P1_SP00156" HPOS="1478" VPOS="3353" WIDTH="49"/>
						<String ID="P1_ST00175" HPOS="1527" VPOS="3268" WIDTH="295" HEIGHT="62" CONTENT="fehlenden" WC="0.99" CC="605700050"/>
						<SP ID="P1_SP00157" HPOS="1822" VPOS="3353" WIDTH="48"/>
						<String ID="P1_ST00176" HPOS="1870" VPOS="3267" WIDTH="211" HEIGHT="77" CONTENT="großen" WC="0.99" CC="050302"/>
						<SP ID="P1_SP00158" HPOS="2081" VPOS="3353" WIDTH="42"/>
						<String ID="P1_ST00177" HPOS="2123" VPOS="3264" WIDTH="178" HEIGHT="61" CONTENT="Ziele," WC="0.99" CC="700004"/>
						<SP ID="P1_SP00159" HPOS="2301" VPOS="3353" WIDTH="58"/>
						<String ID="P1_ST00178" HPOS="2359" VPOS="3263" WIDTH="141" HEIGHT="60" CONTENT="Auf" WC="0.93" CC="764"/>
						<SP ID="P1_SP00160" HPOS="2500" VPOS="3353" WIDTH="40"/>
						<String ID="P1_ST00179" HPOS="2540" VPOS="3271" WIDTH="90" HEIGHT="52" CONTENT="ein" WC="0.96" CC="036"/>
					</TextLine>
					<TextLine ID="P1_TL00022" HPOS="395" VPOS="3356" WIDTH="2236" HEIGHT="83">
						<String ID="P1_ST00180" HPOS="395" VPOS="3367" WIDTH="240" HEIGHT="62" CONTENT="Stabiles" WC="0.99" CC="30070700"/>
						<SP ID="P1_SP00161" HPOS="635" VPOS="3429" WIDTH="58"/>
						<String ID="P1_ST00181" HPOS="693" VPOS="3378" WIDTH="109" HEIGHT="51" CONTENT="wie" WC="0.99" CC="020"/>
						<SP ID="P1_SP00162" HPOS="802" VPOS="3429" WIDTH="52"/>
						<String ID="P1_ST00182" HPOS="854" VPOS="3392" WIDTH="60" HEIGHT="37" CONTENT="es" WC="1.00" CC="00"/>
						<SP ID="P1_SP00163" HPOS="914" VPOS="3429" WIDTH="60"/>
						<String ID="P1_ST00183" HPOS="974" VPOS="3368" WIDTH="101" HEIGHT="61" CONTENT="das" WC="1.00" CC="000"/>
						<SP ID="P1_SP00164" HPOS="1075" VPOS="3429" WIDTH="59"/>
						<String ID="P1_ST00184" HPOS="1134" VPOS="3366" WIDTH="297" HEIGHT="61" CONTENT="natürliche" WC="0.99" CC="0500512070"/>
						<SP ID="P1_SP00165" HPOS="1431" VPOS="3429" WIDTH="47"/>
						<String ID="P1_ST00185" HPOS="1478" VPOS="3359" WIDTH="504" HEIGHT="80" CONTENT="Volksempfinden" WC="1.00" CC="20600000000003"/>
						<SP ID="P1_SP00166" HPOS="1982" VPOS="3439" WIDTH="51"/>
						<String ID="P1_ST00186" HPOS="2033" VPOS="3367" WIDTH="88" HEIGHT="60" CONTENT="ist," WC="0.98" CC="0053"/>
						<SP ID="P1_SP00167" HPOS="2121" VPOS="3439" WIDTH="57"/>
						<String ID="P1_ST00187" HPOS="2178" VPOS="3356" WIDTH="142" HEIGHT="61" CONTENT="wird" WC="0.98" CC="0540"/>
						<SP ID="P1_SP00168" HPOS="2320" VPOS="3439" WIDTH="56"/>
						<String ID="P1_ST00188" HPOS="2376" VPOS="3357" WIDTH="105" HEIGHT="58" CONTENT="sich" WC="1.00" CC="0100"/>
						<SP ID="P1_SP00169" HPOS="2481" VPOS="3439" WIDTH="60"/>
						<String ID="P1_ST00189" HPOS="2541" VPOS="3363" WIDTH="90" HEIGHT="52" CONTENT="ein" WC="0.96" CC="550"/>
					</TextLine>
					<TextLine ID="P1_TL00023" HPOS="393" VPOS="3450" WIDTH="1975" HEIGHT="73">
						<String ID="P1_ST00190" HPOS="393" VPOS="3462" WIDTH="800" HEIGHT="61" CONTENT="italienisch-österreichisches" WC="1.00" CC="0007432000032030540000300000"/>
						<SP ID="P1_SP00170" HPOS="1193" VPOS="3523" WIDTH="51"/>
						<String ID="P1_ST00191" HPOS="1244" VPOS="3460" WIDTH="253" HEIGHT="61" CONTENT="Bündnis" WC="1.00" CC="2000020"/>
						<SP ID="P1_SP00171" HPOS="1497" VPOS="3523" WIDTH="48"/>
						<String ID="P1_ST00192" HPOS="1545" VPOS="3466" WIDTH="89" HEIGHT="51" CONTENT="nie" WC="1.00" CC="000"/>
						<SP ID="P1_SP00172" HPOS="1634" VPOS="3523" WIDTH="48"/>
						<String ID="P1_ST00193" HPOS="1682" VPOS="3466" WIDTH="221" HEIGHT="50" CONTENT="stützen" WC="0.98" CC="0006553"/>
						<SP ID="P1_SP00173" HPOS="1903" VPOS="3523" WIDTH="50"/>
						<String ID="P1_ST00194" HPOS="1953" VPOS="3452" WIDTH="241" HEIGHT="60" CONTENT="können." WC="1.00" CC="0000032"/>
						<SP ID="P1_SP00174" HPOS="2194" VPOS="3523" WIDTH="61"/>
						<String ID="P1_ST00195" HPOS="2255" VPOS="3450" WIDTH="113" HEIGHT="61" CONTENT="Die" WC="0.99" CC="030"/>
						<SP ID="P1_SP00175" HPOS="2368" VPOS="3523" WIDTH="0"/>
					</TextLine>
					<TextLine ID="P1_TL00024" HPOS="393" VPOS="3541" WIDTH="2238" HEIGHT="75">
						<String ID="P1_ST00196" HPOS="393" VPOS="3556" WIDTH="202" HEIGHT="59" CONTENT="reicher" WC="0.98" CC="3059044"/>
						<SP ID="P1_SP00176" HPOS="595" VPOS="3615" WIDTH="40"/>
						<String ID="P1_ST00197" HPOS="635" VPOS="3556" WIDTH="425" HEIGHT="60" CONTENT="wirtschafteten" WC="1.00" CC="00500000110400"/>
						<SP ID="P1_SP00177" HPOS="1060" VPOS="3616" WIDTH="42"/>
						<String ID="P1_ST00198" HPOS="1102" VPOS="3564" WIDTH="98" HEIGHT="51" CONTENT="mit" WC="0.99" CC="020"/>
						<SP ID="P1_SP00178" HPOS="1200" VPOS="3616" WIDTH="39"/>
						<String ID="P1_ST00199" HPOS="1239" VPOS="3554" WIDTH="269" HEIGHT="59" CONTENT="Beamten" WC="1.00" CC="2000200"/>
						<SP ID="P1_SP00179" HPOS="1508" VPOS="3616" WIDTH="42"/>
						<String ID="P1_ST00200" HPOS="1550" VPOS="3547" WIDTH="116" HEIGHT="63" CONTENT="und" WC="0.98" CC="500"/>
						<SP ID="P1_SP00180" HPOS="1666" VPOS="3616" WIDTH="43"/>
						<String ID="P1_ST00201" HPOS="1709" VPOS="3546" WIDTH="269" HEIGHT="62" CONTENT="Soldaten" WC="1.00" CC="00700120"/>
						<SP ID="P1_SP00181" HPOS="1978" VPOS="3616" WIDTH="49"/>
						<String ID="P1_ST00202" HPOS="2027" VPOS="3554" WIDTH="54" HEIGHT="51" CONTENT="in" WC="0.72" CC="23"/>
						<SP ID="P1_SP00182" HPOS="2081" VPOS="3616" WIDTH="51"/>
						<String ID="P1_ST00203" HPOS="2132" VPOS="3566" WIDTH="262" HEIGHT="37" CONTENT="unserem" WC="0.99" CC="0305500"/>
						<SP ID="P1_SP00183" HPOS="2394" VPOS="3616" WIDTH="39"/>
						<String ID="P1_ST00204" HPOS="2433" VPOS="3541" WIDTH="198" HEIGHT="61" CONTENT="Lande" WC="1.00" CC="00000"/>
					</TextLine>
					<TextLine ID="P1_TL00025" HPOS="395" VPOS="3636" WIDTH="2236" HEIGHT="82">
						<String ID="P1_ST00205" HPOS="395" VPOS="3655" WIDTH="109" HEIGHT="52" CONTENT="wie" WC="0.98" CC="050"/>
						<SP ID="P1_SP00184" HPOS="504" VPOS="3707" WIDTH="47"/>
						<String ID="P1_ST00206" HPOS="551" VPOS="3649" WIDTH="179" HEIGHT="60" CONTENT="rechte" WC="1.00" CC="500000"/>
						<SP ID="P1_SP00185" HPOS="730" VPOS="3709" WIDTH="41"/>
						<String ID="P1_ST00207" HPOS="771" VPOS="3649" WIDTH="304" HEIGHT="69" CONTENT="Barbaren," WC="0.99" CC="204705004"/>
						<SP ID="P1_SP00186" HPOS="1075" VPOS="3718" WIDTH="51"/>
						<String ID="P1_ST00208" HPOS="1126" VPOS="3646" WIDTH="118" HEIGHT="61" CONTENT="und" WC="1.00" CC="000"/>
						<SP ID="P1_SP00187" HPOS="1244" VPOS="3718" WIDTH="48"/>
						<String ID="P1_ST00209" HPOS="1292" VPOS="3645" WIDTH="182" HEIGHT="61" CONTENT="solche" WC="0.98" CC="036070"/>
						<SP ID="P1_SP00188" HPOS="1474" VPOS="3718" WIDTH="39"/>
						<String ID="P1_ST00210" HPOS="1513" VPOS="3641" WIDTH="295" HEIGHT="61" CONTENT="Brutalität" WC="0.99" CC="0636060305"/>
						<SP ID="P1_SP00189" HPOS="1808" VPOS="3718" WIDTH="48"/>
						<String ID="P1_ST00211" HPOS="1856" VPOS="3639" WIDTH="99" HEIGHT="60" CONTENT="des" WC="0.98" CC="040"/>
						<SP ID="P1_SP00190" HPOS="1955" VPOS="3718" WIDTH="51"/>
						<String ID="P1_ST00212" HPOS="2006" VPOS="3636" WIDTH="375" HEIGHT="63" CONTENT="Subalternen" WC="0.99" CC="05707204106"/>
						<SP ID="P1_SP00191" HPOS="2381" VPOS="3718" WIDTH="49"/>
						<String ID="P1_ST00213" HPOS="2430" VPOS="3644" WIDTH="70" HEIGHT="52" CONTENT="ist" WC="0.99" CC="102"/>
						<SP ID="P1_SP00192" HPOS="2500" VPOS="3718" WIDTH="49"/>
						<String ID="P1_ST00214" HPOS="2549" VPOS="3658" WIDTH="82" HEIGHT="46" CONTENT="es," WC="0.98" CC="004"/>
					</TextLine>
					<TextLine ID="P1_TL00026" HPOS="395" VPOS="3726" WIDTH="2240" HEIGHT="79">
						<String ID="P1_ST00215" HPOS="395" VPOS="3762" WIDTH="123" HEIGHT="37" CONTENT="was" WC="1.00" CC="000"/>
						<SP ID="P1_SP00193" HPOS="518" VPOS="3799" WIDTH="49"/>
						<String ID="P1_ST00216" HPOS="567" VPOS="3739" WIDTH="99" HEIGHT="61" CONTENT="der" WC="0.98" CC="005"/>
						<SP ID="P1_SP00194" HPOS="666" VPOS="3800" WIDTH="49"/>
						<String ID="P1_ST00217" HPOS="715" VPOS="3742" WIDTH="330" HEIGHT="59" CONTENT="italienische" WC="1.00" CC="000640040070"/>
						<SP ID="P1_SP00195" HPOS="1045" VPOS="3801" WIDTH="51"/>
						<String ID="P1_ST00218" HPOS="1096" VPOS="3738" WIDTH="318" HEIGHT="63" CONTENT="Charakter" WC="0.99" CC="005600216"/>
						<SP ID="P1_SP00196" HPOS="1414" VPOS="3801" WIDTH="50"/>
						<String ID="P1_ST00219" HPOS="1464" VPOS="3759" WIDTH="91" HEIGHT="37" CONTENT="am" WC="1.00" CC="00"/>
						<SP ID="P1_SP00197" HPOS="1555" VPOS="3801" WIDTH="51"/>
						<String ID="P1_ST00220" HPOS="1606" VPOS="3732" WIDTH="520" HEIGHT="62" CONTENT="allerschlechtesten" WC="1.00" CC="000060006000110100"/>
						<SP ID="P1_SP00198" HPOS="2126" VPOS="3801" WIDTH="48"/>
						<String ID="P1_ST00221" HPOS="2174" VPOS="3738" WIDTH="263" HEIGHT="67" CONTENT="verträgt." WC="0.99" CC="006260052"/>
						<SP ID="P1_SP00199" HPOS="2437" VPOS="3805" WIDTH="62"/>
						<String ID="P1_ST00222" HPOS="2499" VPOS="3726" WIDTH="136" HEIGHT="61" CONTENT="Wir" WC="0.98" CC="004"/>
					</TextLine>
					<TextLine ID="P1_TL00027" HPOS="398" VPOS="3822" WIDTH="2233" HEIGHT="89">
						<String ID="P1_ST00223" HPOS="398" VPOS="3833" WIDTH="314" HEIGHT="78" CONTENT="empfinden" WC="1.00" CC="000040002"/>
						<SP ID="P1_SP00200" HPOS="712" VPOS="3911" WIDTH="42"/>
						<String ID="P1_ST00224" HPOS="754" VPOS="3843" WIDTH="89" HEIGHT="51" CONTENT="ein" WC="0.96" CC="540"/>
						<SP ID="P1_SP00201" HPOS="843" VPOS="3911" WIDTH="34"/>
						<String ID="P1_ST00225" HPOS="877" VPOS="3834" WIDTH="252" HEIGHT="61" CONTENT="Bündnis" WC="0.99" CC="4000700"/>
						<SP ID="P1_SP00202" HPOS="1129" VPOS="3911" WIDTH="43"/>
						<String ID="P1_ST00226" HPOS="1172" VPOS="3842" WIDTH="98" HEIGHT="51" CONTENT="mit" WC="0.96" CC="054"/>
						<SP ID="P1_SP00203" HPOS="1270" VPOS="3911" WIDTH="34"/>
						<String ID="P1_ST00227" HPOS="1304" VPOS="3829" WIDTH="315" HEIGHT="63" CONTENT="Österreich" WC="0.99" CC="0024560090"/>
						<SP ID="P1_SP00204" HPOS="1619" VPOS="3911" WIDTH="42"/>
						<String ID="P1_ST00228" HPOS="1661" VPOS="3851" WIDTH="66" HEIGHT="37" CONTENT="so" WC="1.00" CC="00"/>
						<SP ID="P1_SP00205" HPOS="1727" VPOS="3911" WIDTH="43"/>
						<String ID="P1_ST00229" HPOS="1770" VPOS="3824" WIDTH="359" HEIGHT="70" CONTENT="unnatürlich," WC="1.00" CC="005400500004"/>
						<SP ID="P1_SP00206" HPOS="2129" VPOS="3911" WIDTH="41"/>
						<String ID="P1_ST00230" HPOS="2170" VPOS="3832" WIDTH="111" HEIGHT="51" CONTENT="wie" WC="1.00" CC="000"/>
						<SP ID="P1_SP00207" HPOS="2281" VPOS="3911" WIDTH="41"/>
						<String ID="P1_ST00231" HPOS="2322" VPOS="3822" WIDTH="89" HEIGHT="61" CONTENT="die" WC="1.00" CC="000"/>
						<SP ID="P1_SP00208" HPOS="2411" VPOS="3911" WIDTH="35"/>
						<String ID="P1_ST00232" HPOS="2446" VPOS="3822" WIDTH="148" HEIGHT="59" CONTENT="Fran" SUBS_TYPE="HypPart1" SUBS_CONTENT="Franzosen" WC="0.98" CC="5501"/>
						<HYP HPOS="2594" VPOS="3822" WIDTH="37" CONTENT="-"/>
					</TextLine>
					<TextLine ID="P1_TL00028" HPOS="396" VPOS="3914" WIDTH="2236" HEIGHT="80">
						<String ID="P1_ST00233" HPOS="396" VPOS="3947" WIDTH="176" HEIGHT="39" CONTENT="zosen" SUBS_TYPE="HypPart2" SUBS_CONTENT="Franzosen" WC="0.99" CC="70000"/>
						<SP ID="P1_SP00209" HPOS="572" VPOS="3986" WIDTH="42"/>
						<String ID="P1_ST00234" HPOS="614" VPOS="3926" WIDTH="102" HEIGHT="61" CONTENT="das" WC="1.00" CC="000"/>
						<SP ID="P1_SP00210" HPOS="716" VPOS="3987" WIDTH="43"/>
						<String ID="P1_ST00235" HPOS="759" VPOS="3927" WIDTH="116" HEIGHT="61" CONTENT="ihre" WC="0.98" CC="1060"/>
						<SP ID="P1_SP00211" HPOS="875" VPOS="3988" WIDTH="40"/>
						<String ID="P1_ST00236" HPOS="915" VPOS="3936" WIDTH="98" HEIGHT="52" CONTENT="mit" WC="1.00" CC="000"/>
						<SP ID="P1_SP00212" HPOS="1013" VPOS="3988" WIDTH="39"/>
						<String ID="P1_ST00237" HPOS="1052" VPOS="3925" WIDTH="265" HEIGHT="63" CONTENT="Rußland" WC="0.99" CC="4007000"/>
						<SP ID="P1_SP00213" HPOS="1317" VPOS="3988" WIDTH="40"/>
						<String ID="P1_ST00238" HPOS="1357" VPOS="3923" WIDTH="83" HEIGHT="61" CONTENT="als" WC="0.97" CC="070"/>
						<SP ID="P1_SP00214" HPOS="1440" VPOS="3988" WIDTH="40"/>
						<String ID="P1_ST00239" HPOS="1480" VPOS="3921" WIDTH="178" HEIGHT="62" CONTENT="wider" WC="0.99" CC="00016"/>
						<SP ID="P1_SP00215" HPOS="1658" VPOS="3988" WIDTH="41"/>
						<String ID="P1_ST00240" HPOS="1699" VPOS="3919" WIDTH="115" HEIGHT="61" CONTENT="ihre" WC="0.96" CC="3760"/>
						<SP ID="P1_SP00216" HPOS="1814" VPOS="3988" WIDTH="32"/>
						<String ID="P1_ST00241" HPOS="1846" VPOS="3918" WIDTH="202" HEIGHT="61" CONTENT="Natur" WC="0.99" CC="70200"/>
						<SP ID="P1_SP00217" HPOS="2048" VPOS="3988" WIDTH="41"/>
						<String ID="P1_ST00242" HPOS="2089" VPOS="3916" WIDTH="333" HEIGHT="78" CONTENT="empfinden." WC="1.00" CC="2000020013"/>
						<SP ID="P1_SP00218" HPOS="2422" VPOS="3994" WIDTH="44"/>
						<String ID="P1_ST00243" HPOS="2466" VPOS="3914" WIDTH="166" HEIGHT="61" CONTENT="Alles" WC="0.98" CC="27200"/>
					</TextLine>
				</TextBlock>
				<TextBlock ID="P1_TB00003" HPOS="391" VPOS="429" WIDTH="2226" HEIGHT="425" STYLEREFS="TXT_0 PAR_LEFT">
					<TextLine ID="P1_TL00029" HPOS="393" VPOS="448" WIDTH="2224" HEIGHT="173">
						<String ID="P1_ST00244" HPOS="393" VPOS="473" WIDTH="340" HEIGHT="148" CONTENT="DIE" WC="0.96" CC="064" STYLEREFS="TXT_3"/>
						<SP ID="P1_SP00219" HPOS="733" VPOS="621" WIDTH="46"/>
						<String ID="P1_ST00245" HPOS="779" VPOS="463" WIDTH="909" HEIGHT="153" CONTENT="WEISSEN" WC="0.98" CC="3550044" STYLEREFS="TXT_3"/>
						<SP ID="P1_SP00220" HPOS="1688" VPOS="621" WIDTH="56"/>
						<String ID="P1_ST00246" HPOS="1744" VPOS="448" WIDTH="873" HEIGHT="163" CONTENT="BLÄTTER" WC="0.98" CC="1225655" STYLEREFS="TXT_3"/>
					</TextLine>
					<TextLine ID="P1_TL00030" HPOS="818" VPOS="657" WIDTH="1387" HEIGHT="82">
						<String ID="P1_ST00247" HPOS="818" VPOS="665" WIDTH="300" HEIGHT="74" CONTENT="EINE" WC="0.98" CC="1024"/>
						<SP ID="P1_SP00221" HPOS="1118" VPOS="739" WIDTH="48"/>
						<String ID="P1_ST00248" HPOS="1166" VPOS="657" WIDTH="1039" HEIGHT="82" CONTENT="MONATSSCHRIFT" WC="1.00" CC="5005000000036"/>
					</TextLine>
					<TextLine ID="P1_TL00031" HPOS="1113" VPOS="792" WIDTH="808" HEIGHT="62">
						<String ID="P1_ST00249" HPOS="1113" VPOS="792" WIDTH="317" HEIGHT="51" CONTENT="ERSTER" WC="0.99" CC="040103" STYLEREFS="TXT_2"/>
						<SP ID="P1_SP00222" HPOS="1430" VPOS="843" WIDTH="33"/>
						<String ID="P1_ST00250" HPOS="1463" VPOS="792" WIDTH="458" HEIGHT="62" CONTENT="JAHRGANG" WC="0.98" CC="60290155" STYLEREFS="TXT_2"/>
					</TextLine>
				</TextBlock>
				<TextBlock ID="P1_TB00004" HPOS="2449" VPOS="954" WIDTH="184" HEIGHT="72" STYLEREFS="TXT_0 PAR_RIGHT">
					<TextLine ID="P1_TL00032" HPOS="2453" VPOS="954" WIDTH="180" HEIGHT="69">
						<String ID="P1_ST00251" HPOS="2453" VPOS="954" WIDTH="180" HEIGHT="69" CONTENT="1914" WC="0.81" CC="0403"/>
					</TextLine>
				</TextBlock>
				<TextBlock ID="P1_TB00005" HPOS="386" VPOS="962" WIDTH="232" HEIGHT="79" STYLEREFS="TXT_0 PAR_LEFT">
					<TextLine ID="P1_TL00033" HPOS="388" VPOS="964" WIDTH="229" HEIGHT="74">
						<String ID="P1_ST00252" HPOS="388" VPOS="964" WIDTH="155" HEIGHT="74" CONTENT="NR." WC="0.98" CC="040"/>
						<SP ID="P1_SP00223" HPOS="543" VPOS="1038" WIDTH="28"/>
						<String ID="P1_ST00253" HPOS="571" VPOS="964" WIDTH="46" HEIGHT="72" CONTENT="5" WC="0.57" CC="4"/>
						<SP ID="P1_SP00224" HPOS="617" VPOS="1038" WIDTH="0"/>
					</TextLine>
				</TextBlock>
				<TextBlock ID="P1_TB00006" HPOS="1337" VPOS="961" WIDTH="358" HEIGHT="80" STYLEREFS="TXT_1 PAR_CENTER">
					<TextLine ID="P1_TL00034" HPOS="1341" VPOS="964" WIDTH="354" HEIGHT="77">
						<String ID="P1_ST00254" HPOS="1341" VPOS="964" WIDTH="354" HEIGHT="77" CONTENT="JANUAR" WC="0.98" CC="550130"/>
						<SP ID="P1_SP00225" HPOS="1695" VPOS="1041" WIDTH="0"/>
					</TextLine>
				</TextBlock>
			</PrintSpace>
		</Page>
	</Layout>
</alto>
