3135 4572
551 498 97 50 460

937 499 236 51 'Triedricß
1195 499 261 54 Burscßed,
1486 499 348 54 Renaissance,
1870 498 195 49 Barocß
2091 500 117 47 und
2226 499 202 49 Rofcoüo

555 702 226 79 beginnt
820 712 98 51 mit
950 702 359 61 Bewußtsein
1351 710 89 50 ein
1474 700 396 78 Doppelleben
1903 726 75 36 zu
2014 702 200 60 führen
2249 702 118 60 und
2400 711 194 52 immer
2626 713 165 51 weist

556 805 154 52 eines
760 797 107 59 auf
908 796 101 60 das
1059 794 208 60 andere
1318 792 108 61 hin.
1472 794 139 60 Wie
1662 804 72 49 im
1776 794 159 60 Bilde
1982 794 100 60 der
2122 795 223 77 Kampf
2387 795 99 61 des
2529 795 260 63 Scheines

556 900 98 50 mit
694 890 98 61 der
833 887 301 63 Wahrheit
1173 887 259 72 herrscht,
1483 912 67 36 so
1592 889 229 61 wendet
1869 889 135 59 auch
2048 889 99 61 der
2189 889 194 61 Schein
2425 889 101 61 des
2568 890 222 61 Lebens

556 984 105 60 sich
710 1006 174 54 gegen
934 981 88 60 die
1063 980 306 62 Wahrheit
1417 981 99 61 der
1566 992 228 50 inneren
1844 983 189 70 Brust,
2091 983 118 59 und
2258 983 100 61 der
2408 983 191 62 Schein
2649 984 143 61 wird

555 1101 105 35 vor
708 1077 82 59 ihr
837 1098 130 37 zum
1008 1075 178 78 Pomp
1237 1075 118 61 und
1403 1101 103 35 zur
1546 1075 380 73 Maskerade,-
1974 1101 61 35 er
2084 1077 241 61 herrscht
2373 1101 156 35 zwar
2579 1087 213 60 immer,

553 1169 134 60 aber
727 1192 59 37 er
825 1168 97 60 hat
961 1168 103 61 das
1106 1168 209 61 andere
1357 1168 233 61 erkannt
1632 1169 116 60 und
1789 1169 170 61 bleibt
2000 1180 53 50 in
2096 1169 183 61 dieser
2321 1169 277 72 Qualität,
2651 1171 143 59 Und

555 1262 72 60 da
666 1286 115 36 nun
823 1263 134 59 auch
993 1262 103 61 das
1130 1262 123 61 Bild
1294 1288 103 35 zur
1430 1263 228 61 Illusion
1691 1263 310 77 geworden
2037 1274 71 50 ist
2141 1263 117 61 und
2300 1263 99 61 der
2438 1263 356 78 Augenblick

553 1355 154 60 darin
734 1355 232 60 sichtbar
981 1355 309 76 geworden
1325 1366 87 60 ist,
1446 1355 149 61 kann
1629 1357 104 60 sich
1761 1356 89 61 die
1869 1356 211 60 Kultur
2107 1356 97 60 der
2221 1356 187 61 Bilder
2434 1356 361 78 ungehemmt

552 1458 53 51 in
647 1448 101 61 das
791 1465 197 44 untere
1019 1449 214 71 Leben,
1277 1459 52 51 in
1364 1450 90 61 die
1487 1451 152 59 Hast
1672 1450 549 78 herunterbegeben,-
2261 1450 100 61 der
2392 1450 238 61 Mensch
2664 1475 86 36 um-

551 1540 146 61 stellt
743 1542 106 59 sich
899 1552 99 50 mit
1046 1542 128 60 dem
1218 1543 414 59 erdrückenden
1673 1543 187 61 Prunk
1910 1553 152 51 einer
2103 1567 145 53 ganz
2289 1543 361 77 uneigentlich
2692 1567 67 53 ge-

551 1634 308 62 wordenen
900 1636 206 60 Pracht,
1152 1637 59 59 In
1254 1636 99 60 der
1394 1637 389 61 Renaissance
1825 1661 122 35 war
1987 1661 107 35 nur
2136 1637 103 59 das
2283 1637 365 70 Stummsein,
2689 1636 103 62 das

552 1728 373 62 Statuarische
967 1729 99 61 des
1108 1731 224 59 Lebens
1380 1755 137 35 vom
1559 1731 158 61 Bilde
1751 1732 295 69 betroffen,
2096 1741 74 51 im
2212 1732 212 60 Barock
2472 1731 145 61 wird
2656 1732 138 58 auch

551 1820 101 62 das
688 1821 404 79 Ungebärdige
1126 1822 118 61 und
1277 1822 101 61 der
1403 1823 149 61 Fluß
1587 1823 81 61 als
1699 1823 183 61 Geste
1917 1823 284 78 begriffen,
2236 1823 173 78 Julius
2446 1823 97 61 der
2569 1823 226 61 Zweite

551 1914 145 71 hieb,
715 1939 169 37 wenn
903 1940 59 37 er
979 1926 195 68 zornig
1191 1942 141 45 war,
1359 1942 135 35 vom
1513 1917 408 79 apostolischen
1940 1917 164 61 Stuhl
2124 1917 172 61 herab
2316 1917 107 60 auf
2434 1917 88 61 die
2540 1917 255 61 Bischöfe

551 2017 108 62 ein,
683 2009 244 77 Ludwig
953 2009 99 62 der
1063 2009 349 62 Vierzehnte
1437 2010 136 61 aber
1599 2010 162 70 warf,
1780 2034 169 37 wenn
1968 2034 60 37 er
2054 2010 89 61 die
2154 2010 152 61 Wut
2331 2019 54 51 in
2413 2018 181 53 seiner
2611 2010 185 61 Faust

551 2127 73 36 zu
651 2114 208 66 spüren
894 2103 240 77 begann,
1169 2104 170 62 lieber
1371 2114 193 51 seinen
1591 2104 339 76 königlichen
1967 2104 140 61 Stab
2140 2128 132 36 zum
2297 2104 243 60 Fenster
2573 2103 218 61 hinaus.

630 2196 142 61 Dies
816 2220 181 53 ganze
1037 2196 333 62 Verhältnis
1419 2221 119 37 von
1578 2197 125 60 Bild
1745 2197 116 60 und
1901 2197 193 60 Leben
2136 2196 142 61 wird
2317 2197 192 76 jedoch
2551 2213 114 45 erst
2707 2197 90 60 für

552 2287 102 62 das
703 2288 243 63 Rokoko
997 2290 278 61 wahrhaft
1322 2292 214 75 wichtig
1592 2290 118 61 und
1760 2290 96 61 hat
1905 2307 113 44 erst
2067 2290 73 61 da
2197 2300 153 51 seine
2400 2291 359 77 metapsycho-

552 2382 236 78 logische
837 2384 487 78 Notwendigkeit,
1385 2385 172 60 Denn
1609 2395 53 50 in
1713 2385 99 60 der
1859 2385 389 61 Renaissance
2298 2394 70 52 ist
2416 2384 103 62 das
2569 2384 124 61 Bild
2743 2392 53 53 in

552 2478 105 59 sich
710 2478 116 60 und
876 2478 103 60 das
1019 2478 193 60 Leben
1263 2489 73 51 ist
1383 2479 360 77 gleichgültig,
1794 2488 73 50 im
1908 2479 214 59 Barock
2173 2488 71 50 ist
2292 2502 72 36 an
2415 2478 99 60 der
2565 2478 232 60 Grenze

552 2569 102 62 des
687 2570 186 61 Bildes
915 2572 168 59 schon
1126 2570 135 61 alles
1301 2588 216 61 gesagt,
1568 2572 117 59 und
1734 2596 122 35 was
1907 2572 107 59 sich
2056 2594 117 37 von
2216 2570 73 61 da
2329 2594 106 37 aus
2479 2580 83 51 ins
2603 2570 194 61 Leben

555 2663 273 71 fortsetzt,
870 2674 71 51 ist
981 2664 136 60 doch
1159 2673 194 52 immer
1393 2664 212 61 wieder
1647 2688 105 36 nur
1793 2674 54 50 in
1888 2664 100 60 der
2027 2663 400 77 Annäherung
2466 2688 132 36 zum
2639 2663 160 61 Bilde

552 2757 381 61 verständlich.
979 2758 179 60 Diese
1200 2758 202 61 beiden
1437 2758 137 61 Stile
1618 2758 228 61 wollten
1889 2757 144 61 eben
2075 2757 160 61 keine
2267 2757 393 79 Atmosphäre
2702 2780 97 37 um

555 2852 104 59 sich
702 2852 270 71 schaffen,-
1019 2862 82 51 sie
1143 2852 205 70 hatten,
1398 2876 123 37 was
1572 2862 54 50 in
1668 2852 101 61 der
1808 2851 394 79 Atmosphäre
2251 2851 101 61 des
2394 2851 222 61 Lebens
2667 2874 132 37 zum

552 2944 156 61 Bilde
759 2944 349 78 hindrängte,
1163 2946 140 76 groß
1362 2945 117 61 und
1536 2945 352 61 entschieden
1938 2954 317 67 gesteigert,
2314 2954 81 51 sie
2452 2944 185 59 hatten
2696 2942 103 61 das

552 3038 503 78 Atmosphärische
1106 3039 100 61 des
1256 3039 222 61 Lebens
1531 3048 73 52 im
1657 3038 265 62 Umkreis
1983 3038 145 61 ihrer
2176 3039 195 60 Kunst
2418 3038 383 61 vollkommen

552 3142 285 67 gereinigt,
880 3133 117 60 und
1037 3157 131 37 man
1210 3133 150 60 kann
1400 3143 196 51 immer
1637 3157 106 36 nur
1784 3132 166 61 durch
1994 3142 162 51 einen
2190 3132 228 78 Sprung
2460 3154 135 37 vom
2637 3140 164 51 einen

553 3226 129 59 aufs
726 3226 208 61 andere
975 3227 286 60 schließen.
1306 3227 80 60 Im
1427 3226 241 61 Rokoko
1712 3226 252 76 dagegen
2006 3224 155 61 klafft
2201 3226 273 59 zwischen
2515 3223 125 61 Bild
2684 3223 119 60 und

555 3318 190 62 Leben
795 3320 124 60 kein
961 3321 211 59 Hiatus
1221 3320 176 69 mehr,
1446 3320 100 60 der
1586 3320 256 60 Rahmen
1893 3318 101 61 des
2037 3318 186 61 Bildes
2274 3328 71 51 ist

556 3412 306 76 gebrochen
904 3414 117 60 und
1064 3415 110 59 fast
1205 3422 100 51 mit
1345 3414 109 60 den
1496 3412 372 78 Windungen
1910 3421 184 52 seiner
2142 3411 283 62 zierlichen
2460 3410 341 62 Arabesken

558 3507 134 59 auch
726 3506 102 61 das
861 3507 322 77 Lebendige
1225 3516 54 50 in
1320 3507 124 60 sich.
1489 3506 143 60 Hier
1672 3515 108 51 tritt
1821 3529 115 36 nun
2080 3529 132 36 zum
2254 3504 314 61 mindesten
2711 3513 89 50 ein

558 3599 129 60 sehr
725 3600 160 61 tiefes
919 3600 339 61 Paradoxon
1300 3600 118 70 auf,
1461 3599 117 61 und
1619 3623 62 38 es
1724 3599 144 61 wird
1900 3599 217 76 gefragt
2157 3598 233 61 werden
2432 3608 251 60 müssen,
2724 3596 77 61 ob

560 3694 138 59 nicht
737 3694 172 60 damit
950 3704 123 52 eine
1115 3694 329 61 ästhetische
1487 3693 447 76 Unmöglichkeit
1974 3693 309 77 behauptet
2331 3701 98 52 sei.
2482 3692 173 59 Denn
2698 3690 103 60 das

562 3786 132 61 muß
735 3787 135 60 doch
911 3797 88 51 ein
1042 3788 220 61 Gesetz
1301 3812 118 36 von
1460 3788 291 60 absoluter
1794 3786 314 77 Gültigkeit
2147 3795 140 60 sein,
2329 3786 109 59 daß
2481 3784 103 61 das
2617 3783 187 61 Werk

563 3886 192 52 immer
796 3890 88 49 ein
917 3881 229 76 Jenseits
1190 3881 100 60 des
1323 3881 223 60 Lebens
1588 3880 300 61 darstellen
1930 3878 136 73 soll,-
2105 3880 76 59 ich
2223 3877 146 61 habe
2410 3877 147 61 beim
2590 3877 213 60 Barock

565 3972 355 74 angedeutet,
965 3974 109 61 daß
1108 3975 74 60 da
1224 3999 157 36 zwar
1422 3984 124 51 eine
1579 3975 337 60 Antinomie
1958 3972 270 63 bestehen
2263 3971 167 71 kann,
2474 3971 134 61 aber
2649 3971 155 61 diese
