3188 4572
720 469 96 50 450

1108 472 239 49 Triedrick
1363 472 263 56 Bursded,
1658 472 348 57 Renaissance,
2041 474 193 50 Barock
2261 477 118 48 und
2396 476 202 50 Rokoko

723 672 272 78 Mythos,
1035 697 116 35 von
1186 672 129 60 dem
1357 697 130 35 man
1529 683 195 69 singen
1766 674 148 61 kann
1957 675 118 61 und
2116 677 100 61 der
2256 679 108 60 sich
2406 688 73 52 im
2514 679 158 62 Stein
2707 680 257 65 isolieren

723 766 129 60 läßt.
897 766 160 59 Vom
1099 764 226 61 Munde
1374 764 99 61 der
1523 776 163 50 einen
1730 767 357 62 Generation
2135 779 130 69 ging
2319 793 62 39 es
2422 795 133 38 zum
2597 772 229 62 Munde
2867 776 99 62 der

720 858 266 69 anderen,
1014 857 115 60 und
1156 880 60 38 er
1240 858 200 61 wurde
1467 868 194 52 immer
1689 871 249 68 weniger
1971 863 424 76 geheimnisvoll
2432 866 117 60 und
2582 875 194 52 immer
2808 868 158 63 mehr

720 951 90 60 die
860 950 149 76 Sage
1058 950 117 61 und
1223 951 388 79 Mythologie,
1660 955 92 61 die
1800 980 103 36 zur
1951 956 250 62 Freiheit
2249 957 101 61 des
2401 959 302 62 Künstlers
2745 962 218 63 wurde.

718 1044 86 61 Es
847 1068 139 44 war,
1035 1053 112 52 wie
1197 1045 99 61 der
1335 1045 306 81 Philosoph
1692 1073 107 37 aus
1851 1049 100 61 der
1992 1050 348 62 Dunkelheit
2388 1053 100 60 der
2529 1054 435 77 Kosmogonien

716 1136 89 61 die
841 1138 133 59 freie
1002 1136 257 63 Klarheit
1292 1149 185 51 seiner
1501 1140 376 80 Metaphysik
1910 1144 107 60 sich
2051 1144 189 61 baute.
2280 1145 142 61 Und
2455 1155 109 52 wie
2600 1147 146 60 beim
2773 1148 193 62 Philo«

715 1228 217 79 sophen
976 1229 90 61 die
1106 1229 381 81 Philosophie,
1538 1257 67 37 so
1647 1234 148 61 blieb
1844 1235 90 61 die
1976 1237 211 71 Kunst,
2229 1237 92 62 die
2362 1238 91 61 die
2493 1239 257 78 Religion
2789 1258 174 45 retten

714 1322 211 71 wollte,
982 1324 297 61 schließlich
1340 1327 164 61 allein
1564 1328 175 78 übrig.
1800 1331 114 59 Die
1962 1331 287 76 göttlichen
2294 1332 303 62 Gestalten
2647 1336 316 62 erschienen

711 1423 196 54 immer
957 1417 163 61 freier
1170 1418 118 60 und
1336 1421 249 70 schöner,
1637 1422 136 61 aber
1824 1423 102 61 das
1976 1423 125 61 Bild
2140 1449 123 37 war
2313 1426 103 62 das
2458 1426 279 79 Wichtige
2787 1428 176 63 daran

713 1508 118 60 und
871 1526 111 45 trat
1023 1535 67 37 so
1132 1511 406 63 beherrschend
1585 1516 121 70 auf,
1757 1516 109 61 daß
1908 1541 132 37 man
2080 1520 230 76 vergaß,
2365 1520 109 61 daß
2517 1544 61 37 es
2621 1531 89 51 ein
2743 1521 220 64 Abbild

710 1611 121 51 sein
874 1602 180 63 sollte.

789 1696 115 60 Ein
948 1696 274 64 ähnlicher
1254 1699 282 80 Vorgang
1576 1701 197 79 spielte
1815 1705 105 59 sich
1964 1714 54 51 in
2054 1705 291 73 ähnlicher,
2389 1708 422 62 unterirdischer
2845 1710 118 61 und

709 1812 118 37 von
869 1789 189 62 keiner
1091 1787 250 67 Theorie
1381 1794 368 62 reflektierten
1777 1795 206 63 Weise
2025 1807 53 51 in
2121 1799 100 60 der
2253 1801 390 62 Renaissance
2685 1802 89 61 ab.
2818 1803 143 60 Hier

709 1906 195 38 waren
939 1884 263 61 natürlich
1236 1887 91 60 die
1357 1887 367 77 Gegensätze
1759 1892 414 61 entschiedener
2207 1895 116 59 und
2357 1903 197 52 weiter
2586 1897 376 60 auseinander

709 1994 268 59 getreten.
1038 1978 58 60 In
1151 1978 100 63 der
1301 1981 329 62 christlichen
1672 1983 165 60 Welt
1884 2009 123 35 war
2056 1986 198 61 freilich
2303 1987 161 62 keine
2514 1989 315 78 Spannung
2882 2015 76 36 zu

709 2069 184 73 lösen,*
934 2071 148 61 denn
1125 2072 91 61 die
1251 2072 316 80 Spannung
1599 2100 123 36 war
1763 2076 160 61 darin
1966 2088 305 52 immanent
2313 2081 117 60 und
2470 2082 329 78 notwendig
2840 2082 118 63 und

709 2163 104 60 das
854 2164 219 79 Prinzip
1117 2166 198 61 selber.
1371 2168 86 59 Es
1503 2178 69 51 ist
1619 2193 147 53 ganz
1807 2169 233 62 deutlich
2082 2197 75 35 zu
2199 2173 199 62 sehen:
2451 2175 75 61 da
2568 2185 71 51 ist
2679 2175 103 61 das
2826 2176 132 61 Ge«

709 2273 240 61 spannte
992 2258 99 61 der
1134 2259 181 61 Gotik
1358 2262 115 59 und
1515 2260 74 61 da
1630 2262 101 61 das
1767 2263 193 61 Starre
2000 2265 101 60 der
2133 2265 360 78 Byzantiner,
2536 2268 117 61 und
2694 2268 118 62 hier
2853 2269 103 61 das

706 2349 209 62 Runde
973 2350 100 61 der
1122 2352 355 62 Florentiner
1534 2356 117 59 und
1701 2356 91 61 die
1832 2357 301 77 Pyramide
2190 2359 100 61 des
2332 2361 287 61 Lionardo
2679 2362 116 61 und
2853 2363 103 61 das

709 2442 160 61 Oval
912 2443 100 62 des
1054 2446 238 61 Raffael,
1345 2447 127 61 Das
1517 2447 229 62 Gleiten
1790 2451 118 59 und
1948 2451 463 63 Hinüberfließen
2453 2479 132 37 zum
2627 2455 329 78 beruhigten

706 2536 162 61 Bilde
908 2537 211 62 konnte
1161 2541 105 58 sich
1311 2564 107 37 nur
1466 2541 289 62 innerhalb
1799 2544 184 60 dieser
2022 2545 390 63 Renaissance
2451 2547 306 80 abspielen.
2803 2550 153 61 Was

708 2631 77 59 ich
836 2630 81 61 als
969 2630 320 63 historische
1332 2634 398 77 Gegebenheit
1779 2646 54 50 in
1882 2648 182 50 reiner
2105 2640 309 77 Isolierung
2464 2641 175 61 sehen
2681 2644 154 70 muß,
2887 2653 71 51 ist

709 2723 198 62 freilich
950 2734 89 51 ein
1072 2726 248 73 Prozeß,*
1360 2729 75 60 ich
1471 2729 203 61 nehme
1708 2731 138 59 auch
1880 2731 206 61 dessen
2112 2733 226 62 Wesen
2374 2735 118 61 und
2525 2735 146 61 habe
2705 2737 74 59 da
2812 2738 144 60 eben

706 2817 112 59 den
851 2817 127 61 Akt
1019 2818 100 61 der
1151 2819 564 80 Mythologisierung
1757 2823 116 61 und
1915 2824 135 61 sehe
2092 2827 229 70 wieder,
2362 2838 111 51 wie
2515 2828 90 62 die
2637 2829 178 61 Form
2848 2831 106 59 sich

705 2911 203 62 loslöst
958 2913 117 60 und
1123 2937 132 37 zum
1298 2914 248 78 Mythos
1590 2916 99 61 der
1731 2917 299 62 Schönheit
2078 2919 162 72 wird,
2291 2922 118 60 und
2450 2932 111 51 wie
2611 2923 89 61 die
2742 2923 214 64 Inhalte

708 3003 101 61 frei
850 3005 231 60 werden
1133 3006 118 59 und
1299 3016 99 51 mit
1438 3008 107 60 sich
1586 3010 213 77 spielen
1842 3011 186 61 lassen
2082 3012 117 61 und
2240 3012 136 62 doch
2420 3024 53 50 in
2516 3015 99 61 der
2657 3016 299 62 Schönheit

704 3114 232 59 gerettet
977 3098 140 61 sind.
1162 3100 149 59 Man
1344 3101 183 70 sollte,
1569 3112 183 53 meine
1786 3105 95 70 ich,
1923 3106 202 60 einmal
2169 3106 129 61 dem
2340 3109 336 76 nachgehen,
2719 3120 111 51 wie
2863 3111 91 60 die

704 3190 390 63 Renaissance
1119 3192 90 63 die
1238 3194 301 62 Gestalten
1567 3195 145 62 ihrer
1741 3198 188 61 Bilder
1960 3223 117 37 von
2106 3199 355 63 Generation
2494 3227 74 35 zu
2597 3203 356 62 Generation

704 3293 56 52 in
795 3284 186 62 Geste
1023 3286 118 61 und
1174 3286 238 63 Mienen
1448 3289 118 60 und
1598 3290 289 79 Kleidung
1922 3293 363 61 freundlicher
2317 3299 485 59 zusammenrüdct
2836 3297 118 61 und

704 3386 84 52 sie
828 3396 318 44 vertrauter
1195 3389 55 51 in
1292 3380 432 64 Zufriedenheit
1774 3384 117 60 und
1932 3384 307 62 Wohlsein
2291 3396 244 53 inmitten
2578 3389 101 60 der
2719 3399 233 68 eigenen

704 3471 334 62 Landschaft
1070 3473 248 61 wohnen
1362 3476 132 70 läßt,
1537 3476 84 61 bis
1664 3500 61 38 es
1767 3502 75 36 zu
1886 3478 108 61 den
2036 3502 146 54 ganz
2223 3481 425 77 geschlossenen
2690 3485 118 59 und
2849 3485 105 61 be«

705 3563 291 79 friedigten
1038 3566 225 61 Bildern
1305 3567 229 62 kommt.
1589 3570 150 61 Kein
1781 3570 211 62 Zweck
2041 3572 106 60 soll
2197 3572 159 61 mehr
2404 3575 179 61 außer
2624 3575 130 62 dem
2793 3576 160 61 Bilde

704 3666 151 64 sein,*
893 3683 117 37 von
1044 3669 154 52 einer
1230 3660 431 62 Abbildlichkeit
1701 3673 73 50 im
1815 3664 298 77 religiösen
2148 3665 175 62 Sinne
2364 3676 71 52 ist
2474 3692 69 36 so
2576 3679 188 68 wenig
2794 3669 160 62 mehr

705 3749 92 61 die
828 3751 178 71 Rede,
1048 3753 110 61 daß
1191 3754 310 71 Lionardo,
1536 3756 137 59 auch
1708 3780 169 37 wenn
1912 3782 61 37 er
2012 3782 117 37 von
2163 3758 312 63 kirchlichen
2510 3761 440 79 Darstellungen

705 3845 215 74 spricht,
962 3855 194 52 immer
1190 3847 109 60 den
1334 3872 146 53 ganz
1514 3849 368 78 allgemeinen
1915 3852 310 61 Ausdruck
2267 3853 100 61 der
2399 3854 256 62 Historie
2689 3855 110 63 hat.
2837 3857 115 61 Die

708 3934 294 78 religiösen
1043 3939 213 62 Inhalte
1298 3942 291 61 entfernen
1631 3944 107 60 sich
1778 3967 137 37 vom
1950 3944 365 63 Bewußtsein
2357 3956 55 51 in
2454 3947 240 62 solchem
2729 3949 220 70 Grade,
