3278 4572
997 445 216 61 Ludwig
1243 445 262 61 Hatvang,
1548 445 206 50 Zwecüe
1783 447 94 48 der
1902 447 175 49 Kunst

2565 448 94 50 485

960 1184 462 74 ZWECKE
1469 1190 207 72 DER
1725 1190 347 76 KUNST

407 1395 268 160 DER
717 1396 201 61 bleiche
959 1399 341 77 Maharadja
1340 1427 116 35 von
1496 1404 419 64 Brama*Datta
1957 1409 89 77 lag
2086 1420 73 51 im
2201 1411 256 63 Sterben.

642 1488 113 59 Ein
799 1489 189 59 Leben
1030 1491 128 77 lang
1205 1517 121 35 war
1375 1518 59 37 es
1484 1513 136 44 stets
1680 1509 154 51 seine
1883 1512 212 67 einzige
2129 1504 181 76 Sorge
2350 1529 287 52 gewesen,

404 1588 110 49 wie
555 1602 128 35 man
727 1579 88 60 die
856 1590 153 66 träge
1050 1583 133 59 Zeit
1223 1608 133 36 vom
1390 1587 294 62 Aufstehn
1724 1616 132 35 zum
1892 1593 400 80 Schlafengehn
2334 1607 98 51 mit
2471 1608 167 67 mög*

402 1669 148 60 liehst
589 1670 108 59 viel
738 1670 461 79 Zerstreuungen
1239 1700 103 36 aus
1351 1678 135 61 füllt.
1545 1679 87 61 Er
1672 1682 131 61 hielt
1844 1684 87 61 die
1973 1688 292 61 schönsten
2307 1689 231 63 Erauen
2580 1702 56 51 in

400 1771 209 49 seinem
636 1762 235 70 Harem,
908 1763 87 61 die
1031 1766 246 62 edelsten
1303 1769 199 63 Pferde
1536 1781 52 51 in
1623 1785 211 50 seinem
1862 1777 137 61 Stall
2128 1782 118 60 und
2272 1782 101 61 das
2401 1783 234 61 Küssen

400 1852 96 60 hat
537 1853 91 60 ihn
669 1853 352 78 gelangweilt
1061 1858 116 60 und
1219 1860 100 61 das
1354 1862 199 62 Reiten
1595 1865 91 62 ihn
1728 1891 107 37 nur
1875 1872 271 61 ermüdet.
2190 1875 199 60 Wenn
2432 1900 59 37 er
2532 1900 104 54 ge*

396 1969 169 35 wann
607 1945 145 59 beim
786 1947 169 78 Spiel,
997 1973 66 36 so
1098 1950 104 61 ließ
1244 1976 60 36 er
1345 1954 109 61 den
1482 1956 305 64 Gewinnst
1827 1964 309 61 unberührt
2175 1968 108 58 auf
2317 1968 129 59 dem
2471 1965 163 65 Tisch

395 2036 195 76 liegen,
649 2037 115 60 und
814 2063 166 37 wenn
1031 2065 58 36 er
1136 2044 205 71 verlor,
1399 2072 68 35 so
1516 2065 81 45 tat
1646 2074 59 37 er
1755 2054 209 61 einfach
2016 2065 162 52 einen
2222 2059 156 61 Griff
2419 2070 53 51 in
2524 2062 110 61 den

392 2129 211 75 großen
631 2130 297 71 Geldsack,
973 2133 106 61 den
1121 2147 144 50 zwei
1307 2138 177 62 hinter
1526 2142 111 61 ihm
1671 2145 271 63 stehende
1977 2149 213 61 Diener
2231 2161 194 53 immer
2458 2153 177 63 bereit

395 2219 199 61 hielten
637 2223 116 60 und
793 2225 200 60 schmiß
1036 2227 89 59 die
1168 2228 216 63 Gelder
1425 2243 96 51 mit
1563 2244 151 52 einer
1754 2238 412 81 gleichgültigen
2203 2244 273 63 Gebärde
2518 2247 111 62 hin.

393 2310 112 60 Die
546 2312 164 76 Segel
758 2324 181 51 seiner
989 2328 277 52 nervösen
1309 2323 187 76 Yacht
1543 2326 311 64 knatterten
1903 2335 314 77 reiselustig
2265 2337 110 61 auf
2415 2341 216 61 offener

391 2401 129 71 See,
562 2413 97 50 mit
699 2415 149 50 einer
889 2408 372 75 Mannschaft,
1305 2415 107 61 den
1668 2422 100 61 des
1809 2425 190 61 Herrn
2043 2431 337 69 erwartend,
2406 2468 59 10 -
2493 2434 137 61 aber

390 2492 90 60 die
519 2493 203 73 blasse,
767 2498 143 61 feine
942 2501 376 66 Herrenhand
1362 2510 271 63 zauderte
1666 2539 74 36 zu
1774 2517 240 63 winken.
2060 2521 97 60 Da
2198 2524 235 75 geschah
2476 2549 61 37 es
2573 2537 53 50 in

390 2594 149 50 einer
580 2587 333 64 schlaflosen
947 2594 206 71 Nacht,
1197 2597 108 61 daß
1348 2624 60 37 er
1447 2627 136 38 vom
1625 2606 315 65 launischen
1976 2611 255 64 Wunsch
2276 2617 198 71 erfaßt,
2517 2622 107 58 sich

388 2684 54 51 in
485 2686 148 51 einer
675 2680 191 62 Sänfte
906 2709 74 35 zu
1023 2688 168 61 Schiff
1225 2708 193 61 tragen
1461 2695 126 71 ließ,
1630 2723 96 37 um
1769 2704 183 60 sofort
1992 2704 212 62 darauf
2237 2708 380 65 loszufahren.

386 2766 112 61 Die
531 2770 439 76 gelbglühenden
998 2779 147 61 Ufer
1168 2783 216 63 Asiens
1421 2789 115 60 und
1562 2791 235 63 Afrikas
1830 2796 189 75 glitten
2046 2822 106 37 vor
2184 2810 211 52 seinem
2432 2803 186 62 fahlen

384 2858 161 71 Blick,
558 2860 87 61 die
649 2863 466 67 Wolkenkratzer
1126 2873 98 61 der
1233 2879 462 65 amerikanischen
1707 2886 213 71 Häfen,
1933 2888 89 61 die
2039 2892 243 61 ausßuß
2302 2895 314 62 undßauch

384 2951 116 59 und
533 2952 191 62 Nebel
765 2958 116 60 und
923 2961 222 80 Dampf
1177 2977 98 51 mit
1313 2975 241 58 tausend
1588 2977 434 65 schimmernden
2056 2984 277 62 Fenstern
2376 2986 241 64 hervor*

382 3043 243 71 blitzten,
665 3046 244 65 konnten
951 3053 90 60 ihn
1084 3060 137 58 nicht
1262 3085 100 37 ans
1399 3065 148 61 Ufer
1587 3069 189 62 lochen
1820 3074 116 59 und
1968 3076 238 61 wurden
2246 3078 169 62 kaum
2458 3092 153 52 eines

381 3133 322 78 langsamen
744 3141 524 86 Augenaufschlags
1318 3159 331 76 gewürdigt,
1747 3193 7 9 -
1794 3165 116 60 und
1959 3175 54 51 in
2055 3168 261 80 Europa,
2366 3196 96 36 wo
2513 3174 99 61 der

379 3226 340 80 Maharadja
754 3232 98 61 das
886 3236 160 63 Land
1079 3241 197 73 betrat,
1317 3248 198 62 rollten
1550 3253 92 59 ihn
1668 3254 378 81 Expreßzüge
2081 3262 117 59 und
2230 3264 380 64 Automobile

379 3318 163 61 durch
593 3321 89 61 die
721 3324 347 84 Aufregung
1107 3337 201 72 großer
1348 3339 218 74 Städte,
1618 3346 87 60 die
1755 3348 93 60 ihn
1897 3351 136 61 aber
2082 3354 139 60 nicht
2269 3357 158 61 mehr
2474 3361 136 59 auf*

377 3432 166 54 regen
585 3412 259 66 konnten.

454 3503 148 61 Nun
644 3506 88 77 lag
783 3508 98 61 der
920 3512 342 82 Maharadja
1310 3531 54 51 in
1414 3535 210 52 seinem
1672 3528 369 66 damastenen
2081 3537 128 61 Bett
2259 3541 117 60 und
2427 3542 179 64 fühlte

377 3593 109 61 den
528 3592 131 66 Tod
699 3600 199 63 nahen.
943 3605 112 61 Die
1096 3611 214 61 tötliche
1352 3615 343 81 Ermattung
1736 3622 99 61 der
1877 3625 236 63 Glieder
2154 3655 122 37 war
2316 3633 112 62 ihm
2480 3648 124 51 eine

374 3687 182 62 solche
586 3690 247 73 Freude,
867 3696 108 62 daß
1009 3699 122 62 kein
1166 3704 149 62 Arzt
1341 3707 90 60 ihn
1461 3709 199 73 heilen,
1694 3714 161 63 keine
1887 3719 157 62 Frau
2079 3721 92 63 ihn
2206 3725 236 79 pflegen,
2477 3729 127 64 kein

372 3780 214 62 Diener
626 3784 90 61 ihn
752 3786 274 65 berühren
1068 3793 195 64 durfte.
1308 3799 138 61 Nur
1486 3813 191 53 seinen
1712 3808 179 72 Sohn,
1934 3812 109 62 den
2085 3815 248 65 blonden
2366 3822 237 65 Prinzen

371 3873 529 86 Rosch*Ha*Kipur
941 3883 131 62 hielt
1113 3911 60 36 er
1211 3889 344 83 krampfhaft
1596 3920 260 53 umarmt,
1906 3909 303 64 streichelte
2251 3914 120 61 und
2411 3916 193 62 herzte
