3152 4572
1093 482 136 49 Rene
1258 477 239 54 SSiedefe,
1538 475 256 51 ZwisSen
1825 476 98 48 den
1955 475 192 48 kfeinen
2179 475 132 48 Seen

588 486 95 48 490

669 689 81 61 Idh
783 687 164 70 weiß,
989 684 107 60 daß
1138 683 134 58 auch
1308 680 183 60 dieser
1521 678 224 61 Artikel
1779 678 503 77 maschinenmäßig
2315 678 317 77 hergestellt
2664 680 163 70 wird,

593 782 117 61 und
758 782 72 60 ich
880 779 176 61 kenne
1106 776 100 59 das
1251 773 331 61 Geheimnis
1634 772 99 61 der
1775 771 381 62 Fabrikation,
2215 772 135 61 Gab
2401 796 61 37 es
2513 773 140 60 nicht
2701 783 126 51 eine

590 876 149 68 Zeit,
781 896 94 37 wo
923 870 151 77 jeder
1115 867 410 76 Straßenjunge
1573 875 55 50 in
1677 864 332 61 Frankreich
2062 864 128 60 dem
2244 866 282 77 »perfiden
2568 864 255 61 Albion«

591 970 88 58 die
729 961 510 80 unangenehmsten
1282 958 333 61 Kehrreime
1663 969 84 50 ins
1793 958 230 61 Gesicht
2071 960 145 77 pfiff?
2265 958 113 61 Als
2430 958 100 61 der
2577 960 250 77 Kapitän

589 1056 325 70 Marchand,
965 1064 86 51 ein
1101 1052 244 79 tapferer
1387 1052 167 79 Kopf
1596 1052 117 60 und
1762 1051 261 61 überdies
2074 1051 102 61 das
2220 1051 384 61 Kolonialidol
2654 1052 174 60 vieler

586 1154 214 60 Pariser
840 1149 253 69 Saisons,
1135 1171 107 36 vor
1284 1146 108 61 den
1435 1146 367 78 Engländern
1845 1145 89 61 die
1967 1141 296 65 Trikolore
2305 1145 360 61 niederholen
2710 1146 117 60 und

586 1242 291 64 Faschoda
933 1251 235 50 räumen
1226 1240 224 60 mußte?
1515 1239 114 62 Die
1686 1239 320 79 Regierung
2072 1238 99 61 der
2226 1239 278 78 Republik
2560 1239 267 61 knirschte

585 1337 203 61 hörbar
828 1343 96 51 mit
966 1333 128 60 dem
1135 1328 323 75 Tintenfaß,
1508 1332 103 61 das
1662 1332 375 61 französische
2077 1331 160 62 Volk
2278 1333 170 60 schrie
2489 1333 108 60 auf
2621 1364 62 16 —'
2716 1341 111 52 wie

584 1430 137 61 laut!
765 1437 108 51 wie
917 1427 146 60 laut!

658 1524 213 59 Zuerst
912 1530 52 51 in
1007 1520 110 61 den
1159 1520 339 77 Zeitungen.

656 1616 60 60 In
758 1615 143 60 allen
945 1614 345 76 Zeitungen!

658 1708 139 62 Und
839 1708 150 59 dann
1031 1717 53 50 in
1127 1706 110 61 den
1280 1705 453 61 Kaffeehäusern
1776 1705 119 61 und
1936 1705 108 61 den
2088 1705 288 61 zahllosen
2419 1706 262 79 Kneipen
2724 1706 99 61 des

580 1802 246 62 Landes:
881 1802 212 59 diesem
1144 1799 474 78 tausendfältigen
1660 1799 157 60 Echo
1869 1798 99 61 der
2009 1800 218 69 Presse,
2277 1823 117 37 von
2436 1823 96 37 wo
2584 1799 90 61 die
2715 1825 110 53 po*

580 1896 239 59 litischen
853 1894 375 77 Erregungen
1271 1893 99 60 der
1406 1892 219 62 Stunde
1668 1902 54 50 in
1765 1892 89 61 die
1887 1892 275 61 Familien
2197 1892 345 79 verschleppt
2574 1893 251 70 werden,

580 1990 102 70 bis,
731 1988 107 61 auf
880 1987 221 70 einmal,
1153 1996 86 52 ein
1291 1996 242 67 einziger
1574 1986 185 61 Schrei
1808 2011 107 36 aus
1957 1986 145 61 allen
2143 1987 271 60 Häusern
2457 1987 99 60 des
2598 1987 226 61 Landes

580 2082 114 61 und
736 2105 103 37 aus
884 2081 125 60 dem
1053 2080 199 61 Boden
1293 2080 175 61 selbst
1507 2104 74 36 zu
1623 2089 213 67 steigen
1878 2081 290 60 scheint,.,

655 2175 241 61 Perfides
947 2174 245 61 Albion!
1254 2174 141 60 Und
1454 2175 75 59 ich
1588 2183 252 51 erinnere
1897 2175 154 67 mich,
2102 2183 109 51 wie
2269 2174 182 60 dieser
2507 2174 317 76 aufrichtige

578 2269 340 70 Wutschrei,
960 2278 99 50 mit
1101 2268 127 60 dem
1271 2292 145 53 ganz
1456 2267 333 61 Frankreich
1840 2267 103 61 das
1995 2267 331 61 haßerfüllte
2369 2268 229 60 Gesicht
2646 2291 178 54 gegen

579 2362 264 77 England
884 2361 247 69 wandte,
1276 2361 236 59 kassiert
1559 2361 216 59 wurde.
1828 2361 88 59 Es
1968 2361 234 59 dauerte
2253 2377 179 45 etwas
2484 2361 207 77 länger,
2735 2361 89 61 die

578 2456 317 76 Regierung
937 2455 222 59 drückte
1201 2455 208 59 sanfter
1451 2453 108 61 auf
1601 2453 108 61 den
1752 2453 217 78 Knopf,
2020 2453 89 61 die
2150 2453 240 78 Leitung
2438 2455 199 59 wurde
2688 2456 139 59 nicht

578 2574 134 35 vom
740 2550 203 61 Schock
978 2549 99 59 der
1102 2549 342 77 Empörung
1477 2550 341 58 erschüttert:
1858 2547 89 61 die
1972 2549 198 59 Presse
2206 2549 198 59 sandte
2438 2547 116 61 ihre
2582 2550 243 76 psycho*

579 2642 405 77 magnetischen
1035 2640 231 61 Wellen
1319 2650 52 51 in
1421 2640 345 61 Abständen
1825 2640 118 61 und
2000 2640 361 77 sorgfältigen
2410 2641 414 78 Abstufungen

579 2747 84 49 ins
696 2735 180 70 Land,
918 2735 154 70 aber,
1115 2734 81 62 als
1233 2735 148 60 dann
1426 2734 99 61 der
1558 2730 229 65 Termin
1831 2734 90 61 für
1954 2734 102 61 das
2090 2735 596 76 Verbrüderungsfest
2717 2759 72 36 an-

579 2847 214 60 gesetzt
825 2828 231 60 werden
1091 2827 209 61 konnte
1336 2827 117 61 und
1487 2827 89 61 die
1609 2828 404 76 Begeisterung
2046 2844 114 44 erst
2193 2837 53 51 in
2283 2828 174 76 Gang
2489 2828 334 76 gekommen

579 2947 139 46 war,
768 2922 74 61 da
890 2940 227 59 regnete
1167 2922 99 60 der
1315 2922 209 60 heitere
1566 2921 249 61 Himmel
1856 2921 360 61 Frankreichs
2268 2922 179 60 soviel
2489 2923 193 60 Rosen
2724 2923 109 60 auf

580 3015 108 61 den
721 3016 268 60 Nachbar
1023 3015 117 59 und
1174 3015 253 69 Freund,
1461 3023 111 51 wie
1606 3015 136 58 noch
1776 3023 108 60 nie,
1920 3013 235 61 seitdem
2190 3013 99 63 der
2325 3015 156 59 dritte
2507 3015 316 78 Napoleon

581 3110 130 58 nach
736 3109 192 61 Italien
955 3133 291 53 gegangen
1272 3133 136 37 war.
1447 3107 141 61 Und
1619 3119 199 66 jetzt,,
1856 3109 140 77 Jetzt
2020 3117 195 68 sängen
2242 3117 81 53 sie
2350 3119 54 49 in
2439 3109 108 59 den
2575 3109 249 61 Kinder*

580 3201 219 60 schulen
840 3210 88 51 ein
962 3201 159 70 Lied,
1157 3211 179 50 worin
1373 3224 59 38 es
1468 3200 167 70 heißt,
1679 3200 89 61 die
1802 3200 330 77 Engländer
2164 3210 153 51 seien
2353 3200 258 62 herrliche
2644 3201 132 61 Men-

583 3295 175 69 schen,
800 3295 200 78 tapfer,
1042 3295 149 78 klug,
1233 3297 187 67 schön,
1460 3305 71 66 ja,
1574 3294 135 61 alles
1754 3304 54 51 in
1850 3295 183 70 allem,
2077 3295 111 60 fast
2227 3295 422 61 Franzosen,..

659 3383 324 66 Trotzdem,

659 3476 270 64 Tausend
971 3479 160 79 Jahre
1172 3481 434 59 Menschentum
1656 3497 233 43 trennen
1940 3505 107 35 uns
2096 3505 117 40 von
2268 3481 127 61 dem
2447 3481 226 71 Orient,
2724 3482 99 61 der

584 3580 53 52 in
687 3576 359 60 ozeanischen
1088 3575 231 61 Wellen
1369 3598 178 54 gegen
1597 3573 91 61 die
1729 3573 348 61 Ostmarken
2129 3575 272 78 Europas
2452 3576 227 76 schlägt:
2733 3586 89 51 ein

584 3664 203 72 Wehr,
821 3666 99 61 das
955 3678 98 50 mit
1078 3667 411 63 Deutschlands
1516 3669 194 59 Macht
1743 3670 148 58 steht
1917 3667 116 61 und
2060 3667 165 61 bricht
2250 3678 23 59 <
2283 3700 60 14 —
2376 3670 447 68 Herrschaften!)

661 3758 281 62 Rußland:
1003 3760 100 61 das
1155 3770 70 51 ist
1272 3761 89 60 die
1506 3760 131 61 sehr
1685 3760 249 79 flüchtige
1975 3792 58 15 —
2034 3758 3 81 ■
2084 3760 378 71 Quarantäne
2521 3761 89 61 für
2659 3772 161 50 einen

588 3848 552 66 heranwandernden
1172 3854 277 70 Weltteil,
1487 3904 10 11 ~
1554 3864 53 51 in
1643 3854 99 61 der
1774 3854 192 78 täglich
2001 3854 89 61 die
2124 3855 477 61 widernatürliche
2626 3857 197 59 Hoch*

589 3951 108 50 zeit
736 3952 96 51 mit
871 3944 208 61 diesem
1120 3942 157 66 Teile
1319 3948 230 76 gefeiert
1590 3947 157 62 wird.
1799 3948 117 60 Ein
1964 3947 207 62 kleiner
2213 3951 389 76 europäischer
2641 3949 181 78 Kopf,
