3195 4572
2536 420 92 49 523

1084 441 206 50 Gustav
1318 435 252 62 Meyrinß,
1606 433 117 51 Der
1754 430 180 52 Gofem

394 655 212 64 Tücher
654 649 184 62 Decke
888 645 115 62 und
1046 642 223 60 Wände
1327 640 321 76 bespannen
1700 636 116 61 und
1874 633 97 61 der
2029 631 165 60 dürre
2246 626 238 62 Zunder
2535 625 99 60 der

396 744 452 82 Vergangenheit
898 738 232 62 fußhoch
1181 736 107 60 den
1330 734 194 61 Boden
1575 731 256 70 bededkt/
1879 738 87 52 ein
2017 725 278 76 flüchtiges
2344 721 287 61 Berühren

396 866 102 38 nur
538 842 111 58 und
684 837 162 61 schon
889 833 199 75 schlägt
1129 829 101 60 das
1274 828 186 59 Feuer
1502 849 103 37 aus
1648 826 140 59 allen
1834 821 247 61 Ecken.«

477 932 182 61 »War
693 926 238 63 Pernath
976 926 160 73 lange
1180 931 68 50 im
1293 918 326 62 Irrenhaus?
1660 918 211 62 Schade
1914 939 92 37 um
2052 913 112 70 ihn,
2206 934 60 37 er
2306 908 147 63 kann
2498 906 136 63 doch

397 1045 106 44 erst
545 1031 203 67 vierzig
790 1030 172 58 sein«,
1006 1033 156 60 sagte
1204 1016 373 61 Vrieslander.

397 1238 57 37 er
493 1230 269 42 stammen
804 1228 128 53 mag
974 1204 115 61 und
1133 1225 119 37 was
1296 1201 186 60 früher
1523 1210 114 50 sein
1680 1197 179 63 Beruf
1893 1219 259 56 gewesen
2198 1202 81 52 ist.
2323 1192 310 61 Aussehen

397 1322 82 44 tut
519 1327 57 37 er
615 1312 53 66 ja
708 1309 107 51 wie
856 1308 85 51 ein
979 1295 471 62 altfranzösischer
1484 1293 317 59 Edelmann
1836 1300 97 50 mit
1966 1299 180 51 seiner
2178 1285 288 63 schlanken
2504 1284 84 62 Ge-

397 1398 126 62 stalt
571 1395 115 61 und
735 1395 127 58 dem
905 1392 292 77 Spitzbart.
1241 1388 123 61 Vor
1404 1387 178 60 vielen
1624 1387 178 59 vielen
1843 1384 195 76 Jahren
2085 1384 97 58 hat
2222 1383 134 59 mich
2400 1389 86 52 ein
2530 1380 67 60 be-

397 1489 314 63 freundeter
759 1486 135 59 alter
933 1484 149 59 Arzt
1130 1482 252 76 gebeten,
1435 1481 71 57 ich
1561 1488 165 66 möge
1769 1478 133 60 mich
1949 1484 181 52 seiner
2170 1484 88 51 ein
2300 1483 185 67 wenig
2527 1496 108 37 an*

399 1585 235 61 nehmen
675 1580 116 59 und
835 1578 107 60 ihm
988 1586 119 51 eine
1158 1574 173 60 kleine
1373 1573 320 75 Wohnung
1744 1573 116 59 hier
1909 1580 53 50 in
2013 1572 188 57 diesen
2246 1567 249 68 Gassen,
2539 1588 96 39 wo

397 1679 101 59 sich
541 1674 259 61 niemand
842 1695 94 36 um
971 1671 92 58 ihn
1103 1668 287 60 kümmern
1427 1667 115 59 und
1576 1676 96 50 mit
1707 1666 222 76 Fragen
1965 1665 133 58 nach
2135 1662 258 60 früheren
2429 1660 205 61 Zeiten

399 1769 374 75 beunruhigen
815 1764 214 70 würde,
1064 1762 354 61 aussuchen.«
1981 1756 240 61 Wieder
2260 1755 103 60 sah
2406 1754 228 59 zSwakh

397 1862 219 76 bewegt
655 1883 71 37 zu
768 1868 102 51 mir
912 1859 249 58 herüber.

588 1952 151 62 »Seit
794 1961 149 64 jener
993 1949 130 61 Zeit
1180 1947 109 62 lebt
1346 1969 58 39 er
1462 1947 130 67 hier,
1651 1944 212 61 bessert
1912 1943 395 77 Antiquitäten
2368 1963 103 37 aus
2521 1939 119 61 und

400 2048 269 61 schneidet
712 2044 278 61 Gemmen
1035 2044 114 59 und
1192 2044 96 59 hat
1327 2042 104 60 sich
1476 2042 172 58 damit
1689 2049 157 51 einen
1893 2038 215 61 kleinen
2151 2035 343 63 Wohlstand
2535 2057 103 53 ge*

406 2140 248 77 gründet.
800 2137 84 60 Es
926 2146 71 52 ist
1037 2146 86 51 ein
1167 2135 182 62 Glück
1389 2133 90 61 für
1520 2136 109 66 ihn,
1674 2133 109 60 daß
1825 2155 60 38 er
1925 2133 151 68 alles,
2121 2154 122 36 was
2292 2138 97 51 mit
2431 2137 209 52 seinem

407 2234 319 59 Wahnsinn
777 2231 513 74 zusammenhängt,
1340 2251 297 52 vergessen
1688 2250 73 36 zu
1813 2226 182 60 haben
2046 2226 216 58 scheint.
2417 2222 224 75 Fragen

410 2326 93 61 Sie
545 2326 90 59 ihn
677 2324 226 59 beileibe
945 2345 104 37 nur
1089 2324 229 58 niemals
1359 2323 133 58 nach
1537 2321 243 76 Dingen,
1824 2320 88 60 die
1954 2320 89 60 die
2088 2316 459 79 Vergangenheit
2589 2324 55 51 in

410 2428 178 51 seiner
637 2416 352 75 Erinnerung
1037 2414 313 61 wachrufen
1401 2415 265 69 könnten,
1810 2422 108 50 wie
1967 2413 80 61 oft
2097 2413 96 59 hat
2244 2420 103 51 mir
2395 2410 103 60 das
2549 2410 99 60 der

413 2513 106 57 alte
559 2510 147 59 Arzt
747 2532 100 36 ans
888 2508 152 60 Herz
1079 2508 198 76 gelegt!
1417 2507 229 59 Wissen
1690 2507 111 70 Sie,
1845 2507 241 68 Zwakh,
2131 2523 159 59 sagte
2333 2528 60 37 er
2433 2513 211 61 immer,

411 2613 102 50 wir
570 2603 179 59 haben
808 2624 66 38 so
931 2611 120 49 eine
1100 2611 235 66 gewisse
1385 2601 308 69 Methode,-
2086 2610 103 49 wir
2248 2599 184 60 haben
2492 2607 155 52 seine

414 2693 303 61 Krankheit
750 2702 96 51 mit
877 2695 168 58 vieler
1079 2693 183 59 Mühe
1303 2702 394 66 eingemauert,
1811 2692 212 60 möchte
2066 2691 118 61 ich's
2227 2715 239 47 nennen,
2488 2714 160 38 —so

413 2797 106 51 wie
560 2810 129 37 man
731 2796 120 51 eine
877 2786 445 76 Unglücksstätte
1364 2786 305 70 einfriedet,
1688 2786 124 61 weil
1853 2786 105 60 sich
2001 2809 73 37 an
2116 2795 80 51 sie
2238 2795 124 51 eine
2403 2795 245 67 traurige

415 2880 352 75 Erinnerung
808 2879 237 77 knüpft.«

494 3065 109 60 Die
628 3064 154 60 Rede
808 3063 96 61 des
929 3064 601 78 Marionettenspielers
1566 3088 118 36 war
1709 3064 104 60 auf
1832 3064 131 60 mich
1991 3063 404 79 zugekommen
2423 3073 109 51 wie
2559 3073 88 51 ein

418 3157 296 61 Schlächter
740 3156 103 59 auf
870 3167 84 50 ein
974 3157 301 61 wehrloses
1294 3154 131 64 Tier
1458 3159 114 60 und
1606 3158 188 76 preßte
1829 3167 102 52 mir
1965 3167 96 52 mit
2094 3159 192 70 rohen,
2307 3181 341 55 grausamen

416 3248 244 60 Händen
696 3248 100 60 das
838 3248 152 60 Herz
1031 3272 338 39 zusammen.

496 3341 136 61 Von
674 3344 150 72 jeher
865 3342 142 60 hatte
1049 3352 119 51 eine
1211 3342 229 79 dumpfe
1474 3342 158 73 Qual
1675 3368 69 37 an
1780 3352 103 53 mir
1914 3361 219 61 genagt,
2179 3352 85 54 ein
2302 3344 234 72 Ahnen,

421 3435 78 60 als
542 3443 149 50 wäre
731 3444 102 49 mir
875 3452 175 43 etwas
1091 3459 332 54 genommen
1468 3438 229 59 worden
1742 3439 115 58 und
1898 3440 80 59 als
2023 3439 145 61 hätte
2210 3439 73 60 ich
2319 3448 53 51 in
2408 3449 241 52 meinem

419 3528 192 59 Leben
669 3537 121 50 eine
847 3529 160 75 lange
1056 3529 218 60 Strecke
1326 3529 180 77 Wegs
1564 3554 70 36 an
1695 3540 178 51 einem
1923 3532 320 77 Abgrunde
2301 3533 93 60 hin
2452 3534 200 61 durch*

420 3620 241 60 schritten
712 3629 106 50 wie
867 3629 85 51 ein
996 3620 441 61 Schlafwandler.
1490 3622 135 61 Und
1675 3631 89 53 nie
1803 3647 122 37 war
1973 3647 60 37 es
2083 3634 101 51 mir
2224 3626 293 77 gelungen,
2563 3628 89 61 die

421 3713 248 61 Ursache
708 3736 73 37 zu
822 3713 321 76 ergründen.

498 3806 133 76 Jetzt
687 3806 88 76 lag
830 3808 97 58 des
975 3806 216 61 Rätsels
1239 3806 235 79 Lösung
1525 3808 149 61 offen
1723 3834 107 37 vor
1887 3820 104 52 mir
2046 3812 118 61 und
2220 3812 239 64 brannte
2514 3815 138 62 mich

531 3900 353 77 unerträglich
1023 3910 110 51 wie
1173 3910 122 52 eine
1335 3902 344 78 bloßgelegte
1719 3904 252 63 Wunde.
