3270 4572
1343 453 202 49 Gustav
1812 448 248 61 Meyrinfi,

650 457 95 49 506

648 660 301 79 gebrochen
983 682 104 36 vor
1118 657 126 68 ihm,
1278 650 422 79 Angstschweiß
1727 649 104 60 auf
1845 650 96 59 der
1960 650 199 71 Stirne,
2203 651 117 60 und
2353 668 187 59 wagte
2580 651 112 60 ihm
2735 651 140 60 nicht

651 755 197 60 einmal
889 760 53 52 in
983 751 87 59 die
1110 749 151 60 Rede
1301 770 70 35 zu
1416 744 180 68 fallen,
1640 767 103 35 aus
1785 743 222 60 Furcht:
2049 744 93 59 ihn
2301 744 105 61 den
2460 753 265 68 einzigen,
2776 745 99 60 der

648 848 134 60 noch
816 845 149 60 Hilfe
1004 843 221 75 bringen
1268 839 203 60 konnte
1612 861 73 35 zu
1727 847 283 50 erzürnen.

726 939 136 60 Und
902 947 96 51 mit
1037 936 103 58 den
1168 932 259 68 Worten,
1471 929 108 61 daß
1623 953 58 37 er
1720 953 101 37 zur
1855 930 316 78 Operation
2207 930 169 60 leider
2409 947 110 44 erst
2560 939 53 51 in
2656 939 215 69 einigen

647 1032 277 60 Monaten
966 1028 253 61 schreiten
1262 1024 203 72 könne,
1513 1047 167 36 wenn
1732 1047 59 37 er
1831 1047 115 37 von
1996 1033 180 51 seiner
2214 1023 167 61 Reise
2421 1024 210 61 wieder
2670 1023 201 61 zurück

647 1132 94 64 sei,
895 1120 176 62 schloß
1112 1118 99 61 Dr,
1233 1116 291 77 Wassory
1564 1126 153 51 seine
1756 1117 170 60 Rede,

721 1212 324 63 Hoffentlich
1155 1234 127 37 man
1318 1210 137 60 solle
1488 1219 53 51 in
1577 1210 216 60 solchen
1819 1209 196 61 Fällen
2051 1217 194 53 immer
2270 1209 102 62 das
2400 1210 153 61 beste
2580 1210 187 61 hoffen

642 1317 78 52 sei
760 1331 57 36 es
857 1306 73 60 da
970 1306 136 59 nicht
1145 1328 72 36 zu
1258 1313 150 68 spät:
1452 1322 158 58 sagte
1652 1325 72 39 er.

718 1399 282 62 Natürlich
1027 1419 272 55 sprangen
1336 1397 149 59 dann
1503 1397 267 74 jedesmal
1789 1397 86 59 die
1894 1395 268 61 Kranken
2181 1412 237 44 entsetzt
2443 1395 116 73 auf,
2579 1397 291 73 erklärten,

641 1493 107 61 daß
802 1501 78 52 sie
936 1508 158 43 unter
1149 1513 100 54 gar
1297 1489 196 61 keinen
1544 1489 358 61 Umständen
1955 1491 134 59 auch
2139 1513 107 37 nur
2293 1498 160 52 einen
2504 1485 127 82 Tag
2682 1492 188 75 länger

640 1604 208 43 warten
897 1585 242 69 wollten,
1182 1585 117 59 und
1341 1585 165 59 baten
1550 1583 296 61 flehentlich
1889 1609 94 35 um
2018 1585 127 69 Rat,
2186 1607 119 37 wer
2353 1607 115 37 von
2512 1586 106 58 den
2656 1586 211 59 andern

638 1680 398 76 Augenärzten
1070 1687 52 50 in
1151 1677 98 60 der
1276 1677 161 60 Stadt
1461 1695 159 42 sonst
1638 1677 150 60 wohl
1809 1677 79 60 als
1908 1676 325 79 Operateur
2259 1686 52 50 in
2334 1677 246 60 Betracht
2598 1678 174 60 käme.

715 1772 94 61 Da
863 1795 120 37 war
1038 1772 98 59 der
1184 1770 351 79 Augenblick
1583 1770 351 77 gekommen,
1991 1795 95 36 wo
2128 1771 99 61 Dr,
2254 1771 282 78 Wassory
2585 1772 107 60 den
2744 1789 124 43 ent*

637 1865 354 61 scheidenden
1033 1864 195 77 Schlag
1270 1865 194 60 führte.

715 1959 82 60 Er
835 1968 127 67 ging
1003 1967 53 51 in
1107 1958 185 61 tiefem
1337 1957 385 61 Nachdenken
1772 1958 107 60 auf
1918 1957 117 61 und
2085 1957 89 71 ab,
2226 1958 142 76 legte
2415 1967 151 51 seine
2616 1957 145 62 Stirn
2811 1967 54 51 in

635 2052 195 60 Falten
887 2053 98 57 des
1028 2051 211 61 Grams
1297 2051 116 59 und
1468 2052 209 76 lispelte
1733 2049 290 61 schließlich
2072 2051 360 71 bekümmert,
2493 2059 86 51 ein
2632 2051 243 76 Eingriff

635 2155 199 53 seitens
883 2155 150 51 eines
1092 2146 250 58 andern
1393 2145 211 59 Arztes
1653 2145 238 76 bedinge
1940 2146 149 58 dann
2141 2146 167 60 leider
2366 2155 120 51 eine
2537 2146 333 76 abermalige

636 2239 395 76 Bespiegelung
1079 2239 97 59 des
1225 2239 205 76 Auges
1479 2249 98 49 mit
1620 2239 365 59 elektrischem
2026 2239 172 72 Licht,
2246 2240 117 58 und
2413 2239 101 61 das
2565 2250 187 48 müsse

636 2333 96 58 der
772 2331 214 60 Patient
1026 2340 166 52 wisse
1248 2340 56 65 ja
1358 2331 169 61 selbst
1583 2340 109 51 wie
1748 2333 357 59 schmerzhaft
2162 2355 60 37 es
2278 2341 80 51 sei
2515 2357 199 53 wegen
2772 2333 99 59 der

636 2424 341 61 blendenden
1022 2424 254 61 Strahlen
1319 2427 279 74 geradezu
1639 2425 451 76 verhängnisvoll
2132 2425 222 61 wirken.

712 2517 112 59 Ein
889 2518 199 60 andrer
1134 2518 167 72 Arzt,
1367 2518 120 60 also
1551 2541 145 53 ganz
1761 2518 316 77 abgesehen
2136 2519 208 70 davon,
2414 2518 109 61 daß
2579 2542 66 37 so
2703 2542 165 36 man*

635 2611 144 59 ehern
821 2635 113 37 von
976 2612 164 60 ihnen
1183 2611 206 77 gerade
1431 2621 53 51 in
1520 2613 98 59 der
1649 2612 350 61 Iridektomie
2032 2613 88 60 die
2162 2622 188 66 nötige
2383 2611 215 78 Übung
2631 2612 143 61 fehle

636 2705 174 71 dürfe,
859 2705 137 61 eben
1047 2706 126 60 weil
1224 2729 57 37 er
1328 2706 305 60 wiederum
1685 2729 114 37 von
1850 2729 203 37 neuem
2103 2707 362 60 untersuchen
2514 2717 205 60 müsse,
2769 2729 101 53 gar

636 2799 136 59 nicht
810 2821 104 37 vor
947 2797 227 60 Ablauf
1200 2799 251 76 längerer
1485 2799 148 69 Zeit,
1676 2797 82 61 bis
1800 2800 105 58 sich
1941 2800 89 58 die
2072 2797 327 63 Sehnerven
2440 2800 210 60 wieder
2691 2800 177 58 erholt

636 2891 198 70 hätten,
876 2917 71 34 zu
989 2902 176 50 einem
1210 2893 387 76 chirurgischen
1640 2893 245 76 Eingriff
1920 2893 315 61 schreiten.«

712 2985 334 61 Charousek
1085 2985 165 61 ballte
1292 2985 89 60 die
1421 2985 227 60 Fäuste.

717 3078 155 61 »Das
914 3101 217 38 nennen
1174 3087 103 51 wir
1324 3088 55 51 in
1422 3079 98 60 der
1562 3078 426 79 Schachsprache
2028 3079 355 78 Zugzwang,
2424 3079 166 61 lieber
2631 3081 237 61 Meister

636 3169 256 63 Pernath!
1156 3172 153 61 Was
1357 3183 194 50 weiter
1614 3172 185 77 folgte,
1856 3196 123 37 war
2033 3175 306 59 wiederum
2395 3175 353 77 Zugzwang,

638 3271 85 50 ein
764 3286 395 55 erzwungener
1200 3267 125 75 Zug
1367 3267 134 59 nach
1544 3266 127 60 dem
1715 3266 226 61 andern.

713 3356 149 60 Halb
904 3359 346 77 wahnsinnig
1290 3384 105 37 vor
1428 3360 412 77 Verzweiflung
1879 3360 286 61 beschwor
2204 3385 116 36 nun
2362 3363 98 59 der
2501 3363 216 59 Patient
2758 3363 108 60 den

638 3446 101 61 Dr.
765 3448 303 81 Wassory,
1112 3476 57 36 er
1209 3462 166 68 möge
1418 3453 136 61 doch
1597 3454 315 60 Erbarmen
1954 3454 202 70 haben,
2200 3463 159 52 einen
2401 3450 128 81 Tag
2570 3479 105 36 nur
2715 3465 152 51 seine

638 3539 240 62 Abreise
933 3544 344 61 verschieben
1334 3547 116 59 und
1508 3547 88 59 die
1645 3545 318 79 Operation
2021 3547 178 61 selber
2255 3549 362 61 vornehmen,
2667 3549 199 61 —Es

641 3633 198 61 handle
878 3637 105 60 sich
1023 3638 132 60 doch
1197 3664 95 35 um
1334 3639 155 61 mehr
1530 3641 136 59 noch
1717 3641 80 59 als
1847 3665 94 35 um
1983 3642 268 60 schnellen
2293 3638 150 76 Tod,
2494 3646 87 58 die
2622 3666 245 55 grauen*

641 3724 164 73 hafte,
844 3727 271 64 folternde
1146 3732 207 78 Angst,
1395 3733 162 75 jeden
1591 3735 352 76 Augenblick
1977 3736 282 61 erblinden
2298 3760 75 37 zu
2413 3747 243 61 müssen,
2700 3747 80 51 sei
2811 3747 56 68 ja

643 3816 99 61 das
783 3818 415 77 Schrecklichste,
1240 3849 122 37 was
1404 3850 59 36 es
1504 3827 177 77 geben
1723 3827 198 61 könne.

721 3909 137 61 Und
896 3921 50 66 je
986 3916 153 59 mehr
1179 3918 101 59 das
1320 3918 261 63 Scheusal
1620 3920 105 61 sich
1774 3921 249 61 sträubte
2063 3921 118 61 und
2218 3931 309 68 jammerte:
2578 3933 86 52 ein
2705 3924 162 61 Auf*
