3135 4572
641 462 94 48 462

1025 465 237 50 Triedricß
1281 466 262 55 Burscßed,
1573 468 347 56 Renaissance,
1957 471 193 50 Barock
2175 474 118 48 und
2310 474 200 50 Rokoko

1719 671 80 61 V.

720 760 113 61 Die
872 761 146 70 Idee,
1063 762 87 60 die
1192 761 90 61 die
1324 762 117 61 drei
1477 762 401 82 Stilkomplexe
1919 766 82 62 als
2043 767 214 64 höhere
2297 771 233 64 Einheit
2570 791 164 45 unter
2773 779 106 58 sich

640 852 245 77 begreift,
934 863 72 50 ist
1051 854 102 61 das
1204 855 566 81 Herrschaftsprinzip
1821 859 99 61 der
1967 860 178 62 Form
2196 863 139 62 oder
2382 865 196 62 besser
2627 868 101 62 des
2777 893 66 53 ge-

641 945 236 61 formten
933 946 201 61 Bildes,
1195 949 126 60 Das
1379 950 276 76 geformte
1712 951 123 61 Bild
1892 978 123 37 war
2067 955 391 79 selbstgerecht
2507 962 118 59 und
2673 962 207 62 selbst*

636 1051 306 66 genügsam
983 1042 338 75 geworden,-
1361 1043 90 61 die
1484 1044 259 78 religiöse
1783 1045 430 65 Abbildlichkeit
2262 1076 120 37 war
2432 1077 104 37 aus
2591 1054 111 63 ihm

635 1133 85 60 sch
725 1132 245 61 wunden
1014 1134 116 60 und
1173 1136 89 59 die
1304 1136 362 80 Verehrung,
1717 1139 89 63 die
1854 1141 208 62 vorher
2113 1143 128 62 dem
2283 1146 422 79 Abgebildeten
2745 1152 131 76 galt,

631 1227 184 58 rückte
856 1250 115 37 nun
1013 1227 103 62 das
1161 1230 445 76 freigewordene
1648 1233 141 72 Bild,
1840 1235 103 62 das
1994 1236 144 61 allen
2180 1238 198 72 Inhalt,
2431 1241 99 61 der
2569 1268 117 37 von
2728 1245 148 61 oben

631 1317 138 61 oder
804 1335 171 44 unten
1011 1320 153 62 hätte
1199 1321 263 64 kommen
1496 1324 244 72 können,
1775 1345 163 43 unter
1973 1331 89 59 die
2097 1339 233 68 eigenen
2359 1334 254 62 Gesetze
2638 1336 236 73 brachte,

628 1420 55 51 in
734 1411 101 62 das
885 1412 335 74 bestimmte,
1270 1418 339 76 gesonderte
1648 1420 164 62 Reich
1864 1423 99 61 der
2004 1424 209 71 Kunst,
2265 1426 102 61 das
2418 1428 165 62 durch
2626 1430 90 61 die
2758 1432 117 62 drei

627 1504 269 79 Epochen
940 1506 261 63 hindurch
1246 1510 90 61 für
1375 1513 106 59 sich
1525 1512 161 62 leben
1721 1513 208 65 konnte
1964 1518 117 60 und
2114 1543 68 36 so
2215 1522 264 77 gewaltig
2512 1524 217 70 wurde,
2763 1526 111 60 daß

626 1621 61 38 es
729 1623 91 37 am
862 1600 172 63 Ende
1075 1604 136 59 auch
1254 1604 102 61 das
1397 1606 193 60 Leben
1632 1632 73 36 zu
1755 1609 105 60 sich
1912 1609 327 82 heraufzog.
2292 1613 116 62 Mit
2456 1616 184 62 dieser

625 1692 311 79 schreitung
984 1705 183 52 seiner
1209 1697 454 80 Machtbefugnis
1716 1701 135 62 aber
1901 1727 122 36 war
2071 1705 102 61 das
2215 1707 124 60 Bild
2387 1708 145 61 allen
2577 1710 294 63 Gefahren

625 1788 400 77 preisgegeben
1083 1790 117 61 und
1257 1801 182 52 sowie
1497 1801 72 53 im
1618 1793 242 64 Rokoko
1912 1799 202 59 einmal
2165 1799 100 62 das
2320 1800 218 63 Gesetz
2589 1804 98 61 der
2737 1804 137 62 StiL

622 1880 396 80 Verpflichtung
1059 1884 178 61 außer
1267 1885 151 61 Acht
1450 1886 259 76 gelassen
1743 1890 219 71 wurde,
2004 1891 103 61 das
2142 1891 150 62 heißt
2324 1905 181 51 sowie
2538 1905 89 52 ein
2660 1898 211 62 Pathos

625 1974 141 61 oder
799 1985 87 51 ein
922 1978 404 62 seinsollender
1359 1980 179 61 Inhalt
1571 1990 53 51 in
1658 1983 91 61 die
1963 1985 99 61 des
2097 1987 242 62 Rokoko
2373 1989 271 72 einbrach,
2678 1994 193 60 mußte

623 2067 90 60 die
755 2068 131 61 Idee
928 2069 99 61 der
1069 2070 490 64 Kunstherrschaft
1608 2100 73 35 zu
1723 2075 161 63 Falle
1933 2077 279 64 kommen.
2264 2080 80 61 Im
2385 2082 242 62 Rokoko
2668 2084 202 71 selber,

621 2171 56 49 in
736 2161 101 62 der
891 2163 385 78 spielerischen
1318 2166 164 61 Welt
1539 2168 98 61 der
1700 2169 196 72 Form,
1963 2171 146 62 hatte
2183 2174 105 60 sich
2356 2174 90 63 die
2509 2177 362 77 Möglichkeit

619 2280 134 35 zum
796 2256 204 62 Sturze
1042 2258 99 61 der
1181 2260 132 61 Idee
1352 2261 355 62 vorbereiten
1750 2276 245 51 müssen.
2039 2267 172 61 Denn
2254 2268 90 61 die
2385 2270 484 80 Inhaltslosigkeit,

619 2348 103 61 das
774 2350 228 78 Spielen
1053 2351 99 61 der
1191 2352 177 63 Form
1418 2364 54 52 in
1521 2357 107 59 sich
1679 2357 190 71 selbst,
1920 2359 210 62 konnte
2178 2361 161 62 keine
2378 2373 119 52 rein
2540 2365 329 62 ästhetische

618 2441 457 79 Angelegenheit
1115 2445 157 61 mehr
1313 2446 250 75 bleiben,-
1604 2450 136 61 alles
1775 2450 357 65 Ästhetische
2166 2464 70 51 ist
2269 2456 308 77 irgendwie
2617 2458 250 62 abstrakt

619 2536 117 60 und
777 2561 117 36 von
928 2538 193 77 irgend
1155 2549 182 51 einem
1373 2542 439 63 Substantiellen
1848 2545 356 80 abgezogen,-
2245 2549 102 62 das
2381 2549 356 65 Ästhetische
2771 2553 98 61 hat

617 2628 110 61 den
768 2629 266 62 Verzicht
1075 2633 117 61 und
1234 2633 89 61 die
1365 2634 429 80 Beschränkung
1836 2648 52 51 in
1931 2641 122 59 sich.
2108 2641 126 62 Das
2277 2642 241 62 Rokoko
2568 2644 137 61 aber
2744 2670 122 37 war

616 2732 54 50 in
698 2732 183 52 seiner
907 2723 353 64 bestimmten
1286 2728 393 79 Normierung
1704 2731 100 61 des
1823 2732 223 62 Lebens
2074 2759 68 37 so
2169 2736 129 61 sehr
2316 2737 164 61 Welt
2504 2747 54 51 in
2593 2740 125 69 sich,
2754 2738 110 63 daß

614 2839 61 37 es
721 2816 253 62 draußen
1008 2820 168 61 nichts
1210 2821 158 61 mehr
1399 2822 103 61 sah
1540 2823 117 61 und
1690 2827 107 59 sich
1832 2827 308 61 überallhin
2175 2830 322 62 ausbreiten
2530 2856 75 36 zu
2638 2832 224 64 können

612 2910 244 77 glaubte.
901 2912 126 61 Das
1069 2914 340 62 Paradoxon
1453 2917 100 61 des
1587 2919 243 62 Rokoko
1873 2921 199 61 wurde
2116 2923 156 62 darin
2314 2925 264 78 gesehen,
2621 2926 109 63 daß
2773 2929 89 61 die

612 3003 193 62 Kunst
846 3015 54 50 in
942 3005 146 61 ihrer
1130 3006 262 64 höchsten
1428 3009 482 81 Gleichgültigkeit
1950 3016 136 59 auch
2127 3016 343 79 gleichgültig
2509 3020 201 61 wurde
2752 3022 109 61 den

613 3096 272 64 Grenzen
918 3102 339 76 gegenüber,
1286 3103 90 61 die
1409 3114 82 50 sie
1524 3130 134 36 vom
1689 3107 192 62 Leben
1916 3126 201 54 trennt,
2154 3112 116 59 und
2304 3112 182 62 dieses
2519 3114 341 63 Paradoxon

611 3192 134 59 muß
787 3216 117 37 nun
948 3193 169 61 dahin
1161 3206 283 51 erweitert
1475 3199 256 63 werden:
1776 3201 103 62 das
1914 3201 376 75 Ästhetische,
2333 3206 101 61 das
2479 3207 105 62 alle

609 3283 173 61 baren
832 3286 250 61 Formen
1140 3287 101 62 des
1298 3290 222 62 Lebens
1572 3292 423 80 durchdrungen
2053 3296 113 71 hat,
2225 3298 134 60 muß
2409 3301 326 79 notwendig
2782 3328 75 35 zu

609 3386 182 52 einem
834 3380 546 63 außerästhetischen
1417 3384 320 63 Charakter
1779 3389 372 77 Umschlagen,
2193 3415 97 36 wo
2333 3391 89 61 die
2455 3392 250 63 Formen
2739 3396 118 60 und

609 3470 89 61 die
748 3471 421 74 Künstlichkeit,
1228 3475 101 61 das
1381 3476 152 79 Spiel
1592 3479 99 61 der
1740 3480 464 80 Inhaltslosigkeit
2260 3485 182 61 selber
2499 3488 81 61 als
2631 3488 222 62 wahres

607 3563 192 62 Leben
842 3566 115 60 und
999 3577 154 52 reine
1195 3569 292 62 Unschuld
1529 3571 292 79 aufgefaßt
1862 3577 246 61 werden.
2154 3578 127 61 Das
2314 3579 242 62 Rokoko
2598 3580 97 63 hat
2734 3593 121 51 sein

609 3665 220 68 eigenes
887 3660 357 64 ästhetisches
1295 3664 151 61 Ideal
1497 3665 235 63 wirklich
1782 3669 203 76 gelebt,
2044 3695 61 36 es
2165 3671 97 62 hat
2319 3673 89 61 die
2457 3674 161 61 Kluft
2676 3677 140 61 über-

609 3772 303 56 sprungen,
970 3754 89 61 die
1117 3757 91 60 die
1258 3757 313 62 Sehnsucht
1618 3763 274 60 zwischen
1942 3763 177 61 Form
2170 3765 117 60 und
2335 3767 193 61 Leben
2578 3787 277 60 gespannt

609 3841 113 71 hat,
766 3846 115 58 und
922 3870 61 38 es
1025 3850 204 61 scheint
1270 3861 186 52 mitten
1498 3861 74 52 im
1613 3853 264 64 Paradies
1929 3857 99 61 der
2067 3857 320 80 Erfüllung.
2441 3861 125 61 Das
2608 3862 243 63 Rokoko

611 3932 99 61 hat
758 3959 143 53 ganz
950 3940 90 61 die
1088 3941 178 62 Form
1317 3945 99 60 der
1463 3946 446 78 paradiesischen
1957 3950 179 79 Idylle
2184 3951 118 61 und
2351 3975 60 38 es
2461 3954 142 61 wird
2650 3955 202 77 gleiche
