3180 4572
1116 463 225 50 Kasimir
1618 457 278 55 Edscßmid,
2241 457 176 50 Bifder
1875 474 96 32 aus
2001 456 97 50 den
2131 456 330 61 Südvogesen

671 464 94 50 470

674 668 130 61 dem
844 662 474 66 aufflammenden
1361 659 153 63 Gelb
1557 658 100 61 der
1696 658 220 62 Birken.
1961 658 143 61 Und
2145 658 109 60 den
2296 657 241 61 bleichen
2561 657 193 61 Mond
2796 659 118 60 und

677 761 90 61 die
801 757 304 64 Kaskaden
1148 755 114 61 und
1304 752 109 62 den
1448 752 147 62 Saut
1636 752 100 61 des
1771 752 205 61 Cuves
2020 751 117 61 und
2179 751 109 61 den
2331 751 246 61 dunklen
2601 751 183 61 Farm
2826 751 88 62 bei

674 852 109 61 den
833 852 241 66 Fichten,
1122 856 112 52 wie
1282 846 110 60 den
1441 845 206 61 milden
1688 845 275 77 Aufstieg
2010 869 76 37 zu
2136 843 109 61 den
2295 843 212 61 Höhen
2556 852 99 52 mit
2702 842 212 64 Kühen

677 946 115 61 und
851 945 105 60 den
1004 943 228 59 Matten
1282 940 133 60 nach
1467 939 109 61 den
1628 939 255 78 Gipfeln,
1942 939 108 61 auf
2091 937 183 63 denen
2325 937 212 61 überall
2587 946 99 52 mit
2742 937 174 61 breite

673 1037 363 77 ausgeholten
1078 1034 248 60 Formen
1369 1031 142 63 helle
1556 1031 373 63 Landhäuser
1970 1031 180 78 liegen
2192 1042 110 49 wie
2343 1031 175 77 große
2559 1030 355 79 Aeroplane,

674 1132 88 59 die
802 1139 52 51 in
898 1129 100 60 das
1032 1127 285 61 Köstliche
1360 1125 183 63 dieser
1576 1125 206 61 Ebene
1822 1125 127 77 jede
1982 1125 234 60 Minute
2250 1125 357 60 abzustoßen
2640 1125 272 61 scheinen.

673 1224 137 61 Und
842 1223 406 78 gleicherweise
1272 1219 253 63 versteht
1557 1221 126 70 sich,
1718 1222 136 58 noch
1881 1230 134 50 weit
2047 1244 118 36 von
2201 1219 99 61 der
2326 1219 185 70 Stadt,
2547 1219 155 61 diese
2729 1219 185 61 Szene

670 1341 91 36 am
794 1317 281 68 Brunnen,
1108 1338 98 36 wo
1242 1322 89 52 ein
1359 1312 312 62 Schulhaus
1705 1312 131 79 liegt
1869 1322 73 52 im
1971 1312 231 61 Gewirr
2235 1312 395 79 zersplitterter
2654 1312 258 61 Häuser;

669 1410 131 77 Jene
839 1409 215 61 Parade
1097 1407 100 61 des
1239 1406 239 62 Lehrers
1523 1407 139 60 über
1704 1406 90 61 die
1836 1405 338 63 Sauberkeit
2221 1405 292 62 kindlicher
2552 1405 196 77 Nägel
2799 1406 118 61 und

669 1503 89 61 die
797 1503 144 61 Lust
980 1501 101 61 der
1120 1501 368 78 Bestätigten,
1531 1501 99 61 der
1671 1501 165 60 Eifer
1877 1524 93 37 am
2013 1500 250 61 Wasser
2302 1510 172 66 jener,
2518 1500 89 60 die
2646 1524 75 36 zu
2762 1499 156 62 leicht

668 1595 284 61 befunden
980 1594 239 61 wurden
1253 1594 120 61 und
1407 1594 150 61 dann
1590 1604 153 66 jener
1769 1594 230 78 Einzug
2029 1618 120 36 von
2183 1593 242 61 hundert
2450 1593 464 79 Holzpantoffeln

669 1691 137 59 über
848 1688 89 61 die
979 1684 227 83 Treppe
1248 1698 74 51 im
1365 1689 154 77 Sang
1559 1687 118 61 und
1718 1683 150 65 Takt
1910 1687 99 61 der
2048 1687 397 62 Marseillaise,

745 1782 187 62 Selbst
980 1783 136 60 auch
1167 1781 75 61 da
1290 1782 130 77 liegt
1468 1782 137 60 noch
1656 1781 234 61 deutlich
1942 1781 182 61 dieser
2165 1781 146 61 Duft
2361 1779 119 61 und
2530 1779 152 61 führt
2730 1779 186 61 dieses

668 1876 167 61 nahe:
888 1876 127 61 Wo
1059 1875 102 61 das
1206 1875 191 61 dünne
1440 1875 293 62 Gesträhn
1784 1875 99 61 der
1923 1875 284 61 Fontaine
2248 1875 213 61 Paxion
2504 1875 168 61 schon
2723 1882 53 52 in
2827 1884 89 50 ein

668 1970 325 77 königliches
1027 1970 173 61 Meer
1230 1994 119 37 von
1382 1970 229 61 Matten
1646 1979 183 60 weist,
1863 1993 96 37 wo
1995 1969 102 61 das
2123 1965 108 65 Tal
2265 1969 100 61 der
2396 1967 320 63 Moselotte
2751 1967 165 60 durch

669 2073 86 51 ein
804 2063 341 77 glänzendes
1196 2063 183 61 lichtes
1421 2063 164 59 Land
1633 2072 99 50 mit
1780 2061 181 61 hellen
2003 2061 250 78 Wegen,
2302 2060 197 62 vorbei
2541 2086 93 35 am
2677 2060 240 76 Gesang

669 2157 99 61 der
807 2155 370 72 Webereien,
1225 2166 112 50 wie
1379 2155 201 61 befreit
1620 2154 117 61 und
1779 2154 250 61 erhoben
2070 2154 150 62 zieht
2260 2154 120 61 und
2429 2154 90 61 die
2568 2171 348 44 zerstreuten

670 2249 239 63 Chalets
952 2260 99 50 mit
1098 2248 530 78 zinkbeschlagenen
1669 2249 255 60 Fronten
1966 2258 110 51 wie
2124 2248 176 78 große
2348 2248 187 61 starke
2575 2247 195 77 Vögel
2819 2256 98 51 mit

670 2343 317 61 blitzenden
1028 2343 119 60 und
1180 2343 219 61 weißen
1434 2343 241 61 Brüsten
1718 2367 72 36 an
1834 2342 109 62 den
1976 2343 348 77 Bergrücken
2367 2342 211 61 hocken
2622 2341 117 61 und
2780 2341 136 61 auch

672 2437 101 61 das
807 2439 253 59 Düstere
1102 2437 100 61 des
1237 2437 120 60 Lac
1401 2436 100 62 des
1538 2436 317 62 Corbeaux
1890 2446 88 51 ein
2019 2436 410 61 versöhnlicher
2461 2435 268 70 Himmel,
2765 2435 153 61 leicht

670 2531 259 77 gemischt
970 2554 105 37 aus
1108 2530 284 76 Messing,
1434 2529 325 77 Silbergrün
1794 2529 117 61 und
1943 2529 513 77 grauglänzendem
2489 2529 140 70 Lila,
2671 2528 247 60 lächelnd

673 2624 317 77 übersteigt.

750 2718 157 60 Weil
950 2741 61 37 es
1054 2718 136 60 noch
1225 2715 126 63 früh
1394 2726 71 52 ist
1505 2741 92 35 am
1629 2712 161 81 Tage
1835 2715 117 61 und
1985 2726 127 68 spät
2147 2726 73 50 im
2253 2714 145 79 Jahr,
2439 2715 145 61 sieht
2616 2740 131 36 man
2780 2715 141 60 nicht

673 2812 143 61 viele
841 2812 311 61 Menschen
1187 2820 52 52 in
1275 2811 214 61 diesem
1517 2811 158 59 Bade
1704 2811 365 61 Gerardmer.
2104 2809 141 63 Nur
2278 2809 103 61 das
2417 2811 135 59 noch
2579 2809 341 79 dampfende

675 2905 176 61 Weiß
891 2905 421 77 straßenlanger
1351 2905 231 68 Leinen,
1634 2903 89 61 die
1764 2902 207 79 gerade
2011 2905 227 76 gewebt
2278 2903 259 69 wurden,
2587 2903 193 61 bleicht
2819 2903 108 60 auf

677 2997 142 61 allen
860 2997 243 61 Wiesen
1147 3022 95 36 um
1285 2997 90 61 die
1417 2996 179 62 Stadt,
1641 2996 167 61 Aber
1850 2997 89 60 die
1980 2997 387 60 Promenaden
2410 2997 193 60 laufen
2644 2996 276 61 vornehm

678 3116 95 35 um
823 3091 109 61 den
974 3091 129 70 See,
1154 3091 217 60 zärtlich
1415 3090 307 78 wehmütig
1774 3091 165 60 fallen
1989 3091 212 60 Blätter
2249 3091 140 60 über
2438 3090 89 61 die
2569 3090 211 78 Wege,
2831 3090 90 61 die

678 3185 192 60 bereift
894 3185 140 61 sind.
1070 3185 150 61 Eine
1246 3185 151 61 klare
1423 3185 449 61 Oktobersonne
1897 3196 99 50 mit
2023 3185 296 61 festlichem
2347 3184 237 78 Orange
2610 3194 146 51 rinnt
2781 3184 141 61 über

679 3277 89 61 die
800 3278 457 61 verschlossenen
1282 3278 197 61 Läden
1515 3278 98 61 der
1652 3278 213 76 großen
1901 3278 117 60 und
2052 3278 302 61 ländlichen
2387 3278 207 60 Hotels
2631 3277 117 61 und
2781 3278 141 60 über

680 3368 108 62 den
814 3371 141 61 Park
979 3381 98 51 mit
1110 3372 108 61 den
1244 3372 193 60 Villen
1473 3372 117 60 und
1616 3371 257 62 Chalets,
1911 3372 113 60 Die
2057 3372 220 60 weißen
2311 3372 172 60 Brote
2517 3371 118 61 und
2650 3366 271 64 Trauben

682 3462 245 64 leuchten
968 3489 105 38 aus
1117 3466 108 61 den
1267 3466 216 71 Läden,
1526 3466 103 60 das
1671 3465 164 61 Land
1876 3475 71 52 ist
1986 3466 116 60 voll
2141 3466 169 70 Licht,
2362 3475 55 51 in
2457 3465 128 61 dem
2627 3465 296 61 schwanke

682 3555 192 62 Nebel
908 3568 272 52 erzittern.
1224 3559 299 61 Zwischen
1564 3559 110 59 den
1708 3559 255 61 Bäumen
2006 3557 232 63 erkennt
2277 3583 129 35 man
2448 3582 107 36 nur
2594 3557 155 61 leicht
2789 3582 99 36 ver-

684 3650 372 61 schwommen
1100 3662 161 50 einen
1302 3653 134 77 Zug
1477 3653 411 70 Infanteristen,
1933 3653 171 61 deren
2137 3653 206 59 Hosen
2384 3668 90 44 rot
2513 3651 249 61 brennen
2805 3650 118 61 und

686 3742 90 61 die
816 3752 73 51 im
931 3744 340 62 Stechschritt
1312 3747 108 61 den
1460 3747 155 61 Platz
1657 3771 327 53 umqueren.
2036 3747 133 61 Vor
2210 3745 99 61 der
2349 3744 168 62 Mole
2558 3744 180 78 liegen
2777 3745 146 61 viele

687 3833 364 64 Ruderboote
1101 3838 115 61 und
1266 3848 88 51 ein
1404 3839 178 78 farbig
1632 3839 405 78 aufgetakeltes
2081 3839 324 78 Segelschiff
2446 3847 170 69 wiegt
2664 3839 107 59 sich

691 3926 184 61 lassen
915 3930 106 58 auf
1054 3930 109 62 den
1204 3931 313 62 blitzenden
1559 3933 249 61 Wellen,
1862 3933 141 61 Und
2043 3933 186 61 indem
2271 3956 105 37 aus
2419 3931 128 63 dem
2589 3932 190 61 Rauch
2822 3931 101 61 des
