3535 4414
1689 127 107 51 373

181 279 83 48 cell
296 278 265 62 eingeführt
602 277 138 64 (diese
781 275 161 50 beiden
971 277 306 45 Instrumente
1319 270 96 50 sind
1448 269 261 65 überhaupt

183 355 59 47 im
274 369 172 49 ganzen
477 353 178 49 Werke
683 353 121 47 stark
835 350 207 65 obligat),
1077 365 185 46 vermag
1294 348 85 47 den
1411 346 209 49 Glauben
1651 362 56 31 an

183 432 80 48 das
293 430 164 49 Talent
485 429 77 48 des
593 429 322 65 Componisten
955 428 123 48 nicht
1117 443 54 30 zu
1201 424 221 56 erhöhen,
1467 439 132 32 wenn
1628 421 80 47 der

183 515 119 41 erste
344 508 103 48 Satz
489 506 141 49 schon
673 506 94 47 kalt
806 505 219 65 gelassen.
1088 505 61 46 So
1191 501 113 49 wird
1347 517 46 31 es
1443 500 115 48 auch
1603 499 102 47 dem

181 585 197 48 Scherzo
404 583 12 64 (
421 583 183 49 H-moll
604 583 13 64 )
641 583 219 63 ergehen,
890 598 132 30 wenn
1051 579 139 48 selbst
1218 578 157 49 dessen
1401 578 307 62 Ausführung

183 663 99 48 eine
312 660 217 50 tadellose
560 664 138 56 wäre,
740 675 93 32 was
863 658 204 47 wirklich
1107 655 80 48 der
1216 656 97 47 Fall
1357 670 227 49 gewesen.
1639 653 65 47 Im

180 738 167 49 Rondo
377 736 23 65 (.
400 735 179 69 Allegro
606 752 92 34 non
726 734 177 67 troppo)
936 731 225 51 befanden
1182 734 81 46 wir
1291 748 83 32 uns
1398 730 112 48 aber
1539 727 170 50 wieder

181 816 46 47 in
250 815 81 47 der
354 816 170 55 Arena,
556 830 72 32 wo
653 813 81 48 der
764 813 173 63 feurige
961 813 184 45 Renner
1176 810 42 46 in
1247 809 250 63 zügelloser
1521 806 161 48 Schnel-

183 891 158 65 ligkeit
371 891 80 47 mit
479 890 101 48 dem
612 890 142 48 Piano
785 889 70 48 die
884 886 268 50 Schranken
1183 885 303 63 übersprang,
1526 899 49 32 so
1606 881 103 48 dass

180 967 74 49 die
283 967 282 65 episodische
588 967 192 49 Polacca
802 983 101 30 zum
927 965 211 47 Schlüsse
1162 962 76 47 hin
1261 978 79 31 vor
1361 960 159 48 dicken
1542 957 139 50 Staub-

184 1045 182 48 wolken
396 1045 138 48 kaum
564 1061 51 31 zu
648 1045 231 47 erkennen
908 1056 226 49 gewesen.
1177 1040 95 46 Der
1310 1037 169 49 darauf
1512 1037 94 47 laut
1633 1051 52 47 ge-

181 1121 219 50 wordene
428 1122 106 47 sehr
564 1121 193 62 massige
786 1119 159 48 Beifall
980 1116 173 50 scheint
1190 1115 118 49 wohl
1349 1112 355 51 ausschliesslich

183 1199 81 48 der
294 1199 352 62 Mühewaltung
677 1196 76 48 des
781 1195 230 49 Pianisten
1040 1194 212 64 gegolten
1281 1209 54 32 zu
1365 1190 165 49 haben.

298 1336 93 47 Zur
441 1333 331 65 Bekräftigung
824 1332 78 48 des
952 1328 348 51 Vorstehenden
1350 1332 167 60 mögen
1564 1328 149 64 einige

181 1413 134 49 Sätze
344 1428 81 32 aus
454 1411 87 49 den
574 1412 244 47 Referaten
857 1409 163 49 zweier
1062 1408 201 64 hiesigen
1291 1406 205 48 Kritiker
1535 1404 177 49 dienen.

180 1491 100 47 Der
303 1489 219 49 Referent
548 1489 45 47 in
623 1488 82 48 der
728 1487 262 49 Didaskalia
1012 1492 102 58 sagt
1136 1492 133 41 unter
1290 1482 258 49 Anderem:
1591 1483 121 55 „Das

183 1567 214 57 Quintett
435 1567 54 47 ist
529 1566 243 64 eigentlich
815 1580 84 49 gar
936 1562 122 49 nicht
1097 1562 71 48 ein
1205 1561 231 58 Quintett;
1484 1575 46 33 es
1559 1559 54 47 ist
1642 1558 70 50 ein

181 1643 131 48 recht
355 1642 240 65 anmuthig
639 1642 283 66 klingendes,
966 1638 268 50 melodiöses
1266 1635 326 51 Concertstück
1637 1637 76 45 für

517 1737 43 31 u.
590 1736 35 30 s.
654 1735 57 33 w.
833 1718 95 47 Der
960 1716 201 48 Kritiker
1199 1716 80 46 hat
1313 1714 42 47 in
1385 1729 49 33 so
1464 1713 94 48 fern
1589 1712 123 49 nicht

181 1813 115 49 ganz
319 1797 221 58 Unrecht,
570 1797 64 48 als
655 1796 45 48 in
724 1797 146 47 einem
895 1792 393 66 mehrstimmigen
1313 1789 196 59 Werke,
1537 1792 43 47 in
1604 1789 81 48 wel-

183 1874 132 49 chem
345 1873 73 48 die
447 1874 341 65 Hauptstimme
818 1872 148 48 fortan
994 1888 50 31 so
1072 1870 105 47 sehr
1206 1868 317 66 prädominirt,
1552 1867 86 48 wie
1667 1882 45 32 es

184 1950 75 50 bei
288 1950 170 50 diesem
490 1952 238 58 Quintette
771 1949 80 48 der
888 1949 99 48 Fall
1029 1964 114 40 war,
1185 1945 81 50 der
1308 1944 269 67 organische
1614 1944 99 48 Bau

184 2032 193 45 zerstört
405 2029 114 48 wird
550 2028 92 48 und
672 2044 87 32 nur
788 2025 131 50 mehr
949 2025 71 50 ein
1046 2023 328 51 Concertstück
1398 2022 135 64 übrig
1557 2020 155 50 bleibt.

181 2107 138 49 Auch
361 2105 281 65 „tiefsinnige
678 2103 432 66 contrapunktische
1636 2098 80 49 hat

184 2183 149 49 dieser
361 2184 204 48 Kritiker
595 2183 122 48 nicht
745 2182 253 48 entdecken
1036 2180 197 49 können.
1289 2178 110 48 Sind
1441 2177 118 48 denn
1601 2175 113 50 aber

184 2260 142 49 derlei
367 2260 484 65 „Verschlingungen''
890 2258 266 63 überhaupt
1191 2255 45 49 in
1272 2254 212 51 Werken
1529 2253 184 48 freien

185 2337 106 49 Stils
319 2353 55 32 zu
402 2337 202 48 suchen?
659 2335 201 50 Welche
899 2334 80 48 der
1009 2331 414 50 Beethoven'schen
1453 2329 263 49 Sinfonieen

187 2415 81 49 hat
296 2414 119 50 denn
446 2413 290 66 dergleichen
767 2410 339 51 aufzuweisen?
1214 2411 98 46 Der
1341 2408 286 49 Beurtheiler
1656 2406 58 49 im

188 2491 526 49 Conversations-Blatte
757 2489 152 48 macht
950 2488 92 48 sich
1082 2486 113 50 aber
1223 2484 199 51 vollends
1459 2484 259 57 lächerlich,

187 2585 135 32 wenn
366 2585 49 32 er
458 2569 87 47 den
587 2575 148 41 ersten
776 2566 91 49 und
898 2565 165 48 dritten
1093 2565 102 47 Satz
1225 2563 78 48 des
1333 2563 231 57 Quintetts
1605 2560 112 58 „voll

189 2663 86 33 von
300 2648 370 47 Reminiscenzen
701 2662 56 31 an
781 2645 175 48 Mozart
984 2641 92 50 und
1105 2640 322 51 Mendelssohn
1459 2639 158 56 findet,
1647 2638 72 48 die

192 2724 72 48 ein
289 2724 442 65 Mischlings-Genre
761 2720 222 50 zwischen
1012 2719 151 48 diesen
1189 2720 185 46 Heroen
1404 2715 130 51 darin
1564 2719 129 62 reprä-

504 2804 97 47 Aus
635 2800 103 48 dem
771 2798 321 66 Haupt-Motiv
1129 2796 79 49 des
1246 2796 171 47 vierten
1446 2795 153 47 Satzes
1631 2792 87 49 will

194 2895 137 31 unser
359 2879 238 48 Aristarch
627 2878 99 48 eine
755 2875 307 50 Strauss'sche
1092 2872 238 59 Quadrille

190 2956 167 49 haben.
413 2958 94 48 Des
536 2958 186 63 Spasses
753 2954 161 48 halber
949 2954 81 48 soll
1067 2951 81 50 der
1176 2951 184 64 Anfang
1387 2949 142 49 dieses
1561 2949 159 48 Motivs

192 3032 99 50 hier
320 3032 246 66 beigesetzt
595 3031 207 50 werden:

315 3519 61 47 So
419 3517 162 65 ergeht
622 3533 46 32 es
712 3517 146 48 einem
903 3516 117 49 noch
1063 3514 326 51 unbekannten
1432 3510 179 50 Werke
1655 3508 81 49 auf

197 3594 223 50 fremdem
443 3593 178 57 Boden,
651 3611 134 32 wenn
808 3593 158 48 dessen
992 3593 147 48 Autor
1162 3592 123 48 nicht
1314 3589 80 48 mit
1423 3589 147 48 einem
1595 3603 108 33 euro-

198 3674 212 66 päischen
442 3673 118 48 Kufe
588 3688 80 32 vor
697 3670 80 50 das
805 3670 244 50 Publicum
1086 3677 147 42 treten
1279 3668 138 57 kann,
1458 3665 94 49 und
1599 3681 132 31 wenn

200 3750 74 50 bei
319 3749 158 50 dessen
508 3750 255 63 Besetzung
806 3747 93 49 und
929 3748 309 62 Ausführung
1281 3744 122 50 nicht
1445 3743 72 48 die
1558 3745 177 63 grösste

200 3828 207 66 Sorgfalt
437 3827 232 49 obwaltet.
714 3829 138 62 Möge
877 3825 167 66 jedoch
1076 3827 121 47 Herr
1227 3820 226 52 Sowinski
1481 3820 71 50 die
1581 3819 129 51 Versi-

200 3905 213 65 cherung
453 3904 296 57 hinnehmen,
799 3904 101 48 dass
946 3903 283 49 sämmtliche
1275 3898 273 52 anwesende
1587 3897 120 49 Fach-

203 3983 210 48 musiker
448 3999 84 32 von
564 3982 353 63 Auszeichnung
955 3980 148 50 dieser
1142 3980 149 49 seiner
1319 3975 313 68 Composition
1661 3973 81 49 mit

203 4064 227 62 grösstem
463 4060 224 49 Interesse
729 4059 173 66 gefolgt
938 4059 98 48 sind
1079 4057 93 49 und
1210 4057 114 49 eben
1368 4072 49 32 so
1459 4054 123 48 seine
1611 4051 129 50 darin

1779 268 395 64 ausgesprochene
2202 266 408 65 Kunstgesinnung
2650 266 64 50 als
2753 265 117 51 auch
2899 265 282 65 dargethane
3210 268 60 48 Be-

1780 345 224 64 fähigung
2045 362 52 29 zu
2139 344 203 48 höheren
2372 343 362 64 Kunstgebilden
2766 344 80 48 mit
2874 344 279 65 collegialem
3185 343 86 48 Ver-

1779 425 186 61 gnügen
1995 420 210 65 begrüsst
2234 421 165 49 haben.

1893 647 68 46 Zu
1985 646 145 47 einem
2155 644 216 58 anderen,
2400 644 80 49 der
2504 644 322 64 Besprechung
2854 645 43 47 in
2921 644 148 48 diesen
3095 645 200 47 Blättern

1780 722 144 65 gleich
1956 722 236 65 würdigen
2224 720 318 66 Gegenstande
2573 720 314 66 übergehend,
2916 721 204 64 gewährt
3142 738 46 30 es
3212 721 85 47 mir

1780 800 70 48 ein
1882 800 276 47 besonderes
2189 799 296 63 Vergnügen,
2513 797 81 49 der
2624 797 289 65 erstmaligen
2945 797 353 47 Bekanntschaft

1783 876 79 47 mit
1891 876 152 47 Herrn
2074 875 379 48 Concertmeister
2483 873 351 49 Lauterbach
2873 889 78 33 aus
2982 872 207 48 Dresden
3228 889 46 30 er-

1783 952 192 48 wähnen
2005 970 51 29 zu
2089 952 198 57 können,
2316 952 70 47 ein
2415 952 164 54 Name,
2610 950 78 48 der
2718 951 78 47 mit
2824 951 159 47 vollem
3008 948 172 50 Rechte
3210 947 87 50 den

1783 1030 274 64 tüchtigsten
2086 1030 215 48 Meistern
2339 1028 81 49 auf
2456 1027 80 48 der
2565 1027 175 47 Violine
2780 1027 231 64 zugezählt
3053 1025 128 57 wird,
3224 1026 82 48 auf

1783 1106 71 48 die
1885 1122 163 32 unsere
2076 1105 264 48 zerklüftete
2370 1102 362 65 Musik-Epoche
2760 1103 105 47 stolz
2894 1120 51 29 zu
2974 1102 93 48 sein
3096 1102 205 48 Ursache

1784 1183 90 47 hat.
1906 1183 122 47 Herr
2051 1181 293 48 Lauterbach
2371 1181 155 65 spielte
2555 1180 58 47 im
2643 1186 147 42 ersten
2820 1177 481 50 Museums-Concerte

1787 1276 71 32 am
1902 1260 87 48 24.
2033 1258 206 50 October
2281 1258 78 49 das
2401 1256 402 51 D-moll-Couceri
2843 1272 85 32 von
2969 1254 169 67 Spohr,
3179 1254 122 49 dann

1785 1336 116 48 noch
1933 1335 179 64 Adagio
2144 1335 91 48 und
2264 1333 163 50 Rondo
2466 1350 79 31 aus
2587 1332 101 48 dem
2724 1332 81 49 19.
2837 1332 221 48 Concerte
3086 1347 84 32 von
3200 1332 66 47 Ru-

1784 1413 137 65 dolph
1953 1415 221 45 Kreutzer
2216 1411 175 64 (weiter
2419 1411 160 56 nichts,
2608 1409 122 49 nicht
2757 1408 164 48 einmal
2949 1408 71 48 die
3050 1408 244 57 Ciaconne,

1785 1489 112 50 oder
1925 1491 99 48 eine
2046 1488 247 51 Bach'sche
2318 1489 144 63 Fuge,
2493 1487 110 48 oder
2626 1486 167 49 andere
2815 1486 138 48 derlei
2975 1483 300 51 Schulstuben-

1784 1567 158 49 stücke
1971 1583 80 32 aus
2078 1566 102 49 dem
2210 1564 503 50 Perrücken-Zeitalter
2740 1562 82 49 der
2850 1561 165 59 Musik,
3033 1562 170 48 welche
3231 1561 72 49 die

1784 1644 137 50 Mode
1944 1643 109 65 jetzt
2080 1660 80 33 aus
2189 1642 87 49 den
2306 1641 300 66 Antiquarien
2647 1638 167 50 wieder
2854 1637 309 57 hervorsucht,
3207 1653 64 32 wo-

1785 1722 144 48 durch
1959 1722 82 48 der
2083 1719 245 66 Königin
2372 1727 132 41 unter
2540 1717 85 49 den
2657 1719 332 46 Instrumenten
3109 1729 92 33 was
3231 1713 72 51 die

1787 1799 143 63 Geige
1957 1798 44 48 in
2032 1797 81 48 der
2141 1804 147 41 ersten
2318 1796 151 48 Hälfte
2509 1793 78 50 des
2630 1793 297 48 achtzehnten
2967 1789 336 51 Jahrhunderts

1785 1876 116 49 noch
1930 1876 126 48 nicht
2085 1891 94 33 war
2297 1872 210 51 offenbar
2536 1872 178 49 Gewalt
2743 1869 229 65 angethan
3002 1868 130 58 wird,
3161 1867 141 50 deren

1785 1952 355 66 Eigenschaften
2168 1950 81 49 der
2277 1948 239 51 ästhetisch
2546 1947 226 66 gebildete
2801 1945 111 49 Sinn
2940 1944 77 50 des
3044 1944 231 50 neunzehn-

1785 2038 75 42 ten
1888 2028 338 51 Jahrhunderts
2267 2028 45 48 in
2354 2023 436 70 entsprechenderer
2819 2023 160 49 Weise
3012 2039 56 32 zu
3108 2037 170 33 verwer-

1785 2108 110 48 then
1924 2107 213 57 versteht,
2178 2107 63 48 als
2278 2104 145 50 durch
2465 2104 71 48 ein
2566 2100 378 65 mehrstimmiges
2975 2098 91 51 und
3095 2098 209 49 dennoch

1787 2190 269 44 monotones
2097 2184 193 56 Getöne,
2343 2182 220 48 zuweilen
2615 2178 117 49 auch
2781 2175 221 51 Gekratze
3050 2175 94 50 mit
3191 2174 113 50 oder

1787 2262 141 48 ohne
1967 2260 347 65 abgespannten
2340 2255 192 68 Bogen).
2588 2258 123 46 Herr
2738 2253 292 49 Lauterbach
3058 2253 124 48 hatte
3209 2251 97 49 sich

1787 2338 144 49 durch
1956 2338 122 48 diese
2102 2338 224 63 Vorträge
2349 2335 78 49 des
2455 2331 446 68 ausgezeichnetsten
2920 2329 207 49 Beifalles
3153 2345 54 32 zu
3235 2344 48 33 er-

1788 2415 177 59 freuen,
1992 2415 45 49 in
2066 2414 202 50 welchen
2299 2413 69 48 die
2393 2411 147 49 Kritik
2570 2408 306 50 sämmtlicher
2906 2408 168 47 Blätter
3104 2406 78 47 mit
3212 2405 69 48 ein-

1789 2493 231 66 gestimmt
2047 2491 93 49 hat.
2197 2491 122 49 Alles
2348 2505 57 33 an
2434 2488 167 49 diesem
2633 2485 215 50 Künstler
2887 2484 55 48 ist
2979 2483 99 49 edel
3106 2481 92 50 und
3227 2498 54 49 ge-

1789 2570 181 65 diegen,
1986 2570 117 56 Ton,
2126 2568 80 48 Stil
2231 2566 90 50 und
2346 2564 299 65 Behandlung
2668 2563 78 48 des
2768 2563 338 48 Instrumentes.
3135 2560 173 64 Feurig

1791 2648 59 48 im
1881 2648 204 63 Allegro,
2128 2644 196 49 erreicht
2359 2660 50 31 er
2437 2643 58 48 im
2527 2640 178 65 Adagio
2734 2638 79 49 das
2843 2638 219 57 Höchste,
3102 2651 93 34 was
3224 2635 85 48 wir

1792 2725 59 48 im
1873 2724 146 49 Laufe
2048 2724 82 47 der
2150 2723 141 48 Jahre
2319 2721 42 47 in
2391 2719 151 49 diesen
2569 2719 254 48 Concerten
2850 2733 89 32 nur
2968 2716 70 47 ein
3067 2714 110 48 oder
3199 2711 112 51 zwei

1792 2803 93 49 Mal
1914 2819 53 31 zu
1998 2801 141 49 hören
2170 2800 239 48 bekamen.
2464 2795 263 57 Wahrlich,
2761 2792 202 65 Lipinski
3005 2791 78 48 hat
3116 2806 58 33 an
3214 2790 95 48 ihm

1794 2879 88 49 den
1912 2878 280 66 würdigsten
2213 2875 277 65 Nachfolger
2520 2871 224 51 erhalten!
2782 2869 225 64 Obgleich
3036 2869 122 48 Herr
3186 2869 93 47 Lau-

1794 2955 191 51 lerbach
2023 2955 151 65 Spohr
2216 2952 188 50 niemals
2448 2949 152 49 weder
2641 2947 197 66 gesehen
2880 2945 116 49 noch
3039 2944 179 66 gehört,
3260 2959 49 32 so

1796 3035 142 64 zeigte
1975 3034 123 47 seine
2128 3031 218 65 Leistung
2386 3030 61 47 im
2489 3026 166 66 obigen
2687 3025 177 49 Werke
2906 3022 208 50 dennoch
3152 3021 72 48 ein
3261 3036 51 32 so

1796 3113 175 63 inniges
1998 3109 317 49 Verständniss
2354 3106 82 50 der
2465 3101 521 69 Eigenthümlichkeiten
3024 3097 92 51 und
3147 3097 140 50 Anfor-

1798 3189 239 63 derungen
2065 3203 85 33 von
2179 3185 159 48 dessen
2366 3182 183 56 Schule,
2588 3180 62 48 als
2680 3182 121 45 wäre
2831 3194 49 32 er
2909 3175 296 51 unmittelbar
3232 3187 81 35 aus

1799 3266 239 48 derselben
2075 3265 419 62 hervorgegangen.
2550 3255 292 51 Lauterbach
2884 3255 56 48 ist
2981 3253 109 50 aber
3125 3251 192 49 Schüler

1802 3360 84 32 von
1916 3342 55 50 de
2010 3342 169 55 Beriot,
2215 3356 54 32 an
2300 3339 159 48 dessen
2489 3333 216 51 Methode
2734 3332 93 50 und
2855 3328 465 66 Behandlungsweise

1802 3420 81 49 der
1914 3420 142 63 Geige
2095 3417 121 49 beim
2246 3416 229 64 Vortrage
2517 3412 160 65 obiger
2709 3408 175 50 Werke
2913 3407 144 50 nichts
3087 3406 130 48 mehr
3247 3420 49 33 er-

1802 3499 150 48 innert
1982 3497 92 47 hat.
2130 3495 86 48 Ein
2259 3491 203 66 baldiges
2490 3487 412 53 Wiederkommen
2944 3483 77 50 des
3063 3481 260 51 trefflichen

1804 3576 238 48 Künstlers
2071 3572 116 50 wird
2215 3587 195 34 unseren
2439 3563 374 55 Musikfreunden
2842 3563 118 49 ohne
2988 3561 183 51 Zweifel
3198 3558 127 50 recht

1803 3651 263 51 erwünscht
2090 3650 111 49 sein.

1923 3731 62 48 Es
2018 3730 56 48 ist
2108 3727 124 51 nicht
2266 3722 247 53 besonders
2555 3718 259 56 erfreulich,
2855 3732 139 51 sagen
3034 3732 54 32 zu
3129 3716 198 53 müssen,

1807 3808 102 50 dass
1939 3807 70 48 die
2039 3802 313 53 musicalische
2380 3798 150 51 Kritik
2569 3798 99 49 ihre
2696 3792 352 70 Physiognomie
3076 3806 146 51 gegen
3251 3805 51 33 vo-

1810 3887 96 65 rige
1935 3882 276 53 Winterzeit
2240 3897 76 32 um
2344 3880 73 48 ein
2446 3873 335 55 Wesentliches
2822 3869 236 52 verändert
3096 3868 93 48 hat.
3243 3866 89 48 Die

1813 3982 74 33 am
1929 3962 189 50 meisten
2156 3960 238 49 beachtete
2422 3956 191 48 Stimme
2649 3953 43 49 in
2721 3951 88 49 den
2838 3949 184 68 Spalten
3052 3946 80 49 der

1813 4043 55 50 ist
1896 4040 142 50 leider
2066 4055 114 50 ganz
2211 4040 282 52 verstummt,
2531 4029 221 53 vielleicht
2781 4027 179 57 darum,
2989 4024 102 51 weil
3120 4022 70 49 die
3218 4019 87 52 Süd-
