3535 4414
1706 96 108 51 375

199 238 198 47 kannten
443 235 114 48 doch
605 235 119 47 wohl
768 254 85 29 nur
895 236 116 49 Eine
1041 235 358 65 Transposition,
1451 236 70 47 die
1563 236 43 47 in
1651 236 71 50 die

198 313 273 64 Oberquart
499 311 80 49 mit
607 311 145 47 einem
1379 311 38 49 b.
866 313 156 48 Wenn
1047 311 144 49 daher
1220 311 113 49 nach
1360 313 225 63 jüngeren
1610 313 81 47 Mei-

195 398 125 39 stern
363 389 81 48 auf
480 389 99 47 eine
621 388 169 48 andere
829 389 363 48 Intervall-Stufe
1232 389 278 65 transponirt
1538 389 184 48 werden

198 466 106 56 will,
346 482 49 31 so
440 465 149 48 dürfte
618 464 71 48 die
726 465 191 66 richtige
947 466 347 64 Vorzeichnung
1322 483 53 30 zu
1408 466 175 47 wählen
1613 466 110 56 sein,

198 559 76 30 um
307 541 79 48 das
416 543 245 46 Erkennen
693 540 80 48 der
802 544 174 45 Tonart
1014 560 50 28 zu
1103 543 324 63 ermöglichen.
1484 543 237 46 Demnach

198 624 122 44 wäre
364 619 154 48 besser
561 619 80 47 mit
680 619 110 47 zwei
829 616 25 67 $
891 619 41 47 in
975 617 70 49 die
1075 619 328 48 Obersecunde
1446 619 277 64 transponirt

198 696 207 56 worden,
434 695 58 48 da
523 696 82 46 Ein
633 694 25 67 §
685 694 70 48 die
785 695 341 63 Transposition
1157 696 42 46 in
1229 695 71 48 die
1323 695 260 66 Oberquint
1611 695 111 48 oder

197 775 285 63 Unterquart
517 771 269 50 vermuthen
825 772 116 49 lässt.
995 774 61 45 Es
1098 772 128 49 sollte
1263 772 115 49 doch
1422 772 122 49 wohl
1586 772 79 49 das
1691 774 31 48 h

198 850 117 63 (hier
343 846 80 67 eis)
466 850 58 47 im
557 856 148 41 ersten
736 850 127 47 Tone
908 849 322 48 wesentlich
1275 850 279 56 erscheinen,
1597 850 124 47 nicht

194 927 207 65 zufällig;
445 926 79 48 das
574 930 122 44 wäre
744 925 143 49 durch
929 926 350 64 Vorzeichnung
1320 944 84 30 von
1451 927 109 49 zwei
1642 944 51 47 ge-

194 1004 213 48 schehen.
459 1004 85 47 Die
576 1002 488 59 Quartsext-Aceorde
1107 1001 199 48 könnten
1337 1005 188 46 Anstoss
1554 1002 165 65 geben,

194 1080 249 49 besonders
486 1097 71 31 wo
597 1081 62 47 sie
699 1080 124 48 nicht
851 1080 119 47 bloss
999 1080 64 47 als
1093 1078 354 66 durchgehende
1478 1081 240 48 auftreten.

290 1158 138 47 Diese
459 1156 244 48 Bedenken
745 1158 167 63 mögen
948 1155 85 49 den
1065 1156 249 56 Verfasser,
1350 1156 86 49 den
1468 1157 82 47 wir
1580 1156 111 48 hoch-

193 1236 164 47 achten
402 1237 89 45 und
529 1235 158 47 dessen
729 1233 430 65 contrapunktische
1202 1235 271 47 Kenntnisse
1503 1235 83 48 wir
1614 1235 105 47 sehr

191 1312 314 57 anerkennen,
534 1311 308 65 überzeugen,
871 1311 101 48 dass
1003 1311 81 48 wir
1112 1311 122 48 seine
1262 1311 221 48 Arbeiten
1511 1312 207 47 schätzen

191 1388 94 50 und
315 1388 124 49 einer
467 1387 314 66 eingehenden
812 1387 275 48 Durchsicht
1126 1387 306 48 vollkommen
1461 1387 146 48 werth
1638 1405 52 47 ge-

193 1467 152 47 halten
371 1466 163 48 haben.
566 1465 78 48 Ob
674 1481 46 32 es
750 1465 112 48 aber
891 1465 76 47 für
997 1465 86 47 den
1107 1465 165 47 Zweck
1304 1465 122 47 nicht
1450 1465 267 48 wirksamer

193 1547 141 53 wäre,
359 1560 131 30 wenn
513 1542 258 48 talentvolle
792 1543 178 62 Jünger
993 1539 80 49 der
1096 1541 117 48 alten
1237 1541 185 48 Meister
1442 1542 98 48 ihre
1563 1542 158 48 Kräfte

191 1621 86 48 auf
313 1619 71 49 die
428 1619 189 64 richtige
649 1618 279 65 Auffassung
970 1618 93 47 und
1092 1619 296 64 Darstellung
1417 1618 80 48 der
1527 1619 165 49 vorhan-

189 1697 151 48 denen
372 1696 180 50 Werke
583 1696 80 48 der
692 1697 134 47 Alten
856 1694 336 56 verwendeten,
1237 1697 63 47 als
1337 1696 80 48 auf
1440 1697 98 47 ihre
1568 1696 121 49 Nach-

191 1776 225 63 ahmung,
445 1774 79 47 das
553 1773 55 48 ist
636 1772 71 49 die
740 1774 166 63 Frage,
937 1772 110 48 oder
1075 1773 219 47 vielmehr
1323 1772 130 49 keine
1482 1774 167 64 Frage.

308 1853 115 47 Jene
453 1851 366 64 Bestrebungen,
862 1851 309 48 altkirchliche
1202 1851 207 64 Gesänge
1437 1868 52 31 zu
1521 1849 174 50 verbrei-

191 1938 93 50 ten,
325 1937 148 42 treten
503 1929 119 49 denn
652 1928 117 48 auch
801 1928 296 48 erfreulicher
1126 1928 160 50 Weise
1315 1928 164 48 immer
1506 1928 132 48 mehr
1665 1945 52 30 zu

193 2009 143 63 Tage.
386 2007 59 48 So
476 2007 55 47 ist
561 2006 72 48 bei
661 2004 173 50 Adrien
865 2006 39 47 le
934 2004 132 50 Clere
1096 2003 42 51 &
1168 2004 160 65 Comp,
1357 2006 43 47 in
1430 2006 128 48 Paris
1588 2004 104 49 kürz-

191 2086 87 48 lich
312 2086 98 48 eine
439 2084 273 64 Sammlung
743 2101 83 30 von
851 2083 433 65 Kirchengesängen
1315 2100 79 31 aus
1425 2083 101 48 dem
1552 2083 143 50 Mittel-

191 2163 116 47 alter
344 2178 84 32 von
467 2160 164 50 Felix
671 2160 251 53 Clement
965 2167 132 40 unter
1135 2158 103 49 dem
1279 2160 141 49 Titel:
1464 2157 138 53 Choix

197 2237 301 70 Principales
525 2237 254 66 Sequences
1449 2238 65 48 du
1661 2235 73 51 Mo
1300 2238 277 48 erschienen.
1633 2239 86 47 Die

191 2315 164 50 Arbeit
382 2315 56 47 ist
467 2332 76 30 um
572 2331 49 31 so
652 2314 130 48 mehr
811 2332 54 29 zu
894 2314 223 56 schätzen,
1162 2315 62 46 als
1254 2314 70 48 die
1355 2315 209 64 Gesänge
1604 2314 117 48 auch

193 2394 131 48 einen
354 2394 187 62 Beitrag
569 2409 78 31 zur
678 2390 270 50 Geschichte
978 2390 81 50 der
1088 2392 385 64 Harmonisirung
1503 2392 80 48 der
1614 2393 78 46 Kir-

193 2470 376 49 chen-Tonarten
591 2468 171 49 liefern.
793 2468 108 48 Wir
924 2468 151 47 finden
1099 2484 87 31 nur
1209 2468 412 49 Perfect-Accorde
1644 2469 80 47 mit

193 2549 124 47 ihrer
346 2554 149 41 ersten
525 2545 315 65 Umkehrung.
898 2545 157 47 Dieses
1083 2545 175 65 System
1291 2545 80 49 der
1400 2547 199 47 Perfect-
1630 2545 92 49 und

194 2623 488 51 Terz-Sext-Accorde
722 2623 54 48 ist
810 2639 82 32 von
925 2623 342 63 Capelimeister
1298 2623 207 48 Clement
1534 2623 114 49 auch
1679 2623 44 48 in

194 2704 81 48 der
299 2702 414 66 Orgelbegleitung
735 2708 152 56 streng
913 2699 313 65 festgehalten,
1257 2699 93 48 und
1380 2717 45 31 es
1455 2700 149 48 dürfte
1627 2699 92 49 dies

194 2780 276 50 namentlich
514 2780 75 46 für
617 2780 113 46 Jene
769 2776 247 50 belehrend
1046 2778 112 57 sein,
1201 2778 172 47 welche
1399 2794 55 32 an
1487 2778 80 48 der
1595 2779 103 47 Fest-

197 2859 193 62 haltung
420 2856 142 49 dieses
593 2854 578 51 charakteristischen
1204 2856 198 64 Systems
1433 2855 70 48 bei
1530 2855 80 48 der
1633 2855 60 48 Or-

195 2935 346 65 gelbegleitung
560 2935 186 46 Anstoss
769 2933 212 48 nehmen.
1014 2933 155 47 Durch
1195 2933 307 64 Anwendimg
1531 2931 196 50 anderer

198 3013 208 49 Accorde
443 3011 192 49 würden
673 3010 230 65 derartige
933 3010 208 65 Gesänge
1187 3010 288 48 modernisirt
1505 3010 92 48 und
1628 3010 74 64 gin-

199 3108 88 34 gen
317 3090 121 47 ihres
470 3088 276 49 Charakters
786 3086 227 59 verlustig.
1070 3086 216 50 Darüber
1314 3086 95 49 sind
1442 3088 84 48 alle
1555 3088 143 47 Musik-

199 3168 238 64 gelehrten
480 3167 144 64 einig;
671 3166 81 47 wir
795 3182 178 31 nennen
1004 3166 121 47 Fetis
1154 3173 108 40 statt
1290 3166 126 47 Aller
1458 3164 273 66 (vergleiche

199 3246 122 47 seine
359 3244 284 65 eingehende
680 3243 326 64 Besprechung
1036 3243 76 48 des
1142 3243 319 64 Orgelbuches
1497 3260 100 30 zum
1628 3243 68 49 En-

200 3319 228 54 chiridion
456 3339 83 31 von
572 3320 390 50 Mettenleiter
992 3321 43 47 in
1058 3321 83 49 der
1158 3321 159 50 Revue
1345 3319 252 52 et'Gazeite
1618 3318 74 50 Mu-

200 3398 168 66 sicale).
426 3401 136 45 Diese
593 3400 208 62 Gesänge
840 3397 240 49 verdienen
1123 3399 216 64 übrigens
1371 3399 115 47 auch
1518 3415 79 31 aus
1628 3397 101 48 dem

205 3477 189 49 Grunde
431 3477 44 47 in
508 3476 160 47 weiten
699 3476 192 48 Kreisen
922 3474 327 66 Verbreitung,
1293 3476 57 48 da
1391 3477 61 47 sie
1500 3476 75 47 für
1618 3476 116 56 eine,

203 3556 110 47 zwei
357 3554 111 49 oder
510 3554 94 47 drei
636 3554 323 63 Singstimmen
1000 3553 299 64 geschrieben
1338 3553 90 48 und
1468 3553 134 48 leicht
1633 3569 75 32 aus-

205 3632 201 49 führbar
433 3631 112 50 sind.
605 3631 106 49 Wir
743 3630 227 48 verfehlen
1002 3631 141 48 daher
1173 3632 137 55 nicht,
1340 3630 215 49 Freunde
1587 3631 122 47 kirch-

203 3710 143 49 licher
379 3709 178 50 Werke
587 3708 167 50 darauf
779 3707 308 49 aufmerksam
1119 3727 52 30 zu
1202 3709 204 49 machen.

1482 3786 55 46 R.
1580 3785 40 47 J.

2362 236 97 54 Aus
2500 235 234 56 Dresden.

1873 337 79 44 -fff
1981 336 72 34 Am
2079 335 57 39 17.
2158 338 32 36 d.
2213 339 89 38 Mts.
2319 339 73 47 gab
2422 339 63 35 der
2512 340 144 35 Pianist
2684 342 97 35 Herr
2807 342 200 49 Ludwig
3034 345 113 34 Hart
3158 355 153 34 mann,

1796 397 62 34 Ihr
1877 397 244 35 Landsmann
2147 410 87 23 vom
2262 399 280 44 Niederrheine,
2571 400 82 35 eine
2676 402 126 36 Soiree
2824 405 51 33 im
2893 404 108 34 Saale
3031 405 63 35 des
3124 405 115 35 Hotel
3266 404 47 38 de

1797 454 116 47 Saxe,
1954 457 39 32 in
2022 455 163 35 welcher
2213 468 38 23 er
2278 459 80 33 sein
2388 458 161 35 schönes
2578 459 146 49 Talent,
2768 461 64 36 das
2872 464 78 33 ihm
2989 464 81 35 hier
3114 465 83 34 eine
3226 464 86 36 sehr

1793 515 198 46 geachtete
2015 514 173 48 Stellung
2215 517 201 34 verschafft
2444 518 75 43 hat,
2548 529 75 24 von
2651 520 143 35 Neuem
2821 522 201 36 bewährte.
3078 524 130 34 Durch
3236 524 74 34 alle

1795 574 154 45 Stücke,
1980 574 59 34 die
2068 585 39 24 er
2133 579 177 42 vortrug:
2341 576 139 35 Sonate
2510 577 69 46 Op.
2604 576 47 38 96
2679 580 59 34 für
2765 581 118 35 Piano
2912 583 77 33 und
3016 583 150 34 Violine
3196 583 114 46 (Herr

1795 633 268 47 Seelmann)
2092 645 74 24 von
2195 635 231 43 Beethoven,
2462 636 184 35 Notturno
2676 637 86 48 (Op.
2792 637 58 47 15,
2879 641 61 36 Nr.
2971 640 37 47 2)
3035 654 76 22 von
3138 643 40 35 F.
3210 643 75 35 Cho-

1794 694 76 45 pin,
1898 694 202 34 Polonaise
2129 693 87 46 (Op.
2239 690 64 49 72)
2331 706 75 23 von
2437 696 43 38 C.
2507 696 53 36 M.
2587 708 35 23 v.
2644 697 149 45 Weber,
2832 698 88 36 Trio
2949 699 44 36 de
3023 699 118 37 Salon
3169 701 77 45 (Nr.
3269 700 38 46 2)

1792 765 77 24 von
1898 754 45 36 A.
1974 753 41 35 C.
2044 753 150 35 Franck
2235 753 84 46 (mit
2360 755 70 34 den
2465 756 147 34 Herren
2650 756 254 37 Seelmann
2945 760 78 33 und
3063 760 243 48 Kummer),

1792 813 204 34 Phantasie
2027 812 88 45 (Die
2144 813 231 46 Nachtigall)
2404 825 75 23 von
2507 816 42 35 F.
2578 816 103 34 Liszt
2722 817 78 35 und
2827 818 349 45 Bravour-Walzer,
3205 831 82 24 coni-

1792 874 128 45 ponirt
1961 884 87 23 vom
2084 872 289 48 Concerigeber,
2416 877 144 33 ärntete
2601 887 39 23 er
2681 877 71 34 den
2791 877 251 36 lebhaftesten
3068 878 138 35 Beifall
3245 879 64 35 der

1793 932 239 37 zahlreichen
2077 934 306 38 Zuhörerschaft.
2438 935 68 35 Als
2552 936 220 47 Componist
2811 939 125 35 führte
2984 951 39 23 er
3059 939 82 35 sich
3181 950 129 24 ausser

1793 993 117 36 durch
1940 994 64 34 das
2032 999 188 41 genannte
2240 995 283 35 Bravourstück
2550 996 98 34 noch
2678 997 117 36 durch
2823 1000 94 33 zwei
2937 999 104 35 recht
3060 1000 141 35 schöne
3224 1000 64 33 Lie-

1792 1053 64 35 der
1895 1055 60 34 ein
1997 1053 103 47 („Ja,
2130 1055 48 34 du
2206 1055 74 35 bist
2470 1066 77 23 von
2574 1056 135 46 Heine,
2750 1058 78 34 und
2858 1059 148 45 „Wenn
3034 1059 64 35 der
3124 1058 186 46 Frühling

1792 1114 68 34 auf
1884 1114 59 34 die
1971 1115 120 45 Berge
2286 1125 73 24 von
2382 1114 324 48 Mirza-Schaffy),
2735 1117 142 34 welche
2905 1118 99 35 Frau
3030 1119 279 44 Bürde-Ney

1790 1172 240 37 bezaubernd
2057 1179 166 40 vortrug.
2253 1174 71 34 Ein
2352 1184 96 35 ganz
2477 1174 226 35 besonderes
2728 1176 184 35 Interesse
2942 1178 132 34 erhielt
3101 1179 59 34 die
3169 1178 140 35 »Soiree

1790 1233 90 35 aber
1907 1234 100 34 noch
2035 1234 180 44 dadurch,
2244 1235 84 35 dass
2354 1234 57 34 die
2434 1246 128 34 grosse
2585 1235 219 35 Künstlerin
2833 1237 117 34 zwei
2977 1237 177 35 Lieder
3182 1238 126 45 (neu,

1790 1295 72 33 wie
1891 1294 64 35 das
1983 1295 221 45 Programm
2244 1294 162 46 besagt),
2447 1306 76 23 von
2564 1296 207 35 Eichard
2816 1296 201 47 Wagner
3057 1298 252 47 gedichtet

1790 1353 77 35 und
1896 1355 291 46 componirt,
2218 1358 178 42 vortrug:

2403 1431 96 34 Der
2538 1431 163 46 Engel»

2126 1502 45 32 In
2198 1499 64 35 der
2289 1499 183 35 Kindheit
2499 1500 134 34 frühen
2663 1502 132 45 Tagen

2050 1560 99 34 Hört
2152 1559 6 13 1
2187 1560 62 34 ich
2279 1560 53 34 oft
2358 1571 76 22 von
2461 1560 147 45 Engeln
2636 1572 126 35 sagen,

2051 1621 73 33 Die
2152 1621 64 34 des
2244 1619 188 35 Himmels
2460 1619 114 35 hehre
2603 1621 149 35 Wonne

2052 1681 200 34 Tauschen
2279 1682 68 32 mit
2376 1680 65 34 der
2469 1680 256 44 Erdensonne,

2051 1740 110 44 Dass,
2190 1752 58 23 wo
2276 1739 111 47 bang'
2420 1741 59 33 ein
2509 1741 99 34 Herz
2637 1741 39 33 in
2707 1741 142 47 Sorgen

2055 1800 241 35 Schmachtet
2323 1812 69 23 vor
2420 1800 64 35 der
2512 1800 103 36 Welt
2640 1800 221 49 verborgen,

2053 1860 111 45 Dass,
2194 1873 57 23 wo
2281 1861 77 35 still
2387 1872 39 23 es
2454 1859 77 36 will
2559 1860 198 35 verbluten

2053 1922 88 35 Und
2164 1920 182 49 vergeh'n
2372 1922 39 33 in
2440 1921 310 45 Thränenfluten,

2055 1983 113 47 Dass,
2197 1993 57 23 wo
2282 1983 173 45 brünstig
2483 1983 80 33 sein
2594 1981 122 35 Gebet

2053 2044 137 45 Einzig
2218 2054 64 23 um
2310 2042 192 47 Erlösung
2529 2042 100 43 fleht,

2051 2103 61 35 Da
2140 2103 64 35 der
2231 2101 122 48 Engel
2382 2101 301 37 niederschwebt

2052 2163 88 34 Und
2168 2174 38 23 es
2235 2164 98 33 sanft
2359 2174 75 35 gen
2462 2162 167 35 Himmel
2657 2160 100 37 hebt.

2130 2242 62 41 Ja,
2223 2251 40 23 es
2291 2241 97 45 stieg
2416 2240 98 35 auch
2542 2240 71 34 mir
2641 2240 61 34 ein
2728 2235 122 49 Engel
2876 2236 140 44 nieder,

2053 2300 87 36 Und
2169 2301 68 33 auf
2261 2299 266 35 leuchtendem
2555 2300 171 34 Gefieder

2051 2361 122 34 Führt
2202 2370 38 24 er
2269 2361 104 33 ferne
2394 2359 115 45 jeden
2538 2359 191 45 Schmerz,

2057 2420 152 34 Meinen
2241 2419 105 34 Geist
2371 2430 78 22 nun
2478 2418 281 36 himmelwärts.

2402 2495 23 35 S
2441 2494 103 35 clim
2557 2506 47 23 er
2617 2507 18 21 z
2649 2506 65 26 en,

2133 2565 137 43 Sonne,
2301 2564 155 35 weinest
2476 2563 115 45 jeden
2618 2562 135 35 Abend

2056 2627 70 33 Dir
2153 2626 59 33 die
2240 2625 167 34 schönen
2436 2625 137 45 Augen
2598 2623 97 43 roth,

2058 2688 125 34 Wenn
2212 2687 51 32 im
2293 2683 292 47 Meeresspiegel
2613 2681 147 37 badend

2060 2748 99 34 Dich
2189 2746 158 35 erreicht
2377 2746 63 34 der
2466 2745 108 34 frühe
2603 2743 100 44 Tod;

2135 2825 109 34 Doch
2272 2822 171 37 erstehest
2469 2823 39 33 in
2538 2821 92 35 aller
2658 2821 151 43 Pracht,

2061 2886 128 35 Glorie
2219 2886 63 33 der
2310 2884 153 35 düstern
2489 2882 114 44 Welt,

2060 2949 63 33 Du
2152 2958 59 22 am
2239 2947 169 45 Morgen,
2439 2956 74 23 neu
2542 2943 176 46 erwacht,

2060 3008 85 34 Wie
2174 3008 58 33 ein
2263 3006 137 35 stolzer
2429 3002 216 49 Siegesheld
2658 3002 7 33 i

2138 3085 95 43 Ach,
2264 3085 71 34 wie
2364 3083 109 36 sollte
2501 3083 62 34 ich
2592 3081 45 34 da
2665 3079 152 47 klagen,

2062 3146 98 44 Wie,
2189 3144 101 34 mein
2319 3144 113 42 Herz,
2462 3153 39 23 so
2532 3141 144 35 schwer
2707 3138 87 37 dich
2820 3136 66 38 seh
2890 3136 6 13 1
2902 3148 35 32 !!,

2062 3206 108 34 Muss
2199 3204 57 34 die
2286 3204 125 35 Sonne
2439 3203 117 35 selbst
2582 3211 201 36 verzagen,

2060 3267 106 35 Muss
2196 3266 59 34 die
2284 3265 126 35 Sonne
2436 3260 252 49 untergeh'n?

2140 3343 87 36 Und
2252 3342 169 47 gebieret
2448 3340 83 35 Tod
2558 3351 71 24 nur
2656 3338 141 45 Leben,

2067 3405 130 36 Geben
2227 3404 228 35 Schmerzen
2483 3403 177 33 Wonnen
2681 3410 92 23 nur:

2067 3466 43 44 O,
2142 3466 69 34 wie
2241 3463 110 35 dank'
2379 3462 74 43 ich,
2484 3462 86 34 dass
2598 3459 170 47 gegeben

2068 3525 138 36 Solche
2235 3524 228 35 Schmerzen
2491 3522 72 34 mir
2590 3519 137 36 Natur!

2106 3736 183 71 Tages-
2330 3734 100 54 und
2459 3734 580 73 Unterhaltungs-Blatt.

2372 3839 58 38 17.
2460 3837 228 38 November»
2742 3833 162 38 Neulich
2942 3832 142 35 konnte
3118 3829 61 36 icli
3215 3827 123 37 Ihnen

1814 3919 71 23 nur
1914 3907 95 35 eben
2037 3903 283 49 telegraphisch
2349 3901 71 35 den
2449 3898 131 46 Erfolg
2609 3895 161 44 melden,
2800 3905 71 23 uen
2900 3892 57 34 die
2984 3898 95 27 eiste
3098 3888 240 45 Aufführung

1814 3980 76 24 von
1929 3968 45 36 F.
2011 3963 204 38 Hillens
2258 3963 100 46 Oper
2397 3960 109 46 „Die
2950 3951 67 34 auf
3055 3949 84 35 dem
3166 3948 175 47 hiesigen

1816 4029 225 36 Hoftheater
2070 4038 59 23 am
2159 4022 58 38 14.
2246 4020 212 39 November
2486 4018 141 47 gehabt
2653 4017 113 35 hatte.
2820 4014 125 34 Heute
2984 4010 104 36 kann
3130 4008 62 36 ich
3220 4008 120 34 Ihnen
