3167 4381
141 97 89 33 Kleid,
261 98 56 28 den
345 96 137 29 Schleier
510 105 58 19 vor
598 96 69 28 dem
695 96 119 28 stolzen
842 95 120 29 weißen
992 95 41 29 Ge-

141 148 88 34 sicht,
258 148 66 28 eine
352 147 94 29 Gerte
475 148 27 27 in
534 148 52 27 der
614 146 100 34 Hand,
742 149 46 26 tot
815 147 51 28 auf
894 147 70 28 dem
992 145 61 29 Hof

142 200 54 27 des
219 198 174 29 Schlosses.

218 249 43 28 Im
291 249 87 33 Volk,
407 249 49 28 bei
489 249 57 28 den
578 248 152 29 Schiffern
762 249 59 28 und
852 247 182 30 Vorstadtar-

141 301 118 28 beitern
282 300 155 29 munkelte
459 307 80 26 man,
560 307 92 20 wenn
676 300 53 28 der
749 300 128 28 finstere
899 298 103 29 Baron
1025 299 28 28 in

141 352 116 28 seinem
287 350 184 30 schwarzen
499 350 218 29 Ledermantel
747 350 206 34 vorüberritt;
1005 349 48 28 die

140 402 114 32 Kinder
277 402 139 29 schrieen
441 409 58 21 vor
523 401 60 28 ihm
605 402 60 33 auf,
686 401 120 29 warfen
829 401 99 28 kleine
952 399 85 29 Stein-

141 453 77 28 chen
251 454 76 28 nach
359 453 69 31 ihm,
458 452 150 29 schössen
640 453 53 28 mit
726 453 69 27 dem
826 451 145 33 Katapult
1002 450 52 29 auf

140 505 105 29 seinen
270 503 128 34 Hengst.

217 555 56 28 Die
292 554 136 30 Tochter
451 557 83 28 eines
556 554 180 33 Ratsherrn,
758 555 46 27 ein
825 553 228 32 schmächtiges

140 606 192 29 hellblondes
362 605 164 31 Mädchen,
559 606 54 28 sah
644 605 59 29 ihm
734 613 72 20 vom
838 604 131 28 Fenster
997 611 56 21 aus

141 658 87 28 nach.
276 656 48 30 Ihr
352 660 100 26 traten
481 657 122 29 Tränen
652 658 26 26 in
727 656 47 28 die
822 655 231 33 taubengrauen

140 709 116 33 Augen,
279 717 90 20 wenn
393 709 47 28 die
465 707 129 30 Männer
618 707 172 34 ingrimmig
813 714 61 21 von
901 707 69 28 dem
992 705 41 29 Ge-

140 760 105 28 schick
266 761 55 29 des
342 760 183 28 schwarzen
545 758 116 32 Ritters
677 752 174 40 'sprachen;
875 758 43 28 sie
939 757 115 29 weinte

141 813 26 26 in
188 812 97 28 ihrem
305 810 133 29 Zimmer
460 819 50 20 um
531 809 47 29 ihn
602 810 59 27 und
681 817 67 20 war
772 809 83 28 eines
877 808 104 34 Tages
1004 807 50 29 auf

141 863 117 29 seinem
277 862 147 29 Schlosse
442 863 59 27 und
520 861 108 28 wurde
649 861 83 28 seine
752 859 90 30 Frau.
862 860 65 28 Alle
948 862 88 31 angst-

141 913 103 29 vollen
277 912 276 33 Beschwörungen
587 912 54 28 der
672 910 212 30 Verwandten
916 910 136 29 konnten

141 965 64 29 dies
228 964 80 30 nicht
328 964 196 28 verhindern.
547 962 137 29 Scharen
705 971 62 20 von
790 962 155 30 tobenden
966 959 66 30 Men-

141 1016 93 28 schen
262 1016 133 28 wälzten
425 1015 63 29 sich
518 1015 75 28 über
623 1015 57 28 den
710 1013 131 29 dunklen
868 1012 81 34 Weg
976 1011 77 29 nach

141 1067 70 28 dem
233 1065 122 35 Schloß,
378 1066 78 29 noch
481 1065 55 29 ehe
560 1067 46 26 ein
630 1064 110 30 Monat
760 1063 194 30 verstrichen
977 1071 76 24 war,

141 1118 45 28 als
214 1126 69 21 man
316 1118 46 28 die
390 1117 113 28 Leiche
535 1117 55 30 des
619 1116 95 29 süßen
745 1115 193 33 Geschöpfes
969 1115 84 27 eines

139 1169 127 28 Abends
292 1177 38 20 an
358 1169 70 28 dem
454 1167 307 30 Mauerdurchbruch
786 1166 81 28 fand.
912 1164 57 30 Die
992 1164 42 28 Po-

141 1220 66 29 lizei
233 1221 153 32 umringte
411 1220 54 29 das
491 1218 113 30 Schloß
630 1227 69 20 zum
723 1217 124 34 Schutz,
872 1217 54 28 der
950 1215 103 29 Baron

140 1272 109 28 wurde
275 1272 26 27 in
329 1270 73 30 Haft
428 1279 193 25 genommen.
668 1269 64 29 Das
758 1268 126 28 Gericht
910 1267 144 33 verfügte

142 1323 46 28 die
216 1322 230 34 Exhumierung
474 1323 52 27 der
556 1322 109 27 beiden
696 1323 102 26 ersten
828 1318 130 35 Frauen,
1007 1318 47 27 die

141 1383 119 25 genaue
290 1374 175 29 chemische
494 1373 137 33 Analyse
663 1373 53 27 der
748 1371 63 28 drei
840 1370 133 28 Leichen
1005 1368 50 29 auf

143 1425 167 29 Giftstoffe.
381 1424 56 29 Die
467 1422 239 33 Untersuchung
737 1422 81 29 blieb
850 1420 203 35 ergebnislos.

142 1476 63 29 Der
236 1476 103 29 Baron
371 1476 108 29 wurde
511 1475 51 28 auf
592 1474 96 28 freien
721 1472 62 30 Fuß
816 1474 132 32 gesetzt,
999 1472 55 28 das

141 1528 78 29 Volk
239 1528 138 29 streckte
399 1526 198 33 ohnmächtig
618 1526 47 28 die
686 1524 109 30 Hände
818 1524 76 29 nach
918 1523 61 29 ihm
1000 1531 55 21 aus

141 1580 61 28 und
225 1580 106 28 wollte
355 1579 48 28 ihn
429 1577 169 33 zerreißen,
643 1577 45 28 als
733 1585 32 19 er
810 1576 104 28 seinen
941 1573 96 33 Revol-

141 1639 57 20 ver
241 1631 27 27 in
312 1630 53 28 der
405 1629 125 29 rechten
573 1628 100 34 Hand,
715 1628 150 32 langsam,
907 1625 147 29 höhnisch

142 1682 140 33 lachend,
310 1681 76 29 nach
416 1681 52 28 der
496 1679 97 30 Heide
620 1679 173 28 hinausritt.

218 1733 67 29 Von
315 1741 60 20 nun
404 1740 37 21 an
472 1732 81 28 mied
583 1740 32 19 er
647 1731 47 28 die
726 1730 88 29 Stadt
844 1728 103 33 völlig.
1016 1726 40 30 Er

141 1785 111 28 hauste
282 1784 89 29 allein
402 1785 27 26 in
463 1784 53 27 der
545 1782 113 35 Heide;
710 1790 56 20 nur
798 1780 63 30 sein
893 1779 163 32 Reichtum

141 1836 73 28 hielt
239 1836 47 28 die
311 1834 216 30 Dienerschaft
552 1835 40 27 im
617 1832 113 30 Schloß
755 1832 124 28 zurück.

218 1886 47 29 Da
286 1886 123 29 landete
434 1886 85 29 eines
538 1884 103 34 Tages
664 1885 67 28 eine
753 1883 99 28 kleine
875 1881 100 29 Yacht
998 1889 58 20 vor

143 1939 54 28 der
228 1938 100 28 Stadt.
407 1937 54 28 Ein
494 1937 151 28 silbernes
675 1935 85 28 Horn
792 1935 76 28 blies
901 1933 75 29 über
1009 1932 47 28 die

141 1989 114 34 Heide;
305 1988 62 29 Miß
397 1987 111 30 Ilsebill
538 1987 188 30 kutschierte
758 1987 46 27 ein
835 1984 201 33 Schimmelge-

144 2050 98 24 spann
270 2040 94 29 durch
391 2040 47 28 die
464 2039 94 33 glatte
584 2037 161 30 Chaussee
772 2036 78 29 nach
878 2036 53 28 der
959 2034 98 30 Stadt.

143 2092 30 28 In
205 2093 68 28 dem
303 2090 132 30 Gasthof
463 2098 49 21 am
539 2088 105 30 Markt
673 2089 129 33 logierte
832 2088 44 28 sie
905 2086 64 30 sich
1000 2086 56 28 ein.

143 2143 51 28 Sie
221 2142 101 33 fragte
350 2142 56 28 den
435 2140 79 29 Wirt
542 2140 77 28 nach
647 2140 69 28 dem
741 2138 103 29 Baron
872 2137 98 28 Paolo
996 2136 60 29 und

143 2194 118 28 seinem
278 2192 187 29 verrufenen
487 2190 128 36 Schloß;
639 2191 43 29 sie
703 2191 99 32 fragte
822 2197 70 20 zum
913 2188 143 32 zweiten,

144 2245 39 28 ob
208 2245 75 30 jetzt
306 2243 79 29 noch
409 2244 66 28 eine
499 2242 80 29 Frau
601 2242 49 28 bei
676 2241 59 28 ihm
759 2242 102 33 wäre;
887 2241 44 27 sie
955 2239 101 33 fragte

144 2304 70 20 zum
242 2296 122 32 dritten,
391 2303 51 20 wo
470 2295 43 28 sie
543 2293 48 28 ihn
618 2292 94 29 sehen
740 2292 110 28 könne.
917 2290 55 28 Bei
1000 2290 57 28 den

145 2346 137 34 Rennen,
314 2347 47 27 die
392 2353 127 25 morgen
551 2346 27 26 in
609 2343 156 34 Stirming,
816 2343 70 27 dem
914 2341 144 32 Vororte,

145 2398 199 29 stattfänden.

512 2439 98 27 Schluß
630 2438 65 33 folgt

142 2711 369 59 Zwischen
559 2710 184 58 Russ
791 2706 140 59 und

145 2814 241 59 Rauch

141 2912 93 34 Von
257 2911 103 33 Paul
382 2910 113 33 Zech

146 2977 57 29 Die
224 2975 138 30 Einfahrt

146 3046 65 28 Das
235 3045 106 28 eichne
362 3043 71 33 Tor,
456 3043 52 28 mit
532 3040 146 29 Stacheln
702 3038 115 30 schroff
840 3036 141 33 bezackt,

145 3097 95 30 Fährt
261 3094 195 33 widerwillig
477 3101 55 21 aus
553 3093 57 28 den
629 3090 226 33 Eisenkappen.

146 3149 132 28 Schwer
302 3147 75 28 über
401 3144 164 30 schwarze
589 3141 234 30 Pflastersteine
847 3138 133 33 klappen

146 3200 66 29 Viel
242 3197 215 35 Nägelschuhe
487 3193 232 30 mörderischen
748 3190 90 29 Takt.

147 3303 70 28 Wie
242 3304 66 27 eine
332 3301 91 29 blöde
449 3296 240 31 Hammelherde
716 3294 110 32 drängt

147 3355 62 29 Der
231 3354 103 32 Trupp
358 3352 64 30 sich
446 3352 27 27 in
498 3350 55 28 das
573 3345 197 31 Fröstellicht
793 3344 53 28 der
867 3342 137 32 Lampen

150 3406 59 29 und
232 3405 129 32 stolpert
383 3402 144 33 schläfrig
549 3400 75 28 über
646 3397 77 29 rund
743 3394 158 35 gewölbte
922 3391 137 33 Rampen

149 3457 47 30 bis
219 3456 48 28 ihn
294 3455 52 28 der
367 3454 100 28 Dunst
491 3453 54 28 der
566 3449 88 29 Halle
676 3446 119 32 schwül
818 3443 166 34 empfängt.

150 3559 63 29 Der
237 3558 122 32 Steiger
381 3556 82 34 prüft
486 3555 48 29 die
557 3550 256 32 aufmarschierte
835 3545 112 30 Fracht

151 3610 69 28 Und
244 3610 67 28 liest
333 3605 198 31 mechanisch
555 3605 60 28 und
637 3597 255 34 kommandolaut

153 3662 46 27 die
216 3660 205 29 aufnotierten
438 3657 117 29 Namen
572 3663 56 21 aus
648 3656 53 27 der
718 3652 94 28 Liste.

153 3763 87 29 Dann
262 3760 137 30 knirscht
421 3760 53 28 der
496 3756 214 34 Dampfstrom
729 3754 75 28 über
825 3752 47 28 die
892 3749 133 28 Gelüste

153 3814 61 29 und
233 3813 77 29 zehn
332 3821 37 19 zu
389 3810 76 30 zehn
488 3810 28 28 in
537 3807 109 33 Käfige
668 3806 150 31 verstaut,

154 3864 129 32 schnellt
301 3864 44 28 sie
367 3863 54 28 das
440 3861 62 28 Seil
520 3859 142 28 hinunter
681 3857 28 27 in
729 3856 57 26 den
808 3850 142 31 Schacht.

153 3970 63 29 Der
234 3969 105 28 Hauer

1134 95 45 29 Im
1198 94 150 30 Flackern
1371 97 55 29 des
1448 96 167 31 verrußten
1636 96 216 33 Grubenlichts

1134 145 98 29 blinkt
1249 147 54 29 der
1320 146 186 30 halbnackte
1524 147 118 33 Körper
1660 148 61 28 wie
1740 147 155 30 metallen.

1134 195 268 35 Schweißtropfen
1425 199 134 33 stürzen,
1582 199 186 32 perlenrund
1790 200 40 27 im
1852 197 113 36 Fallen,

1136 255 54 20 aus
1214 248 57 28 den
1293 249 76 27 weit
1389 247 100 30 offnen
1513 247 103 30 Poren
1640 249 54 29 des
1717 249 154 29 Gesichts.

1134 346 40 29 Er
1198 350 113 26 summt
1333 350 47 27 ein
1402 349 140 29 dummes
1562 348 194 30 Straßenlied
1776 358 71 20 zum
1869 350 80 30 Takt

1138 397 52 29 der
1209 397 150 31 Hämmer
1379 400 61 28 und
1461 399 69 29 dem
1551 399 83 34 Spiel
1656 401 54 29 der
1730 400 91 30 Eisen

1137 450 60 27 und
1214 449 103 29 stockt
1334 458 56 21 nur
1406 451 61 28 wie
1484 459 63 20 von
1561 448 105 39 Jähem
1681 451 137 29 Schreck
1834 452 141 34 gepackt,

1136 559 92 20 wenn
1249 552 103 28 hinten
1370 553 74 28 weit
1465 553 40 28 im
1524 552 198 35 abgeteuften
1743 552 117 30 Stollen

1135 601 253 34 Sprengschüsse
1408 603 105 34 dumpf
1529 604 61 28 wie
1607 602 254 35 Donnerschläge
1879 605 94 28 rollen

1135 653 60 28 und
1225 653 103 29 stockt
1356 656 60 28 und
1446 653 61 29 läßt
1538 655 46 27 die
1613 654 115 34 Lampe
1759 656 125 28 dreimal
1913 655 131 30 kreisen.

1136 755 43 28 Im
1197 755 147 30 Dämmer

1137 831 43 28 Im
1199 831 184 29 schwarzen
1402 832 122 34 Spiegel
1545 834 54 28 der
1618 832 116 32 Kanäle
1754 832 92 30 zuckt

1138 882 47 28 die
1209 882 94 30 bunte
1324 882 211 30 Lichterkette
1559 883 53 29 der
1633 882 163 30 Fabriken.

1137 932 56 29 Die
1214 933 126 29 niedren
1361 933 130 31 Straßen
1512 935 67 29 sind
1599 935 47 29 bis
1667 942 69 20 zum
1756 933 161 30 Ersticken

1138 984 54 27 mit
1215 983 106 32 Rauch
1343 985 250 35 geschwängert,
1618 985 56 28 den
1698 986 45 27 ein
1769 983 163 31 Windstoß

1327 1036 212 30 niederduckt.

1136 1136 52 30 Ein
1219 1136 272 36 Menschentrupp,
1521 1147 73 20 vom
1623 1138 204 30 Frohndienst
1856 1138 190 34 abgehärmt,

1138 1188 165 29 schwankt
1331 1189 209 34 schweigsam
1567 1190 27 28 in
1623 1190 47 27 die
1700 1188 167 29 ärmlichen
1895 1189 151 35 Kabinen;

1137 1239 88 31 indes
1248 1239 64 30 sich
1335 1241 27 28 in
1388 1241 57 28 den
1468 1241 173 33 qualmigen
1665 1239 151 32 Kantinen

1138 1291 45 28 die
1210 1291 72 28 tolle
1307 1291 120 33 Jugend
1452 1291 156 33 fuselselig
1635 1291 99 28 lärmt.

1137 1392 201 29 Nocheinmal
1366 1393 81 29 wirft
1474 1394 54 28 der
1555 1392 216 33 Drahtseilzug
1799 1393 55 28 mit
1881 1392 167 32 Kreischen

1141 1444 57 28 den
1219 1443 279 30 Schlackenschutt
1519 1444 140 29 hinunter
1681 1444 27 28 in
1731 1444 47 28 die
1799 1443 118 29 flachen

1140 1495 147 35 Gelände,
1313 1496 64 27 drin
1403 1496 52 27 der
1479 1494 260 33 Schwefelsumpf
1764 1494 132 29 erlischt.

1139 1596 79 29 Fern
1239 1597 75 28 aber
1335 1597 120 33 gähnen
1477 1596 105 34 schon,
1601 1604 61 20 von
1682 1595 113 34 Dampf
1814 1595 159 34 umzischt,

1141 1648 54 28 des
1212 1647 199 29 Walzwerks
1429 1646 241 34 zwiegespaitne
1689 1646 216 29 Feuerrachen
1922 1665 38 4 —

1140 1700 59 27 und
1221 1698 91 30 harrn
1336 1700 54 27 des
1411 1698 110 29 Winks
1545 1698 57 28 den
1623 1697 131 29 Himmel
1779 1706 35 20 zu
1839 1697 209 29 zerfleischen.

1139 2114 215 59 Briefe
1401 2113 177 58 nach
1630 2113 391 72 Norwegen

1138 2227 93 33 Von
1256 2226 91 34 Else
1372 2226 347 34 Lasker-Sehüler

1214 2326 111 28 Lieber
1346 2325 176 34 Herwarth,
1543 2326 47 28 ich
1610 2325 78 29 habe
1711 2326 69 28 dem
1800 2323 201 30 Dalai-Lama
2022 2325 28 27 in

1141 2376 89 29 Wien
1249 2377 47 28 für
1317 2377 47 28 die
1383 2376 112 29 Fackel
1514 2377 46 28 ein
1578 2375 193 34 Manuskript
1791 2375 169 34 geschickt.
1978 2373 73 30 Hier

1143 2428 46 28 die
1208 2427 167 30 Abschrift.

1216 2478 175 29 Wertester
1413 2478 209 35 Dalai-Lama,
1644 2478 71 29 sehr
1737 2477 144 34 geehrter
1901 2476 150 34 Minister,

1141 2531 47 28 ich
1217 2530 123 28 möchte
1369 2530 88 28 ihnen
1486 2532 99 26 etwas
1615 2537 74 21 vom
1718 2528 131 28 Himmel
1899 2526 152 34 erzählen,

1143 2582 57 27 den
1223 2580 47 30 ich
1292 2582 116 27 meiner
1432 2580 116 29 Mutter
1569 2581 124 27 widme.

1141 2632 79 29 Vom
1239 2632 133 29 Himmel

1219 2683 30 28 In
1269 2683 64 30 sich
1352 2682 70 29 muß
1444 2691 70 20 man
1535 2682 47 29 ihn
1604 2681 124 35 suchen,
1751 2690 32 19 er
1802 2680 84 29 blüht
1908 2688 48 20 am
1979 2680 59 27 lieb-

1143 2737 66 26 sten
1229 2735 39 26 im
1286 2733 180 30 Menschen.
1484 2732 69 30 Und
1571 2742 67 20 wer
1657 2733 48 28 ihn
1722 2732 153 34 gefunden
1894 2731 61 33 hat,
1974 2738 79 26 ganz

1142 2787 67 26 zart
1228 2785 89 31 noch,
1340 2786 46 28 ein
1407 2785 107 29 blaues
1533 2784 224 32 Verwundern,
1780 2784 46 28 ein
1848 2782 112 33 seliges
1980 2780 55 28 Auf-

1143 2836 129 33 blicken,
1293 2836 53 28 der
1366 2836 89 29 sollte
1474 2837 83 27 seine
1578 2834 89 29 Blüte
1685 2833 131 29 Himmel
1837 2831 129 35 pflegen.
1986 2831 67 28 Von

1143 2887 45 28 ihr
1208 2887 99 33 gehen
1328 2887 138 29 Wunder
1488 2895 69 27 aus;
1580 2885 160 33 unzählige
1758 2883 138 30 Wunder
1918 2883 135 33 ergeben

1143 2938 144 29 Jenseits.
1326 2938 120 32 Könnte
1465 2937 47 29 ich
1532 2946 55 20 nur
1608 2939 107 26 immer
1734 2944 50 20 um
1804 2935 79 28 mich
1903 2935 75 33 sein,
1999 2934 54 27 der

1142 2989 210 29 himmlischen
1380 2988 96 29 Beete
1502 2987 122 30 möchte
1651 2987 46 28 ich
1725 2987 116 28 ziehen.
1887 2984 69 30 Wie
1982 2992 71 20 man

1144 3040 150 29 versöhnt
1313 3041 53 28 mit
1385 3040 64 29 sich
1469 3041 64 28 sein
1554 3039 88 34 kann,
1662 3038 60 29 und
1740 3036 130 35 Eigenes
1891 3037 64 27 sein
1973 3034 60 29 Ewi-

1143 3099 55 25 ges
1222 3090 83 29 küßt.
1347 3090 94 30 Hätte
1463 3091 46 28 ich
1534 3092 27 29 je
1584 3091 87 27 einen
1695 3087 170 30 Menschen
1890 3095 34 20 so
1947 3093 85 21 unum-

1144 3141 129 30 stößlich
1297 3142 107 33 erlebt,
1428 3142 61 28 wie
1513 3141 46 28 ich
1583 3140 94 28 mich!
1722 3139 171 31 Zweitönig
1918 3136 135 34 Pochen,

1143 3195 177 27 vertrautes
1342 3192 187 29 Willkomm.
1573 3191 168 32 Rundeilen
1764 3190 98 27 meine
1884 3187 170 29 Gedanken

1144 3252 50 19 um
1218 3243 90 33 mich,
1346 3252 50 19 um
1423 3243 75 30 alles
1525 3243 104 28 Leben
1663 3261 38 2 —
1736 3241 54 28 das
1818 3241 37 27 ist
1884 3240 47 28 die
1958 3236 95 35 große

1143 3294 92 32 Reise
1258 3302 49 21 um
1333 3294 73 29 aller
1430 3294 122 29 Herzen
1576 3291 267 34 Schellengeläute
1865 3290 61 28 und
1950 3288 85 29 Geflü-

1143 3348 73 31 ster,
1240 3345 75 29 über
1339 3344 108 35 Wälle,
1474 3345 47 29 die
1547 3344 88 29 Jubel
1661 3342 140 33 aufwarf,
1827 3342 75 27 über
1928 3339 125 29 Gründe

1145 3396 52 28 der
1227 3395 261 36 Versunkenheit;
1518 3396 60 28 und
1606 3394 70 29 falle
1707 3395 28 27 in
1762 3391 129 35 Höhlen,
1922 3391 48 28 die
1999 3390 54 29 der

1143 3446 139 29 Schreck
1308 3447 76 33 grub
1411 3465 38 3 —
1475 3447 61 28 und
1564 3447 107 27 immer
1698 3445 118 28 wieder
1844 3443 84 28 seine
1956 3441 78 28 Herz-

1145 3497 104 33 tapfen
1275 3497 232 34 wiederfinden,
1535 3498 104 27 seinen
1666 3495 135 33 Blutton,
1825 3494 47 28 bis
1898 3501 70 20 man
1997 3492 56 28 den

1147 3550 103 28 ersten
1274 3548 212 33 Flügelschlag
1512 3549 28 27 in
1564 3547 64 29 sich
1653 3547 174 29 vernimmt,
1855 3545 64 28 sein
1944 3541 92 34 Engel-

1145 3600 128 28 werden
1290 3618 38 2 —
1345 3600 59 28 und
1422 3599 50 29 auf
1489 3598 64 29 sich
1571 3596 193 31 herabblickt
1780 3614 38 3 —
1835 3594 74 30 süße
1924 3592 129 34 Mystik.

1144 3649 70 29 Und
1227 3650 72 34 irrig
1315 3651 47 33 ist,
1381 3650 58 28 den
1455 3648 328 34 Himmelbegnadeten
1801 3647 87 28 einen
1903 3644 151 29 Träumer

1146 3709 36 20 zu
1197 3709 129 25 nennen,
1340 3701 70 28 weil
1428 3709 32 20 er
1477 3701 94 28 durch
1585 3699 152 33 Ewigkeit
1754 3696 135 29 wandelt
1906 3696 60 27 und
1985 3695 69 27 dem

1144 3751 130 29 Mensch
1301 3751 133 33 entkam,
1460 3751 74 29 aber
1559 3751 54 27 mit
1639 3749 75 28 Gott
1738 3747 125 29 lächelt:
1891 3744 44 30 St.
1961 3744 92 28 Peter

1145 3801 87 29 Hille.
1251 3821 39 3 —
1318 3802 77 30 Was
1425 3803 115 28 wissen
1571 3802 46 28 die
1647 3800 122 32 Armen,
1801 3798 97 28 denen
1929 3797 47 27 nie
2006 3795 47 28 ein

1144 3852 77 29 Blau
1242 3853 123 34 aufging
1387 3861 49 20 am
1456 3852 62 29 Ziel
1539 3851 80 29 ihres
1641 3850 140 28 Herzens
1804 3849 75 27 oder
1902 3855 48 20 am
1973 3845 80 33 Weg

1146 3904 80 28 ihres
1243 3903 131 29 Traums
1394 3906 27 26 in
1442 3904 53 28 der
1515 3901 107 29 Nacht.
1642 3900 84 29 Oder
1745 3900 46 28 die
1808 3896 245 31 Enthimmelten,

1147 3955 46 27 die
1221 3954 336 29 Frühblauberaubten.
1604 3951 40 30 Es
1674 3952 80 27 kann
1785 3951 52 26 der
1865 3948 131 28 Himmel
2025 3946 28 27 in

1146 4005 88 28 ihnen
1260 4005 69 28 kein
1355 4005 88 28 Licht
1470 4004 86 28 mehr
1583 4010 70 21 zum
1677 4001 112 29 blühen
1815 4000 110 28 finden.
1970 3997 82 27 Aber

1145 4054 109 30 Blässe
1274 4056 170 28 verbreitet
1467 4056 52 28 der
1539 4052 152 34 Zweifler,
1712 4052 47 28 die
1778 4050 96 29 Zucht
1895 4051 53 27 des
1968 4046 63 29 Him-

1145 4107 76 29 mels
1244 4107 126 32 bedingt
1394 4106 94 32 Kraft.
1531 4104 50 28 Ich
1607 4103 98 29 denke
1727 4110 37 20 an
1788 4101 57 28 den
1866 4099 186 30 Nazarener,

1147 4165 31 19 er
1199 4157 109 33 sprach
1331 4157 99 28 erfüllt
1451 4164 72 20 vom
1542 4153 128 29 Himmel
1694 4153 57 28 und
1774 4153 128 31 prangte
1921 4147 113 30 schwel-

2122 102 79 32 gend
2217 103 78 33 blau,
2312 103 56 29 daß
2386 106 63 27 sein
2465 106 148 32 Kommen
2628 110 93 29 schon
2737 112 45 27 ein
2796 111 136 32 Wunder
2949 123 75 22 war.

2124 159 32 21 er
2175 153 155 30 wandelte
2351 156 179 30 immerblau
2551 159 74 29 über
2645 161 47 29 die
2711 160 107 32 Plätze
2840 164 53 29 der
2910 164 114 31 Lande.

2125 200 66 30 Und
2218 202 137 38 Buddha,
2385 208 53 28 der
2467 209 134 31 indische
2631 213 200 37 Königssohn,
2879 220 69 33 trug
2977 220 47 29 die

2123 254 107 30 Blume
2259 256 131 31 Himmel
2420 261 27 26 in
2477 261 63 28 sich
2570 263 27 28 in
2626 264 142 30 blauerlei
2795 265 232 38 Mannichfaltig

2124 305 61 29 keit
2200 306 204 36 Erfüllungen.
2440 310 67 31 Und
2528 312 118 31 Goethe
2664 317 59 27 und
2740 315 162 33 Nietzsche
2916 316 110 36 (Kunst

2124 358 38 28 ist
2191 359 92 28 reden
2313 361 53 29 mit
2393 359 88 36 Gott)
2518 365 59 27 und
2616 366 56 28 alle
2702 366 219 32 Aufblickende
2959 371 67 28 sind

2123 407 307 37 Himmelbegnadete
2471 415 59 27 und
2573 416 114 32 gerade
2721 416 95 31 Heine
2859 420 168 34 überzeugt

2124 460 88 34 mich,
2253 460 128 31 Himmel
2421 463 70 36 hing
2528 468 77 28 noch
2644 467 74 29 über
2757 469 48 28 ihn
2832 470 107 30 hinaus
2967 472 60 28 und

2128 512 106 28 darum
2262 512 42 29 riß
2331 521 32 20 er
2388 514 148 35 fahrläßig
2562 525 37 20 an
2627 518 56 29 den
2711 519 109 29 blauen
2846 521 163 30 Gottesran-

2126 561 66 33 ken,
2218 564 59 27 wie
2302 565 46 27 ein
2374 564 76 32 Kind
2475 567 72 29 wild
2571 568 47 28 die
2640 568 123 30 Locken
2788 572 100 28 seiner
2912 571 116 31 Mutter

2126 616 91 26 zerrt.
2265 613 212 35 Hauptmanns
2507 618 166 33 Angesicht
2721 623 60 27 und
2829 623 76 28 auch
2935 623 93 35 Ihres,

2127 663 205 35 Dalai-Lama,
2354 667 118 29 wirken
2497 669 79 29 blau.
2620 670 65 29 Den
2709 670 129 31 Himmel
2860 673 80 29 kann
2965 675 63 28 sich

2127 717 140 27 niemand
2288 715 151 32 künstlich
2458 720 177 34 verdienen,
2654 722 73 29 aber
2749 724 144 30 mancher
2914 724 115 34 pflückt

2128 766 46 28 die
2203 766 78 29 noch
2320 768 81 29 nicht
2441 769 172 37 befestigte,
2650 773 262 33 junghimmlische
2940 775 88 30 Blüte

2128 817 38 26 im
2192 815 169 33 Menschen
2386 820 46 28 ab.
2477 820 83 31 Das
2584 823 96 29 sind
2706 824 66 29 die
2795 824 162 31 Teufel.
2982 826 49 29 Ihr

2128 865 102 31 Leben
2259 869 38 28 ist
2324 870 79 28 ohne
2431 872 155 35 Ausblick,
2626 874 43 29 ihr
2697 874 80 29 Herz
2817 876 78 29 ohne
2923 876 106 30 Ferne.

2128 916 61 31 Der
2210 917 176 32 Nazarener
2406 930 51 20 am
2474 922 99 32 Kreuz
2594 924 104 30 wollte
2719 926 70 28 dem
2808 926 106 30 Teufel
2933 928 97 29 neben

2128 969 63 28 sich
2218 971 77 28 noch
2324 973 65 28 eine
2418 973 98 29 sanfte
2542 974 120 34 Wolke,
2691 977 86 28 einen
2805 976 133 35 Tropfen
2966 978 65 29 Tau

2128 1021 100 30 seines
2246 1020 148 31 Himmels
2415 1024 163 30 schenken.
2615 1026 85 29 Doch
2719 1027 72 29 eher
2808 1029 38 28 ist
2865 1030 47 27 ein
2930 1029 81 29 Taub-

2128 1073 149 27 stummer
2317 1081 36 21 zu
2382 1074 203 35 überzeugen,
2625 1077 44 30 als
2708 1079 46 27 ein
2784 1078 248 31 Glaubdummer.

2129 1121 61 29 Der
2219 1124 37 28 ist
2284 1124 46 28 ein
2357 1124 303 32 Selbstverbrecher.

2185 1172 73 30 Man
2274 1174 80 34 kann
2371 1176 80 29 nicht
2466 1178 28 26 in
2511 1178 56 28 den
2582 1177 129 31 Himmel
2728 1180 152 35 kommen,
2896 1182 50 28 hat
2963 1190 69 20 man

2131 1223 46 28 ihn
2208 1224 81 29 nicht
2319 1227 26 28 in
2374 1227 72 35 sich,
2478 1236 54 20 nur
2559 1228 123 34 Ewiges
2852 1240 52 20 zur
2931 1232 81 33 Ewig-

2130 1274 70 29 keit.
2224 1275 40 29 Es
2289 1276 93 30 öffnet
2407 1278 63 28 sich
2496 1279 68 28 dem
2589 1279 303 32 Himmelblühenden
2916 1283 118 29 nicht

2129 1334 110 25 wegen
2258 1328 99 29 seiner
2377 1331 92 30 guten
2485 1330 97 29 Taten
2603 1331 52 29 der
2673 1331 140 36 Himmel,
2832 1334 200 29 verdammen

2130 1376 47 28 ihn
2206 1378 76 28 auch
2312 1379 80 29 nicht
2422 1381 83 28 seine
2534 1381 175 30 schlechten
2737 1382 200 36 Handlungen
2965 1394 67 19 zum

2131 1427 124 30 Staube.
2295 1429 62 29 Der
2376 1429 131 31 Himmel
2526 1432 124 29 belohnt
2672 1434 58 28 und
2749 1435 174 28 verdammt
2945 1436 89 28 nicht.

2131 1479 83 28 Aber
2237 1479 209 35 Wertewiges
2472 1483 125 33 bedingt
2623 1485 55 27 den
2706 1484 137 30 Himmel.
2868 1485 61 29 Der
2956 1488 64 31 spie-

2130 1530 62 32 gelt
2205 1530 63 29 sich
2281 1539 94 25 gerne
2392 1533 39 27 im
2447 1532 178 36 Menschen,
2642 1535 226 36 unbegreiflich,
2886 1538 57 27 wie
2961 1537 73 29 Gott

2131 1580 106 30 selbst.
2284 1581 93 32 Reich
2407 1585 59 28 und
2495 1585 156 29 besonnen
2700 1587 37 28 ist
2767 1588 52 27 der
2846 1587 189 29 himmlische

2130 1630 127 35 Träger.
2293 1632 55 30 Die
2363 1633 137 31 Wunder
2517 1636 52 29 der
2585 1636 184 35 Propheten,
2786 1638 47 28 die
2850 1637 114 30 Werke
2982 1639 53 28 der

2131 1682 144 32 Künstler
2299 1685 59 27 und
2382 1684 57 30 alle
2462 1684 254 36 Erleuchtungen,
2738 1688 76 28 auch
2838 1689 45 28 die
2906 1690 112 27 unbere-

2131 1733 155 30 chenbare
2309 1734 144 34 Spiellust
2475 1738 38 26 im
2535 1737 85 34 Auge
2643 1740 116 32 steigen
2780 1747 54 22 aus
2859 1740 52 28 der
2933 1739 83 34 Ewig-

2131 1784 72 35 keit,
2231 1785 53 28 der
2309 1786 182 29 bleibenden
2517 1787 95 30 Bläue
2638 1789 53 29 des
2718 1789 146 29 Herzens.
2908 1789 107 29 Manch-

2131 1836 60 28 mal
2208 1836 195 31 überkommt
2418 1839 79 28 mich
2516 1841 65 26 eine
2600 1840 218 29 schmerzliche
2837 1841 181 29 Verantwor-

2131 1889 83 32 tung,
2244 1888 75 29 aber
2348 1897 69 20 man
2446 1889 80 29 kann
2557 1891 81 28 nicht
2667 1891 52 28 tief
2747 1900 100 25 genug
2896 1893 25 26 in
2971 1891 61 30 sich

2131 1938 134 29 schauen
2288 1940 59 28 und
2368 1948 69 20 zum
2458 1940 130 30 Himmel
2610 1941 180 29 aufblicken.

2207 1989 56 29 Die
2291 1990 137 30 Gottheit
2453 1991 130 29 Himmel
2609 1994 37 28 ist
2671 1993 81 28 nicht
2778 2002 37 20 zu
2841 1993 124 34 greifen,
2992 1994 44 28 sie

2132 2043 86 26 wäre
2239 2042 71 29 bald
2328 2043 166 32 vergriffen
2514 2062 38 2 —
2573 2044 47 28 die
2641 2043 151 34 Ewigkeit
2814 2045 38 27 ist
2873 2044 80 29 nicht
2974 2045 46 27 ein-

2131 2093 59 28 mal
2214 2102 36 19 zu
2272 2093 183 30 verkürzen.
2498 2093 54 30 Die
2576 2094 138 29 Gottheit
2734 2094 130 29 Himmel
2887 2095 39 28 im
2949 2093 66 30 Men-

2133 2144 94 28 schen
2248 2145 38 28 ist
2307 2144 104 29 Genie.

2206 2229 103 29 Leben
2330 2229 50 28 Sie
2402 2229 91 34 wohl,
2514 2229 70 30 sehr
2605 2229 161 29 verehrter
2787 2227 149 35 Minister,
2956 2229 79 27 mein

2132 2279 132 30 Himmel
2293 2281 101 28 macht
2421 2280 79 29 mich
2529 2281 81 28 nicht
2639 2279 150 34 glücklich
2818 2281 38 26 im
2886 2279 150 29 irdischen

2133 2331 101 34 Sinne,
2259 2332 44 27 ich
2328 2332 80 28 kann
2432 2331 47 28 ihn
2503 2332 81 28 nicht
2605 2331 99 29 teilen.
2745 2330 194 29 Wunderbar
2963 2330 75 28 aber

2133 2383 115 32 spielen
2272 2382 63 31 sich
2361 2384 46 27 die
2429 2383 123 29 tiefsten
2575 2382 228 33 Erinnerungen
2825 2382 115 28 meines
2966 2380 54 28 Blu-

2133 2438 47 26 tes
2210 2435 27 27 in
2267 2434 70 28 dem
2366 2433 115 29 Glänze
2509 2434 115 28 meines
2653 2433 94 28 Blaus
2774 2432 126 28 wieder.
2946 2431 91 28 Fata-

2133 2483 161 35 Morgana.
2335 2484 111 34 Spätes
2469 2484 222 34 Verwundern,
2714 2484 111 32 seliges
2847 2481 190 33 Aufblicken,

2131 2554 39 3 —
2194 2535 122 34 Tragen
2344 2535 50 29 Sie
2420 2536 57 28 den
2504 2535 108 33 Saphir
2638 2538 114 25 meiner
2778 2534 108 28 blauen
2914 2533 104 28 Abend-

2135 2587 130 29 stunden
2288 2595 68 20 zum
2379 2586 167 29 Andenken
2568 2595 36 19 an
2627 2586 82 28 Ihrer
2732 2584 187 33 grübelnden
2939 2582 99 29 Hand.

2136 2913 145 61 Eine
2304 2911 343 64 Sehnsucht
2661 2927 109 43 aus
2785 2908 108 61 der
2910 2907 128 61 Zeit

2134 3048 63 27 Aus
2220 3046 116 30 sanfter
2359 3045 195 29 Schwermut
2577 3045 59 28 und
2658 3044 53 27 der
2731 3043 91 28 Liebe
2844 3041 117 28 Trauer

2134 3097 132 29 Ermann
2290 3097 46 28 ich
2356 3096 94 36 mich;
2472 3095 133 30 versuch
2627 3094 78 29 mich
2728 3102 37 20 zu
2787 3100 174 21 ermannen,

2134 3148 68 29 Und
2222 3148 80 29 kann
2324 3148 77 28 doch
2421 3146 67 30 Tod
2507 3147 59 28 und
2586 3146 179 31 Untergang
2785 3143 80 29 nicht
2881 3142 120 28 bannen

2134 3199 110 29 Wohin
2267 3199 46 29 ich
2333 3199 132 28 flüchten
2485 3196 72 35 will,
2578 3199 67 35 ragt
2664 3195 108 29 Mauer
2793 3194 50 28 auf
2862 3201 37 20 an
2918 3191 120 28 Mauer.

2136 3302 83 28 Grüb
2239 3301 46 28 ich
2308 3301 56 28 den
2384 3300 100 28 Acker
2504 3306 59 26 um,
2584 3299 46 28 ein
2651 3299 88 31 guter
2758 3295 110 33 Bauer,

2136 3352 67 29 Und
2232 3353 81 28 dient
2340 3353 40 26 im
2408 3348 172 35 Schweiße,
2608 3346 104 30 wüßte
2740 3346 47 28 ich
2815 3353 61 20 von
2905 3350 131 22 wannen

2135 3403 73 31 Dies
2227 3403 73 29 alles
2319 3402 118 29 kommt
2457 3401 59 28 und
2535 3398 103 30 wüßte
2654 3398 60 28 wie
2733 3405 61 19 von
2815 3396 118 28 dannen

2135 3454 50 29 Ich
2208 3454 70 28 kam
2298 3461 55 21 aus
2375 3450 152 31 Schmach
2549 3450 59 28 und
2631 3448 151 33 Schande,
2806 3446 112 28 Scham
2939 3444 60 29 und

2890 3494 147 29 Schauer.

2135 3607 40 29 Es
2194 3607 73 28 fehlt
2289 3614 55 21 uns
2366 3604 76 29 allen
2464 3602 107 29 Dienst
2592 3601 59 28 und
2673 3600 62 28 Ziel
2756 3599 59 28 und
2836 3596 125 33 Zwang,

2135 3658 56 29 Die
2210 3657 78 29 allen
2310 3657 106 28 nottun
2437 3653 60 29 und
2518 3653 46 28 die
2586 3652 88 28 keine
2695 3649 121 33 wollen,

2137 3709 41 28 So
2199 3706 197 31 schmachten
2416 3705 58 27 wir
2493 3704 28 27 in
2542 3702 131 28 Freiheit
2693 3700 112 29 sonder
2826 3697 99 33 Siege.

2136 3811 42 28 Im
2199 3806 298 32 Friedensreichtum
2519 3804 79 28 wird
2620 3810 55 21 uns
2697 3800 111 30 tödlich
2832 3800 87 31 bang.

2135 3860 65 29 Wir
2218 3859 120 28 kennen
2356 3856 127 30 Müssen
2500 3855 81 28 nicht
2600 3852 77 30 noch
2695 3851 125 32 Können
2839 3849 75 27 oder
2932 3845 102 30 Sollen

2135 3911 68 28 Und
2233 3910 112 28 sehnen
2375 3916 55 20 uns
2458 3907 61 28 und
2547 3904 138 30 schreien
2713 3901 76 29 nach
2820 3900 67 27 dem
2916 3897 119 32 Kriege.

2594 4004 104 28 Alfred
2723 4001 118 29 Walter
2865 3996 130 35 Heymel

2133 4111 91 24 Dieses
2252 4106 111 27 Gedicht
2394 4104 64 25 wird
2491 4102 66 25 noch
2593 4098 93 27 einmal
2717 4093 197 29 veröffentlicht,
2945 4091 33 25 da
3007 4097 28 17 es

2132 4152 81 26 durch
2233 4147 169 28 Druckfehler
2422 4144 114 27 entstellt
2554 4150 63 18 war.

2984 4198 48 25 677

153 4037 66 29 Den
237 4036 120 28 breiten
373 4031 127 30 Nacken
519 4028 130 31 rittlings
664 4022 228 35 hingestemmt,

156 4096 35 21 so
208 4086 81 29 führt
305 4094 31 19 er
353 4082 114 32 Schlag
484 4080 47 28 für
549 4077 112 33 Schlag
680 4075 48 28 die
743 4069 216 35 Eisenpflöcke

154 4141 28 27 in
205 4139 56 27 das
281 4134 127 30 Gestein
430 4133 47 28 bis
499 4138 56 22 aus
577 4129 69 28 dem
668 4125 122 33 Sprung
813 4122 54 28 der
889 4118 117 30 Blöcke

156 4188 96 31 Staub
272 4184 137 36 sprudelt
426 4183 60 29 und
505 4181 56 29 den
579 4177 194 33 Kriechgang
792 4169 272 33 überschwemmt.
