2624 3886
169 3564 162 74 172

274 179 53 72 L
380 180 69 74 A
555 180 69 76 C
682 180 15 74 I
753 180 64 74 T
870 180 81 81 E.

1165 180 320 84 VOL,
1589 183 81 81 5,

1904 183 69 73 N
2033 183 67 76 U
2163 185 99 82 M.
2366 183 81 84 9.

276 435 49 51 la
365 435 122 65 plus
526 434 353 52 considérable
918 448 74 38 est
1030 434 321 52 l'invention
1392 435 86 50 des
1520 434 233 54 chemins
1795 437 61 51 de
1895 437 95 57 fer,
2035 437 92 52 elle
2169 438 138 52 aussi

276 521 327 50 consécutive
638 521 26 49 à
700 519 319 51 l'invention
1054 518 63 51 de
1151 518 49 51 la
1235 518 240 57 machine
1509 521 28 49 à
1572 537 216 46 vapeur.
1829 522 77 49 La
1941 523 366 52 construction

275 606 167 50 même
462 606 86 50 des
568 606 162 63 lignes
751 604 181 51 ferrées
954 604 211 51 fournit
1185 604 28 50 à
1235 604 275 64 beaucoup
1533 604 295 54 d'ouvriers
1851 606 247 63 agricoles
2120 608 159 51 l'occa-

277 691 116 51 sion
422 692 61 50 de
511 692 197 62 quitter
736 691 68 49 les
831 689 231 64 champs.
1092 689 172 64 Après
1293 691 130 63 quoi
1452 689 175 53 l'accès
1658 691 86 51 des
1769 691 123 52 cités
1920 691 89 52 fut
2040 693 267 51 tellement

276 777 194 51 facilité
498 778 166 63 qu'on
694 794 28 31 a
747 794 75 45 pu
854 776 105 54 dire
990 775 99 50 très
1115 775 291 64 justement
1433 794 100 45 que
1564 776 457 53 l'acheminement
2050 777 88 52 des
2166 778 112 52 indi-

276 862 156 51 vidus
456 879 112 34 vers
591 862 70 50 les
685 861 191 63 grands
899 872 195 40 centres
1117 861 60 51 de
1202 861 326 65 population
1555 880 48 33 se
1628 861 176 52 réalise
1828 881 62 33 en
1918 863 175 51 raison
2120 863 187 52 directe

276 949 86 49 des
384 946 217 52 facilités
624 947 59 50 de
705 946 471 57 communication,
1203 947 319 51 c'est-à-dire
1545 947 86 52 des
1654 965 222 47 moyens
1900 949 62 50 de
1988 961 315 52 transports.

275 1032 44 51 Il
348 1032 121 51 faut
497 1032 207 64 ajouter
733 1049 100 47 que
864 1032 203 51 ceux-ci
1097 1032 370 65 s'appliquant
1494 1032 291 65 également
1814 1051 67 33 au
1914 1048 274 50 transport
2220 1035 87 51 des

275 1117 219 56 denrées,
517 1117 243 51 étendent
779 1117 143 50 l'aire
943 1117 86 51 des
1048 1135 314 46 campagnes
1381 1119 94 63 qui
1496 1119 325 64 pourvoient
1843 1120 27 51 à
1891 1119 414 52 l'alimentation

273 1204 85 49 des
390 1203 443 63 agglomérations
865 1203 131 50 dans
1028 1222 72 31 un
1134 1219 224 48 rapport
1390 1204 160 52 direct
1583 1222 118 33 avec
1735 1204 368 65 l'importance
2138 1204 166 52 même

273 1289 61 49 de
356 1305 73 33 ces
452 1286 460 65 agglomérations.

427 1373 184 56 Enfin,
639 1373 318 50 l'extension
982 1373 282 56 croissante
1289 1374 87 51 des
1401 1374 273 51 fonctions
1699 1375 61 51 de
1785 1374 184 57 l'Etat,
1997 1375 49 50 la
2073 1373 231 53 création

272 1459 60 51 de
365 1459 217 64 grandes
614 1458 461 52 administrations
1108 1459 285 65 publiques
1426 1478 73 33 ou
1531 1459 199 66 privées
1764 1460 255 64 peuplent
2054 1462 68 49 les
2155 1460 149 51 villes

271 1544 451 51 d'innombrables
770 1544 258 51 bureaux.
1081 1544 282 65 Ajoutons
1412 1563 181 33 encore
1641 1545 304 52 l'influence
1994 1545 72 51 du
2117 1545 187 52 service

271 1629 242 51 militaire
534 1629 92 64 qui
648 1628 174 65 oblige
843 1647 68 33 au
931 1628 179 66 séjour
1132 1631 132 50 dans
1284 1631 70 50 les
1376 1631 148 50 villes
1546 1631 61 52 de
1628 1631 224 50 nombre
1875 1631 61 52 de
1956 1628 182 65 jeunes
2160 1647 141 46 gens,

268 1714 233 51 ouvriers
526 1714 246 64 agricoles
796 1732 73 33 ou
897 1714 343 64 agriculteurs
1265 1728 50 38 et
1339 1716 113 52 l'on
1480 1716 293 64 s'explique
1801 1717 28 49 à
1853 1716 51 50 la
1931 1714 105 54 fois
2063 1716 49 50 la
2139 1714 130 66 dépo-

269 1801 248 63 pulation
546 1801 87 50 des
659 1818 314 46 campagnes
1003 1815 49 39 et
1078 1802 50 49 la
1157 1802 418 62 surpopulation
1604 1802 87 51 des
1720 1801 136 52 cités.

423 1995 84 51 En
532 1995 83 51 fin
644 1995 61 51 de
732 2008 227 52 compte,
988 2013 102 47 que
1117 1995 187 51 faut-il
1334 2012 184 48 penser
1543 1995 62 51 de
1632 2012 51 34 ce
1712 2008 346 38 mouvement
2087 1994 61 51 de
2176 2012 94 33 con-

269 2081 291 51 centration
587 2081 61 51 de
673 2081 49 50 la
747 2081 326 64 population
1100 2080 132 52 dans
1257 2081 72 51 les
1351 2080 167 57 villes,
1545 2094 347 38 mouvement
1917 2080 94 65 qui
2037 2078 268 53 s'effectue

269 2179 226 38 souvent
531 2183 67 33 au
636 2165 285 52 détriment
957 2166 86 51 des
1080 2165 353 65 populations
1470 2164 194 52 rurales
1701 2165 136 52 dont
1873 2183 72 33 on
1984 2177 234 39 constate
2254 2164 50 51 la

271 2250 374 54 décroissance?
676 2252 159 50 Voici
859 2269 51 33 ce
934 2250 161 65 qu'en
1120 2252 80 52 dit
1228 2269 102 33 une
1357 2250 334 65 publication
1719 2249 248 53 officielle
1994 2266 163 49 parue
2183 2266 124 34 sous

269 2338 42 55 le
339 2352 291 49 patronage
662 2338 72 51 du
765 2351 418 50 gouvernement
1209 2337 269 52 canadien.

438 2441 30 33 «
503 2422 78 52 La
616 2423 282 51 croissante
934 2422 179 64 rapide
1147 2423 86 51 des
1268 2422 353 64 populations
1658 2420 245 53 urbaines
1933 2422 136 52 n'est
2101 2438 96 46 pas
2232 2438 73 33 un

269 2509 103 50 mal
395 2508 41 51 si
456 2508 46 51 le
522 2507 440 65 développement
986 2507 190 52 urbain
1199 2521 74 38 est
1294 2506 473 52 convenablement
1788 2506 164 63 dirigé
1976 2520 49 38 et
2045 2503 255 57 contrôlé,

271 2607 48 37 et
346 2593 40 51 si
414 2593 70 51 les
512 2593 304 52 conditions
847 2593 244 51 urbaines
1120 2606 125 38 sont
1277 2592 218 51 rendues
1524 2592 137 52 aussi
1693 2591 166 52 saines
1889 2608 101 47 que
2019 2591 72 52 les
2120 2589 153 52 condi-

271 2680 141 50 tions
437 2681 208 49 rurales.
673 2680 75 50 Ni
774 2680 48 50 la
850 2678 284 52 croissance
1160 2678 87 52 des
1273 2677 137 58 cités,
1440 2678 56 51 ni
1522 2678 50 51 la
1599 2677 330 53 diminution
1959 2677 60 52 de
2046 2677 50 51 la
2124 2693 142 49 popu-

269 2763 171 52 lation
476 2765 169 50 rurale
680 2782 63 37 ne
781 2779 123 38 sont
941 2782 96 47 pas
1072 2763 315 52 fatalement
1425 2781 102 33 une
1566 2762 252 55 tendance
1854 2761 268 53 malsaine.
2166 2762 54 51 Si
2258 2763 45 50 le

269 2864 342 37 mouvement
644 2851 61 50 de
734 2851 50 50 la
817 2867 289 46 campagne
1137 2867 114 34 vers
1283 2850 49 51 la
1367 2848 123 51 ville
1523 2862 74 39 est
1627 2848 46 51 le
1706 2847 218 52 résultat
1956 2848 62 51 de
2051 2847 158 52 désirs
2242 2846 61 52 de

269 2935 177 51 choses
484 2936 304 56 meilleures,
831 2935 61 51 de
930 2934 222 53 facilités
1191 2934 357 57 d'éducation,
1590 2932 61 52 de
1689 2932 304 52 conditions
2033 2932 271 52 sanitaires

271 3033 48 38 et
346 3020 207 51 sociales
579 3019 426 66 perfectionnées,
1037 3033 229 50 peut-on
1296 3017 108 54 dire
1431 3019 173 64 qu'un
1633 3016 162 66 pareil
1825 3031 347 38 mouvement
2200 3016 103 52 soit

272 3121 74 35 un
379 3105 137 51 mal?
551 3105 54 52 Si
638 3105 200 65 chaque
871 3105 96 52 cité
1000 3119 49 39 et
1080 3104 124 52 ville
1238 3102 193 54 étaient
1465 3104 137 52 aussi
1636 3104 165 51 saines
1834 3121 102 46 que
1969 3102 71 54 les
2074 3102 229 53 districts

272 3208 216 38 ruraux,
516 3190 129 52 ainsi
671 3190 214 65 qu'elles
910 3190 271 52 devraient
1205 3189 144 52 l'être
1374 3189 132 52 dans
1529 3189 71 52 les
1626 3188 303 53 conditions
1953 3186 350 54 convenables

271 3275 61 52 de
372 3275 452 66 développement,
868 3275 274 66 pourquoi
1183 3274 241 65 déplorer
1465 3274 49 52 la
1556 3275 250 52 tendance
1847 3273 256 58 naturelle
2146 3273 63 53 de
2251 3271 50 54 la

269 3360 326 65 population
633 3362 28 50 à
700 3362 218 63 émigrer
954 3379 116 35 vers
1108 3362 71 50 les
1217 3359 283 53 industries
1538 3360 70 51 les
1646 3360 123 65 plus
1806 3359 333 66 profitables,
2182 3372 121 38 tant
