2624 3886
2231 3604 164 75 173

127 211 51 74 L
236 211 66 74 A
409 211 69 76 C
536 214 15 71 I
607 214 64 73 T
727 214 81 84 E.

1019 219 317 84 VOL.
1438 224 79 81 5,

1755 224 66 74 N
1887 224 66 74 U
2019 224 97 81 M.
2223 226 63 74 9

266 460 215 64 qu'elles
506 475 191 38 restent
723 463 71 50 les
816 465 121 64 plus
959 468 344 62 profitables?
1331 470 156 52 Nous
1513 489 254 47 pouvons
1792 472 243 64 déplorer
2059 473 51 51 la
2138 473 130 63 dépo-

264 546 252 64 pulation
541 548 186 56 rurale,
752 550 132 50 mais
907 552 36 49 il
967 569 106 33 sera
1096 554 188 52 inutile
1308 555 61 52 de
1393 557 49 50 la
1468 557 294 52 combattre
1787 572 119 38 tant
1931 577 102 46 que
2059 559 49 51 la
2132 558 140 52 fabri-

264 632 177 50 cation
479 647 310 49 rapportera
826 652 72 33 un
932 637 237 53 meilleur
1205 640 303 54 rendement
1544 643 27 51 à
1609 643 50 51 la
1694 643 416 52 main-d'œuvre
2145 658 50 38 et
2233 662 67 34 au

264 717 192 63 capital
490 736 102 45 que
628 718 373 65 l'agriculture,
1039 736 48 38 et
1123 736 118 40 tant
1275 726 132 64 qu'il
1444 746 33 47 y
1514 746 127 33 aura
1677 729 87 51 des
1798 729 219 51 chances
2055 729 245 52 urbaines

264 819 141 46 pour
436 802 411 53 l'amélioration
879 806 253 55 humaine
1163 811 317 62 supérieures
1514 813 27 51 à
1575 814 145 51 celles
1751 813 307 65 qu'offrent
2091 816 69 50 les
2195 814 79 52 dis-

268 887 145 51 tricts
437 906 217 33 ruraux.
681 889 82 51 De
788 889 116 57 fait,
931 910 137 33 nous
1091 911 62 33 ne
1176 912 250 46 pouvons
1452 900 150 50 avoir
1626 900 61 50 de
1712 900 293 64 prospérité
2030 901 273 51 nationale

263 973 28 50 à
321 973 176 52 moins
527 992 102 47 que
658 976 253 52 l'activité
940 977 251 53 humaine
1223 1000 62 32 ne
1316 1000 47 35 se
1395 983 141 52 lance
1569 1002 114 35 vers
1716 987 70 50 les
1818 987 221 64 champs
2073 986 70 52 les
2176 987 124 65 plus

261 1057 317 65 profitables
603 1060 61 50 de
687 1061 344 63 production,
1059 1063 103 52 soit
1188 1065 186 64 qu'elle
1400 1068 249 64 produise
1675 1070 50 50 la
1753 1071 324 56 nourriture,
2107 1071 192 65 qu'elle

262 1143 246 65 fabrique
537 1146 73 51 du
638 1146 132 65 drap
799 1165 71 33 ou
898 1150 287 50 construise
1214 1152 84 50 des
1327 1154 219 52 navires.
1579 1156 92 51 Un
1699 1156 251 52 individu
1979 1157 95 64 qui
2105 1156 87 52 n'a
2221 1175 77 46 pu

264 1228 129 53 faire
418 1247 163 49 payer
607 1249 102 33 une
734 1232 163 52 ferme
922 1234 132 52 dans
1078 1236 45 50 le
1148 1236 158 53 Nord
1331 1239 60 50 de
1416 1239 289 59 l'Ontario,
1736 1241 310 52 administre
2074 1242 192 65 aujour-

263 1315 152 51 d'hui
447 1334 101 35 une
577 1317 197 63 grande
805 1331 49 38 et
884 1319 245 64 prospère
1160 1321 254 57 industrie
1444 1325 60 51 de
1534 1339 235 38 moteurs
1804 1344 67 33 au
1903 1327 240 58 Canada,
2179 1341 50 39 et
2259 1327 39 51 il

263 1416 33 47 y
321 1418 61 33 en
409 1418 29 33 a
464 1401 87 51 des
575 1402 260 52 centaines
861 1404 231 52 d'autres
1118 1406 92 64 qui
1237 1421 97 39 ont
1360 1427 61 33 eu
1449 1411 50 50 la
1524 1410 167 52 même
1720 1411 315 65 expérience.
2065 1414 203 51 Indirec-

261 1499 213 44 tement,
501 1500 76 38 cet
598 1488 234 58 homme,
859 1508 62 33 en
948 1490 313 66 fabriquant
1285 1494 87 52 des
1392 1509 250 47 moteurs,
1670 1499 28 49 à
1726 1498 109 52 bon
1861 1499 226 57 marché,
2117 1512 75 38 est
2220 1517 74 33 un

258 1573 169 61 grand
469 1574 324 62 producteur
835 1575 245 64 agricole;
1127 1578 78 52 s'il
1249 1578 124 53 était
1416 1581 125 51 resté
1584 1599 87 35 sur
1715 1583 49 51 la
1810 1597 146 43 terre,
2002 1584 38 51 il
2084 1584 89 51 eût
2218 1584 76 51 été

261 1656 392 54 virtuellement
696 1677 74 33 un
813 1662 480 62 non-producteur,
1339 1683 148 45 parce
1532 1667 132 63 qu'il
1711 1668 174 52 aurait
1929 1667 221 67 dépensé
2196 1687 98 33 son

259 1740 200 66 énergie
487 1744 132 51 dans
644 1762 102 34 une
774 1744 188 57 affaire
989 1764 119 35 sans
1132 1749 195 62 profits
1357 1768 48 33 ».

1289 1813 6 12 /

417 1838 45 51 Il
485 1856 35 47 y
541 1856 28 33 a
589 1839 139 52 donc
751 1858 100 33 une
875 1841 329 64 dépendance
1223 1843 184 53 étroite
1429 1860 140 38 entre
1590 1848 45 50 le
1658 1865 347 37 mouvement
2031 1851 61 53 de
2115 1869 144 45 popu-

262 1923 169 51 lation
457 1924 87 51 des
569 1926 149 50 villes
743 1940 48 36 et
818 1927 86 51 des
930 1945 312 48 campagnes
1265 1943 48 41 et
1340 1931 36 51 il
1402 1945 73 38 est
1500 1932 119 51 bien
1647 1933 195 52 certain
1867 1952 103 47 que
1995 1936 46 51 le
2068 1950 111 38 sort
2207 1937 88 50 des

258 2009 354 64 populations
640 2012 196 51 rurales
864 2012 132 53 ainsi
1023 2032 101 46 que
1152 2016 69 51 les
1250 2017 372 64 opportunités
1651 2020 61 50 de
1741 2037 96 33 son
1866 2020 259 58 bien-être
2153 2037 49 37 et
2233 2022 61 51 de

258 2111 96 33 son
385 2093 438 68 développement
854 2112 124 37 sont
1005 2098 287 65 également
1320 2102 331 54 intéressants
1682 2119 49 37 et
1760 2117 235 41 rentrent
2026 2125 67 33 au
2124 2106 169 53 même

258 2178 119 51 titre
405 2180 132 50 dans
565 2181 71 51 les
661 2181 440 66 préoccupations
1130 2185 402 66 urbanistiques.

413 2275 75 57 Le
530 2294 348 38 mouvement
921 2281 61 51 de
1028 2283 49 49 la
1120 2284 324 63 population
1490 2285 134 52 n'est
1666 2304 96 46 pas
1807 2286 270 55 d'ailleurs
2125 2290 164 65 dirigé

255 2363 412 52 exclusivement
691 2382 113 34 vers
832 2366 44 51 le
902 2380 169 38 centre
1096 2369 85 51 des
1208 2369 146 52 villes
1379 2384 49 37 et
1452 2370 28 51 à
1505 2385 75 37 cet
1607 2371 156 65 égard
1788 2373 37 51 il
1854 2374 163 51 existe
2045 2375 216 51 actuelle-

254 2460 147 37 ment
435 2465 73 33 un
537 2465 347 37 mouvement
917 2450 100 52 très
1048 2453 173 52 accusé
1252 2454 85 51 des
1368 2455 192 64 grands
1590 2469 196 38 centres
1820 2458 219 53 urbains
2072 2478 114 34 vers
2218 2460 71 52 les

255 2531 229 53 districts
521 2551 199 34 ruraux
758 2549 49 37 et
845 2537 373 52 semi-ruraux.
1261 2539 149 55 Cette
1448 2539 249 53 tendance
1735 2556 74 38 est
1848 2543 51 49 la
1937 2544 352 64 conséquence

255 2618 187 49 directe
466 2619 61 51 de
551 2620 433 54 l'accroissement
1009 2624 86 51 des
1118 2623 223 67 charges,
1368 2639 145 37 taxes
1536 2641 48 38 et
1608 2628 202 63 impôts
1834 2629 132 51 dans
1992 2631 71 50 les
2089 2631 209 64 régions

258 2695 245 54 urbaines
530 2712 49 38 et
611 2712 216 40 surtout
856 2702 73 50 du
960 2702 436 66 développement
1428 2704 85 51 des
1543 2723 221 46 moyens
1795 2708 62 52 de
1887 2721 292 52 transport.

412 2782 410 56 L'observation
855 2799 211 40 montre
1097 2807 63 37 en
1193 2789 128 52 effet
1351 2807 100 47 que
1484 2791 44 50 le
1562 2808 168 46 rayon
1765 2792 87 52 des
1882 2794 225 64 grandes
2140 2794 151 54 villes

254 2881 74 37 est
357 2868 27 50 à
410 2887 103 46 peu
540 2869 117 65 près
685 2869 110 66 égal
827 2890 67 34 au
922 2891 250 46 parcours
1200 2876 168 63 qu'on
1398 2890 127 50 peut
1553 2876 251 53 effectuer
1834 2878 133 52 dans
2002 2898 99 39 une
2134 2881 155 52 durée

254 2952 160 52 d'une
445 2953 157 52 heure
634 2973 98 46 par
762 2957 45 51 le
838 2976 196 47 moyen
1067 2959 61 51 de
1161 2973 270 51 transport
1466 2961 136 52 dont
1635 2962 207 65 dispose
1876 2965 49 50 la
1957 2966 330 63 population

253 3037 27 51 à
305 3037 245 67 l'époque
573 3041 306 53 considérée.

408 3123 161 54 Aussi
598 3126 230 53 l'auteur
857 3128 202 65 anglais
1089 3130 119 52 bien
1237 3149 177 33 connu
1442 3131 252 53 WELLS
1726 3132 396 56 démontre-t-il
2154 3139 132 50 dans

259 3226 31 33 «
320 3208 402 68 Anticipations
751 3231 30 33 »
809 3215 132 63 qu'il
969 3215 238 53 suffirait
1231 3216 198 65 qu'une
1454 3217 230 55 distance
1711 3219 61 52 de
1804 3220 69 52 60
1903 3219 109 54 km.
2044 3222 88 52 fut
2160 3240 93 47 par-

249 3311 165 35 couru
442 3295 132 52 dans
601 3315 51 33 ce
680 3311 171 52 temps
878 3300 72 51 du
978 3300 199 52 bureau
1207 3319 71 33 ou
1307 3301 61 55 de
1396 3301 216 52 l'atelier
1640 3304 28 49 à
1696 3304 49 50 la
1774 3304 210 53 maison
2013 3325 141 46 pour
2182 3326 102 46 que

248 3380 349 65 l'Angleterre
621 3384 104 50 soit
752 3385 345 53 transformée
1123 3405 62 33 en
1213 3405 100 37 une
1340 3400 144 38 vaste
1510 3386 179 66 région
1720 3390 233 53 urbaine.
1988 3393 108 52 Car
2122 3394 37 52 il
2188 3394 94 64 n'y
