2624 3886
214 3515 164 75 180

486 240 1738 81 TECHNOLOGIE

113 435 190 42 produisit
341 435 247 43 quelquefois
619 449 73 29 par
722 435 271 33 l'écrasement
1025 434 52 34 du
1109 443 166 25 sommet

117 496 56 43 (le
202 496 124 42 plâtre
356 501 107 31 étant
491 500 125 31 moins
644 499 178 32 résistant
851 510 76 28 que
956 496 36 35 le
1019 498 161 32 mortier
1209 495 66 34 des

115 558 138 43 joints)
290 568 35 25 et
359 558 245 42 quelquefois
635 572 71 28 par
735 572 73 19 une
839 558 224 33 fissuration
1092 557 185 34 verticale

115 623 153 31 suivant
296 620 54 34 les
378 622 131 39 joints.
542 619 62 34 On
634 633 47 21 ne
710 628 139 25 trouva
881 633 152 19 aucune
1065 618 214 35 différence

116 681 95 34 dans
248 681 35 34 la
320 684 209 33 résistance
564 695 102 28 pour
698 694 61 20 ces
797 680 101 34 deux
933 694 139 28 genres
1108 680 46 34 de
1190 694 67 28 rup-

109 751 98 27 ture.

168 816 105 34 Pour
294 816 53 34 les
370 830 105 21 murs
501 816 162 42 chargés
686 815 46 36 de
757 816 20 33 0
804 830 48 21 m.
880 814 47 35 05
954 816 92 33 hors
1072 815 53 34 du
1143 824 134 25 centre

116 877 407 44 (excentriquement)
563 892 67 19 sur
663 877 35 34 la
734 880 132 32 moitié
905 877 46 35 de
985 877 85 35 leur
1105 878 167 42 largeur,

113 938 34 34 la
182 942 209 31 résistance
423 939 56 35 fut
509 942 20 30 à
560 953 75 28 peu
662 941 88 39 près
783 939 35 33 la
847 941 133 32 moitié
1011 938 45 35 de
1088 939 95 35 celle
1213 939 66 35 des

111 1014 106 21 murs
239 1000 214 42 analogues
477 1009 36 27 et
538 1000 163 42 chargés
724 1000 95 34 dans
842 1000 111 35 l'axe.
980 1001 26 34 Il
1032 1000 146 35 semble
1202 1016 77 27 que

105 1077 47 19 ce
173 1071 161 33 rapport
353 1064 74 32 soit
447 1062 265 42 indépendant
732 1061 46 35 de
799 1062 231 43 l'épaisseur
1050 1063 50 34 du
1122 1063 157 35 mur.Le

110 1123 288 35 fléchissement
424 1126 213 32 maximum
667 1138 102 28 pour
793 1124 54 34 les
873 1139 107 20 murs
1005 1127 250 40 excentrique-

109 1193 106 26 ment
241 1186 163 41 chargés
430 1185 69 40 fut,
525 1200 47 20 en
596 1200 208 27 moyenne,
831 1186 46 35 de
903 1186 135 42 4/100
1065 1186 47 37 de
1137 1200 139 28 pouce,

109 1247 239 36 c'est-à-(dire
380 1250 78 31 très
491 1247 127 37 faible,
649 1247 135 35 valeur
815 1250 65 40 qui
909 1248 56 35 fut
998 1248 180 42 dtpassée
1207 1262 73 29 par

108 1314 55 29 six
197 1324 105 19 murs
337 1308 164 43 chargés
536 1309 96 35 dans
667 1309 112 36 l'axe.
815 1310 55 34 La
903 1319 175 33 rupture,
1114 1310 96 34 dans
1241 1310 36 36 le

105 1384 64 20 cas
196 1371 65 33 des
287 1386 106 19 murs
421 1371 163 42 chargés
612 1374 378 40 excentriquement,
1019 1374 92 33 était
1136 1371 137 35 locale.

162 1444 50 36 Le
243 1444 158 37 module
429 1444 229 36 d'élasticité
687 1444 66 35 des
781 1460 107 20 murs
917 1448 141 32 variait
1091 1454 109 26 entre
1230 1445 46 34 de

106 1505 127 43 larges
257 1506 152 39 limites,
436 1515 37 26 et
496 1507 24 34 il
546 1506 148 35 semble
719 1507 93 41 qu'il
837 1507 66 42 n'y
925 1510 52 31 ait
1001 1521 153 20 aucune
1180 1507 76 34 rela-

106 1569 80 33 tion
217 1576 108 26 entre
353 1567 35 35 le
416 1567 156 37 module
602 1568 50 34 du
680 1583 87 19 mur
799 1578 36 24 et
865 1569 99 34 celui
992 1569 66 34 des
1085 1568 108 34 blocs
1218 1571 38 32 in-

105 1629 188 34 dividuels
327 1639 231 33 composant
589 1644 42 19 ce
661 1630 166 35 dernier.

163 1703 75 33 Par
263 1706 98 31 suite
389 1703 46 34 de
465 1703 168 42 grandes
658 1707 214 31 variations
898 1703 95 35 dans
1019 1705 53 33 les
1100 1704 176 34 modules

108 1764 229 35 d'élasticité
376 1765 66 34 des
480 1765 107 34 blocs
628 1774 36 25 et
698 1765 97 35 dans
833 1765 37 34 la
908 1766 262 35 déformation
1210 1766 65 35 des

104 1827 134 41 joints,
269 1827 25 34 il
322 1829 127 39 paraît
480 1827 188 41 probable
699 1841 75 28 que
805 1830 34 34 la
874 1835 163 34 rupture
1066 1827 93 34 d'un
1188 1841 89 20 mur

108 1902 46 20 en
188 1888 108 34 blocs
332 1903 119 19 creux
489 1898 56 25 est
579 1889 75 33 due
689 1892 21 30 à
746 1903 75 19 une
855 1889 152 43 inégale
1043 1892 230 39 répartition

108 1954 64 29 c?es
201 1950 149 35 efforts.
380 1950 74 33 Par
484 1954 253 38 conséquent,
767 1959 89 26 tous
883 1952 54 33 les
965 1964 161 28 moyens
1159 1964 91 28 capa-

108 2010 80 35 bles
215 2011 197 34 d'assurer
437 2027 75 19 une
541 2015 230 39 répartition
794 2012 86 43 plus
906 2012 195 34 uniforme
1127 2012 66 34 des
1220 2011 35 35 ef-

108 2072 95 35 forts
237 2082 87 25 sont
355 2087 164 28 propres
551 2076 20 30 à
607 2088 155 19 assurer
792 2074 331 34 l'accroissement
1155 2073 45 34 de
1236 2072 36 35 la

108 2136 221 32 résistance.
362 2135 129 34 Parmi
522 2149 62 20 ces
614 2149 173 28 moyensî,
821 2138 125 31 citons
981 2150 7 19 :
1016 2135 35 36 le
1081 2136 114 34 choix
1222 2135 49 34 de

106 2196 106 33 blocs
243 2204 121 33 ayant
395 2196 53 34 les
482 2199 145 32 mêmes
660 2199 219 40 propriétés
913 2197 213 43 physiques
1162 2206 36 27 et
1233 2197 36 35 la

108 2271 91 28 pose
232 2258 45 33 de
310 2272 62 20 ces
407 2258 107 34 blocs
547 2272 95 20 avec
674 2258 65 34 des
769 2261 120 40 joints
922 2259 116 34 d'une
1070 2262 201 40 épaisseur

106 2319 205 35 uniforme.
948 2321 62 43 (R.
1049 2321 51 36 M.
1139 2321 67 43 C.)

160 2561 213 35 HECKLY.
478 2562 315 35 AGGLOMERE
817 2563 65 34 DE
903 2563 281 35 MACHEFER
1207 2563 62 35 ET

103 2622 66 36 DE
193 2623 173 37 TERRE.
471 2623 58 37 La
557 2635 20 25 «
605 2624 185 35 Réforme
822 2625 50 35 du
899 2625 193 35 Bâtiment
1120 2636 21 24 »
1172 2639 21 19 a
1222 2628 31 32 si-

104 2684 125 44 gnalé,
266 2687 24 34 il
324 2700 24 28 y
381 2700 21 19 a
435 2686 168 42 quelque
638 2696 138 33 temps,
816 2686 285 43 l'exploitation
1138 2686 112 37 indius-

103 2747 124 35 trielle
259 2762 44 19 en
334 2747 232 43 Allemagne
597 2748 93 34 d'un
720 2747 225 43 aggloméré
975 2763 198 25 nouveau,,
1203 2750 66 41 qui

103 2811 104 33 vient
235 2809 189 42 s'ajouter
454 2812 21 31 à
504 2810 36 34 la
567 2810 84 34 liste
680 2809 88 43 déjà
797 2811 235 34 nombreuse
1059 2811 67 34 des
1152 2813 114 40 pisés.

159 2870 161 35 Suivant
350 2870 33 34 le
413 2872 168 41 procédé
611 2871 140 40 Hecht,
787 2886 50 20 on
870 2872 178 43 mélange
1079 2874 103 33 aussi
1212 2875 38 32 in-

104 2935 203 31 timement
345 2947 74 27 que
457 2933 167 41 possible
663 2933 50 35 du
751 2933 202 36 mâchefer
990 2949 51 22 ou
1075 2934 67 35 des
1179 2947 66 21 cen-

1352 434 112 34 drées
1496 435 46 35 de
1574 436 99 35 coke
1706 452 51 20 ou
1790 447 84 26 tout
1907 450 111 26 autre
2049 442 159 42 produit
2239 458 150 27 poreux
2424 458 95 20 avec

1353 496 65 34 des
1447 497 175 42 aiguilles
1649 498 48 35 de
1722 502 66 39 pin
1816 510 36 24 et
1879 502 46 34 de
1948 504 37 34 la
2008 513 104 24 terre
2138 519 148 27 grasse;
2312 509 115 39 après
2453 510 43 38 pé-

1353 562 173 38 trissage,
1556 562 34 33 îe
1614 560 180 42 mélange
1821 572 56 25 est
1903 566 70 31 mis
2001 564 95 35 dans
2121 565 66 35 des
2218 567 160 40 moules,
2408 572 88 29 éner-

1353 623 225 38 giquement
1604 625 213 38 comprimé
1839 626 24 31 à
1888 625 38 33 la
1945 628 118 35 main,
2091 630 85 38 puis
2198 631 71 31 mis
2291 631 21 31 à
2335 629 139 34 sécher
2497 633 22 30 à

1354 681 93 35 l'air.
1475 682 51 34 Le
1555 682 141 35 format
1722 684 173 34 habituel
1921 685 47 36 de
1997 701 62 19 ces
2083 687 107 35 blocs
2216 698 56 25 est
2305 689 212 54 15/20/30

1352 757 48 19 ou
1444 743 19 33 2
1473 743 75 42 0/2
1557 744 75 41 0/:>
1642 745 20 33 0
1703 745 300 42 probablement
2044 748 46 34 de
2131 753 175 33 manière
2345 755 21 30 à
2405 752 112 34 hâter

1352 805 33 34 le
1419 806 136 34 travail
1592 805 46 35 de
1676 811 252 38 maçonnerie
1964 818 37 26 et
2036 810 34 35 le
2106 812 167 42 séchage
2309 812 68 35 des
2411 828 105 19 murs

1354 870 194 32 terminés.
1578 868 20 34 2
1632 872 175 31 ouvriers
1836 879 36 25 et
1901 885 52 19 un
1984 871 85 34 aide
2096 882 170 31 peuvent
2292 873 152 35 mouler
2471 889 46 19 en

1354 944 75 19 une
1461 932 165 39 journée
1661 930 45 34 de
1740 931 83 35 huit
1856 932 141 35 heures
2030 932 78 34 200
2143 937 21 30 à
2199 934 76 34 225
2310 935 107 35 blocs
2451 939 66 39 qui

1354 991 221 42 équivalent
1615 995 21 30 à
1683 992 113 38 1,200
1834 1007 51 20 ou
1932 993 113 39 1,400
2084 993 158 44 briques
2281 995 51 38 du
2373 997 144 34 format

1352 1062 175 25 courant.

1407 1127 72 33 Ces
1510 1130 148 39 pierres
1688 1127 248 40 artificielles,
1969 1143 75 19 une
2075 1129 73 35 fois
2177 1130 149 39 sèches,
2359 1131 133 35 devien-

1349 1198 92 24 nent
1470 1203 105 20 assez
1600 1189 114 35 dures
1738 1204 101 28 pour
1864 1204 74 28 que
1961 1190 77 34 l'on
2066 1193 129 40 puisse
2220 1191 54 35 les
2299 1206 215 28 maçonner

1350 1264 150 20 comme
1526 1251 64 35 des
1614 1251 158 43 briques
1797 1252 215 34 ordinaires
2041 1266 94 21 avec
2160 1268 52 19 un
2237 1255 162 33 mortier
2425 1257 66 39 éga-

1350 1312 143 34 lement
1521 1315 260 40 économique
1809 1316 191 32 constitué
2027 1329 72 27 par
2124 1329 76 19 une
2227 1317 162 33 matière
2415 1331 73 19 sem-

1350 1374 125 35 blable
1512 1378 21 29 à
1569 1374 94 35 celle
1698 1378 64 39 qui
1799 1378 191 33 constitue
2025 1376 35 34 la
2094 1390 126 21 masse
2258 1387 255 32 proprement

1350 1435 88 34 dite.

1404 1509 164 43 D'après
1596 1510 67 34 des
1691 1513 116 33 essais
1835 1513 20 30 à
1882 1510 37 35 la
1947 1514 265 40 compression
2242 1511 190 36 effectués
2463 1527 49 19 au

1347 1571 237 35 laboratoire
1613 1571 46 35 de
1686 1571 118 35 Gross
1833 1572 262 41 Lichterfilde,
2124 1587 46 20 en
2199 1573 245 43 Allemagne,
2476 1575 37 33 la

1349 1636 210 31 résistance
1590 1647 194 28 moyenne
1814 1634 46 34 de
1891 1648 64 21 ces
1985 1634 108 35 blocs
2122 1637 23 31 à
2177 1635 36 33 la
2244 1638 266 39 compression

1349 1702 55 26 est
1433 1694 46 34 de
1515 1694 42 34 14
1587 1694 61 42 kg.
1678 1709 72 27 par
1776 1710 72 20 cm.
1882 1710 30 19 c.
1945 1710 101 28 pour
2074 1696 65 34 des
2163 1696 108 34 blocs
2298 1696 46 34 de
2373 1705 139 34 quatre

1348 1759 203 36 semaines,
1584 1756 65 34 des
1680 1756 107 35 blocs
1819 1756 85 43 plus
1938 1760 90 39 âgés
2060 1767 87 25 sont
2182 1757 85 43 plus
2299 1761 211 31 résistants.

1348 1816 112 35 Cette
1492 1820 209 32 résistance
1731 1827 56 25 est
1818 1821 280 32 certainement
2124 1819 211 36 inférieure
2366 1822 21 31 à
2418 1818 94 36 celle

1348 1878 45 34 de
1418 1879 35 34 la
1477 1879 150 42 brique,
1655 1882 97 32 mais
1778 1895 151 19 comme
1945 1878 4 45 ,
1971 1881 94 34 dans
2090 1882 36 33 la
2155 1881 157 42 plupart
2338 1881 65 35 des
2434 1896 75 23 cas,

1347 1940 227 42 l'épaisseur
1607 1941 66 34 des
1707 1955 106 20 murs
1848 1950 55 27 est
1938 1942 145 34 choisie
2115 1956 101 28 pour
2249 1942 154 35 obtenir
2435 1956 76 20 une

1346 2004 220 39 protection
1589 2002 206 35 suffisante
1822 2011 135 26 cointre
1981 2004 34 35 le
2040 2003 100 35 froid
2162 2003 127 43 plutôt
2313 2018 75 28 que
2410 2018 103 28 pour

1348 2066 155 32 résister
1538 2067 22 31 à
1595 2064 36 34 la
1667 2067 267 39 compression
1970 2064 74 35 due
2081 2079 49 20 au
2166 2065 122 42 poids,
2326 2066 36 34 la
2401 2068 91 32 résis-

1344 2134 114 25 tance
1489 2125 66 34 des
1586 2125 108 35 blocs
1726 2125 128 35 Hecht
1888 2126 98 35 n'est
2018 2141 69 28 pas
2122 2129 261 40 compromise
2415 2126 95 35 dans

1345 2186 35 34 la
1414 2187 159 42 plupart
1605 2187 66 34 des
1704 2202 74 21 cas.
1814 2187 105 35 C'est
1948 2190 98 33 ainsi
2079 2202 75 28 que
2186 2203 102 28 pour
2317 2189 55 34 les
2402 2203 108 20 murs

1343 2251 214 33 extérieurs
1583 2257 178 34 portants
1787 2263 50 20 on
1863 2249 167 42 emploie
2056 2265 75 19 une
2157 2252 201 41 épaisseur
2384 2250 48 36 de
2458 2250 50 34 30

1343 2313 21 30 à
1398 2310 48 33 40
1479 2325 71 20 cm.
1583 2310 131 43 quand
1743 2311 54 34 les
1827 2314 170 32 maisons
2027 2327 48 20 ne
2107 2321 249 33 comportent
2388 2312 121 42 qu'un

1345 2372 336 35 rez-de-chaussée
1714 2382 37 25 et
1784 2373 36 33 la
1854 2375 156 36 toiture,
2047 2376 29 32 si
2112 2373 78 35 l'on
2225 2383 92 26 veut
2354 2376 156 40 ajouter

1345 2449 50 18 un
1437 2437 123 39 étage,
1606 2434 229 42 l'épaisseur
1877 2434 80 35 doit
1998 2437 82 33 être
2120 2439 137 38 portée
2300 2439 22 30 à
2364 2435 50 34 40
2458 2450 52 19 ou

1344 2494 48 34 50
1421 2510 72 20 cm.
1520 2510 49 22 au
1597 2495 349 35 rez-de-chaussée.
1974 2496 71 35 Les
2072 2511 108 20 murs
2209 2496 47 37 de
2281 2499 225 41 séparation

1341 2571 78 19 r.on
1451 2566 179 33 portants
1660 2568 170 31 peuvent
1858 2560 110 32 avoir
1996 2558 57 34 0.1
2068 2557 19 35 5
2115 2557 227 46 seulement.

1398 2630 70 35 Les
1504 2646 107 19 murs
1646 2634 209 31 construits
1891 2634 21 30 à
1947 2630 114 35 l'aide
2095 2630 47 35 de
2177 2646 62 19 ces
2273 2630 111 35 blocs
2420 2641 87 25 sont

1340 2695 216 36 insonores,
1591 2706 83 20 secs
1707 2702 35 24 et
1773 2695 174 32 mauvais
1979 2692 260 36 conducteurs
2272 2693 46 34 de
2349 2692 37 35 la
2416 2693 68 34 cha-

1341 2754 96 38 leur,
1463 2768 50 20 on
1541 2763 92 33 peut
1660 2757 78 31 très
1767 2754 222 35 facilement
2018 2754 56 35 les
2103 2754 127 35 tailler
2257 2764 36 26 et
2320 2769 25 27 y
2371 2754 114 35 enfon-

1343 2830 61 20 ce!
1432 2813 65 37 des
1524 2816 106 34 clous
1658 2830 50 19 ou
1734 2817 53 34 les
1812 2825 126 33 pattes
1963 2818 239 33 nécessaires
2228 2830 101 29 pour
2350 2818 38 35 la
2412 2829 96 29 pose

1341 2877 66 34 des
1432 2879 265 33 menuiseries.

1404 2939 43 42 («
1477 2938 54 35 La
1560 2938 183 35 Réforme
1774 2938 50 35 du
1854 2938 194 37 Bâtiment
2075 2950 33 28 2>,
2143 2938 48 35 23
2229 2942 93 32 août
2362 2937 138 44 1925.)
