2481 3980
1113 260 93 43 LA

287 402 640 94 REVUE
1064 397 973 96 MUSICALE

360 566 205 49 (Honorée
589 565 119 38 d'une
734 565 283 46 souscription
1040 565 52 36 du
1115 563 217 38 Ministère
1357 564 47 37 de
1426 566 291 36 l'lnstruction
1738 565 228 48 publique.)

439 1044 178 40 Notre
643 1042 382 52 Supplément
1062 1039 249 43 musical
1336 1051 8 26 :
1372 1039 71 42 M.
1474 1039 173 41 Louis
1683 1041 226 50 Kayser

224 1189 62 40 La
311 1188 154 41 Revue
488 1187 229 47 musicale,
738 1192 114 33 entre
875 1192 139 33 antres
1031 1188 371 51 préoccupations,
1427 1199 23 24 a
1472 1185 101 38 celle
1596 1185 127 39 d'être
1763 1183 117 54 utile]
1901 1200 85 25 aux
2015 1186 154 53 jeunes

167 1256 305 55 compositeurs
494 1255 72 41 aui
588 1262 72 32 ont
684 1256 53 38 du
762 1255 131 38 talent
931 1260 35 33 et
985 1269 69 38 qui
1079 1259 286 33 commencent
1389 1253 36 39 le
1446 1253 105 39 rude
1573 1255 324 53 apprentissage
1920 1256 125 40 d'une
2080 1273 66 25 car-

165 1326 109 40 rière
306 1324 55 40 où
394 1324 33 39 il
447 1338 50 25 ne
537 1323 121 54 suffit
697 1332 76 44 pas
815 1323 192 50 toujours
1048 1336 24 25 a
1093 1321 120 41 avoir
1243 1321 55 39 du
1328 1325 146 35 mérite
1501 1329 109 45 pour
1643 1335 157 26 réussir
1823 1338 13 33 ;
1859 1324 115 40 aussi
2001 1326 168 40 a-t-elle

168 1392 196 43 accueilli
380 1407 97 26 avec
500 1397 320 49 empressement
852 1392 57 38 les
932 1396 304 48 compositions
1254 1404 77 39 que
1347 1396 93 33 veut
1463 1389 95 40 bien
1582 1389 60 40 lui
1676 1405 182 39 envoyer
1874 1408 58 24 un
1963 1394 205 41 musicien

163 1460 199 57 français
393 1459 287 49 d'éducation,
705 1475 129 25 sinon
858 1460 25 38 d
902 1458 193 54 origine.

230 2963 133 40 Louis
382 2962 181 53 Kayser,
578 2965 51 36 né
644 2965 24 36 à
689 2961 194 40 Londres
904 2975 49 25 en
980 2960 127 53 iBjj,
1128 2974 23 24 a
1168 2957 81 47 fait
1266 2972 63 25 ses
1349 2957 140 39 études
1518 2955 221 40 musicales
1754 2959 23 35 à
1799 2954 142 40 Paris.
1965 2955 136 39 Entré
2123 2970 54 24 au

180 3030 324 41 Conservatoire
521 3031 106 38 dans
639 3029 57 39 les
709 3029 151 38 classes
876 3028 50 39 de
931 3027 134 54 piano
1081 3032 36 32 et
1139 3026 49 38 de
1199 3025 183 53 solfège,
1401 3023 33 39 il
1449 3023 67 52 n'y
1526 3023 49 51 fit
1584 3022 129 54 qu'un
1728 3029 118 33 court
1860 3022 143 52 séjour
2008 3026 111 47 pour
2136 3037 41 25 se

178 3113 219 26 consacrer
399 3097 326 42 exclusivement
739 3112 25 24 a
778 3096 41 40 la
839 3101 282 48 composition
1143 3108 98 24 sous
1265 3092 40 39 la
1321 3092 209 38 direction
1553 3091 50 39 de
1612 3090 142 53 Henry
1768 3089 236 41 Maréchal.
2028 3090 35 41 C
2080 3097 98 33 esta

176 3165 282 42 Montmartre
481 3167 103 54 qu'il
606 3166 167 49 débuta,
799 3165 108 38 dans
923 3165 70 38 des
1018 3177 19 23 «
1058 3162 139 55 pièces
1220 3161 204 39 d'ombres
1449 3172 41 24 ».
1519 3159 63 39 De
1600 3160 40 38 la
1655 3159 126 39 Butte
1802 3160 33 38 il
1858 3160 215 39 descendit
2095 3174 84 25 aux

176 3234 280 49 Boulevards,
482 3238 54 36 où
554 3249 78 25 son
654 3233 144 40 Dante
808 3233 79 54 fut
906 3233 236 52 représenté
1161 3245 53 24 au
1231 3228 157 40 théâtre
1401 3228 72 38 des
1495 3226 239 55 Capucines
1761 3241 98 27 avec
1875 3226 51 40 M
1927 3233 47 17 me
1996 3226 183 42 Caristie

176 3301 173 43 Martel.
379 3303 35 39 Il
436 3309 57 33 est
514 3301 179 41 fauteur
725 3302 101 39 d'un
846 3300 141 49 ballet,
1014 3299 39 39 le
1072 3297 163 42 Violon
1255 3298 228 50 magique,
1509 3310 49 24 en
1584 3295 312 40 collaboration
1920 3311 95 25 avec
2047 3295 132 40 Louis

177 3369 233 42 Schneider
434 3387 11 33 ;
469 3372 50 38 de
541 3371 41 39 la
604 3384 190 39 musique
813 3370 49 38 de
883 3370 121 38 scène
1024 3368 49 38 de
1095 3367 40 38 la
1166 3365 295 50 Montansier,
1487 3365 164 38 donnée
1686 3380 53 24 au
1777 3363 187 41 Coronet
2008 3363 171 40 Theatre

178 3441 24 37 à
222 3438 191 41 Londres
437 3447 66 42 ;et
522 3440 50 39 de
591 3438 269 40 nombreuses
890 3449 221 27 romances
1130 3442 111 46 pour
1264 3433 139 50 chant,
1431 3438 259 35 notamment
1712 3434 70 38 des
1803 3432 202 40 mélodies
2026 3447 72 24 sur
2122 3433 57 39 les

176 3508 168 52 paroles
367 3509 49 39 de
441 3506 193 42 Maurice
667 3504 285 48 Maeterlinck,
976 3503 194 39 chantées
1197 3510 82 46 par
1299 3501 50 40 M
1350 3506 48 17 me
1437 3500 223 54 Georgette
1695 3501 199 40 Leblanc.
1926 3500 154 41 Parmi
2115 3515 64 24 ses

178 3589 159 27 œuvres
354 3584 111 45 pour
488 3575 224 48 orchestre,
737 3588 55 26 on
827 3579 98 35 veut
956 3577 101 35 citer
1079 3586 11 25 :
1115 3570 130 42 Trois
1278 3569 171 41 Danses
1492 3569 177 53 Idylles,
1708 3569 145 40 écrites
1883 3569 296 54 spécialement

350 3657 40 30 R.
409 3656 47 31 M.

1960 3657 43 34 39

218 773 60 36 N°
307 773 59 36 21
399 771 295 46 (cinquième
717 771 170 43 année)

2007 768 108 37 1905.

1020 769 45 34 15
1096 768 228 35 Novembre
