3497 4455
1662 141 86 51 163

120 283 167 69 (indem
318 283 83 50 wir
429 283 43 50 in
503 283 80 50 der
603 284 230 50 Literatur
863 284 81 51 der
960 283 313 52 Vocal-Musik
1300 282 238 48 Tausende
1568 299 86 32 von

115 368 253 66 Beispielen
396 367 161 58 haben,
581 368 102 50 dass
715 368 67 50 ein
804 369 102 49 sehr
937 369 193 49 schöner
1160 367 92 49 und
1282 366 372 66 hochpoetischer

115 452 122 48 Text
266 451 79 48 auf
381 451 167 48 triviale
576 451 164 52 Weise
784 452 254 66 componirt
1080 451 71 55 ist,
1197 449 92 50 und
1333 448 69 48 ein
1446 448 207 57 anderer,

116 533 80 48 der
227 532 279 67 keineswegs
536 533 69 50 ein
636 533 317 50 dichterisches
969 532 280 49 Kunstwerk
1280 531 68 57 ist,
1380 531 144 48 einem
1557 547 65 32 mu-

118 614 256 50 sicalischen
405 616 139 49 Genie
575 616 338 66 Veranlassung
955 635 52 29 zu
1040 614 86 50 den
1157 614 292 49 herrlichsten
1483 613 142 48 Gesän-

118 715 87 49 gen
235 697 204 67 gegeben
467 698 109 68 hat),
608 700 100 49 dass
740 716 47 33 es
817 700 64 48 als
911 698 70 50 ein
1012 697 192 50 Zeichen
1235 697 79 48 der
1345 696 308 64 Verirrungen

116 797 190 33 unserer
321 781 96 49 Zeit
445 782 45 48 in
519 782 80 48 der
613 782 149 50 Lehre
786 800 101 32 vom
903 780 514 50 Musicalisch-Schönen
1447 777 181 50 betrach-

116 872 68 42 tet
212 865 184 49 werden
428 865 132 59 kann,
604 865 103 49 dass
748 882 105 33 man
892 865 130 49 einen
1063 863 181 50 solchen
1276 863 121 54 Salz,
1441 862 81 48 der
1563 861 95 52 sich,

115 946 60 49 im
207 946 185 49 Grunde
423 965 86 32 von
539 947 141 50 selbst
708 947 215 57 versteht,
966 946 118 51 noch
1126 945 249 50 besonders
1419 943 235 50 aufstellen

116 1028 94 51 und
240 1046 50 32 so
321 1030 63 48 oft
414 1030 302 49 wiederholen
746 1048 139 31 muss.

241 1111 115 50 Kein
400 1112 320 68 Vernünftiger
772 1112 114 51 wird
939 1129 80 33 aus
1064 1111 101 50 dem
1210 1111 229 65 Gesagten
1482 1108 174 67 folgern

118 1195 179 58 wollen,
341 1194 102 50 dass
485 1195 82 51 wir
607 1196 200 50 dadurch
837 1196 123 50 einer
988 1194 329 57 Vocal-Musik,
1360 1194 171 49 welche
1562 1192 91 50 sich

119 1295 77 32 um
226 1277 160 59 Inhalt,
417 1277 251 51 Charakter
697 1279 93 50 und
812 1279 125 50 Geist
966 1277 78 51 des
1068 1279 170 48 Textes
1268 1276 121 50 nicht
1419 1276 233 48 kümmere

119 1360 93 51 und
241 1361 75 48 ihn
345 1378 86 31 nur
461 1361 85 50 wie
576 1361 71 50 ein
677 1361 199 51 Gewebe
917 1379 102 32 zum
1049 1361 222 65 Auftrage
1315 1376 88 32 von
1431 1357 196 50 musicali-

119 1444 131 48 scher
279 1442 217 50 Stickerei
536 1442 250 61 betrachte,
830 1444 79 49 das
939 1444 144 51 Wort
1120 1442 141 49 reden
1299 1441 199 50 wollten.
1554 1441 98 48 Der

118 1526 200 49 Irrthum
349 1526 247 65 Wagner's
626 1528 91 48 und
741 1526 235 51 Genossen
1005 1526 107 66 liegt
1140 1525 116 48 eben
1286 1524 140 59 darin,
1455 1524 102 48 dass
1587 1522 64 50 sie

119 1609 70 49 die
219 1608 361 49 fehlerhafte
599 1609 387 66 Anwendung
1016 1609 77 49 des
1108 1608 305 50 Grundsatzes
1437 1605 68 48 für
1521 1605 130 50 einen

116 1691 164 51 Fehler
309 1690 78 50 des
411 1691 306 51 Grundsatzes
746 1691 140 51 selbst
901 1693 164 49 halten.
1098 1691 156 50 Wenn
1285 1689 62 51 sie
1376 1707 146 49 gegen
1545 1688 106 66 jene

118 1774 152 58 eifern,
313 1790 51 33 so
406 1774 98 49 sind
542 1774 84 51 wir
663 1776 217 49 natürlich
908 1775 115 50 auch
1054 1773 152 59 dabei;
1251 1773 109 49 aber
1389 1774 70 47 ein
1488 1771 161 51 Vocal-

115 1857 297 58 Musikstück,
457 1857 145 49 heisse
643 1874 49 33 es
730 1876 94 33 nun
854 1859 127 66 Oper
1021 1857 110 50 oder
1172 1864 127 41 sonst
1325 1855 101 59 wie,
1469 1854 42 48 in
1543 1854 80 48 wel-

118 1940 128 50 chem
276 1939 69 50 die
374 1939 150 50 Musik
563 1957 107 33 nur
710 1942 63 48 als
811 1942 146 49 Mittel
998 1940 79 50 des
1104 1937 436 53 Wort-Ausdrucks
1572 1953 52 48 ge-

115 2022 194 50 braucht
337 2023 116 49 wird
494 2023 92 49 und
626 2023 128 51 keine
784 2023 347 66 selbstständige
1160 2022 245 49 Schönheit
1436 2020 212 49 entfalten

118 2105 110 59 darf,
257 2105 58 49 ist
344 2105 71 49 ein
444 2105 329 51 musicalisches
801 2105 194 68 Unding.
1051 2107 159 47 Davon
1254 2104 118 48 kann
1414 2119 102 32 man
1558 2102 91 49 sich

118 2189 80 50 auf
221 2188 80 50 der
329 2188 140 50 Stelle
496 2187 305 68 überzeugen,
844 2207 135 32 wenn
1005 2206 107 32 man
1141 2187 79 49 auf
1244 2185 283 68 dergleichen
1557 2185 61 49 De-

118 2271 506 68 clamations-Exempel
652 2272 70 49 die
745 2271 151 50 Probe
925 2271 166 55 macht,
1120 2269 77 50 das
1228 2269 152 57 heisst,
1409 2268 61 48 sie
1502 2268 147 48 ohne

118 2354 122 49 Text
268 2356 229 62 vorträgt;
541 2370 92 33 was
664 2354 184 50 alsdann
877 2354 128 49 keine
1033 2352 150 49 Musik
1212 2352 70 57 ist,
1313 2351 113 49 wird
1456 2367 47 32 es
1534 2349 114 50 auch

118 2436 81 50 mit
227 2436 88 49 den
344 2437 352 49 Textesworten
725 2437 200 67 zugleich
961 2436 122 50 nicht
1112 2434 106 50 sein.
1263 2434 104 49 Man
1398 2433 115 50 lasse
1544 2432 107 49 aber

119 2518 161 50 einmal
301 2518 213 51 Mozart's
537 2518 175 51 Finales
736 2518 338 51 oderHändel's
1098 2516 220 66 Halleluja
1342 2516 117 48 ohne
1482 2516 170 49 Worte

120 2602 183 67 spielen,
344 2599 147 51 welch
529 2602 98 48 eine
657 2602 219 50 herrliche
904 2601 151 51 Musik
1085 2599 112 50 wird
1228 2616 45 32 es
1304 2597 201 49 bleiben!
1550 2596 102 49 Und

120 2701 101 33 wer
247 2685 169 49 könnte
445 2700 47 33 es
522 2701 175 50 wagen,
725 2702 54 32 zu
810 2683 272 68 behaupten,
1112 2682 102 48 dass
1230 2681 120 49 diese
1367 2681 148 48 Musik
1531 2679 122 49 nicht

120 2768 82 50 mit
228 2768 141 49 ihrem
400 2767 147 50 Texte
574 2768 42 49 in
645 2768 203 50 vollstem
864 2767 224 65 Einklang
1117 2765 142 57 stehe,
1290 2763 109 50 oder
1418 2763 113 49 auch
1550 2780 101 39 nur,

123 2851 101 49 dass
256 2851 61 49 sie
346 2850 136 49 falsch
511 2851 268 49 declamire?
837 2852 68 47 Da
950 2851 55 48 ist
1042 2846 320 66 vollständiger
1405 2843 246 51 Ausdruck

123 2933 81 50 der
227 2932 272 66 Stimmung,
529 2933 79 50 des
638 2933 287 58 Charakters,
965 2932 59 65 ja,
1060 2931 78 48 des
1169 2930 209 57 Wortes,
1421 2927 92 50 und
1544 2927 81 48 den-

122 3016 119 51 noch
280 3015 113 49 über
436 3016 107 50 alles
586 3016 80 50 das
707 3016 180 66 hinweg
915 3015 164 58 Musik,
1124 3011 320 66 selbstständig
1488 3010 166 49 schöne

122 3099 172 52 Musik!
402 3099 108 49 Man
550 3115 106 48 sage
697 3099 122 49 nicht
856 3106 119 41 etwa
1013 3095 309 51 vorwerfend:
1378 3095 102 56 „Du
1513 3092 144 48 führst

124 3182 109 51 aber
262 3180 115 51 auch
407 3180 143 66 gleich
586 3181 70 48 die
694 3180 285 51 vollendeten
1007 3180 176 48 Muster
1214 3177 80 50 der
1325 3180 211 63 grössten
1566 3175 60 48 Ge-

122 3266 110 51 nie's
491 3264 105 50 Wir
628 3264 242 64 verlangen
900 3262 296 65 keineswegs,
1235 3260 102 49 dass
1362 3259 130 66 jeder
1522 3257 101 49 Com-

124 3347 150 70 ponist
315 3347 69 49 ein
421 3345 179 51 Händel
632 3346 109 50 oder
769 3346 179 50 Mozart
975 3345 94 48 sein
1098 3344 132 57 solle;
1275 3341 108 50 aber
1413 3358 133 33 wenn
1576 3339 82 49 wir

124 3434 69 49 die
222 3430 190 52 Lehre
452 3448 103 32 vom
585 3430 211 50 Schönen
837 3427 123 50 einer
988 3429 153 47 Kunst
1171 3425 120 51 nicht
1322 3441 80 32 aus
1432 3424 87 49 den
1549 3422 88 50 voll-

123 3514 195 51 endeten
345 3514 207 48 Mustern
583 3513 43 48 in
657 3510 237 51 derselben
923 3509 154 49 ziehen
1120 3509 155 57 sollen,
1319 3506 158 50 woher
1521 3505 140 49 sollen

124 3598 84 49 wir
237 3596 62 50 sie
329 3595 118 50 dann
476 3594 227 51 nehmen?
732 3594 121 51 War
881 3600 117 42 etwa
1028 3591 80 50 der
1126 3590 156 50 Canon
1312 3589 77 49 des
1412 3588 249 49 Praxiteles

125 3681 108 50 eher
274 3678 277 58 vorhanden,
594 3676 63 50 als
702 3676 122 50 seine
853 3674 271 57 Bildsäulen,
1171 3673 110 49 oder
1310 3670 231 51 Horatius'
1573 3671 90 49 Ars

127 3765 176 66 poetica
322 3762 167 58 früher,
519 3760 64 48 als
613 3760 175 48 Homer
817 3759 93 49 und
941 3755 287 70 Sophokles?
1270 3756 63 47 Es
1365 3755 118 48 kann
1511 3753 44 49 in
1585 3753 80 49 der

124 3847 132 57 That,
299 3862 135 33 wenn
475 3859 104 33 man
619 3842 82 50 der
730 3840 146 50 Sache
915 3840 79 50 auf
1035 3839 85 50 den
1150 3838 159 49 Grund
1353 3836 122 66 geht,
1519 3834 143 51 nichts

123 3928 331 52 Verkehrteres
496 3924 163 67 geben,
703 3923 64 51 als
797 3923 70 49 die
896 3923 148 48 Lehre
1071 3938 105 32 vom
1205 3920 178 51 Wesen
1412 3919 77 48 des
1521 3918 114 48 Schö-

124 4028 90 36 nen
260 4010 43 50 in
344 4010 120 50 einer
501 4009 167 59 Kunst,
725 4024 87 32 von
862 4005 119 49 ihrer
1030 4003 311 65 Bestimmung
1398 4000 93 51 und
1546 4000 120 49 ihrer

123 4093 345 61 Wirksamkeit,
513 4090 122 53 nicht
678 4107 80 34 aus
805 4089 86 51 den
934 4085 378 69 mustergültigen
1341 4084 321 69 Schöpfungen

1750 279 251 59 derselben,
2047 279 194 50 sondern
2273 297 79 32 aus
2377 279 102 51 dem
2509 298 84 32 von
2625 282 129 48 allem
2785 280 197 50 wirklich
3015 282 240 52 Vorhande-

1747 382 86 32 nen
1865 363 287 50 absehenden
2181 363 192 50 Denken
2405 366 281 47 construiren
2717 383 55 31 zu
2804 363 188 50 wollen!

1874 447 216 49 Wenden
2129 446 84 49 wir
2251 463 92 31 nun
2376 446 77 48 das
2485 447 196 65 Gesagte
2710 448 81 48 auf
2814 447 79 49 das
2924 444 263 51 Oratorium
3218 463 70 41 an,

1750 531 91 48 und
1870 528 284 51 beurtheilen
2181 528 84 51 v/ir
2289 529 88 49 den
2396 528 166 51 Werth
2594 529 144 49 dieser
2759 528 336 51 musicalischen
3116 527 145 51 Kunst-

1750 620 191 58 gattung
1971 628 81 33 vor
2082 611 146 49 Allem
2269 611 62 48 als
2361 611 215 57 Musiker,
2621 628 49 32 so
2714 612 185 48 werden
2941 611 84 49 wir
3068 611 218 66 gestehen

1750 700 195 52 müssen,
1988 694 103 50 dass
2138 694 69 47 die
2237 693 238 50 Tonkunst
2514 693 127 50 keine
2682 693 164 50 andere
2875 694 203 65 Gattung
3105 692 91 60 hat,
3241 693 45 48 in

1750 777 194 50 welcher
1986 777 93 50 sich
2107 777 95 48 ihre
2232 776 350 66 grossartigsten
2615 776 91 48 und
2738 776 308 49 wirksamsten
3074 773 185 51 Erschei-

1748 877 183 49 nungen
1972 860 44 48 in
2060 877 50 32 so
2154 858 174 50 breiten
2369 858 93 51 und
2505 858 284 50 vollendeten
2823 858 197 50 Formen
3060 857 216 51 entfalten

1747 943 196 58 können,
1972 942 62 50 als
2066 942 165 66 gerade
2256 942 44 48 in
2328 942 157 48 dieser.
2515 942 97 48 Der
2632 941 310 66 Chorgesang,
2970 940 120 49 diese
3116 941 159 48 Krone

1747 1026 80 49 der
1856 1026 247 49 deutschen
2131 1025 165 57 Musik,
2335 1026 145 48 dieser
2508 1025 217 67 Triumph
2755 1025 81 49 der
2865 1022 275 69 Polyphonie
3170 1023 105 59 und,

1746 1108 245 50 äusserlich
2034 1125 286 50 genommen,
2373 1107 144 50 dieser
2559 1107 170 66 einzige
2771 1106 109 49 Halt
2921 1106 92 49 und
3055 1105 101 49 Kitt
3199 1106 78 48 der

1746 1191 247 51 deutschen
2018 1190 398 67 Gesang-Vereine
2444 1190 93 49 und
2559 1188 452 68 Sing-Akademieen,
3040 1187 94 50 und
3164 1187 91 66 folg-

1745 1275 85 48 lich
1860 1274 69 49 die
1959 1274 281 49 wirksamste
2264 1272 309 66 Vermittlung
2594 1271 221 51 zwischen
2832 1272 152 50 Kunst
3009 1270 94 51 und
3119 1270 158 51 Leben

1745 1356 91 50 und
1868 1356 222 50 zwischen
2119 1357 151 47 Kunst
2297 1355 93 49 und
2420 1355 217 66 Religion,
2677 1354 218 49 wodurch
2921 1354 61 49 ist
3011 1370 49 31 er
3090 1352 77 50 das
3197 1369 52 49 ge-

1743 1439 205 52 worden.
1991 1455 94 33 was
2129 1455 50 32 er
2220 1437 91 51 ist?
2354 1437 217 50 wodurch
2611 1437 57 50 ist
2706 1453 49 33 er
2785 1454 56 32 zu
2870 1435 80 52 der
2982 1435 170 49 Grösse
3180 1435 94 49 und

1742 1522 155 49 Macht
1925 1521 256 50 entwickelt
2221 1521 91 50 und
2355 1519 376 68 emporgebracht
2762 1519 202 58 worden,
3007 1517 70 50 die
3106 1517 83 50 wir
3218 1534 57 32 an

1742 1605 89 48 ihm
1861 1604 296 57 bewundern,
2187 1620 134 33 wenn
2349 1603 121 49 nicht
2498 1603 142 49 durch
2669 1601 69 50 die
2755 1601 275 50 Oratorien?
3059 1600 99 52 Wo
3187 1600 66 48 las-

1742 1704 80 32 sen
1851 1686 92 51 sich
1973 1686 247 66 diejenigen
2247 1686 214 59 Formen,
2504 1685 170 51 welche
2715 1685 67 48 für
2823 1684 68 48 die
2922 1681 327 68 Selbstständig-

1742 1770 90 48 keit
1863 1770 80 48 der
1963 1769 239 49 Tonkunst
2231 1787 71 30 am
2333 1768 283 67 wichtigsten
2646 1768 90 49 und
2767 1768 70 48 lür
2866 1766 77 50 das
2966 1765 188 52 Wissen
3182 1764 93 49 und

1741 1854 194 48 Können
1964 1853 45 49 in
2037 1853 68 48 ihr
2133 1870 71 31 am
2236 1851 423 50 entscheidendsten
2688 1850 112 57 sind,
2841 1849 191 49 nämlich
3064 1849 69 48 die
3164 1865 80 32 con-

1740 1935 368 68 trapunktischen
2133 1934 217 67 jeglicher
2378 1935 103 56 Art,
2523 1933 158 51 besser
2724 1950 78 32 zur
2832 1933 199 64 Geltung
3069 1930 206 66 bringen,

1741 2019 62 48 als
1835 2019 42 48 in
1907 2018 86 49 den
2019 2017 277 50 Oratorien?
2325 2018 98 49 Wo
2453 2017 151 48 finden
2635 2015 82 50 wir
2747 2014 260 50 ausserhalb
3037 2011 239 51 derselben

1742 2100 97 50 eine
1869 2100 307 66 Gelegenheit,
2218 2099 69 48 die
2328 2098 177 51 Gewalt
2547 2098 80 49 der
2665 2095 485 66 Zusammenwirkung
3192 2095 83 49 der

1742 2202 50 32 so
1823 2183 237 49 unendlich
2091 2182 301 66 gesteigerten
2415 2179 492 51 Instrumental-Mittel
2936 2179 79 48 mit
3045 2178 80 49 der
3142 2177 133 49 Kraft

1742 2267 80 51 der
1850 2265 331 50 menschlichen
2203 2264 220 50 Stimmen
2452 2264 43 48 in
2523 2264 180 50 Massen
2733 2263 77 48 auf
2834 2262 169 66 gleiche
3029 2262 160 50 Weise
3218 2278 57 32 zu

1743 2348 294 51 offenbaren?
2079 2348 97 51 Wo
2214 2348 58 48 ist
2312 2347 172 49 endlich
2519 2345 97 50 eine
2644 2347 153 56 Form,
2841 2362 81 32 aus
2965 2344 197 50 welcher
3205 2343 71 49 die

1741 2432 133 49 Muse
1903 2431 80 48 der
2013 2429 238 50 Tonkunst
2289 2429 148 49 reiner
2474 2428 94 48 und
2597 2427 221 49 keuscher
2847 2427 93 48 sich
2969 2424 303 68 emporhebt?

1745 2514 96 51 Wo
1873 2513 56 48 ist
1957 2512 96 48 eine
2077 2512 204 65 Gattung
2307 2527 87 33 von
2411 2508 327 57 Vocal-Musik,
2768 2508 45 48 in
2834 2507 195 49 welcher
3055 2507 69 48 die
3150 2505 94 50 Wir-

1743 2597 126 65 kung
1912 2613 51 32 so
1993 2594 145 65 einzig
2180 2594 90 49 und
2311 2592 130 51 allein
2481 2593 78 48 auf
2594 2592 102 49 dem
2724 2591 185 49 inneren
2938 2588 337 51 musicalischen

1745 2678 189 50 Gehalte
1962 2676 180 58 beruht,
2185 2676 42 48 in
2259 2674 194 50 welcher
2482 2674 70 50 die
2582 2673 237 50 Tonkunst
2858 2690 50 31 so
2938 2672 79 48 frei
3045 2688 88 32 von
3163 2669 114 50 allen

1745 2761 202 56 Fesseln,
1987 2758 109 50 aber
2124 2758 113 48 auch
2270 2775 49 31 so
2349 2757 135 49 nackt
2512 2756 92 49 und
2632 2756 122 49 bloss
2786 2773 84 31 von
2902 2754 128 49 allem
3062 2757 218 46 äusseren

1746 2842 283 51 blendenden
2060 2841 264 57 Schimmer,
2362 2857 87 32 von
2479 2839 108 50 aller
2616 2838 240 48 sinnlichen
2884 2836 275 66 Umgebung
3190 2836 93 48 sich

1745 2926 43 48 in
1820 2925 213 67 geistiger
2060 2923 289 65 Verklärung
2378 2940 102 32 zum
2508 2921 195 49 Himmel
2734 2919 254 67 schwingt?
3039 2919 134 49 Ohne
3213 2918 70 48 die

1746 3007 330 65 Bezauberung
2105 3006 80 49 der
2204 3006 135 49 Sinne
2368 3005 140 48 durch
2526 3003 163 49 Pracht
2719 3002 80 50 der
2820 3002 198 57 Malerei,
3050 3001 116 49 ohne
3195 3001 88 48 den

1746 3091 108 49 Reiz
1886 3090 92 49 und
2009 3090 68 48 die
2107 3088 303 56 Theilnahme,
2441 3085 168 50 welche
2639 3086 97 48 eine
2769 3085 279 68 persönliche
3077 3083 178 50 Darstel-

1748 3173 108 67 lung
1874 3180 168 58 erregt,
2068 3171 117 49 ohne
2201 3168 379 66 Ueberraschung
2603 3168 144 50 durch
2764 3167 314 50 theatralische
3091 3166 189 58 Effecte,

1750 3257 116 49 ohne
1894 3254 266 50 elektrische
2190 3255 154 48 Sonne
2373 3252 92 50 und
2493 3252 307 66 Feuerregen,
2846 3251 117 49 ohne
2992 3248 164 50 Samiel
3187 3248 97 51 und

1750 3341 172 56 Venus,
1967 3337 115 50 ohne
2112 3335 163 51 Pferde
2319 3335 92 49 und
2453 3335 120 49 ohne
2612 3335 208 57 Schwan,
2865 3332 117 50 ohne
3009 3334 154 48 Vesuv
3192 3331 94 50 und

1752 3422 118 50 ohne
1898 3419 296 66 Hörselberg,
2239 3417 57 51 ist
2325 3435 47 32 es
2400 3435 88 32 nur
2518 3417 69 49 die
2616 3417 152 50 Macht
2799 3416 80 48 der
2907 3416 141 56 Töne,
3092 3414 70 49 die
3204 3431 81 32 uns

1752 3504 196 66 ergreift,
1992 3502 92 50 und
2126 3518 135 33 wenn
2305 3501 69 50 die
2416 3499 149 50 Musik
2608 3500 60 49 im
2711 3497 264 51 Oratorium
3020 3496 129 50 einen
3178 3496 107 66 Sieg

1752 3588 144 57 feiert,
1940 3603 50 32 so
2030 3584 77 49 hat
2146 3582 62 50 sie
2236 3584 75 48 ihn
2341 3582 143 50 durch
2515 3582 89 51 sich
2637 3581 139 50 selbst
2805 3596 244 49 errungen,
3092 3579 93 49 und
3213 3579 71 48 bei

1753 3670 143 48 ihrem
1925 3666 336 68 Triumphzuge
2303 3666 159 49 schaut
2503 3665 70 48 die
2603 3664 130 51 Welt
2772 3662 118 50 dann
2931 3662 80 50 auf
3045 3661 76 59 sie,
3162 3660 122 51 nicht

1755 3751 77 49 auf
1856 3751 70 49 die
1940 3751 174 49 Löwen
2143 3749 112 49 oder
2284 3745 366 69 feuerspeienden
2667 3745 227 60 Drachen,
2923 3744 70 51 die
3018 3744 130 48 ihren
3166 3742 76 51 Wa-

1757 3852 88 49 gen
1877 3833 166 49 ziehen.

1879 3914 106 51 Und
2028 3914 98 49 eine
2162 3914 362 65 Kunstgattung,
2568 3910 71 50 die
2682 3909 151 49 solche
2861 3910 211 62 Vorzüge
3111 3906 43 50 in
3196 3906 93 50 sich

1760 3998 230 66 vereinigt,
2020 3996 83 51 soll
2133 3996 92 50 sich
2246 3994 207 49 überlebt
2475 3991 161 61 haben,
2667 3993 81 49 soll
2773 3990 280 67 aufgegeben
3073 3989 184 52 werden
3271 3993 22 45 ?

1762 4080 282 54 Wesshalb?
2089 4078 283 69 Chrysander
2410 4076 100 70 (der
2538 4076 214 67 übrigens
2792 4074 71 51 bei
2894 4073 140 52 Leibe
3063 4073 122 52 nicht
3213 4073 81 50 mit
