3162 4572
1552 439 390 61 Teststeffungen

629 439 119 49 1008

686 642 142 48 Diese
860 638 278 59 Forderung
1171 638 120 49 hatte
1314 638 221 49 Sombart
1556 639 141 50 schon
1721 644 45 45 in
1788 645 160 45 seinen
1971 653 154 38 ersten
2147 643 271 49 Aufsätzen
2440 644 147 50 außer
2607 645 263 65 Beachtung

625 718 223 61 gelassen.
884 717 100 48 Das
1020 717 158 48 mußte
1209 722 179 54 traurig
1418 722 232 44 stimmen.
1675 718 140 48 Denn
1841 724 60 43 ist
1932 737 49 30 er
2004 719 114 50 auch
2140 720 106 49 kein
2269 720 369 59 Brückenbauer,
2669 742 59 30 so
2749 727 122 50 steht

622 813 51 31 er
703 794 112 50 doch
849 793 116 49 über
997 793 90 49 den
1120 793 86 51 Riß
1241 793 80 49 des
1355 793 132 49 Seins
1523 794 204 61 gebeugt
1759 794 68 50 als
1862 800 76 45 ein
1958 814 99 31 von
2080 797 83 49 der
2183 798 161 49 Herde
2366 799 405 61 Losgebrochener
2794 803 75 58 da,

621 873 67 49 als
721 871 175 50 solcher
928 871 90 50 den
1050 871 446 59 Heimkehrmüden,
1528 871 90 51 den
1651 874 279 61 Fragenden
1963 874 98 50 und
2092 875 90 50 den
2205 877 377 50 Anschauenden
2616 878 253 62 beigesellt,

620 950 73 48 die
725 949 81 51 des
841 949 309 49 kommenden
1182 950 224 48 Meisters
1440 962 194 38 warten.

682 1026 160 51 Solche
875 1026 367 63 grundsätzliche
1275 1028 270 49 Fremdheit
1582 1029 226 49 zwischen
1841 1029 89 49 sich
1963 1029 97 51 und
2093 1030 81 50 der
2207 1031 177 60 großen
2417 1033 180 61 Menge
2627 1037 244 49 verwischt

618 1110 99 46 sein
749 1112 210 54 jüngster
989 1106 211 49 Aufsatz
1237 1105 294 51 »Gedanken
1564 1112 47 43 in
1643 1106 248 51 Rußland«
1942 1109 86 48 auf
2070 1109 231 49 schlimme
2334 1110 99 50 Art
2481 1112 97 48 und
2626 1118 83 43 mit
2746 1119 124 46 einer

618 1184 251 62 peinlichen
900 1184 357 61 Rückwirkung.

681 1261 240 51 Zunächst
952 1280 108 32 zum
1093 1261 280 51 Sachlichen:
1407 1261 222 51 Sombart
1661 1264 248 61 verteidigt
1940 1264 84 49 das
2048 1265 141 48 Recht
2212 1265 183 57 dessen,
2427 1266 82 50 der
2531 1268 180 61 flüchtig
2746 1275 125 54 reist,

618 1345 159 45 seinen
810 1352 154 38 ersten
997 1339 232 51 Eindruck
1262 1359 60 31 zu
1355 1340 227 50 sammeln
1615 1341 98 50 und
1745 1360 60 31 zu
1839 1341 307 59 übermitteln,
2180 1343 97 49 und
2311 1344 235 51 übersieht
2578 1345 154 59 dabei,
2779 1348 90 51 daß

616 1437 52 31 es
702 1419 159 49 diesen
894 1430 154 38 ersten
1064 1419 235 49 Eindruck
1331 1419 106 49 sehr
1454 1419 367 51 wahrscheinlich
1840 1438 83 44 gar
1940 1421 117 49 nicht
2090 1421 130 50 mehr
2253 1423 115 59 gibt,
2385 1423 61 49 da
2478 1429 86 43 wir
2582 1430 84 43 mit
2697 1425 149 50 bereit-

618 1495 243 62 liegenden
909 1498 229 59 Begriffen
1186 1496 171 57 erfüllt,
1407 1496 89 50 den
1545 1515 152 31 neuen
1730 1498 384 61 Anschauungen
2168 1501 443 60 entgegenzugehen
2650 1503 223 59 gewöhnt

618 1573 118 50 sind.
777 1575 123 48 Wer
947 1593 98 30 von
1098 1575 535 61 Agrarkommunismus
1667 1575 98 50 und
1797 1576 174 49 Robott
2018 1576 137 57 weiß,
2194 1595 98 31 wer
2343 1595 84 44 gar
2475 1579 74 49 die
2588 1580 283 51 Verkünder

618 1651 80 51 des
733 1653 217 60 Heiligen
983 1653 216 50 Rußland
1232 1658 62 44 im
1327 1654 189 49 Herzen
1549 1660 141 55 trägt,
1723 1654 108 49 darf
1859 1655 120 48 nicht
2012 1655 128 50 mehr
2173 1674 98 31 von
2304 1658 339 49 instinkthafter
2667 1659 175 62 Impres-

617 1730 354 61 sionsfähigkeit
1002 1731 218 61 sprechen
1255 1731 96 50 und
1384 1738 47 43 in
1454 1731 70 50 ihr
1547 1738 101 43 eine
1675 1733 403 60 Entschuldigung
2100 1735 75 47 für
2198 1734 84 49 das
2307 1734 176 51 lockere
2508 1736 189 61 Gefüge
2720 1743 151 44 seiner

617 1807 389 63 Beobachtungen
1039 1809 184 52 suchen.
1253 1810 116 48 Und
1416 1810 119 50 sieht
1573 1829 110 32 man
1717 1810 241 51 Sombarts
1995 1813 420 59 Aufzeichnungen
2448 1830 206 44 genauer
2691 1833 76 39 an,
2815 1834 55 31 so

618 1891 124 56 zeigt
773 1886 90 50 sich
896 1887 199 58 alsbald,
1126 1887 92 50 daß
1251 1887 139 50 ihnen
1424 1894 47 44 in
1504 1889 80 49 der
1605 1886 95 52 Tat
1732 1889 74 51 die
1839 1889 305 51 absichtslose
2166 1891 216 61 Haltung
2414 1893 128 57 fehlt,
2575 1899 84 43 mit
2680 1894 191 49 welcher

617 1969 76 44 ein
725 1964 246 52 fahrender
993 1965 224 49 Fremder
1247 1973 130 43 seine
1411 1966 166 50 Ichheit
1608 1967 223 61 preisgibt
1848 1970 97 47 und
1977 1969 269 48 schlechthin
2267 1970 160 50 Gefäß
2460 1976 157 44 reinen
2639 1970 231 51 Schauens

617 2042 132 50 wird.
783 2042 155 50 Durch
973 2044 151 49 solche
1156 2044 214 62 Haltung
1402 2045 196 51 würden
1631 2046 270 61 sprachliche
1934 2047 206 49 Formen
2189 2047 257 59 entstehen,
2495 2054 47 43 in
2592 2049 149 49 denen
2791 2050 80 48 der

616 2120 221 49 Redende
886 2121 244 61 gleichsam
1180 2122 110 50 noch
1341 2129 179 54 zögert,
1570 2143 86 30 aus
1705 2129 152 44 seiner
1891 2124 319 49 Innerlichkeit
2243 2124 170 50 heraus
2462 2131 46 43 in
2542 2131 74 43 ein
2653 2126 218 50 Medium

620 2199 343 58 überzutreten,
1012 2200 85 49 das
1147 2201 68 50 als
1251 2206 101 45 eine
1387 2201 233 61 unheilige
1653 2202 141 50 Sache
1827 2202 106 50 dem
1966 2202 255 50 Stammeln
2255 2204 82 48 des
2370 2204 293 61 Ergriffenen
2696 2205 174 50 ebenso

618 2281 92 45 wie
731 2276 107 50 dem
870 2277 240 50 sinnlosen
1144 2279 280 49 Geschwätz
1458 2279 80 50 des
1576 2280 322 61 Unzüchtigen
1932 2280 177 61 gehört.
2146 2280 118 49 Statt
2297 2286 83 43 mit
2414 2281 104 50 dem
2554 2282 176 60 großen
2752 2281 121 50 Blick

617 2373 88 30 aus
739 2354 83 50 der
842 2355 138 49 Mitte
1003 2355 80 49 des
1107 2361 69 45 ins
1201 2356 267 62 Subjektive
1492 2359 423 59 aufgenommenen
1940 2359 200 61 Objekts
2175 2357 168 51 heraus
2379 2359 252 50 betrachtet
2652 2360 221 49 Sombart

620 2432 218 50 Rußland
871 2434 67 48 als
975 2439 74 43 ein
1083 2435 240 61 gequälter
1356 2436 271 57 Deutscher,
1661 2436 67 50 als
1765 2437 335 60 mißgelaunter
2133 2437 196 59 Preuße,
2377 2439 97 48 und
2506 2444 128 43 seine
2666 2437 179 51 Nieder-

622 2510 208 49 schriften
863 2510 107 49 sind
1002 2511 118 50 nicht
1152 2511 225 61 Symbole
1410 2512 81 50 der
1523 2514 538 61 Selbstverständigung,
2111 2514 205 50 sondern
2352 2521 74 43 ein
2460 2516 164 48 müdes
2658 2516 186 48 Hinaus-

620 2589 227 60 plaudern
870 2590 390 61 konsumfertiger
1284 2591 175 50 Worte
1493 2594 85 47 auf
1595 2592 89 49 den
1708 2594 183 48 offenen
1914 2592 175 50 Markt,
2128 2592 70 51 Es
2222 2594 117 49 wird
2362 2599 62 44 im
2448 2594 201 50 Grunde
2669 2600 207 55 weniger

622 2666 114 50 über
769 2672 75 45 ein
876 2667 235 59 Rußland,
1143 2669 71 49 als
1250 2669 115 48 über
1397 2675 75 43 ein
1496 2670 314 49 Deutschland
1844 2670 296 62 gesprochen,
2175 2671 167 50 dessen
2366 2671 184 50 Wesen
2572 2671 221 50 Sombart

622 2745 97 48 und
750 2745 121 49 viele
905 2745 174 49 andere
1206 2752 84 44 mit
1322 2745 182 51 Trauer
1537 2747 156 50 erfüllt
1725 2747 96 50 und
1853 2766 84 32 zur
1970 2749 200 48 Abkehr
2206 2755 188 56 zwingt.
2427 2749 67 49 So
2527 2756 191 42 müssen
2751 2749 124 49 diese

621 2823 366 63 Betrachtungen
1018 2825 282 49 verstanden
1333 2826 188 50 werden
1556 2827 95 49 und
1699 2845 128 32 zwar
1859 2845 98 32 von
1990 2827 119 50 eben
2145 2827 168 59 denen,
2344 2829 169 49 welche
2556 2829 71 49 als
2662 2829 73 49 die
2768 2827 72 51 Ge-

622 2906 202 44 meinten
857 2902 255 52 schwerlich
1145 2902 74 50 die
1252 2902 245 62 Fähigkeit
1548 2903 113 50 oder
1702 2905 73 48 die
1811 2905 306 62 Geneigtheit
2165 2905 151 49 haben
2349 2905 205 57 werden,
2619 2905 111 49 auch
2780 2905 95 49 ihre

620 2980 297 50 Adressaten
949 3000 62 29 zu
1043 2987 113 43 sein.
1180 2982 176 50 Diesen
1378 2981 274 51 Sündenfall
1686 2982 80 50 hat
1799 2983 223 50 Sombart
2052 2983 147 50 selbst
2222 2983 118 50 nicht
2362 2983 211 50 bedacht:
2607 2983 141 50 schon
2771 2983 105 50 dem

623 3057 234 50 »Berliner
865 3056 275 63 Tageblatt«
1163 3060 164 48 wurde
1345 3060 73 49 die
1440 3079 57 30 so
1530 3060 282 50 beschaffene
1835 3061 333 51 intellektuelle
2191 3061 95 49 und
2310 3061 269 49 moralische
2594 3061 282 61 Zumutung

622 3136 125 49 allzu
783 3136 186 49 schwer.

687 3215 52 48 In
771 3213 81 50 der
882 3213 216 63 richtigen
1120 3215 301 58 Erkenntnis,
1454 3216 90 51 daß
1578 3222 127 45 seine
1727 3217 269 62 potentielle
2031 3220 97 47 und
2161 3217 318 50 aktualisierte
2502 3217 272 50 Lesbarkeit
2805 3217 69 48 bis

621 3311 62 31 zu
716 3292 89 50 den
838 3292 229 50 Schichten
1100 3293 80 50 der
1203 3295 283 58 Verkäufer,
1517 3296 392 62 Friseurgehilfen
1943 3296 98 49 und
2079 3296 113 49 noch
2230 3297 133 48 tiefer
2396 3296 295 57 hinabreicht,
2714 3295 162 50 sendet

622 3387 50 31 es
706 3370 110 48 nach
851 3371 62 48 24
933 3370 210 50 Stunden
1176 3371 105 49 dem
1302 3373 212 50 Aufsatz
1547 3378 103 44 eine
1683 3373 269 63 Erklärung
1985 3373 128 59 nach,
2145 3378 48 45 in
2215 3375 193 48 welcher
2440 3392 50 31 es
2523 3373 226 50 zwischen
2771 3373 104 49 dem

622 3448 154 49 Urteil
809 3448 241 51 Sombarts
1086 3450 115 49 über
1237 3469 179 43 »ganze
1455 3452 290 61 Kategorien
1778 3453 203 61 fleißiger
2013 3452 287 51 Menschen«
2349 3452 97 50 und
2494 3457 151 45 seiner
2682 3458 193 55 eigenen

622 3526 235 62 Meinung
889 3532 133 45 einen
1041 3528 296 51 Grenzstrich
1370 3530 135 50 zieht.
1530 3531 69 49 Es
1624 3537 60 43 ist
1707 3531 136 49 dabei
1864 3531 309 62 scharfsichtig
2196 3547 170 45 genug,
2400 3530 169 62 gerade
2591 3536 47 43 in
2659 3527 218 52 Rußland

622 3603 92 50 den
735 3605 292 49 Mittelstand
1050 3625 60 30 zu
1131 3612 273 53 vermissen,
1436 3627 98 31 von
1568 3608 104 51 dem
1705 3629 50 30 es
1789 3610 205 61 zugleich
2027 3610 119 48 nicht
2168 3610 139 57 weiß,
2340 3627 107 31 wen
2480 3607 236 64 eigentlich
2734 3607 106 50 Som-

622 3681 106 49 bart
761 3682 144 50 damit
938 3688 202 56 gemeint
1171 3683 133 52 habe.
1338 3686 145 49 Diese
1510 3692 175 56 mutige
1707 3687 344 61 Verteidigung
2072 3687 82 48 des
2177 3686 364 57 Mittelstandes,
2573 3685 81 49 der
2678 3700 197 34 »unsere

626 3776 147 44 ganze
805 3761 175 49 Kultur
1002 3762 293 60 verkitscht«,
1328 3770 61 43 ist
1424 3784 83 30 aus
1544 3766 220 49 manchen
1788 3766 231 49 Gründen
2041 3766 106 49 sehr
2168 3765 240 49 widerlich.
2443 3765 102 48 Das
2572 3762 302 62 »Tageblatt«

622 3837 140 49 sollte
794 3845 174 43 seinem
1001 3841 210 49 offenbar
1244 3842 313 62 intelligenten
1591 3843 261 50 Leserkreis
1876 3843 113 50 doch
2020 3843 127 49 wohl
2187 3855 227 37 Zutrauen
2437 3842 182 57 dürfen,
2652 3839 224 51 zwischen

626 3912 83 49 der
730 3914 487 54 Verantwortlichkeit
1238 3919 81 50 der
1340 3919 263 51 Redaktion
1624 3921 98 49 und
1744 3921 88 49 den
1855 3927 193 55 eigenen
2071 3921 384 61 Anschauungen
2478 3919 81 50 der
2579 3918 298 50 Mitarbeiter
