3169 4572
1130 455 191 49 Meier»
1331 452 198 61 Graefe,
1573 452 247 51 Courßets
1851 451 302 62 Nacßfofger

516 457 96 48 892

517 661 184 62 vielen
736 658 327 71 Gefühltes,
1105 657 118 61 und
1265 667 80 52 sei
1384 681 64 37 es
1490 658 138 60 noch
1671 681 67 37 so
1780 657 192 71 latent,
2014 657 347 62 bestehende
2394 657 378 62 Verbindung

517 777 109 54 gen
682 752 235 62 sichtbar
957 751 226 61 machen
1227 751 118 61 und
1394 760 126 52 eine
1571 751 486 62 Gemeinsamkeit
2098 751 333 77 bestätigen,
2474 751 296 79 gestalten,

517 849 92 59 die
634 871 107 37 vor
766 846 83 61 ihr
874 854 261 52 existiert,
1172 845 276 61 Künstler
1473 845 126 61 sind
1615 845 272 78 Apostel,
1920 845 255 62 Priester.
2221 845 193 62 Kunst
2439 855 72 52 ist
2535 846 235 70 Kultus,

518 943 138 59 nicht
697 941 89 60 die
820 939 266 62 Gottheit
1125 939 189 62 selbst.
1360 939 96 62 Sie
1491 939 207 61 bedarf
1723 939 101 62 des
1860 939 301 62 Glaubens
2205 939 101 62 der
2338 940 274 62 Künstler
2653 941 118 60 und

518 1037 100 60 der
659 1035 248 61 anderen
942 1057 73 37 an
1058 1043 125 52 eine
1224 1043 288 68 jenseitige
1538 1034 212 61 Macht.
1796 1034 125 61 Das
1956 1034 329 61 Vertrauen
2329 1034 108 61 auf
2462 1035 108 61 sich
2605 1034 165 62 allein

518 1139 69 51 ist
627 1129 146 60 leere
814 1127 226 62 Phrase,
1110 1128 150 61 Man
1300 1128 197 77 glaubt
1538 1152 72 37 an
1653 1137 206 68 wenig,
1901 1152 170 37 wenn
2113 1152 132 37 man
2288 1153 73 36 an
2404 1129 107 60 sich
2551 1128 212 79 glaubt.

593 1223 113 60 Die
748 1222 367 61 herrschende
1148 1222 527 77 Weltanschauung
1717 1232 72 51 ist
1821 1223 100 61 der
1962 1222 312 62 mittelbare
2307 1223 143 61 oder
2483 1223 289 61 unmittel-*

515 1318 135 60 bare
683 1315 367 62 Nährboden
1092 1316 102 61 der
1227 1316 208 61 Kunst,
1482 1316 96 62 Sie
1620 1329 176 49 stützt
1835 1317 143 60 oder
2013 1316 214 61 fördert
2268 1326 100 61 sie,
2409 1327 52 66 je
2502 1317 268 61 nachdem

517 1420 82 52 sie
647 1420 163 66 jenen
862 1409 277 62 Glauben
1190 1420 175 53 stützt
1415 1410 141 61 oder
1608 1410 235 61 hindert,
1907 1410 88 61 Hs
2046 1410 216 61 kommt
2310 1410 262 62 natürlich
2631 1411 141 60 nicht

514 1504 108 61 auf
656 1504 91 61 die
781 1503 286 77 objektive
1102 1503 315 78 Gültigkeit
1459 1504 100 61 des
1596 1504 304 62 Glaubens
1943 1529 91 45 an,
2078 1528 107 37 nur
2218 1504 110 61 auf
2362 1504 91 62 die
2489 1504 283 62 Gemein*

515 1598 253 61 samkeit.
829 1598 151 61 Man
1018 1598 149 61 kann
1201 1599 109 60 auf
1336 1598 110 61 den
1479 1599 332 61 Idealismus
1845 1598 102 62 der
1980 1598 233 79 Epoche
2246 1599 186 61 Kants
2467 1608 126 52 eine
2617 1598 155 62 För*

515 1693 218 78 derung
759 1693 101 61 der
879 1693 196 61 Kunst
1101 1693 430 71 zurückführen,
1559 1693 91 61 die
1677 1703 54 51 in
1757 1693 100 61 der
1882 1693 165 61 Blüte
2081 1717 235 38 unserer
2332 1693 281 62 Literatur
2639 1719 132 35 zum

513 1787 310 60 Ausdruck
856 1787 148 70 kam,
1048 1787 118 61 und
1200 1811 105 37 aus
1342 1787 99 61 der
1474 1788 380 77 Schwächung
1895 1797 153 66 jener
2083 1786 487 62 Gemeinsamkeit
2605 1787 166 61 durch

514 1881 90 61 die
630 1881 589 61 Naturwissenschaft
1238 1882 271 60 Darwins
1545 1881 118 61 und
1697 1905 184 38 seiner
1905 1880 352 80 Nachfolger
2290 1891 124 51 eine
2432 1881 340 78 Hinderung

512 1975 100 61 der
653 1976 193 61 Kunst
885 1975 260 62 ableiten.
1189 1976 118 61 Mit
1347 1975 183 62 dieser
1572 1975 225 62 Gefahr
1837 1976 277 77 beginnen
2156 1985 106 51 wir
2302 1975 172 62 heute
2516 1975 252 61 ernstlich

512 2094 75 37 zu
627 2070 252 61 rechnen.

592 2164 231 61 Freilich
875 2163 165 62 sollte
1089 2163 93 62 die
1230 2164 279 61 Existenz
1558 2163 100 61 der
1708 2164 194 60 Kunst
1951 2163 165 62 allein
2169 2174 279 68 genügen,
2498 2187 98 37 um
2646 2172 125 52 eine

512 2257 414 79 Anschauung,
978 2258 91 61 die
1119 2258 90 60 die
1251 2258 165 60 Welt
1465 2257 82 62 als
1599 2267 89 51 ein
1728 2266 118 52 rein
1896 2258 401 61 mechanisches
2342 2256 260 62 Werden
2653 2257 118 60 und

512 2351 90 61 die
620 2352 313 61 Menschen
969 2352 82 61 als
1078 2376 118 37 von
1223 2352 333 61 Maschinen
1590 2354 283 76 gemachte
1901 2352 329 60 Maschinen
2258 2351 251 61 erklären
2536 2351 232 70 möchte,

512 2470 73 37 zu
621 2446 359 79 widerlegen.
1027 2447 191 63 Selbst
1258 2470 169 37 wenn
1470 2446 91 61 die
1604 2446 272 61 moderne
1916 2446 255 78 Biologie
2213 2447 139 60 nicht
2394 2446 108 61 auf
2527 2445 243 62 Fläckels

512 2549 255 69 eigenem
808 2540 180 62 Felde
1037 2541 92 61 die
1171 2541 240 60 Waffen
1460 2564 178 54 gegen
1683 2540 92 61 ihn
1818 2540 188 70 fände,
2057 2563 168 38 wenn
2267 2549 211 69 mutige
2519 2539 253 71 Denker,

510 2634 184 61 denen
739 2635 90 61 die
874 2635 353 79 Popularität
1267 2635 102 61 der
1415 2634 405 61 »Welträtsel«
1864 2634 163 61 keine
2067 2634 196 61 Macht
2302 2634 287 70 bedeutet,
2631 2634 141 60 nicht

510 2737 55 51 in
616 2728 109 61 den
767 2729 321 61 Prämissen
1143 2738 155 69 jener
1338 2729 395 77 Anshauung
1782 2728 91 61 die
1914 2729 224 60 Lücken
2188 2728 255 61 entdedct
2493 2728 118 60 und
2660 2727 111 61 den

510 2822 159 79 Weg
710 2848 75 36 zu
828 2823 162 61 Kant
1032 2823 215 63 wieder
1288 2825 251 76 geöffnet
1581 2823 215 70 hätten,
1837 2822 201 61 würde
2089 2831 53 53 in
2184 2822 184 78 jedem
2410 2821 360 62 künstlerisch

509 2928 297 67 gesinnten
857 2919 316 61 Menschen
1236 2919 156 61 diese
1451 2919 346 76 Gesinnung
1855 2917 165 61 allein
2080 2926 89 52 ein
2229 2916 539 62 unüberwindliches

508 3011 164 61 Veto
716 3011 273 78 einlegen.
1054 3013 123 59 Der
1218 3013 277 61 Künstler
1544 3013 145 61 sieht
1730 3022 182 50 einem
1954 3010 214 61 Häckel
2218 3034 75 37 zu
2337 3019 110 52 wie
2497 3010 100 60 der
2636 3033 135 38 ver*

512 3105 255 78 nünftige
808 3107 242 61 Mensch
1095 3116 181 52 einem
1321 3105 332 80 Spiritisten,
1716 3107 127 59 Das
1886 3105 374 79 Experiment
2302 3104 313 78 überzeugt
2655 3103 116 70 ihn,

510 3199 235 79 solange
787 3223 62 39 er
908 3209 53 51 in
1012 3201 131 61 dem
1186 3201 245 61 dunklen
1476 3201 171 62 Saale
1690 3209 85 51 ist.
1836 3199 123 61 Am
2001 3198 214 61 andern
2249 3198 253 78 Morgen
2544 3215 127 61 sagt
2711 3221 61 37 er

513 3295 126 69 sich,
681 3295 111 61 daß
829 3293 93 63 ihn
960 3293 90 63 die
1084 3295 219 77 Augen
1345 3311 225 61 genarrt
1603 3293 185 61 haben
1824 3293 118 60 und
1976 3293 110 60 daß
2121 3317 131 36 man
2286 3302 157 52 seine
2475 3292 297 61 Vernunft

513 3390 138 60 nicht
700 3414 118 37 von
868 3390 102 60 der
1018 3389 421 78 mangelhaften
1490 3389 250 62 Einsicht
1789 3397 56 53 in
1895 3389 91 61 die
2036 3383 190 65 Tricks
2276 3396 156 52 eines
2481 3382 291 66 Taschen*

514 3483 230 77 Spielers
788 3483 301 78 abhängen
1134 3484 188 61 lassen
1364 3484 166 60 kann.

593 3578 123 61 Der
733 3578 312 71 Umstand,
1081 3578 110 62 daß
1209 3602 108 37 vor
1349 3602 67 38 so
1451 3577 119 62 und
1603 3601 67 38 so
1704 3577 111 60 viel
1848 3575 246 62 tausend
2112 3575 200 79 Jahren
2348 3575 93 62 die
2457 3575 313 61 Menschen

515 3671 202 62 bereits
761 3697 72 36 an
876 3683 127 51 eine
1045 3672 212 62 höhere
1298 3673 195 61 Mäht
1525 3672 288 77 glaubten,
1857 3671 91 60 die
1989 3671 106 60 sih
2138 3669 166 62 allem
2344 3669 427 61 Mehanismus

517 3764 261 72 entzieht,
821 3767 229 60 brauht
1091 3790 106 37 uns
1233 3767 168 60 nihts
1436 3790 74 37 zu
1544 3764 301 61 bedeuten.
1892 3764 97 61 Sie
2022 3764 233 61 wußten
2290 3786 61 39 es
2386 3764 141 60 nicht
2559 3763 211 61 besser.

517 3857 199 61 Wenn
750 3860 136 61 aber
927 3860 217 62 damals
1187 3865 90 56 die
1310 3860 313 61 Menshen
1666 3867 74 52 im
1774 3858 208 61 Dienst
2022 3867 155 68 jenes
2215 3857 302 62 Glaubens
2552 3855 220 62 Werke

518 3952 249 71 shufen,
824 3954 173 61 deren
1046 3954 228 62 Wesen
1324 3955 136 61 noh
1519 3954 171 62 heute
1744 3952 175 61 intakt
1968 3961 88 62 ist,
2113 3952 175 61 selbst
2337 3975 170 37 wenn
2558 3960 82 52 sie
2690 3950 82 61 als
