3232 4572
2539 427 96 51 959

1065 444 184 49 Wafter
1270 439 357 54 HasencCever,
1806 437 142 49 Soßn

369 659 202 65 würde
611 665 150 54 mein
796 653 222 64 Schritt!
1063 649 82 63 Ich
1187 647 114 63 will
1344 646 111 61 den
1486 641 130 81 Tag
1657 642 243 70 erleben,
1941 641 100 62 der
2082 640 116 62 dich
2232 635 404 77 wiederbringt

371 757 84 62 als
487 749 410 81 Triumphator
938 745 142 64 über
1113 744 72 62 all
1227 743 165 61 deine
1425 738 347 63 Kinderzeit.
1817 736 113 61 Die
1961 736 245 61 Wiesen
2250 731 120 64 und
2410 731 226 60 Bäume

373 874 108 39 vor
521 847 224 61 deinem
785 841 375 64 Vaterhause
1317 833 272 63 vielleicht
1639 830 180 63 fährst
1867 829 79 62 du
1986 828 251 63 vorüber
2279 824 119 64 und
2439 823 197 62 kehrst

371 946 141 62 nicht
553 951 89 52 ein
802 936 235 63 werden
1077 933 89 61 dir
1206 929 352 69 offenbaren,
1598 950 126 37 was
1766 924 80 61 du
1878 924 218 79 gelitten
2138 923 143 61 hast.
2326 921 105 61 Du
2473 927 161 52 wirst

376 1035 257 84 glücklich
676 1042 139 53 sein.

451 1131 141 61 Der
634 1128 209 63 Sohn:
887 1121 287 66 Weshalb
1216 1119 169 62 willst
1425 1116 79 61 du
1538 1115 140 61 nicht
1710 1121 99 52 mit
1848 1120 102 53 mir
1989 1111 295 61 kommen?

451 1225 144 61 Das
628 1220 353 64 Fräulein:
1009 1215 162 62 Weil
1204 1214 78 61 ich
1309 1211 115 63 dich
1458 1210 169 61 schon
1653 1206 260 63 verloren
1947 1205 172 70 habe,
2153 1204 70 62 eh
2251 1202 79 63 du
2356 1225 63 38 es
2447 1200 187 62 ahnst.

373 1318 161 65 Weil
576 1317 79 62 du
695 1316 136 62 mich
873 1312 292 63 verlassen
1204 1307 201 62 mußt.
1450 1303 161 62 Weil
1662 1302 78 61 du
1781 1300 163 63 leben
1993 1298 117 62 und
2149 1296 266 80 kämpfen
2457 1303 177 52 wirst.

453 1415 138 61 Der
633 1411 210 63 Sohn:
888 1407 84 63 So
1014 1404 107 63 hilf
1152 1403 129 61 mir!

454 1509 143 61 Das
616 1503 354 64 Fräulein:
1014 1500 199 62 Heute
1246 1496 150 61 kann
1424 1495 76 61 ich
1519 1516 63 37 es
1602 1491 154 61 noch.
1800 1488 250 78 Morgen
2082 1502 88 46 tut
2203 1509 62 39 es
2293 1493 90 52 ein
2410 1481 224 63 andrer.

455 1603 141 60 Der
638 1597 208 65 Sohn:
891 1594 227 64 Werde
1159 1592 77 61 ich
1277 1586 308 65 manchmal
1620 1585 117 61 dich
1777 1581 178 63 sehen
1996 1581 108 61 auf
2134 1589 243 52 meinem
2410 1575 230 78 Wege?

379 1698 190 62 Wirst
611 1694 79 61 du
732 1702 104 52 mir
870 1690 341 67 erscheinen,
1253 1681 294 83 körperlos
1589 1704 93 37 am
1715 1676 202 62 Rande
1951 1675 99 62 der
2088 1674 212 78 großen
2335 1670 249 62 Alleen?

458 1792 143 61 Das
643 1785 353 65 Fräulein:
1032 1782 136 63 Wir
1198 1779 207 70 vielen,
1446 1775 92 62 die
1571 1771 284 80 begnadet
1886 1769 144 71 sind,
2071 1769 223 60 können
2332 1765 142 61 nicht
2505 1785 138 39 ver*

378 1883 321 66 schwinden
732 1882 179 61 Einer
952 1888 54 52 in
1051 1877 101 61 des
1185 1873 248 64 Andern
1465 1871 179 60 Herz,
1696 1868 81 60 Im
1818 1865 261 61 höchsten
2115 1859 220 64 Gefühl
2378 1867 259 53 erinnere

381 1980 116 61 dich
548 1977 100 62 des
691 1973 270 66 Wortes!
1004 1970 152 63 Wer
1196 1968 149 61 kann
1385 1987 198 55 sagen,
1625 1961 112 62 daß
1778 1967 89 55 ein
1909 1954 266 66 Schicksal
2217 1977 73 38 zu
2332 1951 175 62 Ende
2551 1958 91 61 ist,

383 2074 119 62 und
542 2097 97 38 wo
681 2080 73 53 ist
793 2069 100 62 der
934 2066 244 76 Anfang
1215 2084 200 41 unsres
1460 2058 216 63 Sterns.

460 2169 141 61 Der
651 2164 209 65 Sohn:
920 2161 117 63 Ein
1093 2156 296 64 kindliches
1448 2151 234 65 Gesicht
1738 2156 165 70 steigt
1958 2154 101 53 mir
2115 2142 116 63 auf.
2283 2141 82 61 Ich
2421 2140 225 61 brachte

381 2272 244 53 meinem
665 2259 190 62 Vater
893 2252 248 82 Tulpen,
1184 2252 83 60 als
1311 2259 145 52 einst
1497 2255 120 54 sein
1644 2244 355 74 Geburtstag
2038 2262 135 36 war.
2218 2236 86 60 Er
2346 2234 117 61 hob
2507 2232 138 61 mich

384 2381 74 38 an
491 2365 157 53 seine
688 2353 174 61 Brust
1013 2347 76 62 da
1128 2344 163 62 wußt
1330 2343 97 70 ich,
1461 2340 110 63 daß
1606 2339 77 61 ich
1716 2335 167 70 lebte,
1916 2333 109 61 daß
2067 2332 75 60 ich
2184 2352 138 38 war.

463 2450 153 62 Eine
658 2446 442 66 Gouvernante,
1142 2439 165 61 deine
1347 2436 431 77 Vorgängerin,
1819 2428 187 78 schlug
2053 2424 133 61 midi
2229 2420 233 72 einmal,
2514 2418 132 62 weil

387 2546 77 61 ich
506 2554 75 52 im
620 2544 165 61 Bette
818 2539 139 62 noch
997 2536 139 62 leise
1169 2555 157 55 sang.
1370 2530 152 62 Nun
1565 2526 122 62 fühl
1730 2525 76 62 ich
1848 2546 63 38 es
1944 2518 227 64 wieder.

467 2638 231 63 Geburt
731 2634 120 63 und
876 2633 223 62 Dasein
1132 2658 62 18 -
1229 2626 63 62 O
1320 2622 290 80 Seligkeit!
1654 2620 84 62 Ich
1763 2615 193 64 werde
1983 2621 146 69 ewig
2161 2641 61 17 -
2256 2617 147 69 ewig
2430 2615 122 53 sein
2579 2635 64 18 -

1217 2746 90 56 (Er
1338 2744 126 49 kniet
1496 2759 91 32 vor
1619 2744 70 45 sie
1721 2737 115 54 hin.)

468 2860 143 61 Das
653 2853 328 65 Fräulein
1022 2859 118 58 (hält
1171 2857 124 56 ihn):
1338 2846 169 62 Alles
1547 2841 167 63 flieht.
1758 2840 145 60 Eins
1946 2859 106 38 nur
2099 2829 171 64 bleibt
2309 2837 129 52 mir:
2491 2827 160 60 Dein

393 2953 202 64 Glück.
639 2950 145 62 Und
831 2970 173 40 wenn
1044 2946 78 61 ich
1164 2944 117 61 dich
1321 2951 135 68 jetzt
1504 2937 137 61 noch
1692 2933 109 63 fest
1848 2941 55 52 in
1955 2936 221 55 meinen
2217 2923 227 61 Armen
2496 2918 155 62 halte

393 3047 121 63 und
554 3047 80 62 du
675 3043 279 63 aufsiehst
994 3064 76 38 zu
1110 3048 122 61 mir,
1274 3059 69 38 so
1384 3033 149 62 weiß
1575 3030 76 62 ich
1693 3059 59 17 ■—
1753 3014 3 96 ■
1795 3035 124 53 eine
1959 3019 282 64 Botschaft
2281 3015 102 62 des
2425 3014 229 62 Lebens

394 3153 74 52 ist
500 3142 83 62 dir
623 3137 347 72 verkündet,-
1009 3132 240 64 deshalb
1282 3132 96 61 bin
1411 3129 77 61 ich
1522 3125 135 62 hier.

474 3237 140 61 Der
655 3232 210 63 Sohn:
910 3231 84 61 Ich
1036 3226 195 63 werde
1273 3223 116 62 dich
1431 3231 91 50 nie
1561 3217 306 62 verlassen.

474 3331 146 62 Das
660 3325 353 64 Fräulein:
1048 3321 146 63 Und
1220 3342 171 39 wenn
1425 3316 101 61 der
1550 3309 187 80 Engel
1770 3307 132 62 midi
1936 3302 118 62 holt
2087 3308 100 52 mit
2212 3297 134 61 dem
2373 3293 286 63 Schwert?

474 3425 142 62 Der
657 3420 211 65 Sohn:
919 3419 85 61 Ich
1055 3415 149 63 halte
1255 3412 141 63 dich!
1439 3410 84 61 Ich
1564 3405 101 63 seh
1706 3402 114 62 dich
1861 3396 238 65 wieder!
2140 3393 86 61 Ich
2276 3388 218 64 zaubre
2543 3387 117 62 dich

398 3543 109 38 aus
564 3516 112 64 den
724 3513 275 64 Veilchen
1057 3509 103 62 des
1216 3502 295 66 Acheron!
1579 3495 267 66 Geliebte
1900 3492 187 66 Frau,
2147 3486 76 61 ich
2281 3481 205 63 würde
2544 3480 118 62 dich

399 3612 215 71 finden,
662 3631 238 54 morgen
948 3603 188 63 abend
1192 3610 76 54 im
1316 3599 155 61 Kino
1523 3594 83 61 als
1646 3591 249 74 Königin
1945 3579 388 66 unerreichbar
2393 3574 121 63 und
2571 3596 95 40 er»

399 3718 247 52 träumte
680 3706 204 62 schöne
909 3701 259 63 Kokotte
1199 3706 56 52 in
1288 3703 183 53 einem
1494 3690 218 61 Pariser
1737 3671 618 74 Montmartre-Lokal.
2393 3669 126 72 Oh,
2553 3669 113 61 daß

402 3802 79 61 ich
522 3801 121 62 dies
685 3797 226 64 erleben
953 3792 210 64 durfte!
1207 3789 114 61 Die
1353 3783 165 64 Welt
1550 3779 145 63 wird
1720 3787 194 52 immer
1947 3769 289 65 herrlicher
2270 3789 109 39 vor
2421 3773 246 53 meinem

400 3896 164 63 Blicke
2620 3927 18 9 '•
2652 3918 17 17 ■

1065 3963 114 57 (Ein
1212 3961 193 59 Wagen
1434 3956 122 57 rollt,
1591 3971 48 33 er
1671 3956 177 57 springt
1881 3947 117 55 auf.)
