3037 4572
747 772 345 51 bedeutsame
1117 772 187 51 kleine
1343 772 423 51 Prosaschriften
1793 773 173 51 sollen
1992 773 232 67 geboten
2267 774 226 54 werden,

749 880 169 51 Nicht
950 898 108 33 nur
1082 880 99 51 auf
1202 878 256 54 deutsche
1483 880 230 52 Dichter
1745 881 100 52 soll
1870 881 116 51 sich
2020 882 93 50 der
2136 881 225 69 Jüngste
2386 882 117 66 Tag

748 988 385 64 beschränken,
1150 988 233 52 sondern
1408 989 142 51 auch
1568 989 372 53 ausländische
1956 990 358 68 Dichtungen
2337 992 167 49 sollen

752 1099 208 66 zeigen,
979 1097 113 51 dass
1134 1115 52 33 es
1228 1098 216 67 gewisse
1484 1098 287 51 Elemente
1813 1099 134 68 gibt,
1973 1099 88 51 die
2103 1098 93 52 der
2217 1099 287 66 Dichtung

750 1209 136 50 aller
940 1206 213 52 Länder
1201 1209 62 49 in
1318 1225 224 34 unserer
1603 1209 119 50 Zeit
1774 1204 124 66 (wie
1953 1211 62 50 in
2065 1209 92 52 der
2206 1209 296 50 bildenden

752 1312 190 63 Kunst)
987 1317 334 67 gemeinsam
1354 1317 134 50 sind.

829 1470 113 52 Der
957 1474 220 65 Jüngste
1196 1472 116 69 Tag
1329 1473 354 67 wird,getreu
1703 1475 122 49 dem
1844 1472 212 69 Spiegel
2081 1473 172 51 seines
2272 1473 231 60 Wortes,

762 1581 317 63 versuchen,
1107 1581 127 52 alles
1260 1581 348 68 notwendige
1633 1600 67 33 zu
1726 1582 284 64 sammeln,
2034 1582 89 51 das
2147 1582 124 51 ihm
2296 1600 93 33 aus
2414 1581 93 52 der

754 1690 186 50 Stärke
984 1691 88 49 des
1115 1689 308 52 Zeitlichen
1464 1690 206 62 heraus,
1713 1691 194 66 ewiges
1950 1690 204 51 Dasein
2193 1690 309 69 verspricht.

755 1798 126 52 Dies
914 1798 422 52 Unternehmen
1361 1799 101 51 soll
1495 1799 157 51 nicht
1676 1799 159 51 mehr
1859 1817 71 33 an
1961 1802 91 48 der
2085 1799 420 51 Gebundenheit

757 1925 106 32 von
905 1906 386 52 Zeitschriften
1331 1907 200 52 leiden.
1568 1910 68 49 So
1676 1908 102 50 soll
1820 1907 92 51 der
1944 1908 221 66 Jüngste
2198 1907 116 67 Tag
2347 1907 158 51 mehr

758 2018 72 49 als
874 2016 88 50 ein
1006 2016 152 50 Buch
1199 2018 113 49 sein
1355 2016 117 51 und
1512 2018 242 64 weniger
1785 2016 78 51 als
1903 2018 124 49 eine
2067 2016 281 52 Bücherei.

838 2170 157 51 Jeder
1036 2168 217 71 Beitrag
1295 2171 267 52 erscheint
1605 2171 217 51 einzeln
1870 2171 77 51 als
1989 2171 334 68 gesondertes
2373 2171 132 51 Heft

758 2297 127 33 zum
918 2281 174 49 Preise
1129 2297 105 34 von
1268 2279 72 52 80
1375 2281 235 68 Pfennig
1651 2281 256 67 geheftet,
1942 2281 63 49 M
2037 2293 123 54 1.50
2196 2281 306 67 gebunden.

837 2433 111 52 Der
1002 2437 223 65 Jüngste
1276 2433 117 70 Tag
1450 2437 136 49 wird
1644 2435 141 51 auch
1843 2437 77 49 im
1981 2438 378 48 Abonnement
2417 2453 90 50 ge-

760 2543 180 51 liefert
974 2543 115 53 und
1115 2561 140 35 zwar
1286 2545 74 51 als
1378 2546 186 50 Serien
1600 2561 103 35 von
1730 2546 50 65 je
1808 2546 32 51 6
1860 2543 221 53 Heften.
2118 2547 111 49 Der
2253 2545 252 51 Abonne-

764 2653 350 50 ments-Preis
1141 2653 209 67 beträgt
1383 2653 63 52 M
1467 2669 130 51 4.30
1639 2653 92 52 für
1771 2654 89 49 die
1905 2653 341 63 broschierte,
2288 2654 64 51 M
2377 2654 128 66 7.80

759 2759 90 52 für
881 2761 88 52 die
1001 2761 323 67 gebundene
1362 2762 266 67 Ausgabe.
1662 2761 128 52 Jede
1823 2762 205 51 bessere
2061 2762 447 67 Buchhandlung

764 2874 201 48 nimmt
1006 2870 412 52 Abonnements
1460 2883 281 55 entgegen.
1775 2869 112 53 Für
1928 2871 327 67 diejenigen,
2290 2871 87 51 die
2419 2871 88 51 die

760 2980 171 50 Hefte
980 2979 172 51 lieber
1205 2980 62 51 in
1328 2982 215 49 einem
1592 2980 364 68 gebundenen
2013 2980 184 51 Bande
2257 2982 252 49 vereinen

762 3088 223 64 wollen,
1011 3088 136 51 wird
1182 3091 123 48 eine
1338 3088 422 54 Einbanddecke
1792 3107 128 35 zum
1953 3090 174 52 Preise
2155 3107 103 35 von
2287 3088 62 51 M
2382 3102 125 54 1.50

760 3197 92 50 für
890 3196 121 68 jede
1051 3195 148 53 Serie
1241 3197 262 68 geliefert.

761 3904 313 74 KURT
1109 3904 399 76 WOLFE
1541 3904 462 76 VERLAG
2069 3904 446 76 LEIPZIG
