3244 4572
2558 425 93 51 953

877 432 196 49 Martin
1326 431 83 57 Bußer,
1410 431 210 61 Ereignisse
1651 431 118 49 und
1786 431 376 61 Begegnungen

390 663 133 41 zum
571 637 328 63 Äußersten
947 645 316 69 gesteigert,
1305 643 88 53 ein
1435 633 331 79 Verlangen
1814 658 131 37 zum
1986 634 326 62 Äußersten
2354 649 295 64 gespannt.

391 732 146 63 Und
580 732 104 62 das
725 729 293 64 Äußerste
1059 731 100 59 des
1192 728 330 72 Menschen,
1564 729 104 60 das
1709 737 88 62 ist,
1837 728 79 61 du
1954 729 169 61 weißt
2162 752 63 38 es
2255 738 56 68 ja
2345 728 176 71 wohl,
2564 736 89 53 ein

392 827 401 64 wunderliches
834 826 174 77 Ding.
1059 826 151 61 Man
1252 841 145 61 sagt,
1440 846 61 38 es
1541 822 143 79 gehe
1724 833 219 68 wenige
1983 825 206 78 Dinge,
2241 825 90 61 die
2372 847 67 39 so
2481 847 173 36 wun*

391 924 98 62 lieh
529 920 140 63 sind.
717 921 128 61 Das
886 919 290 63 Äußerste
1225 919 102 61 des
1367 916 313 62 Mensdien
1722 917 205 64 schafft.
1980 919 124 61 Das
2145 927 70 54 ist
2255 927 126 53 eine
2420 917 198 78 gefähr-

395 1018 130 61 liehe
566 1011 300 82 Tätigkeit.
909 1015 89 60 Es
1038 1013 195 62 schafft
1265 1013 134 71 Art,
1441 1011 243 73 Wesen,
1726 1011 471 62 Unsterblichkeit.
2239 1013 87 62 Es
2361 1013 139 60 reißt
2541 1013 112 58 den

393 1109 311 64 Menschen
739 1118 54 51 in
819 1108 333 61 Wahnsinn
1185 1107 118 60 und
1328 1105 394 78 Vernichtung,
1760 1104 134 62 aber
1920 1129 58 37 es
2004 1107 188 60 schafft
2216 1108 108 59 den
2352 1107 302 60 äußersten

393 1204 273 63 Moment
706 1227 103 37 zur
842 1202 287 78 Ewigkeit
1168 1225 112 36 um.
1322 1200 144 61 Und
1507 1223 61 37 es
1609 1199 150 61 kann
1793 1200 164 60 durch
1990 1225 237 38 unseren
2264 1200 213 63 Genuß
2513 1200 142 60 nicht

397 1297 387 79 ausgeschöpft
816 1297 252 70 werden,
1111 1303 155 54 seine
1298 1293 132 62 tiefe
1463 1292 288 80 Süßigkeit
1783 1293 167 61 bleibt
1983 1294 347 78 ungekostet,
2373 1294 99 61 der
2507 1302 148 69 ewig

398 1391 441 79 unzugängliche
878 1391 153 61 Rest.

475 1486 104 71 Er,
623 1486 99 61 der
762 1484 437 78 zurückgekehrt
1238 1507 141 48 war,
1422 1484 151 59 hätte
1614 1484 211 59 diesem
1858 1482 137 61 Rest
2025 1507 129 36 zum
2175 1479 174 66 Trotz
2381 1482 273 79 genießen

397 1581 248 69 können,
688 1579 105 61 ehe
834 1602 61 38 er
943 1602 106 37 aus
1091 1578 100 61 der
1230 1578 136 59 Zeit
1404 1593 250 61 getreten
1696 1599 140 38 war.
1881 1575 147 61 Nun
2068 1576 207 61 konnte
2317 1601 60 36 er
2418 1601 61 36 es
2513 1575 143 61 nicht

396 1674 176 62 mehr.
617 1672 151 63 Nun
809 1696 124 38 war
981 1688 165 45 unter
1186 1670 112 63 den
1338 1670 254 61 Händen
1634 1670 99 61 der
1766 1669 154 62 Stille
1961 1687 175 44 etwas
2176 1679 55 52 in
2272 1672 114 59 ihm
2425 1693 193 55 gewor-

401 1769 131 72 den,
566 1768 105 62 das
713 1768 201 78 größer
955 1790 124 38 war
1121 1767 81 61 als
1244 1767 101 60 der
1378 1766 236 62 Genuß:
1657 1788 60 39 er
1757 1776 190 67 spürte
1980 1764 101 61 das
2117 1764 539 79 Unausschöpfbare

397 1862 108 62 sich
539 1861 339 79 gegenüber,
922 1885 59 37 er
1014 1861 94 71 litt,
1152 1884 59 37 er
1244 1860 203 77 glühte.
1491 1860 86 59 Er
1609 1882 123 37 war
1764 1858 141 61 nicht
1936 1858 155 61 mehr
2124 1858 97 61 der
2253 1858 403 61 unzufriedene

400 1957 152 61 Herr
591 1965 112 52 wie
743 1980 200 49 zuvor,
986 1979 60 37 er
1085 1979 125 37 war
1251 1955 217 77 unselig
1507 1954 120 61 und
1658 1952 263 79 gebannt.
1968 1954 137 59 Und
2138 1976 59 37 er
2232 1954 195 61 wurde
2458 1961 198 52 immer

403 2050 298 78 unseliger,
755 2059 54 67 je
866 2050 180 60 höher
1103 2048 108 62 auf
1259 2049 100 60 der
1407 2048 190 61 Leiter
1653 2049 101 60 des
1802 2046 442 79 Schöpferischen
2293 2055 154 54 seine
2495 2045 121 62 Ver-

401 2144 320 79 suchungen
755 2144 243 78 langten.
1044 2144 168 61 Seine
1246 2143 184 72 Kraft,
1464 2152 154 52 seine
1649 2142 295 78 Fähigkeit
1976 2166 129 37 zum
2140 2142 212 62 Genuß
2386 2142 270 61 erlahmte

401 2239 159 71 nicht,
609 2248 82 52 sie
739 2238 189 61 wuchs
978 2238 139 61 noch
1165 2261 119 38 von
1327 2237 131 61 Mal
1506 2261 74 37 zu
1620 2237 131 61 Mal
1800 2237 149 59 ohne
1997 2244 51 68 je
2088 2261 73 35 zu
2202 2236 347 71 erschlaffen,-
2597 2258 61 37 er

401 2342 132 69 ging
585 2331 245 62 aufrecht
880 2355 104 38 aus
1036 2341 182 51 einem
1258 2331 342 61 Abenteuer
1648 2340 55 52 in
1746 2331 103 61 das
1897 2331 246 70 nächste,-
2192 2330 133 59 aber
2363 2352 118 37 von
2523 2328 136 61 Mal

401 2450 75 37 zu
515 2426 132 61 Mal
688 2425 178 62 fühlte
905 2449 61 38 er
1007 2435 197 52 immer
1243 2425 354 61 brennender
1638 2426 109 60 den
1790 2425 151 62 Rest,
1985 2423 199 61 Immer
2223 2423 301 78 läppischer
2565 2445 62 37 er-

401 2521 182 61 schien
624 2520 115 61 ihm
781 2521 99 61 der
923 2520 235 74 Genuß,
1197 2521 101 60 der
1337 2521 108 60 sich
1488 2544 107 37 nur
1635 2544 73 36 an
1751 2520 98 61 der
1881 2520 284 60 Intensität
2204 2526 233 69 sättigen
2480 2516 179 71 kann,-

402 2623 197 53 immer
654 2615 326 78 gewaltiger
1035 2615 289 78 verlangte
1381 2638 61 37 es
1500 2614 93 60 ihn
1652 2614 136 60 nach
1839 2613 127 61 dem
2015 2611 266 63 Schauen,
2339 2611 132 61 Den
2519 2610 141 61 Rest

402 2709 211 73 fassen,
646 2709 90 61 die
764 2708 263 72 Qualität
1054 2711 331 76 ergründen,
1414 2708 107 62 sich
1548 2708 99 61 des
1672 2707 282 62 Schaffens
1978 2707 390 76 bemächtigen,
2394 2704 264 62 schauen!

403 2803 169 60 Aber
613 2803 240 61 schauen
895 2803 150 61 kann
1088 2812 89 51 ein
1220 2803 238 61 Dämon
1500 2826 67 37 so
1607 2811 205 68 wenig,
1855 2801 80 61 als
1977 2824 58 38 er
2075 2799 237 63 schaffen
2354 2799 169 60 kann.

485 2896 142 62 Und
674 2897 277 61 während
999 2897 107 61 auf
1139 2896 199 62 Erden
1390 2897 103 60 das
1534 2896 174 76 große
1748 2895 152 78 Spiel
1941 2902 207 52 meines
2189 2893 244 60 Bruders
2475 2916 148 54 unge-

403 2990 176 62 heure
626 2991 465 78 Verzückungen,
1150 2990 328 77 ungeheure
1525 2986 330 81 Triumphe,
1912 2987 318 78 ungeheure
2287 2986 375 78 Untergänge

403 3084 346 62 entzündete
807 3085 120 61 und
984 3085 91 61 die
1132 3085 519 78 emporgetriebene
1708 3081 454 64 Menschenseele
2220 3080 116 61 ihre
2394 3080 265 62 höchsten

402 3173 193 68 Taten
647 3196 102 56 tat,
798 3180 276 61 während
1122 3188 89 52 ein
1262 3179 363 62 riesenhaftes
1673 3177 351 77 Brandopfer
2072 3199 103 37 aus
2225 3174 265 62 Aufruhr
2540 3177 122 59 und

405 3271 320 73 Schönheit,
783 3271 296 80 Tyrannei
1129 3273 119 61 und
1290 3272 215 62 Gnade
1553 3296 129 37 zum
1726 3269 315 64 Versucher
2082 3268 258 78 aufstieg,
2391 3268 272 61 erkannte

409 3390 83 37 er:
543 3367 168 72 ,Was
753 3368 77 60 ich
872 3368 250 78 genieße,
1159 3377 69 52 ist
1270 3368 141 60 nicht
1451 3368 103 60 das
1587 3367 250 70 Wesen,-
1877 3365 100 61 das
2010 3363 221 61 Wesen
2273 3371 70 53 ist
2391 3372 104 51 mir
2537 3381 96 43 ent-

405 3461 180 72 rückt,-
624 3462 105 61 das
760 3462 215 61 Wesen
1018 3471 70 52 ist
1129 3462 212 61 diesem
1383 3461 216 61 kleinen
1632 3460 307 61 Menschen
1980 3457 269 78 gegeben,
2291 3465 99 53 mit
2424 3457 131 60 dem
2588 3457 77 61 ich

403 3555 202 76 spiele,-
645 3556 189 60 indem
877 3556 78 60 ich
997 3565 99 52 mit
1136 3556 115 60 ihm
1292 3555 190 79 spiele,
1526 3554 121 61 rufe
1690 3554 75 59 ich
1808 3561 53 52 in
1903 3551 113 60 ihm
2060 3550 102 61 das
2189 3550 225 61 Wesen
2449 3574 216 55 empor,

406 3649 191 62 mache
637 3650 79 61 ich
767 3659 54 52 in
872 3650 114 61 ihm
1028 3652 104 59 das
1173 3650 216 61 Wesen
1439 3649 295 78 lebendig/
1781 3647 141 60 Und
1964 3669 60 37 es
2067 3645 273 60 erwachte
2382 3669 104 37 aus
2528 3645 137 62 ihm:

405 3742 104 70 ,Ich
551 3744 113 61 will
704 3744 238 61 Mensch
983 3746 254 59 werden:
1277 3744 256 70 Mensch,
1576 3742 313 78 Spielzeug,
1931 3739 184 61 Werk
2260 3740 76 60 ich
2378 3740 113 60 will
2532 3740 91 61 Un-

405 3838 363 63 sterblichkeit
919 3840 76 59 ich
1046 3840 112 59 will
1207 3840 91 59 die
1346 3837 314 62 schaffende
1708 3836 183 61 Seele!
1896 3840 16 21 7
1961 3834 172 61 Denn
2184 3833 484 73 Unsterblichkeit,

407 3930 104 63 das
553 3932 211 61 merkte
807 3956 79 49 er,
928 3941 70 51 ist
1040 3932 169 61 nichts
1254 3932 237 60 anderes
1534 3931 81 60 als
1658 3930 89 61 die
1788 3928 315 61 schaffende
2146 3928 175 61 Seele.
