3206 4572
1067 444 165 50 Tranz
1269 443 190 62 Werfet,
1490 444 104 50 Die
1632 443 301 51 Troerinnen
1966 445 89 49 des
2088 445 273 61 Euripides

575 446 95 47 880

814 649 254 61 Verhieß
1111 648 112 62 ihm
1266 649 163 61 Hera
1470 649 111 60 den
1624 666 330 60 umwogten
1998 647 334 72 Weltkreis,

815 743 159 60 Doch
1017 742 330 80 Aphrodite
1389 743 154 69 midi,
1589 742 90 61 die
1722 743 256 60 schönste
2020 742 177 61 Frau,

814 836 142 61 Und
997 837 129 61 weil
1169 837 150 63 denn
1361 837 155 61 Paris
1561 836 156 61 ihren
1759 836 239 61 Namen
2039 853 232 53 nannte.

811 930 193 62 Ward
1046 933 76 62 ich
1164 941 121 53 sein
1328 930 196 62 Weih.
1589 930 142 61 Und
1773 955 117 36 nun
1933 930 263 70 bedenkt,
2239 930 82 61 ihr
2365 930 296 71 Griechen,

814 1025 123 61 Der
979 1025 309 80 Ursprung
1329 1027 147 60 allen
1520 1025 217 78 Segens
1782 1025 94 61 bin
1919 1025 75 61 ich
2038 1027 159 59 euch!

813 1119 174 61 Denn
1030 1119 153 62 ohne
1225 1122 135 58 mich
1403 1131 147 49 wärt
1594 1119 83 61 ihr
1718 1121 142 59 nicht
1901 1119 190 61 Herrn
2137 1119 117 61 und
2297 1118 212 79 Sieger.

813 1213 184 71 Nein,
1040 1214 193 63 niedre
1274 1216 252 61 Knechte
1568 1214 120 61 und
1728 1214 325 63 zerdrückte
2098 1213 269 71 Sklaven,

813 1307 87 61 Hs
945 1308 299 78 schwelgte
1289 1308 100 61 der
1431 1307 217 64 Barbar
1690 1317 55 52 in
1788 1331 197 38 eurem
2025 1308 227 69 Hause,

813 1401 142 61 Und
997 1402 139 61 trieb
1180 1404 136 61 euch
1357 1413 101 52 mit
1498 1402 129 63 dem
1669 1402 157 63 Vieh
1871 1404 109 59 auf
2014 1402 146 63 Feld
2203 1402 118 61 und
2362 1402 232 61 Weide.

813 1496 161 60 Doch
1017 1505 103 52 mir
1161 1496 165 63 allein
1368 1496 162 61 ward
1572 1521 138 38 euer
1752 1496 185 63 Glück
1978 1521 133 36 zum
2155 1495 279 79 Unglück,

815 1590 142 61 Und
1001 1592 128 61 weil
1172 1593 75 60 ich
1290 1593 169 61 schön
1501 1592 113 71 bin,
1658 1592 141 77 trag'
1843 1593 76 60 ich
1961 1593 169 60 nichts
2173 1592 82 61 als
2299 1589 270 65 Schande.

814 1683 84 64 So
942 1684 123 63 steh
1070 1687 16 20 7
1129 1687 76 60 ich
1248 1686 137 71 hier,
1429 1687 104 60 das
1576 1687 207 77 Haupt
1822 1686 116 61 voll
1982 1684 183 64 Staub
2208 1686 117 61 und
2366 1686 211 68 Asche,

813 1778 99 61 Da
952 1789 102 50 mir
1096 1789 87 53 ein
1225 1780 238 78 goldner
1503 1780 374 62 Ehrenkranz
1918 1780 256 78 gebührt.

960 1881 221 55 <Murren
1218 1881 96 50 und
1349 1883 294 60 gefährliches
1679 1883 260 55 Gelächter,
1972 1881 113 50 doch
2274 1881 186 60 dumpf)

814 1965 129 62 Gut
984 1966 169 73 denn,
1195 1970 76 59 ich
1314 1969 148 61 weiß
1503 1969 191 70 schon,
1735 1992 124 38 was
1904 1968 77 62 du
2023 1992 175 53 sagen
2240 1968 183 61 willst.

813 2062 115 61 Die
968 2063 199 77 größte
1210 2063 197 62 Sünde
1449 2063 112 62 will
1604 2064 75 60 ich
1721 2064 141 61 nicht
1901 2065 344 68 verstecken.

814 2154 134 63 Daß
990 2157 77 61 ich
1110 2181 105 38 aus
1260 2157 222 62 deinem
1525 2158 170 60 Haus
1738 2157 309 72 davonlief,
2089 2157 218 77 König!

813 2248 144 64 Von
998 2252 403 80 Aphroditens
1445 2252 257 62 Schatten
1745 2252 349 78 überflügelt.

815 2346 324 64 Umstrahlt
1178 2369 120 38 von
1338 2346 152 61 Licht
1531 2345 119 61 und
1690 2345 230 61 Balsam
1962 2345 146 61 ihrer
2147 2344 215 71 Macht,

814 2444 166 61 Mein
1025 2441 270 64 Schicksal
1337 2440 169 62 stand
1547 2441 108 60 auf
1691 2440 192 62 deines
1926 2440 237 61 Hauses
2207 2440 288 70 Schwelle,

815 2535 145 63 Und
999 2535 155 61 Paris
1196 2534 341 61 Alexander
1577 2551 175 43 nannt
1794 2557 61 38 es
1898 2534 124 61 sich.

815 2632 103 59 Du
960 2631 137 60 aber
1138 2631 218 68 Bester,
1399 2628 131 62 ließt
1571 2628 129 61 dein
1742 2628 179 61 Weib
1963 2627 164 61 allein

811 2725 118 60 Mit
970 2733 213 52 seinem
1225 2723 183 61 bösen
1453 2722 189 71 Geist,
1684 2722 119 61 und
1846 2721 185 62 fuhrst
2070 2722 133 60 nach
2246 2722 200 61 Kreta.

810 2818 66 61 O
919 2817 360 62 schändlich!!
1340 2817 161 61 Doch
1543 2840 189 55 genug
1874 2817 77 60 ich
1994 2816 155 77 frage
2192 2817 153 70 mich.

814 2912 143 60 Und
1001 2911 157 79 frage
1200 2911 135 60 mich
1378 2911 184 69 allein,
1605 2909 119 62 und
1765 2934 108 36 nur
1914 2911 134 60 mich
2091 2909 200 62 selbst:

810 3006 154 63 Was
1007 3006 159 61 dacht
1168 3008 15 20 7
1227 3006 76 61 ich
1346 3015 121 61 mir,
1510 3005 82 62 als
1636 3006 74 60 ich
1756 3005 102 61 das
1900 3005 171 60 Haus
2113 3005 230 70 verließ.

811 3099 144 62 Und
997 3109 241 52 meinem
1284 3099 214 61 Gatten
1543 3098 216 62 fortlief
1792 3107 99 52 mit
1933 3098 131 61 dem
2105 3098 346 79 Fremdling,

811 3196 144 61 Und
994 3194 291 63 Abschied
1327 3194 170 60 nahm
1538 3217 118 37 von
1698 3203 241 51 meinem
1981 3192 354 62 Vaterland?

811 3290 83 59 Ich
938 3290 148 59 weiß
1130 3313 61 38 es
1236 3288 139 60 nicht
1412 3335 113 14 ...
1571 3286 79 62 du
1693 3287 160 61 mußt
1893 3286 91 63 die
2027 3286 203 62 Göttin
2274 3286 196 77 fragen
2508 3335 9 12 ,
2559 3335 9 12 ,
2611 3335 11 12 ,

811 3384 98 61 Sie
950 3394 147 67 trägt
1139 3384 90 59 die
1271 3381 206 64 Schuld
1512 3429 113 14 ...
1671 3381 83 61 ihr
1794 3381 178 61 Wille
2015 3391 70 51 ist
2126 3381 307 78 geschehen
2471 3431 10 11 .
2522 3431 9 11 ,
2573 3431 10 11 .

810 3478 152 61 Was
1006 3476 169 63 willst
1216 3476 79 61 du
1337 3476 149 61 denn
1529 3500 115 36 von
1689 3485 122 60 mir,
1853 3475 125 61 sind
2019 3475 177 61 ihrem
2238 3475 217 61 Willen

809 3572 173 61 Nicht
1025 3587 263 46 untertan
1331 3570 91 60 die
1467 3569 207 62 Götter
1714 3569 177 61 selbst
2034 3579 56 66 ja
2131 3569 197 61 Zeus?

810 3666 142 61 Und
994 3664 79 63 du
1116 3666 168 61 willst
1324 3674 99 51 mit
1464 3663 84 62 ihr
1587 3666 240 68 rechten,
1871 3663 137 61 doch
2051 3688 96 36 wo
2192 3664 157 70 nicht.

810 3760 136 62 Sieh
990 3768 110 61 ein,
1142 3760 107 77 geh
1255 3760 14 20 7
1313 3768 55 53 in
1412 3758 116 61 dich
1570 3758 190 61 Mann
1905 3767 81 52 sei
2028 3758 213 61 wieder
2282 3758 152 76 gut!!

889 3854 143 61 Und
1075 3854 111 61 daß
1229 3855 136 58 auch
1410 3854 140 61 nicht
1592 3852 99 61 der
1732 3852 235 61 kleinste
2008 3851 202 61 Makel
2252 3851 201 71 bleibe.

809 3949 84 59 Ich
937 3948 168 71 ahne,
1148 3972 123 36 was
1317 3948 128 59 dein
1491 3948 326 75 Schweigen
1860 3970 75 37 zu
1977 3955 103 52 mir
2122 3963 126 59 sagt
2279 3995 11 11 .
2329 3995 10 12 .
2381 3995 10 12 ,
