3138 4572
1048 401 206 50 Gustav
1284 403 249 60 Meyrink,
1569 404 116 51 Der
1716 407 179 49 Gofem

2474 406 120 51 1003

430 606 136 65 Nur
606 605 89 61 die
727 604 179 62 Form
948 612 154 54 eines
1142 607 355 78 ägyptischen
1531 609 274 81 Ibiskopfs
1845 612 146 61 blieb
2024 612 138 63 noch
2206 637 93 36 am
2341 612 254 79 längsten

357 700 273 66 bestehen.

431 795 113 60 Die
575 790 257 61 Umrisse
873 790 100 62 des
1006 790 309 65 Phantoms
1353 795 315 63 schieierten
1709 798 370 63 schemenhaft
2111 808 56 53 in
2201 800 99 61 der
2332 799 264 62 Dunkel*

359 891 124 69 heit,
531 908 181 55 zogen
761 885 107 61 sich
915 885 170 61 kaum
1126 887 249 62 merklich
1415 913 327 40 zusammen
1792 894 117 61 und
1950 894 244 61 dehnten
2236 896 105 59 sich
2384 894 214 61 wieder

359 1004 100 39 aus
630 993 163 46 unter
840 978 325 79 langsamen
1207 979 381 82 Atemzügen,
1637 985 89 62 die
1776 987 89 60 die
1904 1011 179 55 ganze
2119 987 228 62 Gestalt
2396 987 200 62 durch*

357 1073 182 64 liefen:
580 1072 114 60 Die
735 1081 209 69 einzige
985 1073 344 79 Bewegung,
1371 1076 87 61 die
1499 1101 72 37 zu
1611 1079 296 63 bemerken
1950 1105 133 37 war.

432 1167 150 63 Statt
623 1166 99 61 der
752 1166 163 61 Füße
954 1167 300 63 berührten
1288 1169 530 82 Knochenstumpen
1853 1175 108 61 den
1994 1175 218 72 Boden,
2255 1199 118 38 von
2410 1175 184 61 denen

361 1261 99 61 das
500 1260 210 60 Fleisch
868 1283 142 55 grau
1051 1261 120 61 und
1211 1261 232 64 blutleer
1583 1266 104 60 auf
1712 1266 444 79 Spannenbreite
2187 1292 74 38 zu
2294 1268 299 78 wülstigen

356 1353 260 63 Rändern
660 1377 444 55 emporgezogen
1146 1378 133 38 war.

430 1448 353 78 Regungslos
825 1448 129 61 hielt
994 1449 102 60 das
1140 1448 293 81 Geschöpf
1466 1461 102 52 mir
1607 1463 151 52 seine
1798 1456 176 61 Hand
2016 1456 108 61 hin.

435 1541 200 61 Kleine
685 1540 227 62 Körner
968 1541 163 79 lagen
1189 1543 174 61 darin.
1423 1545 392 80 Bohnengroß,
1875 1571 113 38 von
2038 1565 151 44 roter
2234 1548 191 63 Farbe
2476 1548 120 61 und

361 1644 95 50 mit
496 1633 316 61 schwarzen
854 1635 254 61 Punkten
1152 1659 92 37 am
1283 1636 215 64 Rande.

432 1729 143 61 Was
615 1727 160 61 sollte
815 1729 76 59 ich
933 1729 230 62 damit?!

430 1821 81 60 Ich
561 1821 175 61 fühlte
787 1821 219 79 dumpf:
1052 1832 122 53 eine
1223 1824 321 79 ungeheure
1574 1825 486 82 Verantwortung
2100 1829 91 79 lag
2233 1829 107 61 auf
2372 1838 104 52 mir

356 1924 119 52 eine
500 1915 509 79 Verantwortung,
1036 1918 88 60 die
1165 1927 132 52 weit
1337 1918 330 80 hinausging
1698 1921 136 62 über
1867 1922 132 61 alles
2031 1923 249 71 Irdische,
2424 1946 171 38 wenn

355 2011 73 58 ich
467 2018 133 69 jetzt
639 2009 141 60 nicht
820 2009 102 61 das
963 2012 216 76 richtige
1220 2027 92 46 tat.

432 2103 165 61 Zwei
621 2103 389 78 Wagschalen,
1036 2106 125 75 jede
1192 2106 235 61 belastet
1467 2116 97 52 mit
1597 2107 126 61 dem
1757 2108 253 63 Gewicht
2043 2110 97 61 des
2175 2111 202 60 halben
2402 2110 196 62 Welt*

357 2197 303 78 gebäudes,
702 2197 290 63 schweben
1036 2200 290 76 irgendwo
1368 2209 74 52 im
1483 2201 162 61 Reich
1686 2202 99 60 der
1824 2202 304 73 Ursachen,
2171 2204 168 61 ahnte
2380 2205 97 70 ich,

361 2290 102 61 auf
493 2290 203 61 welche
736 2315 117 37 von
893 2293 201 59 beiden
1136 2293 77 61 ich
1255 2302 88 53 ein
1386 2294 314 62 Stäubchen
1734 2295 164 61 warf:
1942 2296 88 61 die
2078 2296 141 61 sank
2259 2319 74 38 zu
2374 2298 219 61 Boden.

434 2384 138 62 Das
621 2408 124 38 war
794 2385 103 63 das
947 2387 311 61 furchtbare
1306 2388 227 61 Lauern
1583 2390 292 77 ringsum!,
1917 2390 264 61 verstand
2229 2392 96 62 ich.
2368 2390 227 63 Keinen

359 2477 204 77 Finger
602 2479 227 61 rühren!
987 2489 102 53 riet
1129 2489 103 53 mir
1273 2491 146 51 mein
1464 2483 295 71 Verstand,
1922 2484 151 60 »und
2112 2507 169 37 wenn
2325 2484 99 61 der
2463 2481 135 66 Tod

357 2578 55 52 in
461 2572 103 61 alle
606 2573 283 79 Ewigkeit
938 2576 139 60 nicht
1126 2575 263 62 kommen
1439 2576 159 61 sollte
1646 2577 118 60 und
1810 2577 134 61 mich
1994 2578 218 61 erlösen
2262 2601 104 38 aus
2416 2578 182 63 dieser

361 2662 212 71 Qual«.

431 2759 166 61 Auch
639 2761 153 60 dann
842 2761 206 61 hättest
1098 2761 78 61 du
1218 2763 248 60 dennoch
1509 2764 162 59 deine
1710 2763 178 60 Wahl
1927 2764 297 77 getroffen:
2269 2764 78 62 du
2391 2765 207 62 hättest

361 2849 87 62 die
486 2851 228 63 Körner
755 2854 383 77 abgelehnt,
1180 2873 197 43 raunte
1419 2879 58 37 es
1527 2865 53 51 in
1624 2864 115 52 mir.
1782 2857 140 59 Hier
1970 2857 156 77 gibt's
2177 2857 126 62 kein
2346 2858 247 63 Zurück.

434 2944 153 64 Hilfe
620 2948 243 61 suchend
895 2948 191 62 blickte
1118 2949 78 61 ich
1230 2975 95 36 um
1359 2949 151 73 mich,
1545 2950 75 61 ob
1653 2958 101 52 mir
1786 2950 145 61 denn
1958 2950 121 61 kein
2105 2950 244 63 Zeichen
2375 2953 219 71 würde,

359 3058 120 41 was
519 3041 77 59 ich
637 3057 100 45 tun
770 3041 173 62 sollte,

435 3131 216 65 Nichts.

434 3225 166 62 Auch
641 3236 63 54 in
746 3238 103 52 mir
888 3229 123 62 kein
1053 3230 129 72 Rat,
1223 3230 125 62 kein
1390 3230 228 72 Einfall,
1777 3230 132 61 alles
1951 3246 102 56 tot,
2210 3232 318 77 gestorben.

434 3319 125 63 Das
599 3323 195 61 Leben
836 3347 116 38 von
995 3324 310 77 Myriaden
1347 3325 304 61 Menschen
1692 3331 169 70 wiegt
1900 3324 152 61 leicht
2091 3334 110 52 wie
2243 3334 125 53 eine
2408 3326 190 63 Feder

360 3417 53 53 in
453 3413 209 63 diesem
705 3415 346 63 furchtbaren
1094 3417 363 78 Augenblick,
1500 3417 262 61 erkannte
1804 3418 91 60 ich.
2284 3451 196 13 —•—

435 3505 86 63 Es
562 3509 192 63 mußte
802 3511 203 61 bereits
1053 3512 131 61 tiefe
1234 3512 188 62 Nacht
1469 3521 135 61 sein,
1655 3511 146 61 denn
1845 3511 76 61 ich
1969 3511 208 62 konnte
2228 3512 90 62 die
2358 3513 240 64 Wände

364 3607 204 56 meines
608 3603 281 62 Zimmers
929 3606 141 61 nicht
1109 3607 156 60 mehr
1306 3605 425 62 unterscheiden.

435 3691 286 67 Nebenan
771 3706 75 52 im
895 3699 221 60 Atelier
1171 3699 303 77 stampften
1524 3697 260 73 Schritte,*
1838 3699 78 59 ich
1974 3699 178 73 hörte,
2210 3700 111 62 daß
2369 3704 229 73 jemand

359 3781 273 70 Schränke
672 3790 201 74 rückte,
915 3791 348 62 Schubladen
1306 3791 177 62 aufriß
1524 3792 117 60 und
1681 3791 256 79 polternd
1977 3817 73 36 zu
2090 3794 200 61 Boden
2323 3795 167 72 warf,

360 3876 222 75 glaubte
610 3881 417 66 Wassertrums
1052 3886 235 63 Stimme
1311 3909 74 38 zu
1406 3885 295 72 erkennen,
1728 3894 108 53 wie
1862 3909 59 38 er
1946 3895 55 52 in
2025 3895 213 54 seinem
2264 3889 334 64 röchelnden
