3117 4572
1227 374 389 64 Teststeffungen

2421 378 115 49 1011

305 578 415 60 Landschaftliches,
761 577 83 51 das
887 583 48 43 in
969 578 158 50 Corot
1159 578 351 51 wiederkommt
1637 587 82 43 mit
1750 582 197 49 welchen
1982 583 191 50 Namen
2209 583 140 51 nichts
2383 588 161 45 weiter

304 671 161 54 gesagt
497 662 99 46 sein
628 656 106 58 soll,
767 656 69 49 als
870 656 90 50 daß
995 656 125 50 diese
1154 657 158 49 Kunst
1345 657 79 49 des
1461 659 70 49 17.
1552 658 325 62 Jahrhunderts
1913 662 225 49 durchaus
2172 662 118 48 niefit
2322 662 110 49 bloß
2468 667 75 43 ein

303 741 162 63 großes
499 736 130 49 Erbe
659 734 303 51 verbrauchte
1004 736 96 49 und
1131 736 379 59 verschleuderte,
1542 738 201 50 sondern
1777 758 47 31 es
1857 741 332 49 weiterbildete
2220 741 97 49 und
2351 741 188 50 mehrte.

301 817 112 52 Und
445 813 170 51 darauf
643 812 178 49 kommt
853 831 48 32 es
933 813 73 50 bei
1029 813 156 50 diesen
1209 813 230 51 kleineren
1461 816 228 49 Meistern
1714 817 134 49 allein
1871 837 80 31 an;
1988 818 89 51 daß
2101 824 67 45 sie
2189 819 351 61 Empfangenes

301 893 261 55 bescheiden
611 890 187 50 mehren
846 892 97 49 und
990 893 325 60 weitergeben,
1363 912 80 31 um
1491 894 103 50 dem
1642 896 322 50 kommendem
2012 898 526 50 zusammenfassenden

305 973 192 52 Großen
539 969 72 50 die
643 969 174 50 Arbeit
858 990 59 29 zu
959 970 275 50 erleichtern.
1279 973 51 47 In
1372 972 103 49 dem
1508 973 230 51 Vorwort
1777 995 58 29 zu
1876 976 172 49 diesem
2081 977 209 60 Katalog
2327 977 216 48 berichtet

301 1056 157 47 Benno
491 1048 193 60 Geiger,
717 1047 80 49 der
819 1048 435 49 Wiederentdecker
1287 1049 81 50 des
1391 1049 197 59 Malers,
1618 1071 99 30 was
1752 1071 49 30 er
1833 1053 114 50 über
1979 1054 71 49 M.
2087 1073 60 30 zu
2180 1072 144 43 sagen
2357 1056 75 47 für
2457 1067 85 48 gut

301 1128 209 56 befindet,
549 1125 97 50 und
686 1143 50 32 er
769 1132 59 43 ist
860 1132 111 43 weit
1002 1127 176 58 davon,
1218 1127 78 49 ihn
1330 1147 60 31 zu
1423 1128 335 52 überschätzen.
1802 1132 94 48 Ein
1929 1132 252 49 Neudruck
2214 1132 80 49 der
2328 1133 211 50 Lebens®

303 1205 323 60 beschreibung
658 1205 117 58 M.s,
814 1204 74 50 die
933 1207 120 47 1769
1087 1205 61 50 C,
1185 1205 64 50 G,
1283 1207 122 48 Batti
1446 1208 223 58 verfaßte,
1710 1216 57 43 ist
1809 1209 101 50 dem
1945 1211 236 60 Kataloge
2223 1212 113 48 noch
2377 1213 162 58 beige®

305 1287 156 62 geben,
494 1283 97 49 und
623 1302 97 30 von
756 1283 177 61 Geiger
967 1289 81 43 mit
1080 1284 167 50 vielem
1282 1285 157 50 Fleiße
1471 1287 95 48 und
1599 1288 190 60 großem
1822 1288 224 61 Spürsinn
2081 1294 245 45 annotiert.
2385 1291 56 49 T.
2474 1291 64 49 B.

362 1365 70 50 H.
451 1362 305 63 EBrenßerg,
788 1362 274 52 Gescßicßte
1081 1364 89 50 des
1185 1364 264 51 MensSen
1474 1383 205 33 unserer
1698 1368 127 50 Zeit.
1853 1368 315 62 Heidefßerg,
2201 1368 264 64 Weißßacß.

304 1445 96 49 Das
432 1442 118 49 Buch
585 1439 297 62 Ehrenbergs
915 1440 269 63 verleugnet
1217 1442 99 61 jede
1338 1443 297 61 Möglichkeit
1668 1444 80 50 der
1781 1447 84 47 auf
1871 1445 220 51 lösenden
2112 1447 343 61 Begründung,-
2487 1465 50 31 es

301 1529 57 43 ist
389 1520 108 50 bloß
532 1524 46 43 in
610 1518 262 51 Gedanken
906 1519 303 61 geschrieben,
1244 1520 109 50 aber
1386 1541 79 29 um
1504 1541 56 31 so
1593 1523 126 49 mehr
1752 1524 254 48 enttäuscht
2045 1542 62 30 es.
2142 1524 139 48 Denn
2317 1523 221 49 während

304 1619 43 32 es
388 1599 87 50 sich
517 1603 46 44 in
597 1598 407 61 dithyrambischer
1037 1599 214 61 Haltung
1291 1600 312 61 daherbegibt,
1641 1603 240 48 verschafft
1913 1621 48 31 es
1996 1608 148 44 seiner
2178 1603 188 49 Würde
2399 1603 138 48 durch

303 1678 68 49 die
392 1678 342 61 Einspannung
766 1682 47 44 in
836 1677 254 61 Hegelsche
1110 1677 229 50 Methode
1363 1678 339 62 Genugtuung,
1734 1679 94 50 und
1861 1680 234 60 jedesmal,
2126 1698 137 31 wenn
2298 1679 72 51 die
2393 1680 145 49 akro®

301 1757 192 49 batische
541 1755 276 61 Symmetrie
865 1757 149 49 dieses
1063 1757 286 61 Hegelschen
1391 1757 287 50 Verfahrens
1729 1759 167 60 gerade
1945 1759 89 48 den
2077 1759 138 50 Geist
2265 1764 81 43 mit
2387 1764 150 43 einem

300 1839 222 57 gewissen
563 1834 316 61 spielerischen
926 1834 98 50 und
1062 1835 278 49 technischen
1382 1835 290 61 Vergnügen
1712 1856 59 29 zu
1811 1837 191 49 erfüllen
2043 1837 207 59 beginnt,
2297 1835 119 50 wird
2455 1837 83 48 der

301 1915 135 49 Leser
477 1918 81 43 mit
599 1912 81 49 der
728 1924 145 38 etwas
924 1913 263 61 hochmütig
1235 1914 362 60 vorgebrachten
1644 1915 113 49 Bitte
1806 1914 239 61 bedrängt,
2092 1914 90 50 sich
2224 1933 113 31 vom
2378 1914 157 51 Sturm

300 1992 264 50 Nietzsches
600 1992 385 61 davongetragen
1016 2011 61 30 zu
1109 1992 173 49 fühlen.

358 2070 93 50 Ein
484 2070 355 61 Hegelistisches
863 2070 120 50 Buch
1016 2072 224 57 insofern,
1281 2070 67 50 als
1383 2089 84 31 aus
1501 2070 82 50 der
1615 2072 207 49 Position
1848 2070 249 50 »Mensch«
2131 2075 127 45 seine
2290 2072 245 59 Negation

301 2154 59 43 im
400 2148 374 51 »Übermensch«
825 2149 323 50 hervortaucht
1197 2149 96 50 und
1340 2149 158 50 hierzu
1538 2149 275 61 Ehrenberg
1852 2150 71 49 die
1964 2149 240 61 Synthesis
2246 2154 63 45 im
2352 2149 183 50 »hohen

300 2227 277 49 Menschen«
612 2227 164 55 findet,-
809 2227 111 49 aber
953 2232 47 44 in
1034 2232 149 45 einem
1216 2224 197 52 Taumel
1447 2227 414 62 umspannendster
1893 2228 193 59 Begriffe
2119 2227 118 49 wird
2269 2227 83 49 das
2388 2243 149 43 zuge®

301 2317 157 47 mutet,
489 2310 47 45 in
569 2310 126 45 einer
727 2305 373 50 berauschenden
1126 2305 364 61 Allgemeinheit
1523 2305 80 50 der
1635 2307 240 59 Aussage,
1907 2305 134 49 durch
2073 2305 166 50 welche
2274 2305 73 50 die
2380 2304 157 62 philo®

299 2384 231 60 sophische
554 2384 315 51 Abstraktion
902 2384 91 50 sich
1027 2384 259 58 entkräftet,
1319 2384 120 50 ohne
1472 2384 90 50 daß
1595 2384 80 50 der
1708 2383 313 51 dichterischen
2040 2384 323 61 Anschauung
2388 2394 146 40 etwas

301 2473 164 49 zugute
498 2463 192 49 kommt.

360 2541 122 50 Was
515 2541 118 50 ließe
666 2541 87 50 sich
788 2561 86 31 aus
907 2541 174 51 diesem
1113 2541 456 61 wohlgeziramerten
1592 2540 271 52 Schiffbruch
1895 2540 169 50 retten?
2096 2540 91 50 Die
2219 2540 316 61 Entwertung

301 2616 75 51 des
411 2619 318 49 Individuums
770 2619 70 49 bis
875 2638 83 30 zur
999 2620 168 48 letzten
1203 2620 206 57 Grenze,
1442 2619 67 49 als
1543 2619 216 49 Element
1797 2635 191 32 unserer
2021 2618 306 59 Gegenwart,
2368 2623 59 44 ist
2460 2623 74 44 ein

301 2695 239 61 Gedanke,
581 2698 81 49 der
703 2698 176 49 radikal
926 2698 368 62 ausgesprochen
1334 2698 189 50 werden
1564 2698 125 57 muß,
1729 2715 79 31 um
1848 2695 283 51 verfechtbar
2164 2714 59 31 zu
2257 2702 112 43 sein,
2416 2695 119 59 Gut,

301 2773 85 53 daß
433 2775 73 51 die
555 2776 237 50 abstrakte
832 2778 305 59 Darstellung
1185 2776 121 50 dazu
1348 2776 104 50 dem
1485 2778 250 48 Verfasser
1777 2774 305 61 Gelegenheit
2123 2774 113 61 gibt,
2284 2773 112 50 aber
2436 2773 98 50 ihre

300 2855 356 50 unmittelbarste
690 2855 240 62 Wirkung
969 2856 188 50 verliert
1204 2863 102 54 jene
1347 2855 307 61 Behauptung
1701 2860 47 43 in
1787 2854 172 48 diesem
1999 2851 430 63 Zusammenhang.
2483 2854 51 48 In

300 2930 78 50 der
408 2930 93 51 Tat
532 2939 60 44 ist
625 2934 112 48 auch
770 2940 74 43 ein
878 2934 157 51 Schritt
1068 2934 116 49 über
1217 2934 89 49 den
1339 2934 372 49 Übermenschen
1744 2931 268 51 Nietzsches
2045 2931 164 49 hinaus
2244 2930 169 51 bereits
2449 2949 85 42 ge®

301 3010 200 60 schehen,
532 3011 98 51 und
662 3013 225 49 sicherlich
921 3018 47 44 in
1001 3013 83 49 das
1119 3013 146 49 ideale
1298 3013 102 49 Bild
1432 3024 144 38 etwas
1609 3030 97 31 von
1729 3009 354 51 Unnahbarkeit
2103 3008 98 49 und
2223 3019 146 39 etwas
2404 3009 130 49 elefc®

301 3090 177 50 trisches
522 3093 292 58 gekommen,
855 3091 83 51 das
972 3110 113 32 vom
1118 3091 373 50 Übermenschen
1524 3102 200 38 stammt.
1767 3089 136 49 Aber
1936 3093 44 43 in
2015 3088 124 49 diese
2171 3086 174 50 Sachen
2378 3086 156 63 bringt

300 3165 69 50 die
399 3168 253 61 Hegelsche
685 3170 230 50 Methode
955 3175 102 43 eine
1098 3169 311 51 verzweifelte
1442 3168 317 61 Zufälligkeit,
1800 3165 165 62 gerade
2004 3164 106 49 weil
2152 3164 82 49 das
2276 3183 99 30 von
2408 3170 126 45 einer

299 3262 449 48 vorangegangenen
783 3250 111 48 Zeit
926 3249 329 61 Abgehobene
1289 3249 105 48 dem
1428 3246 316 51 dialektischen
1777 3244 241 51 Bedürfnis
2054 3243 110 49 nach
2200 3244 333 61 Gegensätzen

300 3321 83 50 sich
423 3325 121 50 allzu
578 3326 198 63 bequem
809 3328 157 59 beugt.
1007 3328 100 48 Der
1142 3328 272 59 Gegensatz
1446 3344 96 31 von
1575 3325 65 50 alt
1672 3324 95 49 und
1800 3342 89 30 neu
1923 3323 238 59 überträgt
2192 3321 91 50 sich
2316 3340 55 31 so
2406 3321 129 50 leicht

300 3400 80 47 auf
416 3401 71 51 die
526 3404 139 51 bloße
696 3404 494 51 Unterschiedlichkeit,
1240 3404 138 51 Aber
1418 3409 85 43 wir
1542 3401 264 51 verdanken
1838 3399 184 62 Hegeln
2064 3399 72 49 die
2168 3399 233 61 Ahnung,
2441 3399 93 51 daß

300 3475 69 51 die
399 3479 211 61 Begriffe,
643 3483 80 49 der
756 3483 339 62 Magnetnadel
1138 3483 189 58 ähnlich,
1369 3488 101 44 eine
1504 3481 138 50 Gabe
1684 3479 165 57 haben,
1889 3477 89 50 sich
2011 3497 59 29 zu
2105 3483 292 52 orientieren,
2436 3477 99 50 und

301 3573 121 33 zwar
455 3561 281 50 zueinander
767 3561 98 50 und
898 3568 46 43 in
978 3568 125 43 einer
1127 3563 183 57 Weise,
1341 3561 73 50 die
1447 3566 82 52 sie,
1561 3565 47 43 in
1641 3559 80 49 der
1754 3556 134 51 Welt
1919 3556 80 50 der
2032 3557 210 59 Begriffe,
2276 3563 161 41 immer
2473 3575 60 31 an

300 3630 253 57 bestimmte
587 3640 326 51 Verhältnisse
954 3640 281 50 zueinander
1274 3640 173 57 bindet,
1485 3637 165 51 welche
1689 3637 75 49 für
1804 3635 89 49 den
1933 3634 346 62 abgerundeten
2319 3635 215 62 Vortrag

300 3709 76 49 der
409 3712 248 55 Wahrheit
690 3718 268 62 notwendig
991 3724 81 43 mit
1105 3718 342 60 berücksichtigt
1477 3715 186 51 werden
1696 3721 200 42 müssen.

358 3789 135 52 Aber
531 3795 240 58 jedenfalls
812 3796 79 50 hat
924 3796 73 50 die
1029 3795 291 51 Menschheit
1352 3795 89 50 sich
1472 3813 97 30 von
1602 3792 147 50 dieser
1781 3791 215 60 Ahnung
2039 3790 113 49 noch
2186 3790 118 49 nicht
2335 3809 57 32 so
2424 3796 111 45 weit

300 3865 156 62 erholt,
497 3890 80 32 um
618 3874 68 51 ihr
727 3881 82 45 mit
849 3878 268 58 Besinnung
1157 3874 337 62 nachzugehen,
1536 3871 95 51 und
1670 3871 88 50 den
1794 3871 155 57 Wert,
1989 3870 89 49 den
2119 3875 68 44 sie
2229 3870 68 49 als
2340 3870 194 49 Anstoß
