<?xml version="1.0" encoding="UTF-8"?>
<alto xmlns:xsi="http://www.w3.org/2001/XMLSchema-instance" xmlns="http://www.loc.gov/standards/alto/ns-v2#" xsi:schemaLocation="http://www.loc.gov/standards/alto/ns-v2# http://www.loc.gov/standards/alto/v2/alto-2-0.xsd" xmlns:xlink="http://www.w3.org/1999/xlink">
	<Description>
		<MeasurementUnit>mm10</MeasurementUnit>
		<sourceImageInformation>
			<fileName>./bmtnabr_1914-05_01_0157.jp2</fileName>
		</sourceImageInformation>
		<OCRProcessing ID="OCRPROCESSING_1">
			<preProcessingStep>
				<processingSoftware>
					<softwareCreator>CCS Content Conversion Specialists GmbH, Germany</softwareCreator>
					<softwareName>CCS docWorks</softwareName>
					<softwareVersion>6.9-1.27</softwareVersion>
				</processingSoftware>
			</preProcessingStep>
			<ocrProcessingStep>
				<processingSoftware>
					<softwareCreator>ABBYY (BIT Software), Russia</softwareCreator>
					<softwareName>FineReader</softwareName>
					<softwareVersion>11.0</softwareVersion>
				</processingSoftware>
			</ocrProcessingStep>
			<postProcessingStep>
				<processingSoftware>
					<softwareCreator>CCS Content Conversion Specialists GmbH, Germany</softwareCreator>
					<softwareName>CCS docWorks</softwareName>
					<softwareVersion>6.9-1.27</softwareVersion>
					<applicationDescription>docWorks: Text modified manually, or automatically replaced</applicationDescription>
				</processingSoftware>
			</postProcessingStep>
		</OCRProcessing>
	</Description>
	<Styles>
		<TextStyle ID="TXT_0" FONTSIZE="18" FONTFAMILY="Times New Roman" FONTSTYLE="bold italics"/>
		<TextStyle ID="TXT_1" FONTSIZE="17" FONTFAMILY="Times New Roman"/>
		<TextStyle ID="TXT_2" FONTSIZE="21" FONTFAMILY="Times New Roman"/>
		<ParagraphStyle ID="PAR_LEFT" ALIGN="Left"/>
		<ParagraphStyle ID="PAR_RIGHT" ALIGN="Right"/>
		<ParagraphStyle ID="PAR_BLOCK" ALIGN="Block"/>
	</Styles>
	<Layout>
		<Page ID="P157" PHYSICAL_IMG_NR="157" HEIGHT="4572" WIDTH="3138" PRINTED_IMG_NR="999" PC="0.947">
			<TopMargin ID="P157_TM00001" HPOS="0" VPOS="0" WIDTH="3139" HEIGHT="492">
				<TextBlock ID="P157_TB00001" HPOS="1012" VPOS="423" WIDTH="852" HEIGHT="65" STYLEREFS="TXT_0 PAR_LEFT">
					<TextLine ID="P157_TL00001" HPOS="1013" VPOS="424" WIDTH="851" HEIGHT="64">
						<String ID="P157_ST00001" HPOS="1013" VPOS="424" WIDTH="206" HEIGHT="51" CONTENT="Gustav" WC="0.99" CC="023070"/>
						<SP ID="P157_SP00001" HPOS="1219" VPOS="475" WIDTH="270"/>
						<String ID="P157_ST00002" HPOS="1489" VPOS="426" WIDTH="227" HEIGHT="62" CONTENT="Meyrink,Der" WC="0.99" CC="09700270390"/>
						<SP ID="P157_SP00002" HPOS="1716" VPOS="488" WIDTH="1"/>
						<String ID="P157_ST00003" HPOS="1717" VPOS="433" WIDTH="52" HEIGHT="50" CONTENT="Go" WC="0.48" CC="90"/>
						<SP ID="P157_SP00003" HPOS="1769" VPOS="488" WIDTH="1"/>
						<String ID="P157_ST00004" HPOS="1770" VPOS="434" WIDTH="94" HEIGHT="51" CONTENT="fern" WC="0.94" CC="4788"/>
					</TextLine>
				</TextBlock>
				<TextBlock ID="P157_TB00002" HPOS="2463" VPOS="439" WIDTH="95" HEIGHT="51" STYLEREFS="TXT_1 PAR_RIGHT">
					<TextLine ID="P157_TL00002" HPOS="2463" VPOS="439" WIDTH="95" HEIGHT="51">
						<String ID="P157_ST00005" HPOS="2463" VPOS="439" WIDTH="95" HEIGHT="51" CONTENT="999" WC="1.00" CC="000"/>
					</TextLine>
				</TextBlock>
			</TopMargin>
			<LeftMargin ID="P157_LM00001" HPOS="0" VPOS="492" WIDTH="291" HEIGHT="3495"/>
			<RightMargin ID="P157_RM00001" HPOS="2558" VPOS="492" WIDTH="581" HEIGHT="3495"/>
			<BottomMargin ID="P157_BM00001" HPOS="0" VPOS="3987" WIDTH="3139" HEIGHT="585"/>
			<PrintSpace ID="P157_PS00001" HPOS="291" VPOS="492" WIDTH="2267" HEIGHT="3495">
				<TextBlock ID="P157_TB00003" HPOS="291" VPOS="903" WIDTH="2264" HEIGHT="3084" STYLEREFS="TXT_2 PAR_BLOCK">
					<TextLine ID="P157_TL00003" HPOS="390" VPOS="904" WIDTH="2164" HEIGHT="85">
						<String ID="P157_ST00006" HPOS="390" VPOS="905" WIDTH="78" HEIGHT="61" CONTENT="Icfi" WC="0.33" CC="4777"/>
						<SP ID="P157_SP00004" HPOS="468" VPOS="966" WIDTH="45"/>
						<String ID="P157_ST00007" HPOS="513" VPOS="904" WIDTH="146" HEIGHT="61" CONTENT="hatte" WC="0.96" CC="77067"/>
						<SP ID="P157_SP00005" HPOS="659" VPOS="966" WIDTH="42"/>
						<String ID="P157_ST00008" HPOS="701" VPOS="904" WIDTH="89" HEIGHT="61" CONTENT="die" WC="0.92" CC="757"/>
						<SP ID="P157_SP00006" HPOS="790" VPOS="966" WIDTH="39"/>
						<String ID="P157_ST00009" HPOS="829" VPOS="905" WIDTH="253" HEIGHT="75" CONTENT="Absicht," WC="0.98" CC="77047464"/>
						<SP ID="P157_SP00007" HPOS="1082" VPOS="980" WIDTH="43"/>
						<String ID="P157_ST00010" HPOS="1125" VPOS="918" WIDTH="102" HEIGHT="52" CONTENT="mir" WC="0.93" CC="847"/>
						<SP ID="P157_SP00008" HPOS="1227" VPOS="980" WIDTH="39"/>
						<String ID="P157_ST00011" HPOS="1266" VPOS="910" WIDTH="223" HEIGHT="64" CONTENT="Mantel" WC="0.99" CC="090500"/>
						<SP ID="P157_SP00009" HPOS="1489" VPOS="980" WIDTH="42"/>
						<String ID="P157_ST00012" HPOS="1531" VPOS="917" WIDTH="115" HEIGHT="60" CONTENT="und" WC="0.91" CC="679"/>
						<SP ID="P157_SP00010" HPOS="1646" VPOS="980" WIDTH="34"/>
						<String ID="P157_ST00013" HPOS="1680" VPOS="917" WIDTH="162" HEIGHT="63" CONTENT="Stoch" WC="0.97" CC="16057"/>
						<SP ID="P157_SP00011" HPOS="1842" VPOS="980" WIDTH="41"/>
						<String ID="P157_ST00014" HPOS="1883" VPOS="944" WIDTH="74" HEIGHT="37" CONTENT="zu" WC="1.00" CC="00"/>
						<SP ID="P157_SP00012" HPOS="1957" VPOS="981" WIDTH="40"/>
						<String ID="P157_ST00015" HPOS="1997" VPOS="922" WIDTH="166" HEIGHT="63" CONTENT="holen" WC="0.96" CC="70777"/>
						<SP ID="P157_SP00013" HPOS="2163" VPOS="985" WIDTH="43"/>
						<String ID="P157_ST00016" HPOS="2206" VPOS="925" WIDTH="118" HEIGHT="63" CONTENT="und" WC="0.91" CC="579"/>
						<SP ID="P157_SP00014" HPOS="2324" VPOS="988" WIDTH="40"/>
						<String ID="P157_ST00017" HPOS="2364" VPOS="934" WIDTH="55" HEIGHT="54" CONTENT="in" WC="0.33" CC="57"/>
						<SP ID="P157_SP00015" HPOS="2419" VPOS="988" WIDTH="43"/>
						<String ID="P157_ST00018" HPOS="2462" VPOS="927" WIDTH="92" HEIGHT="62" CONTENT="die" WC="0.96" CC="037"/>
					</TextLine>
					<TextLine ID="P157_TL00004" HPOS="313" VPOS="997" WIDTH="2237" HEIGHT="95">
						<String ID="P157_ST00019" HPOS="313" VPOS="1000" WIDTH="176" HEIGHT="61" CONTENT="kleine" WC="0.97" CC="675440"/>
						<SP ID="P157_SP00016" HPOS="489" VPOS="1061" WIDTH="31"/>
						<String ID="P157_ST00020" HPOS="520" VPOS="997" WIDTH="350" HEIGHT="62" CONTENT="Wirtsstube" WC="0.99" CC="7655002070"/>
						<SP ID="P157_SP00017" HPOS="870" VPOS="1061" WIDTH="45"/>
						<String ID="P157_ST00021" HPOS="915" VPOS="1023" WIDTH="165" HEIGHT="38" CONTENT="»zum" WC="0.98" CC="4600"/>
						<SP ID="P157_SP00018" HPOS="1080" VPOS="1061" WIDTH="45"/>
						<String ID="P157_ST00022" HPOS="1125" VPOS="1002" WIDTH="146" HEIGHT="62" CONTENT="alten" WC="0.98" CC="07320"/>
						<SP ID="P157_SP00019" HPOS="1271" VPOS="1064" WIDTH="34"/>
						<String ID="P157_ST00023" HPOS="1305" VPOS="1004" WIDTH="245" HEIGHT="79" CONTENT="Ungelt«" WC="0.98" CC="6672704"/>
						<SP ID="P157_SP00020" HPOS="1550" VPOS="1083" WIDTH="37"/>
						<String ID="P157_ST00024" HPOS="1587" VPOS="1033" WIDTH="160" HEIGHT="38" CONTENT="essen" WC="1.00" CC="00000"/>
						<SP ID="P157_SP00021" HPOS="1747" VPOS="1083" WIDTH="33"/>
						<String ID="P157_ST00025" HPOS="1780" VPOS="1036" WIDTH="74" HEIGHT="38" CONTENT="zu" WC="0.64" CC="70"/>
						<SP ID="P157_SP00022" HPOS="1854" VPOS="1083" WIDTH="32"/>
						<String ID="P157_ST00026" HPOS="1886" VPOS="1014" WIDTH="198" HEIGHT="78" CONTENT="gehen," WC="0.97" CC="957244"/>
						<SP ID="P157_SP00023" HPOS="2084" VPOS="1092" WIDTH="42"/>
						<String ID="P157_ST00027" HPOS="2126" VPOS="1040" WIDTH="97" HEIGHT="39" CONTENT="wo" WC="0.64" CC="33"/>
						<SP ID="P157_SP00024" HPOS="2223" VPOS="1092" WIDTH="33"/>
						<String ID="P157_ST00028" HPOS="2256" VPOS="1019" WIDTH="294" HEIGHT="63" CONTENT="allabend*" WC="0.55" CC="357570604"/>
					</TextLine>
					<TextLine ID="P157_TL00005" HPOS="313" VPOS="1091" WIDTH="2237" HEIGHT="92">
						<String ID="P157_ST00029" HPOS="313" VPOS="1094" WIDTH="92" HEIGHT="61" CONTENT="lieh" WC="0.96" CC="7407"/>
						<SP ID="P157_SP00025" HPOS="405" VPOS="1155" WIDTH="34"/>
						<String ID="P157_ST00030" HPOS="439" VPOS="1091" WIDTH="245" HEIGHT="73" CONTENT="Zwakh," WC="1.00" CC="000000"/>
						<SP ID="P157_SP00026" HPOS="684" VPOS="1164" WIDTH="32"/>
						<String ID="P157_ST00031" HPOS="716" VPOS="1092" WIDTH="370" HEIGHT="63" CONTENT="Vrieslander" WC="0.78" CC="07200700007"/>
						<SP ID="P157_SP00027" HPOS="1086" VPOS="1164" WIDTH="33"/>
						<String ID="P157_ST00032" HPOS="1119" VPOS="1098" WIDTH="116" HEIGHT="60" CONTENT="und" WC="0.98" CC="400"/>
						<SP ID="P157_SP00028" HPOS="1235" VPOS="1164" WIDTH="26"/>
						<String ID="P157_ST00033" HPOS="1261" VPOS="1098" WIDTH="221" HEIGHT="80" CONTENT="Prokop" WC="0.98" CC="055455"/>
						<SP ID="P157_SP00029" HPOS="1482" VPOS="1178" WIDTH="33"/>
						<String ID="P157_ST00034" HPOS="1515" VPOS="1102" WIDTH="84" HEIGHT="62" CONTENT="bis" WC="0.95" CC="760"/>
						<SP ID="P157_SP00030" HPOS="1599" VPOS="1178" WIDTH="31"/>
						<String ID="P157_ST00035" HPOS="1630" VPOS="1115" WIDTH="126" HEIGHT="68" CONTENT="spät" WC="0.98" CC="0205"/>
						<SP ID="P157_SP00031" HPOS="1756" VPOS="1183" WIDTH="31"/>
						<String ID="P157_ST00036" HPOS="1787" VPOS="1116" WIDTH="54" HEIGHT="52" CONTENT="in" WC="0.70" CC="50"/>
						<SP ID="P157_SP00032" HPOS="1841" VPOS="1183" WIDTH="34"/>
						<String ID="P157_ST00037" HPOS="1875" VPOS="1108" WIDTH="88" HEIGHT="63" CONTENT="die" WC="0.97" CC="034"/>
						<SP ID="P157_SP00033" HPOS="1963" VPOS="1183" WIDTH="26"/>
						<String ID="P157_ST00038" HPOS="1989" VPOS="1110" WIDTH="189" HEIGHT="63" CONTENT="Nacht" WC="0.98" CC="02074"/>
						<SP ID="P157_SP00034" HPOS="2178" VPOS="1183" WIDTH="23"/>
						<String ID="P157_ST00039" HPOS="2201" VPOS="1112" WIDTH="349" HEIGHT="64" CONTENT="beisammen" WC="0.99" CC="701080000"/>
					</TextLine>
					<TextLine ID="P157_TL00006" HPOS="315" VPOS="1184" WIDTH="2234" HEIGHT="92">
						<String ID="P157_ST00040" HPOS="315" VPOS="1187" WIDTH="169" HEIGHT="62" CONTENT="saßen" WC="0.99" CC="05400"/>
						<SP ID="P157_SP00035" HPOS="484" VPOS="1249" WIDTH="41"/>
						<String ID="P157_ST00041" HPOS="525" VPOS="1184" WIDTH="119" HEIGHT="61" CONTENT="und" WC="0.98" CC="040"/>
						<SP ID="P157_SP00036" HPOS="644" VPOS="1249" WIDTH="40"/>
						<String ID="P157_ST00042" HPOS="684" VPOS="1186" WIDTH="266" HEIGHT="62" CONTENT="einander" WC="0.99" CC="10400007"/>
						<SP ID="P157_SP00037" HPOS="950" VPOS="1249" WIDTH="39"/>
						<String ID="P157_ST00043" HPOS="989" VPOS="1190" WIDTH="286" HEIGHT="62" CONTENT="verrückte" WC="0.99" CC="046600750"/>
						<SP ID="P157_SP00038" HPOS="1275" VPOS="1252" WIDTH="42"/>
						<String ID="P157_ST00044" HPOS="1317" VPOS="1192" WIDTH="354" HEIGHT="67" CONTENT="Geschichten" WC="0.99" CC="00007007605"/>
						<SP ID="P157_SP00039" HPOS="1671" VPOS="1259" WIDTH="43"/>
						<String ID="P157_ST00045" HPOS="1714" VPOS="1201" WIDTH="297" HEIGHT="75" CONTENT="erzählten," WC="0.98" CC="6670775404"/>
						<SP ID="P157_SP00040" HPOS="2011" VPOS="1276" WIDTH="45"/>
						<String ID="P157_ST00046" HPOS="2056" VPOS="1205" WIDTH="133" HEIGHT="61" CONTENT="aber" WC="0.95" CC="4746"/>
						<SP ID="P157_SP00041" HPOS="2189" VPOS="1276" WIDTH="41"/>
						<String ID="P157_ST00047" HPOS="2230" VPOS="1206" WIDTH="171" HEIGHT="64" CONTENT="kaum" WC="0.97" CC="4360"/>
						<SP ID="P157_SP00042" HPOS="2401" VPOS="1276" WIDTH="41"/>
						<String ID="P157_ST00048" HPOS="2442" VPOS="1209" WIDTH="107" HEIGHT="61" CONTENT="be*" WC="0.60" CC="704"/>
					</TextLine>
					<TextLine ID="P157_TL00007" HPOS="315" VPOS="1277" WIDTH="2231" HEIGHT="93">
						<String ID="P157_ST00049" HPOS="315" VPOS="1296" WIDTH="105" HEIGHT="45" CONTENT="trat" WC="0.98" CC="0405"/>
						<SP ID="P157_SP00043" HPOS="420" VPOS="1341" WIDTH="53"/>
						<String ID="P157_ST00050" HPOS="473" VPOS="1277" WIDTH="77" HEIGHT="61" CONTENT="ich" WC="0.95" CC="607"/>
						<SP ID="P157_SP00044" HPOS="550" VPOS="1341" WIDTH="57"/>
						<String ID="P157_ST00051" HPOS="607" VPOS="1287" WIDTH="146" HEIGHT="52" CONTENT="mein" WC="0.98" CC="0065"/>
						<SP ID="P157_SP00045" HPOS="753" VPOS="1341" WIDTH="58"/>
						<String ID="P157_ST00052" HPOS="811" VPOS="1280" WIDTH="268" HEIGHT="73" CONTENT="Zimmer," WC="0.99" CC="6200044"/>
						<SP ID="P157_SP00046" HPOS="1079" VPOS="1353" WIDTH="54"/>
						<String ID="P157_ST00053" HPOS="1133" VPOS="1282" WIDTH="73" HEIGHT="63" CONTENT="da" WC="0.98" CC="00"/>
						<SP ID="P157_SP00047" HPOS="1206" VPOS="1353" WIDTH="48"/>
						<String ID="P157_ST00054" HPOS="1254" VPOS="1285" WIDTH="84" HEIGHT="61" CONTENT="fiel" WC="0.98" CC="0007"/>
						<SP ID="P157_SP00048" HPOS="1338" VPOS="1353" WIDTH="51"/>
						<String ID="P157_ST00055" HPOS="1389" VPOS="1287" WIDTH="97" HEIGHT="63" CONTENT="der" WC="0.96" CC="036"/>
						<SP ID="P157_SP00049" HPOS="1486" VPOS="1353" WIDTH="47"/>
						<String ID="P157_ST00056" HPOS="1533" VPOS="1289" WIDTH="251" HEIGHT="64" CONTENT="Vorsatz" WC="0.98" CC="2260406"/>
						<SP ID="P157_SP00050" HPOS="1784" VPOS="1353" WIDTH="48"/>
						<String ID="P157_ST00057" HPOS="1832" VPOS="1318" WIDTH="116" HEIGHT="38" CONTENT="von" WC="0.98" CC="040"/>
						<SP ID="P157_SP00051" HPOS="1948" VPOS="1356" WIDTH="51"/>
						<String ID="P157_ST00058" HPOS="1999" VPOS="1305" WIDTH="103" HEIGHT="53" CONTENT="mir" WC="0.95" CC="057"/>
						<SP ID="P157_SP00052" HPOS="2102" VPOS="1358" WIDTH="59"/>
						<String ID="P157_ST00059" HPOS="2161" VPOS="1299" WIDTH="92" HEIGHT="71" CONTENT="ab," WC="0.98" CC="103"/>
						<SP ID="P157_SP00053" HPOS="2253" VPOS="1370" WIDTH="181"/>
						<String ID="P157_ST00060" HPOS="2434" VPOS="1310" WIDTH="112" HEIGHT="52" CONTENT="wie" WC="0.93" CC="934"/>
					</TextLine>
					<TextLine ID="P157_TL00008" HPOS="312" VPOS="1371" WIDTH="2237" HEIGHT="102">
						<String ID="P157_ST00061" HPOS="312" VPOS="1397" WIDTH="163" HEIGHT="36" CONTENT="wenn" WC="1.00" CC="0000"/>
						<SP ID="P157_SP00054" HPOS="475" VPOS="1433" WIDTH="42"/>
						<String ID="P157_ST00062" HPOS="517" VPOS="1380" WIDTH="102" HEIGHT="52" CONTENT="mir" WC="0.95" CC="066"/>
						<SP ID="P157_SP00055" HPOS="619" VPOS="1433" WIDTH="32"/>
						<String ID="P157_ST00063" HPOS="651" VPOS="1372" WIDTH="211" HEIGHT="63" CONTENT="Hände" WC="0.99" CC="50000"/>
						<SP ID="P157_SP00056" HPOS="862" VPOS="1435" WIDTH="42"/>
						<String ID="P157_ST00064" HPOS="904" VPOS="1383" WIDTH="86" HEIGHT="52" CONTENT="ein" WC="0.97" CC="602"/>
						<SP ID="P157_SP00057" HPOS="990" VPOS="1435" WIDTH="35"/>
						<String ID="P157_ST00065" HPOS="1025" VPOS="1371" WIDTH="153" HEIGHT="66" CONTENT="Tuch" WC="0.96" CC="6607"/>
						<SP ID="P157_SP00058" HPOS="1178" VPOS="1437" WIDTH="42"/>
						<String ID="P157_ST00066" HPOS="1220" VPOS="1379" WIDTH="139" HEIGHT="62" CONTENT="oder" WC="0.97" CC="4064"/>
						<SP ID="P157_SP00059" HPOS="1359" VPOS="1441" WIDTH="36"/>
						<String ID="P157_ST00067" HPOS="1395" VPOS="1399" WIDTH="159" HEIGHT="46" CONTENT="sonst" WC="0.99" CC="00306"/>
						<SP ID="P157_SP00060" HPOS="1554" VPOS="1445" WIDTH="41"/>
						<String ID="P157_ST00068" HPOS="1595" VPOS="1402" WIDTH="193" HEIGHT="58" CONTENT="etwas," WC="0.98" CC="460104"/>
						<SP ID="P157_SP00061" HPOS="1788" VPOS="1460" WIDTH="42"/>
						<String ID="P157_ST00069" HPOS="1830" VPOS="1412" WIDTH="122" HEIGHT="39" CONTENT="was" WC="1.00" CC="000"/>
						<SP ID="P157_SP00062" HPOS="1952" VPOS="1460" WIDTH="40"/>
						<String ID="P157_ST00070" HPOS="1992" VPOS="1392" WIDTH="77" HEIGHT="60" CONTENT="ich" WC="0.98" CC="500"/>
						<SP ID="P157_SP00063" HPOS="2069" VPOS="1460" WIDTH="43"/>
						<String ID="P157_ST00071" HPOS="2112" VPOS="1416" WIDTH="91" HEIGHT="38" CONTENT="am" WC="0.81" CC="30"/>
						<SP ID="P157_SP00064" HPOS="2203" VPOS="1460" WIDTH="32"/>
						<String ID="P157_ST00072" HPOS="2235" VPOS="1393" WIDTH="176" HEIGHT="62" CONTENT="Leibe" WC="0.99" CC="01004"/>
						<SP ID="P157_SP00065" HPOS="2411" VPOS="1460" WIDTH="33"/>
						<String ID="P157_ST00073" HPOS="2444" VPOS="1418" WIDTH="105" HEIGHT="55" CONTENT="ge*" WC="0.97" CC="007"/>
					</TextLine>
					<TextLine ID="P157_TL00009" HPOS="310" VPOS="1465" WIDTH="882" HEIGHT="79">
						<String ID="P157_ST00074" HPOS="310" VPOS="1483" WIDTH="280" HEIGHT="61" CONTENT="getragen," WC="0.99" CC="003630004"/>
						<SP ID="P157_SP00066" HPOS="590" VPOS="1544" WIDTH="41"/>
						<String ID="P157_ST00075" HPOS="631" VPOS="1465" WIDTH="317" HEIGHT="79" CONTENT="abgerissen" WC="1.00" CC="0000400050"/>
						<SP ID="P157_SP00067" HPOS="948" VPOS="1544" WIDTH="44"/>
						<String ID="P157_ST00076" HPOS="992" VPOS="1468" WIDTH="200" HEIGHT="66" CONTENT="hätten." WC="0.98" CC="7027054"/>
					</TextLine>
					<TextLine ID="P157_TL00010" HPOS="385" VPOS="1559" WIDTH="2161" HEIGHT="84">
						<String ID="P157_ST00077" HPOS="385" VPOS="1559" WIDTH="85" HEIGHT="61" CONTENT="Es" WC="0.78" CC="40"/>
						<SP ID="P157_SP00068" HPOS="470" VPOS="1620" WIDTH="42"/>
						<String ID="P157_ST00078" HPOS="512" VPOS="1559" WIDTH="90" HEIGHT="78" CONTENT="lag" WC="0.95" CC="750"/>
						<SP ID="P157_SP00069" HPOS="602" VPOS="1637" WIDTH="40"/>
						<String ID="P157_ST00079" HPOS="642" VPOS="1568" WIDTH="124" HEIGHT="53" CONTENT="eine" WC="0.99" CC="0300"/>
						<SP ID="P157_SP00070" HPOS="766" VPOS="1637" WIDTH="33"/>
						<String ID="P157_ST00080" HPOS="799" VPOS="1560" WIDTH="313" HEIGHT="82" CONTENT="Spannung" WC="1.00" CC="00300000"/>
						<SP ID="P157_SP00071" HPOS="1112" VPOS="1642" WIDTH="41"/>
						<String ID="P157_ST00081" HPOS="1153" VPOS="1573" WIDTH="56" HEIGHT="53" CONTENT="in" WC="0.80" CC="30"/>
						<SP ID="P157_SP00072" HPOS="1209" VPOS="1642" WIDTH="42"/>
						<String ID="P157_ST00082" HPOS="1251" VPOS="1567" WIDTH="97" HEIGHT="61" CONTENT="der" WC="0.97" CC="006"/>
						<SP ID="P157_SP00073" HPOS="1348" VPOS="1642" WIDTH="31"/>
						<String ID="P157_ST00083" HPOS="1379" VPOS="1568" WIDTH="150" HEIGHT="74" CONTENT="Luft," WC="0.99" CC="00114"/>
						<SP ID="P157_SP00074" HPOS="1529" VPOS="1642" WIDTH="42"/>
						<String ID="P157_ST00084" HPOS="1571" VPOS="1573" WIDTH="137" HEIGHT="61" CONTENT="über" WC="0.97" CC="0707"/>
						<SP ID="P157_SP00075" HPOS="1708" VPOS="1642" WIDTH="32"/>
						<String ID="P157_ST00085" HPOS="1740" VPOS="1574" WIDTH="88" HEIGHT="63" CONTENT="die" WC="0.99" CC="030"/>
						<SP ID="P157_SP00076" HPOS="1828" VPOS="1642" WIDTH="32"/>
						<String ID="P157_ST00086" HPOS="1860" VPOS="1577" WIDTH="79" HEIGHT="61" CONTENT="ich" WC="0.97" CC="107"/>
						<SP ID="P157_SP00077" HPOS="1939" VPOS="1642" WIDTH="34"/>
						<String ID="P157_ST00087" HPOS="1973" VPOS="1587" WIDTH="103" HEIGHT="52" CONTENT="mir" WC="0.96" CC="056"/>
						<SP ID="P157_SP00078" HPOS="2076" VPOS="1642" WIDTH="23"/>
						<String ID="P157_ST00088" HPOS="2099" VPOS="1578" WIDTH="160" HEIGHT="64" CONTENT="keine" WC="0.97" CC="60460"/>
						<SP ID="P157_SP00079" HPOS="2259" VPOS="1642" WIDTH="32"/>
						<String ID="P157_ST00089" HPOS="2291" VPOS="1581" WIDTH="255" HEIGHT="62" CONTENT="Rechen*" WC="0.99" CC="3070601"/>
					</TextLine>
					<TextLine ID="P157_TL00011" HPOS="308" VPOS="1652" WIDTH="2237" HEIGHT="85">
						<String ID="P157_ST00090" HPOS="308" VPOS="1653" WIDTH="164" HEIGHT="61" CONTENT="schaft" WC="0.80" CC="007022"/>
						<SP ID="P157_SP00080" HPOS="472" VPOS="1714" WIDTH="48"/>
						<String ID="P157_ST00091" HPOS="520" VPOS="1652" WIDTH="179" HEIGHT="79" CONTENT="geben" WC="0.98" CC="00705"/>
						<SP ID="P157_SP00081" HPOS="699" VPOS="1731" WIDTH="51"/>
						<String ID="P157_ST00092" HPOS="750" VPOS="1653" WIDTH="226" HEIGHT="74" CONTENT="konnte," WC="0.99" CC="5400504"/>
						<SP ID="P157_SP00082" HPOS="976" VPOS="1731" WIDTH="51"/>
						<String ID="P157_ST00093" HPOS="1027" VPOS="1657" WIDTH="89" HEIGHT="61" CONTENT="die" WC="0.98" CC="060"/>
						<SP ID="P157_SP00083" HPOS="1116" VPOS="1731" WIDTH="52"/>
						<String ID="P157_ST00094" HPOS="1168" VPOS="1659" WIDTH="133" HEIGHT="61" CONTENT="aber" WC="0.98" CC="1035"/>
						<SP ID="P157_SP00084" HPOS="1301" VPOS="1731" WIDTH="49"/>
						<String ID="P157_ST00095" HPOS="1350" VPOS="1665" WIDTH="273" HEIGHT="61" CONTENT="trotzdem" WC="0.98" CC="66545030"/>
						<SP ID="P157_SP00085" HPOS="1623" VPOS="1731" WIDTH="48"/>
						<String ID="P157_ST00096" HPOS="1671" VPOS="1668" WIDTH="329" HEIGHT="63" CONTENT="vorhanden" WC="0.99" CC="006640000"/>
						<SP ID="P157_SP00086" HPOS="2000" VPOS="1731" WIDTH="51"/>
						<String ID="P157_ST00097" HPOS="2051" VPOS="1695" WIDTH="120" HEIGHT="38" CONTENT="war" WC="0.97" CC="017"/>
						<SP ID="P157_SP00087" HPOS="2171" VPOS="1733" WIDTH="41"/>
						<String ID="P157_ST00098" HPOS="2212" VPOS="1682" WIDTH="108" HEIGHT="52" CONTENT="wie" WC="0.98" CC="050"/>
						<SP ID="P157_SP00088" HPOS="2320" VPOS="1734" WIDTH="42"/>
						<String ID="P157_ST00099" HPOS="2362" VPOS="1691" WIDTH="183" HEIGHT="46" CONTENT="etwas" WC="0.99" CC="05030"/>
					</TextLine>
					<TextLine ID="P157_TL00012" HPOS="310" VPOS="1745" WIDTH="2245" HEIGHT="101">
						<String ID="P157_ST00100" HPOS="310" VPOS="1745" WIDTH="332" HEIGHT="62" CONTENT="Greifbares" WC="0.98" CC="7776170770"/>
						<SP ID="P157_SP00089" HPOS="642" VPOS="1807" WIDTH="42"/>
						<String ID="P157_ST00101" HPOS="684" VPOS="1748" WIDTH="116" HEIGHT="60" CONTENT="und" WC="0.98" CC="400"/>
						<SP ID="P157_SP00090" HPOS="800" VPOS="1808" WIDTH="42"/>
						<String ID="P157_ST00102" HPOS="842" VPOS="1748" WIDTH="105" HEIGHT="61" CONTENT="sich" WC="0.98" CC="0307"/>
						<SP ID="P157_SP00091" HPOS="947" VPOS="1809" WIDTH="42"/>
						<String ID="P157_ST00103" HPOS="989" VPOS="1759" WIDTH="75" HEIGHT="52" CONTENT="im" WC="0.83" CC="30"/>
						<SP ID="P157_SP00092" HPOS="1064" VPOS="1811" WIDTH="34"/>
						<String ID="P157_ST00104" HPOS="1098" VPOS="1751" WIDTH="250" HEIGHT="63" CONTENT="Verlauf" WC="0.98" CC="9077064"/>
						<SP ID="P157_SP00093" HPOS="1348" VPOS="1814" WIDTH="32"/>
						<String ID="P157_ST00105" HPOS="1380" VPOS="1765" WIDTH="244" HEIGHT="71" CONTENT="weniger" WC="0.98" CC="0705077"/>
						<SP ID="P157_SP00094" HPOS="1624" VPOS="1836" WIDTH="39"/>
						<String ID="P157_ST00106" HPOS="1663" VPOS="1760" WIDTH="300" HEIGHT="63" CONTENT="Sekunden" WC="0.99" CC="50307070"/>
						<SP ID="P157_SP00095" HPOS="1963" VPOS="1836" WIDTH="42"/>
						<String ID="P157_ST00107" HPOS="2005" VPOS="1765" WIDTH="185" HEIGHT="62" CONTENT="derart" WC="0.97" CC="007971"/>
						<SP ID="P157_SP00096" HPOS="2190" VPOS="1836" WIDTH="41"/>
						<String ID="P157_ST00108" HPOS="2231" VPOS="1767" WIDTH="169" HEIGHT="79" CONTENT="heftig" WC="0.98" CC="602249"/>
						<SP ID="P157_SP00097" HPOS="2400" VPOS="1846" WIDTH="44"/>
						<String ID="P157_ST00109" HPOS="2444" VPOS="1769" WIDTH="111" HEIGHT="62" CONTENT="auf" WC="0.93" CC="909"/>
					</TextLine>
					<TextLine ID="P157_TL00013" HPOS="308" VPOS="1839" WIDTH="2234" HEIGHT="94">
						<String ID="P157_ST00110" HPOS="308" VPOS="1839" WIDTH="131" HEIGHT="61" CONTENT="mich" WC="0.98" CC="0107"/>
						<SP ID="P157_SP00098" HPOS="439" VPOS="1900" WIDTH="48"/>
						<String ID="P157_ST00111" HPOS="487" VPOS="1840" WIDTH="277" HEIGHT="79" CONTENT="übertrug," WC="0.99" CC="070655004"/>
						<SP ID="P157_SP00099" HPOS="764" VPOS="1919" WIDTH="51"/>
						<String ID="P157_ST00112" HPOS="815" VPOS="1842" WIDTH="112" HEIGHT="63" CONTENT="daß" WC="0.98" CC="005"/>
						<SP ID="P157_SP00100" HPOS="927" VPOS="1919" WIDTH="47"/>
						<String ID="P157_ST00113" HPOS="974" VPOS="1845" WIDTH="77" HEIGHT="61" CONTENT="ich" WC="0.96" CC="380"/>
						<SP ID="P157_SP00101" HPOS="1051" VPOS="1919" WIDTH="50"/>
						<String ID="P157_ST00114" HPOS="1101" VPOS="1870" WIDTH="106" HEIGHT="37" CONTENT="vor" WC="0.96" CC="036"/>
						<SP ID="P157_SP00102" HPOS="1207" VPOS="1919" WIDTH="42"/>
						<String ID="P157_ST00115" HPOS="1249" VPOS="1847" WIDTH="239" HEIGHT="65" CONTENT="Unruhe" WC="0.97" CC="407575"/>
						<SP ID="P157_SP00103" HPOS="1488" VPOS="1919" WIDTH="51"/>
						<String ID="P157_ST00116" HPOS="1539" VPOS="1853" WIDTH="235" HEIGHT="80" CONTENT="anfangs" WC="0.99" CC="0053400"/>
						<SP ID="P157_SP00104" HPOS="1774" VPOS="1933" WIDTH="47"/>
						<String ID="P157_ST00117" HPOS="1821" VPOS="1855" WIDTH="169" HEIGHT="64" CONTENT="kaum" WC="0.98" CC="6400"/>
						<SP ID="P157_SP00105" HPOS="1990" VPOS="1933" WIDTH="49"/>
						<String ID="P157_ST00118" HPOS="2039" VPOS="1860" WIDTH="210" HEIGHT="71" CONTENT="wußte," WC="0.99" CC="002404"/>
						<SP ID="P157_SP00106" HPOS="2249" VPOS="1933" WIDTH="48"/>
						<String ID="P157_ST00119" HPOS="2297" VPOS="1886" WIDTH="125" HEIGHT="38" CONTENT="was" WC="0.98" CC="050"/>
						<SP ID="P157_SP00107" HPOS="2422" VPOS="1933" WIDTH="41"/>
						<String ID="P157_ST00120" HPOS="2463" VPOS="1863" WIDTH="79" HEIGHT="61" CONTENT="ich" WC="0.95" CC="607"/>
					</TextLine>
					<TextLine ID="P157_TL00014" HPOS="306" VPOS="1934" WIDTH="2238" HEIGHT="90">
						<String ID="P157_ST00121" HPOS="306" VPOS="1948" WIDTH="183" HEIGHT="45" CONTENT="zuerst" WC="0.97" CC="664602"/>
						<SP ID="P157_SP00108" HPOS="489" VPOS="1993" WIDTH="30"/>
						<String ID="P157_ST00122" HPOS="519" VPOS="1949" WIDTH="102" HEIGHT="44" CONTENT="tun" WC="1.00" CC="000"/>
						<SP ID="P157_SP00109" HPOS="621" VPOS="1993" WIDTH="33"/>
						<String ID="P157_ST00123" HPOS="654" VPOS="1934" WIDTH="180" HEIGHT="63" CONTENT="sollte:" WC="0.98" CC="0577600"/>
						<SP ID="P157_SP00110" HPOS="834" VPOS="1997" WIDTH="42"/>
						<String ID="P157_ST00124" HPOS="876" VPOS="1936" WIDTH="155" HEIGHT="63" CONTENT="Licht" WC="1.00" CC="02000"/>
						<SP ID="P157_SP00111" HPOS="1031" VPOS="1999" WIDTH="33"/>
						<String ID="P157_ST00125" HPOS="1064" VPOS="1941" WIDTH="316" HEIGHT="73" CONTENT="anzünden," WC="1.00" CC="007000004"/>
						<SP ID="P157_SP00112" HPOS="1380" VPOS="2014" WIDTH="34"/>
						<String ID="P157_ST00126" HPOS="1414" VPOS="1944" WIDTH="177" HEIGHT="62" CONTENT="hinter" WC="0.98" CC="010556"/>
						<SP ID="P157_SP00113" HPOS="1591" VPOS="2014" WIDTH="32"/>
						<String ID="P157_ST00127" HPOS="1623" VPOS="1955" WIDTH="101" HEIGHT="52" CONTENT="mir" WC="0.98" CC="005"/>
						<SP ID="P157_SP00114" HPOS="1724" VPOS="2014" WIDTH="35"/>
						<String ID="P157_ST00128" HPOS="1759" VPOS="1949" WIDTH="355" HEIGHT="75" CONTENT="abschließen," WC="0.99" CC="070007030314"/>
						<SP ID="P157_SP00115" HPOS="2114" VPOS="2024" WIDTH="35"/>
						<String ID="P157_ST00129" HPOS="2149" VPOS="1953" WIDTH="134" HEIGHT="62" CONTENT="mich" WC="0.98" CC="0800"/>
						<SP ID="P157_SP00116" HPOS="2283" VPOS="2024" WIDTH="34"/>
						<String ID="P157_ST00130" HPOS="2317" VPOS="1955" WIDTH="227" HEIGHT="63" CONTENT="nieder*" WC="0.99" CC="0540050"/>
					</TextLine>
					<TextLine ID="P157_TL00015" HPOS="306" VPOS="2028" WIDTH="971" HEIGHT="84">
						<String ID="P157_ST00131" HPOS="306" VPOS="2042" WIDTH="184" HEIGHT="44" CONTENT="setzen" WC="0.98" CC="016746"/>
						<SP ID="P157_SP00117" HPOS="490" VPOS="2086" WIDTH="42"/>
						<String ID="P157_ST00132" HPOS="532" VPOS="2028" WIDTH="138" HEIGHT="59" CONTENT="oder" WC="0.98" CC="0016"/>
						<SP ID="P157_SP00118" HPOS="670" VPOS="2087" WIDTH="41"/>
						<String ID="P157_ST00133" HPOS="711" VPOS="2029" WIDTH="104" HEIGHT="60" CONTENT="auf" WC="0.93" CC="665"/>
						<SP ID="P157_SP00119" HPOS="815" VPOS="2089" WIDTH="34"/>
						<String ID="P157_ST00134" HPOS="849" VPOS="2032" WIDTH="118" HEIGHT="61" CONTENT="und" WC="0.98" CC="040"/>
						<SP ID="P157_SP00120" HPOS="967" VPOS="2093" WIDTH="41"/>
						<String ID="P157_ST00135" HPOS="1008" VPOS="2032" WIDTH="269" HEIGHT="80" CONTENT="abgehen." WC="0.99" CC="00067502"/>
					</TextLine>
					<TextLine ID="P157_TL00016" HPOS="382" VPOS="2120" WIDTH="2160" HEIGHT="94">
						<String ID="P157_ST00136" HPOS="382" VPOS="2120" WIDTH="169" HEIGHT="61" CONTENT="Hatte" WC="0.98" CC="30260"/>
						<SP ID="P157_SP00121" HPOS="551" VPOS="2181" WIDTH="41"/>
						<String ID="P157_ST00137" HPOS="592" VPOS="2122" WIDTH="106" HEIGHT="59" CONTENT="sich" WC="0.98" CC="0007"/>
						<SP ID="P157_SP00122" HPOS="698" VPOS="2181" WIDTH="38"/>
						<String ID="P157_ST00138" HPOS="736" VPOS="2126" WIDTH="229" HEIGHT="74" CONTENT="jemand" WC="0.99" CC="700400"/>
						<SP ID="P157_SP00123" HPOS="965" VPOS="2200" WIDTH="39"/>
						<String ID="P157_ST00139" HPOS="1004" VPOS="2136" WIDTH="55" HEIGHT="52" CONTENT="in" WC="1.00" CC="00"/>
						<SP ID="P157_SP00124" HPOS="1059" VPOS="2200" WIDTH="43"/>
						<String ID="P157_ST00140" HPOS="1102" VPOS="2138" WIDTH="210" HEIGHT="52" CONTENT="meiner" WC="0.98" CC="040066"/>
						<SP ID="P157_SP00125" HPOS="1312" VPOS="2200" WIDTH="30"/>
						<String ID="P157_ST00141" HPOS="1342" VPOS="2131" WIDTH="409" HEIGHT="66" CONTENT="Abwesenheit" WC="0.99" CC="57000000464"/>
						<SP ID="P157_SP00126" HPOS="1751" VPOS="2200" WIDTH="39"/>
						<String ID="P157_ST00142" HPOS="1790" VPOS="2138" WIDTH="417" HEIGHT="76" CONTENT="eingeschlichen" WC="1.00" CC="00500007720700"/>
						<SP ID="P157_SP00127" HPOS="2207" VPOS="2214" WIDTH="42"/>
						<String ID="P157_ST00143" HPOS="2249" VPOS="2141" WIDTH="119" HEIGHT="62" CONTENT="und" WC="0.98" CC="040"/>
						<SP ID="P157_SP00128" HPOS="2368" VPOS="2214" WIDTH="40"/>
						<String ID="P157_ST00144" HPOS="2408" VPOS="2166" WIDTH="134" HEIGHT="38" CONTENT="ver*" WC="0.71" CC="0074"/>
					</TextLine>
					<TextLine ID="P157_TL00017" HPOS="304" VPOS="2212" WIDTH="2240" HEIGHT="98">
						<String ID="P157_ST00145" HPOS="304" VPOS="2212" WIDTH="199" HEIGHT="61" CONTENT="steckt?" WC="0.98" CC="0300747"/>
						<SP ID="P157_SP00129" HPOS="503" VPOS="2273" WIDTH="47"/>
						<String ID="P157_ST00146" HPOS="550" VPOS="2213" WIDTH="151" HEIGHT="62" CONTENT="VTar" WC="0.56" CC="2807"/>
						<SP ID="P157_SP00130" HPOS="701" VPOS="2275" WIDTH="15"/>
						<String ID="P157_ST00147" HPOS="716" VPOS="2239" WIDTH="28" HEIGHT="38" CONTENT="s" WC="1.00" CC="0"/>
						<SP ID="P157_SP00131" HPOS="744" VPOS="2277" WIDTH="49"/>
						<String ID="P157_ST00148" HPOS="793" VPOS="2217" WIDTH="89" HEIGHT="61" CONTENT="die" WC="0.98" CC="050"/>
						<SP ID="P157_SP00132" HPOS="882" VPOS="2278" WIDTH="41"/>
						<String ID="P157_ST00149" HPOS="923" VPOS="2218" WIDTH="196" HEIGHT="79" CONTENT="Angst" WC="0.98" CC="70005"/>
						<SP ID="P157_SP00133" HPOS="1119" VPOS="2297" WIDTH="48"/>
						<String ID="P157_ST00150" HPOS="1167" VPOS="2230" WIDTH="151" HEIGHT="54" CONTENT="eines" WC="0.97" CC="06660"/>
						<SP ID="P157_SP00134" HPOS="1318" VPOS="2297" WIDTH="41"/>
						<String ID="P157_ST00151" HPOS="1359" VPOS="2223" WIDTH="304" HEIGHT="65" CONTENT="Menschen" WC="0.99" CC="30700700"/>
						<SP ID="P157_SP00135" HPOS="1663" VPOS="2297" WIDTH="41"/>
						<String ID="P157_ST00152" HPOS="1704" VPOS="2251" WIDTH="105" HEIGHT="38" CONTENT="vor" WC="0.96" CC="027"/>
						<SP ID="P157_SP00136" HPOS="1809" VPOS="2297" WIDTH="40"/>
						<String ID="P157_ST00153" HPOS="1849" VPOS="2230" WIDTH="126" HEIGHT="62" CONTENT="dem" WC="0.97" CC="070"/>
						<SP ID="P157_SP00137" HPOS="1975" VPOS="2297" WIDTH="43"/>
						<String ID="P157_ST00154" HPOS="2018" VPOS="2231" WIDTH="526" HEIGHT="79" CONTENT="Gesehenwerden," WC="1.00" CC="77000000000074"/>
					</TextLine>
					<TextLine ID="P157_TL00018" HPOS="304" VPOS="2306" WIDTH="1712" HEIGHT="80">
						<String ID="P157_ST00155" HPOS="304" VPOS="2306" WIDTH="87" HEIGHT="61" CONTENT="die" WC="0.99" CC="030"/>
						<SP ID="P157_SP00138" HPOS="391" VPOS="2367" WIDTH="40"/>
						<String ID="P157_ST00156" HPOS="431" VPOS="2307" WIDTH="135" HEIGHT="62" CONTENT="mich" WC="1.00" CC="0200"/>
						<SP ID="P157_SP00139" HPOS="566" VPOS="2369" WIDTH="42"/>
						<String ID="P157_ST00157" HPOS="608" VPOS="2311" WIDTH="310" HEIGHT="62" CONTENT="ansteckte?" WC="0.99" CC="1404507544"/>
						<SP ID="P157_SP00140" HPOS="918" VPOS="2373" WIDTH="39"/>
						<String ID="P157_ST00158" HPOS="957" VPOS="2314" WIDTH="153" HEIGHT="62" CONTENT="War" WC="0.97" CC="006"/>
						<SP ID="P157_SP00141" HPOS="1110" VPOS="2376" WIDTH="39"/>
						<String ID="P157_ST00159" HPOS="1149" VPOS="2316" WIDTH="380" HEIGHT="65" CONTENT="Wassertrum" WC="0.99" CC="0500644060"/>
						<SP ID="P157_SP00142" HPOS="1529" VPOS="2381" WIDTH="40"/>
						<String ID="P157_ST00160" HPOS="1569" VPOS="2322" WIDTH="261" HEIGHT="63" CONTENT="vielleicht" WC="0.98" CC="0446754074"/>
						<SP ID="P157_SP00143" HPOS="1830" VPOS="2385" WIDTH="39"/>
						<String ID="P157_ST00161" HPOS="1869" VPOS="2324" WIDTH="147" HEIGHT="62" CONTENT="hier?" WC="0.97" CC="76560"/>
					</TextLine>
					<TextLine ID="P157_TL00019" HPOS="379" VPOS="2400" WIDTH="2159" HEIGHT="85">
						<String ID="P157_ST00162" HPOS="379" VPOS="2400" WIDTH="80" HEIGHT="61" CONTENT="Ich" WC="0.98" CC="600"/>
						<SP ID="P157_SP00144" HPOS="459" VPOS="2461" WIDTH="40"/>
						<String ID="P157_ST00163" HPOS="499" VPOS="2402" WIDTH="131" HEIGHT="78" CONTENT="griff" WC="0.99" CC="06200"/>
						<SP ID="P157_SP00145" HPOS="630" VPOS="2480" WIDTH="34"/>
						<String ID="P157_ST00164" HPOS="664" VPOS="2402" WIDTH="178" HEIGHT="64" CONTENT="hinter" WC="0.98" CC="060206"/>
						<SP ID="P157_SP00146" HPOS="842" VPOS="2480" WIDTH="40"/>
						<String ID="P157_ST00165" HPOS="882" VPOS="2406" WIDTH="91" HEIGHT="62" CONTENT="die" WC="0.99" CC="020"/>
						<SP ID="P157_SP00147" HPOS="973" VPOS="2480" WIDTH="43"/>
						<String ID="P157_ST00166" HPOS="1016" VPOS="2408" WIDTH="312" HEIGHT="76" CONTENT="Gardinen," WC="0.99" CC="006000024"/>
						<SP ID="P157_SP00148" HPOS="1328" VPOS="2484" WIDTH="43"/>
						<String ID="P157_ST00167" HPOS="1371" VPOS="2414" WIDTH="207" HEIGHT="62" CONTENT="öffnete" WC="0.99" CC="1114430"/>
						<SP ID="P157_SP00149" HPOS="1578" VPOS="2484" WIDTH="41"/>
						<String ID="P157_ST00168" HPOS="1619" VPOS="2415" WIDTH="107" HEIGHT="62" CONTENT="den" WC="1.00" CC="000"/>
						<SP ID="P157_SP00150" HPOS="1726" VPOS="2484" WIDTH="34"/>
						<String ID="P157_ST00169" HPOS="1760" VPOS="2416" WIDTH="241" HEIGHT="65" CONTENT="Schrank" WC="0.99" CC="0005009"/>
						<SP ID="P157_SP00151" HPOS="2001" VPOS="2484" WIDTH="142"/>
						<String ID="P157_ST00170" HPOS="2143" VPOS="2428" WIDTH="88" HEIGHT="53" CONTENT="ein" WC="0.96" CC="055"/>
						<SP ID="P157_SP00152" HPOS="2231" VPOS="2484" WIDTH="33"/>
						<String ID="P157_ST00171" HPOS="2264" VPOS="2421" WIDTH="146" HEIGHT="63" CONTENT="Blick" WC="0.99" CC="07000"/>
						<SP ID="P157_SP00153" HPOS="2410" VPOS="2484" WIDTH="41"/>
						<String ID="P157_ST00172" HPOS="2451" VPOS="2432" WIDTH="87" HEIGHT="53" CONTENT="ins" WC="0.97" CC="700"/>
					</TextLine>
					<TextLine ID="P157_TL00020" HPOS="306" VPOS="2491" WIDTH="898" HEIGHT="75">
						<String ID="P157_ST00173" HPOS="306" VPOS="2491" WIDTH="460" HEIGHT="68" CONTENT="Nebenzimmer:" WC="0.99" CC="457047100155"/>
						<SP ID="P157_SP00154" HPOS="766" VPOS="2559" WIDTH="158"/>
						<String ID="P157_ST00174" HPOS="924" VPOS="2503" WIDTH="280" HEIGHT="63" CONTENT="niemand." WC="0.99" CC="00404004"/>
					</TextLine>
					<TextLine ID="P157_TL00021" HPOS="377" VPOS="2585" WIDTH="1717" HEIGHT="82">
						<String ID="P157_ST00175" HPOS="377" VPOS="2585" WIDTH="164" HEIGHT="64" CONTENT="Auch" WC="0.98" CC="2007"/>
						<SP ID="P157_SP00155" HPOS="541" VPOS="2649" WIDTH="45"/>
						<String ID="P157_ST00176" HPOS="586" VPOS="2589" WIDTH="88" HEIGHT="62" CONTENT="die" WC="0.97" CC="035"/>
						<SP ID="P157_SP00156" HPOS="674" VPOS="2651" WIDTH="42"/>
						<String ID="P157_ST00177" HPOS="716" VPOS="2590" WIDTH="263" HEIGHT="65" CONTENT="Kassette" WC="1.00" CC="03000060"/>
						<SP ID="P157_SP00157" HPOS="979" VPOS="2655" WIDTH="41"/>
						<String ID="P157_ST00178" HPOS="1020" VPOS="2597" WIDTH="166" HEIGHT="61" CONTENT="stand" WC="0.98" CC="04550"/>
						<SP ID="P157_SP00158" HPOS="1186" VPOS="2658" WIDTH="42"/>
						<String ID="P157_ST00179" HPOS="1228" VPOS="2599" WIDTH="329" HEIGHT="63" CONTENT="unverrückt" WC="0.99" CC="6000660070"/>
						<SP ID="P157_SP00159" HPOS="1557" VPOS="2662" WIDTH="40"/>
						<String ID="P157_ST00180" HPOS="1597" VPOS="2625" WIDTH="71" HEIGHT="37" CONTENT="an" WC="0.44" CC="55"/>
						<SP ID="P157_SP00160" HPOS="1668" VPOS="2662" WIDTH="42"/>
						<String ID="P157_ST00181" HPOS="1710" VPOS="2602" WIDTH="172" HEIGHT="62" CONTENT="ihrem" WC="0.98" CC="07600"/>
						<SP ID="P157_SP00161" HPOS="1882" VPOS="2664" WIDTH="40"/>
						<String ID="P157_ST00182" HPOS="1922" VPOS="2604" WIDTH="172" HEIGHT="63" CONTENT="Platz," WC="0.98" CC="070473"/>
					</TextLine>
					<TextLine ID="P157_TL00022" HPOS="377" VPOS="2679" WIDTH="2159" HEIGHT="87">
						<String ID="P157_ST00183" HPOS="377" VPOS="2679" WIDTH="99" HEIGHT="63" CONTENT="Ob" WC="0.63" CC="07"/>
						<SP ID="P157_SP00162" HPOS="476" VPOS="2742" WIDTH="49"/>
						<String ID="P157_ST00184" HPOS="525" VPOS="2705" WIDTH="61" HEIGHT="38" CONTENT="es" WC="0.62" CC="70"/>
						<SP ID="P157_SP00163" HPOS="586" VPOS="2743" WIDTH="50"/>
						<String ID="P157_ST00185" HPOS="636" VPOS="2684" WIDTH="141" HEIGHT="61" CONTENT="nicht" WC="0.98" CC="04076"/>
						<SP ID="P157_SP00164" HPOS="777" VPOS="2745" WIDTH="48"/>
						<String ID="P157_ST00186" HPOS="825" VPOS="2710" WIDTH="92" HEIGHT="38" CONTENT="am" WC="1.00" CC="00"/>
						<SP ID="P157_SP00165" HPOS="917" VPOS="2748" WIDTH="49"/>
						<String ID="P157_ST00187" HPOS="966" VPOS="2688" WIDTH="194" HEIGHT="62" CONTENT="besten" WC="0.98" CC="073370"/>
						<SP ID="P157_SP00166" HPOS="1160" VPOS="2750" WIDTH="42"/>
						<String ID="P157_ST00188" HPOS="1202" VPOS="2715" WIDTH="140" HEIGHT="48" CONTENT="war," WC="0.97" CC="0074"/>
						<SP ID="P157_SP00167" HPOS="1342" VPOS="2763" WIDTH="50"/>
						<String ID="P157_ST00189" HPOS="1392" VPOS="2693" WIDTH="76" HEIGHT="61" CONTENT="ich" WC="0.97" CC="107"/>
						<SP ID="P157_SP00168" HPOS="1468" VPOS="2763" WIDTH="40"/>
						<String ID="P157_ST00190" HPOS="1508" VPOS="2695" WIDTH="334" HEIGHT="63" CONTENT="verbrannte" WC="0.99" CC="0070007720"/>
						<SP ID="P157_SP00169" HPOS="1842" VPOS="2763" WIDTH="41"/>
						<String ID="P157_ST00191" HPOS="1883" VPOS="2698" WIDTH="89" HEIGHT="60" CONTENT="die" WC="0.99" CC="020"/>
						<SP ID="P157_SP00170" HPOS="1972" VPOS="2763" WIDTH="36"/>
						<String ID="P157_ST00192" HPOS="2008" VPOS="2698" WIDTH="181" HEIGHT="61" CONTENT="Briefe" WC="0.99" CC="070700"/>
						<SP ID="P157_SP00171" HPOS="2189" VPOS="2763" WIDTH="41"/>
						<String ID="P157_ST00193" HPOS="2230" VPOS="2700" WIDTH="136" HEIGHT="63" CONTENT="kurz" WC="0.99" CC="0006"/>
						<SP ID="P157_SP00172" HPOS="2366" VPOS="2763" WIDTH="42"/>
						<String ID="P157_ST00194" HPOS="2408" VPOS="2720" WIDTH="128" HEIGHT="46" CONTENT="ent*" WC="0.97" CC="9004"/>
					</TextLine>
					<TextLine ID="P157_TL00023" HPOS="301" VPOS="2772" WIDTH="1983" HEIGHT="94">
						<String ID="P157_ST00195" HPOS="301" VPOS="2772" WIDTH="289" HEIGHT="76" CONTENT="schlossen," WC="0.99" CC="0976500204"/>
						<SP ID="P157_SP00173" HPOS="590" VPOS="2848" WIDTH="43"/>
						<String ID="P157_ST00196" HPOS="633" VPOS="2801" WIDTH="97" HEIGHT="37" CONTENT="um" WC="0.67" CC="60"/>
						<SP ID="P157_SP00174" HPOS="730" VPOS="2848" WIDTH="42"/>
						<String ID="P157_ST00197" HPOS="772" VPOS="2787" WIDTH="87" HEIGHT="54" CONTENT="ein" WC="0.99" CC="030"/>
						<SP ID="P157_SP00175" HPOS="859" VPOS="2848" WIDTH="45"/>
						<String ID="P157_ST00198" HPOS="904" VPOS="2781" WIDTH="89" HEIGHT="61" CONTENT="für" WC="0.97" CC="106"/>
						<SP ID="P157_SP00176" HPOS="993" VPOS="2848" WIDTH="40"/>
						<String ID="P157_ST00199" HPOS="1033" VPOS="2783" WIDTH="218" HEIGHT="63" CONTENT="allemal" WC="0.98" CC="0773007"/>
						<SP ID="P157_SP00177" HPOS="1251" VPOS="2848" WIDTH="40"/>
						<String ID="P157_ST00200" HPOS="1291" VPOS="2786" WIDTH="90" HEIGHT="61" CONTENT="die" WC="0.95" CC="056"/>
						<SP ID="P157_SP00178" HPOS="1381" VPOS="2848" WIDTH="41"/>
						<String ID="P157_ST00201" HPOS="1422" VPOS="2786" WIDTH="178" HEIGHT="80" CONTENT="Sorge" WC="0.98" CC="24600"/>
						<SP ID="P157_SP00179" HPOS="1600" VPOS="2866" WIDTH="41"/>
						<String ID="P157_ST00202" HPOS="1641" VPOS="2813" WIDTH="95" HEIGHT="38" CONTENT="um" WC="1.00" CC="00"/>
						<SP ID="P157_SP00180" HPOS="1736" VPOS="2866" WIDTH="39"/>
						<String ID="P157_ST00203" HPOS="1775" VPOS="2799" WIDTH="80" HEIGHT="53" CONTENT="sie" WC="0.98" CC="060"/>
						<SP ID="P157_SP00181" HPOS="1855" VPOS="2866" WIDTH="40"/>
						<String ID="P157_ST00204" HPOS="1895" VPOS="2790" WIDTH="85" HEIGHT="62" CONTENT="los" WC="0.96" CC="720"/>
						<SP ID="P157_SP00182" HPOS="1980" VPOS="2866" WIDTH="39"/>
						<String ID="P157_ST00205" HPOS="2019" VPOS="2815" WIDTH="74" HEIGHT="37" CONTENT="zu" WC="0.30" CC="76"/>
						<SP ID="P157_SP00183" HPOS="2093" VPOS="2866" WIDTH="38"/>
						<String ID="P157_ST00206" HPOS="2131" VPOS="2794" WIDTH="153" HEIGHT="61" CONTENT="sein?" WC="1.00" CC="01100"/>
					</TextLine>
					<TextLine ID="P157_TL00024" HPOS="373" VPOS="2865" WIDTH="1941" HEIGHT="85">
						<String ID="P157_ST00207" HPOS="373" VPOS="2865" WIDTH="179" HEIGHT="63" CONTENT="Schon" WC="0.98" CC="60032"/>
						<SP ID="P157_SP00184" HPOS="552" VPOS="2928" WIDTH="33"/>
						<String ID="P157_ST00208" HPOS="585" VPOS="2871" WIDTH="184" HEIGHT="62" CONTENT="suchte" WC="0.98" CC="007055"/>
						<SP ID="P157_SP00185" HPOS="769" VPOS="2933" WIDTH="42"/>
						<String ID="P157_ST00209" HPOS="811" VPOS="2874" WIDTH="76" HEIGHT="61" CONTENT="ich" WC="1.00" CC="000"/>
						<SP ID="P157_SP00186" HPOS="887" VPOS="2935" WIDTH="35"/>
						<String ID="P157_ST00210" HPOS="922" VPOS="2877" WIDTH="133" HEIGHT="59" CONTENT="nach" WC="0.99" CC="5000"/>
						<SP ID="P157_SP00187" HPOS="1055" VPOS="2936" WIDTH="36"/>
						<String ID="P157_ST00211" HPOS="1091" VPOS="2877" WIDTH="128" HEIGHT="61" CONTENT="dem" WC="1.00" CC="000"/>
						<SP ID="P157_SP00188" HPOS="1219" VPOS="2938" WIDTH="33"/>
						<String ID="P157_ST00212" HPOS="1252" VPOS="2879" WIDTH="269" HEIGHT="63" CONTENT="Schlüssel" WC="0.99" CC="590700007"/>
						<SP ID="P157_SP00189" HPOS="1521" VPOS="2942" WIDTH="41"/>
						<String ID="P157_ST00213" HPOS="1562" VPOS="2891" WIDTH="53" HEIGHT="51" CONTENT="in" WC="0.71" CC="50"/>
						<SP ID="P157_SP00190" HPOS="1615" VPOS="2942" WIDTH="34"/>
						<String ID="P157_ST00214" HPOS="1649" VPOS="2891" WIDTH="207" HEIGHT="54" CONTENT="meiner" WC="0.99" CC="000045"/>
						<SP ID="P157_SP00191" HPOS="1856" VPOS="2945" WIDTH="31"/>
						<String ID="P157_ST00215" HPOS="1887" VPOS="2884" WIDTH="427" HEIGHT="66" CONTENT="Westentasche" WC="1.00" CC="030040400000"/>
						<SP ID="P157_SP00192" HPOS="2314" VPOS="2950" WIDTH="0"/>
					</TextLine>
					<TextLine ID="P157_TL00025" HPOS="299" VPOS="2956" WIDTH="2236" HEIGHT="97">
						<String ID="P157_ST00216" HPOS="299" VPOS="2956" WIDTH="129" HEIGHT="64" CONTENT="aber" WC="0.96" CC="7056"/>
						<SP ID="P157_SP00193" HPOS="428" VPOS="3020" WIDTH="47"/>
						<String ID="P157_ST00217" HPOS="475" VPOS="2964" WIDTH="189" HEIGHT="62" CONTENT="mußte" WC="0.99" CC="00036"/>
						<SP ID="P157_SP00194" HPOS="664" VPOS="3026" WIDTH="51"/>
						<String ID="P157_ST00218" HPOS="715" VPOS="2989" WIDTH="59" HEIGHT="38" CONTENT="es" WC="0.84" CC="03"/>
						<SP ID="P157_SP00195" HPOS="774" VPOS="3027" WIDTH="50"/>
						<String ID="P157_ST00219" HPOS="824" VPOS="2968" WIDTH="147" HEIGHT="61" CONTENT="denn" WC="0.97" CC="0056"/>
						<SP ID="P157_SP00196" HPOS="971" VPOS="3029" WIDTH="49"/>
						<String ID="P157_ST00220" HPOS="1020" VPOS="2979" WIDTH="132" HEIGHT="67" CONTENT="jetzt" WC="0.96" CC="74473"/>
						<SP ID="P157_SP00197" HPOS="1152" VPOS="3046" WIDTH="47"/>
						<String ID="P157_ST00221" HPOS="1199" VPOS="2973" WIDTH="163" HEIGHT="77" CONTENT="gleich" WC="0.98" CC="070407"/>
						<SP ID="P157_SP00198" HPOS="1362" VPOS="3050" WIDTH="58"/>
						<String ID="P157_ST00222" HPOS="1420" VPOS="2975" WIDTH="331" HEIGHT="78" CONTENT="geschehen?" WC="1.00" CC="0000006240"/>
						<SP ID="P157_SP00199" HPOS="1751" VPOS="3053" WIDTH="161"/>
						<String ID="P157_ST00223" HPOS="1912" VPOS="2978" WIDTH="88" HEIGHT="61" CONTENT="Es" WC="0.65" CC="60"/>
						<SP ID="P157_SP00200" HPOS="2000" VPOS="3053" WIDTH="47"/>
						<String ID="P157_ST00224" HPOS="2047" VPOS="2979" WIDTH="145" HEIGHT="62" CONTENT="blieb" WC="0.97" CC="77307"/>
						<SP ID="P157_SP00201" HPOS="2192" VPOS="3053" WIDTH="49"/>
						<String ID="P157_ST00225" HPOS="2241" VPOS="2989" WIDTH="104" HEIGHT="54" CONTENT="mir" WC="0.95" CC="047"/>
						<SP ID="P157_SP00202" HPOS="2345" VPOS="3053" WIDTH="49"/>
						<String ID="P157_ST00226" HPOS="2394" VPOS="2983" WIDTH="141" HEIGHT="62" CONTENT="doch" WC="0.94" CC="9187"/>
					</TextLine>
					<TextLine ID="P157_TL00026" HPOS="297" VPOS="3049" WIDTH="931" HEIGHT="93">
						<String ID="P157_ST00227" HPOS="297" VPOS="3049" WIDTH="127" HEIGHT="65" CONTENT="2eit" WC="0.52" CC="4454"/>
						<SP ID="P157_SP00203" HPOS="424" VPOS="3114" WIDTH="38"/>
						<String ID="P157_ST00228" HPOS="462" VPOS="3079" WIDTH="187" HEIGHT="57" CONTENT="genug" WC="0.99" CC="04300"/>
						<SP ID="P157_SP00204" HPOS="649" VPOS="3136" WIDTH="38"/>
						<String ID="P157_ST00229" HPOS="687" VPOS="3059" WIDTH="85" HEIGHT="64" CONTENT="bis" WC="0.98" CC="060"/>
						<SP ID="P157_SP00205" HPOS="772" VPOS="3136" WIDTH="40"/>
						<String ID="P157_ST00230" HPOS="812" VPOS="3086" WIDTH="230" HEIGHT="56" CONTENT="morgen" WC="0.99" CC="047000"/>
						<SP ID="P157_SP00206" HPOS="1042" VPOS="3142" WIDTH="45"/>
						<String ID="P157_ST00231" HPOS="1087" VPOS="3064" WIDTH="141" HEIGHT="64" CONTENT="früh." WC="0.97" CC="66064"/>
					</TextLine>
					<TextLine ID="P157_TL00027" HPOS="369" VPOS="3145" WIDTH="836" HEIGHT="75">
						<String ID="P157_ST00232" HPOS="369" VPOS="3145" WIDTH="135" HEIGHT="64" CONTENT="Erst" WC="0.98" CC="0306"/>
						<SP ID="P157_SP00207" HPOS="504" VPOS="3209" WIDTH="38"/>
						<String ID="P157_ST00233" HPOS="542" VPOS="3150" WIDTH="155" HEIGHT="64" CONTENT="Licht" WC="0.97" CC="56071"/>
						<SP ID="P157_SP00208" HPOS="697" VPOS="3214" WIDTH="39"/>
						<String ID="P157_ST00234" HPOS="736" VPOS="3156" WIDTH="248" HEIGHT="62" CONTENT="machen!" WC="1.00" CC="0000202"/>
						<SP ID="P157_SP00209" HPOS="984" VPOS="3218" WIDTH="42"/>
						<String ID="P157_ST00235" HPOS="1026" VPOS="3158" WIDTH="179" HEIGHT="62" CONTENT="Nein!" WC="0.99" CC="00500"/>
					</TextLine>
					<TextLine ID="P157_TL00028" HPOS="371" VPOS="3238" WIDTH="1311" HEIGHT="81">
						<String ID="P157_ST00236" HPOS="371" VPOS="3238" WIDTH="80" HEIGHT="61" CONTENT="Ich" WC="0.98" CC="400"/>
						<SP ID="P157_SP00210" HPOS="451" VPOS="3299" WIDTH="40"/>
						<String ID="P157_ST00237" HPOS="491" VPOS="3241" WIDTH="208" HEIGHT="66" CONTENT="konnte" WC="0.98" CC="810350"/>
						<SP ID="P157_SP00211" HPOS="699" VPOS="3307" WIDTH="41"/>
						<String ID="P157_ST00238" HPOS="740" VPOS="3247" WIDTH="89" HEIGHT="62" CONTENT="die" WC="0.98" CC="050"/>
						<SP ID="P157_SP00212" HPOS="829" VPOS="3309" WIDTH="42"/>
						<String ID="P157_ST00239" HPOS="871" VPOS="3248" WIDTH="396" HEIGHT="66" CONTENT="Streichhölzer" WC="0.99" CC="2660607707206"/>
						<SP ID="P157_SP00213" HPOS="1267" VPOS="3314" WIDTH="40"/>
						<String ID="P157_ST00240" HPOS="1307" VPOS="3255" WIDTH="138" HEIGHT="61" CONTENT="nicht" WC="0.99" CC="04004"/>
						<SP ID="P157_SP00214" HPOS="1445" VPOS="3316" WIDTH="39"/>
						<String ID="P157_ST00241" HPOS="1484" VPOS="3255" WIDTH="198" HEIGHT="64" CONTENT="finden." WC="1.00" CC="0000004"/>
					</TextLine>
					<TextLine ID="P157_TL00029" HPOS="371" VPOS="3331" WIDTH="2156" HEIGHT="99">
						<String ID="P157_ST00242" HPOS="371" VPOS="3331" WIDTH="138" HEIGHT="65" CONTENT="War" WC="0.98" CC="004"/>
						<SP ID="P157_SP00215" HPOS="509" VPOS="3396" WIDTH="49"/>
						<String ID="P157_ST00243" HPOS="558" VPOS="3338" WIDTH="89" HEIGHT="61" CONTENT="die" WC="1.00" CC="000"/>
						<SP ID="P157_SP00216" HPOS="647" VPOS="3399" WIDTH="49"/>
						<String ID="P157_ST00244" HPOS="696" VPOS="3336" WIDTH="155" HEIGHT="67" CONTENT="Türe" WC="0.97" CC="6070"/>
						<SP ID="P157_SP00217" HPOS="851" VPOS="3403" WIDTH="50"/>
						<String ID="P157_ST00245" HPOS="901" VPOS="3345" WIDTH="352" HEIGHT="80" CONTENT="abgesperrt?" WC="0.99" CC="57050007600"/>
						<SP ID="P157_SP00218" HPOS="1253" VPOS="3425" WIDTH="170"/>
						<String ID="P157_ST00246" HPOS="1423" VPOS="3349" WIDTH="83" HEIGHT="61" CONTENT="lch" WC="0.97" CC="070"/>
						<SP ID="P157_SP00219" HPOS="1506" VPOS="3425" WIDTH="47"/>
						<String ID="P157_ST00247" HPOS="1553" VPOS="3359" WIDTH="131" HEIGHT="70" CONTENT="ging" WC="0.99" CC="0600"/>
						<SP ID="P157_SP00220" HPOS="1684" VPOS="3429" WIDTH="47"/>
						<String ID="P157_ST00248" HPOS="1731" VPOS="3359" WIDTH="86" HEIGHT="53" CONTENT="ein" WC="0.98" CC="050"/>
						<SP ID="P157_SP00221" HPOS="1817" VPOS="3429" WIDTH="48"/>
						<String ID="P157_ST00249" HPOS="1865" VPOS="3375" WIDTH="140" HEIGHT="55" CONTENT="paar" WC="0.99" CC="0006"/>
						<SP ID="P157_SP00222" HPOS="2005" VPOS="3430" WIDTH="38"/>
						<String ID="P157_ST00250" HPOS="2043" VPOS="3352" WIDTH="224" HEIGHT="65" CONTENT="Schritte" WC="0.98" CC="29064467"/>
						<SP ID="P157_SP00223" HPOS="2267" VPOS="3430" WIDTH="39"/>
						<String ID="P157_ST00251" HPOS="2306" VPOS="3361" WIDTH="221" HEIGHT="61" CONTENT="zurück." WC="0.98" CC="7660074"/>
					</TextLine>
					<TextLine ID="P157_TL00030" HPOS="294" VPOS="3420" WIDTH="652" HEIGHT="80">
						<String ID="P157_ST00252" HPOS="294" VPOS="3420" WIDTH="151" HEIGHT="66" CONTENT="Blieb" WC="0.98" CC="55250"/>
						<SP ID="P157_SP00224" HPOS="445" VPOS="3486" WIDTH="41"/>
						<String ID="P157_ST00253" HPOS="486" VPOS="3432" WIDTH="208" HEIGHT="61" CONTENT="wieder" WC="0.99" CC="006006"/>
						<SP ID="P157_SP00225" HPOS="694" VPOS="3493" WIDTH="40"/>
						<String ID="P157_ST00254" HPOS="734" VPOS="3437" WIDTH="212" HEIGHT="63" CONTENT="stehen." WC="0.98" CC="0657043"/>
					</TextLine>
					<TextLine ID="P157_TL00031" HPOS="368" VPOS="3516" WIDTH="1113" HEIGHT="98">
						<String ID="P157_ST00255" HPOS="368" VPOS="3516" WIDTH="244" HEIGHT="69" CONTENT="Warum" WC="0.99" CC="00500"/>
						<SP ID="P157_SP00226" HPOS="612" VPOS="3585" WIDTH="42"/>
						<String ID="P157_ST00256" HPOS="654" VPOS="3537" WIDTH="99" HEIGHT="52" CONTENT="mit" WC="0.98" CC="005"/>
						<SP ID="P157_SP00227" HPOS="753" VPOS="3589" WIDTH="40"/>
						<String ID="P157_ST00257" HPOS="793" VPOS="3534" WIDTH="295" HEIGHT="60" CONTENT="einemmal" WC="0.91" CC="00600000"/>
						<SP ID="P157_SP00228" HPOS="1088" VPOS="3594" WIDTH="41"/>
						<String ID="P157_ST00258" HPOS="1129" VPOS="3537" WIDTH="87" HEIGHT="59" CONTENT="die" WC="0.97" CC="035"/>
						<SP ID="P157_SP00229" HPOS="1216" VPOS="3596" WIDTH="41"/>
						<String ID="P157_ST00259" HPOS="1257" VPOS="3535" WIDTH="224" HEIGHT="79" CONTENT="Angst?" WC="1.00" CC="100050"/>
					</TextLine>
					<TextLine ID="P157_TL00032" HPOS="368" VPOS="3609" WIDTH="2164" HEIGHT="102">
						<String ID="P157_ST00260" HPOS="368" VPOS="3609" WIDTH="81" HEIGHT="63" CONTENT="Ich" WC="0.95" CC="707"/>
						<SP ID="P157_SP00230" HPOS="449" VPOS="3672" WIDTH="57"/>
						<String ID="P157_ST00261" HPOS="506" VPOS="3618" WIDTH="190" HEIGHT="63" CONTENT="wollte" WC="0.98" CC="050740"/>
						<SP ID="P157_SP00231" HPOS="696" VPOS="3681" WIDTH="48"/>
						<String ID="P157_ST00262" HPOS="744" VPOS="3632" WIDTH="104" HEIGHT="52" CONTENT="mir" WC="0.96" CC="026"/>
						<SP ID="P157_SP00232" HPOS="848" VPOS="3684" WIDTH="47"/>
						<String ID="P157_ST00263" HPOS="895" VPOS="3625" WIDTH="306" HEIGHT="64" CONTENT="Vorwürfe" WC="0.99" CC="00600660"/>
						<SP ID="P157_SP00233" HPOS="1201" VPOS="3689" WIDTH="47"/>
						<String ID="P157_ST00264" HPOS="1248" VPOS="3629" WIDTH="243" HEIGHT="73" CONTENT="machen," WC="1.00" CC="0000004"/>
						<SP ID="P157_SP00234" HPOS="1491" VPOS="3702" WIDTH="59"/>
						<String ID="P157_ST00265" HPOS="1550" VPOS="3629" WIDTH="110" HEIGHT="62" CONTENT="daß" WC="1.00" CC="000"/>
						<SP ID="P157_SP00235" HPOS="1660" VPOS="3702" WIDTH="48"/>
						<String ID="P157_ST00266" HPOS="1708" VPOS="3632" WIDTH="77" HEIGHT="59" CONTENT="ich" WC="0.97" CC="600"/>
						<SP ID="P157_SP00236" HPOS="1785" VPOS="3702" WIDTH="51"/>
						<String ID="P157_ST00267" HPOS="1836" VPOS="3632" WIDTH="108" HEIGHT="79" CONTENT="feig" WC="0.97" CC="6430"/>
						<SP ID="P157_SP00237" HPOS="1944" VPOS="3711" WIDTH="47"/>
						<String ID="P157_ST00268" HPOS="1991" VPOS="3642" WIDTH="97" HEIGHT="63" CONTENT="sei," WC="0.98" CC="0064"/>
						<SP ID="P157_SP00238" HPOS="2088" VPOS="3711" WIDTH="176"/>
						<String ID="P157_ST00269" HPOS="2264" VPOS="3637" WIDTH="92" HEIGHT="62" CONTENT="die" WC="0.97" CC="052"/>
						<SP ID="P157_SP00239" HPOS="2356" VPOS="3711" WIDTH="44"/>
						<String ID="P157_ST00270" HPOS="2400" VPOS="3638" WIDTH="132" HEIGHT="64" CONTENT="Ge*" WC="0.98" CC="004"/>
					</TextLine>
					<TextLine ID="P157_TL00033" HPOS="293" VPOS="3700" WIDTH="1297" HEIGHT="85">
						<String ID="P157_ST00271" HPOS="293" VPOS="3700" WIDTH="212" HEIGHT="68" CONTENT="danken" WC="0.98" CC="904600"/>
						<SP ID="P157_SP00240" HPOS="505" VPOS="3768" WIDTH="42"/>
						<String ID="P157_ST00272" HPOS="547" VPOS="3711" WIDTH="219" HEIGHT="66" CONTENT="blieben" WC="0.99" CC="7000760"/>
						<SP ID="P157_SP00241" HPOS="766" VPOS="3777" WIDTH="40"/>
						<String ID="P157_ST00273" HPOS="806" VPOS="3718" WIDTH="234" HEIGHT="64" CONTENT="stecken." WC="0.99" CC="34000603"/>
						<SP ID="P157_SP00242" HPOS="1040" VPOS="3782" WIDTH="42"/>
						<String ID="P157_ST00274" HPOS="1082" VPOS="3722" WIDTH="202" HEIGHT="61" CONTENT="Mitten" WC="0.98" CC="230720"/>
						<SP ID="P157_SP00243" HPOS="1284" VPOS="3783" WIDTH="42"/>
						<String ID="P157_ST00275" HPOS="1326" VPOS="3731" WIDTH="73" HEIGHT="52" CONTENT="im" WC="0.68" CC="60"/>
						<SP ID="P157_SP00244" HPOS="1399" VPOS="3783" WIDTH="41"/>
						<String ID="P157_ST00276" HPOS="1440" VPOS="3723" WIDTH="150" HEIGHT="62" CONTENT="Satz," WC="0.97" CC="34370"/>
					</TextLine>
					<TextLine ID="P157_TL00034" HPOS="367" VPOS="3796" WIDTH="2163" HEIGHT="99">
						<String ID="P157_ST00277" HPOS="367" VPOS="3796" WIDTH="147" HEIGHT="66" CONTENT="Eine" WC="0.98" CC="1402"/>
						<SP ID="P157_SP00245" HPOS="514" VPOS="3862" WIDTH="32"/>
						<String ID="P157_ST00278" HPOS="546" VPOS="3807" WIDTH="392" HEIGHT="83" CONTENT="wahnwitzige" WC="0.99" CC="01700546600"/>
						<SP ID="P157_SP00246" HPOS="938" VPOS="3890" WIDTH="33"/>
						<String ID="P157_ST00279" HPOS="971" VPOS="3813" WIDTH="130" HEIGHT="61" CONTENT="Idee" WC="0.98" CC="3060"/>
						<SP ID="P157_SP00247" HPOS="1101" VPOS="3890" WIDTH="32"/>
						<String ID="P157_ST00280" HPOS="1133" VPOS="3815" WIDTH="222" HEIGHT="61" CONTENT="überfiel" WC="0.99" CC="07560007"/>
						<SP ID="P157_SP00248" HPOS="1355" VPOS="3890" WIDTH="32"/>
						<String ID="P157_ST00281" HPOS="1387" VPOS="3816" WIDTH="134" HEIGHT="61" CONTENT="mich" WC="0.98" CC="0107"/>
						<SP ID="P157_SP00249" HPOS="1521" VPOS="3890" WIDTH="32"/>
						<String ID="P157_ST00282" HPOS="1553" VPOS="3817" WIDTH="268" HEIGHT="78" CONTENT="plötzlich:" WC="0.99" CC="0703674002"/>
						<SP ID="P157_SP00250" HPOS="1821" VPOS="3895" WIDTH="42"/>
						<String ID="P157_ST00283" HPOS="1863" VPOS="3820" WIDTH="195" HEIGHT="73" CONTENT="Rasch," WC="0.99" CC="110004"/>
						<SP ID="P157_SP00251" HPOS="2058" VPOS="3895" WIDTH="44"/>
						<String ID="P157_ST00284" HPOS="2102" VPOS="3824" WIDTH="151" HEIGHT="61" CONTENT="rasch" WC="0.98" CC="55000"/>
						<SP ID="P157_SP00252" HPOS="2253" VPOS="3895" WIDTH="34"/>
						<String ID="P157_ST00285" HPOS="2287" VPOS="3826" WIDTH="107" HEIGHT="62" CONTENT="auf" WC="0.95" CC="066"/>
						<SP ID="P157_SP00253" HPOS="2394" VPOS="3895" WIDTH="25"/>
						<String ID="P157_ST00286" HPOS="2419" VPOS="3829" WIDTH="111" HEIGHT="62" CONTENT="den" WC="0.96" CC="026"/>
					</TextLine>
					<TextLine ID="P157_TL00035" HPOS="303" VPOS="3891" WIDTH="2228" HEIGHT="96">
						<String ID="P157_ST00287" HPOS="303" VPOS="3891" WIDTH="142" HEIGHT="61" CONTENT="tisch" WC="0.99" CC="00600"/>
						<SP ID="P157_SP00254" HPOS="445" VPOS="3952" WIDTH="33"/>
						<String ID="P157_ST00288" HPOS="478" VPOS="3904" WIDTH="211" HEIGHT="71" CONTENT="steigen" WC="0.98" CC="0407045"/>
						<SP ID="P157_SP00255" HPOS="689" VPOS="3975" WIDTH="145"/>
						<String ID="P157_ST00289" HPOS="834" VPOS="3914" WIDTH="160" HEIGHT="53" CONTENT="einen" WC="1.00" CC="03000"/>
						<SP ID="P157_SP00256" HPOS="994" VPOS="3975" WIDTH="34"/>
						<String ID="P157_ST00290" HPOS="1028" VPOS="3906" WIDTH="186" HEIGHT="64" CONTENT="Sessel" WC="0.98" CC="550007"/>
						<SP ID="P157_SP00257" HPOS="1214" VPOS="3975" WIDTH="30"/>
						<String ID="P157_ST00291" HPOS="1244" VPOS="3909" WIDTH="205" HEIGHT="78" CONTENT="packen" WC="0.99" CC="040700"/>
						<SP ID="P157_SP00258" HPOS="1449" VPOS="3987" WIDTH="34"/>
						<String ID="P157_ST00292" HPOS="1483" VPOS="3911" WIDTH="117" HEIGHT="61" CONTENT="und" WC="1.00" CC="000"/>
						<SP ID="P157_SP00259" HPOS="1600" VPOS="3987" WIDTH="32"/>
						<String ID="P157_ST00293" HPOS="1632" VPOS="3935" WIDTH="73" HEIGHT="38" CONTENT="zu" WC="0.64" CC="70"/>
						<SP ID="P157_SP00260" HPOS="1705" VPOS="3987" WIDTH="33"/>
						<String ID="P157_ST00294" HPOS="1738" VPOS="3921" WIDTH="102" HEIGHT="54" CONTENT="mir" WC="0.97" CC="006"/>
						<SP ID="P157_SP00261" HPOS="1840" VPOS="3987" WIDTH="32"/>
						<String ID="P157_ST00295" HPOS="1872" VPOS="3914" WIDTH="393" HEIGHT="66" CONTENT="hinaufziehen" WC="0.99" CC="754055720603"/>
						<SP ID="P157_SP00262" HPOS="2265" VPOS="3987" WIDTH="145"/>
						<String ID="P157_ST00296" HPOS="2410" VPOS="3924" WIDTH="121" HEIGHT="62" CONTENT="und" WC="0.95" CC="309"/>
					</TextLine>
				</TextBlock>
				<TextBlock ID="P157_TB00004" HPOS="1266" VPOS="663" WIDTH="334" HEIGHT="188" STYLEREFS="TXT_2 PAR_LEFT">
					<TextLine ID="P157_TL00036" HPOS="1366" VPOS="664" WIDTH="123" HEIGHT="65">
						<String ID="P157_ST00297" HPOS="1366" VPOS="664" WIDTH="123" HEIGHT="65" CONTENT="XII." WC="0.77" CC="0404"/>
					</TextLine>
					<TextLine ID="P157_TL00037" HPOS="1267" VPOS="786" WIDTH="333" HEIGHT="65">
						<String ID="P157_ST00298" HPOS="1267" VPOS="786" WIDTH="333" HEIGHT="65" CONTENT="ANGST" WC="0.99" CC="00026"/>
					</TextLine>
				</TextBlock>
			</PrintSpace>
		</Page>
	</Layout>
</alto>
